datetime,bid,ask,open_interest,volume
2023-11-08 09:30:04,23,33,409,465
2023-11-08 09:30:05,23,31,409,465
2023-11-08 09:31:00,24,31,409,465
2023-11-08 09:31:00,24,28,409,465
2023-11-08 09:31:00,24,27,409,465
2023-11-08 09:31:00,24,26,409,465
2023-11-08 09:31:01,23,26,409,465
2023-11-08 09:31:02,23,25,409,465
2023-11-08 09:31:03,23,26,409,465
2023-11-08 09:31:04,23,25,409,465
2023-11-08 09:31:07,23,26,409,465
2023-11-08 09:31:11,23,25,409,465
2023-11-08 09:31:20,23,26,409,465
2023-11-08 09:31:21,24,26,409,465
2023-11-08 09:31:23,24,27,409,465
2023-11-08 09:31:25,24,28,409,465
2023-11-08 09:31:25,24,27,409,465
2023-11-08 09:31:26,24,27,409,465
2023-11-08 09:31:27,24,28,409,465
2023-11-08 09:31:27,25,27,409,465
2023-11-08 09:31:30,24,27,409,465
2023-11-08 09:31:31,25,27,409,465
2023-11-08 09:31:32,24,27,409,465
2023-11-08 09:31:33,25,27,409,465
2023-11-08 09:31:35,25,28,409,465
2023-11-08 09:31:38,25,27,409,465
2023-11-08 09:31:39,24,27,409,465
2023-11-08 09:31:45,23,27,409,465
2023-11-08 09:31:47,24,26,409,465
2023-11-08 09:31:48,24,27,409,465
2023-11-08 09:31:50,23,27,409,465
2023-11-08 09:31:50,23,26,409,465
2023-11-08 09:32:09,23,25,409,465
2023-11-08 09:32:27,23,24,409,465
2023-11-08 09:32:29,22,24,405,469
2023-11-08 09:32:30,22,24,465,529
2023-11-08 09:32:59,21,24,465,529
2023-11-08 09:33:01,22,24,465,529
2023-11-08 09:33:09,21,24,465,529
2023-11-08 09:33:12,22,24,465,529
2023-11-08 09:33:23,21,24,465,529
2023-11-08 09:33:31,22,24,465,529
2023-11-08 09:33:41,22,25,465,529
2023-11-08 09:33:41,23,25,465,529
2023-11-08 09:33:46,22,25,465,529
2023-11-08 09:33:54,23,25,465,529
2023-11-08 09:33:59,23,26,465,529
2023-11-08 09:34:00,23,25,465,529
2023-11-08 09:34:33,22,25,465,529
2023-11-08 09:34:41,22,24,465,529
2023-11-08 09:34:51,21,24,465,529
2023-11-08 09:35:08,21,23,465,529
2023-11-08 09:35:22,21,24,465,529
2023-11-08 09:35:22,21,23,465,529
2023-11-08 09:35:28,21,24,465,529
2023-11-08 09:35:29,22,24,465,529
2023-11-08 09:35:29,22,24,525,589
2023-11-08 09:35:33,21,24,525,589
2023-11-08 09:35:34,22,24,525,589
2023-11-08 09:35:38,21,24,525,589
2023-11-08 09:35:46,22,24,525,589
2023-11-08 09:35:55,22,25,525,589
2023-11-08 09:36:02,23,25,525,589
2023-11-08 09:36:07,22,25,525,589
2023-11-08 09:36:18,22,24,525,589
2023-11-08 09:36:21,22,25,525,589
2023-11-08 09:36:22,22,24,525,589
2023-11-08 09:36:23,22,25,525,589
2023-11-08 09:36:27,23,25,525,589
2023-11-08 09:36:29,22,25,525,589
2023-11-08 09:36:34,23,25,525,589
2023-11-08 09:36:36,23,26,525,589
2023-11-08 09:36:37,24,26,525,589
2023-11-08 09:36:49,24,27,525,589
2023-11-08 09:36:49,25,27,525,589
2023-11-08 09:37:13,26,27,525,589
2023-11-08 09:37:13,26,27,645,709
2023-11-08 09:37:14,25,27,645,709
2023-11-08 09:37:19,25,28,645,709
2023-11-08 09:37:20,26,28,645,709
2023-11-08 09:37:49,25,28,645,709
2023-11-08 09:37:50,26,28,645,709
2023-11-08 09:37:53,25,28,645,709
2023-11-08 09:38:08,25,27,645,709
2023-11-08 09:38:22,24,27,645,709
2023-11-08 09:38:32,25,27,645,709
2023-11-08 09:38:37,24,27,645,709
2023-11-08 09:38:46,24,26,645,709
2023-11-08 09:39:11,24,27,645,709
2023-11-08 09:39:12,24,26,645,709
2023-11-08 09:39:24,23,26,645,709
2023-11-08 09:39:24,23,25,645,709
2023-11-08 09:40:05,23,26,645,709
2023-11-08 09:40:06,23,25,645,709
2023-11-08 09:40:08,23,26,645,709
2023-11-08 09:40:09,23,25,645,709
2023-11-08 09:40:12,23,26,645,709
2023-11-08 09:40:13,23,25,645,709
2023-11-08 09:40:14,23,26,645,709
2023-11-08 09:40:20,24,26,645,709
2023-11-08 09:40:32,24,27,645,709
2023-11-08 09:40:42,25,27,645,709
2023-11-08 09:40:53,24,27,645,709
2023-11-08 09:41:05,24,26,645,709
2023-11-08 09:41:06,24,27,645,709
2023-11-08 09:41:17,25,27,645,709
2023-11-08 09:41:19,25,28,645,709
2023-11-08 09:41:34,25,27,645,709
2023-11-08 09:41:35,24,27,645,709
2023-11-08 09:41:36,25,27,645,709
2023-11-08 09:41:37,25,28,645,709
2023-11-08 09:41:38,25,27,645,709
2023-11-08 09:41:41,24,27,645,709
2023-11-08 09:41:47,25,27,645,709
2023-11-08 09:41:47,25,28,645,709
2023-11-08 09:41:48,25,27,645,709
2023-11-08 09:41:49,24,27,645,709
2023-11-08 09:41:50,25,27,645,709
2023-11-08 09:41:58,25,27,645,709
2023-11-08 09:42:00,25,28,645,709
2023-11-08 09:42:02,25,27,645,709
2023-11-08 09:42:03,24,27,645,709
2023-11-08 09:42:09,24,26,645,709
2023-11-08 09:42:13,23,26,645,709
2023-11-08 09:42:18,23,25,645,709
2023-11-08 09:42:27,23,26,645,709
2023-11-08 09:42:28,23,25,645,709
2023-11-08 09:42:33,23,26,645,709
2023-11-08 09:42:39,23,25,645,709
2023-11-08 09:43:12,22,25,655,909
2023-11-08 09:43:13,22,24,655,909
2023-11-08 09:43:24,22,23,655,909
2023-11-08 09:43:31,22,24,655,909
2023-11-08 09:43:40,22,25,655,909
2023-11-08 09:43:45,23,25,655,909
2023-11-08 09:43:50,23,26,655,909
2023-11-08 09:43:57,23,25,655,909
2023-11-08 09:44:00,22,25,655,909
2023-11-08 09:44:04,22,26,655,909
2023-11-08 09:44:04,23,26,655,909
2023-11-08 09:44:29,24,26,655,909
2023-11-08 09:44:33,23,26,655,909
2023-11-08 09:44:40,23,25,655,909
2023-11-08 09:44:42,22,25,655,909
2023-11-08 09:44:43,23,25,655,909
2023-11-08 09:44:44,22,25,655,909
2023-11-08 09:44:46,23,25,655,909
2023-11-08 09:45:03,23,26,655,909
2023-11-08 09:45:04,23,25,655,909
2023-11-08 09:45:07,22,25,655,909
2023-11-08 09:45:08,23,25,655,909
2023-11-08 09:45:11,23,26,655,909
2023-11-08 09:45:24,24,26,655,909
2023-11-08 09:45:29,23,26,655,909
2023-11-08 09:45:39,23,25,655,909
2023-11-08 09:45:40,23,26,655,909
2023-11-08 09:45:42,23,25,655,909
2023-11-08 09:45:43,23,26,655,909
2023-11-08 09:45:48,23,25,655,909
2023-11-08 09:45:49,23,26,655,909
2023-11-08 09:46:18,23,25,655,909
2023-11-08 09:46:30,23,26,655,909
2023-11-08 09:46:36,23,25,655,909
2023-11-08 09:46:37,23,26,655,909
2023-11-08 09:46:39,23,25,655,909
2023-11-08 09:46:46,22,25,655,909
2023-11-08 09:46:50,22,24,655,909
2023-11-08 09:47:46,22,25,655,909
2023-11-08 09:47:48,23,25,655,909
2023-11-08 09:47:50,22,25,655,909
2023-11-08 09:47:53,22,24,655,909
2023-11-08 09:48:02,22,25,655,909
2023-11-08 09:48:15,23,25,655,909
2023-11-08 09:48:18,22,25,655,909
2023-11-08 09:48:23,22,24,655,909
2023-11-08 09:48:24,22,25,655,909
2023-11-08 09:48:26,23,25,655,909
2023-11-08 09:48:30,24,25,655,909
2023-11-08 09:48:30,23,25,663,917
2023-11-08 09:48:44,22,25,663,917
2023-11-08 09:48:48,22,24,663,917
2023-11-08 09:49:01,22,23,663,917
2023-11-08 09:49:07,21,23,663,917
2023-11-08 09:49:10,21,22,663,917
2023-11-08 09:49:24,20,22,663,917
2023-11-08 09:49:30,20,21,663,917
2023-11-08 09:49:33,20,22,663,917
2023-11-08 09:50:35,20,23,663,917
2023-11-08 09:50:39,21,23,663,917
2023-11-08 09:50:49,20,23,663,917
2023-11-08 09:50:53,20,22,663,917
2023-11-08 09:51:40,19,22,663,917
2023-11-08 09:51:40,19,21,663,917
2023-11-08 09:52:54,19,22,663,917
2023-11-08 09:53:01,19,21,663,917
2023-11-08 09:53:15,19,20,663,917
2023-11-08 09:53:18,18,20,663,917
2023-11-08 09:53:34,18,19,663,917
2023-11-08 09:53:35,18,20,663,917
2023-11-08 09:53:35,18,19,663,917
2023-11-08 09:53:38,18,20,663,917
2023-11-08 09:53:39,18,19,663,917
2023-11-08 09:53:40,18,20,663,917
2023-11-08 09:53:40,18,19,663,917
2023-11-08 09:53:41,18,20,663,917
2023-11-08 09:53:49,18,21,663,917
2023-11-08 09:53:50,19,21,663,917
2023-11-08 09:53:50,18,21,663,917
2023-11-08 09:53:54,19,21,663,917
2023-11-08 09:53:55,18,21,663,917
2023-11-08 09:53:55,19,21,663,917
2023-11-08 09:53:56,18,21,663,917
2023-11-08 09:53:56,19,21,663,917
2023-11-08 09:54:26,19,22,663,917
2023-11-08 09:54:26,19,21,663,917
2023-11-08 09:54:33,19,22,813,1077
2023-11-08 09:54:33,19,21,813,1077
2023-11-08 09:54:35,19,21,1063,1327
2023-11-08 09:54:35,19,22,1063,1327
2023-11-08 09:54:43,19,21,1063,1327
2023-11-08 09:55:07,18,21,1063,1327
2023-11-08 09:55:09,18,20,1063,1327
2023-11-08 09:55:37,18,19,1063,1327
2023-11-08 09:55:47,18,20,1063,1327
2023-11-08 09:55:48,18,19,1063,1327
2023-11-08 09:55:52,18,20,1063,1327
2023-11-08 09:55:53,18,19,1063,1327
2023-11-08 09:55:54,18,20,1063,1327
2023-11-08 09:55:55,18,19,1063,1327
2023-11-08 09:56:02,18,20,1063,1327
2023-11-08 09:56:02,18,19,1063,1327
2023-11-08 09:56:03,18,20,1063,1327
2023-11-08 09:56:03,18,19,1063,1327
2023-11-08 09:56:05,18,20,1063,1327
2023-11-08 09:56:05,18,19,1063,1327
2023-11-08 09:56:08,18,20,1063,1327
2023-11-08 09:56:09,18,19,1063,1327
2023-11-08 09:56:12,18,20,1063,1327
2023-11-08 09:56:12,18,19,1063,1327
2023-11-08 09:56:17,18,20,1063,1327
2023-11-08 09:56:20,18,19,1063,1327
2023-11-08 09:56:26,18,20,1063,1327
2023-11-08 09:56:26,18,19,1063,1327
2023-11-08 09:56:27,18,20,1063,1327
2023-11-08 09:56:43,18,21,1063,1327
2023-11-08 09:56:43,18,20,1063,1327
2023-11-08 09:56:45,19,20,1063,1327
2023-11-08 09:56:45,19,21,1063,1327
2023-11-08 09:56:46,19,22,1063,1327
2023-11-08 09:56:46,19,21,1063,1327
2023-11-08 09:56:47,19,22,1063,1327
2023-11-08 09:56:49,20,22,1063,1327
2023-11-08 09:57:22,20,23,1063,1327
2023-11-08 09:57:22,20,22,1063,1327
2023-11-08 09:57:23,20,23,1063,1327
2023-11-08 09:57:23,20,22,1063,1327
2023-11-08 09:57:25,20,23,1063,1327
2023-11-08 09:57:30,21,23,1063,1327
2023-11-08 09:57:32,20,23,1063,1327
2023-11-08 09:57:34,20,22,1063,1327
2023-11-08 09:57:35,20,23,1063,1327
2023-11-08 09:57:42,21,23,1063,1327
2023-11-08 09:57:47,20,23,1063,1327
2023-11-08 09:57:48,21,23,1063,1327
2023-11-08 09:57:50,20,23,1063,1327
2023-11-08 09:57:51,21,23,1063,1327
2023-11-08 09:57:52,20,23,1063,1327
2023-11-08 09:57:58,21,23,1063,1327
2023-11-08 09:58:13,22,23,1063,1327
2023-11-08 09:58:14,21,23,1063,1327
2023-11-08 09:58:18,22,23,1063,1327
2023-11-08 09:58:19,21,23,1063,1327
2023-11-08 09:58:20,22,23,1063,1327
2023-11-08 09:58:21,21,23,1063,1327
2023-11-08 09:58:21,22,23,1063,1327
2023-11-08 09:58:24,22,24,1063,1327
2023-11-08 09:58:34,23,24,1063,1327
2023-11-08 09:58:35,23,25,1063,1327
2023-11-08 09:58:37,24,25,1063,1327
2023-11-08 09:58:37,24,25,1063,1507
2023-11-08 09:58:37,23,25,1063,1507
2023-11-08 09:58:38,23,25,1063,1757
2023-11-08 09:58:40,24,25,1063,1757
2023-11-08 09:58:43,23,25,1063,1757
2023-11-08 09:58:48,24,25,1063,1757
2023-11-08 09:58:54,23,25,1063,1757
2023-11-08 09:58:54,24,25,1063,1757
2023-11-08 09:58:56,23,25,1063,1757
2023-11-08 09:58:56,24,25,1063,1757
2023-11-08 09:58:58,23,25,1063,1757
2023-11-08 09:58:59,24,25,1063,1757
2023-11-08 09:59:00,23,25,1063,1757
2023-11-08 09:59:03,22,25,1063,1757
2023-11-08 09:59:07,22,24,1063,1757
2023-11-08 09:59:47,21,24,1063,1757
2023-11-08 09:59:47,21,23,1063,1757
2023-11-08 09:59:48,21,24,1063,1757
2023-11-08 09:59:49,21,23,1063,1757
2023-11-08 09:59:53,21,24,1063,1757
2023-11-08 09:59:54,21,23,1063,1757
2023-11-08 09:59:55,21,24,1063,1757
2023-11-08 09:59:56,22,24,1063,1757
2023-11-08 10:00:01,22,23,1063,1757
2023-11-08 10:00:01,21,23,1063,1757
2023-11-08 10:00:01,20,23,1063,1757
2023-11-08 10:00:01,20,22,1063,1757
2023-11-08 10:00:04,20,22,1313,2007
2023-11-08 10:00:05,20,23,1313,2007
2023-11-08 10:00:06,20,22,1313,2007
2023-11-08 10:00:07,20,23,1492,2186
2023-11-08 10:00:08,21,23,1492,2186
2023-11-08 10:00:11,21,24,1492,2186
2023-11-08 10:00:12,22,24,1492,2186
2023-11-08 10:00:21,21,24,1492,2186
2023-11-08 10:00:21,21,23,1492,2186
2023-11-08 10:00:24,22,23,1492,2186
2023-11-08 10:00:24,22,24,1492,2186
2023-11-08 10:00:26,22,25,1492,2186
2023-11-08 10:00:26,22,24,1492,2186
2023-11-08 10:00:28,22,25,1492,2186
2023-11-08 10:00:28,22,24,1492,2186
2023-11-08 10:00:35,22,25,1492,2186
2023-11-08 10:00:35,22,24,1492,2186
2023-11-08 10:00:46,22,25,1652,2346
2023-11-08 10:00:49,22,25,1752,2596
2023-11-08 10:00:49,23,25,1752,2596
2023-11-08 10:00:50,23,26,1752,2596
2023-11-08 10:00:50,23,25,1752,2596
2023-11-08 10:00:51,24,25,1752,2596
2023-11-08 10:00:51,24,26,1752,2596
2023-11-08 10:00:52,24,25,1752,2596
2023-11-08 10:00:53,24,26,1752,2596
2023-11-08 10:00:59,24,25,1752,2596
2023-11-08 10:01:03,24,26,1762,2606
2023-11-08 10:01:05,25,26,1762,2606
2023-11-08 10:01:05,25,27,1762,2606
2023-11-08 10:01:06,25,27,1972,2856
2023-11-08 10:01:07,26,27,1972,2856
2023-11-08 10:01:08,25,27,1972,2856
2023-11-08 10:01:14,26,27,1972,2856
2023-11-08 10:01:17,25,27,1972,2856
2023-11-08 10:01:21,25,26,1972,2856
2023-11-08 10:01:22,25,27,1972,2856
2023-11-08 10:01:22,25,26,1972,2856
2023-11-08 10:01:26,24,26,1972,2856
2023-11-08 10:01:29,24,25,1972,2856
2023-11-08 10:01:39,24,26,1972,2856
2023-11-08 10:01:39,24,25,1972,2856
2023-11-08 10:01:41,24,26,1972,2856
2023-11-08 10:01:42,24,25,1972,2856
2023-11-08 10:01:48,24,26,1972,2856
2023-11-08 10:01:48,24,25,1972,2856
2023-11-08 10:01:49,24,26,1972,2856
2023-11-08 10:01:54,25,26,1972,2856
2023-11-08 10:01:54,25,26,1972,2896
2023-11-08 10:01:54,25,27,1972,2896
2023-11-08 10:01:59,26,27,1972,2896
2023-11-08 10:01:59,26,28,1972,2896
2023-11-08 10:02:01,27,28,1972,2896
2023-11-08 10:02:02,27,29,1972,2896
2023-11-08 10:02:02,28,29,1972,2896
2023-11-08 10:02:02,28,29,1972,3012
2023-11-08 10:02:03,27,29,1972,3012
2023-11-08 10:02:05,28,29,1972,3012
2023-11-08 10:02:09,28,30,1972,3012
2023-11-08 10:02:10,29,30,1972,3012
2023-11-08 10:02:22,30,31,1972,3013
2023-11-08 10:02:22,30,31,1972,3073
2023-11-08 10:02:29,29,31,1972,3073
2023-11-08 10:02:46,28,31,1972,3073
2023-11-08 10:02:47,29,31,1972,3073
2023-11-08 10:02:48,29,30,1972,3073
2023-11-08 10:02:48,28,30,1972,3073
2023-11-08 10:02:53,28,31,1972,3073
2023-11-08 10:02:53,29,31,1972,3073
2023-11-08 10:03:02,28,31,1972,3073
2023-11-08 10:03:02,29,31,1972,3073
2023-11-08 10:03:04,28,31,1972,3073
2023-11-08 10:03:04,29,31,1972,3073
2023-11-08 10:03:05,28,31,1972,3073
2023-11-08 10:03:05,29,31,1972,3073
2023-11-08 10:03:09,28,31,1972,3073
2023-11-08 10:03:10,29,31,1972,3073
2023-11-08 10:03:11,28,31,1972,3073
2023-11-08 10:03:11,29,31,1972,3073
2023-11-08 10:03:21,30,31,1972,3073
2023-11-08 10:03:25,29,31,1972,3073
2023-11-08 10:03:34,30,31,1972,3073
2023-11-08 10:03:55,31,32,1972,3074
2023-11-08 10:04:44,31,33,2136,3238
2023-11-08 10:04:45,32,33,2136,3238
2023-11-08 10:04:45,32,33,2207,3362
2023-11-08 10:04:46,31,33,2207,3362
2023-11-08 10:05:03,32,33,2207,3362
2023-11-08 10:05:03,32,33,2323,3478
2023-11-08 10:05:11,33,34,2323,3479
2023-11-08 10:05:15,32,34,2323,3479
2023-11-08 10:05:15,33,34,2323,3479
2023-11-08 10:05:33,34,35,2323,3480
2023-11-08 10:05:34,33,35,2323,3480
2023-11-08 10:05:38,33,34,2323,3480
2023-11-08 10:05:38,32,34,2323,3480
2023-11-08 10:05:41,31,34,2323,3480
2023-11-08 10:05:48,31,33,2323,3480
2023-11-08 10:06:04,31,32,2323,3480
2023-11-08 10:06:08,31,33,2323,3480
2023-11-08 10:06:18,31,32,2323,3480
2023-11-08 10:06:25,31,33,2323,3480
2023-11-08 10:06:28,31,32,2323,3480
2023-11-08 10:06:32,30,32,2323,3480
2023-11-08 10:06:34,30,33,2323,3480
2023-11-08 10:06:41,30,32,2323,3480
2023-11-08 10:06:51,29,32,2323,3480
2023-11-08 10:06:54,29,31,2323,3480
2023-11-08 10:07:06,29,32,2323,3480
2023-11-08 10:07:17,30,32,2323,3480
2023-11-08 10:07:17,30,31,2323,3480
2023-11-08 10:07:20,30,32,2323,3480
2023-11-08 10:07:22,30,33,2323,3480
2023-11-08 10:07:25,30,32,2323,3480
2023-11-08 10:07:36,29,32,2323,3480
2023-11-08 10:07:41,29,31,2323,3480
2023-11-08 10:08:00,29,30,2323,3480
2023-11-08 10:08:09,29,31,2323,3480
2023-11-08 10:08:13,29,30,2323,3480
2023-11-08 10:08:47,29,30,2479,3636
2023-11-08 10:08:48,28,30,2479,3636
2023-11-08 10:08:50,28,29,2479,3636
2023-11-08 10:09:02,28,30,2479,3636
2023-11-08 10:09:06,28,29,2479,3636
2023-11-08 10:09:07,28,30,2479,3636
2023-11-08 10:09:09,28,29,2479,3636
2023-11-08 10:09:11,27,29,2479,3636
2023-11-08 10:09:16,27,28,2479,3636
2023-11-08 10:09:37,26,28,2479,3636
2023-11-08 10:09:48,26,27,2479,3636
2023-11-08 10:09:49,26,28,2579,3736
2023-11-08 10:10:02,26,27,2579,3736
2023-11-08 10:10:03,25,27,2579,3736
2023-11-08 10:10:04,25,26,2579,3736
2023-11-08 10:10:21,24,26,2634,3796
2023-11-08 10:10:24,24,25,2634,3796
2023-11-08 10:10:27,24,26,2634,3996
2023-11-08 10:10:33,24,27,2634,3996
2023-11-08 10:11:28,25,27,2634,3996
2023-11-08 10:11:29,25,28,2634,3996
2023-11-08 10:11:40,25,29,2634,3996
2023-11-08 10:11:41,26,29,2634,3996
2023-11-08 10:11:43,26,28,2634,3996
2023-11-08 10:11:44,26,29,2634,3996
2023-11-08 10:11:46,26,28,2634,3996
2023-11-08 10:11:47,26,29,2634,3996
2023-11-08 10:11:50,26,28,2634,3996
2023-11-08 10:11:51,25,28,2634,3996
2023-11-08 10:11:54,25,29,2634,3996
2023-11-08 10:11:55,26,29,2634,3996
2023-11-08 10:11:56,27,29,2634,3996
2023-11-08 10:11:57,27,30,2634,3996
2023-11-08 10:12:03,27,29,2634,3996
2023-11-08 10:12:06,27,30,2634,3996
2023-11-08 10:12:08,28,30,2634,3996
2023-11-08 10:12:11,27,30,2634,3996
2023-11-08 10:12:15,28,30,2634,3996
2023-11-08 10:12:18,27,30,2634,3996
2023-11-08 10:12:28,27,29,2634,3996
2023-11-08 10:12:29,27,30,2634,3996
2023-11-08 10:12:33,27,29,2634,3996
2023-11-08 10:12:49,26,29,2634,3996
2023-11-08 10:12:51,26,28,2634,3996
2023-11-08 10:12:55,26,29,2634,3996
2023-11-08 10:12:56,26,28,2634,3996
2023-11-08 10:13:01,26,29,2634,3996
2023-11-08 10:13:03,26,28,2634,3996
2023-11-08 10:13:12,26,29,2634,3996
2023-11-08 10:13:19,27,29,2634,3996
2023-11-08 10:13:22,27,30,2634,3996
2023-11-08 10:13:40,27,29,2634,3996
2023-11-08 10:13:42,27,30,2634,3996
2023-11-08 10:13:52,27,29,2634,3996
2023-11-08 10:13:58,27,30,2634,3996
2023-11-08 10:14:31,28,30,2634,3996
2023-11-08 10:14:43,27,30,2634,3996
2023-11-08 10:15:01,28,30,2634,3996
2023-11-08 10:15:13,29,30,2634,3996
2023-11-08 10:15:16,29,31,2634,3996
2023-11-08 10:15:27,30,31,2634,3996
2023-11-08 10:15:28,29,31,2634,3996
2023-11-08 10:15:31,30,31,2634,3996
2023-11-08 10:15:32,29,31,2634,3996
2023-11-08 10:15:39,30,31,2634,3996
2023-11-08 10:15:44,30,32,2634,3996
2023-11-08 10:15:46,31,32,2634,3996
2023-11-08 10:15:50,31,33,2634,3996
2023-11-08 10:15:58,30,33,2634,3996
2023-11-08 10:16:05,31,33,2634,3996
2023-11-08 10:16:07,30,33,2634,3996
2023-11-08 10:16:19,30,32,2634,3996
2023-11-08 10:16:20,29,32,2634,3996
2023-11-08 10:16:33,29,31,2634,3996
2023-11-08 10:16:47,28,31,2634,3996
2023-11-08 10:17:07,29,31,2634,3996
2023-11-08 10:17:09,28,31,2634,3996
2023-11-08 10:17:10,29,31,2634,3996
2023-11-08 10:17:11,28,31,2634,3996
2023-11-08 10:17:22,29,31,2634,3996
2023-11-08 10:17:22,29,31,2734,4096
2023-11-08 10:17:34,28,31,2734,4096
2023-11-08 10:17:39,28,30,2734,4096
2023-11-08 10:17:41,28,31,2734,4096
2023-11-08 10:17:46,28,30,2734,4096
2023-11-08 10:17:48,28,31,2734,4096
2023-11-08 10:17:49,28,30,2734,4096
2023-11-08 10:17:50,28,31,2734,4096
2023-11-08 10:17:54,28,30,2734,4096
2023-11-08 10:17:55,28,31,2734,4096
2023-11-08 10:17:58,28,30,2734,4096
2023-11-08 10:18:00,28,31,2734,4096
2023-11-08 10:18:01,28,30,2734,4096
2023-11-08 10:18:03,28,31,2734,4096
2023-11-08 10:18:05,28,30,2734,4096
2023-11-08 10:18:18,28,31,2734,4096
2023-11-08 10:18:29,29,31,2734,4096
2023-11-08 10:18:31,28,31,2734,4096
2023-11-08 10:18:39,29,31,2734,4096
2023-11-08 10:18:41,28,31,2734,4096
2023-11-08 10:18:44,29,31,2734,4096
2023-11-08 10:18:50,28,31,2734,4096
2023-11-08 10:18:51,29,31,2734,4096
2023-11-08 10:18:55,29,32,2734,4096
2023-11-08 10:19:02,29,31,2734,4096
2023-11-08 10:19:03,28,31,2734,4096
2023-11-08 10:19:10,29,31,2734,4096
2023-11-08 10:19:14,28,31,2734,4096
2023-11-08 10:19:16,28,30,2734,4096
2023-11-08 10:19:18,27,30,2734,4096
2023-11-08 10:19:47,27,29,2734,4096
2023-11-08 10:19:57,27,30,2734,4096
2023-11-08 10:20:01,27,30,2734,4097
2023-11-08 10:20:06,28,30,2734,4097
2023-11-08 10:20:08,28,31,2734,4097
2023-11-08 10:20:15,29,31,2734,4097
2023-11-08 10:20:28,30,31,2734,4097
2023-11-08 10:20:28,30,31,2734,4200
2023-11-08 10:20:28,29,31,2734,4200
2023-11-08 10:20:31,30,31,2734,4200
2023-11-08 10:20:37,31,33,2734,4201
2023-11-08 10:20:53,32,33,2734,4201
2023-11-08 10:20:53,32,34,2734,4401
2023-11-08 10:20:54,33,34,2734,4401
2023-11-08 10:21:00,33,35,2734,4401
2023-11-08 10:21:03,33,34,2734,4401
2023-11-08 10:21:10,34,35,2734,4402
2023-11-08 10:21:55,33,35,2734,4402
2023-11-08 10:22:01,34,35,2734,4402
2023-11-08 10:22:42,35,36,2735,4403
2023-11-08 10:22:43,36,37,2776,4444
2023-11-08 10:22:45,35,37,2776,4444
2023-11-08 10:22:59,35,36,2776,4444
2023-11-08 10:23:02,34,36,2776,4444
2023-11-08 10:23:06,33,36,2776,4444
2023-11-08 10:23:07,34,36,2776,4444
2023-11-08 10:23:08,34,35,2776,4444
2023-11-08 10:23:09,33,35,2776,4444
2023-11-08 10:23:09,33,36,2776,4444
2023-11-08 10:23:11,33,35,2776,4444
2023-11-08 10:23:13,33,34,2776,4444
2023-11-08 10:23:14,33,34,2956,4624
2023-11-08 10:23:22,32,34,2956,4624
2023-11-08 10:23:34,32,35,2956,4624
2023-11-08 10:23:35,32,34,2956,4624
2023-11-08 10:23:38,32,35,2956,4624
2023-11-08 10:23:38,32,33,2956,4624
2023-11-08 10:23:39,31,33,2956,4624
2023-11-08 10:23:48,32,33,2956,4624
2023-11-08 10:23:48,32,34,2956,4624
2023-11-08 10:24:01,32,35,2956,4624
2023-11-08 10:24:01,32,34,2956,4624
2023-11-08 10:24:03,32,35,2956,4624
2023-11-08 10:24:05,33,35,2956,4624
2023-11-08 10:24:19,32,35,2956,4624
2023-11-08 10:24:20,32,34,2956,4624
2023-11-08 10:24:21,32,35,2956,4624
2023-11-08 10:24:22,32,34,2956,4624
2023-11-08 10:24:23,31,34,2956,4624
2023-11-08 10:24:24,32,34,2956,4624
2023-11-08 10:24:26,32,35,2956,4624
2023-11-08 10:24:26,32,34,2956,4624
2023-11-08 10:24:27,32,35,2956,4624
2023-11-08 10:24:28,32,34,2956,4624
2023-11-08 10:24:35,31,34,2956,4624
2023-11-08 10:24:36,32,34,2956,4624
2023-11-08 10:24:39,31,34,2956,4624
2023-11-08 10:24:40,31,33,2956,4624
2023-11-08 10:24:41,32,33,2956,4624
2023-11-08 10:24:41,32,34,2956,4624
2023-11-08 10:24:44,32,35,2956,4624
2023-11-08 10:24:48,32,34,2956,4624
2023-11-08 10:24:52,31,34,2956,4624
2023-11-08 10:24:52,31,33,2956,4624
2023-11-08 10:24:55,32,33,2956,4624
2023-11-08 10:24:55,32,33,3016,4684
2023-11-08 10:24:56,31,33,3016,4684
2023-11-08 10:24:57,32,33,3016,4684
2023-11-08 10:24:57,32,34,3016,4684
2023-11-08 10:25:02,31,34,3016,4684
2023-11-08 10:25:02,31,33,3016,4684
2023-11-08 10:25:04,31,34,3016,4684
2023-11-08 10:25:05,32,34,3016,4684
2023-11-08 10:25:05,32,33,3016,4684
2023-11-08 10:25:06,31,33,3016,4684
2023-11-08 10:25:23,31,32,3016,4684
2023-11-08 10:25:28,31,33,3016,4684
2023-11-08 10:25:28,31,32,3016,4684
2023-11-08 10:25:29,31,33,3016,4684
2023-11-08 10:25:30,31,32,3016,4684
2023-11-08 10:25:30,31,33,3120,4788
2023-11-08 10:25:34,31,34,3120,4788
2023-11-08 10:25:38,32,34,3120,4788
2023-11-08 10:25:40,32,35,3120,4788
2023-11-08 10:25:48,32,34,3120,4788
2023-11-08 10:25:49,32,35,3120,4788
2023-11-08 10:25:52,31,35,3120,4788
2023-11-08 10:26:19,31,35,3120,4788
2023-11-08 10:26:19,32,35,3120,4788
2023-11-08 10:26:21,31,34,3120,4788
2023-11-08 10:26:33,32,34,3120,4788
2023-11-08 10:26:34,32,35,3120,4788
2023-11-08 10:26:54,32,34,3120,4788
2023-11-08 10:26:55,31,34,3120,4788
2023-11-08 10:27:18,31,35,3120,4788
2023-11-08 10:27:18,32,35,3120,4788
2023-11-08 10:27:27,32,34,3120,4788
2023-11-08 10:27:28,31,34,3120,4788
2023-11-08 10:27:30,31,35,3120,4788
2023-11-08 10:27:30,32,35,3120,4788
2023-11-08 10:27:33,32,34,3120,4788
2023-11-08 10:27:35,31,34,3120,4788
2023-11-08 10:27:39,32,34,3120,4788
2023-11-08 10:27:40,32,35,3120,4788
2023-11-08 10:27:41,32,34,3120,4788
2023-11-08 10:27:42,31,34,3120,4788
2023-11-08 10:28:17,32,34,3120,4788
2023-11-08 10:28:18,31,34,3120,4788
2023-11-08 10:28:26,32,34,3120,4788
2023-11-08 10:28:36,32,35,3120,4788
2023-11-08 10:28:40,33,35,3120,4788
2023-11-08 10:28:41,33,36,3120,4788
2023-11-08 10:28:45,33,37,3120,4788
2023-11-08 10:28:45,34,37,3120,4788
2023-11-08 10:28:55,35,37,3120,4788
2023-11-08 10:29:01,34,37,3120,4788
2023-11-08 10:29:02,35,37,3120,4788
2023-11-08 10:29:31,34,37,3120,4788
2023-11-08 10:29:38,34,36,3120,4788
2023-11-08 10:29:42,34,37,3120,4788
2023-11-08 10:29:49,34,36,3120,4788
2023-11-08 10:29:52,33,36,3120,4788
2023-11-08 10:30:05,33,35,3120,4788
2023-11-08 10:30:07,33,36,3120,4788
2023-11-08 10:30:11,33,37,3120,4788
2023-11-08 10:30:21,34,36,3120,4788
2023-11-08 10:30:24,33,36,3120,4788
2023-11-08 10:30:25,33,35,3120,4788
2023-11-08 10:30:26,32,35,3120,4788
2023-11-08 10:30:27,32,34,3120,4788
2023-11-08 10:30:31,31,34,3120,4788
2023-11-08 10:30:36,32,34,3120,4788
2023-11-08 10:30:38,31,34,3120,4788
2023-11-08 10:30:40,32,34,3120,4788
2023-11-08 10:30:41,31,34,3120,4788
2023-11-08 10:30:43,32,34,3120,4788
2023-11-08 10:30:53,32,35,3120,4788
2023-11-08 10:31:09,33,35,3120,4788
2023-11-08 10:31:10,32,35,3120,4788
2023-11-08 10:31:11,33,35,3120,4788
2023-11-08 10:31:12,33,36,3120,4788
2023-11-08 10:31:14,32,36,3120,4788
2023-11-08 10:31:15,32,35,3120,4788
2023-11-08 10:31:18,32,36,3120,4788
2023-11-08 10:31:25,33,36,3120,4788
2023-11-08 10:31:26,32,36,3120,4788
2023-11-08 10:31:27,33,36,3120,4788
2023-11-08 10:31:34,33,35,3120,4788
2023-11-08 10:31:34,32,35,3120,4788
2023-11-08 10:31:37,32,36,3120,4788
2023-11-08 10:31:37,32,35,3120,4788
2023-11-08 10:31:38,33,35,3120,4788
2023-11-08 10:31:41,32,35,3120,4788
2023-11-08 10:32:46,33,35,3120,4788
2023-11-08 10:32:47,33,36,3120,4788
2023-11-08 10:32:50,34,36,3120,4788
2023-11-08 10:32:51,34,37,3120,4788
2023-11-08 10:33:02,35,37,3120,4788
2023-11-08 10:33:06,33,37,3120,4788
2023-11-08 10:33:06,34,37,3120,4788
2023-11-08 10:33:07,35,37,3120,4788
2023-11-08 10:33:09,33,37,3120,4788
2023-11-08 10:33:09,34,37,3120,4788
2023-11-08 10:33:10,34,36,3120,4788
2023-11-08 10:33:11,34,37,3120,4788
2023-11-08 10:33:13,35,37,3120,4788
2023-11-08 10:33:14,33,37,3120,4788
2023-11-08 10:33:14,34,37,3120,4788
2023-11-08 10:33:16,34,36,3120,4788
2023-11-08 10:33:17,33,36,3120,4788
2023-11-08 10:33:18,34,36,3120,4788
2023-11-08 10:33:33,34,37,3120,4788
2023-11-08 10:33:40,35,37,3120,4788
2023-11-08 10:34:17,34,37,3120,4788
2023-11-08 10:34:17,35,37,3120,4788
2023-11-08 10:34:20,34,37,3120,4788
2023-11-08 10:34:26,35,37,3120,4788
2023-11-08 10:34:34,36,37,3120,4788
2023-11-08 10:34:37,35,37,3120,4788
2023-11-08 10:34:48,34,37,3120,4788
2023-11-08 10:34:56,34,36,3120,4788
2023-11-08 10:34:57,34,37,3120,4788
2023-11-08 10:34:58,34,36,3120,4788
2023-11-08 10:35:03,34,37,3120,4788
2023-11-08 10:35:03,35,37,3120,4788
2023-11-08 10:35:07,36,37,3120,4788
2023-11-08 10:35:10,38,39,3121,4790
2023-11-08 10:35:14,37,39,3121,4790
2023-11-08 10:35:14,38,39,3121,4790
2023-11-08 10:35:34,37,39,3121,4790
2023-11-08 10:35:34,38,39,3121,4790
2023-11-08 10:35:58,37,38,2941,4970
2023-11-08 10:35:59,37,39,2941,4970
2023-11-08 10:35:59,38,39,2941,4970
2023-11-08 10:35:59,38,39,2941,5150
2023-11-08 10:36:01,37,38,2890,5201
2023-11-08 10:36:02,36,38,2890,5201
2023-11-08 10:36:02,37,38,2890,5201
2023-11-08 10:36:03,35,38,2890,5201
2023-11-08 10:36:03,36,38,2890,5201
2023-11-08 10:36:04,36,37,2890,5201
2023-11-08 10:36:04,34,37,2890,5201
2023-11-08 10:36:04,35,37,2890,5201
2023-11-08 10:36:09,34,37,2890,5201
2023-11-08 10:36:09,35,37,2890,5201
2023-11-08 10:36:14,34,37,2890,5201
2023-11-08 10:36:19,34,36,2890,5201
2023-11-08 10:36:25,34,37,2890,5201
2023-11-08 10:36:26,34,36,2890,5201
2023-11-08 10:36:27,34,37,2890,5201
2023-11-08 10:36:30,34,36,2890,5201
2023-11-08 10:36:34,34,37,2890,5201
2023-11-08 10:36:45,34,36,2890,5201
2023-11-08 10:36:54,34,35,2890,5201
2023-11-08 10:37:02,34,36,2890,5201
2023-11-08 10:37:02,34,35,2890,5201
2023-11-08 10:37:04,34,35,3140,5451
2023-11-08 10:37:05,34,36,3150,5461
2023-11-08 10:37:06,34,37,3150,5461
2023-11-08 10:37:06,34,36,3150,5461
2023-11-08 10:37:10,34,35,3150,5461
2023-11-08 10:37:11,33,35,3150,5461
2023-11-08 10:37:13,33,36,3262,5573
2023-11-08 10:37:15,34,36,3262,5573
2023-11-08 10:37:18,33,36,3262,5573
2023-11-08 10:37:43,33,35,3262,5573
2023-11-08 10:37:43,33,35,3322,5633
2023-11-08 10:37:50,33,35,3482,5793
2023-11-08 10:37:52,32,35,3662,5973
2023-11-08 10:37:53,32,34,3662,5973
2023-11-08 10:37:56,32,34,3663,5974
2023-11-08 10:37:57,32,34,3664,5975
2023-11-08 10:37:58,32,34,3665,5976
2023-11-08 10:37:59,32,34,3666,5977
2023-11-08 10:38:00,32,34,3667,5978
2023-11-08 10:38:02,32,34,3668,5979
2023-11-08 10:38:03,32,34,3669,5980
2023-11-08 10:38:04,32,34,3670,5981
2023-11-08 10:38:05,32,34,3671,5982
2023-11-08 10:38:06,32,34,3672,5983
2023-11-08 10:38:07,32,34,3673,5984
2023-11-08 10:38:08,32,34,3674,5985
2023-11-08 10:38:09,32,34,3675,5986
2023-11-08 10:38:10,32,34,3676,5987
2023-11-08 10:38:11,32,34,3677,5988
2023-11-08 10:38:12,32,34,3678,5989
2023-11-08 10:38:14,32,34,3679,5990
2023-11-08 10:38:15,32,35,3679,5990
2023-11-08 10:38:15,32,35,3680,5991
2023-11-08 10:38:16,32,35,3681,5992
2023-11-08 10:38:17,32,35,3682,5993
2023-11-08 10:38:18,32,35,3683,5994
2023-11-08 10:38:19,32,35,3684,5995
2023-11-08 10:38:20,32,35,3685,5996
2023-11-08 10:38:21,32,35,3686,5997
2023-11-08 10:38:22,32,35,3687,5998
2023-11-08 10:38:23,32,35,3688,5999
2023-11-08 10:38:24,32,35,3689,6000
2023-11-08 10:38:26,32,35,3690,6001
2023-11-08 10:38:27,33,35,3690,6001
2023-11-08 10:38:27,33,35,3691,6002
2023-11-08 10:38:28,33,35,3692,6003
2023-11-08 10:38:29,33,35,3693,6004
2023-11-08 10:38:30,33,36,3693,6004
2023-11-08 10:38:30,33,36,3694,6005
2023-11-08 10:38:31,33,36,3695,6006
2023-11-08 10:38:32,34,36,3695,6006
2023-11-08 10:38:32,34,36,3696,6007
2023-11-08 10:38:33,34,36,3796,6107
2023-11-08 10:38:34,33,36,3796,6107
2023-11-08 10:38:34,33,36,3896,6207
2023-11-08 10:38:35,33,34,3896,6207
2023-11-08 10:38:36,33,36,3896,6307
2023-11-08 10:38:37,33,36,3996,6407
2023-11-08 10:38:38,33,36,4096,6507
2023-11-08 10:38:39,33,36,4196,6607
2023-11-08 10:38:40,33,36,4296,6707
2023-11-08 10:38:41,33,36,4396,6807
2023-11-08 10:38:42,33,34,4396,6807
2023-11-08 10:38:43,33,36,4496,6907
2023-11-08 10:38:43,33,34,4496,6907
2023-11-08 10:38:44,33,34,4496,6957
2023-11-08 10:38:44,33,36,4546,7007
2023-11-08 10:38:44,33,36,4646,7107
2023-11-08 10:38:45,33,36,4746,7207
2023-11-08 10:38:46,33,34,4746,7207
2023-11-08 10:38:47,33,36,4846,7307
2023-11-08 10:38:47,33,36,4946,7407
2023-11-08 10:38:49,33,34,4946,7407
2023-11-08 10:38:49,33,36,5046,7507
2023-11-08 10:38:50,33,34,5046,7507
2023-11-08 10:38:50,33,36,5146,7607
2023-11-08 10:38:51,33,34,5146,7607
2023-11-08 10:38:52,33,36,5246,7707
2023-11-08 10:38:52,33,34,5246,7707
2023-11-08 10:38:52,34,36,5246,7807
2023-11-08 10:38:53,34,36,5246,7907
2023-11-08 10:38:54,33,34,5246,7997
2023-11-08 10:38:55,33,36,5256,8007
2023-11-08 10:38:55,34,36,5256,8007
2023-11-08 10:38:55,34,36,5256,8107
2023-11-08 10:38:56,33,36,5256,8107
2023-11-08 10:38:56,33,36,5356,8207
2023-11-08 10:38:58,33,34,5356,8207
2023-11-08 10:39:00,33,34,5606,8457
2023-11-08 10:39:01,33,35,5756,8607
2023-11-08 10:39:02,33,35,5806,8857
2023-11-08 10:39:03,34,35,5806,8857
2023-11-08 10:39:04,34,37,6056,9107
2023-11-08 10:39:09,35,37,6056,9107
2023-11-08 10:39:18,34,37,6056,9107
2023-11-08 10:39:23,35,37,6056,9107
2023-11-08 10:39:26,34,37,6056,9107
2023-11-08 10:39:27,35,37,6056,9107
2023-11-08 10:39:29,34,37,6056,9107
2023-11-08 10:39:31,35,37,6056,9107
2023-11-08 10:39:32,34,37,6056,9107
2023-11-08 10:39:32,35,37,6056,9107
2023-11-08 10:39:33,34,37,6056,9107
2023-11-08 10:39:35,35,37,6056,9107
2023-11-08 10:39:39,34,37,6056,9107
2023-11-08 10:39:43,34,36,6056,9107
2023-11-08 10:39:53,34,37,6056,9107
2023-11-08 10:40:00,35,37,6056,9107
2023-11-08 10:40:02,34,37,6056,9107
2023-11-08 10:40:03,35,37,6056,9107
2023-11-08 10:40:04,34,37,6056,9107
2023-11-08 10:40:07,35,37,6056,9107
2023-11-08 10:40:08,34,37,6056,9107
2023-11-08 10:40:11,35,37,6056,9107
2023-11-08 10:40:17,34,37,6056,9107
2023-11-08 10:40:17,34,36,6056,9107
2023-11-08 10:40:21,34,35,6056,9107
2023-11-08 10:40:29,34,36,6056,9107
2023-11-08 10:40:29,34,35,6056,9107
2023-11-08 10:40:30,34,37,6056,9107
2023-11-08 10:40:30,34,36,6056,9107
2023-11-08 10:40:35,34,37,6056,9107
2023-11-08 10:40:39,34,36,6056,9107
2023-11-08 10:40:43,35,36,6056,9107
2023-11-08 10:40:43,35,38,6056,9107
2023-11-08 10:40:44,35,37,6056,9107
2023-11-08 10:40:46,35,38,6056,9107
2023-11-08 10:40:46,35,37,6056,9107
2023-11-08 10:40:47,35,38,6056,9107
2023-11-08 10:40:49,36,38,6056,9107
2023-11-08 10:40:51,35,38,6056,9107
2023-11-08 10:40:51,36,38,6056,9107
2023-11-08 10:40:56,35,38,6056,9107
2023-11-08 10:40:58,35,37,6056,9107
2023-11-08 10:41:05,35,38,6056,9107
2023-11-08 10:41:06,35,37,6056,9107
2023-11-08 10:41:19,35,38,6056,9107
2023-11-08 10:41:19,35,37,6056,9107
2023-11-08 10:41:25,34,37,6056,9107
2023-11-08 10:41:25,35,37,6056,9107
2023-11-08 10:41:27,34,37,6056,9107
2023-11-08 10:41:30,34,36,6056,9107
2023-11-08 10:41:36,34,35,6056,9107
2023-11-08 10:41:38,33,35,6056,9107
2023-11-08 10:41:43,33,34,6056,9107
2023-11-08 10:41:46,33,35,6056,9107
2023-11-08 10:41:46,33,34,6056,9107
2023-11-08 10:42:04,32,34,6056,9107
2023-11-08 10:42:04,32,33,6056,9107
2023-11-08 10:42:04,32,33,6056,9177
2023-11-08 10:42:08,32,33,6056,9307
2023-11-08 10:42:14,32,35,6056,9307
2023-11-08 10:42:14,32,34,6056,9307
2023-11-08 10:42:21,32,33,6056,9307
2023-11-08 10:42:23,32,34,6056,9307
2023-11-08 10:42:26,33,34,6056,9307
2023-11-08 10:42:27,33,35,6056,9307
2023-11-08 10:42:27,33,34,6056,9307
2023-11-08 10:42:28,33,36,6056,9307
2023-11-08 10:42:28,33,35,6056,9307
2023-11-08 10:42:39,32,35,6056,9307
2023-11-08 10:42:39,32,34,6056,9307
2023-11-08 10:42:43,32,35,6056,9307
2023-11-08 10:42:43,32,34,6056,9307
2023-11-08 10:42:48,32,33,6056,9307
2023-11-08 10:42:57,31,33,6056,9307
2023-11-08 10:42:57,31,32,6056,9307
2023-11-08 10:43:53,31,33,6218,9469
2023-11-08 10:44:39,31,32,6218,9469
2023-11-08 10:44:45,30,32,6218,9469
2023-11-08 10:44:56,30,31,6218,9469
2023-11-08 10:45:09,30,32,6218,9469
2023-11-08 10:45:14,30,31,6218,9469
2023-11-08 10:45:22,30,32,6218,9469
2023-11-08 10:45:37,30,31,6218,9469
2023-11-08 10:45:46,30,32,6218,9469
2023-11-08 10:45:51,30,33,6218,9469
2023-11-08 10:45:52,31,33,6218,9469
2023-11-08 10:45:55,31,34,6218,9469
2023-11-08 10:45:57,32,34,6218,9469
2023-11-08 10:46:01,31,34,6218,9469
2023-11-08 10:46:01,31,33,6218,9469
2023-11-08 10:46:15,31,34,6218,9469
2023-11-08 10:46:25,32,34,6218,9469
2023-11-08 10:46:28,33,34,6218,9469
2023-11-08 10:46:28,33,35,6218,9469
2023-11-08 10:46:36,33,34,6218,9469
2023-11-08 10:46:39,33,35,6218,9469
2023-11-08 10:47:12,33,34,6218,9469
2023-11-08 10:47:13,32,34,6218,9469
2023-11-08 10:47:15,31,34,6218,9469
2023-11-08 10:47:18,31,33,6218,9469
2023-11-08 10:47:33,31,32,6218,9469
2023-11-08 10:47:34,31,34,6218,9469
2023-11-08 10:47:41,31,33,6218,9469
2023-11-08 10:47:58,31,34,6218,9469
2023-11-08 10:48:09,32,34,6218,9469
2023-11-08 10:48:12,32,35,6218,9469
2023-11-08 10:48:17,33,35,6218,9469
2023-11-08 10:48:18,32,35,6218,9469
2023-11-08 10:48:20,33,35,6218,9469
2023-11-08 10:48:20,32,35,6218,9469
2023-11-08 10:48:25,33,35,6218,9469
2023-11-08 10:48:26,32,35,6218,9469
2023-11-08 10:48:30,33,35,6218,9469
2023-11-08 10:48:30,32,35,6218,9469
2023-11-08 10:48:31,33,35,6218,9469
2023-11-08 10:48:32,32,35,6218,9469
2023-11-08 10:48:35,32,34,6218,9469
2023-11-08 10:48:37,31,34,6218,9469
2023-11-08 10:48:43,31,33,6218,9469
2023-11-08 10:48:57,31,32,6218,9469
2023-11-08 10:48:59,31,33,6318,9569
2023-11-08 10:49:01,31,34,6318,9569
2023-11-08 10:49:06,32,34,6318,9569
2023-11-08 10:49:07,31,34,6318,9569
2023-11-08 10:49:15,32,34,6318,9569
2023-11-08 10:49:16,31,34,6318,9569
2023-11-08 10:49:16,32,34,6318,9569
2023-11-08 10:49:21,32,35,6318,9569
2023-11-08 10:49:22,33,35,6318,9569
2023-11-08 10:49:47,33,34,6318,9569
2023-11-08 10:49:52,32,34,6318,9569
2023-11-08 10:49:57,31,34,6318,9569
2023-11-08 10:49:57,31,33,6318,9569
2023-11-08 10:50:25,31,35,6318,9569
2023-11-08 10:50:25,31,34,6318,9569
2023-11-08 10:50:26,32,34,6318,9569
2023-11-08 10:50:37,32,35,6318,9569
2023-11-08 10:50:38,33,35,6318,9569
2023-11-08 10:50:46,33,36,6318,9569
2023-11-08 10:50:48,34,36,6318,9569
2023-11-08 10:50:50,33,36,6318,9569
2023-11-08 10:50:53,33,35,6318,9569
2023-11-08 10:50:57,33,36,6318,9569
2023-11-08 10:50:59,34,36,6318,9569
2023-11-08 10:51:01,33,36,6318,9569
2023-11-08 10:51:02,34,36,6318,9569
2023-11-08 10:51:03,33,36,6318,9569
2023-11-08 10:51:06,34,36,6318,9569
2023-11-08 10:51:07,33,36,6318,9569
2023-11-08 10:51:08,34,36,6318,9569
2023-11-08 10:51:15,34,37,6318,9569
2023-11-08 10:51:16,35,37,6318,9569
2023-11-08 10:51:22,34,37,6318,9569
2023-11-08 10:51:22,34,36,6318,9569
2023-11-08 10:51:23,33,36,6318,9569
2023-11-08 10:51:24,34,36,6318,9569
2023-11-08 10:51:27,33,36,6318,9569
2023-11-08 10:51:28,34,36,6318,9569
2023-11-08 10:51:33,34,37,6318,9569
2023-11-08 10:51:38,34,36,6318,9569
2023-11-08 10:51:41,33,36,6318,9569
2023-11-08 10:51:42,34,36,6318,9569
2023-11-08 10:51:44,33,36,6318,9569
2023-11-08 10:51:46,34,36,6318,9569
2023-11-08 10:51:48,33,36,6318,9569
2023-11-08 10:51:49,34,36,6318,9569
2023-11-08 10:52:02,34,35,6318,9569
2023-11-08 10:52:17,34,36,6318,9569
2023-11-08 10:52:24,33,36,6318,9569
2023-11-08 10:52:30,34,36,6318,9569
2023-11-08 10:52:31,33,36,6318,9569
2023-11-08 10:52:35,34,36,6318,9569
2023-11-08 10:52:42,33,36,6318,9569
2023-11-08 10:52:43,34,36,6318,9569
2023-11-08 10:52:46,34,37,6318,9569
2023-11-08 10:52:47,35,37,6318,9569
2023-11-08 10:52:50,35,38,6318,9569
2023-11-08 10:52:51,36,38,6318,9569
2023-11-08 10:52:53,35,38,6318,9569
2023-11-08 10:52:53,36,38,6318,9569
2023-11-08 10:52:54,35,38,6318,9569
2023-11-08 10:52:54,36,38,6318,9569
2023-11-08 10:52:55,35,38,6318,9569
2023-11-08 10:52:56,36,38,6318,9569
2023-11-08 10:52:57,35,38,6318,9569
2023-11-08 10:52:57,35,37,6318,9569
2023-11-08 10:52:58,36,37,6318,9569
2023-11-08 10:52:59,35,37,6318,9569
2023-11-08 10:52:59,36,37,6318,9569
2023-11-08 10:53:01,36,38,6318,9569
2023-11-08 10:53:03,35,38,6318,9569
2023-11-08 10:53:03,36,38,6318,9569
2023-11-08 10:53:05,35,38,6318,9569
2023-11-08 10:53:06,36,38,6318,9569
2023-11-08 10:53:10,36,37,6318,9569
2023-11-08 10:53:10,35,37,6318,9569
2023-11-08 10:53:33,34,37,6318,9569
2023-11-08 10:53:34,35,37,6318,9569
2023-11-08 10:53:35,35,37,6318,9599
2023-11-08 10:53:37,34,37,6318,9599
2023-11-08 10:53:40,34,36,6318,9599
2023-11-08 10:53:45,34,37,6318,9599
2023-11-08 10:53:46,35,37,6318,9599
2023-11-08 10:53:51,35,38,6318,9599
2023-11-08 10:53:58,36,38,6318,9599
2023-11-08 10:54:00,37,38,6318,9599
2023-11-08 10:54:01,36,38,6318,9599
2023-11-08 10:54:02,37,38,6318,9599
2023-11-08 10:54:10,37,39,6318,9599
2023-11-08 10:54:14,38,39,6318,9599
2023-11-08 10:54:14,37,39,6318,9599
2023-11-08 10:54:51,38,39,6318,9599
2023-11-08 10:54:57,37,39,6318,9599
2023-11-08 10:55:27,36,39,6318,9599
2023-11-08 10:55:28,37,39,6318,9599
2023-11-08 10:55:32,36,39,6318,9599
2023-11-08 10:55:32,36,38,6318,9599
2023-11-08 10:55:41,36,37,6318,9599
2023-11-08 10:55:51,35,37,6318,9599
2023-11-08 10:55:55,35,36,6318,9599
2023-11-08 10:55:58,34,36,6318,9599
2023-11-08 10:56:32,35,36,6318,9599
2023-11-08 10:56:33,35,38,6318,9599
2023-11-08 10:56:33,35,37,6318,9599
2023-11-08 10:56:35,36,37,6318,9599
2023-11-08 10:56:38,35,37,6318,9599
2023-11-08 10:56:40,36,37,6318,9599
2023-11-08 10:56:42,35,37,6318,9599
2023-11-08 10:56:42,36,37,6318,9599
2023-11-08 10:56:46,35,37,6318,9599
2023-11-08 10:56:47,36,37,6318,9599
2023-11-08 10:56:49,35,37,6318,9599
2023-11-08 10:56:50,36,37,6318,9599
2023-11-08 10:56:51,35,37,6318,9599
2023-11-08 10:56:52,36,37,6318,9599
2023-11-08 10:56:55,35,37,6318,9599
2023-11-08 10:56:55,36,37,6318,9599
2023-11-08 10:56:56,35,37,6318,9599
2023-11-08 10:56:56,36,37,6318,9599
2023-11-08 10:57:01,36,39,6318,9599
2023-11-08 10:57:01,36,38,6318,9599
2023-11-08 10:57:02,37,38,6318,9599
2023-11-08 10:57:05,36,38,6318,9599
2023-11-08 10:57:05,37,38,6318,9599
2023-11-08 10:57:06,36,38,6318,9599
2023-11-08 10:57:13,35,38,6318,9599
2023-11-08 10:57:13,36,38,6318,9599
2023-11-08 10:57:14,35,38,6318,9599
2023-11-08 10:57:14,35,37,6318,9599
2023-11-08 10:57:19,35,39,6318,9599
2023-11-08 10:57:19,35,38,6318,9599
2023-11-08 10:57:21,36,38,6318,9599
2023-11-08 10:57:35,37,38,6318,9599
2023-11-08 10:57:36,37,39,6318,9599
2023-11-08 10:57:43,38,39,6318,9599
2023-11-08 10:57:54,37,39,6318,9599
2023-11-08 10:57:54,38,39,6318,9599
2023-11-08 10:57:58,37,38,6318,9770
2023-11-08 10:58:16,37,38,6518,9970
2023-11-08 10:58:21,37,38,6768,10220
2023-11-08 10:58:22,37,38,7018,10470
2023-11-08 10:58:23,37,38,7218,10670
2023-11-08 10:58:24,37,38,7418,10870
2023-11-08 10:58:24,37,38,7668,11120
2023-11-08 10:58:24,37,39,7668,11120
2023-11-08 10:58:24,38,39,7668,11120
2023-11-08 10:58:34,38,39,7668,11240
2023-11-08 10:58:37,37,39,7668,11240
2023-11-08 10:58:38,38,39,7668,11240
2023-11-08 10:58:42,37,38,7668,11428
2023-11-08 10:58:42,37,39,7668,11440
2023-11-08 10:58:43,38,39,7668,11440
2023-11-08 10:58:43,38,39,7668,11640
2023-11-08 10:58:46,37,38,7668,11721
2023-11-08 10:58:48,37,38,7868,11921
2023-11-08 10:58:49,37,38,7868,12121
2023-11-08 10:58:50,36,37,7868,12199
2023-11-08 10:59:12,36,37,8068,12399
2023-11-08 10:59:41,36,38,8068,12399
2023-11-08 10:59:42,36,37,8068,12399
2023-11-08 10:59:44,36,38,8068,12399
2023-11-08 10:59:50,37,38,8068,12399
2023-11-08 10:59:52,37,39,8068,12399
2023-11-08 10:59:56,36,39,8068,12399
2023-11-08 10:59:56,38,39,8068,12399
2023-11-08 11:00:16,38,39,8255,12599
2023-11-08 11:00:21,37,39,8255,12599
2023-11-08 11:00:21,38,39,8255,12599
2023-11-08 11:00:32,37,39,8255,12599
2023-11-08 11:00:32,38,39,8255,12599
2023-11-08 11:00:33,37,39,8255,12599
2023-11-08 11:00:33,38,39,8255,12599
2023-11-08 11:00:34,38,39,8455,12799
2023-11-08 11:00:34,37,39,8455,12799
2023-11-08 11:00:35,37,38,8455,12799
2023-11-08 11:00:35,35,38,8455,12799
2023-11-08 11:00:35,36,38,8455,12799
2023-11-08 11:00:36,36,37,8455,12799
2023-11-08 11:00:43,35,37,8455,12799
2023-11-08 11:00:44,36,37,8455,12799
2023-11-08 11:00:47,36,38,8455,12799
2023-11-08 11:00:57,36,37,8455,12799
2023-11-08 11:00:57,35,37,8455,12799
2023-11-08 11:01:01,35,38,8455,12799
2023-11-08 11:01:01,35,37,8455,12799
2023-11-08 11:01:04,35,36,8455,12799
2023-11-08 11:01:04,34,36,8455,12799
2023-11-08 11:01:12,33,36,8455,12799
2023-11-08 11:01:14,34,36,8455,12799
2023-11-08 11:01:21,34,37,8455,12799
2023-11-08 11:01:21,35,37,8455,12799
2023-11-08 11:01:21,35,37,8455,12819
2023-11-08 11:01:22,35,38,8455,12819
2023-11-08 11:01:23,36,38,8455,12819
2023-11-08 11:01:28,36,39,8455,12819
2023-11-08 11:01:29,36,38,8455,12819
2023-11-08 11:01:30,36,39,8455,12819
2023-11-08 11:01:34,36,38,8455,12819
2023-11-08 11:01:38,35,38,8455,12819
2023-11-08 11:01:48,35,37,8455,12819
2023-11-08 11:02:26,35,38,8455,12819
2023-11-08 11:02:27,36,38,8455,12819
2023-11-08 11:02:31,36,37,8455,12819
2023-11-08 11:02:31,35,37,8455,12819
2023-11-08 11:02:54,34,37,8455,12819
2023-11-08 11:02:54,34,36,8455,12819
2023-11-08 11:03:01,34,37,8455,12819
2023-11-08 11:03:01,35,37,8455,12819
2023-11-08 11:03:10,34,37,8455,12819
2023-11-08 11:03:10,35,37,8455,12819
2023-11-08 11:03:16,35,36,8455,12819
2023-11-08 11:03:16,34,36,8455,12819
2023-11-08 11:03:17,34,37,8455,12819
2023-11-08 11:03:17,35,37,8455,12819
2023-11-08 11:03:19,35,36,8455,12819
2023-11-08 11:03:19,34,36,8455,12819
2023-11-08 11:03:28,34,35,8455,12819
2023-11-08 11:03:30,34,36,8455,12819
2023-11-08 11:03:32,34,35,8455,12819
2023-11-08 11:03:33,34,36,8455,12819
2023-11-08 11:03:41,34,35,8455,12819
2023-11-08 11:03:41,33,35,8455,12819
2023-11-08 11:03:56,33,36,8455,12819
2023-11-08 11:03:57,34,36,8455,12819
2023-11-08 11:04:17,33,36,8455,12819
2023-11-08 11:04:17,34,36,8455,12819
2023-11-08 11:04:18,34,35,8455,12819
2023-11-08 11:04:18,33,35,8455,12819
2023-11-08 11:04:26,33,36,8455,12819
2023-11-08 11:04:28,33,35,8455,12819
2023-11-08 11:04:31,33,36,8455,12819
2023-11-08 11:04:33,33,35,8455,12819
2023-11-08 11:04:56,33,34,8455,12819
2023-11-08 11:04:57,33,35,8455,12839
2023-11-08 11:04:58,33,36,8455,12839
2023-11-08 11:05:02,33,35,8455,12839
2023-11-08 11:05:04,33,36,8455,12839
2023-11-08 11:05:07,33,35,8455,12839
2023-11-08 11:05:09,33,36,8455,12839
2023-11-08 11:05:11,33,35,8455,12839
2023-11-08 11:05:20,33,36,8455,12839
2023-11-08 11:05:23,34,36,8455,12839
2023-11-08 11:05:25,35,36,8455,12839
2023-11-08 11:05:32,35,37,8455,12839
2023-11-08 11:05:41,35,36,8455,12839
2023-11-08 11:05:42,35,37,8455,12839
2023-11-08 11:05:44,35,36,8455,12839
2023-11-08 11:05:45,35,37,8455,12839
2023-11-08 11:05:55,35,36,8455,12839
2023-11-08 11:05:57,35,37,8455,12839
2023-11-08 11:06:02,35,36,8455,12839
2023-11-08 11:06:30,35,37,8455,12839
2023-11-08 11:06:44,35,38,8455,12839
2023-11-08 11:06:47,35,37,8455,12839
2023-11-08 11:06:50,35,38,8455,12839
2023-11-08 11:06:51,35,37,8455,12839
2023-11-08 11:07:02,36,37,8455,12839
2023-11-08 11:07:12,35,37,8455,12839
2023-11-08 11:07:36,35,38,8455,12839
2023-11-08 11:07:41,35,39,8455,12839
2023-11-08 11:07:46,35,38,8455,12839
2023-11-08 11:07:55,35,39,8455,12839
2023-11-08 11:08:09,36,39,8455,12839
2023-11-08 11:08:16,37,39,8455,12839
2023-11-08 11:08:17,37,40,8455,12839
2023-11-08 11:08:21,38,40,8455,12839
2023-11-08 11:08:21,38,40,8396,12899
2023-11-08 11:08:22,37,40,8396,12899
2023-11-08 11:09:23,37,39,8396,12899
2023-11-08 11:09:35,37,40,8396,12899
2023-11-08 11:09:50,38,40,8396,12899
2023-11-08 11:10:09,37,40,8396,12899
2023-11-08 11:10:10,38,40,8396,12899
2023-11-08 11:10:11,37,40,8396,12899
2023-11-08 11:10:14,37,39,8396,12899
2023-11-08 11:10:26,37,38,8396,12899
2023-11-08 11:10:29,37,39,8396,12899
2023-11-08 11:10:29,37,38,8396,12899
2023-11-08 11:10:38,35,38,8396,12899
2023-11-08 11:10:38,36,38,8396,12899
2023-11-08 11:10:39,35,38,8396,12899
2023-11-08 11:10:40,35,37,8396,12899
2023-11-08 11:11:15,35,36,8396,12899
2023-11-08 11:11:20,35,37,8396,12899
2023-11-08 11:11:24,35,36,8396,12899
2023-11-08 11:11:26,35,37,8396,12899
2023-11-08 11:11:42,35,36,8396,12899
2023-11-08 11:11:45,34,36,8396,12899
2023-11-08 11:11:50,33,36,8396,12899
2023-11-08 11:11:54,34,36,8396,12899
2023-11-08 11:11:57,34,37,8396,12899
2023-11-08 11:11:58,34,36,8396,12899
2023-11-08 11:12:03,34,37,8396,12899
2023-11-08 11:12:06,34,36,8396,12899
2023-11-08 11:12:07,33,36,8396,12899
2023-11-08 11:12:07,34,36,8396,12899
2023-11-08 11:12:13,33,36,8396,12899
2023-11-08 11:12:18,33,35,8396,12899
2023-11-08 11:12:20,33,36,8396,12899
2023-11-08 11:12:21,33,35,8396,12899
2023-11-08 11:12:53,33,36,8396,12899
2023-11-08 11:12:57,33,35,8396,12899
2023-11-08 11:13:17,31,35,8396,12899
2023-11-08 11:13:17,32,35,8396,12899
2023-11-08 11:13:19,31,35,8396,12899
2023-11-08 11:13:19,32,35,8396,12899
2023-11-08 11:13:20,32,34,8396,12899
2023-11-08 11:13:29,32,34,8396,13149
2023-11-08 11:13:30,32,35,8396,13149
2023-11-08 11:13:33,32,34,8396,13149
2023-11-08 11:13:44,32,35,8396,13149
2023-11-08 11:13:45,33,35,8396,13149
2023-11-08 11:13:46,32,35,8396,13149
2023-11-08 11:13:47,33,35,8396,13149
2023-11-08 11:13:53,33,36,8396,13149
2023-11-08 11:13:54,34,36,8396,13149
2023-11-08 11:13:55,33,36,8396,13149
2023-11-08 11:13:56,34,36,8396,13149
2023-11-08 11:14:00,33,36,8396,13149
2023-11-08 11:14:00,34,36,8396,13149
2023-11-08 11:14:01,34,35,8396,13149
2023-11-08 11:14:01,33,35,8396,13149
2023-11-08 11:14:42,33,36,8396,13149
2023-11-08 11:14:42,34,36,8396,13149
2023-11-08 11:14:46,33,36,8396,13149
2023-11-08 11:14:46,34,36,8396,13149
2023-11-08 11:14:49,34,35,8396,13149
2023-11-08 11:14:49,33,35,8396,13149
2023-11-08 11:14:49,34,35,8396,13149
2023-11-08 11:14:50,33,35,8396,13149
2023-11-08 11:15:09,34,35,8396,13149
2023-11-08 11:15:10,33,35,8396,13149
2023-11-08 11:15:11,33,36,8396,13149
2023-11-08 11:15:12,34,36,8396,13149
2023-11-08 11:15:13,34,35,8396,13149
2023-11-08 11:15:13,33,35,8396,13149
2023-11-08 11:15:13,34,35,8396,13149
2023-11-08 11:15:17,34,36,8396,13149
2023-11-08 11:15:24,34,35,8396,13149
2023-11-08 11:15:25,33,35,8396,13149
2023-11-08 11:15:41,33,34,8396,13149
2023-11-08 11:15:44,33,35,8396,13149
2023-11-08 11:15:54,33,34,8396,13149
2023-11-08 11:15:59,31,34,8396,13149
2023-11-08 11:15:59,32,34,8396,13149
2023-11-08 11:16:14,32,33,8396,13149
2023-11-08 11:16:15,31,33,8396,13149
2023-11-08 11:16:16,31,32,8396,13149
2023-11-08 11:16:16,31,32,8336,13209
2023-11-08 11:16:17,30,32,8336,13209
2023-11-08 11:16:22,30,31,8336,13209
2023-11-08 11:16:25,29,31,8343,13223
2023-11-08 11:16:26,29,32,8343,13223
2023-11-08 11:16:26,30,32,8343,13223
2023-11-08 11:16:27,30,33,8343,13440
2023-11-08 11:16:30,30,34,8343,13440
2023-11-08 11:16:30,30,33,8343,13440
2023-11-08 11:16:30,31,33,8343,13440
2023-11-08 11:16:42,30,33,8343,13440
2023-11-08 11:16:43,30,32,8343,13440
2023-11-08 11:16:43,29,32,8343,13440
2023-11-08 11:16:44,30,32,8343,13440
2023-11-08 11:16:50,30,33,8343,13440
2023-11-08 11:16:52,31,33,8343,13440
2023-11-08 11:16:57,31,34,8343,13440
2023-11-08 11:16:59,31,33,8343,13440
2023-11-08 11:17:00,30,33,8343,13440
2023-11-08 11:17:00,31,33,8343,13440
2023-11-08 11:17:01,29,33,8343,13440
2023-11-08 11:17:01,30,33,8343,13440
2023-11-08 11:17:02,30,32,8343,13440
2023-11-08 11:17:06,30,33,8343,13440
2023-11-08 11:17:09,30,32,8343,13440
2023-11-08 11:17:10,29,32,8343,13440
2023-11-08 11:17:11,30,32,8343,13440
2023-11-08 11:17:12,29,32,8343,13440
2023-11-08 11:17:15,30,32,8343,13440
2023-11-08 11:17:16,29,32,8343,13440
2023-11-08 11:17:16,30,32,8343,13440
2023-11-08 11:17:20,29,32,8343,13440
2023-11-08 11:17:26,29,31,8343,13440
2023-11-08 11:17:28,29,30,8343,13440
2023-11-08 11:17:28,28,30,8343,13440
2023-11-08 11:18:11,28,31,8343,13440
2023-11-08 11:18:12,29,31,8343,13440
2023-11-08 11:18:13,28,31,8343,13440
2023-11-08 11:18:19,28,30,8343,13440
2023-11-08 11:18:25,27,30,8343,13440
2023-11-08 11:18:45,28,30,8343,13440
2023-11-08 11:18:58,28,31,8343,13640
2023-11-08 11:18:59,29,31,8343,13640
2023-11-08 11:19:00,28,31,8343,13640
2023-11-08 11:19:05,29,31,8343,13640
2023-11-08 11:19:06,29,32,8343,13640
2023-11-08 11:19:07,29,33,8343,13640
2023-11-08 11:19:07,30,33,8343,13640
2023-11-08 11:19:10,30,32,8343,13640
2023-11-08 11:19:16,29,32,8343,13640
2023-11-08 11:19:18,30,32,8343,13640
2023-11-08 11:19:19,30,33,8343,13640
2023-11-08 11:19:23,30,32,8343,13640
2023-11-08 11:19:35,29,32,8343,13640
2023-11-08 11:19:40,30,32,8343,13640
2023-11-08 11:19:41,29,32,8343,13640
2023-11-08 11:19:46,30,32,8343,13640
2023-11-08 11:19:47,29,32,8343,13640
2023-11-08 11:19:47,30,32,8343,13640
2023-11-08 11:19:48,29,32,8343,13640
2023-11-08 11:19:50,30,32,8343,13640
2023-11-08 11:19:51,29,32,8343,13640
2023-11-08 11:19:58,30,32,8343,13640
2023-11-08 11:20:00,29,32,8343,13640
2023-11-08 11:20:00,30,32,8343,13640
2023-11-08 11:20:02,29,32,8343,13640
2023-11-08 11:20:04,30,32,8343,13640
2023-11-08 11:20:19,29,32,8343,13640
2023-11-08 11:20:19,30,32,8343,13640
2023-11-08 11:20:19,30,33,8343,13840
2023-11-08 11:20:20,31,33,8343,13840
2023-11-08 11:20:26,31,34,8343,13840
2023-11-08 11:20:29,32,34,8343,13840
2023-11-08 11:20:35,32,35,8343,13840
2023-11-08 11:20:35,33,35,8343,13840
2023-11-08 11:20:47,32,35,8343,13840
2023-11-08 11:20:48,33,35,8343,13840
2023-11-08 11:20:51,34,35,8343,13840
2023-11-08 11:21:08,34,36,8343,13840
2023-11-08 11:21:12,33,36,8343,13840
2023-11-08 11:21:12,35,36,8343,13840
2023-11-08 11:21:16,35,37,8343,13840
2023-11-08 11:21:18,35,38,8343,13840
2023-11-08 11:21:19,36,38,8343,13840
2023-11-08 11:21:26,36,39,8343,13840
2023-11-08 11:21:26,37,39,8343,13840
2023-11-08 11:21:28,37,40,8343,13840
2023-11-08 11:21:29,38,40,8343,13840
2023-11-08 11:21:41,39,40,8343,13840
2023-11-08 11:21:59,38,40,8343,13840
2023-11-08 11:22:01,37,40,8343,13840
2023-11-08 11:22:01,38,40,8343,13840
2023-11-08 11:22:05,38,39,8343,13840
2023-11-08 11:22:05,37,39,8343,13840
2023-11-08 11:22:17,36,39,8343,13840
2023-11-08 11:22:18,36,38,8343,13840
2023-11-08 11:22:19,36,39,8343,13840
2023-11-08 11:22:21,36,38,8343,13840
2023-11-08 11:22:24,36,39,8343,13840
2023-11-08 11:22:31,37,39,8343,13840
2023-11-08 11:22:47,36,39,8343,13840
2023-11-08 11:22:49,37,39,8343,13840
2023-11-08 11:22:56,37,40,8343,13840
2023-11-08 11:22:57,38,40,8343,13840
2023-11-08 11:23:08,37,40,8343,13840
2023-11-08 11:23:08,39,40,8343,13840
2023-11-08 11:23:21,39,41,8343,14040
2023-11-08 11:23:22,40,41,8343,14040
2023-11-08 11:23:29,39,41,8343,14040
2023-11-08 11:23:29,40,41,8343,14040
2023-11-08 11:23:32,39,41,8343,14040
2023-11-08 11:23:39,39,40,8343,14040
2023-11-08 11:23:39,38,40,8343,14040
2023-11-08 11:23:43,38,41,8343,14040
2023-11-08 11:23:43,39,41,8343,14040
2023-11-08 11:23:44,38,41,8343,14040
2023-11-08 11:23:45,39,41,8343,14040
2023-11-08 11:23:46,38,41,8343,14040
2023-11-08 11:23:47,39,41,8343,14040
2023-11-08 11:23:48,38,41,8343,14040
2023-11-08 11:23:50,38,40,8343,14040
2023-11-08 11:23:51,38,41,8343,14040
2023-11-08 11:23:52,39,41,8343,14040
2023-11-08 11:24:02,40,41,8343,14040
2023-11-08 11:24:03,39,41,8343,14040
2023-11-08 11:24:03,40,41,8343,14040
2023-11-08 11:24:04,39,41,8343,14040
2023-11-08 11:24:09,40,41,8343,14040
2023-11-08 11:24:16,40,42,8343,14040
2023-11-08 11:24:20,41,42,8343,14040
2023-11-08 11:24:23,41,43,8343,14040
2023-11-08 11:24:33,40,43,8343,14040
2023-11-08 11:24:33,42,43,8343,14040
2023-11-08 11:24:34,40,43,8343,14040
2023-11-08 11:24:34,41,43,8343,14040
2023-11-08 11:24:35,42,43,8343,14040
2023-11-08 11:24:36,41,43,8343,14040
2023-11-08 11:24:36,42,43,8343,14040
2023-11-08 11:24:40,42,45,8343,14040
2023-11-08 11:24:40,43,45,8343,14040
2023-11-08 11:24:41,44,45,8343,14040
2023-11-08 11:24:41,45,46,8343,14043
2023-11-08 11:24:57,42,45,8343,14156
2023-11-08 11:24:57,43,45,8343,14156
2023-11-08 11:25:03,43,46,8343,14156
2023-11-08 11:25:03,44,46,8343,14156
2023-11-08 11:25:04,44,45,8343,14156
2023-11-08 11:25:05,44,46,8343,14156
2023-11-08 11:25:06,44,45,8343,14156
2023-11-08 11:25:12,44,46,8343,14156
2023-11-08 11:25:17,43,46,8343,14156
2023-11-08 11:25:17,45,46,8343,14156
2023-11-08 11:25:27,43,46,8343,14156
2023-11-08 11:25:27,45,46,8343,14156
2023-11-08 11:25:29,43,46,8343,14156
2023-11-08 11:25:29,44,46,8343,14156
2023-11-08 11:25:31,44,45,8343,14156
2023-11-08 11:25:31,42,45,8343,14156
2023-11-08 11:25:31,43,45,8343,14156
2023-11-08 11:25:32,42,45,8343,14156
2023-11-08 11:25:33,42,44,8343,14156
2023-11-08 11:25:37,42,45,8343,14156
2023-11-08 11:25:37,43,45,8343,14156
2023-11-08 11:25:45,42,45,8343,14156
2023-11-08 11:25:45,43,45,8343,14156
2023-11-08 11:25:48,42,45,8343,14156
2023-11-08 11:25:48,43,45,8343,14156
2023-11-08 11:25:49,42,45,8343,14156
2023-11-08 11:25:50,43,45,8343,14156
2023-11-08 11:25:51,42,45,8343,14156
2023-11-08 11:25:55,42,44,8343,14156
2023-11-08 11:25:58,42,45,8343,14156
2023-11-08 11:25:59,43,45,8343,14156
2023-11-08 11:26:09,42,45,8343,14156
2023-11-08 11:26:09,43,45,8343,14156
2023-11-08 11:26:12,42,45,8343,14156
2023-11-08 11:26:13,43,45,8343,14156
2023-11-08 11:26:24,43,46,8343,14156
2023-11-08 11:26:24,43,45,8343,14156
2023-11-08 11:26:28,44,45,8343,14156
2023-11-08 11:26:37,43,45,8343,14156
2023-11-08 11:26:38,44,45,8343,14156
2023-11-08 11:26:43,42,45,8343,14156
2023-11-08 11:26:43,44,45,8343,14156
2023-11-08 11:26:44,42,45,8343,14156
2023-11-08 11:26:44,43,45,8343,14156
2023-11-08 11:26:51,42,45,8343,14156
2023-11-08 11:26:51,43,45,8343,14156
2023-11-08 11:26:56,43,44,8343,14156
2023-11-08 11:26:56,42,44,8343,14156
2023-11-08 11:27:03,43,44,8343,14156
2023-11-08 11:27:04,42,44,8343,14156
2023-11-08 11:27:05,43,44,8343,14156
2023-11-08 11:27:06,42,44,8343,14156
2023-11-08 11:27:15,43,44,8343,14156
2023-11-08 11:27:16,43,45,8343,14156
2023-11-08 11:27:22,42,45,8343,14156
2023-11-08 11:27:25,42,44,8343,14156
2023-11-08 11:27:34,42,43,8343,14156
2023-11-08 11:27:34,41,43,8343,14156
2023-11-08 11:27:55,41,44,8343,14156
2023-11-08 11:27:58,42,44,8343,14156
2023-11-08 11:28:03,42,43,8343,14156
2023-11-08 11:28:03,41,43,8343,14156
2023-11-08 11:28:05,41,42,8343,14156
2023-11-08 11:28:14,40,42,8343,14156
2023-11-08 11:28:24,40,42,8343,14306
2023-11-08 11:28:31,40,41,8343,14306
2023-11-08 11:28:33,39,41,8343,14306
2023-11-08 11:28:44,39,42,8343,14306
2023-11-08 11:28:46,39,41,8343,14306
2023-11-08 11:28:46,39,42,8343,14306
2023-11-08 11:28:49,40,42,8343,14306
2023-11-08 11:28:56,39,42,8343,14306
2023-11-08 11:28:57,40,42,8343,14306
2023-11-08 11:29:00,39,42,8343,14306
2023-11-08 11:29:03,39,41,8343,14306
2023-11-08 11:29:04,39,42,8343,14306
2023-11-08 11:29:04,39,41,8343,14306
2023-11-08 11:29:17,39,42,8343,14306
2023-11-08 11:29:18,39,41,8343,14306
2023-11-08 11:29:30,39,42,8343,14306
2023-11-08 11:29:32,39,41,8343,14306
2023-11-08 11:29:41,39,42,8343,14306
2023-11-08 11:29:41,39,41,8343,14306
2023-11-08 11:29:42,39,42,8343,14306
2023-11-08 11:29:42,39,41,8343,14306
2023-11-08 11:29:44,39,42,8343,14306
2023-11-08 11:29:47,40,42,8343,14306
2023-11-08 11:29:48,39,42,8343,14306
2023-11-08 11:29:50,40,42,8343,14306
2023-11-08 11:29:51,39,42,8343,14306
2023-11-08 11:29:56,39,41,8343,14306
2023-11-08 11:29:56,40,41,8343,14306
2023-11-08 11:30:03,40,43,8543,14506
2023-11-08 11:30:03,41,43,8543,14506
2023-11-08 11:30:05,41,44,8543,14506
2023-11-08 11:30:05,41,43,8543,14506
2023-11-08 11:30:05,41,44,8543,14506
2023-11-08 11:30:08,42,44,8543,14506
2023-11-08 11:30:10,42,45,8543,14506
2023-11-08 11:30:14,43,45,8543,14506
2023-11-08 11:30:21,42,45,8543,14506
2023-11-08 11:30:21,43,45,8543,14506
2023-11-08 11:30:23,43,44,8543,14506
2023-11-08 11:30:27,42,44,8543,14506
2023-11-08 11:30:27,43,44,8543,14506
2023-11-08 11:30:27,43,44,8543,14606
2023-11-08 11:30:38,42,44,8543,14606
2023-11-08 11:30:38,43,44,8543,14606
2023-11-08 11:30:40,42,44,8543,14606
2023-11-08 11:30:42,41,44,8543,14606
2023-11-08 11:30:43,41,43,8543,14606
2023-11-08 11:30:47,41,44,8543,14606
2023-11-08 11:30:47,42,44,8543,14606
2023-11-08 11:30:48,41,44,8543,14606
2023-11-08 11:30:48,42,44,8543,14606
2023-11-08 11:30:54,42,45,8543,14606
2023-11-08 11:30:55,42,44,8543,14606
2023-11-08 11:31:03,41,44,8543,14606
2023-11-08 11:31:03,42,44,8543,14606
2023-11-08 11:31:08,41,44,8543,14606
2023-11-08 11:31:10,41,43,8543,14606
2023-11-08 11:31:11,40,43,8543,14606
2023-11-08 11:31:11,41,43,8543,14606
2023-11-08 11:31:18,40,43,8543,14606
2023-11-08 11:31:23,40,42,8543,14606
2023-11-08 11:31:24,40,43,8543,14606
2023-11-08 11:31:27,40,42,8543,14606
2023-11-08 11:31:28,40,43,8543,14606
2023-11-08 11:31:32,40,42,8543,14606
2023-11-08 11:31:32,40,41,8543,14606
2023-11-08 11:31:42,38,40,8543,14611
2023-11-08 11:31:43,38,39,8543,14611
2023-11-08 11:31:43,38,40,8543,14861
2023-11-08 11:31:44,38,40,8743,15061
2023-11-08 11:31:44,39,40,8743,15061
2023-11-08 11:31:44,39,41,8743,15061
2023-11-08 11:31:44,39,42,8743,15061
2023-11-08 11:31:44,39,43,8743,15061
2023-11-08 11:31:44,39,44,8743,15061
2023-11-08 11:31:44,39,43,8743,15061
2023-11-08 11:31:44,39,44,8743,15061
2023-11-08 11:31:45,39,43,8743,15061
2023-11-08 11:31:45,40,43,8743,15061
2023-11-08 11:31:46,40,42,8743,15061
2023-11-08 11:31:46,39,42,8743,15061
2023-11-08 11:31:46,41,42,8743,15061
2023-11-08 11:31:47,41,43,8743,15061
2023-11-08 11:31:47,41,42,8743,15061
2023-11-08 11:31:50,41,43,8743,15061
2023-11-08 11:31:51,41,42,8743,15061
2023-11-08 11:31:52,41,43,8743,15061
2023-11-08 11:31:53,41,42,8743,15061
2023-11-08 11:31:54,41,43,8743,15061
2023-11-08 11:31:56,41,44,8743,15061
2023-11-08 11:31:56,41,43,8743,15061
2023-11-08 11:31:56,42,43,8743,15061
2023-11-08 11:31:59,42,44,8743,15061
2023-11-08 11:31:59,43,44,8743,15061
2023-11-08 11:32:04,43,44,8652,15261
2023-11-08 11:32:04,41,44,8652,15261
2023-11-08 11:32:04,42,44,8652,15261
2023-11-08 11:32:04,43,44,8652,15261
2023-11-08 11:32:10,43,44,8754,15363
2023-11-08 11:32:11,43,45,8754,15363
2023-11-08 11:32:11,44,45,8754,15363
2023-11-08 11:32:13,44,45,8754,15563
2023-11-08 11:32:31,43,45,8754,15563
2023-11-08 11:32:33,44,45,8754,15563
2023-11-08 11:32:34,44,45,8814,15623
2023-11-08 11:32:34,43,45,8814,15623
2023-11-08 11:32:52,43,44,8814,15623
2023-11-08 11:32:53,41,44,8814,15623
2023-11-08 11:32:53,42,44,8814,15623
2023-11-08 11:32:55,42,43,8814,15623
2023-11-08 11:33:21,42,44,8814,15623
2023-11-08 11:33:22,42,43,8814,15623
2023-11-08 11:33:38,42,44,8814,15623
2023-11-08 11:33:38,41,44,8814,15623
2023-11-08 11:33:38,43,44,8814,15623
2023-11-08 11:33:51,43,45,8814,15623
2023-11-08 11:33:51,42,45,8814,15623
2023-11-08 11:33:52,44,45,8814,15623
2023-11-08 11:33:52,42,45,8814,15623
2023-11-08 11:33:52,43,45,8814,15623
2023-11-08 11:33:53,43,44,8814,15623
2023-11-08 11:34:03,43,45,8814,15623
2023-11-08 11:34:03,43,44,8814,15623
2023-11-08 11:34:10,43,45,8814,15623
2023-11-08 11:34:11,42,45,8814,15623
2023-11-08 11:34:11,44,45,8814,15623
2023-11-08 11:34:26,43,45,8814,15623
2023-11-08 11:34:26,43,44,8814,15623
2023-11-08 11:34:28,43,45,8814,15623
2023-11-08 11:34:29,44,45,8814,15623
2023-11-08 11:34:56,43,45,8814,15623
2023-11-08 11:34:56,43,44,8814,15623
2023-11-08 11:34:58,41,44,8814,15623
2023-11-08 11:34:58,42,44,8814,15623
2023-11-08 11:34:59,42,43,8814,15623
2023-11-08 11:35:03,41,43,8814,15732
2023-11-08 11:35:06,40,43,8814,15732
2023-11-08 11:35:07,41,43,8814,15732
2023-11-08 11:35:15,41,44,8814,15732
2023-11-08 11:35:19,40,44,8814,15732
2023-11-08 11:35:19,40,43,8814,15732
2023-11-08 11:35:22,40,44,8814,15732
2023-11-08 11:35:28,40,43,8814,15732
2023-11-08 11:35:37,39,43,8814,15732
2023-11-08 11:35:43,39,42,8814,15732
2023-11-08 11:35:52,39,43,8814,15732
2023-11-08 11:35:57,39,42,8814,15732
2023-11-08 11:36:09,39,43,8814,15732
2023-11-08 11:36:10,40,43,8814,15732
2023-11-08 11:36:12,39,43,8814,15732
2023-11-08 11:36:13,40,43,8814,15732
2023-11-08 11:36:15,39,43,8814,15732
2023-11-08 11:36:16,40,43,8814,15732
2023-11-08 11:36:19,39,43,8814,15732
2023-11-08 11:36:20,40,43,8814,15732
2023-11-08 11:36:23,39,43,8814,15732
2023-11-08 11:36:24,40,43,8814,15732
2023-11-08 11:36:29,40,44,8814,15732
2023-11-08 11:36:33,40,43,8814,15732
2023-11-08 11:36:37,40,44,8814,15732
2023-11-08 11:36:46,41,44,8814,15732
2023-11-08 11:36:48,40,44,8814,15732
2023-11-08 11:36:54,40,43,8814,15732
2023-11-08 11:37:01,39,43,8814,15732
2023-11-08 11:37:08,39,42,8814,15732
2023-11-08 11:37:15,39,43,8814,15732
2023-11-08 11:37:18,39,42,8814,15732
2023-11-08 11:37:37,39,41,8814,15732
2023-11-08 11:37:40,38,41,8814,15732
2023-11-08 11:37:44,38,40,8814,15732
2023-11-08 11:37:46,38,41,8814,15732
2023-11-08 11:37:48,38,40,8814,15732
2023-11-08 11:37:50,38,41,8814,15732
2023-11-08 11:38:11,38,42,8814,15732
2023-11-08 11:38:13,39,42,8814,15732
2023-11-08 11:38:15,38,42,8814,15732
2023-11-08 11:38:16,39,42,8814,15732
2023-11-08 11:38:18,39,43,8814,15732
2023-11-08 11:38:24,40,43,8814,15732
2023-11-08 11:38:26,39,43,8814,15732
2023-11-08 11:38:26,39,42,8814,15732
2023-11-08 11:38:27,39,43,8814,15732
2023-11-08 11:38:27,40,43,8814,15732
2023-11-08 11:38:28,39,43,8814,15732
2023-11-08 11:38:55,39,42,8814,15848
2023-11-08 11:39:09,40,42,8814,15848
2023-11-08 11:39:09,40,43,8814,15848
2023-11-08 11:39:10,40,44,8814,15848
2023-11-08 11:39:17,41,44,8814,15848
2023-11-08 11:39:23,41,45,8814,15848
2023-11-08 11:39:28,41,44,8814,15848
2023-11-08 11:39:35,43,44,8814,15848
2023-11-08 11:39:35,43,45,8814,15848
2023-11-08 11:39:35,43,45,8814,15848
2023-11-08 11:39:35,43,46,8814,15848
2023-11-08 11:39:36,44,46,8814,15848
2023-11-08 11:39:45,43,46,8814,15848
2023-11-08 11:39:45,44,46,8814,15848
2023-11-08 11:39:47,43,46,8814,15848
2023-11-08 11:39:52,44,46,8814,15848
2023-11-08 11:39:54,43,46,8814,15848
2023-11-08 11:39:54,44,46,8814,15848
2023-11-08 11:39:55,43,46,8814,15848
2023-11-08 11:40:04,44,46,8814,15848
2023-11-08 11:40:06,43,46,8814,15848
2023-11-08 11:40:06,44,46,8814,15848
2023-11-08 11:40:11,43,46,8814,15848
2023-11-08 11:40:11,44,46,8814,15848
2023-11-08 11:40:18,43,46,8814,15848
2023-11-08 11:40:19,44,46,8814,15848
2023-11-08 11:40:20,43,46,8814,15848
2023-11-08 11:40:20,44,46,8814,15848
2023-11-08 11:40:23,43,46,8814,15848
2023-11-08 11:40:40,44,46,8814,15848
2023-11-08 11:40:41,43,46,8814,15848
2023-11-08 11:40:59,43,46,8814,15954
2023-11-08 11:41:25,44,46,8814,15954
2023-11-08 11:41:44,43,46,8814,15954
2023-11-08 11:41:45,44,46,8814,15954
2023-11-08 11:41:49,43,46,8814,15954
2023-11-08 11:42:01,43,45,8814,15954
2023-11-08 11:42:01,42,44,8814,15954
2023-11-08 11:42:02,41,44,8814,15954
2023-11-08 11:42:20,41,45,8814,15954
2023-11-08 11:42:20,42,45,8814,15954
2023-11-08 11:42:26,43,45,8814,15954
2023-11-08 11:42:27,43,46,8814,15954
2023-11-08 11:42:28,43,45,8814,15954
2023-11-08 11:42:34,43,45,8814,15954
2023-11-08 11:42:35,43,46,8814,15954
2023-11-08 11:42:40,43,45,8814,15954
2023-11-08 11:42:41,42,45,8814,15954
2023-11-08 11:42:43,42,44,8814,15954
2023-11-08 11:42:43,41,44,8814,15954
2023-11-08 11:42:44,41,45,8814,15954
2023-11-08 11:42:44,42,45,8814,15954
2023-11-08 11:42:51,42,46,8814,15954
2023-11-08 11:42:51,43,46,8814,15954
2023-11-08 11:43:06,42,46,8814,15954
2023-11-08 11:43:06,42,45,8814,15954
2023-11-08 11:43:14,41,45,8814,15954
2023-11-08 11:43:14,41,44,8814,15954
2023-11-08 11:43:25,40,44,8814,15954
2023-11-08 11:43:26,40,43,8814,15954
2023-11-08 11:43:54,40,42,8814,15954
2023-11-08 11:44:02,40,43,8814,15954
2023-11-08 11:44:03,40,42,8814,15954
2023-11-08 11:44:08,40,43,8814,15954
2023-11-08 11:44:11,40,42,8814,15954
2023-11-08 11:44:14,40,42,8926,16066
2023-11-08 11:44:15,40,41,8926,16066
2023-11-08 11:44:15,39,41,8926,16066
2023-11-08 11:44:16,39,42,8926,16066
2023-11-08 11:44:43,39,41,8926,16066
2023-11-08 11:44:51,38,41,8926,16066
2023-11-08 11:45:05,38,40,8926,16066
2023-11-08 11:45:18,37,40,8926,16066
2023-11-08 11:45:29,37,41,8926,16066
2023-11-08 11:45:30,37,40,8926,16066
2023-11-08 11:45:48,37,41,8926,16066
2023-11-08 11:46:03,37,40,8926,16066
2023-11-08 11:46:05,37,41,8926,16066
2023-11-08 11:46:19,37,40,8926,16066
2023-11-08 11:46:23,37,39,8926,16066
2023-11-08 11:47:00,36,39,8926,16066
2023-11-08 11:47:22,36,40,8926,16066
2023-11-08 11:47:24,37,40,8926,16066
2023-11-08 11:47:28,37,41,8926,16066
2023-11-08 11:47:32,38,41,8926,16066
2023-11-08 11:47:36,38,42,8926,16066
2023-11-08 11:47:40,38,41,8926,16066
2023-11-08 11:47:47,37,41,8926,16066
2023-11-08 11:48:00,37,40,8926,16066
2023-11-08 11:48:02,36,40,8926,16066
2023-11-08 11:48:09,36,39,8926,16066
2023-11-08 11:48:11,36,38,8926,16066
2023-11-08 11:48:21,36,39,8926,16066
2023-11-08 11:48:23,35,39,8926,16368
2023-11-08 11:48:24,35,38,8926,16368
2023-11-08 11:48:29,35,39,8926,16368
2023-11-08 11:48:29,36,39,8926,16368
2023-11-08 11:48:35,36,40,8926,16368
2023-11-08 11:48:40,37,40,8926,16368
2023-11-08 11:48:42,36,40,8926,16368
2023-11-08 11:48:45,37,40,8926,16368
2023-11-08 11:48:50,37,41,8926,16368
2023-11-08 11:48:55,38,41,8926,16368
2023-11-08 11:48:58,39,41,8926,16368
2023-11-08 11:48:59,39,42,8926,16368
2023-11-08 11:49:08,40,42,8926,16368
2023-11-08 11:49:09,40,44,8926,16368
2023-11-08 11:49:12,41,44,8926,16368
2023-11-08 11:49:18,40,44,8926,16368
2023-11-08 11:49:24,40,43,8926,16368
2023-11-08 11:49:29,39,43,8926,16368
2023-11-08 11:49:29,39,42,8926,16368
2023-11-08 11:49:55,40,42,8926,16368
2023-11-08 11:49:56,40,43,8926,16368
2023-11-08 11:50:06,40,44,8926,16368
2023-11-08 11:50:11,41,44,8926,16368
2023-11-08 11:50:17,40,44,8926,16368
2023-11-08 11:50:25,41,44,8926,16368
2023-11-08 11:50:30,42,44,8926,16368
2023-11-08 11:50:30,42,45,8926,16368
2023-11-08 11:50:36,42,44,8926,16368
2023-11-08 11:50:37,41,44,8926,16368
2023-11-08 11:50:45,42,44,8926,16368
2023-11-08 11:50:45,42,45,8926,16368
2023-11-08 11:50:45,43,45,8926,16368
2023-11-08 11:50:45,43,46,8926,16368
2023-11-08 11:50:45,43,46,9076,16518
2023-11-08 11:50:46,44,46,9076,16518
2023-11-08 11:50:50,45,46,9076,16518
2023-11-08 11:50:53,45,47,9076,16518
2023-11-08 11:50:55,44,47,9076,16518
2023-11-08 11:50:56,45,47,9076,16518
2023-11-08 11:50:57,46,47,9076,16518
2023-11-08 11:51:10,44,47,9076,16518
2023-11-08 11:51:10,45,47,9076,16518
2023-11-08 11:51:13,45,46,9076,16518
2023-11-08 11:51:26,44,46,9076,16518
2023-11-08 11:51:26,45,46,9076,16518
2023-11-08 11:51:32,46,47,9076,16521
2023-11-08 11:51:36,45,47,9076,16521
2023-11-08 11:51:36,46,47,9076,16521
2023-11-08 11:51:40,45,47,9076,16521
2023-11-08 11:51:41,46,47,9076,16521
2023-11-08 11:51:41,46,48,9076,16521
2023-11-08 11:51:42,47,48,9076,16521
2023-11-08 11:51:48,46,48,9076,16521
2023-11-08 11:51:50,47,48,9076,16521
2023-11-08 11:51:52,46,48,9076,16521
2023-11-08 11:52:01,45,48,9076,16521
2023-11-08 11:52:03,45,46,9076,16521
2023-11-08 11:52:03,43,46,9076,16521
2023-11-08 11:52:04,43,45,9076,16521
2023-11-08 11:52:05,41,45,9076,16521
2023-11-08 11:52:05,42,45,9076,16521
2023-11-08 11:52:10,42,46,9076,16521
2023-11-08 11:52:10,43,46,9076,16521
2023-11-08 11:52:15,43,45,9076,16521
2023-11-08 11:52:18,42,45,9076,16521
2023-11-08 11:52:18,43,45,9076,16521
2023-11-08 11:52:20,42,45,9076,16521
2023-11-08 11:52:20,43,45,9076,16521
2023-11-08 11:52:21,42,45,9076,16521
2023-11-08 11:52:22,43,45,9076,16521
2023-11-08 11:52:23,43,46,9076,16521
2023-11-08 11:52:25,43,47,9076,16521
2023-11-08 11:52:25,43,46,9076,16521
2023-11-08 11:52:26,44,46,9076,16521
2023-11-08 11:52:27,43,46,9076,16521
2023-11-08 11:52:27,44,46,9076,16521
2023-11-08 11:52:29,44,47,9076,16521
2023-11-08 11:52:30,44,48,9076,16521
2023-11-08 11:52:30,45,48,9076,16521
2023-11-08 11:52:37,45,47,9076,16521
2023-11-08 11:52:45,44,47,9076,16521
2023-11-08 11:52:45,45,47,9076,16521
2023-11-08 11:52:46,44,47,9076,16521
2023-11-08 11:52:46,45,47,9076,16521
2023-11-08 11:52:47,44,47,9076,16521
2023-11-08 11:52:53,45,47,9076,16521
2023-11-08 11:52:54,44,47,9076,16521
2023-11-08 11:52:55,44,46,9076,16521
2023-11-08 11:53:05,43,46,9076,16521
2023-11-08 11:53:12,44,46,9076,16521
2023-11-08 11:53:20,44,47,9076,16521
2023-11-08 11:53:28,45,47,9076,16521
2023-11-08 11:53:32,45,48,9076,16521
2023-11-08 11:53:33,45,47,9076,16521
2023-11-08 11:53:36,44,47,9076,16521
2023-11-08 11:53:36,45,47,9076,16521
2023-11-08 11:53:37,44,47,9076,16521
2023-11-08 11:53:40,43,47,9076,16521
2023-11-08 11:53:40,44,47,9076,16521
2023-11-08 11:53:41,44,46,9076,16521
2023-11-08 11:53:41,43,46,9076,16521
2023-11-08 11:53:54,43,45,9076,16521
2023-11-08 11:53:55,42,45,9076,16521
2023-11-08 11:54:22,42,44,9076,16521
2023-11-08 11:54:25,42,45,9076,16521
2023-11-08 11:54:34,43,45,9076,16521
2023-11-08 11:54:39,43,46,9076,16521
2023-11-08 11:54:50,43,45,9076,16521
2023-11-08 11:54:56,42,45,9076,16521
2023-11-08 11:54:58,43,45,9076,16521
2023-11-08 11:54:59,42,45,9076,16521
2023-11-08 11:54:59,43,45,9076,16521
2023-11-08 11:55:03,43,46,9076,16521
2023-11-08 11:55:13,43,45,9076,16521
2023-11-08 11:55:14,42,45,9076,16521
2023-11-08 11:55:18,43,45,9076,16521
2023-11-08 11:55:19,42,45,9076,16521
2023-11-08 11:55:20,43,45,9076,16521
2023-11-08 11:55:22,43,46,9076,16521
2023-11-08 11:55:33,43,45,9076,16521
2023-11-08 11:55:34,43,46,9076,16521
2023-11-08 11:55:44,43,47,9076,16521
2023-11-08 11:55:47,43,46,9076,16521
2023-11-08 11:55:51,43,47,9076,16521
2023-11-08 11:55:52,44,47,9076,16521
2023-11-08 11:56:00,43,47,9076,16521
2023-11-08 11:56:00,44,47,9076,16521
2023-11-08 11:56:05,44,48,9076,16521
2023-11-08 11:56:05,45,48,9076,16521
2023-11-08 11:56:06,45,47,9076,16521
2023-11-08 11:56:06,44,47,9076,16521
2023-11-08 11:56:09,44,48,9076,16521
2023-11-08 11:56:09,45,48,9076,16521
2023-11-08 11:56:19,46,48,9076,16521
2023-11-08 11:56:43,47,48,9076,16521
2023-11-08 11:56:49,47,49,9076,16521
2023-11-08 11:56:54,48,49,9076,16521
2023-11-08 11:56:56,48,50,9076,16521
2023-11-08 11:56:57,49,50,9076,16521
2023-11-08 11:57:34,48,50,9076,16521
2023-11-08 11:57:35,49,50,9076,16521
2023-11-08 11:57:38,48,50,9076,16521
2023-11-08 11:57:39,49,50,9076,16521
2023-11-08 11:57:40,48,50,9076,16521
2023-11-08 11:57:49,49,50,9076,16521
2023-11-08 11:57:57,48,50,9076,16521
2023-11-08 11:57:57,49,50,9076,16521
2023-11-08 11:58:16,48,50,9076,16521
2023-11-08 11:58:16,49,50,9076,16521
2023-11-08 11:58:22,49,50,9276,16721
2023-11-08 11:58:51,49,50,9236,16761
2023-11-08 11:58:52,49,51,9176,16821
2023-11-08 11:58:53,50,51,9176,16821
2023-11-08 11:58:55,50,52,9176,16821
2023-11-08 11:58:55,51,52,9176,16821
2023-11-08 11:59:03,50,52,9176,16821
2023-11-08 11:59:03,51,52,9176,16821
2023-11-08 11:59:11,50,52,9176,16821
2023-11-08 11:59:11,51,52,9176,16821
2023-11-08 11:59:19,49,52,9176,16821
2023-11-08 11:59:19,51,52,9176,16821
2023-11-08 11:59:35,49,51,9176,16932
2023-11-08 11:59:35,50,51,9176,16932
2023-11-08 11:59:36,50,52,9176,16932
2023-11-08 11:59:40,50,51,9176,16932
2023-11-08 11:59:41,50,52,9176,16932
2023-11-08 12:00:11,49,52,9176,16932
2023-11-08 12:00:11,51,52,9176,16932
2023-11-08 12:00:22,49,52,9176,16932
2023-11-08 12:00:22,51,52,9176,16932
2023-11-08 12:00:40,50,52,9176,16932
2023-11-08 12:00:40,51,52,9176,16932
2023-11-08 12:00:54,51,53,9176,16932
2023-11-08 12:00:54,52,53,9176,16932
2023-11-08 12:00:54,52,53,9187,16943
2023-11-08 12:00:55,53,54,9262,17018
2023-11-08 12:00:55,53,54,9266,17022
2023-11-08 12:00:57,54,55,9266,17026
2023-11-08 12:00:57,54,55,9269,17029
2023-11-08 12:01:00,54,55,9271,17031
2023-11-08 12:01:07,54,56,9271,17031
2023-11-08 12:01:07,55,56,9271,17031
2023-11-08 12:01:14,55,56,9275,17035
2023-11-08 12:01:16,54,56,9275,17035
2023-11-08 12:01:16,55,56,9275,17035
2023-11-08 12:01:24,55,56,9276,17039
2023-11-08 12:01:35,55,57,9276,17039
2023-11-08 12:01:35,56,57,9276,17039
2023-11-08 12:01:44,56,57,9296,17059
2023-11-08 12:02:11,55,57,9296,17059
2023-11-08 12:02:11,56,57,9296,17059
2023-11-08 12:02:44,55,56,9295,17204
2023-11-08 12:02:56,54,56,9295,17204
2023-11-08 12:02:56,55,56,9295,17204
2023-11-08 12:03:00,54,56,9295,17204
2023-11-08 12:03:00,55,56,9295,17204
2023-11-08 12:03:02,55,57,9295,17204
2023-11-08 12:03:11,54,57,9295,17204
2023-11-08 12:03:11,56,57,9295,17204
2023-11-08 12:03:22,55,57,9295,17204
2023-11-08 12:03:22,56,57,9295,17204
2023-11-08 12:03:24,55,57,9295,17204
2023-11-08 12:03:24,56,57,9295,17204
2023-11-08 12:03:29,56,57,9295,17229
2023-11-08 12:03:30,55,57,9295,17229
2023-11-08 12:03:30,56,57,9295,17229
2023-11-08 12:03:42,55,57,9295,17229
2023-11-08 12:03:42,56,57,9295,17229
2023-11-08 12:03:45,55,57,9295,17229
2023-11-08 12:03:45,56,57,9295,17229
2023-11-08 12:03:46,55,57,9295,17229
2023-11-08 12:03:48,56,57,9295,17229
2023-11-08 12:03:48,56,57,9297,17233
2023-11-08 12:03:49,55,57,9297,17233
2023-11-08 12:03:49,56,57,9297,17233
2023-11-08 12:03:52,55,57,9297,17233
2023-11-08 12:03:52,56,57,9297,17233
2023-11-08 12:03:56,55,57,9297,17233
2023-11-08 12:03:58,56,57,9297,17233
2023-11-08 12:04:07,55,57,9297,17233
2023-11-08 12:04:07,56,57,9297,17233
2023-11-08 12:04:11,55,57,9297,17233
2023-11-08 12:04:16,54,57,9297,17233
2023-11-08 12:04:16,55,57,9297,17233
2023-11-08 12:04:17,54,57,9297,17233
2023-11-08 12:04:17,55,57,9297,17233
2023-11-08 12:04:18,55,56,9297,17233
2023-11-08 12:04:18,54,56,9297,17233
2023-11-08 12:04:36,55,56,9297,17233
2023-11-08 12:04:37,54,56,9297,17233
2023-11-08 12:04:41,55,56,9297,17233
2023-11-08 12:04:42,54,56,9297,17233
2023-11-08 12:04:48,55,56,9297,17233
2023-11-08 12:04:49,55,57,9297,17233
2023-11-08 12:04:58,56,57,9297,17233
2023-11-08 12:05:16,55,57,9297,17233
2023-11-08 12:05:16,56,57,9297,17233
2023-11-08 12:05:22,55,57,9297,17233
2023-11-08 12:05:22,56,57,9297,17233
2023-11-08 12:05:42,55,57,9297,17233
2023-11-08 12:05:42,56,57,9297,17233
2023-11-08 12:06:00,55,57,9297,17233
2023-11-08 12:06:00,56,57,9297,17233
2023-11-08 12:06:18,55,57,9297,17233
2023-11-08 12:06:18,56,57,9297,17233
2023-11-08 12:06:24,55,57,9297,17233
2023-11-08 12:06:24,56,57,9297,17233
2023-11-08 12:06:36,56,58,9297,17233
2023-11-08 12:06:49,55,58,9297,17233
2023-11-08 12:06:49,57,58,9297,17233
2023-11-08 12:06:51,55,58,9297,17233
2023-11-08 12:06:51,57,58,9297,17233
2023-11-08 12:06:53,55,58,9297,17233
2023-11-08 12:06:53,56,58,9297,17233
2023-11-08 12:06:54,56,57,9297,17233
2023-11-08 12:07:00,56,58,9297,17233
2023-11-08 12:07:07,57,58,9297,17233
2023-11-08 12:07:18,57,59,9297,17233
2023-11-08 12:07:18,58,59,9297,17233
2023-11-08 12:07:19,58,60,9297,17233
2023-11-08 12:07:19,59,60,9297,17233
2023-11-08 12:07:28,59,60,9300,17236
2023-11-08 12:07:33,58,60,9300,17236
2023-11-08 12:07:33,58,60,9304,17240
2023-11-08 12:07:36,58,60,9307,17243
2023-11-08 12:07:55,58,60,9337,17273
2023-11-08 12:07:56,57,60,9337,17273
2023-11-08 12:07:56,57,59,9337,17273
2023-11-08 12:08:05,57,59,9342,17278
2023-11-08 12:08:12,57,58,9342,17278
2023-11-08 12:08:17,57,58,9348,17284
2023-11-08 12:08:22,56,58,9348,17284
2023-11-08 12:08:29,57,58,9348,17284
2023-11-08 12:09:01,57,58,9348,17484
2023-11-08 12:09:09,56,58,9348,17484
2023-11-08 12:09:09,57,58,9348,17484
2023-11-08 12:09:31,56,58,9348,17484
2023-11-08 12:09:31,57,58,9348,17484
2023-11-08 12:09:32,56,58,9348,17484
2023-11-08 12:09:32,57,58,9348,17484
2023-11-08 12:09:50,56,58,9348,17484
2023-11-08 12:09:50,57,58,9348,17484
2023-11-08 12:09:56,56,58,9348,17484
2023-11-08 12:09:56,57,58,9348,17484
2023-11-08 12:10:11,56,58,9348,17484
2023-11-08 12:10:11,57,58,9348,17484
2023-11-08 12:10:12,56,58,9348,17484
2023-11-08 12:10:12,57,58,9348,17484
2023-11-08 12:10:50,56,58,9348,17484
2023-11-08 12:10:51,57,58,9348,17484
2023-11-08 12:10:51,57,58,9345,17487
2023-11-08 12:11:09,56,58,9345,17487
2023-11-08 12:11:09,57,58,9345,17487
2023-11-08 12:11:42,57,58,9695,17837
2023-11-08 12:11:43,57,59,9695,17837
2023-11-08 12:11:43,58,59,9695,17837
2023-11-08 12:11:45,57,59,9695,17837
2023-11-08 12:11:45,58,59,9695,17837
2023-11-08 12:11:46,57,59,9695,17837
2023-11-08 12:11:46,58,59,9695,17837
2023-11-08 12:11:47,57,59,9695,17837
2023-11-08 12:11:47,58,59,9695,17837
2023-11-08 12:11:48,57,59,9695,17837
2023-11-08 12:11:50,58,59,9695,17837
2023-11-08 12:11:51,57,59,9695,17837
2023-11-08 12:11:51,58,59,9695,17837
2023-11-08 12:12:11,57,59,9695,17837
2023-11-08 12:12:20,58,59,9695,17837
2023-11-08 12:15:03,58,60,9849,17991
2023-11-08 12:15:04,59,60,9849,17991
2023-11-08 12:15:55,59,61,10249,18991
2023-11-08 12:16:03,59,60,10249,18991
2023-11-08 12:16:04,59,61,10249,18991
2023-11-08 12:16:05,59,60,10249,18991
2023-11-08 12:16:06,59,61,10249,18991
2023-11-08 12:16:09,59,60,10249,18991
2023-11-08 12:16:10,59,61,10249,18991
2023-11-08 12:16:10,59,60,10249,18991
2023-11-08 12:16:12,59,61,10249,18991
2023-11-08 12:16:23,60,61,10249,18991
2023-11-08 12:16:29,60,61,10246,18994
2023-11-08 12:16:34,59,61,10246,18994
2023-11-08 12:16:34,59,60,10246,18994
2023-11-08 12:16:40,59,61,10246,18994
2023-11-08 12:16:41,59,60,10246,18994
2023-11-08 12:16:53,59,61,10246,18994
2023-11-08 12:16:53,59,60,10246,18994
2023-11-08 12:17:00,59,61,10246,18994
2023-11-08 12:17:15,60,61,10246,18994
2023-11-08 12:17:56,60,61,10246,18998
2023-11-08 12:19:09,60,61,10246,19002
2023-11-08 12:19:41,60,61,10246,19062
2023-11-08 12:20:48,60,61,10046,19262
2023-11-08 12:20:50,58,60,9961,19444
2023-11-08 12:21:05,58,59,9961,19444
2023-11-08 12:21:10,58,60,9961,19444
2023-11-08 12:21:10,58,59,9961,19444
2023-11-08 12:21:15,58,61,9961,19444
2023-11-08 12:21:15,58,60,9961,19444
2023-11-08 12:21:21,58,61,9961,19444
2023-11-08 12:21:21,58,60,9961,19444
2023-11-08 12:21:22,59,60,9961,19444
2023-11-08 12:21:23,59,61,9961,19444
2023-11-08 12:21:23,59,60,9961,19444
2023-11-08 12:21:27,59,61,9961,19444
2023-11-08 12:22:10,59,60,9961,19444
2023-11-08 12:22:16,59,61,9961,19444
2023-11-08 12:22:16,59,60,9961,19444
2023-11-08 12:22:18,59,61,9961,19444
2023-11-08 12:24:13,60,61,9961,19444
2023-11-08 12:24:14,59,61,9961,19444
2023-11-08 12:24:16,60,61,9961,19444
2023-11-08 12:24:17,59,61,9961,19444
2023-11-08 12:24:18,60,61,9961,19444
2023-11-08 12:24:19,59,61,9961,19444
2023-11-08 12:25:04,60,61,9961,19444
2023-11-08 12:25:06,59,61,9961,19444
2023-11-08 12:25:06,60,61,9961,19444
2023-11-08 12:25:08,59,61,9961,19444
2023-11-08 12:25:09,60,61,9961,19444
2023-11-08 12:25:35,59,61,9961,19444
2023-11-08 12:25:54,60,61,9961,19444
2023-11-08 12:26:29,61,62,10014,19594
2023-11-08 12:26:30,60,62,10014,19594
2023-11-08 12:27:11,61,62,10014,19594
2023-11-08 12:27:37,61,62,10019,19599
2023-11-08 12:28:23,61,62,10049,19629
2023-11-08 12:29:23,61,62,10129,19709
2023-11-08 12:30:53,62,63,10249,19829
2023-11-08 12:30:54,61,63,10249,19829
2023-11-08 12:32:31,62,63,10249,19829
2023-11-08 12:32:41,61,63,10249,19829
2023-11-08 12:32:42,62,63,10249,19829
2023-11-08 12:32:46,61,63,10249,19829
2023-11-08 12:32:46,62,63,10249,19829
2023-11-08 12:33:02,61,63,10249,19829
2023-11-08 12:33:02,62,63,10249,19829
2023-11-08 12:33:04,61,63,10249,19829
2023-11-08 12:33:04,62,63,10249,19829
2023-11-08 12:33:05,61,63,10249,19829
2023-11-08 12:33:17,62,63,10249,19829
2023-11-08 12:33:18,61,63,10249,19829
2023-11-08 12:33:20,62,63,10249,19829
2023-11-08 12:33:21,61,63,10249,19829
2023-11-08 12:33:21,62,63,10249,19829
2023-11-08 12:33:24,61,63,10249,19829
2023-11-08 12:34:16,62,63,10249,19829
2023-11-08 12:34:35,61,63,10249,19829
2023-11-08 12:35:31,62,63,10249,19829
2023-11-08 12:35:40,61,63,10249,19829
2023-11-08 12:35:42,62,63,10249,19829
2023-11-08 12:36:00,61,63,10249,19829
2023-11-08 12:36:07,62,63,10249,19829
2023-11-08 12:36:15,61,63,10249,19829
2023-11-08 12:36:17,62,63,10249,19829
2023-11-08 12:36:17,61,63,10249,19829
2023-11-08 12:36:51,61,62,10249,19829
2023-11-08 12:36:53,61,63,10249,19829
2023-11-08 12:36:54,61,62,10249,19829
2023-11-08 12:36:59,61,63,10249,19829
2023-11-08 12:37:00,61,62,10249,19829
2023-11-08 12:38:40,61,63,10249,19829
2023-11-08 12:38:40,61,62,10249,19829
2023-11-08 12:38:49,61,63,10249,19829
2023-11-08 12:38:50,61,62,10249,19829
2023-11-08 12:39:03,61,63,10249,19829
2023-11-08 12:39:03,61,62,10249,19829
2023-11-08 12:39:08,60,62,10249,19829
2023-11-08 12:39:09,60,61,10249,19829
2023-11-08 12:39:13,60,62,10249,19829
2023-11-08 12:39:13,60,61,10249,19829
2023-11-08 12:39:14,59,61,10249,19829
2023-11-08 12:39:27,59,60,10249,19829
2023-11-08 12:39:33,58,59,10246,19832
2023-11-08 12:39:40,58,60,10246,19832
2023-11-08 12:39:40,58,59,10246,19832
2023-11-08 12:39:41,58,60,10246,19832
2023-11-08 12:39:43,58,60,10243,19835
2023-11-08 12:40:04,59,60,10243,19835
2023-11-08 12:40:04,59,61,10243,19835
2023-11-08 12:40:29,59,60,10243,19835
2023-11-08 12:40:30,58,60,10243,19835
2023-11-08 12:40:33,59,60,10243,19835
2023-11-08 12:40:43,59,61,10243,19835
2023-11-08 12:40:44,59,60,10243,19835
2023-11-08 12:40:47,59,61,10243,19835
2023-11-08 12:40:49,59,60,10243,19835
2023-11-08 12:40:50,59,61,10243,19835
2023-11-08 12:41:06,59,60,10243,19835
2023-11-08 12:41:11,59,62,10243,19835
2023-11-08 12:41:11,59,61,10243,19835
2023-11-08 12:41:13,59,62,10243,19835
2023-11-08 12:41:14,59,61,10243,19835
2023-11-08 12:41:29,58,61,10243,19835
2023-11-08 12:41:29,58,60,10243,19835
2023-11-08 12:41:31,58,61,10243,19835
2023-11-08 12:41:31,58,60,10243,19835
2023-11-08 12:41:39,59,60,10243,19835
2023-11-08 12:41:40,59,61,10243,19835
2023-11-08 12:41:41,59,60,10243,19835
2023-11-08 12:41:42,59,61,10243,19835
2023-11-08 12:41:42,59,60,10243,19835
2023-11-08 12:41:43,58,60,10243,19835
2023-11-08 12:41:59,59,60,10243,19835
2023-11-08 12:41:59,59,62,10243,19835
2023-11-08 12:41:59,59,61,10243,19835
2023-11-08 12:42:01,60,61,10243,19835
2023-11-08 12:42:01,60,62,10243,19835
2023-11-08 12:42:24,60,61,10243,19835
2023-11-08 12:42:33,59,61,10243,19835
2023-11-08 12:42:38,59,60,10243,19835
2023-11-08 12:42:45,59,62,10243,19835
2023-11-08 12:42:45,59,61,10243,19835
2023-11-08 12:42:55,59,62,10243,19835
2023-11-08 12:42:55,59,61,10243,19835
2023-11-08 12:43:19,59,62,10243,19835
2023-11-08 12:43:19,59,61,10243,19835
2023-11-08 12:43:20,60,61,10243,19835
2023-11-08 12:43:20,60,62,10243,19835
2023-11-08 12:43:23,59,62,10243,19835
2023-11-08 12:43:23,59,61,10243,19835
2023-11-08 12:43:28,59,62,10243,19835
2023-11-08 12:43:28,59,61,10243,19835
2023-11-08 12:43:30,60,61,10243,19835
2023-11-08 12:43:30,60,62,10243,19835
2023-11-08 12:43:34,59,62,10243,19835
2023-11-08 12:43:34,59,61,10243,19835
2023-11-08 12:43:38,60,61,10243,19835
2023-11-08 12:43:38,60,62,10243,19835
2023-11-08 12:43:49,60,62,10248,19840
2023-11-08 12:44:00,59,62,10248,19840
2023-11-08 12:44:02,59,61,10248,19840
2023-11-08 12:44:09,58,61,10248,19840
2023-11-08 12:44:10,58,60,10248,19840
2023-11-08 12:44:14,58,61,10248,19840
2023-11-08 12:44:14,58,60,10248,19840
2023-11-08 12:44:16,58,61,10248,19840
2023-11-08 12:44:17,58,60,10248,19840
2023-11-08 12:44:21,59,60,10248,19840
2023-11-08 12:44:22,59,61,10248,19840
2023-11-08 12:44:23,59,60,10248,19840
2023-11-08 12:44:27,58,60,10248,19840
2023-11-08 12:44:40,58,59,10248,19840
2023-11-08 12:44:57,58,61,10248,19840
2023-11-08 12:44:57,58,60,10248,19840
2023-11-08 12:44:58,58,59,10248,19840
2023-11-08 12:45:00,58,61,10248,19840
2023-11-08 12:45:00,58,60,10248,19840
2023-11-08 12:45:07,58,59,10248,19840
2023-11-08 12:45:08,58,61,10248,19840
2023-11-08 12:45:08,58,60,10248,19840
2023-11-08 12:45:12,58,59,10248,19840
2023-11-08 12:45:13,58,60,10248,19840
2023-11-08 12:45:14,58,59,10248,19840
2023-11-08 12:45:17,58,60,10248,19840
2023-11-08 12:45:17,58,59,10248,19840
2023-11-08 12:45:18,58,60,10248,19840
2023-11-08 12:45:18,58,59,10248,19840
2023-11-08 12:45:21,58,60,10248,19840
2023-11-08 12:45:22,58,59,10248,19840
2023-11-08 12:45:31,58,60,10248,19840
2023-11-08 12:45:31,58,59,10248,19840
2023-11-08 12:45:54,58,60,10248,19840
2023-11-08 12:45:54,58,59,10248,19840
2023-11-08 12:45:58,59,60,10248,19951
2023-11-08 12:45:59,58,60,10248,19951
2023-11-08 12:45:59,58,59,10248,19951
2023-11-08 12:46:26,58,60,10248,19951
2023-11-08 12:46:26,58,59,10248,19951
2023-11-08 12:46:58,59,60,10248,20092
2023-11-08 12:47:51,58,60,10248,20092
2023-11-08 12:48:05,58,60,10248,20256
2023-11-08 12:48:06,58,61,10248,20256
2023-11-08 12:48:06,58,60,10248,20256
2023-11-08 12:48:09,58,61,10248,20256
2023-11-08 12:48:09,58,60,10248,20256
2023-11-08 12:48:16,59,60,10248,20256
2023-11-08 12:48:19,59,61,10248,20256
2023-11-08 12:48:19,59,60,10248,20256
2023-11-08 12:48:21,59,61,10248,20256
2023-11-08 12:48:23,59,60,10248,20256
2023-11-08 12:48:24,59,61,10248,20256
2023-11-08 12:48:29,59,60,10248,20256
2023-11-08 12:48:40,58,60,10248,20256
2023-11-08 12:48:42,59,60,10248,20256
2023-11-08 12:48:43,59,61,10248,20256
2023-11-08 12:48:50,59,60,10248,20256
2023-11-08 12:48:51,59,61,10248,20256
2023-11-08 12:48:53,59,60,10248,20256
2023-11-08 12:48:53,59,61,10248,20256
2023-11-08 12:48:53,59,60,10248,20256
2023-11-08 12:48:54,59,61,10248,20256
2023-11-08 12:49:17,58,61,10248,20256
2023-11-08 12:49:21,59,61,10248,20256
2023-11-08 12:49:38,58,61,10248,20256
2023-11-08 12:49:40,58,60,10248,20256
2023-11-08 12:49:47,58,61,10248,20256
2023-11-08 12:49:47,58,60,10248,20256
2023-11-08 12:49:54,58,61,10248,20256
2023-11-08 12:49:54,58,60,10248,20256
2023-11-08 12:49:56,58,59,10248,20256
2023-11-08 12:50:01,58,60,10248,20256
2023-11-08 12:50:15,58,60,10273,20281
2023-11-08 12:50:28,59,60,10273,20281
2023-11-08 12:50:28,59,60,10363,20371
2023-11-08 12:50:28,59,61,10363,20371
2023-11-08 12:50:28,59,61,10453,20461
2023-11-08 12:50:31,59,62,10453,20461
2023-11-08 12:50:32,59,61,10453,20461
2023-11-08 12:50:36,59,62,10453,20461
2023-11-08 12:50:36,59,61,10453,20461
2023-11-08 12:50:40,59,62,10453,20461
2023-11-08 12:50:43,59,61,10453,20461
2023-11-08 12:50:47,59,62,10453,20461
2023-11-08 12:50:47,59,61,10453,20461
2023-11-08 12:50:49,59,62,10453,20461
2023-11-08 12:50:50,59,61,10453,20461
2023-11-08 12:51:12,59,62,10453,20461
2023-11-08 12:51:13,59,61,10453,20461
2023-11-08 12:51:14,59,62,10453,20461
2023-11-08 12:51:16,59,61,10453,20461
2023-11-08 12:51:17,60,61,10453,20461
2023-11-08 12:51:17,60,62,10453,20461
2023-11-08 12:51:30,60,62,10457,20465
2023-11-08 12:51:34,60,61,10457,20465
2023-11-08 12:51:48,59,61,10457,20465
2023-11-08 12:52:37,59,62,10457,20465
2023-11-08 12:52:41,60,62,10457,20465
2023-11-08 12:54:27,59,62,10457,20465
2023-11-08 12:54:28,60,62,10457,20465
2023-11-08 12:54:35,59,62,10457,20465
2023-11-08 12:54:36,60,62,10457,20465
2023-11-08 12:54:39,60,61,10457,20465
2023-11-08 12:54:42,60,62,10457,20465
2023-11-08 12:54:43,60,61,10457,20465
2023-11-08 12:54:46,60,62,10457,20465
2023-11-08 12:54:51,60,61,10457,20465
2023-11-08 12:54:56,60,62,10457,20465
2023-11-08 12:54:59,60,61,10457,20465
2023-11-08 12:54:59,59,61,10457,20465
2023-11-08 12:54:59,60,61,10457,20465
2023-11-08 12:55:00,60,62,10457,20465
2023-11-08 12:55:08,61,62,10457,20465
2023-11-08 12:55:15,60,62,10457,20465
2023-11-08 12:55:15,61,62,10457,20465
2023-11-08 12:55:15,61,63,10457,20465
2023-11-08 12:55:21,60,63,10457,20465
2023-11-08 12:55:21,61,63,10457,20465
2023-11-08 12:55:22,61,62,10457,20465
2023-11-08 12:55:34,61,63,10457,20465
2023-11-08 12:55:48,61,62,10457,20465
2023-11-08 12:55:49,61,63,10457,20465
2023-11-08 12:55:49,60,63,10457,20465
2023-11-08 12:55:49,61,63,10457,20465
2023-11-08 12:55:50,61,62,10457,20465
2023-11-08 12:55:51,61,63,10457,20465
2023-11-08 12:55:52,61,62,10457,20465
2023-11-08 12:55:56,59,62,10457,20465
2023-11-08 12:55:56,60,62,10457,20465
2023-11-08 12:56:09,59,62,10457,20465
2023-11-08 12:56:09,60,62,10457,20465
2023-11-08 12:56:12,61,62,10457,20465
2023-11-08 12:56:14,61,63,10457,20465
2023-11-08 12:56:18,62,63,10457,20465
2023-11-08 12:56:30,61,63,10457,20465
2023-11-08 12:56:32,62,63,10457,20465
2023-11-08 12:56:38,61,63,10457,20465
2023-11-08 12:56:39,62,63,10457,20465
2023-11-08 12:56:40,61,63,10457,20465
2023-11-08 12:56:59,61,62,10457,20465
2023-11-08 12:57:07,61,63,10457,20465
2023-11-08 12:57:09,62,63,10457,20465
2023-11-08 12:57:12,61,63,10457,20465
2023-11-08 12:57:13,62,63,10457,20465
2023-11-08 12:57:14,61,63,10457,20465
2023-11-08 12:57:22,61,62,10457,20465
2023-11-08 12:57:25,61,63,10457,20465
2023-11-08 12:57:28,62,63,10457,20465
2023-11-08 12:57:29,61,63,10457,20465
2023-11-08 12:57:29,62,63,10457,20465
2023-11-08 12:57:46,61,63,10457,20465
2023-11-08 12:57:46,62,63,10457,20465
2023-11-08 12:58:05,61,63,10457,20465
2023-11-08 12:58:08,62,63,10457,20465
2023-11-08 12:58:09,61,63,10457,20465
2023-11-08 12:58:15,61,62,10457,20465
2023-11-08 12:58:15,60,62,10457,20465
2023-11-08 12:58:16,61,62,10457,20465
2023-11-08 12:58:31,60,62,10457,20465
2023-11-08 12:58:31,61,62,10457,20465
2023-11-08 12:58:40,60,62,10457,20465
2023-11-08 12:58:41,61,62,10457,20465
2023-11-08 12:58:42,60,62,10457,20465
2023-11-08 12:58:54,60,61,10457,20465
2023-11-08 12:58:55,60,61,10454,20468
2023-11-08 12:58:56,60,62,10454,20468
2023-11-08 12:58:58,60,61,10454,20468
2023-11-08 12:59:12,59,61,10454,20468
2023-11-08 12:59:12,60,61,10454,20468
2023-11-08 12:59:13,59,61,10454,20468
2023-11-08 12:59:13,60,61,10454,20468
2023-11-08 12:59:15,59,61,10454,20468
2023-11-08 12:59:50,59,60,10454,20468
2023-11-08 13:00:16,59,61,10454,20468
2023-11-08 13:01:01,59,60,10454,20468
2023-11-08 13:01:38,59,61,10454,20468
2023-11-08 13:01:38,59,60,10454,20468
2023-11-08 13:01:38,59,61,10454,20468
2023-11-08 13:01:42,59,62,10454,20468
2023-11-08 13:01:42,60,62,10454,20468
2023-11-08 13:01:56,60,61,10454,20468
2023-11-08 13:01:56,59,61,10454,20468
2023-11-08 13:01:56,60,61,10454,20468
2023-11-08 13:01:58,59,61,10454,20468
2023-11-08 13:01:59,60,61,10454,20468
2023-11-08 13:01:59,60,62,10454,20468
2023-11-08 13:02:00,61,62,10454,20468
2023-11-08 13:02:01,60,62,10454,20468
2023-11-08 13:02:01,61,62,10454,20468
2023-11-08 13:02:02,61,63,10454,20468
2023-11-08 13:02:05,61,62,10454,20468
2023-11-08 13:02:08,59,62,10454,20468
2023-11-08 13:02:09,59,60,10454,20468
2023-11-08 13:02:19,59,60,10254,20668
2023-11-08 13:02:19,59,60,10254,20784
2023-11-08 13:02:20,59,60,10254,20964
2023-11-08 13:02:35,59,62,10254,20964
2023-11-08 13:02:35,59,61,10254,20964
2023-11-08 13:02:55,59,60,10254,20964
2023-11-08 13:02:56,59,61,10254,20964
2023-11-08 13:02:56,59,60,10254,20964
2023-11-08 13:03:01,59,61,10254,20964
2023-11-08 13:03:02,59,60,10254,20964
2023-11-08 13:03:05,59,61,10254,20964
2023-11-08 13:03:13,59,60,10254,20964
2023-11-08 13:03:21,59,60,10054,21164
2023-11-08 13:03:21,58,59,10000,21218
2023-11-08 13:03:21,56,59,10000,21218
2023-11-08 13:03:21,55,59,10000,21218
2023-11-08 13:03:21,55,57,10000,21218
2023-11-08 13:03:21,55,57,10175,21393
2023-11-08 13:03:22,56,57,10175,21393
2023-11-08 13:03:22,57,58,10313,21531
2023-11-08 13:03:24,56,58,10313,21531
2023-11-08 13:03:24,55,58,10313,21531
2023-11-08 13:03:24,55,57,10313,21531
2023-11-08 13:03:29,55,56,10313,21531
2023-11-08 13:03:32,55,57,10313,21531
2023-11-08 13:03:34,56,57,10313,21531
2023-11-08 13:03:38,55,57,10313,21531
2023-11-08 13:03:38,55,56,10313,21531
2023-11-08 13:03:38,53,56,10313,21531
2023-11-08 13:03:39,53,55,10313,21531
2023-11-08 13:03:40,53,54,10313,21531
2023-11-08 13:03:42,52,54,10313,21531
2023-11-08 13:03:42,52,53,10313,21531
2023-11-08 13:03:44,52,53,10310,21534
2023-11-08 13:03:48,50,53,10310,21534
2023-11-08 13:03:48,50,52,10310,21534
2023-11-08 13:03:49,50,51,10310,21534
2023-11-08 13:03:54,50,52,10310,21644
2023-11-08 13:03:55,51,52,10310,21644
2023-11-08 13:03:55,51,53,10310,21644
2023-11-08 13:03:56,51,53,10369,21703
2023-11-08 13:04:04,52,53,10369,21703
2023-11-08 13:04:04,52,55,10369,21703
2023-11-08 13:04:04,52,56,10369,21703
2023-11-08 13:04:04,52,54,10369,21703
2023-11-08 13:04:04,52,56,10369,21703
2023-11-08 13:04:04,52,55,10369,21703
2023-11-08 13:04:04,52,56,10369,21703
2023-11-08 13:04:04,52,54,10369,21703
2023-11-08 13:04:08,52,56,10369,21703
2023-11-08 13:04:08,52,55,10369,21703
2023-11-08 13:04:09,53,55,10369,21703
2023-11-08 13:04:14,54,55,10369,21703
2023-11-08 13:04:14,54,56,10369,21703
2023-11-08 13:04:18,53,56,10369,21703
2023-11-08 13:04:18,53,55,10369,21703
2023-11-08 13:04:27,52,55,10369,21703
2023-11-08 13:04:28,52,54,10369,21703
2023-11-08 13:04:33,51,54,10369,21703
2023-11-08 13:04:37,51,55,10369,21703
2023-11-08 13:04:37,51,53,10369,21703
2023-11-08 13:04:55,51,53,10569,21903
2023-11-08 13:04:57,50,53,10569,21903
2023-11-08 13:05:04,51,53,10569,21903
2023-11-08 13:05:10,50,53,10569,21903
2023-11-08 13:05:11,50,52,10569,21903
2023-11-08 13:05:14,50,53,10569,21903
2023-11-08 13:05:15,51,53,10569,21903
2023-11-08 13:05:16,50,53,10569,21903
2023-11-08 13:05:21,51,53,10569,21903
2023-11-08 13:05:24,50,53,10569,21903
2023-11-08 13:05:25,51,53,10569,21903
2023-11-08 13:05:28,50,53,10569,21903
2023-11-08 13:05:32,50,52,10569,21903
2023-11-08 13:05:33,50,51,10569,21903
2023-11-08 13:05:33,49,51,10569,21903
2023-11-08 13:05:34,48,51,10569,21903
2023-11-08 13:05:34,47,49,10569,21903
2023-11-08 13:05:38,47,48,10569,21903
2023-11-08 13:05:48,47,49,10569,21903
2023-11-08 13:06:25,47,48,10569,21903
2023-11-08 13:06:31,45,47,10494,21978
2023-11-08 13:06:32,45,48,10494,21978
2023-11-08 13:06:36,45,47,10494,21978
2023-11-08 13:06:52,43,47,10494,21978
2023-11-08 13:06:54,44,47,10494,21978
2023-11-08 13:06:57,45,47,10494,21978
2023-11-08 13:06:57,45,48,10494,21978
2023-11-08 13:06:59,44,48,10494,21978
2023-11-08 13:06:59,44,47,10494,21978
2023-11-08 13:07:00,45,47,10494,21978
2023-11-08 13:07:01,44,47,10494,21978
2023-11-08 13:07:04,45,47,10494,21978
2023-11-08 13:07:04,45,48,10494,21978
2023-11-08 13:07:18,46,48,10494,21978
2023-11-08 13:07:30,46,49,10494,21978
2023-11-08 13:07:31,47,49,10494,21978
2023-11-08 13:07:32,48,49,10494,21978
2023-11-08 13:07:32,48,51,10494,21978
2023-11-08 13:07:32,48,50,10494,21978
2023-11-08 13:07:33,47,50,10494,21978
2023-11-08 13:07:35,48,50,10494,21978
2023-11-08 13:07:36,47,50,10494,21978
2023-11-08 13:07:46,47,51,10494,21978
2023-11-08 13:07:46,47,49,10494,21978
2023-11-08 13:07:49,46,49,10494,21978
2023-11-08 13:07:50,47,49,10494,21978
2023-11-08 13:07:51,46,49,10494,21978
2023-11-08 13:07:52,46,50,10494,21978
2023-11-08 13:07:52,46,48,10494,21978
2023-11-08 13:08:14,45,48,10494,21978
2023-11-08 13:08:18,45,47,10494,21978
2023-11-08 13:08:21,45,49,10494,21978
2023-11-08 13:08:21,45,48,10494,21978
2023-11-08 13:08:22,46,48,10494,21978
2023-11-08 13:08:26,45,48,10494,21978
2023-11-08 13:08:28,46,48,10494,21978
2023-11-08 13:08:40,46,49,10494,21978
2023-11-08 13:09:07,46,48,10494,21978
2023-11-08 13:09:14,45,48,10494,21978
2023-11-08 13:09:17,45,47,10494,21978
2023-11-08 13:09:27,45,49,10494,21978
2023-11-08 13:09:27,45,48,10494,21978
2023-11-08 13:09:30,46,48,10494,21978
2023-11-08 13:09:33,46,49,10494,21978
2023-11-08 13:09:41,46,48,10494,21978
2023-11-08 13:09:49,44,48,10494,21978
2023-11-08 13:09:49,44,47,10494,21978
2023-11-08 13:09:52,45,47,10494,21978
2023-11-08 13:09:52,45,49,10494,21978
2023-11-08 13:09:52,45,48,10494,21978
2023-11-08 13:10:04,46,48,10494,21978
2023-11-08 13:10:11,47,48,10494,21978
2023-11-08 13:10:11,47,50,10494,21978
2023-11-08 13:10:11,47,49,10494,21978
2023-11-08 13:10:12,48,49,10494,21978
2023-11-08 13:10:12,48,51,10494,21978
2023-11-08 13:10:13,48,52,10494,21978
2023-11-08 13:10:13,48,50,10494,21978
2023-11-08 13:10:14,48,52,10494,21978
2023-11-08 13:10:14,48,51,10494,21978
2023-11-08 13:10:19,48,52,10494,21978
2023-11-08 13:10:19,48,50,10494,21978
2023-11-08 13:10:30,49,50,10494,21978
2023-11-08 13:10:30,49,52,10494,21978
2023-11-08 13:10:30,49,51,10494,21978
2023-11-08 13:10:34,50,51,10494,21978
2023-11-08 13:10:34,50,53,10494,21978
2023-11-08 13:10:34,50,52,10494,21978
2023-11-08 13:10:40,51,52,10494,21978
2023-11-08 13:10:41,51,53,10494,21978
2023-11-08 13:10:46,52,53,10494,21978
2023-11-08 13:10:47,53,55,10498,22157
2023-11-08 13:10:47,53,56,10498,22157
2023-11-08 13:10:48,52,56,10498,22157
2023-11-08 13:10:53,51,55,10498,22157
2023-11-08 13:10:55,51,54,10498,22157
2023-11-08 13:10:56,51,55,10498,22157
2023-11-08 13:10:57,51,54,10498,22157
2023-11-08 13:11:00,50,54,10498,22157
2023-11-08 13:11:18,51,54,10498,22157
2023-11-08 13:11:19,51,55,10498,22157
2023-11-08 13:11:21,51,54,10498,22157
2023-11-08 13:11:29,51,55,10498,22157
2023-11-08 13:11:31,52,55,10498,22157
2023-11-08 13:11:36,51,55,10498,22157
2023-11-08 13:11:38,51,54,10498,22157
2023-11-08 13:11:42,51,55,10498,22157
2023-11-08 13:11:43,52,55,10498,22157
2023-11-08 13:11:44,51,55,10498,22157
2023-11-08 13:11:45,52,55,10498,22157
2023-11-08 13:11:46,51,55,10498,22157
2023-11-08 13:11:47,51,54,10498,22157
2023-11-08 13:11:55,52,54,10498,22157
2023-11-08 13:11:55,52,55,10498,22157
2023-11-08 13:11:58,51,55,10498,22157
2023-11-08 13:12:06,51,54,10498,22157
2023-11-08 13:12:07,50,54,10498,22157
2023-11-08 13:12:08,51,54,10498,22157
2023-11-08 13:12:09,51,53,10498,22157
2023-11-08 13:12:09,50,53,10498,22157
2023-11-08 13:12:10,50,54,10498,22157
2023-11-08 13:12:10,51,54,10498,22157
2023-11-08 13:12:11,50,54,10498,22157
2023-11-08 13:12:11,51,54,10498,22157
2023-11-08 13:12:12,50,54,10498,22157
2023-11-08 13:12:12,51,54,10498,22157
2023-11-08 13:12:14,50,54,10498,22157
2023-11-08 13:12:16,51,54,10498,22157
2023-11-08 13:12:17,50,54,10498,22157
2023-11-08 13:12:27,51,54,10498,22157
2023-11-08 13:12:29,50,54,10498,22157
2023-11-08 13:12:29,51,54,10498,22157
2023-11-08 13:12:31,50,54,10498,22157
2023-11-08 13:12:32,51,54,10498,22157
2023-11-08 13:12:49,50,54,10498,22157
2023-11-08 13:12:49,51,54,10498,22157
2023-11-08 13:13:03,51,55,10498,22157
2023-11-08 13:13:04,51,56,10498,22157
2023-11-08 13:13:05,53,56,10498,22157
