datetime,bid,ask,open_interest,volume
2023-01-17 09:31:03,13,84,105,105
2023-01-17 09:31:03,17,84,105,105
2023-01-17 09:31:04,17,32,105,105
2023-01-17 09:36:59,19,85,105,105
2023-01-17 09:37:00,19,35,105,105
2023-01-17 09:42:07,19,85,105,105
2023-01-17 09:42:07,19,35,105,105
2023-01-17 09:43:49,22,35,105,105
2023-01-17 09:47:12,22,84,105,105
2023-01-17 09:47:14,22,33,105,105
2023-01-17 09:52:27,22,83,105,105
2023-01-17 09:52:36,22,34,105,105
2023-01-17 09:56:04,18,34,105,105
2023-01-17 09:57:37,18,49,105,105
2023-01-17 09:57:37,18,33,105,105
2023-01-17 10:00:57,12,33,105,105
2023-01-17 10:01:16,18,33,105,105
2023-01-17 10:02:10,12,33,105,105
2023-01-17 10:02:10,16,33,105,105
2023-01-17 10:02:39,11,45,105,105
2023-01-17 10:03:06,11,32,105,105
2023-01-17 10:03:06,15,32,105,105
2023-01-17 10:03:24,11,50,105,105
2023-01-17 10:03:28,11,51,105,105
2023-01-17 10:03:32,11,50,105,105
2023-01-17 10:03:36,11,84,105,105
2023-01-17 10:03:47,9,84,230,230
2023-01-17 10:04:03,9,30,230,230
2023-01-17 10:04:03,13,30,230,230
2023-01-17 10:04:10,13,21,230,230
2023-01-17 10:04:56,9,21,230,230
2023-01-17 10:04:56,13,21,230,230
2023-01-17 10:05:29,9,13,230,230
2023-01-17 10:05:34,9,13,330,330
2023-01-17 10:05:51,9,13,430,430
2023-01-17 10:06:00,15,21,480,480
2023-01-17 10:06:27,9,15,480,480
2023-01-17 10:06:54,15,21,730,730
2023-01-17 10:07:13,9,21,730,730
2023-01-17 10:07:52,15,21,730,730
2023-01-17 10:08:08,10,21,730,730
2023-01-17 10:08:46,14,21,730,730
2023-01-17 10:09:13,10,83,730,730
2023-01-17 10:09:25,10,50,730,730
2023-01-17 10:09:36,10,22,730,730
2023-01-17 10:09:42,14,22,730,730
2023-01-17 10:10:34,10,22,730,730
2023-01-17 10:10:34,13,22,730,730
2023-01-17 10:11:13,9,22,730,730
2023-01-17 10:11:26,12,22,730,730
2023-01-17 10:12:24,9,22,730,730
2023-01-17 10:12:24,13,22,730,730
2023-01-17 10:13:16,9,22,730,730
2023-01-17 10:13:17,12,22,730,730
2023-01-17 10:14:02,9,22,730,730
2023-01-17 10:14:10,14,22,730,730
2023-01-17 10:15:00,9,50,730,730
2023-01-17 10:15:04,9,31,730,730
2023-01-17 10:15:04,14,31,730,730
2023-01-17 10:15:21,9,22,730,730
2023-01-17 10:16:02,14,22,730,730
2023-01-17 10:17:04,9,22,730,730
2023-01-17 10:17:04,15,22,730,730
2023-01-17 10:18:00,9,22,730,730
2023-01-17 10:18:00,14,22,730,730
2023-01-17 10:18:56,9,22,730,730
2023-01-17 10:18:56,14,22,730,730
2023-01-17 10:19:30,9,22,730,730
2023-01-17 10:19:53,11,22,730,730
2023-01-17 10:19:54,14,22,730,730
2023-01-17 10:20:25,11,49,730,730
2023-01-17 10:20:28,11,50,730,730
2023-01-17 10:20:46,11,30,730,730
2023-01-17 10:20:46,13,30,730,730
2023-01-17 10:21:02,11,49,730,730
2023-01-17 10:21:09,11,21,730,730
2023-01-17 10:21:42,12,21,730,730
2023-01-17 10:22:36,11,21,730,730
2023-01-17 10:22:36,12,21,730,730
2023-01-17 10:22:48,11,21,730,730
2023-01-17 10:23:30,13,21,730,730
2023-01-17 10:24:22,11,21,730,730
2023-01-17 10:24:22,12,21,730,730
2023-01-17 10:24:58,11,21,730,730
2023-01-17 10:25:12,13,21,730,730
2023-01-17 10:26:04,11,21,730,730
2023-01-17 10:26:04,13,21,730,730
2023-01-17 10:26:21,11,49,730,730
2023-01-17 10:26:32,11,21,730,730
2023-01-17 10:26:56,13,21,730,730
2023-01-17 10:27:48,11,21,730,730
2023-01-17 10:27:48,14,21,730,730
2023-01-17 10:28:46,11,21,730,730
2023-01-17 10:28:46,15,21,730,730
2023-01-17 10:29:42,11,21,730,730
2023-01-17 10:29:42,16,21,730,730
2023-01-17 10:30:34,11,21,730,730
2023-01-17 10:30:34,15,21,730,730
2023-01-17 10:30:55,11,21,730,730
2023-01-17 10:31:30,16,21,730,730
2023-01-17 10:31:47,11,49,730,730
2023-01-17 10:31:56,11,50,730,730
2023-01-17 10:32:20,11,49,730,730
2023-01-17 10:32:20,11,26,730,730
2023-01-17 10:32:22,18,26,730,730
2023-01-17 10:33:14,11,26,730,730
2023-01-17 10:33:14,18,26,730,730
2023-01-17 10:34:10,11,26,730,730
2023-01-17 10:34:10,17,26,730,730
2023-01-17 10:35:10,11,26,730,730
2023-01-17 10:35:10,18,26,730,730
2023-01-17 10:36:26,11,26,730,730
2023-01-17 10:36:26,17,26,730,730
2023-01-17 10:36:41,14,26,730,730
2023-01-17 10:37:22,14,39,730,730
2023-01-17 10:37:22,17,39,730,730
2023-01-17 10:37:26,17,26,730,730
2023-01-17 10:38:04,11,26,730,730
2023-01-17 10:38:04,11,32,730,730
2023-01-17 10:38:05,11,38,730,730
2023-01-17 10:38:05,11,44,730,730
2023-01-17 10:38:05,11,50,730,730
2023-01-17 10:38:10,13,50,730,730
2023-01-17 10:38:10,13,50,730,730
2023-01-17 10:38:11,13,49,730,730
2023-01-17 10:38:11,13,26,730,730
2023-01-17 10:38:20,17,26,730,730
2023-01-17 10:39:24,13,26,730,730
2023-01-17 10:39:24,17,26,730,730
2023-01-17 10:40:22,13,26,730,730
2023-01-17 10:40:22,18,26,730,730
2023-01-17 10:41:18,13,26,730,730
2023-01-17 10:41:19,19,26,730,730
2023-01-17 10:41:38,13,26,730,730
2023-01-17 10:41:59,13,32,730,730
2023-01-17 10:42:14,22,32,730,730
2023-01-17 10:42:21,22,38,730,730
2023-01-17 10:43:06,13,38,730,730
2023-01-17 10:43:06,22,38,730,730
2023-01-17 10:43:12,22,44,730,730
2023-01-17 10:43:13,22,36,730,730
2023-01-17 10:44:02,21,36,730,730
2023-01-17 10:44:02,22,36,730,730
2023-01-17 10:44:56,21,36,730,730
2023-01-17 10:45:50,22,36,730,730
2023-01-17 10:46:45,21,36,730,730
2023-01-17 10:48:32,18,50,730,730
2023-01-17 10:48:33,18,31,730,730
2023-01-17 10:48:36,20,31,730,730
2023-01-17 10:49:36,18,31,730,730
2023-01-17 10:49:36,20,31,730,730
2023-01-17 10:50:30,18,31,730,730
2023-01-17 10:50:30,20,31,730,730
2023-01-17 10:51:26,18,31,730,730
2023-01-17 10:51:26,20,31,730,730
2023-01-17 10:52:20,18,31,730,730
2023-01-17 10:52:20,21,31,730,730
2023-01-17 10:53:16,18,31,730,730
2023-01-17 10:53:17,20,31,730,730
2023-01-17 10:53:38,19,50,730,730
2023-01-17 10:53:39,19,31,730,730
2023-01-17 10:54:08,22,31,730,730
2023-01-17 10:55:00,19,31,730,730
2023-01-17 10:55:00,21,31,730,730
2023-01-17 10:55:54,19,31,730,730
2023-01-17 10:55:55,22,31,730,730
2023-01-17 10:56:50,19,31,730,730
2023-01-17 10:56:51,21,31,730,730
2023-01-17 10:57:44,19,31,730,730
2023-01-17 10:57:45,21,31,730,730
2023-01-17 10:58:36,19,31,730,730
2023-01-17 10:58:37,21,31,730,730
2023-01-17 10:58:46,21,43,730,730
2023-01-17 10:58:47,21,32,730,730
2023-01-17 10:59:28,19,32,730,730
2023-01-17 10:59:28,20,32,730,730
2023-01-17 11:00:24,19,32,730,730
2023-01-17 11:00:24,20,32,730,730
2023-01-17 11:01:17,19,32,730,730
2023-01-17 11:01:17,22,32,730,730
2023-01-17 11:02:12,19,32,730,730
2023-01-17 11:02:13,22,32,730,730
2023-01-17 11:03:06,19,32,730,730
2023-01-17 11:03:07,21,32,730,730
2023-01-17 11:03:50,20,50,730,730
2023-01-17 11:03:50,20,34,730,730
2023-01-17 11:04:00,21,34,730,730
2023-01-17 11:04:52,20,34,730,730
2023-01-17 11:04:53,21,34,730,730
2023-01-17 11:05:48,20,34,730,730
2023-01-17 11:05:48,22,34,730,730
2023-01-17 11:06:40,20,34,730,730
2023-01-17 11:06:41,23,34,730,730
2023-01-17 11:07:19,21,34,730,730
2023-01-17 11:07:34,25,34,730,730
2023-01-17 11:07:52,21,40,730,730
2023-01-17 11:08:30,24,40,730,730
2023-01-17 11:09:19,21,49,730,730
2023-01-17 11:09:31,21,46,730,730
2023-01-17 11:09:31,24,46,730,730
2023-01-17 11:09:45,24,40,730,730
2023-01-17 11:10:26,25,40,730,730
2023-01-17 11:11:13,24,46,730,730
2023-01-17 11:11:23,26,46,730,730
2023-01-17 11:12:16,24,46,730,730
2023-01-17 11:12:16,26,46,730,730
2023-01-17 11:13:22,24,46,730,730
2023-01-17 11:13:22,26,46,730,730
2023-01-17 11:14:16,24,46,730,730
2023-01-17 11:14:16,26,46,730,730
2023-01-17 11:14:49,27,50,730,730
2023-01-17 11:14:51,27,45,730,730
2023-01-17 11:19:50,21,45,730,730
2023-01-17 11:19:50,26,45,730,730
2023-01-17 11:19:58,26,47,730,730
2023-01-17 11:19:59,26,48,730,730
2023-01-17 11:20:28,26,50,730,730
2023-01-17 11:20:29,26,43,730,730
2023-01-17 11:25:29,21,48,730,730
2023-01-17 11:25:34,27,48,730,730
2023-01-17 11:25:35,27,44,730,730
2023-01-17 11:31:10,21,45,730,730
2023-01-17 11:31:11,23,45,730,730
2023-01-17 11:31:15,23,36,730,730
2023-01-17 11:32:06,22,36,730,730
2023-01-17 11:32:07,23,36,730,730
2023-01-17 11:33:20,22,36,730,730
2023-01-17 11:33:20,23,36,730,730
2023-01-17 11:34:18,22,36,730,730
2023-01-17 11:34:18,23,36,730,730
2023-01-17 11:35:16,22,36,730,730
2023-01-17 11:35:17,23,36,730,730
2023-01-17 11:36:12,22,36,730,730
2023-01-17 11:37:02,21,48,730,730
2023-01-17 11:37:03,21,34,730,730
2023-01-17 11:37:15,23,34,730,730
2023-01-17 11:38:11,21,34,730,730
2023-01-17 11:38:18,23,34,730,730
2023-01-17 11:39:27,21,34,730,730
2023-01-17 11:40:27,22,34,730,730
2023-01-17 11:41:22,21,34,730,730
2023-01-17 11:41:22,22,34,730,730
2023-01-17 11:42:06,21,50,730,730
2023-01-17 11:42:07,21,32,730,730
2023-01-17 11:42:20,22,32,730,730
2023-01-17 11:43:20,21,32,730,730
2023-01-17 11:45:10,22,32,730,730
2023-01-17 11:46:04,21,32,730,730
2023-01-17 11:47:07,21,43,730,730
2023-01-17 11:47:08,21,30,730,730
2023-01-17 11:47:53,21,30,735,735
2023-01-17 11:52:09,21,47,735,735
2023-01-17 11:52:10,21,29,735,735
2023-01-17 11:54:22,22,29,735,735
2023-01-17 11:54:51,21,29,735,735
2023-01-17 11:55:28,22,29,735,735
2023-01-17 11:55:45,21,35,735,735
2023-01-17 11:57:11,21,49,735,735
2023-01-17 11:57:20,21,43,735,735
2023-01-17 11:57:39,21,49,735,735
2023-01-17 11:57:40,21,30,735,735
2023-01-17 11:57:55,18,30,735,735
2023-01-17 11:58:25,20,30,735,735
2023-01-17 11:59:23,18,30,735,735
2023-01-17 11:59:23,20,30,735,735
2023-01-17 12:00:18,18,30,735,735
2023-01-17 12:00:18,21,30,735,735
2023-01-17 12:01:14,18,30,735,735
2023-01-17 12:01:15,21,30,735,735
2023-01-17 12:02:16,18,30,735,735
2023-01-17 12:02:17,20,30,735,735
2023-01-17 12:02:42,12,49,735,735
2023-01-17 12:02:43,12,50,735,735
2023-01-17 12:02:43,12,49,735,735
2023-01-17 12:02:45,12,50,735,735
2023-01-17 12:02:50,12,49,735,735
2023-01-17 12:02:50,15,49,735,735
2023-01-17 12:02:52,15,28,735,735
2023-01-17 12:03:15,20,28,735,735
2023-01-17 12:04:20,15,28,735,735
2023-01-17 12:04:20,19,28,735,735
2023-01-17 12:05:14,15,28,735,735
2023-01-17 12:05:14,20,28,735,735
2023-01-17 12:06:12,15,28,735,735
2023-01-17 12:06:12,20,28,735,735
2023-01-17 12:07:12,15,28,735,735
2023-01-17 12:07:13,21,28,735,735
2023-01-17 12:07:46,15,34,735,735
2023-01-17 12:07:54,19,50,735,735
2023-01-17 12:07:55,19,32,735,735
2023-01-17 12:08:08,22,32,735,735
2023-01-17 12:09:04,19,32,735,735
2023-01-17 12:09:05,23,32,735,735
2023-01-17 12:10:00,19,32,735,735
2023-01-17 12:10:00,23,32,735,735
2023-01-17 12:10:56,19,32,735,735
2023-01-17 12:10:56,23,32,735,735
2023-01-17 12:11:55,19,32,735,735
2023-01-17 12:11:55,23,32,735,735
2023-01-17 12:12:50,19,32,735,735
2023-01-17 12:12:50,23,32,735,735
2023-01-17 12:13:00,23,50,735,735
2023-01-17 12:13:02,23,33,735,735
2023-01-17 12:13:48,21,33,735,735
2023-01-17 12:13:49,23,33,735,735
2023-01-17 12:14:44,21,33,735,735
2023-01-17 12:14:44,24,33,735,735
2023-01-17 12:15:38,21,33,735,735
2023-01-17 12:15:39,24,33,735,735
2023-01-17 12:16:34,21,33,735,735
2023-01-17 12:16:34,24,33,735,735
2023-01-17 12:17:30,21,33,735,735
2023-01-17 12:17:30,23,33,735,735
2023-01-17 12:18:05,22,50,735,735
2023-01-17 12:18:05,22,35,735,735
2023-01-17 12:18:27,25,35,735,735
2023-01-17 12:19:22,22,35,735,735
2023-01-17 12:19:23,24,35,735,735
2023-01-17 12:20:20,22,35,735,735
2023-01-17 12:20:20,24,35,735,735
2023-01-17 12:21:16,22,35,735,735
2023-01-17 12:21:16,24,35,735,735
2023-01-17 12:22:10,22,35,735,735
2023-01-17 12:22:10,23,35,735,735
2023-01-17 12:23:05,12,49,735,735
2023-01-17 12:23:07,12,50,735,735
2023-01-17 12:23:07,12,48,735,735
2023-01-17 12:23:08,23,48,735,735
2023-01-17 12:23:08,23,36,735,735
2023-01-17 12:23:09,25,36,735,735
2023-01-17 12:24:16,23,36,735,735
2023-01-17 12:24:16,26,36,735,735
2023-01-17 12:25:12,23,36,735,735
2023-01-17 12:25:12,25,36,735,735
2023-01-17 12:26:08,23,36,735,735
2023-01-17 12:26:08,26,36,735,735
2023-01-17 12:27:04,23,36,735,735
2023-01-17 12:27:04,26,36,735,735
2023-01-17 12:28:00,23,36,735,735
2023-01-17 12:28:00,25,36,735,735
2023-01-17 12:28:10,25,47,735,735
2023-01-17 12:28:11,23,47,735,735
2023-01-17 12:28:11,23,37,735,735
2023-01-17 12:28:54,25,37,735,735
2023-01-17 12:29:49,23,37,735,735
2023-01-17 12:29:49,25,37,735,735
2023-01-17 12:30:44,23,37,735,735
2023-01-17 12:30:44,25,37,735,735
2023-01-17 12:31:42,23,37,735,735
2023-01-17 12:31:42,24,37,735,735
2023-01-17 12:32:38,23,37,735,735
2023-01-17 12:33:14,20,48,735,735
2023-01-17 12:33:14,20,33,735,735
2023-01-17 12:33:34,23,33,735,735
2023-01-17 12:34:30,20,33,735,735
2023-01-17 12:34:30,23,33,735,735
2023-01-17 12:35:32,20,33,735,735
2023-01-17 12:35:32,22,33,735,735
2023-01-17 12:36:30,20,33,735,735
2023-01-17 12:36:30,23,33,735,735
2023-01-17 12:37:26,20,33,735,735
2023-01-17 12:37:26,22,33,735,735
2023-01-17 12:38:16,12,47,735,735
2023-01-17 12:38:16,18,47,735,735
2023-01-17 12:38:17,18,31,735,735
2023-01-17 12:38:28,21,31,735,735
2023-01-17 12:39:22,18,31,735,735
2023-01-17 12:39:22,21,31,735,735
2023-01-17 12:40:16,18,31,735,735
2023-01-17 12:40:16,22,31,735,735
2023-01-17 12:41:12,18,31,735,735
2023-01-17 12:41:12,22,31,735,735
2023-01-17 12:42:06,18,31,735,735
2023-01-17 12:42:06,23,31,735,735
2023-01-17 12:43:02,18,31,735,735
2023-01-17 12:43:02,21,31,735,735
2023-01-17 12:43:19,17,48,735,735
2023-01-17 12:43:19,17,47,735,735
2023-01-17 12:43:20,17,30,735,735
2023-01-17 12:44:09,22,30,735,735
2023-01-17 12:45:04,17,30,735,735
2023-01-17 12:45:04,23,30,735,735
2023-01-17 12:46:00,17,30,735,735
2023-01-17 12:46:00,24,30,735,735
2023-01-17 12:46:56,17,30,735,735
2023-01-17 12:46:56,23,30,735,735
2023-01-17 12:47:50,17,30,735,735
2023-01-17 12:47:50,22,30,735,735
2023-01-17 12:48:21,12,48,735,735
2023-01-17 12:48:26,17,48,735,735
2023-01-17 12:48:26,17,30,735,735
2023-01-17 12:48:46,22,30,735,735
2023-01-17 12:49:54,17,30,735,735
2023-01-17 12:49:54,22,30,735,735
2023-01-17 12:50:48,17,30,735,735
2023-01-17 12:50:49,22,30,735,735
2023-01-17 12:51:56,17,30,735,735
2023-01-17 12:51:56,20,30,735,735
2023-01-17 12:52:35,12,30,735,735
2023-01-17 12:52:54,19,30,735,735
2023-01-17 12:53:33,12,48,735,735
2023-01-17 12:53:33,12,27,735,735
2023-01-17 12:53:50,19,27,735,735
2023-01-17 12:54:32,12,27,735,735
2023-01-17 12:54:48,18,27,735,735
2023-01-17 12:55:46,12,27,735,735
2023-01-17 12:55:46,19,27,735,735
2023-01-17 12:56:44,12,27,735,735
2023-01-17 12:56:44,20,27,735,735
2023-01-17 12:57:29,12,27,835,835
2023-01-17 12:57:40,20,27,835,835
2023-01-17 12:58:37,14,50,835,835
2023-01-17 12:58:37,14,28,835,835
2023-01-17 12:58:49,20,28,835,835
2023-01-17 12:59:46,14,28,835,835
2023-01-17 12:59:46,20,28,835,835
2023-01-17 12:59:47,20,28,935,935
2023-01-17 13:00:40,14,28,935,935
2023-01-17 13:00:40,19,28,935,935
2023-01-17 13:01:40,14,28,935,935
2023-01-17 13:01:40,19,28,935,935
2023-01-17 13:02:36,14,28,935,935
2023-01-17 13:02:36,19,28,935,935
2023-01-17 13:02:56,14,27,935,935
2023-01-17 13:03:36,19,27,935,935
2023-01-17 13:03:53,12,27,935,935
2023-01-17 13:04:34,18,27,935,935
2023-01-17 13:05:30,12,27,935,935
2023-01-17 13:05:30,18,27,935,935
2023-01-17 13:06:26,12,27,935,935
2023-01-17 13:06:27,18,27,935,935
2023-01-17 13:07:24,12,27,935,935
2023-01-17 13:07:25,18,27,935,935
2023-01-17 13:08:13,12,21,935,935
2023-01-17 13:08:22,18,21,935,935
2023-01-17 13:08:31,18,21,962,990
2023-01-17 13:08:50,12,21,962,990
2023-01-17 13:09:00,12,21,962,1095
2023-01-17 13:09:27,18,21,962,1095
2023-01-17 13:10:22,12,21,962,1095
2023-01-17 13:10:22,19,21,962,1095
2023-01-17 13:11:17,12,21,962,1095
2023-01-17 13:11:18,21,27,967,1105
2023-01-17 13:11:28,21,30,967,1105
2023-01-17 13:12:14,12,30,967,1105
2023-01-17 13:12:14,21,30,967,1105
2023-01-17 13:12:47,12,30,967,1105
2023-01-17 13:13:29,20,30,967,1105
2023-01-17 13:14:10,12,28,967,1105
2023-01-17 13:14:19,13,28,967,1105
2023-01-17 13:14:34,21,28,967,1105
2023-01-17 13:15:32,13,28,967,1105
2023-01-17 13:15:32,21,28,967,1105
2023-01-17 13:16:36,12,28,967,1105
2023-01-17 13:16:38,19,28,967,1105
2023-01-17 13:17:48,12,28,967,1105
2023-01-17 13:17:49,19,28,967,1105
2023-01-17 13:18:46,12,28,967,1105
2023-01-17 13:18:47,18,28,967,1105
2023-01-17 13:19:14,12,23,967,1105
2023-01-17 13:19:37,12,22,967,1105
2023-01-17 13:19:44,18,22,967,1105
2023-01-17 13:20:40,12,22,967,1105
2023-01-17 13:20:40,18,22,967,1105
2023-01-17 13:21:36,12,22,967,1105
2023-01-17 13:21:36,18,22,967,1105
2023-01-17 13:22:32,12,22,967,1105
2023-01-17 13:22:32,19,22,967,1105
2023-01-17 13:22:51,12,22,967,1105
2023-01-17 13:23:21,12,29,967,1105
2023-01-17 13:23:37,20,29,967,1105
2023-01-17 13:24:17,12,27,967,1105
2023-01-17 13:24:32,21,27,967,1105
2023-01-17 13:25:35,12,27,967,1105
2023-01-17 13:25:35,20,27,967,1105
2023-01-17 13:26:34,12,27,967,1105
2023-01-17 13:26:34,21,27,967,1105
2023-01-17 13:27:32,12,27,967,1105
2023-01-17 13:27:32,21,27,967,1105
2023-01-17 13:27:46,12,27,967,1105
2023-01-17 13:27:46,16,27,967,1105
2023-01-17 13:27:46,16,25,967,1105
2023-01-17 13:27:46,16,23,967,1105
2023-01-17 13:27:47,18,23,967,1105
2023-01-17 13:28:16,18,25,967,1105
2023-01-17 13:28:16,18,22,967,1105
2023-01-17 13:28:18,17,22,967,1105
2023-01-17 13:28:31,20,22,967,1105
2023-01-17 13:28:44,15,22,967,1105
2023-01-17 13:28:44,18,22,967,1105
2023-01-17 13:29:15,16,22,967,1105
2023-01-17 13:29:15,14,22,967,1105
2023-01-17 13:29:15,14,27,967,1105
2023-01-17 13:29:15,14,23,967,1105
2023-01-17 13:29:15,17,23,967,1105
2023-01-17 13:29:15,17,21,967,1105
2023-01-17 13:29:28,19,21,967,1105
2023-01-17 13:29:44,15,21,967,1105
2023-01-17 13:29:44,14,21,967,1105
2023-01-17 13:29:44,16,21,967,1105
2023-01-17 13:30:18,17,21,967,1105
2023-01-17 13:30:24,19,21,967,1105
2023-01-17 13:30:45,17,21,967,1105
2023-01-17 13:30:45,16,21,967,1105
2023-01-17 13:31:17,18,21,967,1105
2023-01-17 13:31:17,18,23,967,1105
2023-01-17 13:31:26,20,23,967,1105
2023-01-17 13:31:44,18,23,967,1105
2023-01-17 13:31:44,18,21,967,1105
2023-01-17 13:31:45,15,21,967,1105
2023-01-17 13:31:45,17,21,967,1105
2023-01-17 13:32:16,14,21,967,1105
2023-01-17 13:32:16,16,21,967,1105
2023-01-17 13:32:27,19,21,967,1105
2023-01-17 13:32:44,16,21,967,1105
2023-01-17 13:32:44,16,22,967,1105
2023-01-17 13:32:45,16,20,967,1105
2023-01-17 13:33:22,18,20,967,1105
2023-01-17 13:33:44,15,20,967,1105
2023-01-17 13:33:45,15,22,967,1105
2023-01-17 13:33:45,15,20,967,1105
2023-01-17 13:34:14,16,20,967,1105
2023-01-17 13:34:20,18,20,967,1105
2023-01-17 13:34:30,16,20,967,1105
2023-01-17 13:34:44,15,20,967,1105
2023-01-17 13:34:44,15,19,967,1105
2023-01-17 13:34:46,15,18,967,1105
2023-01-17 13:35:28,18,19,1017,1155
2023-01-17 13:35:38,18,19,1167,1305
2023-01-17 13:36:16,15,19,1167,1305
2023-01-17 13:36:45,14,19,1167,1305
2023-01-17 13:36:46,15,19,1167,1305
2023-01-17 13:36:46,15,20,1167,1305
2023-01-17 13:36:54,18,20,1167,1305
2023-01-17 13:37:07,15,20,1169,1307
2023-01-17 13:37:09,20,22,1404,1542
2023-01-17 13:37:15,20,21,1404,1542
2023-01-17 13:37:15,15,19,1406,1544
2023-01-17 13:37:15,14,19,1406,1544
2023-01-17 13:37:45,14,21,1406,1544
2023-01-17 13:37:45,14,24,1406,1544
2023-01-17 13:37:45,14,20,1406,1544
2023-01-17 13:37:45,14,18,1406,1544
2023-01-17 13:37:56,17,18,1406,1544
2023-01-17 13:38:14,14,18,1406,1544
2023-01-17 13:38:14,14,19,1406,1544
2023-01-17 13:38:14,15,19,1406,1544
2023-01-17 13:38:44,15,21,1406,1544
2023-01-17 13:38:44,15,20,1406,1544
2023-01-17 13:38:45,15,18,1406,1544
2023-01-17 13:38:45,13,18,1406,1544
2023-01-17 13:38:55,16,18,1406,1544
2023-01-17 13:39:15,13,18,1406,1544
2023-01-17 13:39:15,13,17,1406,1544
2023-01-17 13:39:45,12,17,1406,1544
2023-01-17 13:39:48,12,16,1406,1544
2023-01-17 13:39:54,14,16,1406,1544
2023-01-17 13:39:56,14,16,1456,1644
2023-01-17 13:40:05,14,16,1506,1744
2023-01-17 13:40:05,14,16,1556,1794
2023-01-17 13:40:19,12,16,1556,1794
2023-01-17 13:40:20,12,15,1556,1794
2023-01-17 13:40:46,12,16,1556,1794
2023-01-17 13:41:00,15,16,1556,1794
2023-01-17 13:41:05,15,16,1606,1894
2023-01-17 13:41:44,12,16,1606,1894
2023-01-17 13:41:44,12,15,1606,1894
2023-01-17 13:41:51,12,14,1606,1894
2023-01-17 13:41:56,14,15,1656,1944
2023-01-17 13:42:04,14,15,1744,2044
2023-01-17 13:42:16,12,15,1744,2044
2023-01-17 13:43:14,12,17,1744,2044
2023-01-17 13:43:14,12,16,1744,2044
2023-01-17 13:43:16,14,16,1744,2044
2023-01-17 13:43:44,12,16,1744,2044
2023-01-17 13:43:44,12,15,1744,2044
2023-01-17 13:44:24,14,15,1744,2044
2023-01-17 13:44:38,12,15,1744,2044
2023-01-17 13:45:20,14,15,1744,2044
2023-01-17 13:45:45,12,15,1744,2044
2023-01-17 13:46:16,13,15,1744,2044
2023-01-17 13:46:16,13,18,1744,2044
2023-01-17 13:46:23,16,18,1744,2044
2023-01-17 13:47:14,13,18,1744,2044
2023-01-17 13:47:14,13,17,1744,2044
2023-01-17 13:47:30,16,17,1744,2044
2023-01-17 13:47:45,13,17,1744,2044
2023-01-17 13:48:16,12,17,1744,2044
2023-01-17 13:48:17,12,19,1744,2044
2023-01-17 13:48:18,12,17,1744,2044
2023-01-17 13:48:26,15,17,1744,2044
2023-01-17 13:48:45,12,17,1744,2044
2023-01-17 13:48:45,12,18,1744,2044
2023-01-17 13:48:46,12,16,1744,2044
2023-01-17 13:49:44,12,15,1744,2044
2023-01-17 13:50:46,12,14,1744,2044
2023-01-17 13:51:12,12,14,1769,2094
2023-01-17 13:51:15,12,15,1769,2094
2023-01-17 13:52:15,12,14,1769,2094
2023-01-17 13:55:17,12,15,1769,2094
2023-01-17 13:56:46,12,18,1769,2094
2023-01-17 13:56:47,12,16,1769,2094
2023-01-17 13:57:14,12,15,1769,2094
2023-01-17 13:57:44,12,14,1769,2094
2023-01-17 13:58:44,12,16,1769,2094
2023-01-17 13:58:44,12,18,1769,2094
2023-01-17 13:58:44,12,15,1769,2094
2023-01-17 13:59:15,12,18,1769,2094
2023-01-17 13:59:15,12,16,1769,2094
2023-01-17 13:59:15,12,14,1769,2094
2023-01-17 14:00:19,12,13,1769,2094
2023-01-17 14:01:16,12,13,1827,2211
2023-01-17 14:01:46,12,14,1827,2211
2023-01-17 14:03:33,12,14,1857,2270
2023-01-17 14:03:33,12,14,1886,2329
2023-01-17 14:03:42,12,14,1907,2370
2023-01-17 14:03:43,12,14,1927,2411
2023-01-17 14:04:07,12,14,1953,2463
2023-01-17 14:04:07,12,14,1979,2515
2023-01-17 14:04:15,12,14,2003,2563
2023-01-17 14:04:16,11,12,2004,2564
2023-01-17 14:05:45,10,11,2014,2584
2023-01-17 14:06:52,10,12,2014,2584
2023-01-17 14:07:29,10,12,2068,2638
2023-01-17 14:07:29,8,10,2114,2684
2023-01-17 14:07:45,7,10,2114,2684
2023-01-17 14:07:45,3,10,2114,2684
2023-01-17 14:11:15,8,10,2114,2684
2023-01-17 14:12:46,7,10,2114,2684
2023-01-17 14:13:15,8,10,2114,2684
2023-01-17 14:13:53,10,12,2118,2692
2023-01-17 14:14:07,8,13,2304,2878
2023-01-17 14:14:15,9,13,2304,2878
2023-01-17 14:14:16,9,14,2304,2878
2023-01-17 14:14:16,10,14,2304,2878
2023-01-17 14:14:17,10,15,2304,2878
2023-01-17 14:14:35,10,17,2459,3033
2023-01-17 14:14:44,10,19,2459,3033
2023-01-17 14:14:45,8,19,2459,3033
2023-01-17 14:14:45,11,19,2459,3033
2023-01-17 14:14:45,12,19,2459,3033
2023-01-17 14:14:45,12,18,2459,3033
2023-01-17 14:14:46,13,18,2459,3033
2023-01-17 14:15:17,13,20,2459,3033
2023-01-17 14:15:18,13,19,2459,3033
2023-01-17 14:15:18,13,17,2459,3033
2023-01-17 14:15:30,17,19,2514,3122
2023-01-17 14:15:39,13,19,2614,3222
2023-01-17 14:15:46,12,19,2614,3222
2023-01-17 14:15:46,8,19,2614,3222
2023-01-17 14:15:46,8,25,2614,3222
2023-01-17 14:15:46,15,25,2614,3222
2023-01-17 14:15:46,19,25,2614,3222
2023-01-17 14:15:46,19,23,2614,3222
2023-01-17 14:16:16,19,25,2614,3222
2023-01-17 14:16:16,19,22,2614,3222
2023-01-17 14:16:17,17,22,2614,3222
2023-01-17 14:17:15,15,22,2614,3222
2023-01-17 14:17:15,14,22,2614,3222
2023-01-17 14:17:16,16,22,2614,3222
2023-01-17 14:17:16,18,22,2614,3222
2023-01-17 14:18:15,18,20,2614,3222
2023-01-17 14:18:16,16,20,2614,3222
2023-01-17 14:18:44,14,20,2614,3222
2023-01-17 14:18:45,15,20,2614,3222
2023-01-17 14:19:14,13,20,2614,3222
2023-01-17 14:19:14,16,20,2614,3222
2023-01-17 14:20:45,17,20,2614,3222
2023-01-17 14:20:47,17,22,2614,3222
2023-01-17 14:21:16,18,22,2614,3222
2023-01-17 14:21:44,16,22,2614,3222
2023-01-17 14:21:45,17,22,2614,3222
2023-01-17 14:22:44,17,23,2614,3222
2023-01-17 14:22:44,17,21,2614,3222
2023-01-17 14:23:14,17,24,2614,3222
2023-01-17 14:23:15,17,22,2614,3222
2023-01-17 14:24:16,16,22,2614,3222
2023-01-17 14:24:16,16,23,2614,3222
2023-01-17 14:24:16,16,21,2614,3222
2023-01-17 14:24:44,16,20,2614,3222
2023-01-17 14:25:17,16,22,2614,3222
2023-01-17 14:25:17,16,19,2614,3222
2023-01-17 14:25:46,16,17,2614,3222
2023-01-17 14:25:56,13,17,2614,3232
2023-01-17 14:27:15,12,17,2614,3232
2023-01-17 14:27:15,12,19,2614,3232
2023-01-17 14:27:15,12,17,2614,3232
2023-01-17 14:27:45,13,17,2614,3232
2023-01-17 14:28:15,12,17,2614,3232
2023-01-17 14:28:15,12,18,2614,3232
2023-01-17 14:28:15,12,16,2614,3232
2023-01-17 14:28:44,12,20,2614,3232
2023-01-17 14:28:45,12,19,2614,3232
2023-01-17 14:28:46,12,17,2614,3232
2023-01-17 14:29:15,13,17,2614,3232
2023-01-17 14:30:19,12,17,2614,3232
2023-01-17 14:30:19,12,16,2614,3232
2023-01-17 14:30:45,12,18,2614,3232
2023-01-17 14:30:45,12,15,2614,3232
2023-01-17 14:30:46,12,14,2614,3232
2023-01-17 14:30:46,10,14,2614,3232
2023-01-17 14:32:45,10,13,2614,3232
2023-01-17 14:32:45,8,13,2614,3232
2023-01-17 14:32:45,9,13,2614,3232
2023-01-17 14:33:44,9,12,2614,3232
2023-01-17 14:33:45,8,12,2614,3232
2023-01-17 14:35:46,7,12,2614,3232
2023-01-17 14:35:46,7,11,2614,3232
2023-01-17 14:36:16,7,10,2614,3232
2023-01-17 14:36:46,6,10,2614,3232
2023-01-17 14:37:45,6,11,2614,3232
2023-01-17 14:37:45,6,10,2614,3232
2023-01-17 14:38:14,6,9,2614,3232
2023-01-17 14:38:43,5,9,2614,3232
2023-01-17 14:40:46,5,8,2614,3232
2023-01-17 14:41:44,4,8,2614,3232
2023-01-17 14:42:15,5,8,2614,3232
2023-01-17 14:44:45,4,8,2614,3232
2023-01-17 14:46:45,5,8,2614,3232
2023-01-17 14:51:16,4,8,2614,3232
2023-01-17 14:51:17,3,8,2614,3232
2023-01-17 14:51:17,4,8,2614,3232
2023-01-17 14:51:45,5,8,2614,3232
2023-01-17 14:52:17,6,8,2614,3232
2023-01-17 14:53:15,5,8,2614,3232
2023-01-17 14:54:15,6,8,2614,3232
2023-01-17 14:54:45,5,8,2614,3232
2023-01-17 14:56:45,6,8,2614,3232
2023-01-17 14:56:52,6,10,2664,3282
2023-01-17 14:57:15,7,10,2664,3282
2023-01-17 14:57:17,7,11,2664,3282
2023-01-17 14:57:43,7,12,2664,3282
2023-01-17 14:57:43,6,12,2664,3282
2023-01-17 14:57:43,6,15,2664,3282
2023-01-17 14:57:43,1,15,2664,3282
2023-01-17 14:58:25,1,21,2664,3282
2023-01-17 14:59:14,1,15,2664,3282
2023-01-17 15:02:42,1,10,2664,3282
2023-01-17 15:22:49,1,5,2664,3282
2023-01-17 15:32:07,1,4,2664,3282
2023-01-17 15:34:32,0,4,2886,3504
2023-01-17 15:35:07,1,4,2886,3504
2023-01-17 15:36:45,0,4,2886,3504
2023-01-17 15:36:55,1,4,2886,3504
2023-01-17 15:41:15,0,4,2941,3559
2023-01-17 15:41:19,0,1,2941,3559
2023-01-17 15:41:27,1,4,2944,3562
2023-01-17 15:42:15,1,3,2944,3562
2023-01-17 15:43:27,0,3,2970,3614
2023-01-17 15:44:22,1,3,2970,3614
2023-01-17 15:44:44,1,4,2970,3614
2023-01-17 15:47:44,1,5,3020,3664
2023-01-17 15:51:40,0,5,3575,4219
2023-01-17 15:51:51,1,5,3575,4219
2023-01-17 15:52:32,0,5,3603,4274
2023-01-17 15:53:33,1,5,3603,4274
2023-01-17 15:55:11,0,5,3658,4329
2023-01-17 15:55:43,0,1,3658,4329
