datetime,bid,ask,open_interest,volume
2023-08-21 09:30:25,17,24,110,131
2023-08-21 09:30:25,17,26,110,131
2023-08-21 09:30:25,17,28,110,131
2023-08-21 09:30:25,17,30,110,131
2023-08-21 09:30:26,17,23,110,131
2023-08-21 09:30:30,17,25,110,131
2023-08-21 09:30:30,17,27,110,131
2023-08-21 09:30:30,17,29,110,131
2023-08-21 09:30:30,17,30,110,131
2023-08-21 09:31:00,17,21,110,131
2023-08-21 09:31:00,17,20,110,131
2023-08-21 09:31:04,18,20,110,131
2023-08-21 09:31:07,17,20,110,131
2023-08-21 09:31:09,18,20,110,131
2023-08-21 09:31:11,18,21,110,131
2023-08-21 09:31:23,19,21,110,131
2023-08-21 09:31:29,18,21,110,131
2023-08-21 09:31:37,18,20,110,131
2023-08-21 09:31:38,18,21,110,131
2023-08-21 09:31:39,18,20,110,131
2023-08-21 09:31:42,17,20,110,131
2023-08-21 09:31:48,18,20,110,131
2023-08-21 09:31:51,17,20,110,131
2023-08-21 09:31:52,18,20,110,131
2023-08-21 09:31:53,17,20,110,131
2023-08-21 09:31:57,18,20,110,131
2023-08-21 09:32:01,17,20,110,131
2023-08-21 09:32:04,18,20,110,131
2023-08-21 09:32:06,18,21,110,131
2023-08-21 09:32:07,18,20,110,131
2023-08-21 09:32:08,18,21,110,131
2023-08-21 09:32:12,18,20,110,131
2023-08-21 09:32:14,18,21,110,131
2023-08-21 09:32:15,18,20,110,131
2023-08-21 09:32:16,18,21,110,131
2023-08-21 09:32:41,19,21,110,131
2023-08-21 09:32:43,19,22,110,131
2023-08-21 09:33:11,19,23,110,131
2023-08-21 09:33:11,20,23,110,131
2023-08-21 09:33:45,20,24,110,131
2023-08-21 09:33:45,21,24,110,131
2023-08-21 09:33:49,20,24,110,131
2023-08-21 09:33:49,20,23,110,131
2023-08-21 09:33:54,20,22,110,131
2023-08-21 09:33:55,19,22,110,131
2023-08-21 09:33:56,20,22,110,131
2023-08-21 09:33:58,20,23,110,131
2023-08-21 09:34:15,20,22,110,131
2023-08-21 09:34:17,20,23,110,131
2023-08-21 09:34:22,21,23,110,131
2023-08-21 09:34:27,21,24,110,131
2023-08-21 09:34:35,22,24,110,131
2023-08-21 09:34:47,22,25,110,131
2023-08-21 09:35:01,23,25,110,131
2023-08-21 09:35:02,24,25,110,131
2023-08-21 09:35:05,24,26,110,131
2023-08-21 09:35:15,24,27,110,131
2023-08-21 09:35:15,25,27,110,131
2023-08-21 09:35:38,25,28,910,931
2023-08-21 09:35:38,26,28,910,931
2023-08-21 09:36:25,27,28,910,931
2023-08-21 09:36:31,27,29,910,931
2023-08-21 09:36:35,28,29,910,931
2023-08-21 09:36:41,26,29,910,931
2023-08-21 09:36:41,27,29,910,931
2023-08-21 09:37:15,27,28,910,931
2023-08-21 09:37:15,26,28,910,931
2023-08-21 09:37:15,26,27,910,931
2023-08-21 09:37:37,27,29,910,991
2023-08-21 09:38:01,26,29,910,991
2023-08-21 09:38:01,28,29,910,991
2023-08-21 09:38:10,27,29,910,991
2023-08-21 09:38:24,28,29,910,991
2023-08-21 09:38:32,28,30,910,991
2023-08-21 09:38:44,28,29,910,991
2023-08-21 09:38:45,27,29,910,991
2023-08-21 09:39:15,28,29,910,991
2023-08-21 09:39:16,28,30,910,991
2023-08-21 09:39:18,29,30,910,991
2023-08-21 09:39:20,29,30,1310,1391
2023-08-21 09:39:21,29,31,1386,1467
2023-08-21 09:39:22,30,31,1386,1467
2023-08-21 09:39:34,29,31,1386,1467
2023-08-21 09:39:34,28,31,1386,1467
2023-08-21 09:39:35,29,31,1386,1467
2023-08-21 09:39:36,30,31,1386,1467
2023-08-21 09:39:39,30,31,1786,1867
2023-08-21 09:39:39,30,32,1786,1867
2023-08-21 09:39:56,31,32,1786,1867
2023-08-21 09:40:01,31,32,2036,2117
2023-08-21 09:40:18,30,32,2036,2117
2023-08-21 09:40:22,31,32,2036,2117
2023-08-21 09:40:23,30,32,2036,2117
2023-08-21 09:40:35,31,32,2036,2117
2023-08-21 09:40:39,30,32,2036,2117
2023-08-21 09:40:44,30,31,2036,2117
2023-08-21 09:40:57,28,31,2036,2117
2023-08-21 09:40:58,29,31,2036,2117
2023-08-21 09:41:09,27,31,2036,2117
2023-08-21 09:41:09,28,31,2036,2117
2023-08-21 09:41:10,28,30,2036,2117
2023-08-21 09:41:14,28,30,2080,2161
2023-08-21 09:41:17,27,30,2080,2161
2023-08-21 09:41:18,28,30,2080,2161
2023-08-21 09:41:22,27,30,2080,2161
2023-08-21 09:41:24,27,30,2080,2165
2023-08-21 09:41:32,28,30,2080,2165
2023-08-21 09:41:38,27,30,2080,2165
2023-08-21 09:41:40,27,29,2080,2165
2023-08-21 09:41:41,27,30,2080,2165
2023-08-21 09:41:42,27,29,2080,2165
2023-08-21 09:41:43,27,30,2080,2165
2023-08-21 09:41:44,28,30,2080,2165
2023-08-21 09:41:47,27,30,2080,2165
2023-08-21 09:41:48,28,30,2080,2165
2023-08-21 09:42:07,28,31,2080,2165
2023-08-21 09:42:07,28,30,2080,2165
2023-08-21 09:42:10,29,30,2080,2165
2023-08-21 09:42:18,29,32,2080,2165
2023-08-21 09:42:19,29,31,2080,2165
2023-08-21 09:42:25,28,31,2080,2165
2023-08-21 09:42:26,29,31,2080,2165
2023-08-21 09:42:30,28,31,2080,2165
2023-08-21 09:42:31,28,30,2080,2165
2023-08-21 09:42:36,28,31,2080,2165
2023-08-21 09:42:41,29,31,2080,2165
2023-08-21 09:42:42,28,31,2080,2165
2023-08-21 09:42:44,28,30,2080,2165
2023-08-21 09:42:46,28,31,2080,2165
2023-08-21 09:42:48,29,31,2080,2165
2023-08-21 09:43:06,29,32,2080,2165
2023-08-21 09:43:12,29,31,2080,2165
2023-08-21 09:43:14,29,32,2080,2165
2023-08-21 09:43:15,29,31,2080,2165
2023-08-21 09:43:17,29,32,2080,2165
2023-08-21 09:43:20,29,31,2080,2165
2023-08-21 09:43:21,29,32,2080,2165
2023-08-21 09:43:29,29,31,2080,2165
2023-08-21 09:43:41,29,32,2080,2165
2023-08-21 09:43:43,29,31,2080,2165
2023-08-21 09:43:53,28,31,2080,2165
2023-08-21 09:43:54,29,31,2080,2165
2023-08-21 09:43:57,29,32,2080,2165
2023-08-21 09:44:03,29,31,2080,2165
2023-08-21 09:44:16,28,31,2080,2165
2023-08-21 09:44:18,28,30,2080,2165
2023-08-21 09:44:29,27,30,2080,2165
2023-08-21 09:44:30,26,30,2080,2165
2023-08-21 09:44:45,26,29,2080,2165
2023-08-21 09:44:47,26,28,2080,2165
2023-08-21 09:44:51,26,28,2080,2169
2023-08-21 09:45:00,27,28,2080,2169
2023-08-21 09:45:01,27,29,2080,2169
2023-08-21 09:45:02,26,29,2080,2169
2023-08-21 09:45:04,27,29,2080,2169
2023-08-21 09:45:05,27,29,2330,2419
2023-08-21 09:45:05,26,29,2330,2419
2023-08-21 09:45:06,26,28,2330,2419
2023-08-21 09:45:08,26,29,2330,2419
2023-08-21 09:45:08,27,29,2330,2419
2023-08-21 09:45:10,27,29,2580,2669
2023-08-21 09:45:12,26,29,2582,2671
2023-08-21 09:45:13,27,29,2582,2671
2023-08-21 09:45:23,26,29,2582,2671
2023-08-21 09:45:24,26,28,2582,2671
2023-08-21 09:45:25,26,29,2582,2671
2023-08-21 09:45:27,26,28,2582,2671
2023-08-21 09:45:30,25,28,2582,2671
2023-08-21 09:45:30,25,27,2582,2671
2023-08-21 09:45:31,25,28,2582,2671
2023-08-21 09:45:31,26,28,2582,2671
2023-08-21 09:45:32,25,28,2582,2671
2023-08-21 09:45:32,25,27,2582,2671
2023-08-21 09:45:37,24,27,2582,2671
2023-08-21 09:45:50,25,27,2582,2671
2023-08-21 09:45:53,24,27,2582,2671
2023-08-21 09:45:55,25,27,2582,2671
2023-08-21 09:45:57,24,27,2582,2671
2023-08-21 09:45:59,25,27,2582,2671
2023-08-21 09:46:06,24,27,2582,2671
2023-08-21 09:46:10,24,26,2582,2671
2023-08-21 09:46:21,23,26,2582,2671
2023-08-21 09:46:22,24,26,2582,2671
2023-08-21 09:46:23,23,26,2582,2671
2023-08-21 09:46:24,24,26,2582,2671
2023-08-21 09:46:32,23,26,2582,2671
2023-08-21 09:46:44,24,26,2582,2671
2023-08-21 09:46:59,25,26,2582,2671
2023-08-21 09:47:04,24,26,2582,2671
2023-08-21 09:47:07,25,26,2582,2671
2023-08-21 09:47:12,24,26,2582,2671
2023-08-21 09:47:14,25,26,2582,2671
2023-08-21 09:47:31,24,26,2582,2671
2023-08-21 09:47:33,25,26,2582,2671
2023-08-21 09:47:34,24,26,2582,2671
2023-08-21 09:47:35,25,26,2582,2671
2023-08-21 09:47:40,24,26,2582,2671
2023-08-21 09:47:42,25,26,2582,2671
2023-08-21 09:47:43,24,26,2582,2671
2023-08-21 09:47:54,23,26,2582,2671
2023-08-21 09:47:54,23,25,2582,2671
2023-08-21 09:47:55,23,26,2582,2671
2023-08-21 09:47:55,24,26,2582,2671
2023-08-21 09:47:56,23,26,2582,2671
2023-08-21 09:47:56,23,25,2582,2671
2023-08-21 09:48:12,22,25,2582,2671
2023-08-21 09:48:15,23,25,2582,2671
2023-08-21 09:48:16,22,25,2582,2671
2023-08-21 09:48:23,23,25,2582,2671
2023-08-21 09:48:45,24,25,2582,2671
2023-08-21 09:48:46,23,25,2782,2871
2023-08-21 09:48:47,24,25,2782,2871
2023-08-21 09:48:48,22,25,2782,2871
2023-08-21 09:48:49,23,25,2782,2871
2023-08-21 09:49:02,22,25,2782,2871
2023-08-21 09:49:02,22,24,2782,2871
2023-08-21 09:49:07,22,25,2782,2871
2023-08-21 09:49:07,23,25,2782,2871
2023-08-21 09:49:10,23,26,2782,2871
2023-08-21 09:49:13,23,25,2782,2871
2023-08-21 09:49:24,22,25,2782,2871
2023-08-21 09:49:25,23,25,2782,2871
2023-08-21 09:49:26,22,25,2782,2871
2023-08-21 09:49:28,22,24,2782,2871
2023-08-21 09:49:31,23,24,2782,2871
2023-08-21 09:49:32,22,24,2782,2871
2023-08-21 09:49:33,23,24,2782,2871
2023-08-21 09:49:36,23,26,2782,2871
2023-08-21 09:49:37,24,26,2782,2871
2023-08-21 09:49:40,24,25,2782,2871
2023-08-21 09:49:54,24,26,2857,2946
2023-08-21 09:49:55,24,27,2857,2946
2023-08-21 09:50:02,24,26,2857,2946
2023-08-21 09:50:06,24,27,2857,2946
2023-08-21 09:50:09,25,27,2857,2946
2023-08-21 09:50:27,24,27,2857,2946
2023-08-21 09:50:27,24,26,2857,2946
2023-08-21 09:50:29,24,27,2857,2946
2023-08-21 09:50:29,25,27,2857,2946
2023-08-21 09:50:30,24,27,2857,2946
2023-08-21 09:50:30,24,26,2857,2946
2023-08-21 09:50:35,23,26,2857,2946
2023-08-21 09:50:36,24,26,2857,2946
2023-08-21 09:50:37,23,26,2857,2946
2023-08-21 09:50:39,24,26,2857,2946
2023-08-21 09:50:43,23,26,2857,2946
2023-08-21 09:50:44,23,25,2857,2946
2023-08-21 09:50:52,22,25,2857,2946
2023-08-21 09:50:52,22,24,2857,2946
2023-08-21 09:50:58,22,25,2857,2946
2023-08-21 09:50:58,23,25,2857,2946
2023-08-21 09:50:59,22,25,2857,2946
2023-08-21 09:50:59,22,24,2857,2946
2023-08-21 09:51:00,22,25,2857,2946
2023-08-21 09:51:00,23,25,2857,2946
2023-08-21 09:51:03,22,25,2857,2946
2023-08-21 09:51:03,22,24,2857,2946
2023-08-21 09:51:07,21,24,2857,2946
2023-08-21 09:51:07,21,23,2857,2946
2023-08-21 09:51:10,21,24,2857,2946
2023-08-21 09:51:13,22,24,2857,2946
2023-08-21 09:51:14,21,24,2857,2946
2023-08-21 09:51:15,22,24,2857,2946
2023-08-21 09:51:16,21,24,2857,2946
2023-08-21 09:51:17,21,23,2857,2946
2023-08-21 09:51:20,22,23,2857,2946
2023-08-21 09:51:26,23,24,2857,3021
2023-08-21 09:51:31,22,24,2857,3021
2023-08-21 09:52:07,23,24,2857,3021
2023-08-21 09:52:13,23,26,2932,3096
2023-08-21 09:52:14,24,26,2932,3096
2023-08-21 09:52:18,23,26,2932,3096
2023-08-21 09:52:18,23,25,2932,3096
2023-08-21 09:52:22,23,26,2932,3096
2023-08-21 09:52:22,24,26,2932,3096
2023-08-21 09:52:28,24,25,2932,3096
2023-08-21 09:52:30,23,25,2932,3096
2023-08-21 09:52:31,23,26,2932,3096
2023-08-21 09:52:31,24,26,2932,3096
2023-08-21 09:52:32,23,26,2932,3096
2023-08-21 09:52:32,23,25,2932,3096
2023-08-21 09:52:33,24,25,2932,3096
2023-08-21 09:52:34,23,25,2932,3096
2023-08-21 09:52:42,24,25,2932,3096
2023-08-21 09:52:43,24,26,2932,3096
2023-08-21 09:52:44,24,25,2932,3096
2023-08-21 09:52:45,24,26,2932,3096
2023-08-21 09:52:50,23,26,2932,3096
2023-08-21 09:52:50,23,25,2932,3096
2023-08-21 09:53:04,24,25,2932,3096
2023-08-21 09:53:05,23,25,2932,3096
2023-08-21 09:53:06,24,25,2932,3096
2023-08-21 09:53:19,23,25,2932,3096
2023-08-21 09:53:25,24,25,2932,3096
2023-08-21 09:53:30,23,25,2932,3096
2023-08-21 09:53:33,24,25,2932,3096
2023-08-21 09:53:35,23,25,2932,3096
2023-08-21 09:53:38,24,25,2932,3096
2023-08-21 09:53:40,23,24,2932,3311
2023-08-21 09:54:09,23,24,2912,3331
2023-08-21 09:54:12,24,25,2847,3396
2023-08-21 09:54:14,24,25,2847,3406
2023-08-21 09:54:19,23,25,2847,3406
2023-08-21 09:54:28,24,25,2847,3406
2023-08-21 09:54:41,23,25,2847,3406
2023-08-21 09:54:42,24,25,2847,3406
2023-08-21 09:54:42,24,26,2847,3406
2023-08-21 09:54:52,23,26,2847,3406
2023-08-21 09:54:53,23,25,2847,3406
2023-08-21 09:54:54,23,26,2847,3406
2023-08-21 09:54:54,24,26,2847,3406
2023-08-21 09:55:36,25,26,2847,3406
2023-08-21 09:55:37,24,26,2847,3406
2023-08-21 09:55:37,25,26,2847,3406
2023-08-21 09:55:49,23,26,2847,3406
2023-08-21 09:55:49,24,26,2847,3406
2023-08-21 09:55:50,25,26,2847,3406
2023-08-21 09:55:53,24,26,2847,3406
2023-08-21 09:55:59,25,26,2847,3406
2023-08-21 09:56:15,25,27,2922,3481
2023-08-21 09:56:17,26,27,2922,3481
2023-08-21 09:56:32,26,28,2922,3481
2023-08-21 09:56:33,27,28,2922,3481
2023-08-21 09:56:55,27,29,3122,3681
2023-08-21 09:56:56,28,29,3122,3681
2023-08-21 09:56:58,28,30,3122,3681
2023-08-21 09:57:09,28,29,3122,3681
2023-08-21 09:57:30,27,29,3122,3681
2023-08-21 09:57:31,28,29,3122,3681
2023-08-21 09:57:38,28,30,3197,3756
2023-08-21 09:57:39,29,30,3197,3756
2023-08-21 09:57:53,28,30,3197,3756
2023-08-21 09:57:57,29,30,3197,3756
2023-08-21 09:57:58,28,30,3197,3756
2023-08-21 09:57:59,29,30,3197,3756
2023-08-21 09:58:30,29,30,3597,4156
2023-08-21 09:58:31,29,31,3797,4356
2023-08-21 09:58:37,30,31,3797,4356
2023-08-21 09:58:44,29,31,3797,4356
2023-08-21 09:58:45,30,31,3797,4356
2023-08-21 09:59:02,29,31,3797,4356
2023-08-21 09:59:03,30,31,3797,4356
2023-08-21 09:59:34,30,32,3797,4356
2023-08-21 09:59:38,31,32,3797,4356
2023-08-21 09:59:48,31,33,3797,4356
2023-08-21 09:59:54,32,33,3797,4356
2023-08-21 09:59:54,32,34,3797,4356
2023-08-21 10:00:00,33,34,3797,4356
2023-08-21 10:00:01,33,35,3797,4356
2023-08-21 10:00:02,32,35,3797,4356
2023-08-21 10:00:03,32,34,3797,4356
2023-08-21 10:00:04,33,34,3797,4356
2023-08-21 10:00:11,31,34,3797,4356
2023-08-21 10:00:12,32,34,3797,4356
2023-08-21 10:00:23,32,33,3797,4356
2023-08-21 10:00:33,31,33,3797,4356
2023-08-21 10:00:35,32,33,3797,4356
2023-08-21 10:00:36,31,33,3797,4356
2023-08-21 10:00:37,32,33,3797,4356
2023-08-21 10:00:45,31,33,3797,4356
2023-08-21 10:00:48,31,32,3797,4356
2023-08-21 10:02:01,30,32,3797,4356
2023-08-21 10:02:05,31,32,3797,4356
2023-08-21 10:02:11,30,32,3797,4356
2023-08-21 10:02:12,31,32,3797,4356
2023-08-21 10:02:21,30,32,3797,4356
2023-08-21 10:02:22,31,32,3797,4356
2023-08-21 10:02:23,30,32,3797,4356
2023-08-21 10:02:26,30,31,3797,4356
2023-08-21 10:02:28,29,31,3797,4356
2023-08-21 10:02:31,30,31,3797,4356
2023-08-21 10:02:32,29,31,3797,4356
2023-08-21 10:02:39,30,31,3797,4356
2023-08-21 10:02:54,30,32,3797,4356
2023-08-21 10:02:59,30,31,3797,4356
2023-08-21 10:03:01,30,32,3804,4363
2023-08-21 10:03:01,30,33,3804,4363
2023-08-21 10:03:02,30,32,3804,4363
2023-08-21 10:03:08,31,32,3804,4363
2023-08-21 10:03:13,30,32,3804,4363
2023-08-21 10:03:16,31,32,3804,4363
2023-08-21 10:03:17,30,32,3804,4363
2023-08-21 10:03:19,31,32,3804,4363
2023-08-21 10:03:22,30,32,3804,4363
2023-08-21 10:04:11,31,32,3804,4363
2023-08-21 10:04:13,31,33,4079,4638
2023-08-21 10:04:14,32,33,4079,4638
2023-08-21 10:04:24,32,34,4079,4638
2023-08-21 10:04:32,32,33,4079,4638
2023-08-21 10:05:02,31,33,4079,4638
2023-08-21 10:05:02,32,33,4079,4638
2023-08-21 10:05:06,32,34,4079,4638
2023-08-21 10:05:07,33,34,4079,4638
2023-08-21 10:05:27,32,34,4079,4638
2023-08-21 10:05:28,33,34,4079,4638
2023-08-21 10:05:33,32,34,4079,4638
2023-08-21 10:05:34,33,34,4079,4638
2023-08-21 10:05:35,32,34,4079,4638
2023-08-21 10:05:38,33,34,4079,4638
2023-08-21 10:06:08,33,34,4479,5038
2023-08-21 10:06:17,33,35,4479,5038
2023-08-21 10:06:26,33,36,4479,5038
2023-08-21 10:06:26,33,35,4479,5038
2023-08-21 10:07:01,34,35,4479,5038
2023-08-21 10:07:02,34,36,4479,5038
2023-08-21 10:07:07,35,36,4479,5038
2023-08-21 10:07:07,35,37,4479,5038
2023-08-21 10:07:24,34,37,4479,5038
2023-08-21 10:07:25,34,36,4479,5038
2023-08-21 10:07:27,35,36,4479,5038
2023-08-21 10:07:31,34,36,4479,5038
2023-08-21 10:07:33,34,37,4479,5038
2023-08-21 10:07:44,34,36,4479,5038
2023-08-21 10:07:57,33,36,4479,5038
2023-08-21 10:07:58,33,35,4479,5038
2023-08-21 10:07:58,32,35,4479,5038
2023-08-21 10:07:58,33,35,4479,5038
2023-08-21 10:08:03,34,35,4479,5038
2023-08-21 10:08:07,33,35,4479,5038
2023-08-21 10:08:10,34,35,4479,5038
2023-08-21 10:08:11,33,35,4479,5038
2023-08-21 10:08:12,34,35,4479,5038
2023-08-21 10:08:13,33,35,4479,5038
2023-08-21 10:08:16,34,35,4479,5038
2023-08-21 10:08:17,33,35,4479,5038
2023-08-21 10:08:18,34,35,4479,5038
2023-08-21 10:08:32,33,35,4479,5038
2023-08-21 10:08:39,34,35,4479,5038
2023-08-21 10:08:43,34,36,4479,5038
2023-08-21 10:08:48,33,36,4479,5038
2023-08-21 10:08:49,34,36,4479,5038
2023-08-21 10:08:51,35,36,4479,5038
2023-08-21 10:08:58,34,36,4479,5038
2023-08-21 10:09:04,35,36,4479,5038
2023-08-21 10:09:07,35,37,4479,5038
2023-08-21 10:09:08,34,37,4479,5038
2023-08-21 10:09:18,35,37,4479,5038
2023-08-21 10:09:27,34,37,4479,5038
2023-08-21 10:09:34,34,36,4479,5038
2023-08-21 10:09:43,33,36,4479,5038
2023-08-21 10:09:47,33,35,4479,5038
2023-08-21 10:09:50,34,35,4479,5038
2023-08-21 10:09:52,33,35,4479,5038
2023-08-21 10:09:53,34,35,4479,5038
2023-08-21 10:09:54,33,35,4479,5038
2023-08-21 10:09:55,34,35,4479,5038
2023-08-21 10:09:56,33,35,4479,5038
2023-08-21 10:10:10,32,35,4479,5038
2023-08-21 10:10:10,32,34,4479,5038
2023-08-21 10:10:28,33,34,4479,5038
2023-08-21 10:10:29,32,34,4479,5038
2023-08-21 10:10:35,31,34,4479,5038
2023-08-21 10:10:36,32,34,4479,5038
2023-08-21 10:10:53,31,34,4479,5038
2023-08-21 10:10:55,32,34,4479,5038
2023-08-21 10:10:56,31,34,4479,5038
2023-08-21 10:10:57,31,33,4479,5038
2023-08-21 10:11:07,30,33,4479,5038
2023-08-21 10:11:08,30,32,4479,5038
2023-08-21 10:11:10,31,32,4479,5038
2023-08-21 10:11:11,30,32,4479,5038
2023-08-21 10:11:18,29,32,4479,5038
2023-08-21 10:11:21,30,32,4479,5038
2023-08-21 10:11:22,29,32,4479,5038
2023-08-21 10:11:23,30,32,4479,5038
2023-08-21 10:11:25,29,32,4479,5038
2023-08-21 10:11:53,30,32,4479,5038
2023-08-21 10:11:57,29,32,4479,5038
2023-08-21 10:11:58,30,32,4479,5038
2023-08-21 10:11:59,29,32,4479,5038
2023-08-21 10:12:02,29,31,4479,5038
2023-08-21 10:12:02,28,31,4479,5038
2023-08-21 10:12:04,29,31,4479,5038
2023-08-21 10:12:05,28,31,4479,5038
2023-08-21 10:12:09,29,31,4479,5038
2023-08-21 10:12:23,29,32,4479,5038
2023-08-21 10:12:48,29,31,4479,5038
2023-08-21 10:12:51,28,31,4479,5038
2023-08-21 10:12:54,29,31,4479,5038
2023-08-21 10:13:00,28,31,4479,5038
2023-08-21 10:13:01,28,30,4479,5038
2023-08-21 10:13:04,28,31,4479,5038
2023-08-21 10:13:05,28,30,4479,5038
2023-08-21 10:13:09,28,29,4479,5038
2023-08-21 10:13:10,28,30,4479,5038
2023-08-21 10:13:16,28,31,4479,5038
2023-08-21 10:13:17,29,31,4479,5038
2023-08-21 10:13:18,28,31,4479,5038
2023-08-21 10:13:20,29,31,4479,5038
2023-08-21 10:13:21,28,31,4479,5038
2023-08-21 10:13:22,28,30,4479,5038
2023-08-21 10:13:28,28,29,4479,5038
2023-08-21 10:13:29,28,30,4479,5038
2023-08-21 10:13:30,28,29,4479,5038
2023-08-21 10:13:36,28,30,4479,5038
2023-08-21 10:13:37,28,29,4479,5038
2023-08-21 10:13:38,28,30,4479,5038
2023-08-21 10:13:42,28,31,4479,5038
2023-08-21 10:13:44,28,30,4479,5038
2023-08-21 10:13:55,27,30,4479,5038
2023-08-21 10:14:01,28,30,4479,5038
2023-08-21 10:14:02,28,29,4479,5038
2023-08-21 10:14:02,27,29,4479,5038
2023-08-21 10:14:03,27,28,4479,5038
2023-08-21 10:14:04,26,28,4079,5438
2023-08-21 10:14:28,26,27,4079,5438
2023-08-21 10:14:46,26,28,4079,5438
2023-08-21 10:14:57,26,27,4079,5438
2023-08-21 10:15:19,25,27,4079,5438
2023-08-21 10:15:20,25,26,4079,5438
2023-08-21 10:15:26,24,26,3879,5638
2023-08-21 10:15:27,24,25,3879,5638
2023-08-21 10:15:29,23,25,3679,5838
2023-08-21 10:15:32,22,25,3479,6038
2023-08-21 10:15:33,22,24,3479,6038
2023-08-21 10:15:34,22,23,3479,6038
2023-08-21 10:15:35,22,25,3479,6038
2023-08-21 10:16:01,23,24,3479,6038
2023-08-21 10:16:04,22,24,3479,6038
2023-08-21 10:16:05,23,24,3479,6038
2023-08-21 10:16:07,22,24,3479,6038
2023-08-21 10:16:10,22,25,3479,6038
2023-08-21 10:16:10,23,25,3479,6038
2023-08-21 10:16:32,23,24,3479,6038
2023-08-21 10:16:33,22,24,3479,6038
2023-08-21 10:16:43,21,24,3479,6038
2023-08-21 10:17:00,21,23,3479,6038
2023-08-21 10:17:07,22,23,3479,6038
2023-08-21 10:17:09,21,23,3479,6038
2023-08-21 10:17:28,22,23,3479,6038
2023-08-21 10:17:29,22,24,3479,6038
2023-08-21 10:17:33,22,23,3479,6038
2023-08-21 10:17:33,21,23,3479,6038
2023-08-21 10:17:35,22,23,3479,6038
2023-08-21 10:17:36,21,23,3479,6038
2023-08-21 10:17:40,22,23,3479,6038
2023-08-21 10:17:41,22,24,3479,6038
2023-08-21 10:17:54,22,25,3479,6038
2023-08-21 10:17:59,22,24,3479,6038
2023-08-21 10:18:03,22,25,3479,6038
2023-08-21 10:18:04,22,24,3479,6038
2023-08-21 10:18:06,22,25,3479,6038
2023-08-21 10:18:07,22,24,3479,6038
2023-08-21 10:18:28,22,25,3479,6038
2023-08-21 10:19:17,22,24,3479,6038
2023-08-21 10:19:19,21,24,3479,6038
2023-08-21 10:19:20,23,24,3479,6038
2023-08-21 10:19:36,23,25,3479,6038
2023-08-21 10:20:17,23,24,3479,6038
2023-08-21 10:20:19,23,25,3479,6038
2023-08-21 10:20:21,23,24,3479,6038
2023-08-21 10:20:23,21,24,3479,6038
2023-08-21 10:20:24,22,24,3479,6038
2023-08-21 10:20:30,21,24,3479,6038
2023-08-21 10:20:30,21,23,3479,6038
2023-08-21 10:20:45,20,23,3479,6038
2023-08-21 10:20:50,22,23,3479,6038
2023-08-21 10:20:51,22,24,3479,6038
2023-08-21 10:21:06,21,24,3479,6038
2023-08-21 10:21:06,21,23,3479,6038
2023-08-21 10:21:07,20,23,3479,6038
2023-08-21 10:21:07,20,24,3479,6038
2023-08-21 10:21:07,22,24,3479,6038
2023-08-21 10:21:08,22,23,3479,6038
2023-08-21 10:21:08,21,23,3479,6038
2023-08-21 10:21:09,21,24,3479,6038
2023-08-21 10:21:09,22,24,3479,6038
2023-08-21 10:21:16,21,24,3479,6038
2023-08-21 10:21:16,21,23,3479,6038
2023-08-21 10:21:17,22,23,3479,6038
2023-08-21 10:21:17,22,24,3479,6038
2023-08-21 10:21:19,20,24,3479,6038
2023-08-21 10:21:19,20,23,3479,6038
2023-08-21 10:21:23,21,23,3479,6038
2023-08-21 10:21:24,21,24,3479,6038
2023-08-21 10:21:24,22,24,3479,6038
2023-08-21 10:21:29,22,23,3479,6038
2023-08-21 10:21:31,22,24,3479,6038
2023-08-21 10:21:32,22,23,3479,6038
2023-08-21 10:21:32,20,23,3479,6038
2023-08-21 10:21:38,22,23,3479,6038
2023-08-21 10:21:41,22,24,3479,6038
2023-08-21 10:21:43,22,23,3479,6038
2023-08-21 10:21:46,20,23,3479,6038
2023-08-21 10:21:48,22,23,3479,6038
2023-08-21 10:21:49,20,23,3479,6038
2023-08-21 10:21:57,22,23,3479,6038
2023-08-21 10:22:04,22,24,3479,6038
2023-08-21 10:22:09,22,23,3479,6038
2023-08-21 10:22:12,20,23,3479,6038
2023-08-21 10:22:13,22,23,3479,6038
2023-08-21 10:22:14,22,24,3479,6038
2023-08-21 10:22:15,22,23,3479,6038
2023-08-21 10:22:21,20,23,3479,6038
2023-08-21 10:22:31,20,22,3479,6038
2023-08-21 10:22:47,19,22,3479,6038
2023-08-21 10:22:51,19,21,3479,6038
2023-08-21 10:23:09,19,22,3479,6038
2023-08-21 10:23:20,19,22,3722,6281
2023-08-21 10:23:20,21,22,3722,6281
2023-08-21 10:23:23,21,23,3722,6281
2023-08-21 10:23:50,22,23,3722,6281
2023-08-21 10:23:53,22,24,3722,6281
2023-08-21 10:23:56,23,24,3722,6281
2023-08-21 10:23:58,22,24,3722,6281
2023-08-21 10:23:59,23,24,3722,6281
2023-08-21 10:24:15,20,23,3722,6324
2023-08-21 10:24:24,19,23,3722,6324
2023-08-21 10:24:24,19,22,3722,6324
2023-08-21 10:24:24,19,21,3722,6324
2023-08-21 10:24:51,19,20,3722,6324
2023-08-21 10:25:15,18,19,3822,6424
2023-08-21 10:25:27,16,17,3622,6874
2023-08-21 10:25:34,16,17,3622,6899
2023-08-21 10:26:06,15,16,3747,7024
2023-08-21 10:26:07,15,17,3747,7024
2023-08-21 10:26:07,15,16,3747,7024
2023-08-21 10:26:08,15,16,3843,7120
2023-08-21 10:26:10,15,16,3891,7168
2023-08-21 10:26:34,15,17,3891,7168
2023-08-21 10:26:43,15,17,3891,7183
2023-08-21 10:26:49,15,16,3891,7183
2023-08-21 10:27:02,14,15,3982,7274
2023-08-21 10:27:24,13,15,3982,7274
2023-08-21 10:28:32,12,15,3982,7274
2023-08-21 10:29:00,13,15,3982,7274
2023-08-21 10:30:00,12,15,3982,7274
2023-08-21 10:30:03,12,14,3982,7274
2023-08-21 10:30:15,12,15,3982,7274
2023-08-21 10:30:15,12,14,3982,7274
2023-08-21 10:30:20,12,15,3982,7274
2023-08-21 10:31:00,13,15,3982,7274
2023-08-21 10:31:22,13,14,3982,7274
2023-08-21 10:31:58,13,15,3982,7274
2023-08-21 10:32:03,12,15,3982,7274
2023-08-21 10:32:35,13,15,3982,7274
2023-08-21 10:32:37,12,15,3982,7274
2023-08-21 10:33:01,13,15,3982,7274
2023-08-21 10:33:02,12,15,3982,7274
2023-08-21 10:33:02,13,15,3982,7274
2023-08-21 10:33:27,13,14,3982,7274
2023-08-21 10:33:42,13,15,3982,7274
2023-08-21 10:34:05,12,15,3982,7274
2023-08-21 10:35:01,13,15,3982,7274
2023-08-21 10:35:09,13,14,3982,7274
2023-08-21 10:35:34,13,15,3982,7274
2023-08-21 10:36:28,13,16,3982,7383
2023-08-21 10:36:30,13,15,3982,7383
2023-08-21 10:36:31,13,16,3982,7383
2023-08-21 10:36:35,12,16,3982,7383
2023-08-21 10:36:35,12,15,3982,7383
2023-08-21 10:36:48,13,15,3982,7383
2023-08-21 10:36:53,13,16,3982,7383
2023-08-21 10:37:09,13,15,3982,7383
2023-08-21 10:37:54,12,15,3982,7383
2023-08-21 10:38:01,13,15,3982,7383
2023-08-21 10:38:47,13,16,3982,7383
2023-08-21 10:38:55,14,16,3982,7383
2023-08-21 10:38:57,13,16,3982,7383
2023-08-21 10:38:58,14,16,3982,7383
2023-08-21 10:39:16,13,16,3982,7383
2023-08-21 10:39:31,13,15,3982,7383
2023-08-21 10:39:33,12,15,3982,7383
2023-08-21 10:39:37,12,16,3982,7383
2023-08-21 10:39:37,13,16,3982,7383
2023-08-21 10:39:39,12,16,3982,7383
2023-08-21 10:39:39,12,15,3982,7383
2023-08-21 10:39:42,12,16,3982,7383
2023-08-21 10:39:42,13,16,3982,7383
2023-08-21 10:39:47,12,16,3982,7383
2023-08-21 10:39:47,12,15,3982,7383
2023-08-21 10:39:59,12,16,3982,7383
2023-08-21 10:39:59,13,16,3982,7383
2023-08-21 10:40:05,12,16,3982,7383
2023-08-21 10:40:05,12,15,3982,7383
2023-08-21 10:40:07,13,15,3982,7383
2023-08-21 10:40:09,12,15,3982,7383
2023-08-21 10:40:12,13,15,3982,7383
2023-08-21 10:40:13,13,16,3982,7383
2023-08-21 10:40:17,14,16,3982,7383
2023-08-21 10:40:42,15,16,3982,7383
2023-08-21 10:40:52,15,17,3982,7583
2023-08-21 10:42:05,16,17,3982,7583
2023-08-21 10:43:55,15,17,3982,7583
2023-08-21 10:43:56,15,18,3932,7633
2023-08-21 10:44:10,15,17,3932,7633
2023-08-21 10:44:14,14,17,3932,7633
2023-08-21 10:44:23,15,17,3932,7633
2023-08-21 10:44:24,14,17,3932,7633
2023-08-21 10:44:29,15,17,3932,7633
2023-08-21 10:44:36,14,17,3932,7633
2023-08-21 10:45:18,14,16,3932,7633
2023-08-21 10:45:25,14,17,3932,7633
2023-08-21 10:45:47,15,17,3932,7633
2023-08-21 10:45:55,14,17,3932,7633
2023-08-21 10:46:14,15,17,3932,7633
2023-08-21 10:46:27,15,18,3932,7633
2023-08-21 10:46:46,16,18,3932,7633
2023-08-21 10:46:50,15,18,3932,7633
2023-08-21 10:46:58,16,18,3932,7633
2023-08-21 10:47:08,15,18,3932,7633
2023-08-21 10:47:14,16,18,3932,7633
2023-08-21 10:47:30,15,18,3932,7633
2023-08-21 10:48:03,16,18,3932,7633
2023-08-21 10:49:07,16,17,3932,7633
2023-08-21 10:49:24,14,17,3932,7744
2023-08-21 10:49:32,14,16,3932,7744
2023-08-21 10:49:57,14,16,3932,7769
2023-08-21 10:50:01,15,16,3932,7769
2023-08-21 10:50:02,14,16,3932,7769
2023-08-21 10:50:15,15,16,3932,7769
2023-08-21 10:50:48,13,16,3932,7769
2023-08-21 10:50:54,13,15,3932,7769
2023-08-21 10:51:42,12,15,3932,7769
2023-08-21 10:52:00,12,14,3932,7769
2023-08-21 10:52:28,12,15,3932,7769
2023-08-21 10:53:08,13,15,3932,7769
2023-08-21 10:53:54,13,15,3932,7797
2023-08-21 10:53:56,14,15,3932,7797
2023-08-21 10:54:24,14,16,3932,7797
2023-08-21 10:55:17,14,15,3932,7797
2023-08-21 10:55:28,14,15,3932,7804
2023-08-21 10:55:29,12,15,3932,7804
2023-08-21 10:55:35,13,15,3932,7804
2023-08-21 10:55:38,13,16,3932,7804
2023-08-21 10:55:57,14,16,3932,7804
2023-08-21 10:56:09,14,15,3932,7804
2023-08-21 10:56:11,14,16,3932,7804
2023-08-21 10:56:13,14,15,3932,7804
2023-08-21 10:56:17,12,15,3932,7804
2023-08-21 10:56:21,12,15,3941,7813
2023-08-21 10:56:48,12,16,3941,7813
2023-08-21 10:56:48,13,16,3941,7813
2023-08-21 10:56:53,13,15,3941,7813
2023-08-21 10:56:54,13,16,3941,7813
2023-08-21 10:57:03,13,15,3941,7813
2023-08-21 10:57:04,13,16,3941,7813
2023-08-21 10:57:08,12,16,3941,7813
2023-08-21 10:57:08,12,15,3941,7813
2023-08-21 10:57:10,12,16,3941,7813
2023-08-21 10:57:10,13,16,3941,7813
2023-08-21 10:57:19,12,16,3941,7813
2023-08-21 10:57:19,12,15,3941,7813
2023-08-21 10:58:10,13,15,3941,7813
2023-08-21 10:58:10,13,16,3941,7813
2023-08-21 10:58:43,14,16,3941,7813
2023-08-21 10:58:48,13,16,3941,7813
2023-08-21 10:58:49,14,16,3941,7813
2023-08-21 10:58:50,13,16,3941,7813
2023-08-21 10:58:51,14,16,3941,7813
2023-08-21 10:58:55,13,16,3941,7813
2023-08-21 10:58:56,14,16,3941,7813
2023-08-21 10:58:59,13,16,3941,7813
2023-08-21 10:59:10,12,16,3941,7813
2023-08-21 10:59:10,12,15,3941,7813
2023-08-21 10:59:25,12,14,3941,7813
2023-08-21 10:59:26,12,13,3941,7813
2023-08-21 10:59:37,12,14,3709,8045
2023-08-21 10:59:38,12,13,3709,8045
2023-08-21 10:59:40,12,13,3550,8445
2023-08-21 10:59:57,11,13,3150,8845
2023-08-21 11:00:01,12,13,3150,8845
2023-08-21 11:00:02,12,14,2968,9027
2023-08-21 11:00:03,12,13,2968,9027
2023-08-21 11:00:04,11,13,2961,9034
2023-08-21 11:00:09,12,13,2961,9034
2023-08-21 11:00:12,11,13,2961,9034
2023-08-21 11:00:25,10,13,2561,9434
2023-08-21 11:00:29,10,12,2561,9434
2023-08-21 11:00:38,10,13,2561,9434
2023-08-21 11:00:39,10,12,2561,9434
2023-08-21 11:00:41,10,13,2561,9434
2023-08-21 11:00:50,11,13,2561,9434
2023-08-21 11:01:18,11,14,2561,9434
2023-08-21 11:01:20,11,13,2561,9434
2023-08-21 11:01:21,11,14,2561,9434
2023-08-21 11:01:22,11,13,2561,9434
2023-08-21 11:01:23,11,14,2561,9434
2023-08-21 11:01:25,11,13,2561,9434
2023-08-21 11:01:26,11,14,2561,9434
2023-08-21 11:01:27,11,13,2561,9434
2023-08-21 11:01:33,11,14,2561,9434
2023-08-21 11:01:37,12,14,2561,9434
2023-08-21 11:01:52,12,15,2561,9434
2023-08-21 11:01:55,12,14,2561,9434
2023-08-21 11:01:58,12,15,2561,9434
2023-08-21 11:01:59,12,14,2561,9434
2023-08-21 11:02:07,12,15,2345,9650
2023-08-21 11:02:08,12,14,2345,9650
2023-08-21 11:02:22,12,15,2345,9650
2023-08-21 11:02:26,13,15,2345,9650
2023-08-21 11:02:29,13,14,2345,9650
2023-08-21 11:02:30,13,15,2345,9650
2023-08-21 11:02:35,13,14,2345,9650
2023-08-21 11:02:41,13,15,2345,9650
2023-08-21 11:02:54,12,15,2345,9650
2023-08-21 11:03:25,13,15,2345,9650
2023-08-21 11:03:33,14,15,2345,9650
2023-08-21 11:03:43,15,16,2103,10092
2023-08-21 11:03:43,15,16,2150,10152
2023-08-21 11:03:46,14,16,2203,10205
2023-08-21 11:03:47,14,15,2203,10205
2023-08-21 11:03:54,14,15,2203,10360
2023-08-21 11:04:01,13,15,2203,10471
2023-08-21 11:04:02,13,14,2203,10471
2023-08-21 11:04:07,13,15,2203,10471
2023-08-21 11:04:08,13,14,2203,10471
2023-08-21 11:04:09,13,15,2203,10471
2023-08-21 11:04:10,13,14,2203,10471
2023-08-21 11:04:13,13,15,2203,10471
2023-08-21 11:04:15,13,14,2203,10471
2023-08-21 11:04:24,12,14,2203,10471
2023-08-21 11:05:08,12,15,2203,10471
2023-08-21 11:05:09,12,14,2203,10471
2023-08-21 11:05:14,12,15,2203,10471
2023-08-21 11:05:14,13,15,2203,10471
2023-08-21 11:05:20,13,14,2203,10471
2023-08-21 11:05:26,12,14,2203,10471
2023-08-21 11:05:37,12,15,2203,10471
2023-08-21 11:05:38,13,15,2203,10471
2023-08-21 11:05:41,13,14,2203,10471
2023-08-21 11:05:42,13,15,2203,10471
2023-08-21 11:05:48,13,14,2203,10471
2023-08-21 11:05:51,13,15,2203,10471
2023-08-21 11:05:52,13,14,2203,10471
2023-08-21 11:06:00,13,15,2203,10471
2023-08-21 11:06:08,13,14,2203,10471
2023-08-21 11:06:11,13,15,2203,10471
2023-08-21 11:06:12,13,14,2203,10471
2023-08-21 11:06:23,13,15,2203,10471
2023-08-21 11:06:28,13,14,2203,10471
2023-08-21 11:06:39,12,14,2203,10582
2023-08-21 11:07:14,13,14,2203,10582
2023-08-21 11:07:56,12,14,2203,10693
2023-08-21 11:07:59,11,14,2203,10693
2023-08-21 11:08:05,11,13,2203,10693
2023-08-21 11:08:07,11,12,2203,10693
2023-08-21 11:08:11,10,12,2203,10693
2023-08-21 11:08:17,11,12,2203,10693
2023-08-21 11:08:21,11,14,2203,10693
2023-08-21 11:08:23,11,13,2203,10693
2023-08-21 11:08:43,10,13,2203,10693
2023-08-21 11:08:45,11,13,2203,10693
2023-08-21 11:08:51,10,13,2203,10693
2023-08-21 11:08:53,11,13,2203,10693
2023-08-21 11:08:54,10,13,2203,10693
2023-08-21 11:08:55,11,13,2203,10693
2023-08-21 11:09:10,10,13,2203,10693
2023-08-21 11:09:23,11,13,2203,10693
2023-08-21 11:09:30,10,13,2203,10693
2023-08-21 11:09:45,10,12,2203,10693
2023-08-21 11:09:47,10,12,1808,11093
2023-08-21 11:09:48,10,11,1808,11093
2023-08-21 11:09:48,9,11,1808,11093
2023-08-21 11:09:56,9,12,1808,11093
2023-08-21 11:09:56,10,12,1808,11093
2023-08-21 11:10:09,9,12,1808,11093
2023-08-21 11:10:12,9,11,1808,11093
2023-08-21 11:10:35,9,11,1809,11094
2023-08-21 11:10:35,9,11,1810,11095
2023-08-21 11:10:42,9,10,1810,11095
2023-08-21 11:10:42,9,10,1930,11215
2023-08-21 11:10:45,9,10,2058,11400
2023-08-21 11:10:47,8,10,2058,11400
2023-08-21 11:10:52,8,9,2058,11400
2023-08-21 11:10:53,8,9,2058,11401
2023-08-21 11:10:57,8,10,2058,11401
2023-08-21 11:11:09,9,10,2058,11401
2023-08-21 11:11:10,9,10,2059,11402
2023-08-21 11:11:11,9,10,2119,11462
2023-08-21 11:11:12,9,11,2119,11462
2023-08-21 11:11:15,8,11,2119,11462
2023-08-21 11:11:16,9,11,2119,11462
2023-08-21 11:11:22,8,11,2119,11462
2023-08-21 11:11:25,8,10,2119,11462
2023-08-21 11:11:27,8,11,2119,11462
2023-08-21 11:11:27,9,11,2119,11462
2023-08-21 11:11:28,9,11,2120,11463
2023-08-21 11:11:45,9,11,2121,11464
2023-08-21 11:11:47,8,11,2121,11464
2023-08-21 11:11:50,9,11,2121,11464
2023-08-21 11:11:55,8,11,2121,11464
2023-08-21 11:11:55,8,10,2121,11464
2023-08-21 11:12:02,8,10,2121,11465
2023-08-21 11:12:17,8,11,2121,11465
2023-08-21 11:12:17,9,11,2121,11465
2023-08-21 11:12:18,8,11,2121,11465
2023-08-21 11:12:19,8,10,2121,11465
2023-08-21 11:12:19,8,10,2121,11466
2023-08-21 11:12:24,8,11,2121,11466
2023-08-21 11:12:24,9,11,2121,11466
2023-08-21 11:12:26,8,11,2121,11466
2023-08-21 11:12:32,8,10,2121,11466
2023-08-21 11:13:18,8,11,2121,11466
2023-08-21 11:13:18,9,11,2121,11466
2023-08-21 11:13:19,8,11,2121,11466
2023-08-21 11:13:20,8,10,2121,11466
2023-08-21 11:13:58,8,9,2121,11466
2023-08-21 11:13:59,8,9,2121,11586
2023-08-21 11:14:00,7,9,2121,11586
2023-08-21 11:14:17,8,9,2121,11586
2023-08-21 11:14:17,7,9,2367,11832
2023-08-21 11:14:44,7,9,2486,12024
2023-08-21 11:15:08,6,9,2486,12024
2023-08-21 11:15:08,6,8,2486,12024
2023-08-21 11:15:17,6,8,2546,12084
2023-08-21 11:15:46,7,8,2546,12084
2023-08-21 11:15:46,7,8,2606,12144
2023-08-21 11:15:49,6,8,2606,12144
2023-08-21 11:15:53,7,8,2606,12144
2023-08-21 11:15:54,6,8,2606,12144
2023-08-21 11:16:13,6,7,2606,12144
2023-08-21 11:16:13,6,7,2666,12204
2023-08-21 11:16:15,6,7,2726,12264
2023-08-21 11:16:44,7,8,3007,12664
2023-08-21 11:16:44,6,8,3107,12764
2023-08-21 11:17:01,6,9,3107,12764
2023-08-21 11:17:31,6,8,3107,12764
2023-08-21 11:17:54,6,9,3107,12764
2023-08-21 11:18:05,6,8,3107,12764
2023-08-21 11:18:18,6,9,3107,12764
2023-08-21 11:19:11,7,9,3107,12764
2023-08-21 11:19:19,7,8,3107,12764
2023-08-21 11:19:30,7,8,3440,13097
2023-08-21 11:22:03,6,8,3440,13097
2023-08-21 11:22:17,7,8,3440,13097
2023-08-21 11:22:54,6,8,3440,13097
2023-08-21 11:23:02,7,8,3440,13097
2023-08-21 11:23:03,6,8,3440,13097
2023-08-21 11:27:11,5,8,3240,13367
2023-08-21 11:27:12,5,7,3240,13367
2023-08-21 11:27:48,5,8,3240,13367
2023-08-21 11:28:32,5,7,3240,13367
2023-08-21 11:29:32,5,8,3240,13367
2023-08-21 11:30:30,6,8,3240,13367
2023-08-21 11:32:24,7,8,3240,13367
2023-08-21 11:32:45,6,8,3240,13367
2023-08-21 11:32:46,7,8,3240,13367
2023-08-21 11:33:01,6,8,3240,13367
2023-08-21 11:33:01,7,8,3240,13367
2023-08-21 11:33:48,6,8,3240,13367
2023-08-21 11:34:09,7,8,3240,13367
2023-08-21 11:34:22,6,8,3240,13367
2023-08-21 11:34:43,7,8,3240,13367
2023-08-21 11:35:12,6,8,3240,13367
2023-08-21 11:35:16,7,8,3240,13367
2023-08-21 11:35:17,6,8,3240,13367
2023-08-21 11:35:18,7,8,3240,13367
2023-08-21 11:35:52,6,8,3240,13367
2023-08-21 11:36:13,7,8,3240,13367
2023-08-21 11:36:24,6,8,3240,13367
2023-08-21 11:36:45,5,8,3240,13367
2023-08-21 11:36:45,6,8,3240,13367
2023-08-21 11:36:46,5,8,3240,13367
2023-08-21 11:36:50,6,8,3240,13367
2023-08-21 11:36:52,5,8,3240,13367
2023-08-21 11:36:53,6,8,3240,13367
2023-08-21 11:36:54,5,8,3240,13367
2023-08-21 11:36:56,6,8,3240,13367
2023-08-21 11:36:57,5,8,3240,13367
2023-08-21 11:36:58,6,8,3240,13367
2023-08-21 11:37:01,5,8,3240,13367
2023-08-21 11:37:11,6,8,3240,13367
2023-08-21 11:38:00,5,8,3240,13367
2023-08-21 11:38:00,6,8,3240,13367
2023-08-21 11:38:01,5,8,3240,13367
2023-08-21 11:38:16,5,7,3240,13367
2023-08-21 11:40:40,5,6,3240,13367
2023-08-21 11:42:03,5,6,3279,13487
2023-08-21 11:42:04,4,6,3279,13487
2023-08-21 11:43:37,3,4,4121,14329
2023-08-21 11:43:37,3,4,4371,14579
2023-08-21 11:43:39,3,4,4621,14829
2023-08-21 11:43:42,3,4,4871,15079
2023-08-21 11:43:44,3,4,5121,15329
2023-08-21 11:43:46,3,4,5371,15579
2023-08-21 11:43:48,3,4,5621,15829
2023-08-21 11:43:50,3,4,5871,16079
2023-08-21 11:43:53,3,4,6121,16329
2023-08-21 11:43:56,3,5,6279,16487
2023-08-21 11:44:07,3,4,6279,16487
2023-08-21 11:45:02,2,3,7179,17387
2023-08-21 11:45:04,2,3,7429,17637
2023-08-21 11:45:08,2,3,7679,17887
2023-08-21 11:45:10,2,3,7929,18137
2023-08-21 11:45:12,2,3,8179,18387
2023-08-21 11:45:16,2,4,8179,18387
2023-08-21 11:47:04,2,3,8179,18387
2023-08-21 11:49:08,2,4,8179,18387
2023-08-21 11:50:05,2,3,8179,18387
2023-08-21 11:50:37,2,4,8179,18387
2023-08-21 11:51:18,3,4,8179,18387
2023-08-21 11:52:28,2,4,8179,18387
2023-08-21 11:53:38,2,3,8179,18387
2023-08-21 12:00:57,2,4,8179,18387
2023-08-21 12:08:57,2,3,8179,18387
2023-08-21 12:09:10,2,4,8179,18587
2023-08-21 12:13:42,2,5,8179,18587
2023-08-21 12:15:33,2,7,7348,20587
2023-08-21 12:15:34,4,7,7348,20587
2023-08-21 12:15:34,5,7,7348,20587
2023-08-21 12:15:34,5,7,7348,20647
2023-08-21 12:15:35,4,7,7348,20647
2023-08-21 12:15:35,5,7,7348,20647
2023-08-21 12:16:09,5,6,7348,20647
2023-08-21 12:16:16,4,5,7348,21447
2023-08-21 12:16:35,4,5,7353,21452
2023-08-21 12:16:53,4,5,7353,21652
2023-08-21 12:17:37,4,5,7444,21852
2023-08-21 12:19:16,4,5,7694,22102
2023-08-21 12:19:35,4,5,7944,22352
2023-08-21 12:19:38,4,5,8194,22602
2023-08-21 12:19:41,4,5,8444,22852
2023-08-21 12:19:43,4,5,8694,23102
2023-08-21 12:20:36,4,5,8894,23302
2023-08-21 12:20:45,4,5,9094,23502
2023-08-21 12:22:11,5,7,9239,23647
2023-08-21 12:22:12,4,7,9239,23647
2023-08-21 12:22:40,5,7,9239,23647
2023-08-21 12:23:19,6,7,9239,23647
2023-08-21 12:23:21,5,7,9239,23647
2023-08-21 12:23:35,6,7,9239,23647
2023-08-21 12:23:37,5,7,9239,23647
2023-08-21 12:23:38,6,7,9239,23647
2023-08-21 12:23:39,5,7,9239,23647
2023-08-21 12:23:40,6,7,9239,23647
2023-08-21 12:23:42,5,7,9239,23647
2023-08-21 12:24:02,6,7,9239,23647
2023-08-21 12:24:09,6,8,9239,23647
2023-08-21 12:24:19,5,8,9239,23647
2023-08-21 12:24:21,6,8,9239,23647
2023-08-21 12:27:08,6,8,9239,23707
2023-08-21 12:30:09,7,8,9239,23707
2023-08-21 12:30:10,6,8,9239,23707
2023-08-21 12:31:16,7,8,9239,23707
2023-08-21 12:31:51,6,8,9239,23707
2023-08-21 12:32:16,5,8,9239,23707
2023-08-21 12:32:21,5,7,9239,23707
2023-08-21 12:32:22,4,7,9239,23707
2023-08-21 12:32:23,5,7,9239,23707
2023-08-21 12:32:35,5,8,9239,23707
2023-08-21 12:33:16,5,7,9239,23707
2023-08-21 12:33:26,5,8,9239,23707
2023-08-21 12:33:31,5,7,9239,23707
2023-08-21 12:33:33,5,8,9239,23707
2023-08-21 12:34:13,6,8,9239,23707
2023-08-21 12:34:37,5,8,9239,23707
2023-08-21 12:34:38,6,8,9239,23707
2023-08-21 12:35:09,5,8,9239,23707
2023-08-21 12:35:12,5,7,9239,23707
2023-08-21 12:35:18,5,8,9239,23707
2023-08-21 12:35:27,5,7,9239,23707
2023-08-21 12:35:48,4,7,9239,23707
2023-08-21 12:35:49,5,7,9239,23707
2023-08-21 12:36:15,5,8,9239,23707
2023-08-21 12:36:59,6,8,9239,23707
2023-08-21 12:37:00,5,8,9239,23707
2023-08-21 12:37:10,6,8,9239,23707
2023-08-21 12:37:17,5,8,9239,23707
2023-08-21 12:37:43,5,7,9239,23707
2023-08-21 12:38:05,4,7,9239,23707
2023-08-21 12:38:05,5,7,9239,23707
2023-08-21 12:38:18,4,7,9239,23707
2023-08-21 12:39:04,5,7,9239,23707
2023-08-21 12:40:05,4,7,9239,23707
2023-08-21 12:40:05,5,7,9239,23707
2023-08-21 12:40:26,5,8,9239,23707
2023-08-21 12:40:54,6,8,9239,23707
2023-08-21 12:41:09,5,8,9239,23707
2023-08-21 12:41:23,5,7,9239,23707
2023-08-21 12:41:24,5,8,9239,23707
2023-08-21 12:42:15,6,8,9239,23707
2023-08-21 12:42:26,5,8,9239,23707
2023-08-21 12:42:52,6,8,9239,23707
2023-08-21 12:42:58,5,8,9239,23707
2023-08-21 12:43:11,6,8,9239,23707
2023-08-21 12:44:39,5,8,9239,23707
2023-08-21 12:44:39,6,8,9239,23707
2023-08-21 12:46:23,7,8,9239,23707
2023-08-21 12:46:37,6,8,9239,23707
2023-08-21 12:47:21,7,8,9239,23707
2023-08-21 12:47:35,7,9,9239,23707
2023-08-21 12:48:12,8,9,9239,23707
2023-08-21 12:48:13,8,10,9239,23907
2023-08-21 12:48:41,7,10,9239,23907
2023-08-21 12:48:55,8,10,9239,23907
2023-08-21 12:50:12,7,10,9239,23907
2023-08-21 12:50:17,7,9,9239,23907
2023-08-21 12:50:20,7,10,9239,23907
2023-08-21 12:50:25,7,9,9239,23907
2023-08-21 12:50:27,7,10,9239,23907
2023-08-21 12:50:28,7,9,9239,23907
2023-08-21 12:50:29,7,10,9239,23907
2023-08-21 12:50:31,7,9,9239,23907
2023-08-21 12:50:34,7,10,9239,23907
2023-08-21 12:50:37,7,9,9239,23907
2023-08-21 12:50:39,7,10,9239,23907
2023-08-21 12:50:41,7,9,9239,23907
2023-08-21 12:50:42,7,10,9239,23907
2023-08-21 12:50:46,7,9,9239,23907
2023-08-21 12:50:48,7,10,9239,23907
2023-08-21 12:51:15,7,9,9239,23907
2023-08-21 12:51:17,7,10,9239,23907
2023-08-21 12:51:21,7,9,9239,23907
2023-08-21 12:51:22,7,10,9239,23907
2023-08-21 12:51:24,7,9,9239,23907
2023-08-21 12:51:43,7,8,9239,23907
2023-08-21 12:51:45,7,9,9239,23907
2023-08-21 12:51:50,7,8,9239,23907
2023-08-21 12:51:58,7,9,9239,23907
2023-08-21 12:52:01,7,8,9239,23907
2023-08-21 12:52:19,7,9,9239,23907
2023-08-21 12:52:29,7,10,9239,23907
2023-08-21 12:52:31,7,9,9239,23907
2023-08-21 12:52:40,7,8,9239,23907
2023-08-21 12:52:48,7,9,9239,23907
2023-08-21 12:53:13,7,8,9239,23907
2023-08-21 12:53:14,7,9,9239,23907
2023-08-21 12:53:23,7,8,9239,23907
2023-08-21 12:53:38,7,9,9239,23907
2023-08-21 12:54:11,7,8,9239,23907
2023-08-21 12:54:24,7,9,9239,23907
2023-08-21 12:54:25,7,8,9239,23907
2023-08-21 12:54:56,6,8,9239,23907
2023-08-21 12:55:13,5,8,9239,23907
2023-08-21 12:55:53,6,8,9239,23907
2023-08-21 12:56:06,6,9,9239,23907
2023-08-21 12:56:06,7,9,9239,23907
2023-08-21 12:56:07,6,9,9239,23907
2023-08-21 12:56:07,6,8,9239,23907
2023-08-21 12:56:21,6,9,9239,23907
2023-08-21 12:56:21,7,9,9239,23907
2023-08-21 12:56:32,6,9,9239,23907
2023-08-21 12:56:32,6,10,9239,23907
2023-08-21 12:56:39,7,10,9239,23907
2023-08-21 12:56:59,7,9,9239,23907
2023-08-21 12:57:07,7,10,9239,23907
2023-08-21 12:57:10,7,9,9239,23907
2023-08-21 12:57:27,6,9,9239,23907
2023-08-21 12:57:41,7,9,9239,23907
2023-08-21 12:58:07,7,10,9239,23907
2023-08-21 12:58:08,7,9,9239,23907
2023-08-21 12:58:36,7,10,9239,23907
2023-08-21 12:59:12,8,10,9239,23907
2023-08-21 12:59:19,8,11,9239,23907
2023-08-21 12:59:38,9,11,9239,23907
2023-08-21 12:59:54,8,11,9239,23907
2023-08-21 12:59:55,9,11,9239,23907
2023-08-21 13:00:34,8,11,9239,23907
2023-08-21 13:00:34,9,11,9239,23907
2023-08-21 13:00:52,8,11,9239,23907
2023-08-21 13:00:53,9,11,9239,23907
2023-08-21 13:03:02,8,11,9239,23907
2023-08-21 13:03:03,9,11,9239,23907
2023-08-21 13:03:06,8,11,9239,23907
2023-08-21 13:03:10,8,10,9239,23907
2023-08-21 13:03:10,7,10,9239,23907
2023-08-21 13:03:10,8,10,9239,23907
2023-08-21 13:03:19,8,9,9239,23907
2023-08-21 13:03:20,7,9,9239,23907
2023-08-21 13:03:23,7,8,9239,23907
2023-08-21 13:03:29,7,9,9239,23907
2023-08-21 13:04:40,7,8,9239,23907
2023-08-21 13:04:51,6,8,9239,23907
2023-08-21 13:05:41,6,9,9239,23907
2023-08-21 13:05:41,7,9,9239,23907
2023-08-21 13:05:54,6,9,9239,23907
2023-08-21 13:06:02,7,9,9239,23907
2023-08-21 13:06:03,7,10,9239,23907
2023-08-21 13:08:42,8,10,9239,23907
2023-08-21 13:08:42,8,11,9239,23907
2023-08-21 13:09:46,7,11,9239,23907
2023-08-21 13:10:18,7,10,9239,23907
2023-08-21 13:10:18,7,9,9239,23907
2023-08-21 13:10:19,7,10,9239,23907
2023-08-21 13:11:02,7,10,9239,23907
2023-08-21 13:11:03,7,11,9239,23907
2023-08-21 13:11:09,7,10,9239,23907
2023-08-21 13:11:34,6,10,9239,23907
2023-08-21 13:12:51,6,9,9239,23907
2023-08-21 13:13:04,6,10,9239,23907
2023-08-21 13:13:16,6,9,9239,23907
2023-08-21 13:14:21,5,9,9239,23907
2023-08-21 13:14:22,5,8,9239,23907
2023-08-21 13:14:28,6,8,9239,23907
2023-08-21 13:14:29,5,8,9239,23907
2023-08-21 13:14:32,5,8,9265,23933
2023-08-21 13:14:49,5,8,9665,24333
2023-08-21 13:14:49,6,8,9665,24333
2023-08-21 13:15:10,6,9,9665,24333
2023-08-21 13:15:11,6,8,9665,24333
2023-08-21 13:15:18,6,9,9665,24333
2023-08-21 13:15:19,5,9,9665,24333
2023-08-21 13:15:19,7,9,9665,24333
2023-08-21 13:15:54,6,9,9665,24333
2023-08-21 13:15:54,8,9,9665,24333
2023-08-21 13:16:51,8,9,9465,24533
2023-08-21 13:16:51,5,9,9465,24533
2023-08-21 13:16:51,7,9,9465,24533
2023-08-21 13:16:57,6,9,9465,24533
2023-08-21 13:16:57,8,9,9465,24533
2023-08-21 13:16:59,6,9,9465,24533
2023-08-21 13:16:59,7,9,9465,24533
2023-08-21 13:17:08,6,9,9465,24533
2023-08-21 13:17:08,8,9,9465,24533
2023-08-21 13:17:09,8,10,9465,24533
2023-08-21 13:17:38,7,10,9465,24533
2023-08-21 13:17:38,9,10,9465,24533
2023-08-21 13:17:39,9,11,9465,24533
2023-08-21 13:17:40,9,11,9465,24593
2023-08-21 13:17:52,9,10,9465,24593
2023-08-21 13:18:42,9,11,9465,24593
2023-08-21 13:18:42,8,11,9465,24593
2023-08-21 13:18:42,10,11,9465,24593
2023-08-21 13:18:44,10,11,9465,24653
2023-08-21 13:18:54,10,11,9465,24713
2023-08-21 13:18:54,8,11,9465,24733
2023-08-21 13:19:02,7,11,9465,24733
2023-08-21 13:19:10,8,11,9465,24733
2023-08-21 13:19:37,9,11,9465,24733
2023-08-21 13:19:57,9,12,9465,24733
2023-08-21 13:19:57,10,12,9465,24733
2023-08-21 13:20:08,11,12,9465,24733
2023-08-21 13:20:09,10,12,9465,24733
2023-08-21 13:20:10,11,12,9465,24733
2023-08-21 13:20:11,10,12,9465,24733
2023-08-21 13:20:12,11,12,9465,24733
2023-08-21 13:20:14,11,13,9465,24733
2023-08-21 13:20:28,10,13,9465,24733
2023-08-21 13:20:28,10,12,9465,24733
2023-08-21 13:20:43,10,13,9465,24733
2023-08-21 13:20:49,11,13,9465,24733
2023-08-21 13:20:54,11,14,9465,24733
2023-08-21 13:21:16,12,14,9465,24733
2023-08-21 13:22:10,11,14,9465,24733
2023-08-21 13:22:10,11,13,9465,24733
2023-08-21 13:22:12,10,13,9465,24733
2023-08-21 13:22:20,11,13,9465,24733
2023-08-21 13:22:22,10,13,9465,24733
2023-08-21 13:22:31,11,13,9465,24733
2023-08-21 13:22:34,10,13,9465,24733
2023-08-21 13:22:47,11,13,9465,24733
2023-08-21 13:22:49,10,13,9465,24733
2023-08-21 13:22:59,11,13,9465,24733
2023-08-21 13:23:06,10,13,9465,24733
2023-08-21 13:23:07,11,13,9465,24733
2023-08-21 13:23:08,10,13,9465,24733
2023-08-21 13:23:11,11,13,9465,24733
2023-08-21 13:23:14,10,13,9465,24733
2023-08-21 13:23:17,11,13,9465,24733
2023-08-21 13:23:27,11,14,9465,24733
2023-08-21 13:24:04,12,14,9465,24733
2023-08-21 13:24:08,12,15,9465,24733
2023-08-21 13:24:09,13,15,9465,24733
2023-08-21 13:24:21,14,15,9465,24733
2023-08-21 13:25:11,14,16,9465,24933
2023-08-21 13:25:40,15,16,9465,24933
2023-08-21 13:25:47,15,18,9515,24983
2023-08-21 13:25:51,16,18,9515,24983
2023-08-21 13:26:03,16,19,9515,24983
2023-08-21 13:26:06,17,19,9515,24983
2023-08-21 13:26:15,17,20,9515,24983
2023-08-21 13:26:16,17,21,9515,24983
2023-08-21 13:26:16,18,21,9515,24983
2023-08-21 13:26:21,19,21,9515,24983
2023-08-21 13:26:41,19,20,9515,24983
2023-08-21 13:26:45,17,20,9515,24983
2023-08-21 13:26:46,18,20,9515,24983
2023-08-21 13:27:11,17,20,9515,24983
2023-08-21 13:27:11,17,19,9515,24983
2023-08-21 13:27:15,17,20,9515,24983
2023-08-21 13:27:18,16,20,9515,24983
2023-08-21 13:27:18,16,19,9515,24983
2023-08-21 13:27:28,15,19,9515,24983
2023-08-21 13:27:29,15,18,9515,24983
2023-08-21 13:27:30,15,17,9515,24983
2023-08-21 13:27:46,15,18,9515,24983
2023-08-21 13:27:47,16,18,9515,24983
2023-08-21 13:28:07,15,18,9515,24983
2023-08-21 13:28:09,16,18,9515,24983
2023-08-21 13:28:16,15,18,9515,24983
2023-08-21 13:28:24,14,18,9515,24983
2023-08-21 13:28:24,14,17,9515,24983
2023-08-21 13:28:33,14,18,9515,24983
2023-08-21 13:28:35,15,18,9515,24983
2023-08-21 13:28:48,15,17,9515,24983
2023-08-21 13:28:57,15,18,9515,24983
2023-08-21 13:28:57,16,18,9515,24983
2023-08-21 13:29:26,15,18,9515,24983
2023-08-21 13:29:26,15,17,9515,24983
2023-08-21 13:29:27,15,18,9515,24983
2023-08-21 13:29:27,16,18,9515,24983
2023-08-21 13:29:57,15,18,9515,24983
2023-08-21 13:29:58,15,17,9515,24983
2023-08-21 13:29:59,15,18,9515,24983
2023-08-21 13:29:59,16,18,9515,24983
2023-08-21 13:30:17,15,18,9515,24983
2023-08-21 13:30:17,15,17,9515,24983
2023-08-21 13:30:18,14,17,9515,24983
2023-08-21 13:30:19,15,17,9515,24983
2023-08-21 13:30:25,14,17,9515,24983
2023-08-21 13:30:27,15,17,9515,24983
2023-08-21 13:30:36,15,18,9515,24983
2023-08-21 13:30:37,15,17,9515,24983
2023-08-21 13:30:40,15,18,9515,24983
2023-08-21 13:30:42,15,17,9515,24983
2023-08-21 13:30:57,15,18,9515,24983
2023-08-21 13:30:58,15,17,9515,24983
2023-08-21 13:31:07,15,18,9515,24983
2023-08-21 13:31:25,15,19,9515,24983
2023-08-21 13:31:44,16,19,9515,24983
2023-08-21 13:31:58,17,19,9515,24983
2023-08-21 13:31:59,18,19,9515,24983
2023-08-21 13:31:59,18,20,9515,24983
2023-08-21 13:32:07,18,19,9515,24983
2023-08-21 13:32:08,17,19,9515,24983
2023-08-21 13:32:22,18,19,9515,24983
2023-08-21 13:32:38,18,20,9515,24983
2023-08-21 13:32:52,18,21,9515,24983
2023-08-21 13:32:55,19,21,9515,24983
2023-08-21 13:32:57,18,21,9515,24983
2023-08-21 13:33:09,19,21,9515,24983
2023-08-21 13:33:10,19,22,9515,24983
2023-08-21 13:33:10,19,23,9515,24983
2023-08-21 13:33:12,20,23,9515,24983
2023-08-21 13:33:14,21,23,9515,24983
2023-08-21 13:33:15,22,23,9515,24983
2023-08-21 13:33:17,21,23,9515,25217
2023-08-21 13:33:18,22,23,9515,25217
2023-08-21 13:33:19,21,23,9515,25217
2023-08-21 13:33:19,21,22,9515,25217
2023-08-21 13:33:23,21,23,9915,25617
2023-08-21 13:33:24,22,23,9915,25617
2023-08-21 13:33:24,21,23,9915,25842
2023-08-21 13:33:25,22,23,9915,25842
2023-08-21 13:33:27,21,23,9915,26091
2023-08-21 13:33:28,22,23,9915,26091
2023-08-21 13:33:30,21,23,9915,26278
2023-08-21 13:33:31,22,23,9915,26278
2023-08-21 13:33:32,21,23,9915,26278
2023-08-21 13:33:39,22,23,9915,26278
2023-08-21 13:33:40,21,23,9915,26278
2023-08-21 13:33:41,22,23,9915,26278
2023-08-21 13:33:43,21,23,9915,26467
2023-08-21 13:33:44,22,23,9915,26467
2023-08-21 13:33:46,21,23,9915,26690
2023-08-21 13:33:47,22,23,9915,26690
2023-08-21 13:33:47,21,23,9915,26916
2023-08-21 13:34:01,22,23,9915,26916
2023-08-21 13:34:03,22,24,9915,26916
2023-08-21 13:34:07,22,23,9915,26916
2023-08-21 13:34:11,21,23,9915,26916
2023-08-21 13:34:12,22,23,9915,26916
2023-08-21 13:34:15,21,23,9915,26916
2023-08-21 13:34:20,21,22,9915,26916
2023-08-21 13:34:20,19,22,9915,26916
2023-08-21 13:34:20,18,22,9915,26916
2023-08-21 13:34:20,20,22,9915,26916
2023-08-21 13:34:55,20,23,9915,26916
2023-08-21 13:35:01,20,22,9915,26916
2023-08-21 13:35:03,20,23,9915,26916
2023-08-21 13:35:23,19,23,9915,26916
2023-08-21 13:35:23,21,23,9915,26916
2023-08-21 13:35:31,21,24,9915,26916
2023-08-21 13:35:33,20,24,9915,26916
2023-08-21 13:35:33,22,24,9915,26916
2023-08-21 13:36:30,22,23,9915,26916
2023-08-21 13:36:32,22,24,9915,26916
2023-08-21 13:36:34,22,23,9915,26916
2023-08-21 13:36:36,22,24,9915,26916
2023-08-21 13:36:40,22,24,9913,26942
2023-08-21 13:36:41,22,23,9913,26942
2023-08-21 13:36:57,20,23,9913,26942
2023-08-21 13:36:57,19,23,9913,26942
2023-08-21 13:36:57,21,23,9913,26942
2023-08-21 13:37:09,20,23,9913,26942
2023-08-21 13:37:09,22,23,9913,26942
2023-08-21 13:37:25,20,23,9913,26942
2023-08-21 13:37:25,21,23,9913,26942
2023-08-21 13:37:27,21,22,9913,26942
2023-08-21 13:37:37,21,23,9913,26942
2023-08-21 13:37:38,21,22,9913,26942
2023-08-21 13:37:39,21,23,9913,26942
2023-08-21 13:37:42,21,22,9913,26942
2023-08-21 13:37:49,21,23,9913,26942
2023-08-21 13:37:54,20,23,9913,26942
2023-08-21 13:37:54,22,23,9913,26942
2023-08-21 13:38:49,22,25,9913,26942
2023-08-21 13:38:49,23,25,9913,26942
2023-08-21 13:39:13,23,24,9913,26942
2023-08-21 13:39:15,21,24,9913,26942
2023-08-21 13:39:15,22,24,9913,26942
2023-08-21 13:39:26,22,24,9913,27142
2023-08-21 13:39:26,20,24,9913,27142
2023-08-21 13:39:26,19,24,9913,27142
2023-08-21 13:39:26,21,24,9913,27142
2023-08-21 13:39:27,21,23,9913,27142
2023-08-21 13:39:29,19,23,9913,27142
2023-08-21 13:39:29,20,23,9913,27142
2023-08-21 13:39:41,20,22,9913,27142
2023-08-21 13:39:47,20,21,9913,27142
2023-08-21 13:40:04,20,22,9913,27142
2023-08-21 13:40:04,21,22,9913,27142
2023-08-21 13:40:08,21,23,9913,27142
2023-08-21 13:40:08,21,24,9913,27142
2023-08-21 13:40:09,21,23,9913,27142
2023-08-21 13:40:09,22,23,9913,27142
2023-08-21 13:40:11,22,24,9913,27142
2023-08-21 13:40:12,22,23,9913,27142
2023-08-21 13:40:21,22,24,9913,27142
2023-08-21 13:40:24,22,23,9913,27142
2023-08-21 13:40:25,22,24,9913,27142
2023-08-21 13:40:29,22,25,9913,27142
2023-08-21 13:40:30,22,24,9913,27142
2023-08-21 13:40:31,22,25,9913,27142
2023-08-21 13:40:32,22,24,9913,27142
2023-08-21 13:40:34,22,25,9913,27142
2023-08-21 13:40:35,22,24,9913,27142
2023-08-21 13:40:40,22,25,9913,27142
2023-08-21 13:40:46,21,25,9913,27142
2023-08-21 13:40:46,23,25,9913,27142
2023-08-21 13:40:50,23,26,9913,27142
2023-08-21 13:40:57,23,25,9913,27142
2023-08-21 13:41:05,23,26,9913,27142
2023-08-21 13:41:05,24,26,9913,27142
2023-08-21 13:41:11,24,25,9913,27142
2023-08-21 13:41:12,24,26,9913,27142
2023-08-21 13:41:16,24,27,9913,27142
2023-08-21 13:41:17,24,26,9913,27142
2023-08-21 13:41:22,24,27,9913,27142
2023-08-21 13:41:23,24,26,9913,27142
2023-08-21 13:41:23,22,26,9913,27142
2023-08-21 13:41:23,23,26,9913,27142
2023-08-21 13:41:24,23,25,9913,27142
2023-08-21 13:41:25,23,24,9913,27142
2023-08-21 13:41:25,21,24,9913,27142
2023-08-21 13:41:25,20,24,9913,27142
2023-08-21 13:41:25,22,24,9913,27142
2023-08-21 13:41:35,23,24,9913,27142
2023-08-21 13:41:38,23,25,9913,27142
2023-08-21 13:41:42,23,24,9913,27142
2023-08-21 13:41:43,23,25,9913,27142
2023-08-21 13:41:44,23,24,9913,27142
2023-08-21 13:41:46,22,24,9913,27142
2023-08-21 13:42:06,22,25,9913,27142
2023-08-21 13:42:06,23,25,9913,27142
2023-08-21 13:42:08,22,25,9913,27142
2023-08-21 13:42:08,22,24,9913,27142
2023-08-21 13:42:22,22,25,9913,27142
2023-08-21 13:42:22,23,25,9913,27142
2023-08-21 13:42:28,23,24,9913,27142
2023-08-21 13:42:36,21,24,9913,27142
2023-08-21 13:42:36,20,24,9913,27142
2023-08-21 13:42:36,22,24,9913,27142
2023-08-21 13:42:39,22,25,9913,27142
2023-08-21 13:42:53,20,25,9913,27142
2023-08-21 13:42:53,21,25,9913,27142
2023-08-21 13:42:53,23,25,9913,27142
2023-08-21 13:42:58,23,26,9913,27142
2023-08-21 13:43:11,22,26,9913,27142
2023-08-21 13:43:11,24,26,9913,27142
2023-08-21 13:43:14,22,26,9913,27142
2023-08-21 13:43:14,23,26,9913,27142
2023-08-21 13:43:21,22,26,9913,27142
2023-08-21 13:43:21,24,26,9913,27142
2023-08-21 13:43:26,24,27,9913,27142
2023-08-21 13:43:43,22,27,9913,27142
2023-08-21 13:43:43,22,26,9913,27142
2023-08-21 13:43:43,23,26,9913,27142
2023-08-21 13:44:25,23,25,9913,27142
2023-08-21 13:44:27,23,26,9913,27142
2023-08-21 13:44:48,22,26,9913,27142
2023-08-21 13:44:48,22,27,9913,27142
2023-08-21 13:44:48,24,27,9913,27142
2023-08-21 13:45:01,23,27,9913,27142
2023-08-21 13:45:01,23,28,9913,27142
2023-08-21 13:45:01,25,28,9913,27142
2023-08-21 13:45:10,25,29,9913,27142
2023-08-21 13:45:12,25,28,9913,27142
2023-08-21 13:45:19,23,28,9913,27142
2023-08-21 13:45:19,22,28,9913,27142
2023-08-21 13:45:19,24,28,9913,27142
2023-08-21 13:45:24,23,28,9913,27142
2023-08-21 13:45:24,25,28,9913,27142
2023-08-21 13:45:26,26,28,9913,27142
2023-08-21 13:45:36,27,28,9913,27142
2023-08-21 13:45:43,26,28,9913,27142
2023-08-21 13:45:51,27,28,9913,27142
2023-08-21 13:46:11,26,28,9913,27142
2023-08-21 13:46:15,27,28,9913,27142
2023-08-21 13:46:21,26,28,9913,27142
2023-08-21 13:46:24,27,28,9913,27142
2023-08-21 13:46:25,26,28,9913,27142
2023-08-21 13:46:33,23,28,9913,27142
2023-08-21 13:46:33,25,28,9913,27142
2023-08-21 13:46:46,25,27,9913,27142
2023-08-21 13:46:48,25,26,9913,27142
2023-08-21 13:46:49,22,26,9913,27142
2023-08-21 13:46:49,24,26,9913,27142
2023-08-21 13:46:51,22,26,9913,27142
2023-08-21 13:46:51,23,26,9913,27142
2023-08-21 13:47:02,24,26,9913,27142
2023-08-21 13:47:28,23,26,9913,27142
2023-08-21 13:47:30,23,25,9913,27142
2023-08-21 13:47:42,23,26,9913,27142
2023-08-21 13:47:44,23,25,9913,27142
2023-08-21 13:47:46,23,26,9913,27142
2023-08-21 13:47:47,23,25,9913,27142
2023-08-21 13:47:49,23,26,9913,27142
2023-08-21 13:47:52,23,25,9913,27142
2023-08-21 13:47:54,23,26,9913,27142
2023-08-21 13:48:05,21,26,9913,27142
2023-08-21 13:48:05,21,27,9913,27142
2023-08-21 13:48:05,24,27,9913,27142
2023-08-21 13:48:32,24,26,9913,27142
2023-08-21 13:48:32,23,26,9913,27142
2023-08-21 13:48:34,23,25,9913,27142
2023-08-21 13:48:35,23,26,9913,27142
2023-08-21 13:48:39,23,25,9913,27142
2023-08-21 13:48:40,23,26,9913,27142
2023-08-21 13:48:54,21,26,9913,27142
2023-08-21 13:48:54,24,26,9913,27142
2023-08-21 13:48:56,24,27,9913,27142
2023-08-21 13:49:05,22,27,9913,27142
2023-08-21 13:49:05,23,27,9913,27142
2023-08-21 13:49:06,23,26,9913,27142
2023-08-21 13:49:07,23,25,9913,27142
2023-08-21 13:49:08,23,26,9913,27142
2023-08-21 13:49:09,23,25,9913,27142
2023-08-21 13:49:16,23,26,9913,27142
2023-08-21 13:49:25,23,25,9913,27142
2023-08-21 13:49:27,23,26,9913,27142
2023-08-21 13:49:28,23,25,9913,27142
2023-08-21 13:49:29,23,26,9913,27142
2023-08-21 13:49:34,23,25,9913,27142
2023-08-21 13:49:52,23,26,9913,27142
2023-08-21 13:49:58,21,26,9913,27142
2023-08-21 13:49:58,24,26,9913,27142
2023-08-21 13:49:58,24,27,9913,27142
2023-08-21 13:50:09,22,27,9913,27142
2023-08-21 13:50:09,22,28,9913,27142
2023-08-21 13:50:09,25,28,9913,27142
2023-08-21 13:50:13,25,27,9913,27142
2023-08-21 13:50:13,22,27,9913,27142
2023-08-21 13:50:13,24,27,9913,27142
2023-08-21 13:50:20,22,27,9913,27142
2023-08-21 13:50:20,22,28,9913,27142
2023-08-21 13:50:20,25,28,9913,27142
2023-08-21 13:50:32,22,28,9913,27142
2023-08-21 13:50:32,24,28,9913,27142
2023-08-21 13:50:33,24,27,9913,27142
2023-08-21 13:50:43,24,28,9913,27142
2023-08-21 13:50:44,22,28,9913,27142
2023-08-21 13:50:44,25,28,9913,27142
2023-08-21 13:50:55,25,27,9913,27142
2023-08-21 13:50:55,22,27,9913,27142
2023-08-21 13:50:55,24,27,9913,27142
2023-08-21 13:51:07,22,27,9913,27142
2023-08-21 13:51:07,23,27,9913,27142
2023-08-21 13:51:11,22,27,9913,27142
2023-08-21 13:51:11,24,27,9913,27142
2023-08-21 13:51:14,24,26,9913,27142
2023-08-21 13:51:27,22,26,9913,27142
2023-08-21 13:51:27,23,26,9913,27142
2023-08-21 13:51:30,23,25,9913,27142
2023-08-21 13:51:30,21,25,9913,27142
2023-08-21 13:51:30,20,25,9913,27142
2023-08-21 13:51:30,22,25,9913,27142
2023-08-21 13:51:56,22,24,9913,27142
2023-08-21 13:51:58,22,25,9913,27142
2023-08-21 13:51:59,22,24,9913,27142
2023-08-21 13:52:00,22,25,9913,27142
2023-08-21 13:52:09,22,24,9913,27142
2023-08-21 13:52:12,19,24,9913,27142
2023-08-21 13:52:12,21,24,9913,27142
2023-08-21 13:52:13,21,22,9913,27142
2023-08-21 13:52:22,21,24,9913,27142
2023-08-21 13:52:23,21,23,9913,27142
2023-08-21 13:52:28,18,23,9913,27142
2023-08-21 13:52:28,20,23,9913,27142
2023-08-21 13:52:34,20,22,9913,27142
2023-08-21 13:52:39,20,23,9913,27142
2023-08-21 13:52:41,18,23,9913,27142
2023-08-21 13:52:41,21,23,9913,27142
2023-08-21 13:52:44,18,23,9913,27142
2023-08-21 13:52:44,18,21,9913,27142
2023-08-21 13:52:44,20,21,9913,27142
2023-08-21 13:52:52,17,21,9913,27142
2023-08-21 13:52:52,19,21,9913,27142
2023-08-21 13:53:00,17,21,9913,27142
2023-08-21 13:53:00,20,21,9913,27142
2023-08-21 13:53:14,19,21,9913,27142
2023-08-21 13:53:14,21,24,9913,27202
2023-08-21 13:53:20,21,23,9913,27202
2023-08-21 13:53:30,18,23,9913,27202
2023-08-21 13:53:30,20,23,9913,27202
2023-08-21 13:53:34,18,23,9913,27202
2023-08-21 13:53:34,21,23,9913,27202
2023-08-21 13:53:43,21,24,9913,27202
2023-08-21 13:53:52,21,23,9913,27202
2023-08-21 13:53:55,18,23,9913,27202
2023-08-21 13:53:55,20,23,9913,27202
2023-08-21 13:54:03,18,23,9913,27202
2023-08-21 13:54:03,21,23,9913,27202
2023-08-21 13:54:07,21,24,9913,27202
2023-08-21 13:54:08,21,23,9913,27202
2023-08-21 13:54:45,18,23,9913,27202
2023-08-21 13:54:45,20,23,9913,27202
2023-08-21 13:54:59,20,22,9913,27202
2023-08-21 13:55:03,20,23,9913,27202
2023-08-21 13:55:09,18,23,9913,27202
2023-08-21 13:55:09,21,23,9913,27202
2023-08-21 13:55:13,18,23,9913,27202
2023-08-21 13:55:13,20,23,9913,27202
2023-08-21 13:55:19,20,21,9913,27202
2023-08-21 13:55:27,17,21,9913,27202
2023-08-21 13:55:27,19,21,9913,27202
2023-08-21 13:55:34,17,21,9913,27202
2023-08-21 13:55:34,20,21,9913,27202
2023-08-21 13:55:39,20,22,9913,27202
2023-08-21 13:55:39,20,23,9913,27202
2023-08-21 13:55:42,20,22,9913,27202
2023-08-21 13:55:43,20,23,9913,27202
2023-08-21 13:55:51,20,22,9913,27202
2023-08-21 13:55:59,20,23,9913,27202
2023-08-21 13:56:00,20,22,9913,27202
2023-08-21 13:56:01,20,23,9913,27202
2023-08-21 13:56:02,20,22,9913,27202
2023-08-21 13:56:08,20,23,9913,27202
2023-08-21 13:56:33,20,22,9913,27202
2023-08-21 13:56:45,20,21,9913,27202
2023-08-21 13:56:45,17,21,9913,27202
2023-08-21 13:56:45,16,21,9913,27202
2023-08-21 13:56:45,19,21,9913,27202
2023-08-21 13:56:48,16,21,9913,27202
2023-08-21 13:56:48,16,19,9913,27202
2023-08-21 13:56:48,18,19,9913,27202
2023-08-21 13:57:00,18,19,9913,27262
2023-08-21 13:57:01,18,19,9913,27322
2023-08-21 13:57:19,15,19,9913,27342
2023-08-21 13:57:21,15,18,9913,27342
2023-08-21 13:57:23,15,19,9913,27342
2023-08-21 13:57:24,15,18,9913,27342
2023-08-21 13:57:25,15,19,9913,27342
2023-08-21 13:57:54,15,18,9913,27342
2023-08-21 13:58:06,14,18,9913,27342
2023-08-21 13:58:16,15,18,9913,27342
2023-08-21 13:58:17,15,19,9913,27342
2023-08-21 13:58:28,15,18,9913,27342
2023-08-21 13:58:28,14,18,9913,27342
2023-08-21 13:58:43,14,17,9913,27342
2023-08-21 13:58:44,13,17,9913,27342
2023-08-21 13:58:48,14,17,9913,27342
2023-08-21 13:58:59,14,18,9913,27342
2023-08-21 13:59:06,15,18,9913,27342
2023-08-21 13:59:09,15,19,9913,27342
2023-08-21 13:59:28,16,19,9913,27342
2023-08-21 14:00:02,17,19,9913,27342
2023-08-21 14:00:03,18,19,9913,27342
2023-08-21 14:00:20,17,19,9913,27342
2023-08-21 14:00:56,18,19,9913,27342
2023-08-21 14:00:57,17,19,9913,27342
2023-08-21 14:00:58,18,19,9913,27342
2023-08-21 14:00:59,17,19,9913,27342
2023-08-21 14:01:01,18,19,9913,27342
2023-08-21 14:01:15,18,22,9973,27402
2023-08-21 14:01:15,18,23,9973,27402
2023-08-21 14:01:17,19,23,9973,27402
2023-08-21 14:01:20,18,23,9973,27402
2023-08-21 14:01:21,19,23,9973,27402
2023-08-21 14:01:29,18,23,9973,27402
2023-08-21 14:01:51,19,23,9973,27402
2023-08-21 14:02:09,18,23,9973,27402
2023-08-21 14:02:09,18,22,9973,27402
2023-08-21 14:02:21,18,21,9973,27402
2023-08-21 14:02:22,17,21,9973,27402
2023-08-21 14:02:25,18,21,9973,27402
2023-08-21 14:02:26,18,22,9973,27402
2023-08-21 14:02:55,18,21,9973,27402
2023-08-21 14:02:58,17,21,9973,27402
2023-08-21 14:03:01,18,21,9973,27402
2023-08-21 14:03:09,18,22,9973,27402
2023-08-21 14:03:21,18,21,9973,27402
2023-08-21 14:03:23,17,21,9973,27402
2023-08-21 14:03:30,17,20,9973,27402
2023-08-21 14:03:52,16,20,9973,27402
2023-08-21 14:03:52,16,19,9973,27402
2023-08-21 14:03:59,15,19,9973,27402
2023-08-21 14:03:59,15,18,9973,27402
2023-08-21 14:04:05,15,17,9973,27402
2023-08-21 14:04:08,15,18,9973,27402
2023-08-21 14:04:15,15,19,9973,27402
2023-08-21 14:04:22,16,19,9973,27402
2023-08-21 14:04:24,16,20,9973,27402
2023-08-21 14:04:33,17,20,9973,27402
2023-08-21 14:04:37,17,21,9973,27402
2023-08-21 14:05:18,17,20,9973,27402
2023-08-21 14:05:29,16,20,9973,27402
2023-08-21 14:05:33,17,20,9973,27402
2023-08-21 14:05:35,17,21,9973,27402
2023-08-21 14:05:44,17,20,9973,27402
2023-08-21 14:05:54,16,20,9973,27402
2023-08-21 14:05:56,17,20,9973,27402
2023-08-21 14:06:03,16,20,9973,27402
2023-08-21 14:06:11,17,20,9973,27402
2023-08-21 14:06:16,17,21,9973,27402
2023-08-21 14:06:23,18,21,9973,27402
2023-08-21 14:06:30,18,22,9973,27402
2023-08-21 14:06:50,19,22,9973,27402
2023-08-21 14:06:55,19,23,9973,27402
2023-08-21 14:06:59,20,23,9973,27402
2023-08-21 14:07:01,20,24,9973,27402
2023-08-21 14:07:13,20,23,9973,27402
2023-08-21 14:07:14,19,23,9973,27402
2023-08-21 14:07:31,20,23,9973,27402
2023-08-21 14:07:34,20,24,9973,27402
2023-08-21 14:07:40,20,23,9973,27402
2023-08-21 14:07:43,19,23,9973,27402
2023-08-21 14:07:54,20,23,9973,27402
2023-08-21 14:08:05,20,24,9973,27402
2023-08-21 14:08:08,21,24,9973,27402
2023-08-21 14:08:09,21,25,9973,27402
2023-08-21 14:08:13,22,25,9973,27402
2023-08-21 14:08:14,22,26,9973,27402
2023-08-21 14:08:18,21,26,9973,27402
2023-08-21 14:08:18,21,25,9973,27402
2023-08-21 14:08:55,21,24,9973,27402
2023-08-21 14:08:56,20,24,9973,27402
2023-08-21 14:09:28,20,23,9973,27402
2023-08-21 14:09:30,19,23,9973,27402
2023-08-21 14:09:49,20,23,9973,27402
2023-08-21 14:09:54,20,24,9973,27402
2023-08-21 14:10:00,20,23,9973,27402
2023-08-21 14:10:01,19,23,9973,27402
2023-08-21 14:10:03,20,23,9973,27402
2023-08-21 14:10:04,20,24,9973,27402
2023-08-21 14:10:16,21,24,9973,27402
2023-08-21 14:10:28,22,24,9973,27402
2023-08-21 14:10:28,22,25,9973,27402
2023-08-21 14:10:28,22,26,9973,27402
2023-08-21 14:10:46,21,26,9973,27402
2023-08-21 14:10:46,21,25,9973,27402
2023-08-21 14:10:51,22,25,9973,27402
2023-08-21 14:10:53,22,26,9973,27402
2023-08-21 14:11:14,23,26,9973,27402
2023-08-21 14:11:14,23,27,9973,27402
2023-08-21 14:11:21,23,26,9973,27402
2023-08-21 14:11:29,23,27,9973,27402
2023-08-21 14:11:46,23,26,9973,27402
2023-08-21 14:12:01,23,27,9973,27402
2023-08-21 14:12:09,24,27,9973,27402
2023-08-21 14:12:12,24,28,9973,27402
2023-08-21 14:12:14,23,28,9973,27402
2023-08-21 14:12:14,23,27,9973,27402
2023-08-21 14:12:16,24,27,9973,27402
2023-08-21 14:12:16,24,28,9973,27402
2023-08-21 14:12:21,25,28,9973,27402
2023-08-21 14:12:21,25,29,9973,27402
2023-08-21 14:12:32,26,29,9973,27402
2023-08-21 14:12:32,26,30,9973,27402
2023-08-21 14:12:35,26,29,9973,27402
2023-08-21 14:12:38,26,30,9973,27402
2023-08-21 14:12:56,26,29,9973,27402
2023-08-21 14:12:57,26,30,9973,27402
2023-08-21 14:13:00,27,30,9973,27402
2023-08-21 14:13:03,27,31,9973,27402
2023-08-21 14:13:07,26,31,9973,27402
2023-08-21 14:13:07,26,30,9973,27402
2023-08-21 14:13:09,27,30,9973,27402
2023-08-21 14:13:09,27,31,9973,27402
2023-08-21 14:13:14,26,31,9973,27402
2023-08-21 14:13:21,26,31,9873,27502
2023-08-21 14:13:27,27,31,9873,27502
2023-08-21 14:13:31,26,31,9873,27502
2023-08-21 14:13:31,26,30,9873,27502
2023-08-21 14:13:54,25,30,9873,27502
2023-08-21 14:13:54,25,29,9873,27502
2023-08-21 14:14:06,25,28,9873,27502
2023-08-21 14:14:06,24,28,9873,27502
2023-08-21 14:14:22,25,28,9873,27502
2023-08-21 14:14:24,25,29,9873,27502
2023-08-21 14:14:39,25,30,9873,27502
2023-08-21 14:14:48,25,29,9873,27502
2023-08-21 14:15:02,25,30,9873,27502
2023-08-21 14:15:03,26,30,9873,27502
2023-08-21 14:15:09,27,30,9873,27502
2023-08-21 14:15:09,27,31,9873,27502
2023-08-21 14:15:15,26,31,9873,27502
2023-08-21 14:15:20,27,31,9873,27502
2023-08-21 14:15:31,26,31,9873,27502
2023-08-21 14:15:38,27,31,9873,27502
2023-08-21 14:15:48,28,31,9873,27502
2023-08-21 14:15:52,27,32,9873,27502
2023-08-21 14:15:53,27,31,9873,27502
2023-08-21 14:15:54,27,29,9873,27502
2023-08-21 14:16:06,27,29,9859,27516
2023-08-21 14:16:11,26,29,9859,27516
2023-08-21 14:16:21,25,29,9859,27516
2023-08-21 14:16:37,26,29,9859,27516
2023-08-21 14:16:55,26,29,9851,27524
2023-08-21 14:17:15,26,29,9845,27530
2023-08-21 14:17:26,25,29,9845,27530
2023-08-21 14:17:37,24,29,9845,27530
2023-08-21 14:17:46,24,28,9845,27530
2023-08-21 14:17:48,23,28,9845,27530
2023-08-21 14:17:48,23,27,9845,27530
2023-08-21 14:17:52,23,28,9845,27530
2023-08-21 14:18:07,23,27,9845,27530
2023-08-21 14:18:10,22,27,9845,27530
2023-08-21 14:18:11,23,27,9845,27530
2023-08-21 14:18:22,22,27,9845,27530
2023-08-21 14:18:22,22,26,9845,27530
2023-08-21 14:18:52,23,26,9845,27530
2023-08-21 14:18:53,23,27,9845,27530
2023-08-21 14:19:15,24,27,9845,27530
2023-08-21 14:19:16,24,28,9845,27530
2023-08-21 14:19:27,23,28,9845,27530
2023-08-21 14:19:27,23,27,9845,27530
2023-08-21 14:19:49,23,26,9845,27530
2023-08-21 14:19:58,23,27,9845,27530
2023-08-21 14:20:05,24,27,9845,27530
2023-08-21 14:20:05,24,28,9845,27530
2023-08-21 14:20:15,25,28,9845,27530
2023-08-21 14:20:15,25,29,9845,27530
2023-08-21 14:20:19,24,29,9845,27530
2023-08-21 14:20:19,24,28,9845,27530
2023-08-21 14:20:36,25,28,9845,27530
2023-08-21 14:20:36,25,29,9845,27530
2023-08-21 14:20:45,26,29,9845,27530
2023-08-21 14:20:49,25,29,9845,27530
2023-08-21 14:20:54,26,29,9845,27530
2023-08-21 14:21:23,27,29,9845,27530
2023-08-21 14:21:30,26,29,9845,27530
2023-08-21 14:21:55,27,29,9845,27530
2023-08-21 14:21:57,26,29,9845,27530
2023-08-21 14:22:11,25,29,9845,27530
2023-08-21 14:22:15,24,29,9845,27530
2023-08-21 14:22:26,25,29,9845,27530
2023-08-21 14:22:41,24,29,9845,27530
2023-08-21 14:22:54,24,28,9845,27530
2023-08-21 14:22:55,23,28,9845,27530
2023-08-21 14:22:58,23,28,9846,27531
2023-08-21 14:22:59,23,26,9846,27531
2023-08-21 14:23:07,23,26,9847,27532
2023-08-21 14:23:13,23,28,9847,27532
2023-08-21 14:23:13,23,25,9847,27532
2023-08-21 14:23:20,21,25,9847,27532
2023-08-21 14:23:20,22,25,9847,27532
2023-08-21 14:24:03,22,27,9847,27532
2023-08-21 14:24:03,23,27,9847,27532
2023-08-21 14:24:03,23,29,9847,27532
2023-08-21 14:24:03,23,28,9847,27532
2023-08-21 14:24:03,23,26,9847,27532
2023-08-21 14:24:22,23,28,9847,27532
2023-08-21 14:24:22,22,28,9847,27532
2023-08-21 14:24:22,22,25,9847,27532
2023-08-21 14:24:52,21,25,9847,27532
2023-08-21 14:24:55,21,27,9847,27532
2023-08-21 14:24:55,21,26,9847,27532
2023-08-21 14:24:55,21,24,9847,27532
2023-08-21 14:24:58,21,26,9847,27532
2023-08-21 14:24:58,21,25,9847,27532
2023-08-21 14:24:58,21,23,9847,27532
2023-08-21 14:25:03,21,26,9847,27532
2023-08-21 14:25:03,21,24,9847,27532
2023-08-21 14:25:15,21,26,9847,27532
2023-08-21 14:25:15,21,23,9847,27532
2023-08-21 14:25:19,20,23,9847,27532
2023-08-21 14:25:41,20,25,9847,27532
2023-08-21 14:25:41,20,24,9847,27532
2023-08-21 14:25:41,19,22,9847,27532
2023-08-21 14:26:01,19,23,9847,27532
2023-08-21 14:26:01,19,21,9847,27532
2023-08-21 14:26:09,17,21,9847,27532
2023-08-21 14:26:10,18,21,9847,27532
2023-08-21 14:26:22,17,21,9847,27532
2023-08-21 14:26:23,18,21,9847,27532
2023-08-21 14:26:25,17,21,9847,27532
2023-08-21 14:26:26,17,22,9847,27532
2023-08-21 14:26:26,17,20,9847,27532
2023-08-21 14:26:32,17,21,9847,27532
2023-08-21 14:26:32,17,19,9847,27532
2023-08-21 14:26:50,16,19,9847,27532
2023-08-21 14:26:50,16,21,9847,27532
2023-08-21 14:26:50,16,20,9847,27532
2023-08-21 14:26:50,16,18,9847,27532
2023-08-21 14:26:51,15,18,9847,27532
2023-08-21 14:26:55,15,19,9847,27532
2023-08-21 14:26:55,15,17,9847,27532
2023-08-21 14:27:09,15,19,9847,27534
2023-08-21 14:27:11,15,20,9847,27534
2023-08-21 14:27:12,16,20,9847,27534
2023-08-21 14:27:20,15,20,9847,27534
2023-08-21 14:27:36,16,20,9847,27534
2023-08-21 14:27:40,16,21,9847,27534
2023-08-21 14:27:44,16,20,9847,27534
2023-08-21 14:28:11,16,22,9847,27534
2023-08-21 14:28:11,16,21,9847,27534
2023-08-21 14:28:12,17,21,9847,27534
2023-08-21 14:28:15,16,21,9847,27534
2023-08-21 14:28:19,16,22,9847,27534
2023-08-21 14:28:19,16,20,9847,27534
2023-08-21 14:28:43,16,21,9847,27534
2023-08-21 14:28:43,17,21,9847,27534
2023-08-21 14:28:48,17,23,9847,27534
2023-08-21 14:28:48,17,22,9847,27534
2023-08-21 14:28:49,18,22,9847,27534
2023-08-21 14:29:22,18,24,9847,27534
2023-08-21 14:29:22,19,24,9847,27534
2023-08-21 14:29:22,19,23,9847,27534
2023-08-21 14:29:33,19,24,9847,27534
2023-08-21 14:29:36,19,23,9847,27534
2023-08-21 14:29:51,18,23,9847,27534
2023-08-21 14:29:51,18,22,9847,27534
2023-08-21 14:30:01,19,22,9847,27534
2023-08-21 14:30:01,19,23,9847,27534
2023-08-21 14:30:05,19,25,9847,27534
2023-08-21 14:30:05,19,24,9847,27534
2023-08-21 14:30:11,19,25,9847,27534
2023-08-21 14:30:11,19,23,9847,27534
2023-08-21 14:30:23,19,22,9847,27534
2023-08-21 14:30:23,18,22,9847,27534
2023-08-21 14:30:27,19,22,9847,27534
2023-08-21 14:30:27,19,23,9847,27534
2023-08-21 14:30:31,20,23,9847,27534
2023-08-21 14:30:31,20,25,9847,27534
2023-08-21 14:30:38,21,24,9847,27534
2023-08-21 14:30:38,21,25,9847,27534
2023-08-21 14:30:47,21,26,9847,27534
2023-08-21 14:30:49,22,26,9847,27534
2023-08-21 14:31:02,21,26,9847,27534
2023-08-21 14:31:02,21,28,9847,27534
2023-08-21 14:31:02,21,25,9847,27534
2023-08-21 14:31:22,20,25,9847,27534
2023-08-21 14:31:42,19,24,9847,27534
2023-08-21 14:31:43,19,23,9847,27534
2023-08-21 14:32:23,20,23,9847,27534
2023-08-21 14:32:23,20,24,9847,27534
2023-08-21 14:32:56,19,24,9847,27534
2023-08-21 14:32:56,19,23,9847,27534
2023-08-21 14:33:06,18,23,9847,27534
2023-08-21 14:33:19,18,21,9847,27534
2023-08-21 14:33:26,16,21,9847,27534
2023-08-21 14:33:32,17,20,9847,27534
2023-08-21 14:33:32,16,20,9847,27534
2023-08-21 14:33:42,17,20,9847,27534
2023-08-21 14:33:43,17,23,9847,27534
2023-08-21 14:33:43,17,21,9847,27534
2023-08-21 14:33:53,16,21,9847,27534
2023-08-21 14:33:53,18,21,9847,27534
2023-08-21 14:33:55,18,23,9847,27534
2023-08-21 14:33:55,18,22,9847,27534
2023-08-21 14:34:05,19,22,9847,27534
2023-08-21 14:34:09,18,22,9847,27534
2023-08-21 14:34:13,18,23,9847,27534
2023-08-21 14:34:13,18,21,9847,27534
2023-08-21 14:34:20,18,22,9847,27534
2023-08-21 14:34:29,18,23,9847,27534
2023-08-21 14:34:30,16,21,9847,27534
2023-08-21 14:34:43,16,21,9847,27534
2023-08-21 14:34:43,16,20,9847,27534
2023-08-21 14:35:03,17,20,9847,27534
2023-08-21 14:35:04,17,21,9847,27534
2023-08-21 14:35:08,16,21,9847,27534
2023-08-21 14:35:08,18,23,9847,27534
2023-08-21 14:35:21,19,22,9847,27534
2023-08-21 14:35:22,19,25,9847,27534
2023-08-21 14:35:22,19,23,9847,27534
2023-08-21 14:35:26,20,23,9847,27534
2023-08-21 14:35:26,20,24,9847,27534
2023-08-21 14:35:30,20,25,9847,27534
2023-08-21 14:35:33,21,25,9847,27534
2023-08-21 14:35:45,21,26,9847,27534
2023-08-21 14:35:45,21,24,9847,27534
2023-08-21 14:36:10,21,26,9847,27534
2023-08-21 14:36:10,21,25,9847,27534
2023-08-21 14:36:15,21,24,9847,27534
2023-08-21 14:36:25,20,24,9847,27534
2023-08-21 14:36:31,20,25,9847,27534
2023-08-21 14:36:32,19,25,9847,27534
2023-08-21 14:36:40,22,25,9847,27534
2023-08-21 14:36:40,22,27,9847,27534
2023-08-21 14:36:48,21,26,9847,27534
2023-08-21 14:36:54,21,28,9847,27534
2023-08-21 14:36:54,21,25,9847,27534
2023-08-21 14:37:03,19,25,9847,27534
2023-08-21 14:37:03,20,25,9847,27534
2023-08-21 14:37:11,19,25,9847,27534
2023-08-21 14:37:24,19,25,9847,27534
2023-08-21 14:37:35,21,25,9847,27534
2023-08-21 14:37:36,21,26,9847,27534
2023-08-21 14:37:38,20,26,9847,27534
2023-08-21 14:37:38,22,26,9847,27534
2023-08-21 14:38:06,21,26,9847,27534
2023-08-21 14:38:11,22,26,9847,27534
2023-08-21 14:38:23,22,29,9847,27534
2023-08-21 14:38:23,22,27,9847,27534
2023-08-21 14:38:24,22,29,9847,27534
2023-08-21 14:38:24,22,26,9847,27534
2023-08-21 14:38:57,21,26,9847,27534
2023-08-21 14:38:59,22,26,9847,27534
2023-08-21 14:39:01,22,28,9847,27534
2023-08-21 14:39:01,22,27,9847,27534
2023-08-21 14:39:03,23,27,9847,27534
2023-08-21 14:39:06,21,27,9847,27534
2023-08-21 14:39:06,22,27,9847,27534
2023-08-21 14:39:29,23,27,9847,27534
2023-08-21 14:39:30,23,29,9847,27534
2023-08-21 14:39:32,22,28,9847,27534
2023-08-21 14:39:33,24,29,9847,27534
2023-08-21 14:39:36,24,28,9847,27534
2023-08-21 14:39:46,21,28,9847,27534
2023-08-21 14:39:46,23,28,9847,27534
2023-08-21 14:39:48,23,29,9847,27534
2023-08-21 14:39:48,23,27,9847,27534
2023-08-21 14:40:03,23,29,9847,27534
2023-08-21 14:40:03,23,28,9847,27534
2023-08-21 14:40:09,24,28,9847,27534
2023-08-21 14:40:16,23,28,9847,27534
2023-08-21 14:40:17,23,29,9847,27534
2023-08-21 14:40:36,24,27,9847,27534
2023-08-21 14:40:36,24,29,9847,27534
2023-08-21 14:40:36,24,28,9847,27534
2023-08-21 14:40:37,24,29,9847,27534
2023-08-21 14:40:38,23,29,9847,27534
2023-08-21 14:40:38,25,29,9847,27534
2023-08-21 14:40:42,26,29,9847,27534
2023-08-21 14:40:59,27,29,9847,27534
2023-08-21 14:41:05,25,29,9847,27534
2023-08-21 14:41:05,26,29,9847,27534
2023-08-21 14:41:07,26,31,9847,27556
2023-08-21 14:41:16,26,33,9847,27556
2023-08-21 14:41:16,26,30,9847,27556
2023-08-21 14:41:18,25,30,9847,27556
2023-08-21 14:41:27,25,29,9847,27556
2023-08-21 14:41:30,24,29,9847,27556
2023-08-21 14:41:32,25,29,9847,27556
2023-08-21 14:41:33,25,30,9847,27556
2023-08-21 14:41:41,26,30,9847,27556
2023-08-21 14:41:45,25,30,9847,27556
2023-08-21 14:41:47,25,29,9847,27556
2023-08-21 14:41:56,25,30,9847,27556
2023-08-21 14:42:03,23,30,9847,27556
2023-08-21 14:42:03,26,30,9847,27556
2023-08-21 14:42:05,26,31,9847,27556
2023-08-21 14:42:25,26,30,9847,27556
2023-08-21 14:42:40,27,30,9847,27556
2023-08-21 14:42:40,27,31,9847,27556
2023-08-21 14:42:41,27,32,9847,27556
2023-08-21 14:42:44,28,32,9847,27556
2023-08-21 14:42:49,28,33,9847,27556
2023-08-21 14:43:01,29,33,9847,27556
2023-08-21 14:43:02,29,34,9847,27556
2023-08-21 14:43:04,29,33,9847,27556
2023-08-21 14:43:13,27,33,9847,27556
2023-08-21 14:43:20,28,32,9847,27556
2023-08-21 14:43:24,29,32,9847,27556
2023-08-21 14:43:24,29,33,9847,27556
2023-08-21 14:43:24,29,34,9847,27556
2023-08-21 14:43:25,30,34,9847,27556
2023-08-21 14:43:25,31,34,9847,27556
2023-08-21 14:43:25,31,35,9847,27556
2023-08-21 14:43:26,30,35,9847,27556
2023-08-21 14:43:26,32,35,9847,27556
2023-08-21 14:43:26,32,38,9847,27556
2023-08-21 14:43:26,32,36,9847,27556
2023-08-21 14:43:27,32,37,9847,27556
2023-08-21 14:43:29,33,37,9847,27556
2023-08-21 14:43:30,32,37,9847,27556
2023-08-21 14:43:32,33,37,9847,27556
2023-08-21 14:43:33,33,38,9847,27556
2023-08-21 14:43:39,33,39,9847,27556
2023-08-21 14:43:39,33,37,9847,27556
2023-08-21 14:43:44,33,38,9847,27556
2023-08-21 14:43:48,33,37,9847,27556
2023-08-21 14:43:50,32,37,9847,27556
2023-08-21 14:43:52,33,37,9847,27556
2023-08-21 14:44:01,33,38,9847,27556
2023-08-21 14:44:10,33,37,9847,27556
2023-08-21 14:44:11,32,37,9847,27556
2023-08-21 14:44:20,32,36,9847,27556
2023-08-21 14:44:21,30,36,9847,27556
2023-08-21 14:44:23,30,36,9847,27556
2023-08-21 14:44:23,32,36,9847,27556
2023-08-21 14:44:27,32,39,9847,27556
2023-08-21 14:44:29,33,37,9847,27556
2023-08-21 14:44:32,32,37,9847,27556
2023-08-21 14:44:44,32,36,9847,27556
2023-08-21 14:44:47,32,35,9847,27556
2023-08-21 14:44:52,31,36,9847,27556
2023-08-21 14:44:56,31,35,9847,27556
2023-08-21 14:45:08,30,35,9847,27556
2023-08-21 14:45:13,30,36,9847,27556
2023-08-21 14:45:13,30,34,9847,27556
2023-08-21 14:45:16,29,34,9847,27556
2023-08-21 14:45:18,30,34,9847,27556
2023-08-21 14:45:22,30,35,9847,27556
2023-08-21 14:45:27,31,35,9847,27556
2023-08-21 14:45:32,31,36,9847,27556
2023-08-21 14:45:35,31,35,9847,27556
2023-08-21 14:45:41,31,35,9860,27569
2023-08-21 14:45:41,32,35,9860,27569
2023-08-21 14:46:00,30,35,9860,27569
2023-08-21 14:46:00,31,35,9860,27569
2023-08-21 14:46:00,33,35,9860,27569
2023-08-21 14:46:01,33,36,9860,27569
2023-08-21 14:46:04,31,36,9860,27569
2023-08-21 14:46:04,30,36,9860,27569
2023-08-21 14:46:04,32,37,9860,27569
2023-08-21 14:46:04,34,37,9860,27569
2023-08-21 14:46:38,32,34,9847,27582
2023-08-21 14:46:44,30,34,9847,27582
2023-08-21 14:46:52,33,34,9847,27602
2023-08-21 14:46:55,33,34,9841,27608
2023-08-21 14:46:59,33,34,9836,27613
2023-08-21 14:47:00,34,39,9830,27619
2023-08-21 14:47:00,34,40,9830,27619
2023-08-21 14:47:00,35,40,9830,27619
2023-08-21 14:47:03,34,40,9830,27619
2023-08-21 14:47:03,36,40,9830,27619
2023-08-21 14:47:04,37,40,9830,27619
2023-08-21 14:47:09,38,40,9830,27619
2023-08-21 14:47:10,42,43,9831,27620
2023-08-21 14:47:11,42,44,9831,27620
2023-08-21 14:47:15,42,43,9831,27620
2023-08-21 14:47:17,39,43,9831,27620
2023-08-21 14:47:19,40,43,9831,27620
2023-08-21 14:47:28,40,45,9914,27703
2023-08-21 14:47:28,41,45,9914,27703
2023-08-21 14:47:28,41,44,9914,27703
2023-08-21 14:47:31,41,45,9989,27778
2023-08-21 14:47:33,41,44,9989,27778
2023-08-21 14:47:41,39,44,9989,27778
2023-08-21 14:47:41,40,44,9989,27778
2023-08-21 14:47:44,39,44,9989,27778
2023-08-21 14:47:44,41,44,9989,27778
2023-08-21 14:47:52,39,44,9989,27778
2023-08-21 14:47:52,40,44,9989,27778
2023-08-21 14:47:56,39,44,9989,27778
2023-08-21 14:47:56,41,44,9989,27778
2023-08-21 14:48:14,40,44,9989,27778
2023-08-21 14:48:14,42,44,9989,27778
2023-08-21 14:48:16,42,45,9989,27778
2023-08-21 14:48:17,42,45,9939,27828
2023-08-21 14:48:42,41,45,9939,27828
2023-08-21 14:48:42,43,45,9939,27828
2023-08-21 14:48:54,41,45,9939,27828
2023-08-21 14:48:54,44,45,9939,27828
2023-08-21 14:48:55,41,45,9939,27828
2023-08-21 14:48:55,43,45,9939,27828
2023-08-21 14:49:16,40,45,9939,27828
2023-08-21 14:49:16,42,45,9939,27828
2023-08-21 14:49:22,40,45,9939,27828
2023-08-21 14:49:22,43,45,9939,27828
2023-08-21 14:49:31,41,45,9939,27828
2023-08-21 14:49:31,41,43,9939,27828
2023-08-21 14:49:33,40,45,9839,27928
2023-08-21 14:49:34,41,45,9839,27928
2023-08-21 14:49:53,40,45,9839,27928
2023-08-21 14:49:53,42,45,9839,27928
2023-08-21 14:50:19,41,45,9839,27928
2023-08-21 14:50:22,40,45,9839,27928
2023-08-21 14:50:32,40,44,9839,27928
2023-08-21 14:50:55,41,44,9839,27928
2023-08-21 14:51:08,40,44,9839,27928
2023-08-21 14:51:17,39,44,9839,27928
2023-08-21 14:51:22,39,43,9839,27928
2023-08-21 14:51:25,38,43,9839,27928
2023-08-21 14:51:31,39,43,9839,27928
2023-08-21 14:51:37,39,44,9839,27928
2023-08-21 14:51:37,39,42,9839,27928
2023-08-21 14:51:37,39,43,9839,27928
2023-08-21 14:51:37,39,42,9839,27928
2023-08-21 14:52:06,39,44,9839,27928
2023-08-21 14:52:06,39,43,9839,27928
2023-08-21 14:52:34,39,44,9839,27928
2023-08-21 14:52:37,39,43,9839,27928
2023-08-21 14:52:39,39,44,9839,27928
2023-08-21 14:52:45,40,44,9839,27928
2023-08-21 14:53:07,39,44,9839,27928
2023-08-21 14:53:32,40,44,9839,27928
2023-08-21 14:53:59,39,44,9839,27928
2023-08-21 14:54:03,39,43,9839,27928
2023-08-21 14:54:12,39,44,9839,27928
2023-08-21 14:54:27,40,44,9839,27928
2023-08-21 14:54:43,39,44,9839,27928
2023-08-21 14:54:44,39,43,9839,27928
2023-08-21 14:55:06,39,44,9839,27928
2023-08-21 14:55:08,40,44,9839,27928
2023-08-21 14:55:15,39,44,9839,27928
2023-08-21 14:55:18,39,43,9839,27928
2023-08-21 14:55:21,39,45,9839,27928
2023-08-21 14:55:33,39,45,9839,27928
2023-08-21 14:55:33,39,43,9839,27928
2023-08-21 14:55:35,39,44,9839,27928
2023-08-21 14:55:43,39,45,9839,27928
2023-08-21 14:55:43,39,43,9839,27928
2023-08-21 14:55:45,39,42,9839,27928
2023-08-21 14:55:46,39,41,9839,27928
2023-08-21 14:55:49,39,41,10040,28129
2023-08-21 14:55:49,39,40,10040,28129
2023-08-21 14:55:51,39,40,10328,28417
2023-08-21 14:55:52,34,40,10339,28428
2023-08-21 14:55:52,34,39,10339,28428
2023-08-21 14:55:55,32,39,10339,28428
2023-08-21 14:55:57,33,40,10339,28428
2023-08-21 14:55:57,33,38,10339,28428
2023-08-21 14:56:07,33,40,10339,28428
2023-08-21 14:56:07,33,39,10339,28428
2023-08-21 14:56:09,34,39,10339,28428
2023-08-21 14:56:27,32,39,10339,28428
2023-08-21 14:56:27,33,39,10339,28428
2023-08-21 14:56:28,33,38,10339,28428
2023-08-21 14:56:30,32,38,10339,28428
2023-08-21 14:56:30,32,37,10339,28428
2023-08-21 14:56:40,33,37,10339,28428
2023-08-21 14:56:40,33,38,10339,28428
2023-08-21 14:56:47,33,39,10339,28428
2023-08-21 14:56:49,32,39,10339,28428
2023-08-21 14:56:49,34,39,10339,28428
2023-08-21 14:56:52,32,39,10339,28428
2023-08-21 14:56:52,33,39,10339,28428
2023-08-21 14:56:52,33,38,10339,28428
2023-08-21 14:57:00,32,38,10339,28428
2023-08-21 14:57:00,34,38,10339,28428
2023-08-21 14:57:05,32,39,10339,28428
2023-08-21 14:57:07,35,40,10339,28428
2023-08-21 14:57:08,34,40,10339,28428
2023-08-21 14:57:08,36,40,10339,28428
2023-08-21 14:57:09,35,40,10339,28428
2023-08-21 14:57:22,35,39,10339,28428
2023-08-21 14:57:25,32,39,10339,28428
2023-08-21 14:57:25,34,39,10339,28428
2023-08-21 14:57:33,34,38,10339,28428
2023-08-21 14:57:34,33,38,10339,28428
2023-08-21 14:57:49,34,38,10339,28428
2023-08-21 14:57:49,34,39,10339,28428
2023-08-21 14:57:51,32,39,10339,28428
2023-08-21 14:57:51,35,39,10339,28428
2023-08-21 14:57:52,35,40,10339,28428
2023-08-21 14:58:00,36,40,10339,28428
2023-08-21 14:58:02,35,40,10339,28428
2023-08-21 14:58:24,34,40,10339,28428
2023-08-21 14:58:24,34,39,10339,28428
2023-08-21 14:58:38,34,38,10339,28428
2023-08-21 14:58:40,32,38,10339,28428
2023-08-21 14:58:40,33,38,10339,28428
2023-08-21 14:58:47,32,38,10339,28428
2023-08-21 14:58:47,34,40,10339,28428
2023-08-21 14:59:10,34,40,10339,28428
2023-08-21 14:59:14,34,39,10339,28428
2023-08-21 14:59:32,34,40,10339,28428
2023-08-21 14:59:32,34,38,10339,28428
2023-08-21 14:59:33,33,38,10339,28428
2023-08-21 14:59:37,34,38,10339,28428
2023-08-21 14:59:37,34,39,10339,28428
2023-08-21 14:59:54,35,39,10339,28428
2023-08-21 14:59:54,35,40,10339,28428
2023-08-21 15:00:00,34,40,10339,28428
2023-08-21 15:00:00,34,39,10339,28428
2023-08-21 15:00:01,36,39,10339,28428
2023-08-21 15:00:01,36,40,10339,28428
2023-08-21 15:00:05,37,40,10339,28428
2023-08-21 15:00:05,37,42,10339,28428
2023-08-21 15:00:13,38,42,10339,28428
2023-08-21 15:00:13,38,43,10339,28428
2023-08-21 15:00:21,39,43,10339,28428
2023-08-21 15:00:22,40,43,10339,28428
2023-08-21 15:00:23,39,43,10339,28428
2023-08-21 15:00:23,39,42,10339,28428
2023-08-21 15:00:24,39,43,10339,28428
2023-08-21 15:00:29,40,43,10339,28428
2023-08-21 15:00:33,40,44,10339,28428
2023-08-21 15:00:36,40,45,10339,28428
2023-08-21 15:00:38,40,44,10339,28428
2023-08-21 15:00:44,40,43,10339,28428
2023-08-21 15:00:44,39,43,10339,28428
2023-08-21 15:00:57,40,43,10339,28428
2023-08-21 15:01:00,40,44,10339,28428
2023-08-21 15:01:09,41,44,10339,28428
2023-08-21 15:01:11,42,44,10339,28428
2023-08-21 15:01:13,42,45,10339,28428
2023-08-21 15:01:20,41,45,10339,28428
2023-08-21 15:01:20,42,45,10339,28428
2023-08-21 15:01:21,43,45,10339,28428
2023-08-21 15:01:24,43,47,10339,28432
2023-08-21 15:01:24,43,48,10339,28432
2023-08-21 15:02:03,43,49,10339,28432
2023-08-21 15:02:03,43,47,10339,28432
2023-08-21 15:02:03,42,47,10339,28432
2023-08-21 15:02:04,42,49,10339,28432
2023-08-21 15:02:04,42,46,10339,28432
2023-08-21 15:02:06,42,47,10339,28432
2023-08-21 15:02:06,42,45,10339,28432
2023-08-21 15:02:07,40,45,10339,28432
2023-08-21 15:02:09,39,45,10339,28432
2023-08-21 15:02:10,40,45,10339,28432
2023-08-21 15:02:18,41,45,10339,28432
2023-08-21 15:02:18,41,46,10339,28432
2023-08-21 15:02:27,40,46,10339,28432
2023-08-21 15:02:28,40,49,10339,28432
2023-08-21 15:02:28,40,45,10339,28432
2023-08-21 15:02:43,40,46,10339,28432
2023-08-21 15:02:43,41,46,10339,28432
2023-08-21 15:02:46,41,47,10339,28432
2023-08-21 15:02:48,42,47,10339,28432
2023-08-21 15:02:51,43,47,10339,28432
2023-08-21 15:03:03,44,48,10339,28432
2023-08-21 15:03:03,44,49,10339,28432
2023-08-21 15:03:15,45,49,10339,28432
2023-08-21 15:03:15,45,50,10339,28432
2023-08-21 15:03:16,47,50,10339,28432
2023-08-21 15:03:17,48,50,10339,28432
2023-08-21 15:03:18,49,50,10339,28432
2023-08-21 15:03:19,50,54,10339,28435
2023-08-21 15:03:20,50,54,10351,28492
2023-08-21 15:03:20,51,54,10351,28492
2023-08-21 15:03:22,51,54,10331,28512
2023-08-21 15:03:34,49,54,10331,28512
2023-08-21 15:03:34,50,54,10331,28512
2023-08-21 15:03:35,49,54,10331,28512
2023-08-21 15:03:35,51,54,10331,28512
2023-08-21 15:03:36,49,54,10331,28512
2023-08-21 15:03:36,50,54,10331,28512
2023-08-21 15:03:37,50,53,10331,28512
2023-08-21 15:03:41,48,53,10331,28512
2023-08-21 15:03:41,49,53,10331,28512
2023-08-21 15:03:43,48,53,10331,28512
2023-08-21 15:03:44,48,55,10331,28512
2023-08-21 15:03:44,48,52,10331,28512
2023-08-21 15:03:46,47,52,10331,28512
2023-08-21 15:03:46,49,52,10331,28512
2023-08-21 15:03:49,49,53,10331,28512
2023-08-21 15:03:56,49,52,10331,28512
2023-08-21 15:03:58,47,52,10331,28512
2023-08-21 15:03:58,48,52,10331,28512
2023-08-21 15:04:01,48,51,10331,28512
2023-08-21 15:04:10,48,52,10331,28512
2023-08-21 15:04:16,46,52,10331,28512
2023-08-21 15:04:16,49,52,10331,28512
2023-08-21 15:04:16,49,53,10331,28512
2023-08-21 15:04:45,47,53,10331,28512
2023-08-21 15:04:45,48,53,10331,28512
2023-08-21 15:04:47,48,52,10331,28512
2023-08-21 15:04:56,48,51,10331,28512
2023-08-21 15:05:04,47,51,10331,28512
2023-08-21 15:05:04,49,51,10331,28512
2023-08-21 15:05:16,47,51,10331,28512
2023-08-21 15:05:16,50,51,10331,28512
2023-08-21 15:05:17,47,51,10331,28512
2023-08-21 15:05:17,49,51,10331,28512
2023-08-21 15:05:25,47,51,10331,28512
2023-08-21 15:05:25,50,51,10331,28512
2023-08-21 15:05:29,48,51,10331,28512
2023-08-21 15:05:29,47,51,10331,28512
2023-08-21 15:05:29,49,51,10331,28512
2023-08-21 15:05:36,47,51,10331,28512
2023-08-21 15:05:36,50,51,10331,28512
2023-08-21 15:05:39,49,51,10331,28512
2023-08-21 15:05:39,49,51,10294,28549
2023-08-21 15:05:39,49,51,10244,28599
2023-08-21 15:05:43,49,55,10244,28671
2023-08-21 15:05:49,51,55,10244,28671
2023-08-21 15:05:59,52,55,10244,28671
2023-08-21 15:06:02,53,55,10244,28671
2023-08-21 15:06:13,51,55,10244,28671
2023-08-21 15:06:54,51,54,10244,28671
2023-08-21 15:06:54,50,54,10244,28671
2023-08-21 15:06:54,49,54,10244,28671
2023-08-21 15:06:58,48,54,10244,28671
2023-08-21 15:06:58,48,53,10244,28671
2023-08-21 15:06:59,47,52,10244,28671
2023-08-21 15:07:04,47,53,10244,28671
2023-08-21 15:07:15,47,52,10244,28671
2023-08-21 15:07:17,46,52,10244,28671
2023-08-21 15:07:17,46,51,10244,28671
2023-08-21 15:07:18,45,51,10244,28671
2023-08-21 15:07:22,45,52,10244,28671
2023-08-21 15:07:22,45,50,10244,28671
2023-08-21 15:07:27,45,48,10244,28671
2023-08-21 15:07:29,44,48,10244,28671
2023-08-21 15:07:32,44,50,10244,28671
2023-08-21 15:07:36,44,49,10244,28671
2023-08-21 15:07:44,44,48,10244,28671
2023-08-21 15:07:45,44,50,10244,28671
2023-08-21 15:07:46,44,48,10244,28671
2023-08-21 15:07:52,44,50,10244,28671
2023-08-21 15:07:53,44,48,10244,28671
2023-08-21 15:07:55,44,47,10244,28671
2023-08-21 15:07:55,43,47,10244,28671
2023-08-21 15:08:02,42,47,10244,28671
2023-08-21 15:08:09,43,47,10244,28671
2023-08-21 15:08:14,44,47,10244,28671
2023-08-21 15:08:15,43,47,10244,28671
2023-08-21 15:08:15,43,47,10244,28723
2023-08-21 15:08:16,44,47,10244,28723
2023-08-21 15:08:19,44,48,10244,28723
2023-08-21 15:08:25,44,47,10244,28723
2023-08-21 15:08:27,43,47,10244,28723
2023-08-21 15:08:29,44,47,10244,28723
2023-08-21 15:08:31,44,48,10244,28723
2023-08-21 15:08:40,44,47,10244,28723
2023-08-21 15:08:42,43,47,10244,28723
2023-08-21 15:08:45,44,47,10244,28723
2023-08-21 15:08:46,44,48,10244,28723
2023-08-21 15:08:57,44,49,10244,28723
2023-08-21 15:08:57,44,50,10244,28723
2023-08-21 15:08:59,45,50,10244,28723
2023-08-21 15:09:07,45,51,10244,28723
2023-08-21 15:09:11,46,51,10244,28723
2023-08-21 15:09:13,46,53,10244,28723
2023-08-21 15:09:13,46,52,10244,28723
2023-08-21 15:09:15,47,52,10244,28723
2023-08-21 15:09:20,47,53,10244,28723
2023-08-21 15:09:21,48,53,10244,28723
2023-08-21 15:09:35,48,55,10244,28723
2023-08-21 15:09:36,49,54,10244,28723
2023-08-21 15:09:37,49,55,10244,28723
2023-08-21 15:09:44,49,54,10244,28723
2023-08-21 15:09:46,49,55,10244,28723
2023-08-21 15:09:48,49,54,10244,28723
2023-08-21 15:09:59,49,55,10244,28723
2023-08-21 15:09:59,49,53,10244,28723
2023-08-21 15:09:59,47,53,10244,28723
2023-08-21 15:09:59,48,53,10244,28723
2023-08-21 15:10:04,48,54,10244,28723
2023-08-21 15:10:04,48,52,10244,28723
2023-08-21 15:10:04,47,52,10244,28723
2023-08-21 15:10:06,46,52,10244,28723
2023-08-21 15:10:06,46,53,10244,28723
2023-08-21 15:10:06,46,51,10244,28723
2023-08-21 15:10:06,45,51,10244,28723
2023-08-21 15:10:06,46,51,10244,28723
2023-08-21 15:10:09,46,52,10244,28723
2023-08-21 15:10:13,46,53,10244,28723
2023-08-21 15:10:13,46,51,10244,28723
2023-08-21 15:10:14,45,51,10244,28723
2023-08-21 15:10:15,45,47,10244,28723
2023-08-21 15:10:15,44,47,10244,28723
2023-08-21 15:10:18,44,49,10244,28723
2023-08-21 15:10:19,44,50,10244,28723
2023-08-21 15:10:19,45,50,10244,28723
2023-08-21 15:10:22,45,48,10244,28723
2023-08-21 15:10:24,45,50,10244,28723
2023-08-21 15:10:25,45,51,10244,28723
2023-08-21 15:10:32,46,51,10244,28723
2023-08-21 15:10:37,46,53,10244,28723
2023-08-21 15:10:37,46,50,10244,28723
2023-08-21 15:10:37,45,50,10244,28723
2023-08-21 15:10:41,44,50,10244,28723
2023-08-21 15:10:43,44,55,10244,28723
2023-08-21 15:10:43,44,49,10244,28723
2023-08-21 15:10:45,43,49,10244,28723
2023-08-21 15:10:46,44,49,10244,28723
2023-08-21 15:10:49,44,50,10244,28723
2023-08-21 15:10:51,44,51,10244,28723
2023-08-21 15:10:51,44,49,10244,28723
2023-08-21 15:10:51,43,49,10244,28723
2023-08-21 15:10:51,44,49,10244,28723
2023-08-21 15:10:55,44,50,10244,28723
2023-08-21 15:10:58,44,51,10244,28723
2023-08-21 15:10:58,43,49,10244,28723
2023-08-21 15:10:58,44,49,10244,28723
2023-08-21 15:11:10,43,49,10244,28723
2023-08-21 15:11:13,43,48,10244,28723
2023-08-21 15:11:16,43,49,10244,28723
2023-08-21 15:11:27,43,48,10244,28723
2023-08-21 15:11:32,42,48,10244,28723
2023-08-21 15:11:39,42,49,10244,28723
2023-08-21 15:11:39,42,47,10244,28723
2023-08-21 15:11:39,41,47,10244,28723
2023-08-21 15:11:40,42,47,10244,28723
2023-08-21 15:11:42,41,47,10244,28723
2023-08-21 15:11:50,42,47,10244,28723
2023-08-21 15:11:52,43,48,10244,28723
2023-08-21 15:11:53,43,49,10244,28723
2023-08-21 15:11:56,43,48,10244,28723
2023-08-21 15:12:02,42,48,10244,28723
2023-08-21 15:12:12,43,48,10244,28723
2023-08-21 15:12:17,44,48,10244,28723
2023-08-21 15:12:18,45,48,10244,28723
2023-08-21 15:12:19,45,51,10244,28723
2023-08-21 15:12:22,46,51,10244,28723
2023-08-21 15:12:26,47,51,10244,28723
2023-08-21 15:12:26,48,51,10244,28723
2023-08-21 15:12:27,48,53,10244,28723
2023-08-21 15:12:41,48,54,10244,28723
2023-08-21 15:12:43,49,54,10244,28723
2023-08-21 15:12:45,49,55,10244,28723
2023-08-21 15:12:50,50,55,10244,28723
2023-08-21 15:12:54,51,55,10244,28723
2023-08-21 15:12:56,52,55,10244,28723
2023-08-21 15:12:59,53,55,10244,28723
2023-08-21 15:13:00,51,55,10244,28723
2023-08-21 15:13:00,52,55,10244,28723
2023-08-21 15:13:09,52,57,10247,28726
2023-08-21 15:13:21,52,56,10247,28726
2023-08-21 15:13:21,51,56,10247,28726
2023-08-21 15:13:35,51,57,10247,28726
2023-08-21 15:13:37,51,58,10247,28726
2023-08-21 15:13:37,51,56,10247,28726
2023-08-21 15:13:39,51,57,10322,28801
2023-08-21 15:13:40,52,57,10322,28801
2023-08-21 15:13:47,51,57,10322,28801
2023-08-21 15:13:47,51,55,10322,28801
2023-08-21 15:13:49,49,55,10322,28801
2023-08-21 15:13:49,50,55,10322,28801
2023-08-21 15:13:51,49,55,10322,28801
2023-08-21 15:13:51,51,55,10322,28801
2023-08-21 15:13:57,51,56,10322,28801
2023-08-21 15:13:57,51,55,10322,28801
2023-08-21 15:14:00,49,55,10322,28801
2023-08-21 15:14:00,52,55,10322,28801
2023-08-21 15:14:05,52,56,10322,28801
2023-08-21 15:14:09,52,57,10322,28801
2023-08-21 15:14:11,51,57,10322,28801
2023-08-21 15:14:11,53,57,10322,28801
2023-08-21 15:14:16,53,58,10322,28801
2023-08-21 15:14:20,53,57,10322,28801
2023-08-21 15:14:23,53,58,10322,28801
2023-08-21 15:14:24,53,57,10322,28801
2023-08-21 15:14:25,51,57,10322,28801
2023-08-21 15:14:25,52,57,10322,28801
2023-08-21 15:14:27,52,56,10322,28801
2023-08-21 15:14:29,49,56,10322,28801
2023-08-21 15:14:29,49,55,10322,28801
2023-08-21 15:14:29,50,55,10322,28801
2023-08-21 15:14:29,50,54,10322,28801
2023-08-21 15:14:33,49,54,10322,28801
2023-08-21 15:14:33,49,56,10322,28801
2023-08-21 15:14:33,51,56,10322,28801
2023-08-21 15:14:33,51,55,10322,28801
2023-08-21 15:14:34,49,55,10322,28801
2023-08-21 15:14:34,52,55,10322,28801
2023-08-21 15:14:35,52,57,10322,28801
2023-08-21 15:14:35,52,56,10322,28801
2023-08-21 15:14:37,50,56,10322,28801
2023-08-21 15:14:37,53,56,10322,28801
2023-08-21 15:14:38,53,58,10322,28801
2023-08-21 15:14:38,53,57,10322,28801
2023-08-21 15:14:39,51,57,10322,28801
2023-08-21 15:14:39,54,57,10322,28801
2023-08-21 15:14:39,54,59,10322,28801
2023-08-21 15:14:39,54,58,10322,28801
2023-08-21 15:14:45,51,58,10322,28801
2023-08-21 15:14:45,53,58,10322,28801
2023-08-21 15:14:47,53,57,10322,28801
2023-08-21 15:14:52,53,57,10344,28823
2023-08-21 15:14:52,51,57,10344,28823
2023-08-21 15:14:52,52,57,10344,28823
2023-08-21 15:14:55,51,57,10344,28823
2023-08-21 15:14:55,53,57,10344,28823
2023-08-21 15:14:59,53,59,10344,28823
2023-08-21 15:14:59,53,57,10344,28823
2023-08-21 15:15:02,51,57,10344,28823
2023-08-21 15:15:02,54,57,10344,28823
2023-08-21 15:15:04,54,59,10344,28823
2023-08-21 15:15:04,54,58,10344,28823
2023-08-21 15:15:09,53,58,10344,28823
2023-08-21 15:15:09,55,58,10344,28823
2023-08-21 15:15:09,55,60,10344,28823
2023-08-21 15:15:09,55,59,10344,28823
2023-08-21 15:15:10,53,59,10344,28823
2023-08-21 15:15:10,56,59,10344,28823
2023-08-21 15:15:11,54,59,10344,28823
2023-08-21 15:15:11,54,60,10344,28823
2023-08-21 15:15:11,57,60,10344,28823
2023-08-21 15:15:13,55,60,10344,28823
2023-08-21 15:15:13,58,60,10344,28823
2023-08-21 15:15:25,56,60,10344,28823
2023-08-21 15:15:25,59,60,10344,28823
2023-08-21 15:15:26,58,60,10344,28823
2023-08-21 15:15:26,60,64,10344,28826
2023-08-21 15:15:29,62,64,10344,28826
2023-08-21 15:15:31,60,64,10344,28826
2023-08-21 15:15:31,61,64,10344,28826
2023-08-21 15:15:36,58,64,10344,28826
2023-08-21 15:15:36,60,64,10344,28826
2023-08-21 15:15:38,57,64,10344,28826
2023-08-21 15:15:38,56,64,10344,28826
2023-08-21 15:15:38,59,64,10344,28826
2023-08-21 15:15:38,59,63,10344,28826
2023-08-21 15:15:40,58,63,10344,28826
2023-08-21 15:15:40,60,63,10344,28826
2023-08-21 15:15:40,60,64,10344,28826
2023-08-21 15:15:42,58,64,10344,28826
2023-08-21 15:15:42,61,64,10344,28826
2023-08-21 15:15:53,59,64,10344,28826
2023-08-21 15:15:53,62,64,10344,28826
2023-08-21 15:15:55,60,64,10344,28826
2023-08-21 15:15:55,63,64,10344,28826
2023-08-21 15:16:00,60,64,10344,28826
2023-08-21 15:16:00,62,64,10344,28826
2023-08-21 15:16:03,60,64,10344,28826
2023-08-21 15:16:03,61,64,10344,28826
2023-08-21 15:16:07,61,64,10344,28876
2023-08-21 15:16:10,58,64,10344,28876
2023-08-21 15:16:10,59,64,10344,28876
2023-08-21 15:16:14,58,64,10344,28876
2023-08-21 15:16:14,60,64,10344,28876
2023-08-21 15:16:21,58,64,10344,28876
2023-08-21 15:16:21,59,64,10344,28876
2023-08-21 15:16:21,59,63,10344,28876
2023-08-21 15:16:27,57,63,10344,28876
2023-08-21 15:16:27,60,63,10344,28876
2023-08-21 15:16:28,60,64,10344,28876
2023-08-21 15:16:32,58,64,10344,28876
2023-08-21 15:16:32,61,64,10344,28876
2023-08-21 15:16:37,59,64,10344,28876
2023-08-21 15:16:37,62,64,10344,28876
2023-08-21 15:16:48,60,64,10344,28876
2023-08-21 15:16:48,63,64,10344,28876
2023-08-21 15:16:51,60,64,10344,28876
2023-08-21 15:16:51,62,64,10344,28876
2023-08-21 15:16:52,62,64,10344,29076
2023-08-21 15:17:01,60,64,10344,29076
2023-08-21 15:17:01,59,64,10344,29076
2023-08-21 15:17:01,60,64,10344,29076
2023-08-21 15:17:03,60,64,10332,29093
2023-08-21 15:17:11,60,64,10332,29105
2023-08-21 15:17:13,61,64,10332,29105
2023-08-21 15:17:13,61,63,10332,29105
2023-08-21 15:17:14,60,63,10332,29105
2023-08-21 15:17:14,60,62,10332,29105
2023-08-21 15:17:15,60,63,10332,29105
2023-08-21 15:17:15,61,63,10332,29105
2023-08-21 15:17:16,60,63,10332,29105
2023-08-21 15:17:16,60,62,10332,29105
2023-08-21 15:17:17,61,62,10332,29105
2023-08-21 15:17:17,61,63,10332,29105
2023-08-21 15:17:18,60,63,10332,29105
2023-08-21 15:17:18,60,62,10332,29105
2023-08-21 15:17:20,60,63,10332,29105
2023-08-21 15:17:20,61,63,10332,29105
2023-08-21 15:17:37,61,64,10332,29105
2023-08-21 15:17:38,59,64,10332,29105
2023-08-21 15:17:38,62,64,10332,29105
2023-08-21 15:17:39,63,64,10332,29105
2023-08-21 15:17:52,63,64,10332,29505
2023-08-21 15:17:54,63,64,10332,29905
2023-08-21 15:17:55,63,67,10332,30105
2023-08-21 15:17:55,64,67,10332,30105
2023-08-21 15:17:56,65,67,10332,30105
2023-08-21 15:17:56,64,67,10533,30306
2023-08-21 15:17:57,65,67,10533,30306
2023-08-21 15:18:07,64,67,10533,30306
2023-08-21 15:18:07,64,66,10533,30306
2023-08-21 15:18:14,64,67,10533,30306
2023-08-21 15:18:17,64,68,10533,30306
2023-08-21 15:18:22,65,68,10533,30306
2023-08-21 15:18:24,65,67,10533,30306
2023-08-21 15:18:24,64,67,10533,30306
2023-08-21 15:18:34,64,68,10533,30306
2023-08-21 15:18:34,65,68,10533,30306
2023-08-21 15:18:35,64,68,10533,30306
2023-08-21 15:18:35,66,68,10533,30306
2023-08-21 15:18:37,64,68,10533,30306
2023-08-21 15:18:37,65,68,10533,30306
2023-08-21 15:18:38,65,67,10533,30306
2023-08-21 15:18:39,65,68,10533,30306
