datetime,bid,ask,open_interest,volume
2023-07-31 09:31:00,20,24,571,892
2023-07-31 09:31:00,21,24,571,892
2023-07-31 09:31:01,22,24,571,892
2023-07-31 09:31:04,21,24,571,892
2023-07-31 09:31:08,22,24,571,892
2023-07-31 09:31:10,21,24,571,892
2023-07-31 09:31:17,22,24,571,892
2023-07-31 09:31:18,21,24,571,892
2023-07-31 09:31:20,22,24,571,892
2023-07-31 09:31:21,21,24,571,892
2023-07-31 09:31:25,22,24,571,892
2023-07-31 09:31:42,21,24,571,892
2023-07-31 09:31:44,22,24,571,892
2023-07-31 09:31:45,21,24,571,892
2023-07-31 09:31:52,22,24,571,892
2023-07-31 09:31:54,21,24,571,892
2023-07-31 09:31:59,22,24,571,892
2023-07-31 09:32:01,22,26,571,892
2023-07-31 09:32:01,22,25,571,892
2023-07-31 09:32:17,23,25,571,892
2023-07-31 09:32:19,23,26,571,892
2023-07-31 09:32:23,24,26,571,892
2023-07-31 09:32:23,24,27,571,892
2023-07-31 09:32:27,24,28,571,892
2023-07-31 09:32:27,24,27,571,892
2023-07-31 09:32:34,23,27,571,892
2023-07-31 09:32:37,24,27,571,892
2023-07-31 09:32:40,24,28,571,892
2023-07-31 09:32:50,25,28,571,892
2023-07-31 09:32:57,26,28,571,892
2023-07-31 09:32:59,26,29,571,892
2023-07-31 09:33:05,26,28,571,892
2023-07-31 09:33:06,26,29,571,892
2023-07-31 09:33:17,26,28,571,892
2023-07-31 09:33:20,26,29,571,892
2023-07-31 09:33:29,27,29,571,892
2023-07-31 09:33:29,27,30,571,892
2023-07-31 09:33:29,27,29,571,892
2023-07-31 09:33:31,26,29,571,892
2023-07-31 09:33:37,27,29,571,892
2023-07-31 09:33:41,26,29,571,892
2023-07-31 09:33:44,27,29,571,892
2023-07-31 09:33:46,26,29,571,892
2023-07-31 09:33:50,26,28,571,892
2023-07-31 09:33:51,25,28,571,892
2023-07-31 09:33:54,25,27,571,892
2023-07-31 09:33:55,24,27,571,892
2023-07-31 09:34:04,24,26,571,892
2023-07-31 09:34:04,23,26,571,892
2023-07-31 09:34:05,23,25,571,892
2023-07-31 09:34:13,22,25,571,892
2023-07-31 09:34:17,23,25,571,892
2023-07-31 09:34:18,22,25,571,892
2023-07-31 09:34:21,22,24,571,892
2023-07-31 09:34:22,21,24,571,892
2023-07-31 09:34:30,22,24,571,892
2023-07-31 09:34:31,22,25,571,892
2023-07-31 09:34:42,22,24,571,892
2023-07-31 09:34:42,21,24,571,892
2023-07-31 09:34:46,22,24,571,892
2023-07-31 09:34:47,22,25,571,892
2023-07-31 09:34:50,22,24,571,892
2023-07-31 09:34:53,22,24,571,892
2023-07-31 09:34:55,21,24,571,892
2023-07-31 09:34:59,21,23,571,892
2023-07-31 09:35:01,21,24,571,892
2023-07-31 09:35:10,22,24,571,892
2023-07-31 09:35:11,21,24,571,892
2023-07-31 09:35:17,22,24,571,892
2023-07-31 09:35:18,22,25,571,892
2023-07-31 09:35:19,22,24,571,892
2023-07-31 09:35:29,23,24,571,892
2023-07-31 09:35:29,23,25,571,892
2023-07-31 09:35:35,23,26,571,892
2023-07-31 09:35:40,24,26,571,892
2023-07-31 09:35:44,24,27,571,892
2023-07-31 09:35:54,25,27,571,892
2023-07-31 09:35:57,24,27,571,892
2023-07-31 09:36:01,24,26,571,892
2023-07-31 09:36:03,23,26,571,892
2023-07-31 09:36:11,24,26,571,892
2023-07-31 09:36:11,24,27,571,892
2023-07-31 09:36:11,24,26,571,892
2023-07-31 09:36:14,23,26,571,892
2023-07-31 09:36:21,24,26,571,892
2023-07-31 09:36:23,23,26,571,892
2023-07-31 09:36:23,23,25,571,892
2023-07-31 09:36:25,22,25,571,892
2023-07-31 09:36:30,21,25,571,892
2023-07-31 09:36:30,21,24,571,892
2023-07-31 09:36:31,21,22,571,892
2023-07-31 09:36:39,22,24,574,895
2023-07-31 09:36:40,21,24,574,895
2023-07-31 09:36:52,21,23,574,895
2023-07-31 09:36:53,22,23,574,895
2023-07-31 09:37:02,22,24,574,895
2023-07-31 09:37:21,22,25,574,895
2023-07-31 09:37:21,22,24,574,895
2023-07-31 09:37:56,22,26,574,895
2023-07-31 09:37:56,22,25,574,895
2023-07-31 09:37:59,23,25,574,895
2023-07-31 09:38:09,23,27,574,895
2023-07-31 09:38:09,23,26,574,895
2023-07-31 09:38:11,24,26,574,895
2023-07-31 09:38:13,23,26,574,895
2023-07-31 09:38:15,24,26,574,895
2023-07-31 09:38:17,23,26,574,895
2023-07-31 09:38:19,24,26,574,895
2023-07-31 09:38:20,24,27,574,895
2023-07-31 09:39:11,25,27,574,895
2023-07-31 09:39:11,25,28,574,895
2023-07-31 09:39:12,25,27,574,895
2023-07-31 09:39:26,25,28,574,895
2023-07-31 09:39:28,26,28,574,895
2023-07-31 09:39:31,26,29,574,895
2023-07-31 09:39:31,26,28,574,895
2023-07-31 09:39:35,25,28,574,895
2023-07-31 09:39:38,26,28,574,895
2023-07-31 09:39:41,25,28,574,895
2023-07-31 09:40:03,25,27,574,895
2023-07-31 09:40:06,25,28,574,895
2023-07-31 09:40:10,26,28,574,895
2023-07-31 09:40:10,26,29,574,895
2023-07-31 09:40:10,26,28,574,895
2023-07-31 09:40:12,26,29,574,895
2023-07-31 09:40:14,27,29,574,895
2023-07-31 09:40:15,26,29,574,895
2023-07-31 09:40:26,27,29,574,895
2023-07-31 09:40:26,27,30,574,895
2023-07-31 09:40:26,27,29,574,895
2023-07-31 09:40:28,26,29,574,895
2023-07-31 09:40:35,27,29,574,895
2023-07-31 09:41:01,26,29,574,895
2023-07-31 09:41:08,27,29,574,895
2023-07-31 09:41:12,26,29,574,895
2023-07-31 09:41:19,25,29,574,895
2023-07-31 09:41:22,26,29,574,895
2023-07-31 09:41:39,25,29,574,895
2023-07-31 09:41:39,25,28,574,895
2023-07-31 09:41:55,25,27,574,895
2023-07-31 09:42:02,25,28,574,895
2023-07-31 09:42:13,25,27,574,895
2023-07-31 09:42:16,25,28,574,895
2023-07-31 09:42:18,26,28,574,895
2023-07-31 09:42:19,26,29,574,895
2023-07-31 09:42:31,27,29,574,895
2023-07-31 09:42:31,27,30,574,895
2023-07-31 09:42:48,27,29,574,895
2023-07-31 09:42:53,27,30,574,895
2023-07-31 09:42:57,27,29,574,895
2023-07-31 09:43:04,27,30,574,895
2023-07-31 09:43:07,28,30,574,895
2023-07-31 09:43:08,27,30,574,895
2023-07-31 09:43:08,27,29,574,895
2023-07-31 09:43:09,26,29,574,895
2023-07-31 09:43:10,27,29,574,895
2023-07-31 09:43:15,27,30,574,895
2023-07-31 09:43:39,28,30,574,895
2023-07-31 09:43:46,27,30,574,895
2023-07-31 09:43:51,28,30,574,895
2023-07-31 09:44:04,29,30,574,895
2023-07-31 09:44:07,28,30,574,895
2023-07-31 09:44:12,29,30,574,895
2023-07-31 09:44:18,30,32,575,896
2023-07-31 09:44:19,30,33,575,896
2023-07-31 09:44:26,29,33,575,896
2023-07-31 09:44:26,29,32,575,896
2023-07-31 09:44:31,30,32,575,896
2023-07-31 09:44:34,29,32,575,896
2023-07-31 09:44:57,28,32,575,896
2023-07-31 09:45:01,29,32,575,896
2023-07-31 09:45:02,29,31,575,896
2023-07-31 09:45:02,29,32,575,896
2023-07-31 09:45:09,30,32,575,896
2023-07-31 09:45:09,30,33,575,896
2023-07-31 09:45:32,31,33,575,896
2023-07-31 09:45:33,30,33,575,896
2023-07-31 09:45:38,30,32,575,896
2023-07-31 09:45:39,29,32,575,896
2023-07-31 09:45:54,30,32,575,896
2023-07-31 09:45:55,30,33,575,896
2023-07-31 09:45:59,31,33,575,896
2023-07-31 09:46:01,31,34,575,896
2023-07-31 09:46:06,30,34,575,896
2023-07-31 09:46:07,30,33,575,896
2023-07-31 09:46:20,30,32,575,896
2023-07-31 09:46:20,29,32,575,896
2023-07-31 09:46:24,29,31,575,896
2023-07-31 09:46:29,28,31,575,896
2023-07-31 09:46:31,29,31,575,896
2023-07-31 09:46:33,28,31,575,896
2023-07-31 09:46:35,29,31,575,896
2023-07-31 09:46:41,29,32,575,896
2023-07-31 09:46:44,30,32,575,896
2023-07-31 09:46:44,30,33,575,896
2023-07-31 09:46:55,30,32,575,896
2023-07-31 09:46:55,29,32,575,896
2023-07-31 09:46:58,30,32,575,896
2023-07-31 09:46:59,30,33,575,896
2023-07-31 09:47:04,29,33,575,896
2023-07-31 09:47:04,29,32,575,896
2023-07-31 09:47:08,29,31,575,896
2023-07-31 09:47:14,28,31,575,896
2023-07-31 09:47:22,28,32,575,896
2023-07-31 09:47:22,28,31,575,896
2023-07-31 09:47:23,29,31,575,896
2023-07-31 09:47:33,29,32,575,896
2023-07-31 09:47:39,28,32,575,896
2023-07-31 09:47:39,28,31,575,896
2023-07-31 09:47:45,28,30,575,896
2023-07-31 09:47:55,29,30,575,896
2023-07-31 09:47:59,29,30,575,1146
2023-07-31 09:48:02,29,30,773,1396
2023-07-31 09:48:07,29,30,1023,1646
2023-07-31 09:48:09,29,32,1273,1896
2023-07-31 09:48:17,28,32,1273,1896
2023-07-31 09:48:19,28,31,1273,1896
2023-07-31 09:48:24,27,31,1273,1896
2023-07-31 09:48:24,27,30,1273,1896
2023-07-31 09:48:31,28,30,1273,1896
2023-07-31 09:48:44,27,30,1273,1896
2023-07-31 09:48:56,26,30,1273,1896
2023-07-31 09:48:57,27,30,1273,1896
2023-07-31 09:49:07,27,31,1273,1896
2023-07-31 09:49:10,27,30,1273,1896
2023-07-31 09:49:18,27,29,1273,1896
2023-07-31 09:49:27,27,29,1523,2146
2023-07-31 09:49:29,26,29,1523,2146
2023-07-31 09:50:01,27,29,1523,2146
2023-07-31 09:50:03,27,30,1523,2146
2023-07-31 09:50:11,28,30,1523,2146
2023-07-31 09:50:22,27,30,1523,2146
2023-07-31 09:50:27,28,30,1523,2146
2023-07-31 09:50:52,27,30,1523,2146
2023-07-31 09:50:56,28,30,1523,2146
2023-07-31 09:51:26,29,30,1523,2146
2023-07-31 09:51:32,29,30,1773,2396
2023-07-31 09:51:37,29,30,2023,2646
2023-07-31 09:51:41,29,32,2273,2896
2023-07-31 09:52:06,29,33,2273,2896
2023-07-31 09:52:12,29,32,2273,2896
2023-07-31 09:52:18,30,32,2273,2896
2023-07-31 09:52:18,30,33,2273,2896
2023-07-31 09:52:23,29,33,2273,2896
2023-07-31 09:52:23,29,32,2273,2896
2023-07-31 09:52:26,29,33,2273,2896
2023-07-31 09:52:29,30,33,2273,2896
2023-07-31 09:52:53,29,33,2273,2896
2023-07-31 09:52:53,29,32,2273,2896
2023-07-31 09:53:11,28,32,2273,2896
2023-07-31 09:53:11,28,31,2273,2896
2023-07-31 09:53:13,28,30,2273,2896
2023-07-31 09:53:14,29,30,2273,2896
2023-07-31 09:53:26,29,30,2273,2946
2023-07-31 09:53:28,27,30,2273,2946
2023-07-31 09:53:30,28,30,2273,2946
2023-07-31 09:53:31,29,30,2273,2946
2023-07-31 09:53:31,29,30,2273,2996
2023-07-31 09:53:35,28,30,2273,2996
2023-07-31 09:53:35,28,29,2273,2996
2023-07-31 09:53:36,26,29,2273,2996
2023-07-31 09:53:37,27,29,2273,2996
2023-07-31 09:53:38,28,29,2273,2996
2023-07-31 09:53:47,27,29,2273,2996
2023-07-31 09:53:58,25,29,2273,2996
2023-07-31 09:54:00,26,29,2273,2996
2023-07-31 09:54:01,27,29,2273,2996
2023-07-31 09:54:02,27,28,2273,2996
2023-07-31 09:54:03,26,28,2273,2996
2023-07-31 09:54:03,25,28,2273,2996
2023-07-31 09:54:03,24,28,2273,2996
2023-07-31 09:54:04,25,28,2273,2996
2023-07-31 09:54:06,26,28,2273,2996
2023-07-31 09:54:08,25,28,2273,2996
2023-07-31 09:54:09,24,28,2273,2996
2023-07-31 09:54:12,25,28,2273,2996
2023-07-31 09:54:14,24,28,2273,2996
2023-07-31 09:54:16,25,28,2273,2996
2023-07-31 09:54:16,25,27,2273,2996
2023-07-31 09:54:26,25,28,2273,2996
2023-07-31 09:54:54,25,27,2273,2996
2023-07-31 09:55:01,24,27,2273,2996
2023-07-31 09:55:01,24,26,2273,2996
2023-07-31 09:55:04,23,26,2273,2996
2023-07-31 09:55:06,23,25,2273,2996
2023-07-31 09:55:06,22,25,2273,2996
2023-07-31 09:55:10,23,25,2273,2996
2023-07-31 09:55:11,24,25,2273,2996
2023-07-31 09:55:14,24,25,2273,3096
2023-07-31 09:55:16,23,25,2273,3096
2023-07-31 09:55:16,23,24,2273,3096
2023-07-31 09:55:17,22,24,2273,3096
2023-07-31 09:55:20,23,24,2273,3096
2023-07-31 09:55:21,22,24,2273,3096
2023-07-31 09:55:45,23,24,2273,3096
2023-07-31 09:55:51,22,24,2273,3096
2023-07-31 09:55:51,22,24,2269,3296
2023-07-31 09:55:51,21,22,2369,3446
2023-07-31 09:55:51,19,22,2369,3446
2023-07-31 09:55:52,19,21,2369,3446
2023-07-31 09:55:52,19,20,2369,3446
2023-07-31 09:55:57,18,20,2369,3546
2023-07-31 09:55:57,18,19,2369,3546
2023-07-31 09:56:00,17,19,2369,3746
2023-07-31 09:56:02,16,19,2469,4046
2023-07-31 09:56:10,17,19,2469,4046
2023-07-31 09:56:11,18,19,2469,4046
2023-07-31 09:56:16,18,20,2469,4046
2023-07-31 09:56:32,18,21,2469,4046
2023-07-31 09:56:36,18,20,2469,4046
2023-07-31 09:56:37,18,19,2469,4046
2023-07-31 09:56:38,17,19,2469,4046
2023-07-31 09:56:38,17,19,2469,4055
2023-07-31 09:56:41,16,19,2469,4055
2023-07-31 09:56:47,17,19,2469,4055
2023-07-31 09:56:51,18,19,2469,4055
2023-07-31 09:56:54,17,19,2469,4055
2023-07-31 09:56:56,16,19,2469,4055
2023-07-31 09:57:00,16,18,2469,4055
2023-07-31 09:57:01,16,17,2469,4055
2023-07-31 09:57:02,15,17,2619,4205
2023-07-31 09:57:03,15,17,3019,4605
2023-07-31 09:57:04,15,16,3019,4605
2023-07-31 09:57:04,14,16,3119,4705
2023-07-31 09:57:06,14,17,3119,4705
2023-07-31 09:57:14,15,17,3119,4705
2023-07-31 09:57:20,14,17,3119,4705
2023-07-31 09:57:25,15,17,3119,4705
2023-07-31 09:57:26,14,17,3119,4705
2023-07-31 09:57:30,15,17,3119,4705
2023-07-31 09:57:33,16,17,3119,4705
2023-07-31 09:57:34,15,17,3119,4705
2023-07-31 09:57:42,14,17,3119,4705
2023-07-31 09:57:50,14,16,3119,4705
2023-07-31 09:57:58,14,17,3119,4705
2023-07-31 09:58:04,14,16,3119,4705
2023-07-31 09:58:05,14,15,3119,4705
2023-07-31 09:58:12,14,16,3119,4705
2023-07-31 09:58:17,14,15,3119,4705
2023-07-31 09:58:19,13,15,3173,4905
2023-07-31 09:58:28,13,16,3173,4905
2023-07-31 09:59:30,14,16,3173,4905
2023-07-31 09:59:32,13,16,3173,4905
2023-07-31 09:59:33,14,16,3173,4905
2023-07-31 09:59:34,14,17,3173,4905
2023-07-31 09:59:41,15,17,3173,4905
2023-07-31 09:59:50,16,17,3173,4905
2023-07-31 10:00:00,16,17,3373,5105
2023-07-31 10:00:09,16,17,3623,5355
2023-07-31 10:00:13,16,17,3873,5605
2023-07-31 10:00:15,15,17,3873,5605
2023-07-31 10:00:17,15,18,4173,5905
2023-07-31 10:00:39,15,17,4173,5905
2023-07-31 10:01:00,15,16,4173,5905
2023-07-31 10:01:01,15,17,4173,5905
2023-07-31 10:01:25,15,16,4173,5905
2023-07-31 10:01:34,13,16,4373,6105
2023-07-31 10:01:39,14,16,4373,6105
2023-07-31 10:01:39,14,17,4373,6105
2023-07-31 10:01:49,15,17,4373,6105
2023-07-31 10:01:50,16,17,4373,6105
2023-07-31 10:01:52,16,18,4373,6105
2023-07-31 10:02:08,15,18,4373,6105
2023-07-31 10:02:13,16,18,4373,6105
2023-07-31 10:02:19,15,18,4373,6105
2023-07-31 10:02:20,15,17,4373,6105
2023-07-31 10:02:25,14,17,4373,6105
2023-07-31 10:02:29,15,17,4373,6105
2023-07-31 10:02:37,14,17,4373,6105
2023-07-31 10:02:50,15,17,4373,6105
2023-07-31 10:02:53,14,17,4373,6105
2023-07-31 10:03:01,14,16,4373,6105
2023-07-31 10:03:02,14,17,4373,6105
2023-07-31 10:03:03,14,16,4373,6105
2023-07-31 10:03:13,15,16,4373,6105
2023-07-31 10:03:17,15,18,4373,6105
2023-07-31 10:03:18,16,18,4373,6105
2023-07-31 10:03:19,16,17,4373,6105
2023-07-31 10:03:22,14,17,4373,6105
2023-07-31 10:03:26,14,16,4373,6105
2023-07-31 10:03:30,15,16,4373,6105
2023-07-31 10:03:33,15,17,4373,6105
2023-07-31 10:03:35,14,17,4373,6105
2023-07-31 10:03:36,14,16,4373,6105
2023-07-31 10:03:37,14,17,4373,6105
2023-07-31 10:03:43,14,16,4373,6105
2023-07-31 10:04:00,14,17,4373,6105
2023-07-31 10:04:01,15,17,4373,6105
2023-07-31 10:04:18,15,18,4373,6105
2023-07-31 10:04:21,15,17,4373,6105
2023-07-31 10:04:22,15,18,4373,6105
2023-07-31 10:04:42,16,18,4373,6105
2023-07-31 10:05:08,17,18,4373,6105
2023-07-31 10:05:10,17,18,4373,6505
2023-07-31 10:05:13,17,18,4373,6905
2023-07-31 10:05:17,17,18,4623,7155
2023-07-31 10:05:19,17,18,4873,7405
2023-07-31 10:05:20,17,18,4873,7805
2023-07-31 10:05:21,17,20,5023,8105
2023-07-31 10:05:35,17,19,5023,8105
2023-07-31 10:05:36,17,20,5023,8105
2023-07-31 10:05:37,17,19,5023,8105
2023-07-31 10:05:46,17,20,5023,8105
2023-07-31 10:05:49,17,19,5023,8105
2023-07-31 10:05:55,17,20,5023,8105
2023-07-31 10:05:58,17,19,5023,8105
2023-07-31 10:05:58,16,19,5023,8105
2023-07-31 10:06:01,17,19,5023,8105
2023-07-31 10:06:06,16,19,5023,8105
2023-07-31 10:06:11,16,20,5023,8105
2023-07-31 10:06:12,17,20,5023,8105
2023-07-31 10:06:16,17,19,5023,8105
2023-07-31 10:06:16,16,19,5023,8105
2023-07-31 10:06:17,16,18,5023,8105
2023-07-31 10:06:20,16,19,5023,8105
2023-07-31 10:06:40,17,19,5023,8105
2023-07-31 10:06:43,17,20,5023,8105
2023-07-31 10:06:44,17,19,5023,8105
2023-07-31 10:06:51,17,20,5023,8105
2023-07-31 10:06:56,17,20,5023,8146
2023-07-31 10:06:59,17,19,5023,8146
2023-07-31 10:07:02,17,20,5023,8146
2023-07-31 10:07:03,18,20,5023,8146
2023-07-31 10:07:42,18,20,5423,8546
2023-07-31 10:07:43,18,20,5823,8946
2023-07-31 10:08:01,19,20,5823,8946
2023-07-31 10:08:08,19,21,6023,9146
2023-07-31 10:08:11,19,22,6023,9146
2023-07-31 10:08:12,20,22,6023,9146
2023-07-31 10:08:27,19,22,6023,9146
2023-07-31 10:08:59,20,22,6023,9146
2023-07-31 10:09:02,19,22,6023,9146
2023-07-31 10:09:32,19,21,6023,9146
2023-07-31 10:09:33,19,22,6023,9146
2023-07-31 10:09:38,19,21,6023,9146
2023-07-31 10:09:45,19,22,6023,9146
2023-07-31 10:10:20,20,22,6023,9146
2023-07-31 10:10:21,19,22,6023,9146
2023-07-31 10:10:21,19,21,6023,9146
2023-07-31 10:10:23,19,22,6023,9146
2023-07-31 10:10:25,19,21,6023,9146
2023-07-31 10:10:27,19,22,6023,9146
2023-07-31 10:10:28,19,21,6023,9146
2023-07-31 10:10:32,18,21,6023,9146
2023-07-31 10:10:38,19,21,6023,9146
2023-07-31 10:10:39,19,22,6023,9146
2023-07-31 10:10:43,19,21,6023,9146
2023-07-31 10:10:45,19,22,6023,9146
2023-07-31 10:10:53,19,21,6023,9146
2023-07-31 10:10:56,19,22,6023,9146
2023-07-31 10:10:58,19,21,6023,9146
2023-07-31 10:11:04,18,21,6023,9146
2023-07-31 10:11:22,18,20,6023,9146
2023-07-31 10:11:24,18,21,6023,9146
2023-07-31 10:11:25,18,20,6023,9146
2023-07-31 10:11:42,18,21,6023,9146
2023-07-31 10:11:47,19,21,6023,9146
2023-07-31 10:11:48,19,22,6023,9146
2023-07-31 10:11:50,20,22,6023,9146
2023-07-31 10:11:51,19,22,6023,9146
2023-07-31 10:12:00,20,22,6023,9146
2023-07-31 10:12:02,20,23,6023,9346
2023-07-31 10:12:10,20,22,6023,9346
2023-07-31 10:12:18,19,22,6023,9346
2023-07-31 10:13:19,19,21,6023,9346
2023-07-31 10:13:27,18,21,6023,9346
2023-07-31 10:13:29,19,21,6023,9346
2023-07-31 10:13:45,18,21,6023,9346
2023-07-31 10:13:55,19,21,6023,9346
2023-07-31 10:13:57,18,21,6023,9346
2023-07-31 10:14:04,19,21,6023,9346
2023-07-31 10:14:07,18,21,6023,9346
2023-07-31 10:14:18,19,21,6023,9346
2023-07-31 10:14:27,19,22,6023,9346
2023-07-31 10:15:00,20,22,6023,9346
2023-07-31 10:15:14,20,23,6023,9346
2023-07-31 10:15:17,21,23,6023,9346
2023-07-31 10:15:31,22,23,6023,9346
2023-07-31 10:15:34,21,22,6023,9350
2023-07-31 10:15:49,19,22,6023,9355
2023-07-31 10:16:08,20,22,6023,9355
2023-07-31 10:16:21,20,23,6023,9355
2023-07-31 10:16:36,21,23,6023,9355
2023-07-31 10:17:26,21,22,6023,9355
2023-07-31 10:17:31,21,22,6023,9455
2023-07-31 10:17:33,21,22,6023,9855
2023-07-31 10:17:45,21,23,6023,9855
2023-07-31 10:18:06,21,24,6210,10105
2023-07-31 10:18:23,21,23,6210,10105
2023-07-31 10:18:33,21,24,6210,10105
2023-07-31 10:18:33,21,23,6210,10105
2023-07-31 10:18:50,21,22,6210,10105
2023-07-31 10:19:25,21,22,6210,10255
2023-07-31 10:19:31,21,23,6210,10255
2023-07-31 10:19:31,21,22,6210,10255
2023-07-31 10:19:38,19,22,6210,10255
2023-07-31 10:19:41,19,21,6210,10255
2023-07-31 10:19:48,20,21,6210,10255
2023-07-31 10:20:08,20,22,6210,10255
2023-07-31 10:20:17,20,23,6210,10255
2023-07-31 10:21:04,20,24,6210,10255
2023-07-31 10:21:16,20,23,6210,10255
2023-07-31 10:21:21,21,23,6210,10255
2023-07-31 10:21:58,20,23,6210,10255
2023-07-31 10:22:01,20,22,6210,10255
2023-07-31 10:22:10,21,22,6210,10255
2023-07-31 10:22:10,21,23,6210,10255
2023-07-31 10:22:11,20,23,6210,10255
2023-07-31 10:22:13,20,22,6210,10255
2023-07-31 10:22:33,20,23,6210,10255
2023-07-31 10:22:33,20,22,6210,10255
2023-07-31 10:23:23,20,23,6210,10255
2023-07-31 10:23:23,20,22,6210,10255
2023-07-31 10:23:31,21,22,6210,10255
2023-07-31 10:23:31,21,23,6210,10255
2023-07-31 10:23:46,21,24,6210,10255
2023-07-31 10:23:51,22,24,6210,10255
2023-07-31 10:23:54,21,24,6210,10255
2023-07-31 10:24:36,21,23,6210,10255
2023-07-31 10:24:36,20,23,6210,10255
2023-07-31 10:24:37,21,23,6210,10255
2023-07-31 10:24:43,21,24,6210,10255
2023-07-31 10:25:04,22,24,6210,10255
2023-07-31 10:25:05,21,24,6210,10255
2023-07-31 10:25:37,21,23,6210,10255
2023-07-31 10:25:40,21,24,6210,10255
2023-07-31 10:25:42,21,23,6210,10255
2023-07-31 10:25:44,21,24,6210,10255
2023-07-31 10:25:46,21,23,6210,10255
2023-07-31 10:25:52,21,24,6210,10255
2023-07-31 10:26:07,22,24,6210,10255
2023-07-31 10:26:15,22,25,6210,10255
2023-07-31 10:26:16,22,24,6210,10255
2023-07-31 10:26:18,22,25,6210,10255
2023-07-31 10:26:20,22,24,6210,10255
2023-07-31 10:26:23,22,25,6210,10255
2023-07-31 10:26:25,22,24,6210,10255
2023-07-31 10:26:26,22,25,6210,10255
2023-07-31 10:26:26,22,24,6210,10255
2023-07-31 10:26:26,21,24,6210,10255
2023-07-31 10:27:04,21,23,6210,10255
2023-07-31 10:27:05,21,24,6210,10255
2023-07-31 10:27:11,22,24,6210,10255
2023-07-31 10:27:15,22,25,6210,10255
2023-07-31 10:27:30,23,25,6210,10255
2023-07-31 10:27:53,23,26,6210,10255
2023-07-31 10:27:58,24,26,6210,10255
2023-07-31 10:27:58,24,27,6210,10255
2023-07-31 10:28:02,24,26,6210,10255
2023-07-31 10:28:02,23,26,6210,10255
2023-07-31 10:29:27,23,25,6210,10255
2023-07-31 10:29:49,23,26,6210,10255
2023-07-31 10:29:55,24,26,6210,10255
2023-07-31 10:29:55,24,27,6210,10255
2023-07-31 10:30:01,24,27,6610,10655
2023-07-31 10:30:01,25,27,6610,10655
2023-07-31 10:30:03,26,27,6610,10655
2023-07-31 10:30:04,26,28,6610,10655
2023-07-31 10:30:05,27,28,6610,10655
2023-07-31 10:30:08,27,28,6963,11055
2023-07-31 10:30:15,27,29,7063,11155
2023-07-31 10:30:39,27,28,7063,11155
2023-07-31 10:30:44,26,28,7063,11155
2023-07-31 10:30:48,26,27,7063,11155
2023-07-31 10:30:49,26,28,7063,11155
2023-07-31 10:30:49,26,27,7063,11155
2023-07-31 10:30:59,26,28,7063,11155
2023-07-31 10:30:59,26,27,7063,11155
2023-07-31 10:31:02,25,27,7063,11155
2023-07-31 10:31:02,25,28,7063,11155
2023-07-31 10:31:02,25,27,7063,11155
2023-07-31 10:31:14,25,26,7063,11155
2023-07-31 10:31:15,23,26,7063,11155
2023-07-31 10:31:15,24,26,7063,11155
2023-07-31 10:31:16,24,25,7063,11155
2023-07-31 10:31:17,23,25,7063,11155
2023-07-31 10:31:18,23,24,7063,11155
2023-07-31 10:31:32,22,24,7063,11155
2023-07-31 10:31:34,22,23,7063,11155
2023-07-31 10:31:39,23,24,6963,11255
2023-07-31 10:31:47,23,26,6963,11255
2023-07-31 10:31:47,23,25,6963,11255
2023-07-31 10:31:47,24,25,6963,11255
2023-07-31 10:32:03,24,27,6963,11255
2023-07-31 10:32:03,24,26,6963,11255
2023-07-31 10:32:29,25,26,6963,11255
2023-07-31 10:32:32,23,26,6963,11255
2023-07-31 10:32:32,24,26,6963,11255
2023-07-31 10:32:39,24,25,6963,11255
2023-07-31 10:32:41,24,26,6963,11255
2023-07-31 10:32:41,24,25,6963,11255
2023-07-31 10:32:42,22,25,6963,11255
2023-07-31 10:32:42,23,25,6963,11255
2023-07-31 10:32:46,23,24,6963,11255
2023-07-31 10:32:50,22,24,6963,11255
2023-07-31 10:32:51,21,24,6963,11255
2023-07-31 10:32:51,21,23,6963,11255
2023-07-31 10:32:56,22,23,6963,11255
2023-07-31 10:32:58,21,23,6963,11255
2023-07-31 10:33:08,22,23,6963,11255
2023-07-31 10:33:14,21,23,6963,11255
2023-07-31 10:33:16,21,22,6963,11255
2023-07-31 10:33:31,21,23,6963,11255
2023-07-31 10:33:31,21,23,7063,11355
2023-07-31 10:33:33,20,23,7063,11608
2023-07-31 10:33:36,18,23,7063,11608
2023-07-31 10:33:36,19,22,7063,11608
2023-07-31 10:33:36,19,21,7063,11608
2023-07-31 10:33:38,20,21,7063,11608
2023-07-31 10:33:41,20,23,7063,11608
2023-07-31 10:33:41,20,21,7063,11608
2023-07-31 10:33:56,20,23,7063,11608
2023-07-31 10:33:56,20,22,7063,11608
2023-07-31 10:34:03,20,21,7063,11608
2023-07-31 10:34:04,18,21,7063,11608
2023-07-31 10:34:04,19,21,7063,11608
2023-07-31 10:34:07,20,21,7063,11608
2023-07-31 10:34:12,20,22,7063,11608
2023-07-31 10:34:13,20,21,7063,11608
2023-07-31 10:34:34,20,23,7063,11608
2023-07-31 10:34:34,20,22,7063,11608
2023-07-31 10:35:01,20,21,7063,11608
2023-07-31 10:35:02,18,21,7063,11608
2023-07-31 10:35:02,19,21,7063,11608
2023-07-31 10:35:07,20,21,7063,11608
2023-07-31 10:35:18,18,21,7063,11608
2023-07-31 10:35:18,19,21,7063,11608
2023-07-31 10:35:21,19,22,7063,11608
2023-07-31 10:35:21,19,20,7063,11608
2023-07-31 10:35:31,18,20,7063,11608
2023-07-31 10:35:31,18,21,7063,11608
2023-07-31 10:35:31,18,20,7063,11608
2023-07-31 10:35:38,19,20,7063,11608
2023-07-31 10:35:53,19,22,7063,11608
2023-07-31 10:35:53,19,21,7063,11608
2023-07-31 10:35:56,20,21,7063,11608
2023-07-31 10:36:06,20,23,7063,11608
2023-07-31 10:36:06,20,22,7063,11608
2023-07-31 10:36:22,19,22,7063,11608
2023-07-31 10:36:22,21,22,7063,11608
2023-07-31 10:36:24,19,22,7063,11608
2023-07-31 10:36:24,20,22,7063,11608
2023-07-31 10:36:37,18,22,7063,11608
2023-07-31 10:36:37,19,22,7063,11608
2023-07-31 10:36:37,19,21,7063,11608
2023-07-31 10:36:41,20,21,7063,11608
2023-07-31 10:36:42,20,22,7063,11608
2023-07-31 10:36:42,20,21,7063,11608
2023-07-31 10:37:28,20,23,7063,11608
2023-07-31 10:37:28,20,22,7063,11608
2023-07-31 10:37:29,21,22,7063,11608
2023-07-31 10:37:31,21,22,7063,11612
2023-07-31 10:37:42,21,24,7063,11612
2023-07-31 10:37:42,21,23,7063,11612
2023-07-31 10:37:44,21,22,7063,11612
2023-07-31 10:38:04,19,22,7063,11612
2023-07-31 10:38:04,20,22,7063,11612
2023-07-31 10:38:05,20,23,7063,11612
2023-07-31 10:38:05,20,21,7063,11612
2023-07-31 10:38:27,20,23,7063,11612
2023-07-31 10:38:27,19,23,7063,11612
2023-07-31 10:38:27,19,22,7063,11612
2023-07-31 10:38:27,21,22,7063,11612
2023-07-31 10:38:44,21,24,7063,11612
2023-07-31 10:38:44,21,23,7063,11612
2023-07-31 10:38:50,22,23,7063,11612
2023-07-31 10:38:55,22,24,7063,11612
2023-07-31 10:38:55,22,23,7063,11612
2023-07-31 10:39:09,23,24,7113,11662
2023-07-31 10:39:34,23,26,7113,11662
2023-07-31 10:39:34,23,24,7113,11662
2023-07-31 10:40:07,23,26,7113,11662
2023-07-31 10:40:07,23,25,7113,11662
2023-07-31 10:40:07,24,25,7113,11662
2023-07-31 10:40:16,23,25,7113,11662
2023-07-31 10:40:20,24,25,7113,11662
2023-07-31 10:40:26,24,27,7113,11662
2023-07-31 10:40:26,24,26,7113,11662
2023-07-31 10:40:27,23,26,7113,11662
2023-07-31 10:40:27,25,26,7113,11662
2023-07-31 10:40:37,23,26,7113,11662
2023-07-31 10:40:37,24,26,7113,11662
2023-07-31 10:40:52,23,26,7113,11662
2023-07-31 10:40:53,23,25,7113,11662
2023-07-31 10:41:10,23,24,7113,11662
2023-07-31 10:41:18,23,25,7113,11662
2023-07-31 10:41:18,23,24,7113,11662
2023-07-31 10:41:41,23,25,7113,11662
2023-07-31 10:41:41,23,24,7113,11662
2023-07-31 10:41:51,23,25,7113,11662
2023-07-31 10:41:52,23,24,7113,11662
2023-07-31 10:42:02,23,26,7113,11662
2023-07-31 10:42:03,23,25,7113,11662
2023-07-31 10:42:03,24,25,7113,11662
2023-07-31 10:42:13,24,26,7113,11662
2023-07-31 10:42:18,23,26,7113,11662
2023-07-31 10:42:18,25,26,7113,11662
2023-07-31 10:42:21,23,26,7113,11662
2023-07-31 10:42:21,24,26,7113,11662
2023-07-31 10:42:44,23,26,7113,11662
2023-07-31 10:42:44,23,25,7113,11662
2023-07-31 10:42:53,23,26,7113,11662
2023-07-31 10:42:53,23,24,7113,11662
2023-07-31 10:43:08,23,26,7113,11662
2023-07-31 10:43:08,23,25,7113,11662
2023-07-31 10:43:24,24,25,7113,11662
2023-07-31 10:43:24,24,26,7113,11662
2023-07-31 10:43:24,24,25,7113,11662
2023-07-31 10:43:27,23,25,7113,11662
2023-07-31 10:43:31,23,26,7113,11662
2023-07-31 10:43:31,23,25,7113,11662
2023-07-31 10:43:32,23,24,7113,11662
2023-07-31 10:43:38,23,25,7113,11662
2023-07-31 10:43:41,24,25,7113,11662
2023-07-31 10:43:42,24,26,7113,11662
2023-07-31 10:43:42,24,25,7113,11662
2023-07-31 10:43:59,24,27,7113,11662
2023-07-31 10:43:59,24,26,7113,11662
2023-07-31 10:44:14,25,26,7113,11662
2023-07-31 10:44:31,25,28,7113,11662
2023-07-31 10:44:31,25,27,7113,11662
2023-07-31 10:44:57,25,26,7113,11662
2023-07-31 10:44:59,25,27,7113,11662
2023-07-31 10:45:01,23,27,7113,11662
2023-07-31 10:45:01,24,27,7113,11662
2023-07-31 10:45:02,24,26,7113,11662
2023-07-31 10:45:03,23,26,7113,11662
2023-07-31 10:45:03,25,26,7113,11662
2023-07-31 10:45:07,25,27,7113,11662
2023-07-31 10:45:07,25,26,7113,11662
2023-07-31 10:45:51,23,26,7113,11662
2023-07-31 10:45:51,24,26,7113,11662
2023-07-31 10:45:59,24,25,7113,11662
2023-07-31 10:46:10,23,25,7113,11662
2023-07-31 10:46:14,24,25,7113,11662
2023-07-31 10:46:21,23,25,7113,11662
2023-07-31 10:46:28,23,25,7313,11862
2023-07-31 10:46:28,23,24,7313,11862
2023-07-31 10:46:28,21,24,7313,11862
2023-07-31 10:46:28,19,24,7313,11862
2023-07-31 10:46:28,21,24,7313,11862
2023-07-31 10:46:28,19,24,7313,11862
2023-07-31 10:46:29,19,23,7313,11862
2023-07-31 10:46:29,20,23,7313,11862
2023-07-31 10:46:29,20,22,7313,11862
2023-07-31 10:46:30,20,21,7313,11862
2023-07-31 10:46:37,20,23,7313,11862
2023-07-31 10:46:38,20,22,7313,11862
2023-07-31 10:46:39,20,21,7313,11862
2023-07-31 10:46:40,19,21,7313,11862
2023-07-31 10:46:43,20,21,7313,11862
2023-07-31 10:46:46,20,22,7313,11862
2023-07-31 10:46:56,20,21,7313,11862
2023-07-31 10:46:57,20,22,7313,11862
2023-07-31 10:47:00,20,23,7313,11862
2023-07-31 10:47:02,20,22,7313,11862
2023-07-31 10:47:03,19,22,7313,11862
2023-07-31 10:47:10,19,21,7313,11862
2023-07-31 10:47:11,19,22,7313,11862
2023-07-31 10:47:13,20,22,7313,11862
2023-07-31 10:47:28,20,23,7313,11862
2023-07-31 10:47:33,20,22,7313,11862
2023-07-31 10:47:39,20,21,7313,11862
2023-07-31 10:48:01,19,21,7313,11862
2023-07-31 10:48:02,19,22,7313,11862
2023-07-31 10:48:02,19,21,7313,11862
2023-07-31 10:48:04,20,21,7313,11862
2023-07-31 10:48:16,20,23,7313,11862
2023-07-31 10:48:16,20,22,7313,11862
2023-07-31 10:48:43,21,22,7313,11862
2023-07-31 10:48:43,21,23,7313,11862
2023-07-31 10:48:43,21,22,7313,11862
2023-07-31 10:48:56,21,23,7313,11862
2023-07-31 10:49:03,22,23,7313,11862
2023-07-31 10:49:24,23,24,7313,12042
2023-07-31 10:49:26,23,26,7313,12042
2023-07-31 10:49:26,23,25,7313,12042
2023-07-31 10:49:29,22,25,7313,12042
2023-07-31 10:49:29,24,25,7313,12042
2023-07-31 10:49:44,24,27,7313,12042
2023-07-31 10:49:44,24,25,7313,12042
2023-07-31 10:50:36,22,25,7313,12042
2023-07-31 10:50:36,23,25,7313,12042
2023-07-31 10:50:36,23,26,7313,12042
2023-07-31 10:50:37,22,26,7313,12042
2023-07-31 10:50:37,22,25,7313,12042
2023-07-31 10:50:37,24,25,7313,12042
2023-07-31 10:50:45,22,25,7313,12042
2023-07-31 10:50:45,23,25,7313,12042
2023-07-31 10:50:59,23,24,7313,12042
2023-07-31 10:51:07,23,26,7313,12042
2023-07-31 10:51:07,23,25,7313,12042
2023-07-31 10:51:15,23,24,7313,12042
2023-07-31 10:51:19,23,25,7313,12042
2023-07-31 10:51:31,22,25,7313,12042
2023-07-31 10:51:31,24,25,7313,12042
2023-07-31 10:51:33,22,24,7313,12488
2023-07-31 10:51:34,22,24,7713,12888
2023-07-31 10:51:35,22,25,7867,13042
2023-07-31 10:51:46,22,26,7867,13042
2023-07-31 10:51:46,22,25,7867,13042
2023-07-31 10:51:52,22,24,7867,13042
2023-07-31 10:51:53,21,24,7867,13042
2023-07-31 10:52:03,22,24,7867,13042
2023-07-31 10:52:09,22,25,7917,13092
2023-07-31 10:52:17,22,24,7917,13092
2023-07-31 10:53:18,22,25,7917,13092
2023-07-31 10:53:18,22,24,7917,13092
2023-07-31 10:53:46,23,24,7917,13092
2023-07-31 10:53:58,21,24,7917,13092
2023-07-31 10:54:03,22,24,7917,13092
2023-07-31 10:54:22,23,24,7917,13092
2023-07-31 10:54:30,23,24,7917,13142
2023-07-31 10:54:45,21,24,7917,13142
2023-07-31 10:54:50,20,24,7917,13142
2023-07-31 10:54:50,22,24,7917,13142
2023-07-31 10:55:38,22,25,7917,13142
2023-07-31 10:55:43,22,24,7917,13142
2023-07-31 10:55:44,22,25,7917,13142
2023-07-31 10:56:05,23,25,7917,13142
2023-07-31 10:56:19,23,26,7917,13142
2023-07-31 10:57:03,24,26,7917,13142
2023-07-31 10:57:13,24,25,7917,13142
2023-07-31 10:57:28,21,25,7917,13142
2023-07-31 10:57:36,22,25,7917,13142
2023-07-31 10:57:41,23,25,7917,13142
2023-07-31 10:57:41,23,26,7917,13142
2023-07-31 10:57:48,24,26,7917,13142
2023-07-31 10:57:53,25,26,7917,13142
2023-07-31 10:58:53,25,27,7917,13142
2023-07-31 10:58:53,25,26,7917,13142
2023-07-31 10:59:03,24,25,7916,13143
2023-07-31 10:59:24,24,25,7916,13243
2023-07-31 10:59:25,24,25,7916,13443
2023-07-31 10:59:27,24,25,7916,13543
2023-07-31 10:59:42,24,25,7916,13643
2023-07-31 10:59:49,23,25,7916,13643
2023-07-31 11:00:03,23,26,7916,13643
2023-07-31 11:00:06,23,25,7916,13643
2023-07-31 11:00:24,23,24,7916,13643
2023-07-31 11:00:38,23,26,7916,13643
2023-07-31 11:00:38,23,25,7916,13643
2023-07-31 11:00:59,24,25,7916,13643
2023-07-31 11:01:27,24,26,7916,13643
2023-07-31 11:01:33,24,25,7916,13643
2023-07-31 11:01:48,23,25,7716,13843
2023-07-31 11:01:50,23,24,7716,13843
2023-07-31 11:02:18,23,25,7716,13843
2023-07-31 11:02:19,23,24,7716,13843
2023-07-31 11:02:24,23,26,7716,13843
2023-07-31 11:02:24,23,25,7716,13843
2023-07-31 11:02:33,24,25,7716,13843
2023-07-31 11:03:17,24,26,7716,13843
2023-07-31 11:03:17,24,25,7716,13843
2023-07-31 11:03:53,24,26,7716,13843
2023-07-31 11:03:53,24,25,7716,13843
2023-07-31 11:03:57,24,26,7716,13843
2023-07-31 11:04:39,24,27,7716,13843
2023-07-31 11:04:39,24,26,7716,13843
2023-07-31 11:05:18,24,25,7716,13843
2023-07-31 11:05:20,24,25,7716,13893
2023-07-31 11:05:21,24,25,7316,14293
2023-07-31 11:05:36,24,26,7316,14293
2023-07-31 11:05:54,24,25,7316,14293
2023-07-31 11:06:25,24,26,7316,14293
2023-07-31 11:06:36,23,26,7316,14293
2023-07-31 11:06:41,23,26,7316,14295
2023-07-31 11:06:52,23,27,7316,14295
2023-07-31 11:06:52,23,26,7316,14295
2023-07-31 11:07:13,23,27,7316,14295
2023-07-31 11:07:38,23,26,7316,14295
2023-07-31 11:08:17,25,26,7316,14295
2023-07-31 11:09:15,25,27,7316,14295
2023-07-31 11:09:22,25,26,7316,14295
2023-07-31 11:09:41,25,27,7316,14295
2023-07-31 11:09:57,25,26,7316,14295
2023-07-31 11:10:36,25,27,7316,14295
2023-07-31 11:10:36,25,26,7316,14295
2023-07-31 11:10:43,25,27,7316,14295
2023-07-31 11:11:29,25,28,7466,14445
2023-07-31 11:12:03,25,29,7466,14445
2023-07-31 11:12:10,26,29,7466,14445
2023-07-31 11:12:11,27,29,7466,14445
2023-07-31 11:12:12,26,29,7466,14445
2023-07-31 11:12:14,27,29,7466,14445
2023-07-31 11:12:19,26,29,7466,14445
2023-07-31 11:12:19,25,28,7466,14445
2023-07-31 11:12:21,26,28,7466,14445
2023-07-31 11:12:23,26,27,7466,14445
2023-07-31 11:12:24,25,27,7466,14445
2023-07-31 11:12:26,26,27,7466,14445
2023-07-31 11:13:07,26,28,7466,14445
2023-07-31 11:13:38,26,27,7466,14445
2023-07-31 11:14:34,25,26,7466,14446
2023-07-31 11:14:41,24,26,7365,14547
2023-07-31 11:15:10,24,25,7365,14547
2023-07-31 11:15:15,23,25,7165,14747
2023-07-31 11:15:15,23,24,7165,14747
2023-07-31 11:15:27,23,25,7165,14747
2023-07-31 11:15:27,23,24,7165,14747
2023-07-31 11:15:36,20,24,6965,14947
2023-07-31 11:15:50,20,23,6965,14947
2023-07-31 11:16:48,20,24,6965,14947
2023-07-31 11:16:48,20,23,6965,14947
2023-07-31 11:17:28,19,23,6965,14947
2023-07-31 11:17:31,19,22,6965,14947
2023-07-31 11:17:47,20,22,6965,14947
2023-07-31 11:17:47,20,23,6965,14947
2023-07-31 11:18:01,19,23,6965,14947
2023-07-31 11:18:02,19,22,6965,14947
2023-07-31 11:18:05,20,22,6965,14947
2023-07-31 11:18:05,20,23,6965,14947
2023-07-31 11:18:07,19,23,6965,14947
2023-07-31 11:18:09,19,22,6965,14947
2023-07-31 11:18:13,20,22,6965,14947
2023-07-31 11:18:13,20,23,6965,14947
2023-07-31 11:18:22,19,23,6965,14947
2023-07-31 11:18:27,19,22,6965,14947
2023-07-31 11:18:38,19,21,6965,14947
2023-07-31 11:19:11,19,20,6965,14947
2023-07-31 11:19:12,19,21,6965,14947
2023-07-31 11:19:13,19,20,6965,14947
2023-07-31 11:19:15,19,21,6965,14947
2023-07-31 11:19:19,19,22,6965,14947
2023-07-31 11:19:19,20,22,6965,14947
2023-07-31 11:19:19,20,23,6965,14947
2023-07-31 11:19:29,19,23,6965,14947
2023-07-31 11:19:30,19,22,6965,14947
2023-07-31 11:19:32,19,21,6965,14947
2023-07-31 11:19:33,19,20,6965,14947
2023-07-31 11:19:35,19,21,6965,14947
2023-07-31 11:19:38,19,22,6965,14947
2023-07-31 11:19:40,19,21,6965,14947
2023-07-31 11:19:41,20,21,6965,14947
2023-07-31 11:19:48,20,23,6965,14947
2023-07-31 11:19:49,20,22,6965,14947
2023-07-31 11:19:54,20,23,6965,14947
2023-07-31 11:19:55,20,22,6965,14947
2023-07-31 11:20:17,20,23,6965,14947
2023-07-31 11:20:20,20,22,6965,14947
2023-07-31 11:20:30,20,23,6965,14947
2023-07-31 11:20:30,20,22,6965,14947
2023-07-31 11:20:38,20,23,6965,14947
2023-07-31 11:20:40,20,22,6965,14947
2023-07-31 11:20:54,21,22,6965,14947
2023-07-31 11:20:55,20,22,6965,14947
2023-07-31 11:20:56,21,22,6965,14947
2023-07-31 11:20:58,21,23,6965,14947
2023-07-31 11:21:02,20,23,6965,14947
2023-07-31 11:21:06,20,22,6965,14947
2023-07-31 11:21:12,20,21,6965,14947
2023-07-31 11:21:35,19,21,6965,14947
2023-07-31 11:21:47,18,21,6765,15147
2023-07-31 11:22:09,17,21,6765,15147
2023-07-31 11:22:12,17,20,6765,15147
2023-07-31 11:22:33,16,20,6765,15147
2023-07-31 11:22:47,17,20,6765,15147
2023-07-31 11:22:49,17,21,6765,15147
2023-07-31 11:22:51,18,21,6765,15147
2023-07-31 11:23:10,17,21,6765,15147
2023-07-31 11:23:20,17,20,6765,15147
2023-07-31 11:23:32,17,21,6765,15147
2023-07-31 11:23:51,17,20,6765,15147
2023-07-31 11:24:04,16,20,6765,15147
2023-07-31 11:24:15,16,19,6765,15147
2023-07-31 11:24:29,16,20,6765,15147
2023-07-31 11:24:48,16,19,6765,15147
2023-07-31 11:25:02,15,19,6765,15147
2023-07-31 11:25:15,15,18,6765,15147
2023-07-31 11:25:16,15,19,6765,15147
2023-07-31 11:25:19,15,18,6765,15147
2023-07-31 11:25:20,14,18,6765,15147
2023-07-31 11:25:21,14,17,6765,15147
2023-07-31 11:25:48,14,18,6765,15147
2023-07-31 11:25:48,14,17,6765,15147
2023-07-31 11:25:48,14,18,6765,15147
2023-07-31 11:25:49,15,18,6765,15147
2023-07-31 11:25:53,15,17,6765,15147
2023-07-31 11:26:01,16,17,6765,15147
2023-07-31 11:26:45,16,17,7498,15880
2023-07-31 11:26:56,16,20,7765,16147
2023-07-31 11:26:56,16,19,7765,16147
2023-07-31 11:27:08,15,19,7765,16147
2023-07-31 11:27:09,15,18,7765,16147
2023-07-31 11:27:33,16,18,7765,16147
2023-07-31 11:27:33,16,19,7765,16147
2023-07-31 11:27:43,15,19,7765,16147
2023-07-31 11:27:55,16,19,7765,16147
2023-07-31 11:28:11,15,19,7765,16147
2023-07-31 11:28:21,16,19,7765,16147
2023-07-31 11:28:39,15,19,7765,16147
2023-07-31 11:28:41,15,18,7765,16147
2023-07-31 11:28:54,15,19,7765,16147
2023-07-31 11:29:05,16,19,7765,16147
2023-07-31 11:29:29,16,20,7765,16147
2023-07-31 11:29:49,17,20,7765,16147
2023-07-31 11:29:51,16,20,7765,16147
2023-07-31 11:29:59,16,19,7765,16147
2023-07-31 11:30:13,16,20,7765,16147
2023-07-31 11:30:15,17,20,7765,16147
2023-07-31 11:30:22,16,20,7765,16147
2023-07-31 11:30:23,16,19,7765,16147
2023-07-31 11:30:25,16,20,7765,16147
2023-07-31 11:30:28,17,20,7765,16147
2023-07-31 11:30:41,16,20,7765,16147
2023-07-31 11:30:44,16,19,7765,16147
2023-07-31 11:31:13,15,19,7765,16147
2023-07-31 11:31:13,15,18,7765,16147
2023-07-31 11:31:16,14,18,7765,16397
2023-07-31 11:31:16,14,17,7765,16397
2023-07-31 11:31:16,14,16,7765,16397
2023-07-31 11:31:40,14,17,7765,16397
2023-07-31 11:31:40,14,15,7765,16397
2023-07-31 11:32:10,13,15,7765,16397
2023-07-31 11:32:10,13,14,7765,16397
2023-07-31 11:32:17,13,14,7765,16457
2023-07-31 11:32:18,12,14,7765,16457
2023-07-31 11:32:18,12,13,7765,16457
2023-07-31 11:32:24,12,13,7783,16475
2023-07-31 11:32:24,10,13,7783,16707
2023-07-31 11:32:25,10,12,7783,16707
2023-07-31 11:32:26,10,11,7783,16707
2023-07-31 11:32:50,10,12,7783,16957
2023-07-31 11:33:04,10,12,7791,16965
2023-07-31 11:33:08,11,12,7791,16965
2023-07-31 11:33:19,11,13,7809,16983
2023-07-31 11:33:23,11,14,8059,17233
2023-07-31 11:33:30,12,14,8059,17233
2023-07-31 11:33:38,12,13,8059,17233
2023-07-31 11:33:38,11,13,8059,17233
2023-07-31 11:33:42,11,12,8059,17233
2023-07-31 11:33:47,10,12,8059,17233
2023-07-31 11:33:54,11,12,8059,17233
2023-07-31 11:33:58,11,13,8059,17233
2023-07-31 11:34:04,12,13,8059,17233
2023-07-31 11:34:06,12,14,8059,17233
2023-07-31 11:34:16,11,14,8059,17233
2023-07-31 11:34:16,11,15,8059,17233
2023-07-31 11:34:16,13,15,8059,17233
2023-07-31 11:35:04,13,14,8059,17233
2023-07-31 11:35:10,13,15,8059,17233
2023-07-31 11:35:12,13,16,8059,17233
2023-07-31 11:35:14,13,15,8059,17233
2023-07-31 11:35:14,12,15,8059,17233
2023-07-31 11:35:14,14,15,8059,17233
2023-07-31 11:35:19,14,16,8059,17233
2023-07-31 11:35:30,14,15,8059,17233
2023-07-31 11:35:47,14,16,8059,17233
2023-07-31 11:35:55,13,16,8059,17233
2023-07-31 11:35:55,15,16,8059,17233
2023-07-31 11:35:58,15,17,8059,17233
2023-07-31 11:35:59,15,16,8059,17233
2023-07-31 11:36:00,15,17,8059,17233
2023-07-31 11:36:05,15,16,8059,17233
2023-07-31 11:36:15,15,18,8059,17233
2023-07-31 11:36:15,14,18,8059,17233
2023-07-31 11:36:15,16,18,8059,17233
2023-07-31 11:36:26,16,17,8059,17233
2023-07-31 11:36:33,16,18,8059,17233
2023-07-31 11:36:45,16,17,8059,17233
2023-07-31 11:36:54,16,19,8059,17233
2023-07-31 11:36:56,15,19,8059,17233
2023-07-31 11:36:56,17,19,8059,17233
2023-07-31 11:36:58,17,18,8059,17233
2023-07-31 11:37:00,15,18,8059,17233
2023-07-31 11:37:00,16,18,8059,17233
2023-07-31 11:37:02,16,17,8059,17233
2023-07-31 11:37:02,16,18,8059,17233
2023-07-31 11:37:10,15,18,8059,17233
2023-07-31 11:37:10,17,18,8059,17233
2023-07-31 11:37:13,17,19,8059,17233
2023-07-31 11:37:17,17,18,8059,17233
2023-07-31 11:37:21,15,18,8059,17233
2023-07-31 11:37:21,16,18,8059,17233
2023-07-31 11:37:31,15,18,7809,17483
2023-07-31 11:37:41,14,18,7809,17483
2023-07-31 11:37:43,15,18,7809,17483
2023-07-31 11:37:44,14,18,7809,17483
2023-07-31 11:37:47,14,17,7809,17483
2023-07-31 11:38:10,13,17,7809,17483
2023-07-31 11:38:11,13,16,7809,17483
2023-07-31 11:38:52,14,16,7809,17483
2023-07-31 11:39:08,13,16,7809,17483
2023-07-31 11:39:41,12,16,7809,17483
2023-07-31 11:39:41,12,15,7809,17483
2023-07-31 11:39:51,13,15,7809,17483
2023-07-31 11:39:51,13,16,7809,17483
2023-07-31 11:40:27,12,16,7809,17483
2023-07-31 11:40:27,12,15,7809,17483
2023-07-31 11:40:47,12,16,7809,17483
2023-07-31 11:40:49,13,16,7809,17483
2023-07-31 11:42:03,12,16,7809,17483
2023-07-31 11:43:18,11,15,7809,17483
2023-07-31 11:43:18,11,14,7809,17483
2023-07-31 11:44:10,12,14,7809,17483
2023-07-31 11:44:10,12,15,7809,17483
2023-07-31 11:44:52,12,15,7841,17515
2023-07-31 11:44:52,13,15,7841,17515
2023-07-31 11:45:01,13,14,7841,17515
2023-07-31 11:45:12,13,15,7841,17515
2023-07-31 11:45:56,12,15,7841,17515
2023-07-31 11:45:56,14,15,7841,17515
2023-07-31 11:46:02,12,15,7841,17515
2023-07-31 11:46:02,13,15,7841,17515
2023-07-31 11:46:11,12,15,7841,17515
2023-07-31 11:46:11,14,15,7841,17515
2023-07-31 11:46:14,12,15,7809,17547
2023-07-31 11:46:15,12,14,7809,17547
2023-07-31 11:46:46,13,14,7809,17547
2023-07-31 11:46:52,13,15,7841,17579
2023-07-31 11:47:11,14,15,7841,17579
2023-07-31 11:47:15,13,15,7841,17579
2023-07-31 11:47:15,13,16,8841,18579
2023-07-31 11:47:20,14,16,8841,18579
2023-07-31 11:47:21,14,17,8841,18579
2023-07-31 11:47:22,14,16,8841,18579
2023-07-31 11:47:23,13,16,8841,18579
2023-07-31 11:47:45,14,16,8841,18579
2023-07-31 11:47:46,14,17,8841,18579
2023-07-31 11:47:50,13,17,8841,18579
2023-07-31 11:47:54,13,16,8841,18579
2023-07-31 11:47:56,13,17,8841,18579
2023-07-31 11:48:01,14,17,8841,18579
2023-07-31 11:48:02,14,16,8841,18579
2023-07-31 11:48:03,14,17,8841,18579
2023-07-31 11:48:22,14,18,8841,18579
2023-07-31 11:48:26,15,18,8841,18579
2023-07-31 11:48:30,17,18,8841,18579
2023-07-31 11:48:31,15,18,8791,18679
2023-07-31 11:48:32,15,17,8791,18679
2023-07-31 11:48:34,14,17,8791,18679
2023-07-31 11:50:21,14,16,8791,18679
2023-07-31 11:50:39,14,17,8791,18679
2023-07-31 11:50:45,14,16,8791,18679
2023-07-31 11:50:52,14,16,8791,19079
2023-07-31 11:51:06,14,15,8791,19079
2023-07-31 11:51:14,13,15,8791,19129
2023-07-31 11:51:24,12,15,8791,19129
2023-07-31 11:51:33,12,14,8791,19129
2023-07-31 11:52:08,11,14,8800,19329
2023-07-31 11:52:26,11,13,8800,19329
2023-07-31 11:52:35,10,13,8800,19329
2023-07-31 11:52:41,11,13,8800,19329
2023-07-31 11:52:48,10,13,8800,19329
2023-07-31 11:52:48,10,12,8800,19329
2023-07-31 11:52:49,10,11,8800,19329
2023-07-31 11:53:11,9,10,8800,19331
2023-07-31 11:53:12,9,11,8800,19331
2023-07-31 11:53:15,9,10,8800,19331
2023-07-31 11:53:16,9,11,8800,19331
2023-07-31 11:54:11,10,11,8800,19331
2023-07-31 11:54:12,9,11,8800,19331
2023-07-31 11:54:46,9,10,8800,19331
2023-07-31 11:54:50,9,11,8800,19331
2023-07-31 11:55:34,9,10,8800,19331
2023-07-31 11:55:35,9,11,8819,19406
2023-07-31 11:55:36,9,12,8819,19406
2023-07-31 11:55:36,10,12,8819,19406
2023-07-31 11:56:16,10,13,8819,19406
2023-07-31 11:57:18,10,12,8819,19406
2023-07-31 11:57:20,9,12,8819,19406
2023-07-31 11:57:21,9,11,8819,19406
2023-07-31 11:57:24,9,12,8819,19406
2023-07-31 11:57:24,10,12,8819,19406
2023-07-31 11:57:33,9,12,8819,19406
2023-07-31 11:57:34,10,12,8819,19406
2023-07-31 11:57:36,9,12,8819,19406
2023-07-31 11:57:39,10,12,8819,19406
2023-07-31 11:57:42,9,12,8819,19406
2023-07-31 11:57:44,10,12,8819,19406
2023-07-31 11:58:00,9,12,8819,19406
2023-07-31 11:58:07,9,11,8819,19406
2023-07-31 11:58:49,9,12,8819,19406
2023-07-31 12:00:14,10,12,8819,19406
2023-07-31 12:00:25,10,13,8819,19406
2023-07-31 12:01:02,11,13,8819,19406
2023-07-31 12:01:04,11,14,8819,19406
2023-07-31 12:01:09,11,13,8819,19406
2023-07-31 12:01:14,11,14,8819,19406
2023-07-31 12:02:16,10,14,9369,19956
2023-07-31 12:02:16,10,13,9369,19956
2023-07-31 12:02:25,11,13,9369,19956
2023-07-31 12:03:01,10,13,9369,19956
2023-07-31 12:03:03,10,14,9369,19956
2023-07-31 12:03:03,10,12,9369,19956
2023-07-31 12:03:05,10,12,9369,20206
2023-07-31 12:03:06,10,14,9369,20456
2023-07-31 12:03:07,10,13,9369,20456
2023-07-31 12:03:08,10,12,9369,20456
2023-07-31 12:03:29,10,14,9369,20456
2023-07-31 12:03:35,10,13,9369,20456
2023-07-31 12:03:47,10,14,9369,20456
2023-07-31 12:04:04,11,14,9369,20456
2023-07-31 12:04:58,11,13,9369,20456
2023-07-31 12:05:03,10,13,9369,20456
2023-07-31 12:05:41,10,12,9369,20456
2023-07-31 12:05:42,9,12,9369,20456
2023-07-31 12:07:29,10,12,9369,20456
2023-07-31 12:08:19,9,12,9369,20456
2023-07-31 12:08:23,9,11,9369,20456
2023-07-31 12:09:42,9,12,9369,20456
2023-07-31 12:10:16,9,11,9369,20456
2023-07-31 12:11:19,9,12,9369,20456
2023-07-31 12:12:15,10,12,9369,20456
2023-07-31 12:13:51,9,12,9369,20456
2023-07-31 12:14:25,9,11,9369,20456
2023-07-31 12:15:23,9,10,9369,20456
2023-07-31 12:15:25,8,10,9600,20706
2023-07-31 12:15:57,8,11,9600,20706
2023-07-31 12:15:58,9,11,9600,20706
2023-07-31 12:16:10,8,11,9600,20706
2023-07-31 12:16:13,9,11,9600,20706
2023-07-31 12:19:17,9,11,9769,21106
2023-07-31 12:19:18,9,11,10169,21506
2023-07-31 12:19:18,9,12,10369,21706
2023-07-31 12:19:27,9,13,10369,21706
2023-07-31 12:19:31,10,13,10369,21706
2023-07-31 12:20:33,10,14,10369,21706
2023-07-31 12:20:42,11,14,10369,21706
2023-07-31 12:20:53,11,13,10369,21706
2023-07-31 12:20:53,10,13,10369,21706
2023-07-31 12:21:31,10,14,10369,21706
2023-07-31 12:21:36,10,13,10369,21706
2023-07-31 12:21:51,11,13,10369,21706
2023-07-31 12:21:52,11,12,10369,21706
2023-07-31 12:21:55,9,12,10369,21956
2023-07-31 12:22:02,10,12,10369,21956
2023-07-31 12:22:04,10,13,10369,21956
2023-07-31 12:22:34,10,12,10369,21956
2023-07-31 12:22:39,9,12,10369,21956
2023-07-31 12:22:49,10,12,10369,21956
2023-07-31 12:22:57,10,13,10369,21956
2023-07-31 12:23:18,11,13,10369,21956
2023-07-31 12:23:23,10,13,10369,21956
2023-07-31 12:23:39,11,13,10369,21956
2023-07-31 12:23:39,11,14,10369,21956
2023-07-31 12:24:02,11,13,10369,21956
2023-07-31 12:24:14,10,13,10369,21956
2023-07-31 12:24:16,11,13,10369,21956
2023-07-31 12:24:18,11,14,10369,21956
2023-07-31 12:24:52,11,13,10369,21956
2023-07-31 12:24:59,11,14,10369,21956
2023-07-31 12:25:45,12,14,10369,21956
2023-07-31 12:25:46,11,14,10369,21956
2023-07-31 12:25:52,11,13,10369,21956
2023-07-31 12:25:56,11,14,10369,21956
2023-07-31 12:26:01,11,13,10369,21956
2023-07-31 12:26:11,11,14,10369,21956
2023-07-31 12:26:13,11,13,10369,21956
2023-07-31 12:26:15,11,14,10369,21956
2023-07-31 12:26:16,11,13,10369,21956
2023-07-31 12:26:17,11,14,10369,21956
2023-07-31 12:26:21,11,13,10369,21956
2023-07-31 12:26:29,11,12,10369,21956
2023-07-31 12:26:36,11,12,10369,22206
2023-07-31 12:26:36,11,13,10550,22456
2023-07-31 12:26:59,11,14,10550,22456
2023-07-31 12:26:59,11,13,10550,22456
2023-07-31 12:27:11,10,13,10550,22456
2023-07-31 12:27:13,11,13,10550,22456
2023-07-31 12:27:15,12,13,10550,22456
2023-07-31 12:27:23,12,14,10550,22456
2023-07-31 12:27:32,11,14,10550,22456
2023-07-31 12:27:32,11,13,10550,22456
2023-07-31 12:27:43,11,14,10550,22456
2023-07-31 12:27:58,11,13,10550,22456
2023-07-31 12:28:03,11,14,10550,22456
2023-07-31 12:28:07,11,13,10550,22456
2023-07-31 12:28:11,11,14,10550,22456
2023-07-31 12:28:14,11,13,10550,22456
2023-07-31 12:28:44,11,14,10550,22456
2023-07-31 12:28:57,12,14,10550,22456
2023-07-31 12:29:24,12,15,10550,22456
2023-07-31 12:29:26,12,14,10550,22456
2023-07-31 12:29:30,12,15,10550,22456
2023-07-31 12:29:32,12,14,10550,22456
2023-07-31 12:29:39,12,15,10550,22456
2023-07-31 12:29:48,12,14,10550,22456
2023-07-31 12:29:54,12,15,10550,22456
2023-07-31 12:29:56,12,14,10550,22456
2023-07-31 12:30:19,11,14,10550,22456
2023-07-31 12:30:28,12,14,10550,22456
2023-07-31 12:30:30,12,15,10550,22456
2023-07-31 12:30:32,12,14,10550,22456
2023-07-31 12:30:33,11,14,10550,22456
2023-07-31 12:30:43,11,13,10550,22456
2023-07-31 12:30:52,10,13,10550,22456
2023-07-31 12:31:41,11,13,10550,22456
2023-07-31 12:31:48,10,13,10550,22456
2023-07-31 12:31:50,11,13,10550,22456
2023-07-31 12:32:02,10,13,10550,22456
2023-07-31 12:32:57,10,12,10550,22456
2023-07-31 12:33:03,9,12,10550,22456
2023-07-31 12:33:27,9,11,10550,22456
2023-07-31 12:33:28,9,10,10550,22456
2023-07-31 12:33:31,9,11,10550,22456
2023-07-31 12:33:37,9,10,10550,22456
2023-07-31 12:33:50,9,11,10550,22456
2023-07-31 12:34:01,9,12,10550,22456
2023-07-31 12:34:03,9,11,10550,22456
2023-07-31 12:35:16,9,10,10550,22456
2023-07-31 12:35:29,8,10,10550,22456
2023-07-31 12:37:24,8,11,10550,22456
2023-07-31 12:37:26,8,10,10550,22456
2023-07-31 12:37:33,8,11,10550,22456
2023-07-31 12:37:34,8,10,10550,22456
2023-07-31 12:38:21,8,11,10550,22456
2023-07-31 12:38:23,8,10,10550,22456
2023-07-31 12:38:33,8,11,10550,22456
2023-07-31 12:38:38,8,10,10550,22456
2023-07-31 12:38:43,8,11,10550,22456
2023-07-31 12:38:47,9,11,10550,22456
2023-07-31 12:38:55,8,11,10550,22456
2023-07-31 12:38:57,8,10,10550,22456
2023-07-31 12:38:58,8,11,10550,22456
2023-07-31 12:38:59,8,10,10550,22456
2023-07-31 12:39:00,8,11,10550,22456
2023-07-31 12:39:17,8,10,10550,22456
2023-07-31 12:39:24,8,11,10550,22456
2023-07-31 12:39:29,8,10,10550,22456
2023-07-31 12:39:29,8,11,10650,22556
2023-07-31 12:39:38,8,10,10650,22556
2023-07-31 12:39:39,8,11,10650,22556
2023-07-31 12:39:43,8,11,10700,22606
2023-07-31 12:40:02,8,10,10700,22606
2023-07-31 12:40:42,7,10,10700,22606
2023-07-31 12:40:46,7,9,10700,22606
2023-07-31 12:41:15,8,9,10700,22606
2023-07-31 12:41:19,7,9,10700,22606
2023-07-31 12:42:20,7,8,10700,22606
2023-07-31 12:42:21,6,7,10700,22607
2023-07-31 12:42:23,6,8,10899,22806
2023-07-31 12:42:24,6,7,10899,22806
2023-07-31 12:42:25,6,8,11099,23006
2023-07-31 12:42:26,6,7,11099,23006
2023-07-31 12:42:27,6,8,11199,23106
2023-07-31 12:42:29,6,7,11199,23106
2023-07-31 12:42:30,6,8,11399,23306
2023-07-31 12:42:34,6,7,11399,23306
2023-07-31 12:42:34,6,8,11499,23406
2023-07-31 12:42:35,6,7,11499,23406
2023-07-31 12:42:36,6,8,11699,23606
2023-07-31 12:42:37,6,7,11699,23606
2023-07-31 12:42:39,6,8,11799,23706
2023-07-31 12:42:41,6,7,11799,23706
2023-07-31 12:42:42,6,8,11899,23806
2023-07-31 12:42:44,6,7,11899,23806
2023-07-31 12:42:44,6,8,11999,23906
2023-07-31 12:42:45,6,7,11999,23906
2023-07-31 12:42:45,6,7,12019,23926
2023-07-31 12:42:46,6,8,12099,24006
2023-07-31 12:43:05,6,7,12099,24006
2023-07-31 12:43:05,6,8,12199,24106
2023-07-31 12:43:07,6,7,12199,24106
2023-07-31 12:43:09,6,8,12399,24306
2023-07-31 12:43:09,6,7,12399,24306
2023-07-31 12:43:11,6,8,12399,24306
2023-07-31 12:43:24,6,7,12399,24306
2023-07-31 12:43:43,6,8,12399,24306
2023-07-31 12:44:43,7,9,12399,24306
2023-07-31 12:44:49,8,9,12399,24306
2023-07-31 12:44:51,7,9,12399,24306
2023-07-31 12:45:04,6,9,12399,24306
2023-07-31 12:46:09,6,8,12399,24306
2023-07-31 12:46:10,6,7,12399,24306
2023-07-31 12:46:11,6,8,12399,24306
2023-07-31 12:46:17,6,7,12399,24306
2023-07-31 12:46:31,6,7,12798,24706
2023-07-31 12:47:00,5,7,12849,24757
2023-07-31 12:47:03,5,8,12849,24757
2023-07-31 12:47:10,5,7,12849,24757
2023-07-31 12:47:14,5,8,12849,24757
2023-07-31 12:47:46,7,8,12849,24757
2023-07-31 12:48:57,7,9,12849,24757
2023-07-31 12:49:02,7,8,12849,24757
2023-07-31 12:49:22,7,9,12849,24757
2023-07-31 12:49:30,7,8,12849,24757
2023-07-31 12:49:31,5,7,12899,24807
2023-07-31 12:49:37,6,7,12899,24807
2023-07-31 12:49:40,6,8,13099,25007
2023-07-31 12:49:42,6,7,13099,25007
2023-07-31 12:49:44,6,8,13299,25207
2023-07-31 12:49:45,6,7,13299,25207
2023-07-31 12:49:48,6,8,13399,25307
2023-07-31 12:49:49,6,7,13399,25307
2023-07-31 12:49:50,6,8,13499,25407
2023-07-31 12:49:54,6,7,13499,25407
2023-07-31 12:49:55,6,8,13599,25507
2023-07-31 12:49:57,6,7,13599,25507
2023-07-31 12:49:57,6,8,13699,25607
2023-07-31 12:49:59,6,7,13699,25607
2023-07-31 12:49:59,6,8,13799,25707
2023-07-31 12:50:00,6,7,13799,25707
2023-07-31 12:50:00,6,8,13899,25807
2023-07-31 12:50:06,6,7,13899,25807
2023-07-31 12:50:21,6,8,13899,25807
2023-07-31 12:50:21,5,8,13899,25807
2023-07-31 12:52:38,5,7,13899,25807
2023-07-31 12:52:54,5,8,13899,25807
2023-07-31 12:53:01,5,7,13899,25807
2023-07-31 12:53:16,5,6,13899,25807
2023-07-31 12:54:27,5,7,13899,25807
2023-07-31 12:54:56,5,8,13899,25807
2023-07-31 12:55:14,5,7,13899,25807
2023-07-31 12:56:08,5,6,13899,25807
2023-07-31 12:57:18,4,5,13899,25808
2023-07-31 12:58:39,4,5,14298,26208
2023-07-31 12:58:40,3,5,14499,26409
2023-07-31 12:58:43,4,5,14499,26409
2023-07-31 12:58:44,3,5,14724,26634
2023-07-31 12:58:56,4,5,14724,26634
2023-07-31 12:59:06,3,5,14724,26634
2023-07-31 12:59:06,4,5,14724,26634
2023-07-31 12:59:12,4,5,16501,28411
2023-07-31 12:59:15,3,5,16501,28411
2023-07-31 12:59:29,4,5,16501,28411
2023-07-31 12:59:33,3,5,16501,28411
2023-07-31 13:01:00,3,5,16585,28496
2023-07-31 13:01:45,3,4,16585,28496
2023-07-31 13:01:48,3,5,16585,28496
2023-07-31 13:02:06,3,4,16585,28496
2023-07-31 13:02:07,3,5,16585,28496
2023-07-31 13:02:10,3,4,16585,28496
2023-07-31 13:02:56,3,5,16585,28496
2023-07-31 13:04:09,3,4,16585,28496
2023-07-31 13:04:41,3,4,16985,28896
2023-07-31 13:04:42,2,4,17001,28912
2023-07-31 13:04:46,2,3,17001,28912
2023-07-31 13:05:04,2,4,17001,28912
2023-07-31 13:07:08,2,4,17011,28922
2023-07-31 13:07:23,3,4,17011,28922
2023-07-31 13:08:13,3,4,17566,29477
2023-07-31 13:08:20,3,4,17666,29577
2023-07-31 13:08:21,3,4,17666,29977
2023-07-31 13:08:31,3,4,17866,30177
2023-07-31 13:08:36,3,7,18601,30912
2023-07-31 13:08:37,3,6,18601,30912
2023-07-31 13:08:41,4,6,18601,30912
2023-07-31 13:08:48,3,6,18601,30912
2023-07-31 13:08:48,4,6,18601,30912
2023-07-31 13:09:17,3,6,18601,30912
2023-07-31 13:09:17,4,6,18601,30912
2023-07-31 13:09:32,4,7,18601,30912
2023-07-31 13:09:32,3,7,18601,30912
2023-07-31 13:09:32,4,7,18601,30912
2023-07-31 13:09:37,4,7,18691,31002
2023-07-31 13:10:20,5,7,18691,31002
2023-07-31 13:10:31,5,8,18691,31002
2023-07-31 13:10:37,5,7,18691,31002
2023-07-31 13:10:42,6,7,18691,31002
2023-07-31 13:10:51,6,8,18691,31002
2023-07-31 13:11:03,5,8,18691,31002
2023-07-31 13:11:06,5,7,18691,31002
2023-07-31 13:11:16,5,7,18891,31202
2023-07-31 13:11:25,5,6,18891,31202
2023-07-31 13:11:33,5,8,18691,31402
2023-07-31 13:12:03,5,7,18691,31402
2023-07-31 13:12:10,5,8,18691,31402
2023-07-31 13:13:47,4,8,19441,32152
2023-07-31 13:13:48,4,7,19441,32152
2023-07-31 13:13:50,5,7,19441,32152
2023-07-31 13:14:01,4,7,19691,32402
2023-07-31 13:14:05,5,7,19691,32402
2023-07-31 13:14:13,5,6,19691,32402
2023-07-31 13:14:20,4,6,19791,32602
2023-07-31 13:14:24,5,6,19791,32602
2023-07-31 13:14:32,4,6,19791,32602
2023-07-31 13:14:44,3,6,19791,32602
2023-07-31 13:14:44,4,6,19791,32602
2023-07-31 13:14:46,4,5,19791,32602
2023-07-31 13:17:43,4,5,19791,32702
2023-07-31 13:18:02,4,5,19591,32902
2023-07-31 13:18:03,4,5,19091,33402
2023-07-31 13:18:07,4,5,19091,33462
2023-07-31 13:18:07,4,5,19091,33562
2023-07-31 13:18:13,2,5,18851,33802
2023-07-31 13:18:34,2,5,18850,33803
2023-07-31 13:20:40,3,5,18850,33803
2023-07-31 13:21:07,3,5,18950,33903
2023-07-31 13:21:12,3,6,18950,33903
2023-07-31 13:21:21,3,5,18950,33903
2023-07-31 13:21:25,3,6,18950,33903
2023-07-31 13:22:10,3,5,18950,33903
2023-07-31 13:24:06,3,6,18950,33903
2023-07-31 13:24:51,3,5,18950,33903
2023-07-31 13:25:22,2,5,18950,33903
2023-07-31 13:25:29,2,4,18950,33903
2023-07-31 13:25:30,2,3,18950,33903
2023-07-31 13:25:34,2,4,18950,33903
2023-07-31 13:25:42,2,3,18950,33903
2023-07-31 13:26:09,2,4,18950,33903
2023-07-31 13:26:12,2,5,18950,33903
2023-07-31 13:26:19,2,4,18950,33903
2023-07-31 13:26:20,2,3,18950,33903
2023-07-31 13:26:27,2,4,18950,33903
2023-07-31 13:26:28,2,5,18950,33903
2023-07-31 13:28:10,2,6,18950,33903
2023-07-31 13:28:25,3,6,18950,33903
2023-07-31 13:28:27,4,6,18950,33903
2023-07-31 13:29:02,3,6,18950,33903
2023-07-31 13:29:06,2,6,18950,33903
2023-07-31 13:29:06,3,6,18950,33903
2023-07-31 13:29:33,2,6,18950,33903
2023-07-31 13:29:34,2,5,18950,33903
2023-07-31 13:31:45,2,6,18950,33903
2023-07-31 13:32:03,3,6,18950,33903
2023-07-31 13:32:55,3,5,18950,33903
2023-07-31 13:33:37,3,6,18950,33903
2023-07-31 13:33:53,3,7,18950,33903
2023-07-31 13:34:09,3,6,18950,33903
2023-07-31 13:35:29,3,7,18950,33903
2023-07-31 13:35:38,4,7,18950,33903
2023-07-31 13:36:16,4,6,18950,33903
2023-07-31 13:36:19,4,7,18950,33903
2023-07-31 13:37:22,4,8,18950,33903
2023-07-31 13:37:24,5,8,18950,33903
2023-07-31 13:38:12,4,8,18950,34653
2023-07-31 13:38:12,4,7,18950,34653
2023-07-31 13:38:24,4,8,18950,34653
2023-07-31 13:38:24,4,6,18950,34653
2023-07-31 13:38:47,4,6,18950,34658
2023-07-31 13:39:09,5,6,18950,34658
2023-07-31 13:39:25,4,6,18950,34658
2023-07-31 13:39:25,5,6,18950,34658
2023-07-31 13:39:28,5,6,19050,34758
2023-07-31 13:39:35,5,8,19050,34758
2023-07-31 13:39:35,5,7,19050,34758
2023-07-31 13:39:35,4,7,19050,34758
2023-07-31 13:39:35,5,7,19050,34758
2023-07-31 13:40:01,4,7,19050,34758
2023-07-31 13:40:02,5,7,19050,34758
2023-07-31 13:40:03,5,7,19050,34921
2023-07-31 13:40:30,5,9,19050,34921
2023-07-31 13:40:30,5,8,19050,34921
2023-07-31 13:40:30,5,6,19050,34921
2023-07-31 13:40:30,4,6,19050,34921
2023-07-31 13:40:30,5,6,19050,34921
2023-07-31 13:40:35,4,6,19400,35271
2023-07-31 13:40:41,3,6,19400,35271
2023-07-31 13:40:41,4,6,19400,35271
2023-07-31 13:40:43,4,7,19400,35271
2023-07-31 13:40:43,4,5,19400,35271
2023-07-31 13:40:43,3,5,19400,35271
2023-07-31 13:40:43,4,5,19400,35271
2023-07-31 13:40:44,4,5,19400,35351
2023-07-31 13:40:55,4,7,19148,35603
2023-07-31 13:41:10,3,7,19148,35603
2023-07-31 13:41:31,4,7,19148,35603
2023-07-31 13:41:47,5,7,19148,35603
2023-07-31 13:41:55,5,8,19148,35603
2023-07-31 13:43:31,5,8,19133,35618
2023-07-31 13:45:05,5,8,19133,35701
2023-07-31 13:45:44,5,7,19133,35701
2023-07-31 13:46:26,5,6,19133,35701
2023-07-31 13:46:28,4,6,19133,35801
2023-07-31 13:46:29,4,5,19133,35801
2023-07-31 13:46:31,4,6,19133,35801
2023-07-31 13:46:34,4,7,19133,35801
2023-07-31 13:46:39,4,6,19133,35801
2023-07-31 13:46:43,3,6,19133,35801
2023-07-31 13:46:52,4,6,19133,35801
2023-07-31 13:46:56,3,6,19133,35801
2023-07-31 13:47:31,3,7,19133,35801
2023-07-31 13:48:13,3,6,19133,35801
2023-07-31 13:48:14,3,7,19133,35801
2023-07-31 13:48:43,3,7,19133,35881
2023-07-31 13:48:44,3,6,19133,35881
2023-07-31 13:48:47,3,7,19133,35881
2023-07-31 13:48:47,3,5,19133,35881
2023-07-31 13:49:39,2,5,19133,35881
2023-07-31 13:49:49,2,6,19133,35881
2023-07-31 13:49:49,2,4,19133,35881
2023-07-31 13:49:55,3,4,19133,35881
2023-07-31 13:49:56,3,6,19133,35881
2023-07-31 13:49:56,3,5,19133,35881
2023-07-31 13:50:10,2,5,19133,35881
2023-07-31 13:50:13,2,6,19133,35881
2023-07-31 13:50:13,2,4,19133,35881
2023-07-31 13:50:45,2,5,19133,35881
2023-07-31 13:50:45,2,3,19133,35881
2023-07-31 13:50:59,2,5,19133,35881
2023-07-31 13:50:59,2,4,19133,35881
2023-07-31 13:51:44,2,5,19133,35881
2023-07-31 13:51:44,2,3,19133,35881
2023-07-31 13:52:45,2,5,19133,35881
2023-07-31 13:52:45,2,4,19133,35881
2023-07-31 13:53:45,2,5,19133,35881
2023-07-31 13:53:45,2,3,19133,35881
2023-07-31 13:56:56,2,5,19133,35881
2023-07-31 13:56:56,2,4,19133,35881
2023-07-31 13:57:12,2,5,19133,35881
2023-07-31 13:57:12,2,3,19133,35881
2023-07-31 14:01:17,2,5,19133,35881
2023-07-31 14:01:17,2,4,19133,35881
2023-07-31 14:01:25,3,4,19133,35881
2023-07-31 14:01:48,2,4,19133,35881
2023-07-31 14:01:50,2,5,19133,35881
2023-07-31 14:01:50,2,3,19133,35881
2023-07-31 14:02:04,2,5,19133,35881
2023-07-31 14:02:04,2,4,19133,35881
2023-07-31 14:03:29,3,4,19133,35881
2023-07-31 14:03:51,2,4,19133,35881
2023-07-31 14:07:13,2,5,19133,35881
2023-07-31 14:07:13,2,3,19133,35881
2023-07-31 14:22:03,2,3,19133,35981
2023-07-31 14:22:26,2,3,18933,36181
2023-07-31 14:22:38,1,3,18933,36181
2023-07-31 14:22:59,1,2,18933,36181
2023-07-31 14:36:36,1,3,18933,36261
2023-07-31 14:37:29,1,2,18933,36261
2023-07-31 14:40:31,1,3,18933,36261
2023-07-31 14:41:13,1,3,18770,36424
2023-07-31 14:42:39,1,2,18770,36424
2023-07-31 14:42:40,1,3,18770,36424
2023-07-31 14:42:41,1,2,18770,36424
2023-07-31 14:42:42,1,3,18770,36424
2023-07-31 14:42:43,1,2,18770,36424
2023-07-31 14:44:13,1,3,18770,36424
2023-07-31 14:44:23,1,2,18770,36424
2023-07-31 14:44:26,1,3,18770,36424
2023-07-31 14:44:29,1,2,18770,36424
2023-07-31 14:44:31,1,3,18770,36424
2023-07-31 14:44:34,1,2,18770,36424
2023-07-31 14:44:52,1,3,18770,36424
2023-07-31 14:44:54,1,2,18770,36424
2023-07-31 14:45:00,1,3,18770,36424
2023-07-31 14:45:06,1,2,18770,36424
2023-07-31 14:45:34,1,3,18770,36424
2023-07-31 14:45:46,1,2,18770,36424
2023-07-31 14:45:47,1,3,18770,36424
2023-07-31 14:45:49,1,2,18770,36424
2023-07-31 14:45:51,1,3,18770,36424
2023-07-31 14:45:54,1,2,18770,36424
2023-07-31 14:48:36,1,3,18770,36424
2023-07-31 14:48:37,1,2,18770,36424
2023-07-31 14:48:39,1,3,18770,36424
2023-07-31 14:48:40,1,2,18770,36424
2023-07-31 14:48:41,1,3,18770,36424
2023-07-31 14:48:42,1,2,18770,36424
2023-07-31 14:48:44,1,3,18770,36424
2023-07-31 14:49:37,1,2,18770,36424
2023-07-31 14:49:53,1,3,18770,36424
2023-07-31 14:51:32,1,2,18770,36424
2023-07-31 14:51:34,1,3,18770,36424
2023-07-31 14:52:19,1,4,18770,36424
2023-07-31 14:52:25,1,3,18770,36424
2023-07-31 14:52:44,1,4,18770,36424
2023-07-31 14:53:30,1,3,18770,36424
2023-07-31 14:53:33,1,4,18770,36424
2023-07-31 14:53:34,1,3,18770,36424
2023-07-31 14:55:26,1,3,18770,36434
2023-07-31 14:56:01,1,4,18770,36434
2023-07-31 14:56:01,1,3,18770,36434
2023-07-31 14:56:12,1,4,18770,36434
2023-07-31 14:56:12,1,3,18770,36434
2023-07-31 14:56:13,1,4,18770,36434
2023-07-31 14:56:13,1,3,18770,36434
2023-07-31 14:56:19,1,4,18770,36434
2023-07-31 14:56:25,1,3,18770,36434
2023-07-31 14:56:32,1,4,18770,36434
2023-07-31 14:56:32,1,3,18770,36434
2023-07-31 14:56:38,1,4,18770,36434
2023-07-31 14:56:38,1,3,18770,36434
2023-07-31 14:56:44,1,4,18770,36434
2023-07-31 14:57:34,1,3,18770,36434
2023-07-31 14:57:47,1,4,18770,36434
2023-07-31 14:57:47,1,3,18770,36434
2023-07-31 14:57:54,1,4,18770,36434
2023-07-31 14:57:59,1,3,18770,36434
2023-07-31 14:58:09,1,4,18770,36434
2023-07-31 14:58:09,1,3,18770,36434
2023-07-31 14:58:14,1,4,18770,36434
2023-07-31 14:58:14,1,3,18770,36434
2023-07-31 14:58:22,1,4,18770,36434
2023-07-31 14:58:46,1,3,18770,36434
2023-07-31 14:58:49,1,4,18770,36434
2023-07-31 14:58:51,1,4,18770,36434
2023-07-31 14:58:51,1,3,18770,36434
2023-07-31 14:58:52,1,4,18770,36434
2023-07-31 14:58:52,1,3,18770,36434
2023-07-31 14:58:58,1,4,18770,36434
2023-07-31 14:58:58,1,3,18770,36434
2023-07-31 15:00:25,1,2,18770,36434
2023-07-31 15:00:27,1,3,18770,36434
2023-07-31 15:01:00,1,2,18770,36434
2023-07-31 15:02:12,1,2,18770,36551
2023-07-31 15:04:30,1,2,18570,36751
2023-07-31 15:08:06,1,2,18609,36951
2023-07-31 15:08:43,1,2,18721,37063
2023-07-31 15:10:46,1,2,18921,37263
2023-07-31 15:14:05,1,2,18922,37264
2023-07-31 15:14:13,1,2,18926,37268
2023-07-31 15:14:58,1,2,18927,37269
2023-07-31 15:17:05,1,2,18928,37270
2023-07-31 15:17:28,0,2,18928,37270
2023-07-31 15:23:26,1,2,18928,37270
2023-07-31 15:24:24,0,2,18928,37320
2023-07-31 15:26:02,0,1,18928,37320
2023-07-31 15:26:30,0,2,18928,37320
2023-07-31 15:31:55,0,1,18928,37320
