datetime,bid,ask,open_interest,volume
2023-10-12 09:30:56,52,100,19,26
2023-10-12 09:30:56,52,56,19,26
2023-10-12 09:31:03,52,100,19,26
2023-10-12 09:31:03,50,100,19,26
2023-10-12 09:31:03,51,100,19,26
2023-10-12 09:31:03,51,57,19,26
2023-10-12 09:31:03,51,55,19,26
2023-10-12 09:31:22,50,55,19,26
2023-10-12 09:31:22,50,100,19,26
2023-10-12 09:31:22,52,100,19,26
2023-10-12 09:31:22,52,56,19,26
2023-10-12 09:31:33,52,100,19,26
2023-10-12 09:31:33,50,100,19,26
2023-10-12 09:31:33,51,100,19,26
2023-10-12 09:31:33,51,55,19,26
2023-10-12 09:31:51,51,100,19,26
2023-10-12 09:31:51,50,100,19,26
2023-10-12 09:31:51,50,55,19,26
2023-10-12 09:31:51,50,53,19,26
2023-10-12 09:32:29,50,100,19,26
2023-10-12 09:32:29,50,58,19,26
2023-10-12 09:32:29,50,56,19,26
2023-10-12 09:33:05,50,100,19,26
2023-10-12 09:33:05,52,100,19,26
2023-10-12 09:33:05,52,57,19,26
2023-10-12 09:33:29,52,100,19,26
2023-10-12 09:33:29,50,100,19,26
2023-10-12 09:33:29,50,56,19,26
2023-10-12 09:33:40,50,100,19,26
2023-10-12 09:33:40,50,54,19,26
2023-10-12 09:34:41,50,100,19,26
2023-10-12 09:34:41,50,53,19,26
2023-10-12 09:35:34,50,100,19,26
2023-10-12 09:35:34,50,52,19,26
2023-10-12 09:35:40,50,100,19,26
2023-10-12 09:35:40,50,53,19,26
2023-10-12 09:35:59,50,100,19,26
2023-10-12 09:35:59,50,60,19,26
2023-10-12 09:35:59,50,58,19,26
2023-10-12 09:36:12,50,100,19,26
2023-10-12 09:36:12,50,56,19,26
2023-10-12 09:36:12,50,54,19,26
2023-10-12 09:36:32,50,100,19,26
2023-10-12 09:36:32,50,57,19,26
2023-10-12 09:36:32,50,55,19,26
2023-10-12 09:36:43,50,100,19,26
2023-10-12 09:36:43,50,56,19,26
2023-10-12 09:36:43,50,54,19,26
2023-10-12 09:37:14,50,100,19,26
2023-10-12 09:37:14,50,57,19,26
2023-10-12 09:37:14,50,55,19,26
2023-10-12 09:38:01,50,100,19,26
2023-10-12 09:38:01,50,57,19,26
2023-10-12 09:38:01,50,54,19,26
2023-10-12 09:38:46,50,100,19,26
2023-10-12 09:38:46,50,58,19,26
2023-10-12 09:38:46,50,55,19,26
2023-10-12 09:38:55,50,100,19,26
2023-10-12 09:38:55,50,57,19,26
2023-10-12 09:38:55,50,54,19,26
2023-10-12 09:39:54,50,100,19,26
2023-10-12 09:39:54,50,54,19,26
2023-10-12 09:39:54,50,52,19,26
2023-10-12 09:40:05,50,100,19,26
2023-10-12 09:40:05,50,54,19,26
2023-10-12 09:40:05,50,51,19,26
2023-10-12 09:40:30,50,100,19,26
2023-10-12 09:40:30,50,52,19,26
2023-10-12 09:40:30,46,50,20,27
2023-10-12 09:40:45,46,100,20,27
2023-10-12 09:40:45,46,53,20,27
2023-10-12 09:40:45,46,51,20,27
2023-10-12 09:41:16,46,51,21,28
2023-10-12 09:41:45,46,100,21,28
2023-10-12 09:41:46,46,51,21,28
2023-10-12 09:42:03,46,100,21,28
2023-10-12 09:42:03,46,52,21,28
2023-10-12 09:42:03,46,50,21,28
2023-10-12 09:42:38,46,100,21,28
2023-10-12 09:42:38,46,48,21,28
2023-10-12 09:42:49,46,100,21,28
2023-10-12 09:42:49,46,47,21,28
2023-10-12 09:43:49,46,100,21,28
2023-10-12 09:43:50,46,51,21,28
2023-10-12 09:43:50,46,48,21,28
2023-10-12 09:44:41,46,100,21,28
2023-10-12 09:44:41,46,47,21,28
2023-10-12 09:45:25,46,100,21,28
2023-10-12 09:45:25,46,48,21,28
2023-10-12 09:45:42,46,100,21,28
2023-10-12 09:45:42,43,46,22,29
2023-10-12 09:46:22,43,100,22,29
2023-10-12 09:46:22,43,48,22,29
2023-10-12 09:46:57,43,100,22,29
2023-10-12 09:46:57,43,50,22,29
2023-10-12 09:46:57,43,47,22,29
2023-10-12 09:47:10,43,100,22,29
2023-10-12 09:47:10,43,47,22,29
2023-10-12 09:47:10,43,45,22,29
2023-10-12 09:47:20,43,100,22,29
2023-10-12 09:47:20,43,50,22,29
2023-10-12 09:47:20,43,47,22,29
2023-10-12 09:48:04,43,100,22,29
2023-10-12 09:48:04,43,45,22,29
2023-10-12 09:49:04,43,47,22,29
2023-10-12 09:49:05,43,47,22,29
2023-10-12 09:49:05,43,45,22,29
2023-10-12 09:49:25,43,75,22,29
2023-10-12 09:49:25,43,47,22,29
2023-10-12 09:49:25,43,44,22,29
2023-10-12 09:50:17,43,75,22,29
2023-10-12 09:50:17,43,47,22,29
2023-10-12 09:50:17,43,45,22,29
2023-10-12 09:50:55,43,75,22,29
2023-10-12 09:50:55,43,48,22,29
2023-10-12 09:50:55,43,46,22,29
2023-10-12 09:51:40,43,75,22,29
2023-10-12 09:51:40,43,48,22,29
2023-10-12 09:52:24,43,75,22,29
2023-10-12 09:52:24,43,48,22,29
2023-10-12 09:52:24,43,46,22,29
2023-10-12 09:52:48,43,75,22,29
2023-10-12 09:52:48,43,45,22,29
2023-10-12 09:53:48,43,47,22,29
2023-10-12 09:53:49,43,45,22,29
2023-10-12 09:54:33,43,75,22,29
2023-10-12 09:54:33,43,44,22,29
2023-10-12 09:54:41,43,75,22,29
2023-10-12 09:54:41,36,43,23,30
2023-10-12 09:54:56,36,75,23,30
2023-10-12 09:54:56,0,75,23,30
2023-10-12 09:54:56,35,75,23,30
2023-10-12 09:54:56,35,40,23,30
2023-10-12 09:55:21,35,75,23,30
2023-10-12 09:55:21,0,75,23,30
2023-10-12 09:55:21,31,75,23,30
2023-10-12 09:55:21,33,75,23,30
2023-10-12 09:55:21,33,41,23,30
2023-10-12 09:55:21,33,39,23,30
2023-10-12 09:56:21,33,41,23,30
2023-10-12 09:56:21,34,75,23,30
2023-10-12 09:56:21,34,40,23,30
2023-10-12 09:57:03,34,75,23,30
2023-10-12 09:57:03,0,75,23,30
2023-10-12 09:57:03,31,75,23,30
2023-10-12 09:57:03,33,75,23,30
2023-10-12 09:57:03,33,41,23,30
2023-10-12 09:57:03,33,39,23,30
2023-10-12 09:57:23,33,75,23,30
2023-10-12 09:57:23,0,75,23,30
2023-10-12 09:57:23,32,75,23,30
2023-10-12 09:57:23,32,39,23,30
2023-10-12 09:57:23,32,37,23,30
2023-10-12 09:58:03,33,37,23,30
2023-10-12 09:58:20,33,75,23,30
2023-10-12 09:58:20,33,36,23,30
2023-10-12 09:58:27,33,75,23,30
2023-10-12 09:58:27,33,37,23,30
2023-10-12 09:59:03,33,75,23,30
2023-10-12 09:59:03,33,41,23,30
2023-10-12 09:59:03,33,39,23,30
2023-10-12 09:59:37,33,75,23,30
2023-10-12 09:59:37,34,75,23,30
2023-10-12 09:59:37,34,43,23,30
2023-10-12 09:59:37,34,40,23,30
2023-10-12 09:59:53,33,40,23,30
2023-10-12 09:59:53,33,75,23,30
2023-10-12 09:59:53,36,75,23,30
2023-10-12 09:59:53,36,41,23,30
2023-10-12 10:00:08,36,75,23,30
2023-10-12 10:00:08,33,75,23,30
2023-10-12 10:00:08,34,75,23,30
2023-10-12 10:00:08,34,40,23,30
2023-10-12 10:01:03,34,75,23,30
2023-10-12 10:01:03,33,75,23,30
2023-10-12 10:01:03,33,40,23,30
2023-10-12 10:01:03,33,38,23,30
2023-10-12 10:01:13,33,75,23,30
2023-10-12 10:01:13,33,39,23,30
2023-10-12 10:01:13,33,37,23,30
2023-10-12 10:01:59,33,75,23,30
2023-10-12 10:01:59,33,36,23,30
2023-10-12 10:02:24,33,38,23,30
2023-10-12 10:02:24,33,75,23,30
2023-10-12 10:03:30,33,38,23,30
2023-10-12 10:03:30,33,36,23,30
2023-10-12 10:04:29,33,75,23,30
2023-10-12 10:04:29,33,37,23,30
2023-10-12 10:04:37,33,75,23,30
2023-10-12 10:04:37,33,41,23,30
2023-10-12 10:04:37,33,39,23,30
2023-10-12 10:05:37,33,41,23,30
2023-10-12 10:05:38,34,75,23,30
2023-10-12 10:05:38,34,40,23,30
2023-10-12 10:06:29,0,40,23,30
2023-10-12 10:06:29,0,75,23,30
2023-10-12 10:06:29,33,75,23,30
2023-10-12 10:06:29,35,75,23,30
2023-10-12 10:06:29,35,41,23,30
2023-10-12 10:06:52,0,41,23,30
2023-10-12 10:06:52,0,75,23,30
2023-10-12 10:06:52,37,75,23,30
2023-10-12 10:06:52,37,46,23,30
2023-10-12 10:06:52,37,44,23,30
2023-10-12 10:07:05,0,44,23,30
2023-10-12 10:07:05,0,75,23,30
2023-10-12 10:07:05,36,75,23,30
2023-10-12 10:07:05,38,75,23,30
2023-10-12 10:07:05,38,44,23,30
2023-10-12 10:07:23,38,75,23,30
2023-10-12 10:07:23,0,75,23,30
2023-10-12 10:07:23,35,75,23,30
2023-10-12 10:07:23,37,75,23,30
2023-10-12 10:07:23,37,46,23,30
2023-10-12 10:07:23,37,44,23,30
2023-10-12 10:08:23,35,44,23,30
2023-10-12 10:08:24,35,75,23,30
2023-10-12 10:08:24,37,75,23,30
2023-10-12 10:08:24,37,46,23,30
2023-10-12 10:08:24,37,44,23,30
2023-10-12 10:09:23,37,75,23,30
2023-10-12 10:09:23,0,75,23,30
2023-10-12 10:09:23,36,75,23,30
2023-10-12 10:09:23,36,44,23,30
2023-10-12 10:09:23,36,43,23,30
2023-10-12 10:10:16,0,43,23,30
2023-10-12 10:10:16,0,75,23,30
2023-10-12 10:10:16,37,75,23,30
2023-10-12 10:10:16,37,46,23,30
2023-10-12 10:10:16,37,44,23,30
2023-10-12 10:10:49,0,44,23,30
2023-10-12 10:10:49,0,75,23,30
2023-10-12 10:10:49,39,75,23,30
2023-10-12 10:10:49,39,44,23,30
2023-10-12 10:11:11,0,44,23,30
2023-10-12 10:11:11,0,75,23,30
2023-10-12 10:11:11,38,75,23,30
2023-10-12 10:11:11,40,75,23,30
2023-10-12 10:11:11,40,48,23,30
2023-10-12 10:11:11,40,46,23,30
2023-10-12 10:11:21,0,46,23,30
2023-10-12 10:11:21,0,75,23,30
2023-10-12 10:11:21,39,75,23,30
2023-10-12 10:11:21,41,75,23,30
2023-10-12 10:11:21,41,47,23,30
2023-10-12 10:11:31,0,47,23,30
2023-10-12 10:11:31,0,75,23,30
2023-10-12 10:11:31,42,75,23,30
2023-10-12 10:11:31,42,48,23,30
2023-10-12 10:12:06,0,48,23,30
2023-10-12 10:12:06,0,75,23,30
2023-10-12 10:12:06,42,75,23,30
2023-10-12 10:12:06,44,75,23,30
2023-10-12 10:12:06,44,50,23,30
2023-10-12 10:12:18,0,50,23,30
2023-10-12 10:12:18,0,75,23,30
2023-10-12 10:12:18,45,75,23,30
2023-10-12 10:12:18,45,51,23,30
2023-10-12 10:12:31,45,75,23,30
2023-10-12 10:12:31,0,75,23,30
2023-10-12 10:12:31,42,75,23,30
2023-10-12 10:12:31,44,75,23,30
2023-10-12 10:12:31,44,52,23,30
2023-10-12 10:12:31,44,50,23,30
2023-10-12 10:13:30,44,75,23,30
2023-10-12 10:13:30,0,75,23,30
2023-10-12 10:13:30,42,75,23,30
2023-10-12 10:13:30,42,50,23,30
2023-10-12 10:13:30,42,48,23,30
2023-10-12 10:13:57,42,75,23,30
2023-10-12 10:13:57,0,75,23,30
2023-10-12 10:13:57,39,75,23,30
2023-10-12 10:13:57,41,75,23,30
2023-10-12 10:13:57,41,50,23,30
2023-10-12 10:13:57,41,47,23,30
2023-10-12 10:14:12,0,47,23,30
2023-10-12 10:14:12,0,75,23,30
2023-10-12 10:14:12,43,75,23,30
2023-10-12 10:14:12,43,49,23,30
2023-10-12 10:15:06,0,49,23,30
2023-10-12 10:15:06,0,75,23,30
2023-10-12 10:15:06,41,75,23,30
2023-10-12 10:15:06,44,75,23,30
2023-10-12 10:15:06,44,53,23,30
2023-10-12 10:15:06,44,50,23,30
2023-10-12 10:15:17,44,75,23,30
2023-10-12 10:15:17,0,75,23,30
2023-10-12 10:15:17,39,75,23,30
2023-10-12 10:15:17,42,75,23,30
2023-10-12 10:15:17,42,51,23,30
2023-10-12 10:15:17,42,48,23,30
2023-10-12 10:16:17,42,75,23,30
2023-10-12 10:16:18,42,75,23,30
2023-10-12 10:16:18,42,50,23,30
2023-10-12 10:16:18,42,48,23,30
2023-10-12 10:16:24,42,75,23,30
2023-10-12 10:16:24,0,75,23,30
2023-10-12 10:16:24,41,75,23,30
2023-10-12 10:16:24,41,46,23,30
2023-10-12 10:16:28,41,75,23,30
2023-10-12 10:16:28,0,75,23,30
2023-10-12 10:16:28,39,75,23,30
2023-10-12 10:16:28,39,45,23,30
2023-10-12 10:17:28,39,75,23,30
2023-10-12 10:17:29,37,75,23,30
2023-10-12 10:17:29,39,75,23,30
2023-10-12 10:17:29,39,47,23,30
2023-10-12 10:17:29,39,44,23,30
2023-10-12 10:18:21,0,44,23,30
2023-10-12 10:18:21,0,75,23,30
2023-10-12 10:18:21,39,75,23,30
2023-10-12 10:18:21,41,75,23,30
2023-10-12 10:18:21,41,48,23,30
2023-10-12 10:18:21,41,46,23,30
2023-10-12 10:19:16,0,46,23,30
2023-10-12 10:19:16,0,75,23,30
2023-10-12 10:19:16,40,75,23,30
2023-10-12 10:19:16,42,75,23,30
2023-10-12 10:19:16,42,51,23,30
2023-10-12 10:19:16,42,48,23,30
2023-10-12 10:20:11,42,75,23,30
2023-10-12 10:20:11,0,75,23,30
2023-10-12 10:20:11,38,75,23,30
2023-10-12 10:20:11,40,75,23,30
2023-10-12 10:20:11,40,48,23,30
2023-10-12 10:20:11,40,46,23,30
2023-10-12 10:20:55,0,46,23,30
2023-10-12 10:20:55,0,75,23,30
2023-10-12 10:20:55,39,75,23,30
2023-10-12 10:20:55,42,75,23,30
2023-10-12 10:20:55,42,48,23,30
2023-10-12 10:21:55,39,48,23,30
2023-10-12 10:21:56,41,75,23,30
2023-10-12 10:21:56,41,47,23,30
2023-10-12 10:22:03,0,47,23,30
2023-10-12 10:22:03,0,75,23,30
2023-10-12 10:22:03,41,75,23,30
2023-10-12 10:22:03,43,75,23,30
2023-10-12 10:22:03,43,52,23,30
2023-10-12 10:22:03,43,49,23,30
2023-10-12 10:22:32,0,49,23,30
2023-10-12 10:22:32,0,75,23,30
2023-10-12 10:22:32,41,75,23,30
2023-10-12 10:22:32,44,75,23,30
2023-10-12 10:22:32,44,50,23,30
2023-10-12 10:22:49,0,50,23,30
2023-10-12 10:22:49,0,75,23,30
2023-10-12 10:22:49,44,75,23,30
2023-10-12 10:22:49,46,75,23,30
2023-10-12 10:22:49,46,52,23,30
2023-10-12 10:23:39,46,75,23,30
2023-10-12 10:23:39,0,75,23,30
2023-10-12 10:23:39,42,75,23,30
2023-10-12 10:23:39,44,75,23,30
2023-10-12 10:23:39,44,53,23,30
2023-10-12 10:23:39,44,50,23,30
2023-10-12 10:24:03,0,50,23,30
2023-10-12 10:24:03,0,75,23,30
2023-10-12 10:24:03,45,75,23,30
2023-10-12 10:24:03,45,54,23,30
2023-10-12 10:24:03,45,51,23,30
2023-10-12 10:24:33,45,75,23,30
2023-10-12 10:24:33,0,75,23,30
2023-10-12 10:24:33,44,75,23,30
2023-10-12 10:24:33,44,50,23,30
2023-10-12 10:24:37,44,75,23,30
2023-10-12 10:24:37,0,75,23,30
2023-10-12 10:24:37,43,75,23,30
2023-10-12 10:24:37,43,51,23,30
2023-10-12 10:24:37,43,49,23,30
2023-10-12 10:25:37,41,49,23,30
2023-10-12 10:25:38,40,75,23,30
2023-10-12 10:25:38,42,75,23,30
2023-10-12 10:25:38,42,48,23,30
2023-10-12 10:26:05,0,48,23,30
2023-10-12 10:26:05,0,75,23,30
2023-10-12 10:26:05,41,75,23,30
2023-10-12 10:26:05,43,75,23,30
2023-10-12 10:26:05,43,49,23,30
2023-10-12 10:26:33,0,49,23,30
2023-10-12 10:26:33,0,75,23,30
2023-10-12 10:26:33,44,75,23,30
2023-10-12 10:26:33,44,52,23,30
2023-10-12 10:26:33,44,50,23,30
2023-10-12 10:27:21,0,50,23,30
2023-10-12 10:27:21,0,75,23,30
2023-10-12 10:27:21,45,75,23,30
2023-10-12 10:27:21,45,55,23,30
2023-10-12 10:27:26,0,55,23,30
2023-10-12 10:27:26,0,75,23,30
2023-10-12 10:27:26,47,75,23,30
2023-10-12 10:27:26,49,75,23,30
2023-10-12 10:27:26,49,57,23,30
2023-10-12 10:27:26,49,55,23,30
2023-10-12 10:27:35,0,55,23,30
2023-10-12 10:27:35,0,75,23,30
2023-10-12 10:27:35,50,75,23,30
2023-10-12 10:27:35,50,56,23,30
2023-10-12 10:27:41,0,56,23,30
2023-10-12 10:27:41,0,75,23,30
2023-10-12 10:27:41,51,75,23,30
2023-10-12 10:27:41,51,60,23,30
2023-10-12 10:27:41,51,57,23,30
2023-10-12 10:28:17,51,75,23,30
2023-10-12 10:28:17,0,75,23,30
2023-10-12 10:28:17,47,75,23,30
2023-10-12 10:28:17,50,75,23,30
2023-10-12 10:28:17,50,56,23,30
2023-10-12 10:28:37,50,75,23,30
2023-10-12 10:28:37,0,75,23,30
2023-10-12 10:28:37,48,75,23,30
2023-10-12 10:28:37,48,56,23,30
2023-10-12 10:28:37,48,54,23,30
2023-10-12 10:28:42,48,75,23,30
2023-10-12 10:28:42,0,75,23,30
2023-10-12 10:28:42,44,75,23,30
2023-10-12 10:28:42,47,75,23,30
2023-10-12 10:28:42,47,55,23,30
2023-10-12 10:28:42,47,52,23,30
2023-10-12 10:28:44,47,75,23,30
2023-10-12 10:28:44,0,75,23,30
2023-10-12 10:28:44,43,75,23,30
2023-10-12 10:28:44,45,75,23,30
2023-10-12 10:28:44,45,53,23,30
2023-10-12 10:28:44,45,51,23,30
2023-10-12 10:28:49,45,75,23,30
2023-10-12 10:28:49,0,75,23,30
2023-10-12 10:28:49,44,75,23,30
2023-10-12 10:28:49,44,52,23,30
2023-10-12 10:28:49,44,49,23,30
2023-10-12 10:29:10,44,75,23,30
2023-10-12 10:29:10,0,75,23,30
2023-10-12 10:29:10,40,75,23,30
2023-10-12 10:29:10,42,75,23,30
2023-10-12 10:29:10,42,48,23,30
2023-10-12 10:29:16,42,75,23,30
2023-10-12 10:29:16,0,75,23,30
2023-10-12 10:29:16,38,75,23,30
2023-10-12 10:29:16,40,75,23,30
2023-10-12 10:29:16,40,46,23,30
2023-10-12 10:30:16,40,49,23,30
2023-10-12 10:30:17,39,75,23,30
2023-10-12 10:30:17,39,47,23,30
2023-10-12 10:30:17,39,45,23,30
2023-10-12 10:30:38,45,47,98,105
2023-10-12 10:30:42,45,75,98,105
2023-10-12 10:30:42,45,48,98,105
2023-10-12 10:30:42,45,46,98,105
2023-10-12 10:31:42,45,75,98,105
2023-10-12 10:31:43,45,49,98,105
2023-10-12 10:31:43,45,46,98,105
2023-10-12 10:32:15,45,75,98,105
2023-10-12 10:32:15,45,48,98,105
2023-10-12 10:32:15,39,48,223,230
2023-10-12 10:32:52,39,75,223,230
2023-10-12 10:32:52,0,75,223,230
2023-10-12 10:32:52,36,75,223,230
2023-10-12 10:32:52,38,75,223,230
2023-10-12 10:32:52,38,45,223,230
2023-10-12 10:32:52,38,44,223,230
2023-10-12 10:33:47,38,75,223,230
2023-10-12 10:33:47,0,75,223,230
2023-10-12 10:33:47,36,75,223,230
2023-10-12 10:33:47,36,43,223,230
2023-10-12 10:34:07,0,43,223,230
2023-10-12 10:34:07,0,75,223,230
2023-10-12 10:34:07,36,75,223,230
2023-10-12 10:34:07,38,75,223,230
2023-10-12 10:34:07,38,46,223,230
2023-10-12 10:34:07,38,44,223,230
2023-10-12 10:34:32,0,44,223,230
2023-10-12 10:34:32,0,75,223,230
2023-10-12 10:34:32,39,75,223,230
2023-10-12 10:34:32,39,48,223,230
2023-10-12 10:34:32,39,45,223,230
2023-10-12 10:35:08,0,45,223,230
2023-10-12 10:35:08,0,75,223,230
2023-10-12 10:35:08,40,75,223,230
2023-10-12 10:35:08,40,48,223,230
2023-10-12 10:35:08,40,46,223,230
2023-10-12 10:35:22,40,75,223,230
2023-10-12 10:35:22,0,75,223,230
2023-10-12 10:35:22,39,75,223,230
2023-10-12 10:35:22,39,45,223,230
2023-10-12 10:35:33,39,75,223,230
2023-10-12 10:35:33,0,75,223,230
2023-10-12 10:35:33,32,75,223,230
2023-10-12 10:35:33,34,75,223,230
2023-10-12 10:35:33,34,45,223,230
2023-10-12 10:36:22,0,45,223,230
2023-10-12 10:36:22,0,75,223,230
2023-10-12 10:36:22,38,75,223,230
2023-10-12 10:36:22,38,44,223,230
2023-10-12 10:36:32,0,44,223,230
2023-10-12 10:36:32,0,75,223,230
2023-10-12 10:36:32,39,75,223,230
2023-10-12 10:36:32,39,45,223,230
2023-10-12 10:37:32,0,45,223,230
2023-10-12 10:37:33,37,75,223,230
2023-10-12 10:37:33,39,75,223,230
2023-10-12 10:37:33,39,45,223,230
2023-10-12 10:37:41,0,45,223,230
2023-10-12 10:37:41,0,75,223,230
2023-10-12 10:37:41,37,75,223,230
2023-10-12 10:37:41,39,75,223,230
2023-10-12 10:37:41,39,52,223,230
2023-10-12 10:37:41,39,49,223,230
2023-10-12 10:38:16,39,75,223,230
2023-10-12 10:38:16,0,75,223,230
2023-10-12 10:38:16,39,75,223,230
2023-10-12 10:38:16,39,47,223,230
2023-10-12 10:38:16,39,45,223,230
2023-10-12 10:39:16,39,47,223,230
2023-10-12 10:39:17,36,75,223,230
2023-10-12 10:39:17,38,75,223,230
2023-10-12 10:39:17,38,47,223,230
2023-10-12 10:39:17,38,44,223,230
2023-10-12 10:39:59,38,75,223,230
2023-10-12 10:39:59,0,75,223,230
2023-10-12 10:39:59,37,75,223,230
2023-10-12 10:39:59,37,44,223,230
2023-10-12 10:40:26,0,44,223,230
2023-10-12 10:40:26,0,75,223,230
2023-10-12 10:40:26,38,75,223,230
2023-10-12 10:40:26,38,47,223,230
2023-10-12 10:40:26,38,44,223,230
2023-10-12 10:40:41,38,75,223,230
2023-10-12 10:40:41,0,75,223,230
2023-10-12 10:40:41,37,75,223,230
2023-10-12 10:40:41,37,45,223,230
2023-10-12 10:40:41,37,44,223,230
2023-10-12 10:40:52,0,44,223,230
2023-10-12 10:40:52,0,75,223,230
2023-10-12 10:40:52,36,75,223,230
2023-10-12 10:40:52,38,75,223,230
2023-10-12 10:40:52,38,46,223,230
2023-10-12 10:40:52,38,44,223,230
2023-10-12 10:40:56,0,44,223,230
2023-10-12 10:40:56,0,75,223,230
2023-10-12 10:40:56,38,75,223,230
2023-10-12 10:40:56,40,75,223,230
2023-10-12 10:40:56,40,49,223,230
2023-10-12 10:40:56,40,46,223,230
2023-10-12 10:41:56,0,46,223,230
2023-10-12 10:41:57,38,75,223,230
2023-10-12 10:41:57,40,75,223,230
2023-10-12 10:41:57,40,46,223,230
2023-10-12 10:42:17,40,75,223,230
2023-10-12 10:42:17,0,75,223,230
2023-10-12 10:42:17,39,75,223,230
2023-10-12 10:42:17,39,45,223,230
2023-10-12 10:42:45,39,75,223,230
2023-10-12 10:42:45,0,75,223,230
2023-10-12 10:42:45,38,75,223,230
2023-10-12 10:42:45,38,44,223,230
2023-10-12 10:43:45,38,46,223,230
2023-10-12 10:43:46,36,75,223,230
2023-10-12 10:43:46,38,75,223,230
2023-10-12 10:43:46,38,44,223,230
2023-10-12 10:44:31,38,75,223,230
2023-10-12 10:44:31,0,75,223,230
2023-10-12 10:44:31,34,75,223,230
2023-10-12 10:44:31,36,75,223,230
2023-10-12 10:44:31,36,44,223,230
2023-10-12 10:44:31,36,43,223,230
2023-10-12 10:44:37,36,75,223,230
2023-10-12 10:44:37,0,75,223,230
2023-10-12 10:44:37,33,75,223,230
2023-10-12 10:44:37,35,75,223,230
2023-10-12 10:44:37,35,44,223,230
2023-10-12 10:44:37,35,41,223,230
2023-10-12 10:44:47,35,75,223,230
2023-10-12 10:44:47,0,75,223,230
2023-10-12 10:44:47,33,75,223,230
2023-10-12 10:44:47,33,39,223,230
2023-10-12 10:44:58,33,75,223,230
2023-10-12 10:44:58,0,75,223,230
2023-10-12 10:44:58,32,75,223,230
2023-10-12 10:44:58,32,40,223,230
2023-10-12 10:44:58,32,38,223,230
2023-10-12 10:45:03,32,75,223,230
2023-10-12 10:45:03,0,75,223,230
2023-10-12 10:45:03,28,75,223,230
2023-10-12 10:45:03,31,75,223,230
2023-10-12 10:45:03,31,38,223,230
2023-10-12 10:45:03,31,36,223,230
2023-10-12 10:45:18,0,36,223,230
2023-10-12 10:45:18,0,75,223,230
2023-10-12 10:45:18,32,75,223,230
2023-10-12 10:45:18,32,40,223,230
2023-10-12 10:45:18,32,38,223,230
2023-10-12 10:45:28,0,38,223,230
2023-10-12 10:45:28,0,75,223,230
2023-10-12 10:45:28,31,75,223,230
2023-10-12 10:45:28,33,75,223,230
2023-10-12 10:45:28,33,41,223,230
2023-10-12 10:45:28,33,39,223,230
2023-10-12 10:46:04,0,39,223,230
2023-10-12 10:46:04,0,75,223,230
2023-10-12 10:46:04,35,75,223,230
2023-10-12 10:46:04,35,41,223,230
2023-10-12 10:46:06,0,41,223,230
2023-10-12 10:46:06,0,75,223,230
2023-10-12 10:46:06,36,75,223,230
2023-10-12 10:46:06,36,45,223,230
2023-10-12 10:46:06,36,43,223,230
2023-10-12 10:46:34,0,43,223,230
2023-10-12 10:46:34,0,75,223,230
2023-10-12 10:46:34,36,75,223,230
2023-10-12 10:46:34,38,75,223,230
2023-10-12 10:46:34,38,47,223,230
2023-10-12 10:46:34,38,44,223,230
2023-10-12 10:46:41,0,44,223,230
2023-10-12 10:46:41,0,75,223,230
2023-10-12 10:46:41,40,75,223,230
2023-10-12 10:46:41,40,49,223,230
2023-10-12 10:46:41,40,46,223,230
2023-10-12 10:47:25,40,75,223,230
2023-10-12 10:47:25,0,75,223,230
2023-10-12 10:47:25,36,75,223,230
2023-10-12 10:47:25,38,75,223,230
2023-10-12 10:47:25,38,44,223,230
2023-10-12 10:48:25,0,44,223,230
2023-10-12 10:48:26,36,75,223,230
2023-10-12 10:48:26,38,75,223,230
2023-10-12 10:48:26,38,46,223,230
2023-10-12 10:48:26,38,44,223,230
2023-10-12 10:48:43,0,44,223,230
2023-10-12 10:48:43,0,75,223,230
2023-10-12 10:48:43,40,75,223,230
2023-10-12 10:48:43,40,46,223,230
2023-10-12 10:49:34,40,75,223,230
2023-10-12 10:49:34,0,75,223,230
2023-10-12 10:49:34,38,75,223,230
2023-10-12 10:49:34,38,44,223,230
2023-10-12 10:50:34,38,46,223,230
2023-10-12 10:50:35,39,75,223,230
2023-10-12 10:50:35,39,45,223,230
2023-10-12 10:51:17,0,45,223,230
2023-10-12 10:51:17,0,75,223,230
2023-10-12 10:51:17,40,75,223,230
2023-10-12 10:51:17,40,46,223,230
2023-10-12 10:51:28,40,75,223,230
2023-10-12 10:51:28,0,75,223,230
2023-10-12 10:51:28,37,75,223,230
2023-10-12 10:51:28,39,75,223,230
2023-10-12 10:51:28,39,45,223,230
2023-10-12 10:51:35,39,75,223,230
2023-10-12 10:51:35,0,75,223,230
2023-10-12 10:51:35,37,75,223,230
2023-10-12 10:51:35,37,44,223,230
2023-10-12 10:52:04,37,75,223,230
2023-10-12 10:52:04,0,75,223,230
2023-10-12 10:52:04,34,75,223,230
2023-10-12 10:52:04,36,75,223,230
2023-10-12 10:52:04,36,45,223,230
2023-10-12 10:52:04,36,43,223,230
2023-10-12 10:52:16,0,43,223,230
2023-10-12 10:52:16,0,75,223,230
2023-10-12 10:52:16,37,75,223,230
2023-10-12 10:52:16,37,45,223,230
2023-10-12 10:52:16,37,44,223,230
2023-10-12 10:52:52,37,75,223,230
2023-10-12 10:52:52,0,75,223,230
2023-10-12 10:52:52,34,75,223,230
2023-10-12 10:52:52,36,75,223,230
2023-10-12 10:52:52,36,44,223,230
2023-10-12 10:52:52,36,43,223,230
2023-10-12 10:53:52,36,44,223,230
2023-10-12 10:53:53,35,75,223,230
2023-10-12 10:53:53,37,75,223,230
2023-10-12 10:53:53,37,44,223,230
2023-10-12 10:54:08,37,75,223,230
2023-10-12 10:54:08,0,75,223,230
2023-10-12 10:54:08,33,75,223,230
2023-10-12 10:54:08,35,75,223,230
2023-10-12 10:54:08,35,44,223,230
2023-10-12 10:54:08,35,41,223,230
2023-10-12 10:54:58,0,41,223,230
2023-10-12 10:54:58,0,75,223,230
2023-10-12 10:54:58,37,75,223,230
2023-10-12 10:54:58,37,46,223,230
2023-10-12 10:54:58,37,44,223,230
2023-10-12 10:55:28,37,75,223,230
2023-10-12 10:55:28,0,75,223,230
2023-10-12 10:55:28,35,75,223,230
2023-10-12 10:55:28,35,41,223,230
2023-10-12 10:55:39,36,41,223,230
2023-10-12 10:55:53,36,75,223,230
2023-10-12 10:55:53,37,75,223,230
2023-10-12 10:55:53,37,44,223,230
2023-10-12 10:56:32,36,44,223,230
2023-10-12 10:56:32,36,75,223,230
2023-10-12 10:56:32,38,75,223,230
2023-10-12 10:56:32,38,44,223,230
2023-10-12 10:57:00,36,44,223,230
2023-10-12 10:57:00,36,75,223,230
2023-10-12 10:57:00,39,75,223,230
2023-10-12 10:57:00,39,45,223,230
2023-10-12 10:58:00,37,45,223,230
2023-10-12 10:58:01,38,75,223,230
2023-10-12 10:58:01,40,75,223,230
2023-10-12 10:58:01,40,48,223,230
2023-10-12 10:58:01,40,46,223,230
2023-10-12 10:58:12,36,46,223,230
2023-10-12 10:58:12,36,75,223,230
2023-10-12 10:58:12,41,75,223,230
2023-10-12 10:58:12,41,47,223,230
2023-10-12 10:59:05,36,47,223,230
2023-10-12 10:59:05,36,75,223,230
2023-10-12 10:59:05,40,75,223,230
2023-10-12 10:59:05,42,75,223,230
2023-10-12 10:59:05,42,50,223,230
2023-10-12 10:59:05,42,48,223,230
2023-10-12 10:59:10,36,48,223,230
2023-10-12 10:59:10,36,75,223,230
2023-10-12 10:59:10,42,75,223,230
2023-10-12 10:59:11,44,75,223,230
2023-10-12 10:59:28,44,50,223,230
2023-10-12 11:00:08,44,75,223,230
2023-10-12 11:00:08,36,75,223,230
2023-10-12 11:00:08,40,75,223,230
2023-10-12 11:00:08,42,75,223,230
2023-10-12 11:00:08,42,48,223,230
2023-10-12 11:00:18,36,48,223,230
2023-10-12 11:00:18,36,75,223,230
2023-10-12 11:00:18,43,75,223,230
2023-10-12 11:00:18,43,51,223,230
2023-10-12 11:00:18,43,49,223,230
2023-10-12 11:00:31,43,75,223,230
2023-10-12 11:00:31,36,75,223,230
2023-10-12 11:00:31,40,75,223,230
2023-10-12 11:00:31,42,75,223,230
2023-10-12 11:00:31,42,51,223,230
2023-10-12 11:00:31,42,48,223,230
2023-10-12 11:00:35,42,75,223,230
2023-10-12 11:00:35,36,75,223,230
2023-10-12 11:00:35,40,75,223,230
2023-10-12 11:00:35,40,48,223,230
2023-10-12 11:00:35,40,46,223,230
2023-10-12 11:01:03,40,75,223,230
2023-10-12 11:01:03,36,75,223,230
2023-10-12 11:01:03,37,75,223,230
2023-10-12 11:01:03,39,75,223,230
2023-10-12 11:01:03,39,45,223,230
2023-10-12 11:02:03,39,48,223,230
2023-10-12 11:02:04,40,75,223,230
2023-10-12 11:02:04,40,45,223,230
2023-10-12 11:02:25,40,75,223,230
2023-10-12 11:02:25,36,75,223,230
2023-10-12 11:02:25,38,75,223,230
2023-10-12 11:02:25,38,46,223,230
2023-10-12 11:02:25,38,44,223,230
2023-10-12 11:03:20,38,75,223,230
2023-10-12 11:03:20,36,75,223,230
2023-10-12 11:03:20,37,75,223,230
2023-10-12 11:03:20,37,46,223,230
2023-10-12 11:03:20,37,44,223,230
2023-10-12 11:03:40,37,75,223,230
2023-10-12 11:03:40,36,75,223,230
2023-10-12 11:03:40,36,44,223,230
2023-10-12 11:03:40,36,41,223,230
2023-10-12 11:03:56,36,75,223,230
2023-10-12 11:03:56,37,75,223,230
2023-10-12 11:03:56,37,46,223,230
2023-10-12 11:03:56,37,44,223,230
2023-10-12 11:04:15,36,44,223,230
2023-10-12 11:04:15,36,75,223,230
2023-10-12 11:04:15,38,75,223,230
2023-10-12 11:04:15,38,44,223,230
2023-10-12 11:04:43,36,44,223,230
2023-10-12 11:04:43,36,75,223,230
2023-10-12 11:04:43,39,75,223,230
2023-10-12 11:04:43,39,45,223,230
2023-10-12 11:05:19,36,45,223,230
2023-10-12 11:05:19,36,75,223,230
2023-10-12 11:05:19,39,75,223,230
2023-10-12 11:05:19,41,75,223,230
2023-10-12 11:05:19,41,50,223,230
2023-10-12 11:05:19,41,47,223,230
2023-10-12 11:05:31,36,47,223,230
2023-10-12 11:05:31,36,75,223,230
2023-10-12 11:05:31,42,75,223,230
2023-10-12 11:05:31,42,50,223,230
2023-10-12 11:05:31,42,48,223,230
2023-10-12 11:06:19,43,48,223,230
2023-10-12 11:06:31,43,50,223,230
2023-10-12 11:06:32,43,48,223,230
2023-10-12 11:07:20,43,75,223,230
2023-10-12 11:07:20,44,75,223,230
2023-10-12 11:07:20,44,53,223,230
2023-10-12 11:07:20,44,50,223,230
2023-10-12 11:07:34,44,75,223,230
2023-10-12 11:07:34,43,75,223,230
2023-10-12 11:07:34,43,48,223,230
2023-10-12 11:07:37,43,75,223,230
2023-10-12 11:07:37,43,46,223,230
2023-10-12 11:07:45,43,75,223,230
2023-10-12 11:07:45,43,45,223,230
2023-10-12 11:08:45,43,47,223,230
2023-10-12 11:08:46,43,48,223,230
2023-10-12 11:08:46,43,45,223,230
2023-10-12 11:09:02,43,75,223,230
2023-10-12 11:09:02,43,49,223,230
2023-10-12 11:09:02,43,46,223,230
2023-10-12 11:09:17,43,75,223,230
2023-10-12 11:09:17,43,51,223,230
2023-10-12 11:09:17,43,48,223,230
2023-10-12 11:09:39,43,75,223,230
2023-10-12 11:09:39,43,51,223,230
2023-10-12 11:09:39,43,49,223,230
2023-10-12 11:10:11,43,75,223,230
2023-10-12 11:10:11,45,75,223,230
2023-10-12 11:10:11,45,50,223,230
2023-10-12 11:11:11,43,50,223,230
2023-10-12 11:11:12,45,75,223,230
2023-10-12 11:11:12,45,54,223,230
2023-10-12 11:11:12,45,51,223,230
2023-10-12 11:11:48,43,51,223,230
2023-10-12 11:11:48,43,75,223,230
2023-10-12 11:11:48,46,75,223,230
2023-10-12 11:11:48,46,52,223,230
2023-10-12 11:12:16,43,52,223,230
2023-10-12 11:12:16,43,75,223,230
2023-10-12 11:12:16,45,75,223,230
2023-10-12 11:12:16,48,75,223,230
2023-10-12 11:12:16,48,54,223,230
2023-10-12 11:13:16,48,75,223,230
2023-10-12 11:13:17,45,75,223,230
2023-10-12 11:13:17,48,75,223,230
2023-10-12 11:13:17,48,57,223,230
2023-10-12 11:13:17,48,54,223,230
2023-10-12 11:14:12,43,54,223,230
2023-10-12 11:14:12,43,75,223,230
2023-10-12 11:14:28,45,75,223,230
2023-10-12 11:14:49,47,75,223,230
2023-10-12 11:18:09,50,75,223,230
2023-10-12 11:18:35,51,75,223,230
2023-10-12 11:18:35,51,57,223,230
2023-10-12 11:19:05,51,75,223,230
2023-10-12 11:19:05,50,75,223,230
2023-10-12 11:19:05,50,58,223,230
2023-10-12 11:19:05,50,56,223,230
2023-10-12 11:19:48,50,75,223,230
2023-10-12 11:19:48,51,75,223,230
2023-10-12 11:19:48,51,57,223,230
2023-10-12 11:20:48,51,75,223,230
2023-10-12 11:20:49,50,58,223,230
2023-10-12 11:20:49,50,56,223,230
2023-10-12 11:21:02,50,75,223,230
2023-10-12 11:21:02,50,55,223,230
2023-10-12 11:21:31,50,75,223,230
2023-10-12 11:21:31,50,54,223,230
2023-10-12 11:22:31,50,75,223,230
2023-10-12 11:22:32,50,57,223,230
2023-10-12 11:22:32,50,54,223,230
2023-10-12 11:22:43,50,75,223,230
2023-10-12 11:22:43,50,56,223,230
2023-10-12 11:23:19,50,75,223,230
2023-10-12 11:23:19,51,75,223,230
2023-10-12 11:23:19,51,57,223,230
2023-10-12 11:23:41,50,57,223,230
2023-10-12 11:23:41,50,75,223,230
2023-10-12 11:23:41,51,75,223,230
2023-10-12 11:23:41,51,62,223,230
2023-10-12 11:23:42,50,62,223,230
2023-10-12 11:23:42,50,75,223,230
2023-10-12 11:23:42,53,75,223,230
2023-10-12 11:23:42,55,75,223,230
2023-10-12 11:23:42,55,61,223,230
2023-10-12 11:23:48,55,75,223,230
2023-10-12 11:23:48,50,75,223,230
2023-10-12 11:23:48,51,75,223,230
2023-10-12 11:23:48,51,61,223,230
2023-10-12 11:23:54,51,75,223,230
2023-10-12 11:23:54,50,75,223,230
2023-10-12 11:23:54,52,75,223,230
2023-10-12 11:23:54,52,59,223,230
2023-10-12 11:23:54,52,57,223,230
2023-10-12 11:24:36,52,75,223,230
2023-10-12 11:24:36,50,75,223,230
2023-10-12 11:24:36,50,56,223,230
2023-10-12 11:24:55,50,75,223,230
2023-10-12 11:24:55,50,54,223,230
2023-10-12 11:24:59,50,75,223,230
2023-10-12 11:24:59,50,53,223,230
2023-10-12 11:25:57,50,75,223,230
2023-10-12 11:25:57,50,56,223,230
2023-10-12 11:25:57,50,54,223,230
2023-10-12 11:26:05,50,75,223,230
2023-10-12 11:26:05,50,53,223,230
2023-10-12 11:26:12,50,75,223,230
2023-10-12 11:26:12,50,51,223,230
2023-10-12 11:26:25,50,75,223,230
2023-10-12 11:26:25,50,52,223,230
2023-10-12 11:26:25,47,50,224,231
2023-10-12 11:27:03,47,75,224,231
2023-10-12 11:27:03,47,53,224,231
2023-10-12 11:27:03,47,51,224,231
2023-10-12 11:27:13,47,75,224,231
2023-10-12 11:27:13,47,55,224,231
2023-10-12 11:27:13,47,52,224,231
2023-10-12 11:27:44,47,75,224,231
2023-10-12 11:27:44,48,75,224,231
2023-10-12 11:27:44,48,54,224,231
2023-10-12 11:28:16,46,54,225,323
2023-10-12 11:28:28,45,54,225,323
2023-10-12 11:28:28,45,75,225,323
2023-10-12 11:28:28,47,75,225,323
2023-10-12 11:28:28,49,75,225,323
2023-10-12 11:28:28,49,57,225,323
2023-10-12 11:28:28,49,55,225,323
2023-10-12 11:28:48,49,75,225,323
2023-10-12 11:28:48,45,75,225,323
2023-10-12 11:28:48,46,75,225,323
2023-10-12 11:28:48,48,75,225,323
2023-10-12 11:28:48,48,57,225,323
2023-10-12 11:28:48,48,54,225,323
2023-10-12 11:29:19,48,75,225,323
2023-10-12 11:29:19,45,75,225,323
2023-10-12 11:29:19,46,75,225,323
2023-10-12 11:29:19,46,55,225,323
2023-10-12 11:29:19,46,52,225,323
2023-10-12 11:29:40,46,75,225,323
2023-10-12 11:29:40,45,75,225,323
2023-10-12 11:29:40,45,53,225,323
2023-10-12 11:29:40,45,51,225,323
2023-10-12 11:30:05,45,75,225,323
2023-10-12 11:30:05,45,52,225,323
2023-10-12 11:30:05,45,49,225,323
2023-10-12 11:30:15,45,75,225,323
2023-10-12 11:30:15,45,50,225,323
2023-10-12 11:30:15,45,48,225,323
2023-10-12 11:30:37,45,75,225,323
2023-10-12 11:30:37,45,49,225,323
2023-10-12 11:30:49,45,75,225,323
2023-10-12 11:30:49,45,48,225,323
2023-10-12 11:31:49,45,50,225,323
2023-10-12 11:31:50,45,49,225,323
2023-10-12 11:32:08,45,75,225,323
2023-10-12 11:32:08,45,52,225,323
2023-10-12 11:32:08,45,50,225,323
2023-10-12 11:32:37,45,75,225,323
2023-10-12 11:32:37,45,49,225,323
2023-10-12 11:33:35,45,75,225,323
2023-10-12 11:33:35,45,49,225,323
2023-10-12 11:33:35,45,47,225,323
2023-10-12 11:33:42,45,75,225,323
2023-10-12 11:33:42,45,48,225,323
2023-10-12 11:33:42,45,46,225,323
2023-10-12 11:34:31,45,75,225,323
2023-10-12 11:34:31,45,48,225,323
2023-10-12 11:34:38,45,75,225,323
2023-10-12 11:34:38,45,49,225,323
2023-10-12 11:34:58,45,75,225,323
2023-10-12 11:34:58,45,52,225,323
2023-10-12 11:34:58,45,50,225,323
2023-10-12 11:35:17,45,75,225,323
2023-10-12 11:35:17,45,49,225,323
2023-10-12 11:35:51,45,75,225,323
2023-10-12 11:35:51,45,48,225,323
2023-10-12 11:35:54,45,75,225,323
2023-10-12 11:35:54,45,46,225,323
2023-10-12 11:36:35,45,75,225,323
2023-10-12 11:36:35,45,50,225,323
2023-10-12 11:36:35,45,48,225,323
2023-10-12 11:37:23,45,75,225,323
2023-10-12 11:37:23,45,46,225,323
2023-10-12 11:38:23,45,48,225,323
2023-10-12 11:38:24,45,49,225,323
2023-10-12 11:38:24,45,47,225,323
2023-10-12 11:39:06,45,75,225,323
2023-10-12 11:39:06,45,50,225,323
2023-10-12 11:39:06,45,48,225,323
2023-10-12 11:39:35,45,75,225,323
2023-10-12 11:39:35,45,52,225,323
2023-10-12 11:39:35,45,50,225,323
2023-10-12 11:40:20,45,75,225,323
2023-10-12 11:40:20,45,54,225,323
2023-10-12 11:40:20,45,51,225,323
2023-10-12 11:40:48,45,75,225,323
2023-10-12 11:40:48,45,50,225,323
2023-10-12 11:40:54,45,75,225,323
2023-10-12 11:40:54,45,52,225,323
2023-10-12 11:40:54,45,49,225,323
2023-10-12 11:41:19,43,49,226,324
2023-10-12 11:41:38,43,75,226,324
2023-10-12 11:41:38,43,49,226,324
2023-10-12 11:41:38,43,47,226,324
2023-10-12 11:42:24,43,75,226,324
2023-10-12 11:42:24,43,49,226,324
2023-10-12 11:42:24,43,46,226,324
2023-10-12 11:43:24,43,49,226,324
2023-10-12 11:43:25,43,48,226,324
2023-10-12 11:43:25,43,46,226,324
2023-10-12 11:43:33,43,75,226,324
2023-10-12 11:43:33,43,53,226,324
2023-10-12 11:43:33,43,51,226,324
2023-10-12 11:44:33,43,53,226,324
2023-10-12 11:44:34,43,48,226,324
2023-10-12 11:45:16,43,75,226,324
2023-10-12 11:45:16,44,75,226,324
2023-10-12 11:45:16,44,52,226,324
2023-10-12 11:45:16,44,50,226,324
2023-10-12 11:45:32,43,50,226,324
2023-10-12 11:45:32,43,75,226,324
2023-10-12 11:45:32,45,75,226,324
2023-10-12 11:45:32,45,51,226,324
2023-10-12 11:45:52,45,75,226,324
2023-10-12 11:45:52,43,75,226,324
2023-10-12 11:45:52,44,75,226,324
2023-10-12 11:45:52,44,52,226,324
2023-10-12 11:45:52,44,49,226,324
2023-10-12 11:46:52,43,49,226,324
2023-10-12 11:46:53,44,75,226,324
2023-10-12 11:46:53,44,50,226,324
2023-10-12 11:47:23,44,75,226,324
2023-10-12 11:47:23,43,75,226,324
2023-10-12 11:47:23,43,49,226,324
2023-10-12 11:47:37,43,75,226,324
2023-10-12 11:47:37,43,50,226,324
2023-10-12 11:47:37,43,47,226,324
2023-10-12 11:48:37,43,75,226,324
2023-10-12 11:48:38,43,49,226,324
2023-10-12 11:48:38,43,47,226,324
2023-10-12 11:49:14,43,75,226,324
2023-10-12 11:49:14,43,48,226,324
2023-10-12 11:49:14,43,46,226,324
2023-10-12 11:49:19,43,75,226,324
2023-10-12 11:49:19,43,48,226,324
2023-10-12 11:49:19,43,45,226,324
2023-10-12 11:50:19,43,75,226,324
2023-10-12 11:50:20,43,45,226,324
2023-10-12 11:50:48,43,75,226,324
2023-10-12 11:50:48,43,47,226,324
2023-10-12 11:50:48,43,44,226,324
2023-10-12 11:51:30,43,75,226,324
2023-10-12 11:51:30,43,47,226,324
2023-10-12 11:51:30,43,45,226,324
2023-10-12 11:52:21,43,75,226,324
2023-10-12 11:52:21,43,47,226,324
2023-10-12 11:53:01,43,75,226,324
2023-10-12 11:53:01,43,51,226,324
2023-10-12 11:53:01,43,48,226,324
2023-10-12 11:54:01,43,51,226,324
2023-10-12 11:54:02,43,48,226,324
2023-10-12 11:54:29,43,75,226,324
2023-10-12 11:54:29,44,75,226,324
2023-10-12 11:54:29,44,52,226,324
2023-10-12 11:54:29,44,50,226,324
2023-10-12 11:54:50,43,50,226,324
2023-10-12 11:54:50,43,75,226,324
2023-10-12 11:54:50,45,75,226,324
2023-10-12 11:54:50,45,54,226,324
2023-10-12 11:54:50,45,51,226,324
2023-10-12 11:55:50,43,51,226,324
2023-10-12 11:55:51,46,75,226,324
2023-10-12 11:55:51,46,55,226,324
2023-10-12 11:55:51,46,52,226,324
2023-10-12 11:55:54,46,75,226,324
2023-10-12 11:55:54,43,75,226,324
2023-10-12 11:55:54,45,75,226,324
2023-10-12 11:55:54,45,51,226,324
2023-10-12 11:56:50,43,51,226,324
2023-10-12 11:56:50,43,75,226,324
2023-10-12 11:56:50,46,75,226,324
2023-10-12 11:56:50,46,55,226,324
2023-10-12 11:56:50,46,52,226,324
2023-10-12 11:57:13,43,52,226,324
2023-10-12 11:57:13,43,75,226,324
2023-10-12 11:57:13,47,75,226,324
2023-10-12 11:57:13,47,53,226,324
2023-10-12 11:57:51,47,75,226,324
2023-10-12 11:57:51,43,75,226,324
2023-10-12 11:57:51,46,75,226,324
2023-10-12 11:57:51,46,52,226,324
2023-10-12 11:58:05,46,75,226,324
2023-10-12 11:58:05,43,75,226,324
2023-10-12 11:58:05,45,75,226,324
2023-10-12 11:58:05,45,51,226,324
2023-10-12 11:58:21,43,51,226,324
2023-10-12 11:58:21,43,75,226,324
2023-10-12 11:58:21,46,75,226,324
2023-10-12 11:58:21,46,52,226,324
2023-10-12 11:59:21,46,75,226,324
2023-10-12 11:59:22,47,75,226,324
2023-10-12 11:59:22,47,53,226,324
2023-10-12 11:59:36,43,53,226,324
2023-10-12 11:59:36,43,75,226,324
2023-10-12 11:59:36,48,75,226,324
2023-10-12 11:59:36,48,57,226,324
2023-10-12 11:59:36,48,54,226,324
2023-10-12 12:00:02,43,54,226,324
2023-10-12 12:00:02,43,75,226,324
2023-10-12 12:00:02,48,75,226,324
2023-10-12 12:00:02,50,75,226,324
2023-10-12 12:00:02,50,58,226,324
2023-10-12 12:00:02,50,56,226,324
2023-10-12 12:00:20,43,56,226,324
2023-10-12 12:00:20,43,75,226,324
2023-10-12 12:00:20,49,75,226,324
2023-10-12 12:00:20,51,75,226,324
2023-10-12 12:00:20,51,57,226,324
2023-10-12 12:00:28,43,57,226,324
2023-10-12 12:00:28,43,75,226,324
2023-10-12 12:00:28,52,75,226,324
2023-10-12 12:00:28,52,58,226,324
2023-10-12 12:00:30,43,58,226,324
2023-10-12 12:00:30,43,75,226,324
2023-10-12 12:00:30,53,75,226,324
2023-10-12 12:00:30,53,65,226,324
2023-10-12 12:00:30,53,63,226,324
2023-10-12 12:01:29,53,75,226,324
2023-10-12 12:01:29,43,75,226,324
2023-10-12 12:01:29,54,75,226,324
2023-10-12 12:01:29,54,62,226,324
2023-10-12 12:01:29,54,60,226,324
2023-10-12 12:01:34,54,75,226,324
2023-10-12 12:01:34,43,75,226,324
2023-10-12 12:01:34,53,75,226,324
2023-10-12 12:01:34,53,59,226,324
2023-10-12 12:01:48,43,59,226,324
2023-10-12 12:01:48,43,75,226,324
2023-10-12 12:01:48,54,75,226,324
2023-10-12 12:01:48,54,60,226,324
2023-10-12 12:02:26,54,75,226,324
2023-10-12 12:02:26,43,75,226,324
2023-10-12 12:02:26,53,75,226,324
2023-10-12 12:02:26,53,59,226,324
2023-10-12 12:02:39,53,75,226,324
2023-10-12 12:02:39,43,75,226,324
2023-10-12 12:02:39,49,75,226,324
2023-10-12 12:02:39,51,75,226,324
2023-10-12 12:02:39,51,57,226,324
2023-10-12 12:03:28,51,75,226,324
2023-10-12 12:03:28,43,75,226,324
2023-10-12 12:03:28,50,75,226,324
2023-10-12 12:03:28,50,56,226,324
2023-10-12 12:04:01,50,75,226,324
2023-10-12 12:04:01,43,75,226,324
2023-10-12 12:04:01,49,75,226,324
2023-10-12 12:04:01,49,57,226,324
2023-10-12 12:04:01,49,54,226,324
2023-10-12 12:04:04,49,75,226,324
2023-10-12 12:04:04,43,75,226,324
2023-10-12 12:04:04,47,75,226,324
2023-10-12 12:04:04,47,56,226,324
2023-10-12 12:04:04,47,53,226,324
2023-10-12 12:04:11,47,75,226,324
2023-10-12 12:04:11,43,75,226,324
2023-10-12 12:04:11,45,75,226,324
2023-10-12 12:04:11,45,51,226,324
2023-10-12 12:04:30,43,51,226,324
2023-10-12 12:04:30,43,75,226,324
2023-10-12 12:04:30,47,75,226,324
2023-10-12 12:04:30,47,52,226,324
2023-10-12 12:05:07,43,52,226,324
2023-10-12 12:05:07,43,75,226,324
2023-10-12 12:05:07,48,75,226,324
2023-10-12 12:05:07,48,57,226,324
2023-10-12 12:05:07,48,54,226,324
2023-10-12 12:05:16,43,54,226,324
2023-10-12 12:05:16,43,75,226,324
2023-10-12 12:05:16,47,75,226,324
2023-10-12 12:05:16,49,75,226,324
2023-10-12 12:05:16,49,55,226,324
2023-10-12 12:06:04,50,55,226,324
2023-10-12 12:06:16,50,57,226,324
2023-10-12 12:06:17,50,58,226,324
2023-10-12 12:06:17,50,56,226,324
2023-10-12 12:06:46,51,56,226,324
2023-10-12 12:06:50,51,75,226,324
2023-10-12 12:06:50,51,57,226,324
2023-10-12 12:07:01,51,75,226,324
2023-10-12 12:07:01,53,75,226,324
2023-10-12 12:07:01,53,61,226,324
2023-10-12 12:07:01,53,59,226,324
2023-10-12 12:07:06,51,59,226,324
2023-10-12 12:07:06,51,75,226,324
2023-10-12 12:07:06,54,75,226,324
2023-10-12 12:07:06,54,60,226,324
2023-10-12 12:07:12,54,75,226,324
2023-10-12 12:07:12,51,75,226,324
2023-10-12 12:07:12,53,75,226,324
2023-10-12 12:07:12,53,61,226,324
2023-10-12 12:07:12,53,59,226,324
2023-10-12 12:07:26,53,75,226,324
2023-10-12 12:07:26,51,75,226,324
2023-10-12 12:07:26,51,57,226,324
2023-10-12 12:07:57,51,75,226,324
2023-10-12 12:07:57,51,57,226,324
2023-10-12 12:07:57,51,55,226,324
2023-10-12 12:08:25,51,75,226,324
2023-10-12 12:08:25,51,57,226,324
2023-10-12 12:08:32,51,75,226,324
2023-10-12 12:08:32,52,75,226,324
2023-10-12 12:08:32,52,58,226,324
2023-10-12 12:09:09,53,58,226,324
2023-10-12 12:09:32,53,60,226,324
2023-10-12 12:09:33,53,58,226,324
2023-10-12 12:10:33,53,75,226,324
2023-10-12 12:10:33,53,58,226,324
2023-10-12 12:11:18,53,75,226,324
2023-10-12 12:11:18,53,57,226,324
2023-10-12 12:11:58,53,75,226,324
2023-10-12 12:11:58,53,60,226,324
2023-10-12 12:11:58,53,58,226,324
2023-10-12 12:12:24,53,75,226,324
2023-10-12 12:12:24,53,57,226,324
2023-10-12 12:13:16,53,75,226,324
2023-10-12 12:13:16,53,60,226,324
2023-10-12 12:13:16,53,58,226,324
2023-10-12 12:13:43,53,75,226,324
2023-10-12 12:13:43,53,61,226,324
2023-10-12 12:13:43,53,59,226,324
2023-10-12 12:14:23,53,75,226,324
2023-10-12 12:14:23,53,57,226,324
2023-10-12 12:14:23,53,55,226,324
2023-10-12 12:15:08,53,75,226,324
2023-10-12 12:15:08,53,58,226,324
2023-10-12 12:15:08,53,56,226,324
2023-10-12 12:15:15,53,75,226,324
2023-10-12 12:15:15,53,58,226,324
2023-10-12 12:15:45,53,75,226,324
2023-10-12 12:15:45,53,61,226,324
2023-10-12 12:15:45,53,59,226,324
2023-10-12 12:15:57,53,75,226,324
2023-10-12 12:15:57,54,75,226,324
2023-10-12 12:15:57,54,60,226,324
2023-10-12 12:16:12,53,60,226,324
2023-10-12 12:16:12,53,75,226,324
2023-10-12 12:16:12,54,75,226,324
2023-10-12 12:16:12,56,75,226,324
2023-10-12 12:16:12,56,63,226,324
2023-10-12 12:16:12,56,61,226,324
2023-10-12 12:16:25,56,75,226,324
2023-10-12 12:16:25,53,75,226,324
2023-10-12 12:16:25,54,75,226,324
2023-10-12 12:16:25,54,60,226,324
2023-10-12 12:16:52,54,75,226,324
2023-10-12 12:16:52,53,75,226,324
2023-10-12 12:16:52,53,61,226,324
2023-10-12 12:16:52,53,59,226,324
2023-10-12 12:17:09,53,75,226,324
2023-10-12 12:17:09,54,75,226,324
2023-10-12 12:17:09,54,62,226,324
2023-10-12 12:17:09,54,60,226,324
2023-10-12 12:17:36,53,60,226,324
2023-10-12 12:17:36,53,75,226,324
2023-10-12 12:17:36,56,75,226,324
2023-10-12 12:17:36,56,63,226,324
2023-10-12 12:17:36,56,61,226,324
2023-10-12 12:17:50,53,61,226,324
2023-10-12 12:17:50,53,75,226,324
2023-10-12 12:17:50,56,75,226,324
2023-10-12 12:17:50,56,63,226,324
2023-10-12 12:18:01,57,63,226,324
2023-10-12 12:18:50,57,65,226,324
2023-10-12 12:18:51,57,65,226,324
2023-10-12 12:18:51,57,63,226,324
2023-10-12 12:19:31,57,75,226,324
2023-10-12 12:19:31,57,62,226,324
2023-10-12 12:20:10,57,75,226,324
2023-10-12 12:20:10,57,63,226,324
2023-10-12 12:20:28,57,75,226,324
2023-10-12 12:20:28,57,64,226,324
2023-10-12 12:20:28,57,62,226,324
2023-10-12 12:20:51,57,75,226,324
2023-10-12 12:20:51,57,61,226,324
2023-10-12 12:21:13,57,75,226,324
2023-10-12 12:21:13,57,62,226,324
2023-10-12 12:21:18,57,75,226,324
2023-10-12 12:21:18,57,65,226,324
2023-10-12 12:21:18,57,63,226,324
2023-10-12 12:21:32,57,65,226,324
2023-10-12 12:21:32,57,75,226,324
2023-10-12 12:21:32,59,75,226,324
2023-10-12 12:21:32,59,69,226,324
2023-10-12 12:21:40,57,69,226,324
2023-10-12 12:21:40,57,75,226,324
2023-10-12 12:21:40,60,75,226,324
2023-10-12 12:21:40,62,75,226,324
2023-10-12 12:21:40,62,70,226,324
2023-10-12 12:21:40,62,68,226,324
2023-10-12 12:21:58,57,68,226,324
2023-10-12 12:21:58,57,75,226,324
2023-10-12 12:21:58,62,75,226,324
2023-10-12 12:21:58,64,75,226,324
2023-10-12 12:21:58,64,70,226,324
2023-10-12 12:22:24,64,75,226,324
2023-10-12 12:22:24,57,75,226,324
2023-10-12 12:22:24,61,75,226,324
2023-10-12 12:22:24,63,75,226,324
2023-10-12 12:22:24,63,72,226,324
2023-10-12 12:22:24,63,69,226,324
2023-10-12 12:22:33,63,75,226,324
2023-10-12 12:22:33,57,75,226,324
2023-10-12 12:22:33,61,75,226,324
2023-10-12 12:22:33,61,69,226,324
2023-10-12 12:22:33,61,67,226,324
2023-10-12 12:22:43,61,75,226,324
2023-10-12 12:22:43,57,75,226,324
2023-10-12 12:22:43,60,75,226,324
2023-10-12 12:22:43,60,68,226,324
2023-10-12 12:22:43,60,66,226,324
2023-10-12 12:23:40,57,66,226,324
2023-10-12 12:23:40,57,75,226,324
2023-10-12 12:23:40,61,75,226,324
2023-10-12 12:23:40,61,67,226,324
2023-10-12 12:23:52,57,67,226,324
2023-10-12 12:23:52,57,75,226,324
2023-10-12 12:23:52,63,75,226,324
2023-10-12 12:23:52,63,72,226,324
2023-10-12 12:23:52,63,69,226,324
2023-10-12 12:24:42,57,69,226,324
2023-10-12 12:24:42,57,75,226,324
2023-10-12 12:24:42,62,75,226,324
2023-10-12 12:24:42,64,75,226,324
2023-10-12 12:24:42,64,72,226,324
2023-10-12 12:24:42,64,70,226,324
2023-10-12 12:25:22,64,75,226,324
2023-10-12 12:25:22,57,75,226,324
2023-10-12 12:25:22,63,75,226,324
2023-10-12 12:25:22,63,68,226,324
2023-10-12 12:25:40,63,75,226,324
2023-10-12 12:25:40,57,75,226,324
2023-10-12 12:25:40,61,75,226,324
2023-10-12 12:25:40,61,69,226,324
2023-10-12 12:25:40,61,67,226,324
2023-10-12 12:25:47,61,75,226,324
2023-10-12 12:25:47,57,75,226,324
2023-10-12 12:25:47,60,75,226,324
2023-10-12 12:25:47,60,66,226,324
2023-10-12 12:26:47,60,75,226,324
2023-10-12 12:26:48,60,75,226,324
2023-10-12 12:26:48,60,66,226,324
2023-10-12 12:26:58,57,66,226,324
2023-10-12 12:26:58,57,75,226,324
2023-10-12 12:26:58,62,75,226,324
2023-10-12 12:26:58,62,70,226,324
2023-10-12 12:26:58,62,68,226,324
2023-10-12 12:27:49,57,68,226,324
2023-10-12 12:27:49,57,75,226,324
2023-10-12 12:27:49,64,75,226,324
2023-10-12 12:27:49,64,70,226,324
2023-10-12 12:28:36,64,75,226,324
2023-10-12 12:28:36,57,75,226,324
2023-10-12 12:28:36,63,75,226,324
2023-10-12 12:28:36,63,68,226,324
2023-10-12 12:29:36,61,68,226,324
2023-10-12 12:29:37,62,75,226,324
2023-10-12 12:29:37,64,75,226,324
2023-10-12 12:29:37,64,70,226,324
2023-10-12 12:30:37,64,72,226,324
2023-10-12 12:30:38,61,75,226,324
2023-10-12 12:30:38,63,75,226,324
2023-10-12 12:30:38,63,69,226,324
2023-10-12 12:31:38,63,75,226,324
2023-10-12 12:31:38,63,75,226,324
2023-10-12 12:31:38,63,69,226,324
2023-10-12 12:31:57,63,75,226,324
2023-10-12 12:31:57,57,75,226,324
2023-10-12 12:31:57,62,75,226,324
2023-10-12 12:31:57,62,70,226,324
2023-10-12 12:31:57,62,68,226,324
2023-10-12 12:32:57,62,75,226,324
2023-10-12 12:32:58,60,75,226,324
2023-10-12 12:32:58,62,75,226,324
2023-10-12 12:32:58,62,70,226,324
2023-10-12 12:32:58,62,68,226,324
2023-10-12 12:33:56,62,75,226,324
2023-10-12 12:33:56,57,75,226,324
2023-10-12 12:33:56,59,75,226,324
2023-10-12 12:33:56,61,75,226,324
2023-10-12 12:33:56,61,66,226,324
2023-10-12 12:34:44,61,75,226,324
2023-10-12 12:34:44,57,75,226,324
2023-10-12 12:34:44,59,75,226,324
2023-10-12 12:34:44,59,65,226,324
2023-10-12 12:35:20,57,65,226,324
2023-10-12 12:35:20,57,75,226,324
2023-10-12 12:35:20,60,75,226,324
2023-10-12 12:35:20,60,68,226,324
2023-10-12 12:35:20,60,66,226,324
2023-10-12 12:36:20,57,66,226,324
2023-10-12 12:36:21,60,75,226,324
2023-10-12 12:36:21,60,66,226,324
2023-10-12 12:37:01,60,75,226,324
2023-10-12 12:37:01,57,75,226,324
2023-10-12 12:37:01,57,64,226,324
2023-10-12 12:37:36,57,75,226,324
2023-10-12 12:37:36,57,63,226,324
2023-10-12 12:38:12,57,75,226,324
2023-10-12 12:38:12,57,69,226,324
2023-10-12 12:38:12,57,67,226,324
2023-10-12 12:38:47,57,75,226,324
2023-10-12 12:38:47,60,75,226,324
2023-10-12 12:38:47,60,66,226,324
2023-10-12 12:39:13,57,66,226,324
2023-10-12 12:39:13,57,75,226,324
2023-10-12 12:39:13,62,75,226,324
2023-10-12 12:39:13,62,67,226,324
2023-10-12 12:39:35,57,67,226,324
2023-10-12 12:39:35,57,75,226,324
2023-10-12 12:39:35,61,75,226,324
2023-10-12 12:39:35,63,75,226,324
2023-10-12 12:39:35,63,69,226,324
2023-10-12 12:40:35,63,75,226,324
2023-10-12 12:40:36,62,75,226,324
2023-10-12 12:40:36,64,75,226,324
2023-10-12 12:40:36,64,69,226,324
2023-10-12 12:40:49,64,75,226,324
2023-10-12 12:40:49,57,75,226,324
2023-10-12 12:40:49,62,75,226,324
2023-10-12 12:40:49,62,68,226,324
2023-10-12 12:41:49,62,75,226,324
2023-10-12 12:41:50,62,75,226,324
2023-10-12 12:41:50,62,67,226,324
2023-10-12 12:42:28,62,75,226,324
2023-10-12 12:42:28,57,75,226,324
2023-10-12 12:42:28,60,75,226,324
2023-10-12 12:42:28,60,68,226,324
2023-10-12 12:42:28,60,66,226,324
2023-10-12 12:42:40,57,66,226,324
2023-10-12 12:42:40,57,75,226,324
2023-10-12 12:42:40,60,75,226,324
2023-10-12 12:42:40,62,75,226,324
2023-10-12 12:42:40,62,67,226,324
2023-10-12 12:43:40,57,67,226,324
2023-10-12 12:43:40,63,75,226,324
2023-10-12 12:43:40,63,69,226,324
2023-10-12 12:44:40,57,69,226,324
2023-10-12 12:44:41,61,75,226,324
2023-10-12 12:44:41,63,75,226,324
2023-10-12 12:44:41,63,72,226,324
2023-10-12 12:44:41,63,69,226,324
2023-10-12 12:45:07,63,75,226,324
2023-10-12 12:45:07,57,75,226,324
2023-10-12 12:45:07,62,75,226,324
2023-10-12 12:45:07,62,68,226,324
2023-10-12 12:45:27,62,75,226,324
2023-10-12 12:45:27,57,75,226,324
2023-10-12 12:45:27,60,75,226,324
2023-10-12 12:45:27,60,66,226,324
2023-10-12 12:45:46,60,75,226,324
2023-10-12 12:45:46,57,75,226,324
2023-10-12 12:45:46,59,75,226,324
2023-10-12 12:45:46,59,67,226,324
2023-10-12 12:45:46,59,65,226,324
2023-10-12 12:46:46,57,65,226,324
2023-10-12 12:46:47,60,75,226,324
2023-10-12 12:46:47,60,66,226,324
2023-10-12 12:47:47,60,75,226,324
2023-10-12 12:47:47,60,75,226,324
2023-10-12 12:47:47,60,67,226,324
2023-10-12 12:47:47,60,65,226,324
2023-10-12 12:48:47,60,67,226,324
2023-10-12 12:48:48,60,75,226,324
2023-10-12 12:48:48,60,67,226,324
2023-10-12 12:48:48,60,65,226,324
2023-10-12 12:49:03,60,67,326,424
2023-10-12 12:49:06,60,75,326,424
2023-10-12 12:49:06,57,75,326,424
2023-10-12 12:49:06,57,66,326,424
2023-10-12 12:49:06,57,64,326,424
2023-10-12 12:49:25,57,75,326,424
2023-10-12 12:49:25,57,65,326,424
2023-10-12 12:49:25,57,63,326,424
2023-10-12 12:50:21,57,75,326,424
2023-10-12 12:50:21,57,63,326,424
2023-10-12 12:50:21,57,61,326,424
2023-10-12 12:51:21,57,75,326,424
2023-10-12 12:51:22,57,62,326,424
2023-10-12 12:51:22,57,60,326,424
2023-10-12 12:51:58,57,75,326,424
2023-10-12 12:51:58,57,62,326,424
2023-10-12 12:52:43,57,75,326,424
2023-10-12 12:52:43,57,63,326,424
2023-10-12 12:53:43,57,75,326,424
2023-10-12 12:53:44,57,64,326,424
2023-10-12 12:53:44,57,62,326,424
2023-10-12 12:53:58,57,75,326,424
2023-10-12 12:53:58,57,63,326,424
2023-10-12 12:53:58,57,61,326,424
2023-10-12 12:54:42,57,75,326,424
2023-10-12 12:54:42,57,64,326,424
2023-10-12 12:54:42,57,62,326,424
2023-10-12 12:55:06,57,75,326,424
2023-10-12 12:55:06,57,65,326,424
2023-10-12 12:55:06,57,63,326,424
2023-10-12 12:55:26,57,75,326,424
2023-10-12 12:55:26,57,64,326,424
2023-10-12 12:55:26,57,62,326,424
2023-10-12 12:55:31,57,75,326,424
2023-10-12 12:55:31,57,62,326,424
2023-10-12 12:55:31,57,60,326,424
2023-10-12 12:55:44,57,75,326,424
2023-10-12 12:55:44,57,59,326,424
2023-10-12 12:55:47,57,75,326,424
2023-10-12 12:55:47,57,62,326,424
2023-10-12 12:55:47,57,59,326,424
2023-10-12 12:56:04,57,75,326,424
2023-10-12 12:56:04,53,55,328,426
2023-10-12 12:56:08,53,75,328,426
2023-10-12 12:56:08,53,57,328,426
2023-10-12 12:56:08,53,55,328,426
2023-10-12 12:56:28,53,75,328,426
2023-10-12 12:56:28,53,55,328,426
2023-10-12 12:57:28,53,58,328,426
2023-10-12 12:57:29,53,55,328,426
2023-10-12 12:58:29,53,75,328,426
2023-10-12 12:58:29,53,56,328,426
2023-10-12 12:58:29,53,54,328,426
2023-10-12 12:59:29,53,56,328,426
2023-10-12 12:59:30,53,57,328,426
2023-10-12 12:59:30,53,55,328,426
2023-10-12 12:59:53,53,75,328,426
2023-10-12 12:59:53,53,56,328,426
2023-10-12 13:00:05,53,75,328,426
2023-10-12 13:00:05,53,56,328,426
2023-10-12 13:00:11,54,56,328,426
2023-10-12 13:00:26,55,56,328,426
2023-10-12 13:00:31,55,75,328,426
2023-10-12 13:00:31,51,52,332,430
2023-10-12 13:01:09,51,75,332,430
2023-10-12 13:01:09,51,57,332,430
2023-10-12 13:01:09,51,54,332,430
2023-10-12 13:01:35,51,75,332,430
2023-10-12 13:01:35,51,54,332,430
2023-10-12 13:01:35,51,52,332,430
2023-10-12 13:01:56,51,75,332,430
2023-10-12 13:01:56,51,55,332,430
2023-10-12 13:01:56,51,52,332,430
2023-10-12 13:01:59,51,75,332,430
2023-10-12 13:01:59,51,52,332,430
2023-10-12 13:01:59,47,49,336,434
2023-10-12 13:02:02,47,75,336,434
2023-10-12 13:02:02,47,48,336,434
2023-10-12 13:02:02,43,48,337,435
2023-10-12 13:02:05,40,75,337,435
2023-10-12 13:02:05,39,75,337,435
2023-10-12 13:02:05,39,49,337,435
2023-10-12 13:02:05,39,46,337,435
2023-10-12 13:02:08,39,75,337,435
2023-10-12 13:02:08,39,43,337,435
2023-10-12 13:02:13,39,75,337,435
2023-10-12 13:02:13,39,44,337,435
2023-10-12 13:02:13,39,41,337,435
2023-10-12 13:02:20,39,75,337,435
2023-10-12 13:02:20,39,44,337,435
2023-10-12 13:02:20,39,43,337,435
2023-10-12 13:02:26,39,75,337,435
2023-10-12 13:02:26,39,43,337,435
2023-10-12 13:02:26,39,40,337,435
2023-10-12 13:02:32,34,40,337,435
2023-10-12 13:03:02,34,75,337,435
2023-10-12 13:03:02,0,75,337,435
2023-10-12 13:03:02,33,75,337,435
2023-10-12 13:03:02,33,41,337,435
2023-10-12 13:03:02,33,39,337,435
2023-10-12 13:03:28,33,75,337,435
2023-10-12 13:03:28,0,75,337,435
2023-10-12 13:03:28,28,75,337,435
2023-10-12 13:03:28,31,75,337,435
2023-10-12 13:03:28,31,37,337,435
2023-10-12 13:03:30,31,75,337,435
2023-10-12 13:03:30,0,75,337,435
2023-10-12 13:03:30,28,75,337,435
2023-10-12 13:03:30,30,75,337,435
2023-10-12 13:03:30,30,38,337,435
2023-10-12 13:03:30,30,36,337,435
2023-10-12 13:03:34,30,75,337,435
2023-10-12 13:03:34,0,75,337,435
2023-10-12 13:03:34,28,75,337,435
2023-10-12 13:03:34,28,34,337,435
2023-10-12 13:03:54,28,75,337,435
2023-10-12 13:03:54,0,75,337,435
2023-10-12 13:03:54,25,75,337,435
2023-10-12 13:03:54,27,75,337,435
2023-10-12 13:03:54,27,33,337,435
2023-10-12 13:04:03,27,75,337,435
2023-10-12 13:04:03,0,75,337,435
2023-10-12 13:04:03,24,75,337,435
2023-10-12 13:04:03,26,75,337,435
2023-10-12 13:04:03,26,33,337,435
2023-10-12 13:04:03,26,31,337,435
2023-10-12 13:04:06,0,31,337,435
2023-10-12 13:04:06,0,75,337,435
2023-10-12 13:04:06,25,75,337,435
2023-10-12 13:04:06,27,75,337,435
2023-10-12 13:04:06,27,33,337,435
2023-10-12 13:04:36,0,33,337,435
2023-10-12 13:04:36,0,75,337,435
2023-10-12 13:04:36,28,75,337,435
2023-10-12 13:04:36,28,34,337,435
2023-10-12 13:05:03,28,75,337,435
2023-10-12 13:05:03,0,75,337,435
2023-10-12 13:05:03,25,75,337,435
2023-10-12 13:05:03,27,75,337,435
2023-10-12 13:05:03,27,35,337,435
2023-10-12 13:05:03,27,33,337,435
2023-10-12 13:05:34,27,75,337,435
2023-10-12 13:05:34,0,75,337,435
2023-10-12 13:05:34,24,75,337,435
2023-10-12 13:05:34,26,75,337,435
2023-10-12 13:05:34,26,34,337,435
2023-10-12 13:05:34,26,32,337,435
2023-10-12 13:05:49,26,75,337,435
2023-10-12 13:05:49,0,75,337,435
2023-10-12 13:05:49,25,75,337,435
2023-10-12 13:05:49,25,32,337,435
2023-10-12 13:05:49,25,30,337,435
2023-10-12 13:05:57,25,75,337,435
2023-10-12 13:05:57,0,75,337,435
2023-10-12 13:05:57,18,75,337,435
2023-10-12 13:05:57,20,75,337,435
2023-10-12 13:05:57,20,30,337,435
2023-10-12 13:06:05,0,30,337,435
2023-10-12 13:06:05,0,75,337,435
2023-10-12 13:06:05,24,75,337,435
2023-10-12 13:06:05,24,30,337,435
2023-10-12 13:06:37,0,30,337,435
2023-10-12 13:06:37,0,75,337,435
2023-10-12 13:06:37,25,75,337,435
2023-10-12 13:06:37,25,33,337,435
2023-10-12 13:06:37,25,31,337,435
2023-10-12 13:07:16,25,75,337,435
2023-10-12 13:07:16,0,75,337,435
2023-10-12 13:07:16,22,75,337,435
2023-10-12 13:07:16,24,75,337,435
2023-10-12 13:07:16,24,31,337,435
2023-10-12 13:07:16,24,29,337,435
2023-10-12 13:07:29,24,75,337,435
2023-10-12 13:07:29,0,75,337,435
2023-10-12 13:07:29,22,75,337,435
2023-10-12 13:07:29,22,30,337,435
2023-10-12 13:07:29,22,28,337,435
2023-10-12 13:08:27,22,75,337,435
2023-10-12 13:08:27,0,75,337,435
2023-10-12 13:08:27,21,75,337,435
2023-10-12 13:08:27,21,29,337,435
2023-10-12 13:08:27,21,27,337,435
2023-10-12 13:08:32,21,75,337,435
2023-10-12 13:08:32,0,75,337,435
2023-10-12 13:08:32,16,75,337,435
2023-10-12 13:08:32,16,26,337,435
2023-10-12 13:08:53,16,75,337,435
2023-10-12 13:08:53,0,75,337,435
2023-10-12 13:08:53,14,75,337,435
2023-10-12 13:08:53,14,26,337,435
2023-10-12 13:08:53,14,24,337,435
2023-10-12 13:09:03,0,24,337,435
2023-10-12 13:09:03,0,75,337,435
2023-10-12 13:09:03,15,75,337,435
2023-10-12 13:09:03,17,75,337,435
2023-10-12 13:09:03,17,25,337,435
2023-10-12 13:09:03,17,23,337,435
2023-10-12 13:09:13,17,75,337,435
2023-10-12 13:09:13,0,75,337,435
2023-10-12 13:09:13,16,75,337,435
2023-10-12 13:09:13,16,21,337,435
2023-10-12 13:09:36,0,21,337,435
2023-10-12 13:09:36,0,75,337,435
2023-10-12 13:09:36,15,75,337,435
2023-10-12 13:09:36,17,75,337,435
2023-10-12 13:09:36,17,23,337,435
2023-10-12 13:10:02,17,75,337,435
2023-10-12 13:10:02,0,75,337,435
2023-10-12 13:10:02,14,75,337,435
2023-10-12 13:10:02,16,75,337,435
2023-10-12 13:10:02,16,21,337,435
2023-10-12 13:11:02,16,23,337,435
2023-10-12 13:11:03,15,75,337,435
2023-10-12 13:11:03,15,21,337,435
2023-10-12 13:12:03,13,21,337,435
2023-10-12 13:12:04,15,75,337,435
2023-10-12 13:12:04,15,20,337,435
2023-10-12 13:12:52,15,75,337,435
2023-10-12 13:12:52,0,75,337,435
2023-10-12 13:12:52,13,75,337,435
2023-10-12 13:12:52,13,19,337,435
2023-10-12 13:13:25,13,75,337,435
2023-10-12 13:13:25,0,75,337,435
2023-10-12 13:13:25,12,75,337,435
2023-10-12 13:13:25,12,19,337,435
2023-10-12 13:13:25,12,17,337,435
2023-10-12 13:14:09,0,17,337,435
2023-10-12 13:14:09,0,75,337,435
2023-10-12 13:14:09,12,75,337,435
2023-10-12 13:14:09,13,75,337,435
2023-10-12 13:14:09,13,18,337,435
2023-10-12 13:14:30,13,75,337,435
2023-10-12 13:14:30,0,75,337,435
2023-10-12 13:14:30,12,75,337,435
2023-10-12 13:14:30,12,17,337,435
2023-10-12 13:15:01,12,75,337,435
2023-10-12 13:15:01,0,75,337,435
2023-10-12 13:15:01,9,75,337,435
2023-10-12 13:15:01,10,75,337,435
2023-10-12 13:15:01,10,16,337,435
2023-10-12 13:15:05,10,75,337,435
2023-10-12 13:15:05,0,75,337,435
2023-10-12 13:15:05,9,75,337,435
2023-10-12 13:15:05,9,17,337,435
2023-10-12 13:15:05,9,15,337,435
2023-10-12 13:16:05,9,17,337,435
2023-10-12 13:16:06,9,75,337,435
2023-10-12 13:16:06,10,75,337,435
2023-10-12 13:16:06,10,18,337,435
2023-10-12 13:16:06,10,16,337,435
2023-10-12 13:17:02,10,75,337,435
2023-10-12 13:17:02,0,75,337,435
2023-10-12 13:17:02,9,75,337,435
2023-10-12 13:17:02,9,14,337,435
2023-10-12 13:17:38,9,75,337,435
2023-10-12 13:17:38,0,75,337,435
2023-10-12 13:17:38,7,75,337,435
2023-10-12 13:17:38,7,13,337,435
2023-10-12 13:18:38,6,13,337,435
2023-10-12 13:18:39,8,75,337,435
2023-10-12 13:18:39,8,13,337,435
2023-10-12 13:19:39,8,14,337,435
2023-10-12 13:19:40,6,75,337,435
2023-10-12 13:19:40,7,75,337,435
2023-10-12 13:19:40,7,13,337,435
2023-10-12 13:19:54,0,13,337,435
2023-10-12 13:19:54,0,75,337,435
2023-10-12 13:19:54,9,75,337,435
2023-10-12 13:19:54,9,15,337,435
2023-10-12 13:19:54,9,14,337,435
2023-10-12 13:20:54,9,15,337,435
2023-10-12 13:20:55,8,75,337,435
2023-10-12 13:20:55,8,14,337,435
2023-10-12 13:21:22,8,75,337,435
2023-10-12 13:21:22,0,75,337,435
2023-10-12 13:21:22,6,75,337,435
2023-10-12 13:21:22,7,75,337,435
2023-10-12 13:21:22,7,13,337,435
2023-10-12 13:22:22,6,13,337,435
2023-10-12 13:22:23,8,75,337,435
2023-10-12 13:22:23,8,14,337,435
2023-10-12 13:23:23,8,16,337,435
2023-10-12 13:23:23,7,75,337,435
2023-10-12 13:23:23,8,75,337,435
2023-10-12 13:23:23,8,16,337,435
2023-10-12 13:23:23,8,14,337,435
2023-10-12 13:24:23,8,75,337,435
2023-10-12 13:24:24,6,75,337,435
2023-10-12 13:24:24,7,75,337,435
2023-10-12 13:24:24,7,15,337,435
2023-10-12 13:24:24,7,13,337,435
2023-10-12 13:25:24,7,75,337,435
2023-10-12 13:25:25,5,75,337,435
2023-10-12 13:25:25,6,75,337,435
2023-10-12 13:25:25,6,12,337,435
2023-10-12 13:25:57,6,75,337,435
2023-10-12 13:25:57,0,75,337,435
2023-10-12 13:25:57,4,75,337,435
2023-10-12 13:25:57,5,75,337,435
2023-10-12 13:25:57,5,11,337,435
2023-10-12 13:25:57,5,10,337,435
2023-10-12 13:26:57,4,10,337,435
2023-10-12 13:26:58,4,75,337,435
2023-10-12 13:26:58,4,11,337,435
2023-10-12 13:26:58,4,10,337,435
2023-10-12 13:27:58,3,10,337,435
2023-10-12 13:27:58,4,75,337,435
2023-10-12 13:27:58,5,75,337,435
2023-10-12 13:27:58,5,12,337,435
2023-10-12 13:27:58,5,11,337,435
2023-10-12 13:28:58,5,75,337,435
2023-10-12 13:28:59,4,75,337,435
2023-10-12 13:28:59,4,10,337,435
2023-10-12 13:29:59,4,11,337,435
2023-10-12 13:30:00,4,75,337,435
2023-10-12 13:30:00,4,11,337,435
2023-10-12 13:30:00,4,10,337,435
2023-10-12 13:30:06,4,75,337,435
2023-10-12 13:30:06,0,75,337,435
2023-10-12 13:30:06,2,75,337,435
2023-10-12 13:30:06,3,75,337,435
2023-10-12 13:30:06,3,9,337,435
2023-10-12 13:30:06,3,8,337,435
2023-10-12 13:30:43,0,8,337,435
2023-10-12 13:30:43,0,75,337,435
2023-10-12 13:30:43,3,75,337,435
2023-10-12 13:30:43,4,75,337,435
2023-10-12 13:30:43,4,11,337,435
2023-10-12 13:30:43,4,10,337,435
2023-10-12 13:31:43,3,10,337,435
2023-10-12 13:31:44,5,75,337,435
2023-10-12 13:31:44,5,11,337,435
2023-10-12 13:31:44,5,10,337,435
2023-10-12 13:32:44,4,10,337,435
2023-10-12 13:32:45,4,75,337,435
2023-10-12 13:32:45,5,75,337,435
2023-10-12 13:32:45,5,10,337,435
2023-10-12 13:33:45,5,11,337,435
2023-10-12 13:33:46,4,75,337,435
2023-10-12 13:33:46,4,11,337,435
2023-10-12 13:33:46,4,10,337,435
2023-10-12 13:34:28,4,75,337,435
2023-10-12 13:34:28,0,75,337,435
2023-10-12 13:34:28,2,75,337,435
2023-10-12 13:34:28,3,75,337,435
2023-10-12 13:34:28,3,10,337,435
2023-10-12 13:34:28,3,9,337,435
2023-10-12 13:35:28,3,10,337,435
2023-10-12 13:35:29,3,75,337,435
2023-10-12 13:35:29,3,9,337,435
2023-10-12 13:35:29,3,8,337,435
2023-10-12 13:36:01,3,75,337,435
2023-10-12 13:36:01,0,75,337,435
2023-10-12 13:36:01,1,75,337,435
2023-10-12 13:36:01,1,7,337,435
2023-10-12 13:37:01,1,8,337,435
2023-10-12 13:37:02,2,75,337,435
2023-10-12 13:37:02,2,9,337,435
2023-10-12 13:37:02,2,8,337,435
2023-10-12 13:38:02,1,8,337,435
2023-10-12 13:38:02,1,75,337,435
2023-10-12 13:38:02,2,75,337,435
2023-10-12 13:38:02,2,9,337,435
2023-10-12 13:38:02,2,8,337,435
2023-10-12 13:39:02,2,75,337,435
2023-10-12 13:39:03,2,75,337,435
2023-10-12 13:39:03,3,75,337,435
2023-10-12 13:39:03,3,8,337,435
2023-10-12 13:40:03,3,75,337,435
2023-10-12 13:40:04,1,75,337,435
2023-10-12 13:40:04,2,75,337,435
2023-10-12 13:40:04,2,8,337,435
2023-10-12 13:41:04,2,75,337,435
2023-10-12 13:41:05,2,75,337,435
2023-10-12 13:41:05,2,7,337,435
2023-10-12 13:42:05,1,7,337,435
2023-10-12 13:42:06,1,75,337,435
2023-10-12 13:42:06,1,8,337,435
2023-10-12 13:42:06,1,7,337,435
2023-10-12 13:43:06,0,7,337,435
2023-10-12 13:43:07,1,75,337,435
2023-10-12 13:43:07,1,8,337,435
2023-10-12 13:43:07,1,7,337,435
2023-10-12 13:44:07,0,7,337,435
2023-10-12 13:44:07,1,75,337,435
2023-10-12 13:44:07,1,8,337,435
2023-10-12 13:44:07,1,7,337,435
2023-10-12 13:45:07,1,75,337,435
2023-10-12 13:45:08,1,75,337,435
2023-10-12 13:45:08,1,8,337,435
2023-10-12 13:45:08,1,7,337,435
2023-10-12 13:46:08,0,7,337,435
2023-10-12 13:46:09,1,75,337,435
2023-10-12 13:46:09,1,8,337,435
2023-10-12 13:46:09,1,7,337,435
2023-10-12 13:47:09,0,7,337,435
2023-10-12 13:47:09,1,75,337,435
2023-10-12 13:47:09,1,8,337,435
2023-10-12 13:47:09,1,7,337,435
2023-10-12 13:48:09,1,75,337,435
2023-10-12 13:48:10,1,75,337,435
2023-10-12 13:48:10,1,7,337,435
2023-10-12 13:49:10,0,7,337,435
2023-10-12 13:49:11,1,75,337,435
2023-10-12 13:49:11,1,6,337,435
2023-10-12 13:50:11,1,7,337,435
2023-10-12 13:50:11,1,75,337,435
2023-10-12 13:50:11,1,7,337,435
2023-10-12 13:50:11,1,6,337,435
2023-10-12 13:51:11,1,75,337,435
