datetime,bid,ask,open_interest,volume
2023-06-27 09:30:27,28,35,2822,3662
2023-06-27 09:30:44,31,35,2822,3662
2023-06-27 09:31:00,31,34,2822,3662
2023-06-27 09:31:01,31,34,3172,4062
2023-06-27 09:31:02,30,34,3422,4312
2023-06-27 09:31:02,30,33,3422,4312
2023-06-27 09:31:09,30,33,3422,4362
2023-06-27 09:31:22,30,33,3822,4762
2023-06-27 09:31:23,30,32,3822,4762
2023-06-27 09:31:25,30,33,3805,4962
2023-06-27 09:31:26,30,33,4205,5362
2023-06-27 09:31:27,30,32,4205,5362
2023-06-27 09:31:30,30,32,4205,5612
2023-06-27 09:31:31,30,33,4205,5612
2023-06-27 09:31:38,31,33,4205,5612
2023-06-27 09:31:45,30,33,4305,5762
2023-06-27 09:32:01,30,32,4305,5762
2023-06-27 09:33:56,30,33,4208,5859
2023-06-27 09:34:16,31,33,4208,5859
2023-06-27 09:34:17,30,33,4308,5959
2023-06-27 09:34:25,30,32,4308,5959
2023-06-27 09:34:35,31,32,4308,5959
2023-06-27 09:35:09,30,32,4408,6109
2023-06-27 09:35:10,31,32,4408,6109
2023-06-27 09:35:17,30,32,4408,6109
2023-06-27 09:35:50,29,32,4408,6109
2023-06-27 09:35:58,29,30,4408,6109
2023-06-27 09:36:13,28,29,4358,6159
2023-06-27 09:36:20,28,30,4358,6159
2023-06-27 09:36:24,28,30,4058,6459
2023-06-27 09:36:33,28,31,4058,6459
2023-06-27 09:36:33,30,31,4058,6459
2023-06-27 09:37:01,30,31,3808,6709
2023-06-27 09:37:03,30,31,3658,6859
2023-06-27 09:37:10,30,32,3658,6859
2023-06-27 09:37:11,30,32,3608,6909
2023-06-27 09:38:06,31,32,3608,6909
2023-06-27 09:38:25,30,32,3608,6909
2023-06-27 09:38:48,31,32,3608,6909
2023-06-27 09:39:22,30,32,3608,6909
2023-06-27 09:39:25,31,32,3608,6909
2023-06-27 09:39:33,30,32,3608,6909
2023-06-27 09:39:33,31,32,3608,6909
2023-06-27 09:40:54,31,33,3608,6956
2023-06-27 09:41:57,31,32,3608,6956
2023-06-27 09:41:59,31,33,3608,6956
2023-06-27 09:42:02,31,32,3608,6956
2023-06-27 09:42:19,31,33,3608,6956
2023-06-27 09:42:28,31,32,3608,6956
2023-06-27 09:43:47,31,33,3608,6956
2023-06-27 09:44:32,32,33,3608,6956
2023-06-27 09:46:06,31,32,3488,7076
2023-06-27 09:46:07,31,33,3488,7076
2023-06-27 09:46:08,31,32,3488,7076
2023-06-27 09:46:11,31,33,3488,7076
2023-06-27 09:46:29,32,33,3488,7076
2023-06-27 09:46:32,31,33,3488,7076
2023-06-27 09:46:32,32,33,3488,7076
2023-06-27 09:47:52,32,33,3408,7176
2023-06-27 09:47:57,32,33,3408,7376
2023-06-27 09:48:03,32,33,3408,7626
2023-06-27 09:48:05,32,33,3358,7826
2023-06-27 09:48:16,33,34,3358,7871
2023-06-27 09:48:39,33,34,3313,7971
2023-06-27 09:48:39,32,34,3313,7991
2023-06-27 09:50:05,33,34,3313,7991
2023-06-27 09:50:59,33,34,3313,8091
2023-06-27 09:50:59,32,34,3318,8111
2023-06-27 09:51:14,32,33,3318,8111
2023-06-27 09:51:19,32,34,3318,8111
2023-06-27 09:52:04,32,33,3318,8111
2023-06-27 09:52:18,32,34,3318,8111
2023-06-27 09:52:18,32,33,3318,8111
2023-06-27 09:53:36,32,33,3368,8161
2023-06-27 09:54:01,31,32,3538,8331
2023-06-27 09:54:45,31,32,3538,8531
2023-06-27 09:54:48,31,32,3538,8681
2023-06-27 09:54:56,31,33,3538,8801
2023-06-27 09:55:05,32,33,3538,8801
2023-06-27 09:55:16,32,33,3436,9001
2023-06-27 09:55:19,32,33,3531,9151
2023-06-27 09:55:24,32,33,3631,9251
2023-06-27 09:55:33,32,33,3964,9584
2023-06-27 09:55:45,32,33,4064,9684
2023-06-27 09:56:03,32,33,4064,9884
2023-06-27 09:56:08,32,33,4214,10034
2023-06-27 09:56:15,33,34,4239,10059
2023-06-27 09:56:19,32,34,4239,10059
2023-06-27 09:56:19,33,34,4239,10059
2023-06-27 10:00:12,33,34,4239,10459
2023-06-27 10:00:27,32,34,4239,10579
2023-06-27 10:00:30,32,33,4239,10579
2023-06-27 10:00:34,31,33,4419,10799
2023-06-27 10:01:01,32,33,4419,10799
2023-06-27 10:01:25,32,33,4439,10899
2023-06-27 10:01:34,33,34,4479,11036
2023-06-27 10:01:35,32,34,4492,11049
2023-06-27 10:01:47,33,34,4492,11049
2023-06-27 10:01:48,32,34,4542,11099
2023-06-27 10:01:56,33,34,4542,11099
2023-06-27 10:02:05,32,34,4542,11099
2023-06-27 10:02:11,32,33,4542,11099
2023-06-27 10:02:17,32,34,4542,11099
2023-06-27 10:02:44,33,34,4542,11099
2023-06-27 10:02:46,33,34,4542,11299
2023-06-27 10:04:38,32,34,4482,11399
2023-06-27 10:05:02,33,34,4482,11399
2023-06-27 10:05:32,33,34,4662,11599
2023-06-27 10:05:37,33,34,4912,11849
2023-06-27 10:05:38,33,34,5162,12099
2023-06-27 10:06:18,33,34,5362,12299
2023-06-27 10:06:19,33,34,5462,12399
2023-06-27 10:07:13,33,34,5562,12499
2023-06-27 10:07:15,33,34,5712,12649
2023-06-27 10:07:19,33,34,5962,12899
2023-06-27 10:07:19,33,34,6162,13099
2023-06-27 10:07:20,33,34,6495,13432
2023-06-27 10:07:28,33,34,6745,13682
2023-06-27 10:07:29,33,34,6995,13932
2023-06-27 10:07:31,33,34,7195,14132
2023-06-27 10:07:41,33,34,7195,14182
2023-06-27 10:07:51,33,34,7395,14382
2023-06-27 10:08:03,33,34,7565,14632
2023-06-27 10:08:09,33,35,7597,14664
2023-06-27 10:08:34,34,35,7597,14664
2023-06-27 10:08:42,33,35,7597,14664
2023-06-27 10:08:43,34,35,7597,14664
2023-06-27 10:13:45,34,36,7197,15064
2023-06-27 10:14:20,35,36,7197,15064
2023-06-27 10:15:35,35,36,7197,15214
2023-06-27 10:15:36,35,37,7197,15214
2023-06-27 10:15:43,36,37,7197,15214
2023-06-27 10:15:43,36,37,7237,15254
2023-06-27 10:17:04,35,37,7477,15534
2023-06-27 10:17:33,35,36,7477,15534
2023-06-27 10:18:44,35,37,7477,15534
2023-06-27 10:19:12,35,36,7477,15534
2023-06-27 10:19:53,35,37,7477,15534
2023-06-27 10:19:53,35,36,7477,15534
2023-06-27 10:20:41,35,37,7477,15534
2023-06-27 10:20:41,35,36,7477,15534
2023-06-27 10:21:05,35,37,7477,15534
2023-06-27 10:23:06,36,37,7477,15534
2023-06-27 10:23:10,35,37,7477,15534
2023-06-27 10:23:11,36,37,7477,15534
2023-06-27 10:23:16,35,37,7477,15534
2023-06-27 10:23:16,36,37,7477,15534
2023-06-27 10:24:23,36,37,7477,15584
2023-06-27 10:24:27,36,37,7477,15684
2023-06-27 10:24:33,36,37,7477,15884
2023-06-27 10:24:36,37,38,7477,15974
2023-06-27 10:25:11,36,38,7517,16014
2023-06-27 10:25:24,37,38,7517,16014
2023-06-27 10:25:25,36,38,7567,16064
2023-06-27 10:25:35,37,38,7567,16064
2023-06-27 10:25:56,37,38,7577,16114
2023-06-27 10:26:04,37,38,7627,16164
2023-06-27 10:26:06,37,38,7677,16214
2023-06-27 10:29:03,37,38,7737,16314
2023-06-27 10:29:10,38,39,7767,16344
2023-06-27 10:29:11,37,39,7767,16464
2023-06-27 10:29:36,38,39,7767,16464
2023-06-27 10:31:03,38,39,7867,16564
2023-06-27 10:31:05,38,39,7917,16614
2023-06-27 10:31:16,38,39,8117,16814
2023-06-27 10:31:32,38,39,8267,16964
2023-06-27 10:34:04,38,39,8267,17364
2023-06-27 10:34:24,38,39,8507,17764
2023-06-27 10:34:51,38,39,8557,17814
2023-06-27 10:37:18,38,39,8607,17864
2023-06-27 10:42:54,38,39,8807,18064
2023-06-27 10:43:23,38,39,8857,18114
2023-06-27 10:43:28,38,39,9057,18314
2023-06-27 10:43:30,38,39,9157,18414
2023-06-27 10:43:44,38,39,9357,18614
2023-06-27 10:44:18,38,39,9407,18664
2023-06-27 10:45:29,38,39,9457,18714
2023-06-27 10:46:17,38,39,9457,19114
2023-06-27 10:46:34,38,39,9507,19164
2023-06-27 10:46:49,38,39,9557,19214
2023-06-27 10:46:55,38,39,9557,19614
2023-06-27 10:46:56,38,39,9557,20014
2023-06-27 10:46:58,38,39,9557,20414
2023-06-27 10:47:31,38,39,9591,20814
2023-06-27 10:47:31,38,40,9681,20904
2023-06-27 10:47:36,39,40,9681,20904
2023-06-27 10:48:15,39,40,9681,21054
2023-06-27 10:48:27,39,40,9681,21154
2023-06-27 10:49:10,38,40,9907,21554
2023-06-27 10:49:13,39,40,9907,21554
2023-06-27 10:51:02,38,40,9927,21604
2023-06-27 10:51:34,39,40,9927,21604
2023-06-27 10:52:05,38,40,9927,21604
2023-06-27 10:52:05,39,40,9927,21604
2023-06-27 10:52:15,38,40,9977,21654
2023-06-27 10:52:48,39,40,9977,21654
2023-06-27 10:53:03,38,40,10077,21754
2023-06-27 10:53:23,39,40,10077,21754
2023-06-27 10:53:33,38,40,10177,21854
2023-06-27 10:53:36,39,40,10177,21854
2023-06-27 10:56:35,39,40,10277,21954
2023-06-27 10:56:45,39,40,10377,22054
2023-06-27 10:57:03,39,40,10527,22204
2023-06-27 11:02:08,39,40,10577,22254
2023-06-27 11:02:11,39,40,10777,22454
2023-06-27 11:02:16,39,40,10977,22654
2023-06-27 11:02:17,39,40,11177,22854
2023-06-27 11:02:18,40,42,11192,22889
2023-06-27 11:02:22,39,42,11192,22889
2023-06-27 11:02:22,40,42,11192,22889
2023-06-27 11:03:35,41,42,11192,22889
2023-06-27 11:04:46,41,42,10792,23289
2023-06-27 11:04:46,41,43,10651,23524
2023-06-27 11:08:18,41,42,10651,23524
2023-06-27 11:11:06,41,42,10601,23574
2023-06-27 11:11:07,41,42,10601,23624
2023-06-27 11:11:08,40,41,10601,23674
2023-06-27 11:14:04,40,42,10601,23724
2023-06-27 11:14:10,41,42,10601,23724
2023-06-27 11:16:59,42,43,10601,23772
2023-06-27 11:16:59,41,43,10601,23774
2023-06-27 11:17:09,42,43,10601,23774
2023-06-27 11:17:10,41,43,10601,23824
2023-06-27 11:17:57,42,43,10601,23824
2023-06-27 11:20:02,41,43,10707,23989
2023-06-27 11:20:20,42,43,10707,23989
2023-06-27 11:20:29,41,43,10707,24089
2023-06-27 11:20:47,41,43,10747,24129
2023-06-27 11:20:48,40,43,10747,24129
2023-06-27 11:20:49,41,43,10747,24129
2023-06-27 11:21:07,42,43,10747,24129
2023-06-27 11:21:08,41,43,10747,24179
2023-06-27 11:21:21,42,43,10747,24179
2023-06-27 11:21:23,41,43,10747,24229
2023-06-27 11:21:44,41,42,10747,24229
2023-06-27 11:21:46,41,43,10747,24229
2023-06-27 11:21:46,40,43,10747,24294
2023-06-27 11:21:56,40,42,10747,24294
2023-06-27 11:21:59,40,42,10787,24334
2023-06-27 11:22:22,41,42,10787,24334
2023-06-27 11:22:25,40,42,10787,24384
2023-06-27 11:22:44,41,42,10787,24384
2023-06-27 11:25:19,40,42,10787,24384
2023-06-27 11:27:16,41,42,10787,24384
2023-06-27 11:27:27,40,42,10787,24384
2023-06-27 11:27:40,39,42,10787,24384
2023-06-27 11:27:40,39,41,10787,24384
2023-06-27 11:27:47,39,42,10787,24384
2023-06-27 11:27:47,39,41,10787,24384
2023-06-27 11:27:56,39,40,10787,24384
2023-06-27 11:28:05,38,40,10802,24399
2023-06-27 11:28:17,38,39,10802,24399
2023-06-27 11:28:25,37,39,10802,24399
2023-06-27 11:28:42,37,38,10802,24399
2023-06-27 11:28:44,36,38,10802,24399
2023-06-27 11:28:51,36,37,10802,24399
2023-06-27 11:28:53,35,37,10802,24399
2023-06-27 11:28:55,35,36,10802,24399
2023-06-27 11:28:59,34,36,10802,24399
2023-06-27 11:29:24,35,36,10802,24399
2023-06-27 11:29:31,34,36,10852,24449
2023-06-27 11:29:43,33,36,10852,24449
2023-06-27 11:29:44,34,36,10852,24449
2023-06-27 11:29:59,34,35,10852,24449
2023-06-27 11:30:02,32,34,10852,24599
2023-06-27 11:30:03,32,35,10852,24599
2023-06-27 11:30:06,32,34,10852,24599
2023-06-27 11:30:13,32,33,10852,24599
2023-06-27 11:30:34,32,34,10852,24699
2023-06-27 11:30:40,33,34,10852,24699
2023-06-27 11:30:40,33,36,10862,24899
2023-06-27 11:30:46,33,36,10877,24914
2023-06-27 11:30:46,33,35,10877,24914
2023-06-27 11:30:46,33,35,10892,24929
2023-06-27 11:30:51,34,35,10892,24929
2023-06-27 11:31:07,33,35,10942,24979
2023-06-27 11:31:12,33,34,10942,24979
2023-06-27 11:31:12,31,34,11092,25129
2023-06-27 11:31:14,31,35,11092,25129
2023-06-27 11:31:14,32,35,11092,25129
2023-06-27 11:31:14,32,34,11092,25129
2023-06-27 11:31:37,32,35,11107,25294
2023-06-27 11:31:41,33,35,11107,25294
2023-06-27 11:31:49,33,34,11107,25294
2023-06-27 11:32:06,33,35,11122,25309
2023-06-27 11:32:25,34,35,11122,25309
2023-06-27 11:32:33,33,35,11172,25359
2023-06-27 11:33:27,32,35,11322,25549
2023-06-27 11:33:33,32,34,11322,25549
2023-06-27 11:33:43,33,34,11322,25549
2023-06-27 11:33:48,33,35,11337,25564
2023-06-27 11:33:55,34,35,11337,25564
2023-06-27 11:34:13,34,36,11352,25627
2023-06-27 11:34:16,33,36,11352,25627
2023-06-27 11:34:16,33,35,11352,25627
2023-06-27 11:34:33,33,34,11352,25627
2023-06-27 11:34:45,33,35,11367,25742
2023-06-27 11:35:20,34,35,11367,25742
2023-06-27 11:35:27,33,35,11367,25742
2023-06-27 11:35:27,34,35,11367,25742
2023-06-27 11:35:30,34,36,11382,25757
2023-06-27 11:36:08,34,35,11382,25757
2023-06-27 11:36:11,33,35,11532,25937
2023-06-27 11:36:25,32,35,11712,26147
2023-06-27 11:36:26,32,34,11712,26147
2023-06-27 11:36:36,32,33,11712,26147
2023-06-27 11:36:51,31,33,11752,26187
2023-06-27 11:36:53,30,33,11752,26187
2023-06-27 11:36:53,30,32,11752,26187
2023-06-27 11:36:59,29,32,11752,26187
2023-06-27 11:36:59,29,31,11752,26187
2023-06-27 11:38:20,29,30,11752,26187
2023-06-27 11:38:20,29,30,12002,26437
2023-06-27 11:38:21,29,30,12252,26687
2023-06-27 11:38:25,29,30,12502,26937
2023-06-27 11:38:27,29,30,12752,27187
2023-06-27 11:38:28,29,30,13002,27437
2023-06-27 11:38:31,29,30,13202,27637
2023-06-27 11:38:31,29,30,13552,27987
2023-06-27 11:38:33,29,30,13802,28237
2023-06-27 11:38:34,29,30,14002,28437
2023-06-27 11:38:34,29,30,14252,28687
2023-06-27 11:38:36,29,30,14502,28937
2023-06-27 11:38:37,29,30,14752,29187
2023-06-27 11:38:38,29,30,14778,29213
2023-06-27 11:38:38,29,30,15028,29463
2023-06-27 11:39:02,28,30,15028,29463
2023-06-27 11:39:03,27,30,15028,29463
2023-06-27 11:39:03,28,30,15028,29463
2023-06-27 11:39:04,28,29,15028,29463
2023-06-27 11:39:08,27,29,15028,29463
2023-06-27 11:39:18,27,30,15028,29463
2023-06-27 11:39:18,28,30,15028,29463
2023-06-27 11:39:18,28,29,15028,29463
2023-06-27 11:39:43,28,30,15028,29513
2023-06-27 11:39:50,28,29,15028,29513
2023-06-27 11:40:48,28,30,15043,29548
2023-06-27 11:41:39,28,29,15043,29548
2023-06-27 11:42:36,28,30,15058,29563
2023-06-27 11:43:01,29,30,15058,29563
2023-06-27 11:43:03,29,30,15208,29713
2023-06-27 11:43:34,29,30,15223,29728
2023-06-27 11:43:34,29,30,15238,29743
2023-06-27 11:43:35,28,30,15238,29743
2023-06-27 11:44:03,28,29,15238,29743
2023-06-27 11:44:21,28,29,15213,29793
2023-06-27 11:44:23,27,29,15213,29798
2023-06-27 11:44:40,26,27,15213,29898
2023-06-27 11:44:55,26,29,15213,29898
2023-06-27 11:44:55,26,28,15213,29898
2023-06-27 11:45:04,26,27,15213,29898
2023-06-27 11:45:22,27,28,15228,29913
2023-06-27 11:45:22,27,28,15229,29914
2023-06-27 11:45:30,26,28,15229,29914
2023-06-27 11:45:30,27,28,15229,29914
2023-06-27 11:45:33,26,28,15229,29914
2023-06-27 11:45:51,26,28,15230,29915
2023-06-27 11:46:29,26,27,15230,29915
2023-06-27 11:47:56,27,28,15245,29930
2023-06-27 11:48:04,27,29,15260,29945
2023-06-27 11:48:12,28,29,15260,29945
2023-06-27 11:48:25,27,29,15260,29945
2023-06-27 11:48:25,28,29,15260,29945
2023-06-27 11:48:25,29,30,15275,29985
2023-06-27 11:48:26,29,30,15290,30000
2023-06-27 11:48:32,28,30,15325,30035
2023-06-27 11:49:17,29,30,15325,30035
2023-06-27 11:49:20,29,30,15425,30135
2023-06-27 11:49:26,29,30,15425,30535
2023-06-27 11:49:28,28,30,15425,30535
2023-06-27 11:49:28,28,30,15425,30935
2023-06-27 11:50:58,28,29,15425,30935
2023-06-27 11:51:15,28,29,15460,30985
2023-06-27 11:51:22,27,29,15460,30985
2023-06-27 11:51:23,27,28,15460,30985
2023-06-27 11:51:50,26,27,15445,31000
2023-06-27 11:51:55,26,27,15465,31050
2023-06-27 11:51:56,26,27,15515,31100
2023-06-27 11:52:01,25,26,15515,31120
2023-06-27 11:52:02,25,26,15515,31140
2023-06-27 11:52:03,25,26,15515,31160
2023-06-27 11:52:04,25,26,15515,31180
2023-06-27 11:52:05,25,26,15515,31200
2023-06-27 11:52:06,25,26,15515,31220
2023-06-27 11:52:07,24,26,15545,31250
2023-06-27 11:52:10,24,25,15545,31250
2023-06-27 11:52:14,23,25,15545,31250
2023-06-27 11:52:29,24,25,15545,31250
2023-06-27 11:52:42,23,25,15545,31250
2023-06-27 11:52:56,23,24,15545,31250
2023-06-27 11:53:43,24,25,15545,31465
2023-06-27 11:54:03,23,25,15545,31465
2023-06-27 11:54:39,23,24,15545,31465
2023-06-27 11:54:56,23,24,15545,31515
2023-06-27 11:54:56,22,24,15585,31555
2023-06-27 11:55:24,23,24,15585,31555
2023-06-27 11:55:55,22,24,15585,31555
2023-06-27 11:55:55,23,24,15585,31555
2023-06-27 11:56:00,22,24,15585,31555
2023-06-27 11:56:26,22,23,15585,31555
2023-06-27 11:57:37,22,24,15585,31570
2023-06-27 11:57:38,23,24,15585,31570
2023-06-27 11:58:00,24,25,15585,31585
2023-06-27 11:58:15,23,25,15585,31585
2023-06-27 11:58:15,25,26,15585,31600
2023-06-27 11:58:16,23,26,15620,31635
2023-06-27 11:58:21,22,26,15620,31635
2023-06-27 11:58:21,24,26,15620,31635
2023-06-27 11:58:21,24,25,15620,31635
2023-06-27 11:58:52,23,25,15635,31650
2023-06-27 11:58:52,23,24,15635,31650
2023-06-27 11:58:57,22,24,15665,31680
2023-06-27 11:59:26,24,25,15400,31960
2023-06-27 11:59:26,24,25,15400,32080
2023-06-27 11:59:26,24,25,15400,32115
2023-06-27 11:59:27,22,24,15285,32230
2023-06-27 11:59:28,22,25,15285,32230
2023-06-27 11:59:35,23,25,15285,32230
2023-06-27 11:59:46,23,24,15285,32230
2023-06-27 11:59:49,23,25,15285,32230
2023-06-27 12:00:00,23,24,15285,32230
2023-06-27 12:00:01,23,25,15285,32230
2023-06-27 12:00:19,23,24,15285,32230
2023-06-27 12:00:22,22,24,15300,32245
2023-06-27 12:00:40,22,23,15300,32245
2023-06-27 12:00:44,21,23,15315,32260
2023-06-27 12:00:44,21,22,15315,32260
2023-06-27 12:01:08,22,24,15330,32305
2023-06-27 12:01:09,22,24,15345,32320
2023-06-27 12:01:13,23,24,15345,32320
2023-06-27 12:01:13,23,24,15355,32330
2023-06-27 12:01:32,21,24,15355,32330
2023-06-27 12:01:32,22,24,15355,32330
2023-06-27 12:01:40,22,23,15355,32330
2023-06-27 12:01:41,21,23,15355,32330
2023-06-27 12:01:51,20,23,15355,32330
2023-06-27 12:01:51,21,23,15355,32330
2023-06-27 12:01:51,21,22,15355,32330
2023-06-27 12:02:16,21,22,15367,32342
2023-06-27 12:02:16,20,21,15370,32345
2023-06-27 12:02:25,21,22,15382,32372
2023-06-27 12:02:25,20,22,15405,32395
2023-06-27 12:02:28,21,22,15405,32395
2023-06-27 12:03:06,22,23,15405,32410
2023-06-27 12:03:17,21,23,15405,32410
2023-06-27 12:03:17,22,23,15405,32410
2023-06-27 12:03:52,23,24,15405,32425
2023-06-27 12:04:15,21,24,15405,32425
2023-06-27 12:04:15,22,24,15405,32425
2023-06-27 12:04:19,22,23,15405,32425
2023-06-27 12:04:21,21,23,15720,32740
2023-06-27 12:04:29,21,22,15720,32740
2023-06-27 12:04:35,20,21,15720,32743
2023-06-27 12:05:47,19,20,15720,32876
2023-06-27 12:06:13,20,21,15720,32894
2023-06-27 12:06:31,19,21,15720,32894
2023-06-27 12:06:31,20,21,15720,32894
2023-06-27 12:06:57,19,21,15720,32894
2023-06-27 12:06:57,20,21,15720,32894
2023-06-27 12:07:02,21,22,15720,32957
2023-06-27 12:07:10,20,22,15720,32957
2023-06-27 12:07:10,20,22,15720,33007
2023-06-27 12:07:35,21,22,15720,33007
2023-06-27 12:07:35,21,23,15710,33032
2023-06-27 12:07:37,22,23,15710,33032
2023-06-27 12:08:03,21,23,15710,33032
2023-06-27 12:08:03,22,23,15710,33032
2023-06-27 12:08:06,21,23,15710,33032
2023-06-27 12:08:12,22,23,15710,33032
2023-06-27 12:08:24,21,23,15710,33032
2023-06-27 12:08:24,23,24,15725,33047
2023-06-27 12:08:45,21,24,15725,33047
2023-06-27 12:08:45,22,24,15725,33047
2023-06-27 12:09:14,22,23,15725,33047
2023-06-27 12:09:42,23,24,15740,33062
2023-06-27 12:09:44,22,24,15740,33062
2023-06-27 12:09:44,23,24,15740,33062
2023-06-27 12:09:44,24,25,15755,33077
2023-06-27 12:10:13,23,25,15755,33077
2023-06-27 12:10:13,24,25,15755,33077
2023-06-27 12:10:33,23,25,15755,33077
2023-06-27 12:10:33,24,25,15755,33077
2023-06-27 12:10:55,23,25,15955,33277
2023-06-27 12:10:57,23,24,15955,33277
2023-06-27 12:11:03,22,24,15955,33277
2023-06-27 12:11:03,22,23,15955,33277
2023-06-27 12:11:14,22,25,15955,33277
2023-06-27 12:11:14,22,24,15955,33277
2023-06-27 12:11:21,22,25,15955,33277
2023-06-27 12:11:22,22,24,15955,33277
2023-06-27 12:11:48,22,23,15955,33277
2023-06-27 12:12:15,22,25,15955,33277
2023-06-27 12:12:15,22,24,15955,33277
2023-06-27 12:13:12,22,25,15955,33277
2023-06-27 12:13:17,22,24,15955,33277
2023-06-27 12:13:20,22,23,15955,33277
2023-06-27 12:13:31,22,24,15955,33277
2023-06-27 12:13:31,22,23,15955,33277
2023-06-27 12:13:34,22,24,15955,33277
2023-06-27 12:13:34,22,23,15955,33277
2023-06-27 12:13:51,22,24,15955,33277
2023-06-27 12:14:05,22,25,15955,33277
2023-06-27 12:14:05,23,25,15955,33277
2023-06-27 12:14:05,23,24,15955,33277
2023-06-27 12:14:14,22,24,15955,33277
2023-06-27 12:14:14,22,25,15955,33277
2023-06-27 12:14:14,23,25,15955,33277
2023-06-27 12:14:31,23,24,15955,33277
2023-06-27 12:15:00,23,25,15955,33277
2023-06-27 12:15:00,23,24,15955,33277
2023-06-27 12:15:22,22,23,15940,33292
2023-06-27 12:15:23,21,22,15895,33362
2023-06-27 12:15:33,20,21,15895,33407
2023-06-27 12:16:46,20,21,15895,33457
2023-06-27 12:17:06,21,22,15895,33472
2023-06-27 12:17:16,20,22,15895,33472
2023-06-27 12:17:19,21,22,15895,33472
2023-06-27 12:17:33,22,23,15895,33517
2023-06-27 12:17:48,21,23,15895,33517
2023-06-27 12:17:48,22,23,15895,33517
2023-06-27 12:18:04,23,25,15895,33557
2023-06-27 12:18:15,24,25,15895,33557
2023-06-27 12:18:21,23,25,15895,33557
2023-06-27 12:18:21,24,25,15895,33557
2023-06-27 12:18:38,25,27,15907,33596
2023-06-27 12:18:50,25,26,15907,33596
2023-06-27 12:18:52,23,26,15907,33596
2023-06-27 12:18:53,24,26,15907,33596
2023-06-27 12:19:11,25,26,15907,33596
2023-06-27 12:19:27,24,26,15907,33596
2023-06-27 12:19:27,24,25,15907,33596
2023-06-27 12:20:39,25,26,15922,33611
2023-06-27 12:20:44,24,25,15922,33696
2023-06-27 12:20:45,24,26,15922,33696
2023-06-27 12:20:47,24,25,15922,33696
2023-06-27 12:20:58,23,24,15895,33726
2023-06-27 12:21:20,22,23,15895,33741
2023-06-27 12:24:19,21,23,15965,33811
2023-06-27 12:24:26,21,22,15965,33811
2023-06-27 12:24:55,20,22,15995,33841
2023-06-27 12:25:04,21,22,15995,33841
2023-06-27 12:25:20,20,21,15995,33891
2023-06-27 12:25:33,19,20,15995,33899
2023-06-27 12:25:54,18,19,15995,33999
2023-06-27 12:25:59,17,18,16135,34149
2023-06-27 12:26:28,18,20,16135,34199
2023-06-27 12:26:32,19,20,16135,34199
2023-06-27 12:27:22,18,20,16135,34199
2023-06-27 12:27:26,19,20,16135,34199
2023-06-27 12:27:57,18,20,16135,34199
2023-06-27 12:28:19,17,20,16135,34199
2023-06-27 12:28:19,17,19,16135,34199
2023-06-27 12:28:26,18,19,16135,34199
2023-06-27 12:28:40,17,19,16135,34199
2023-06-27 12:28:49,17,18,16135,34199
2023-06-27 12:29:19,17,18,16135,34249
2023-06-27 12:29:27,16,17,16135,34314
2023-06-27 12:30:04,15,17,16290,34469
2023-06-27 12:30:06,15,16,16290,34469
2023-06-27 12:30:49,16,17,16290,34499
2023-06-27 12:31:00,16,17,16292,34501
2023-06-27 12:31:06,15,17,16292,34501
2023-06-27 12:31:13,15,16,16292,34501
2023-06-27 12:31:46,16,17,16292,34516
2023-06-27 12:31:54,15,17,16292,34516
2023-06-27 12:31:54,16,17,16292,34516
2023-06-27 12:32:04,15,17,16292,34516
2023-06-27 12:32:04,16,17,16292,34516
2023-06-27 12:32:09,15,17,16292,34516
2023-06-27 12:32:38,15,16,16292,34516
2023-06-27 12:33:28,15,17,16292,34731
2023-06-27 12:33:37,16,17,16292,34731
2023-06-27 12:33:40,15,17,16292,34731
2023-06-27 12:33:41,16,17,16292,34731
2023-06-27 12:33:55,15,17,16292,34731
2023-06-27 12:33:55,16,17,16292,34731
2023-06-27 12:34:07,15,17,16292,34731
2023-06-27 12:34:11,15,16,16292,34731
2023-06-27 12:34:24,15,17,16292,34881
2023-06-27 12:34:29,15,16,16292,34881
2023-06-27 12:34:31,15,16,16692,35281
2023-06-27 12:34:35,15,16,16692,35381
2023-06-27 12:34:55,15,17,16692,35381
2023-06-27 12:34:55,15,16,16692,35381
2023-06-27 12:35:20,15,17,16692,35381
2023-06-27 12:36:28,15,16,16692,35381
2023-06-27 12:36:29,15,17,16692,35381
2023-06-27 12:36:31,15,16,16692,35381
2023-06-27 12:37:01,15,17,16692,35381
2023-06-27 12:37:01,15,16,16692,35381
2023-06-27 12:37:05,15,17,16692,35381
2023-06-27 12:37:09,16,17,16692,35381
2023-06-27 12:37:29,15,17,16692,35381
2023-06-27 12:37:40,15,16,16692,35381
2023-06-27 12:38:03,15,17,16692,35381
2023-06-27 12:38:03,15,16,16692,35381
2023-06-27 12:38:19,15,16,16892,35581
2023-06-27 12:38:19,14,16,16972,35661
2023-06-27 12:38:22,13,16,16972,35661
2023-06-27 12:38:22,13,15,16972,35661
2023-06-27 12:38:27,13,14,16972,35661
2023-06-27 12:38:34,13,15,16972,35661
2023-06-27 12:38:48,14,15,16972,35661
2023-06-27 12:38:53,13,15,16972,35661
2023-06-27 12:39:02,13,14,16972,35661
2023-06-27 12:39:14,13,15,16972,35661
2023-06-27 12:39:28,13,14,16972,35661
2023-06-27 12:39:44,12,14,16987,35676
2023-06-27 12:39:55,12,13,16987,35676
2023-06-27 12:40:11,12,14,16987,35676
2023-06-27 12:40:11,12,13,16987,35676
2023-06-27 12:41:33,12,13,17187,35876
2023-06-27 12:41:34,11,13,17187,35941
2023-06-27 12:41:34,10,13,17187,35941
2023-06-27 12:41:35,11,13,17187,35941
2023-06-27 12:41:35,11,12,17187,35941
2023-06-27 12:42:22,11,12,17202,35956
2023-06-27 12:42:22,11,12,17217,35971
2023-06-27 12:42:48,12,13,17217,36016
2023-06-27 12:42:48,12,13,17317,36116
2023-06-27 12:42:56,11,13,17317,36116
2023-06-27 12:43:08,11,12,17317,36116
2023-06-27 12:43:21,11,13,17317,36116
2023-06-27 12:43:21,11,12,17317,36116
2023-06-27 12:43:22,10,12,17347,36146
2023-06-27 12:43:26,10,11,17347,36146
2023-06-27 12:43:51,9,10,17347,36161
2023-06-27 12:43:57,9,11,17347,36161
2023-06-27 12:43:57,9,10,17347,36161
2023-06-27 12:44:11,9,11,17347,36161
2023-06-27 12:44:28,10,11,17347,36161
2023-06-27 12:44:28,9,11,17397,36211
2023-06-27 12:44:59,9,10,17397,36211
2023-06-27 12:45:02,9,10,17397,36461
2023-06-27 12:45:03,8,10,17397,36576
2023-06-27 12:45:06,8,9,17397,36576
2023-06-27 12:45:09,7,9,17412,36591
2023-06-27 12:45:12,7,8,17412,36591
2023-06-27 12:46:21,6,8,17427,36606
2023-06-27 12:46:24,7,8,17427,36606
2023-06-27 12:47:49,6,8,17427,36606
2023-06-27 12:47:56,6,7,17427,36606
2023-06-27 12:48:11,6,7,17527,36706
2023-06-27 12:48:21,6,7,17674,36853
2023-06-27 12:48:23,6,7,17777,36956
2023-06-27 12:48:51,5,7,17792,36971
2023-06-27 12:48:51,6,7,17792,36971
2023-06-27 12:48:51,6,7,17807,36986
2023-06-27 12:49:12,6,7,17957,37136
2023-06-27 12:49:20,6,8,17827,37466
2023-06-27 12:49:24,5,8,17827,37466
2023-06-27 12:49:24,6,8,17827,37466
2023-06-27 12:50:39,7,8,17827,37466
2023-06-27 12:51:10,6,8,17827,37549
2023-06-27 12:57:02,7,8,17827,37549
2023-06-27 12:57:22,6,8,17827,37549
2023-06-27 12:57:22,7,8,17827,37549
2023-06-27 12:57:33,6,8,17827,37549
2023-06-27 12:57:33,7,8,17827,37549
2023-06-27 12:57:43,8,9,17827,37594
2023-06-27 12:57:57,8,9,17852,37619
2023-06-27 12:58:04,7,9,17852,37619
2023-06-27 12:58:04,8,9,17852,37619
2023-06-27 12:58:36,7,9,17852,37619
2023-06-27 12:58:37,8,9,17852,37619
2023-06-27 12:58:38,7,9,17852,37619
2023-06-27 12:58:38,8,9,17852,37619
2023-06-27 12:58:44,7,9,17852,37619
2023-06-27 12:59:29,7,8,17852,37619
2023-06-27 13:00:38,7,8,17769,37819
2023-06-27 13:00:39,8,9,18007,38057
2023-06-27 13:00:42,7,9,18007,38057
2023-06-27 13:00:42,8,9,18007,38057
2023-06-27 13:00:55,7,9,18007,38057
2023-06-27 13:00:55,8,9,18007,38057
2023-06-27 13:01:00,7,9,18007,38057
2023-06-27 13:01:00,8,9,18007,38057
2023-06-27 13:01:07,7,9,18007,38057
2023-06-27 13:01:08,8,9,18007,38057
2023-06-27 13:01:15,7,9,18007,38057
2023-06-27 13:01:15,8,9,18007,38057
2023-06-27 13:01:32,9,10,18037,38102
2023-06-27 13:01:49,9,10,18052,38117
2023-06-27 13:01:49,8,10,18207,38272
2023-06-27 13:02:56,8,9,18207,38272
2023-06-27 13:03:16,8,10,18207,38272
2023-06-27 13:03:28,8,9,18207,38272
2023-06-27 13:03:46,8,10,18207,38272
2023-06-27 13:06:36,9,10,18207,38272
2023-06-27 13:06:49,10,12,18207,38412
2023-06-27 13:07:01,11,12,18207,38412
2023-06-27 13:07:11,10,12,18207,38412
2023-06-27 13:07:11,11,12,18207,38412
2023-06-27 13:07:13,10,12,18207,38412
2023-06-27 13:07:46,10,11,18207,38412
2023-06-27 13:07:46,10,11,18222,38427
2023-06-27 13:07:46,10,12,18222,38427
2023-06-27 13:07:47,9,12,18227,38432
2023-06-27 13:07:49,8,12,18227,38432
2023-06-27 13:07:49,8,11,18227,38432
2023-06-27 13:08:04,9,11,18227,38432
2023-06-27 13:08:21,9,10,18227,38432
2023-06-27 13:08:47,9,11,18227,38432
2023-06-27 13:09:47,9,10,18227,38432
2023-06-27 13:09:53,8,10,18267,38472
2023-06-27 13:11:06,8,9,18267,38472
2023-06-27 13:11:15,7,9,18287,38492
2023-06-27 13:11:18,7,8,18287,38492
2023-06-27 13:12:42,7,9,18287,38492
2023-06-27 13:12:42,7,8,18287,38492
2023-06-27 13:12:48,7,9,18287,38492
2023-06-27 13:13:02,7,10,18287,38492
2023-06-27 13:13:02,7,9,18287,38492
2023-06-27 13:13:38,8,9,18287,38492
2023-06-27 13:15:00,7,9,18287,38512
2023-06-27 13:15:29,8,9,18287,38512
2023-06-27 13:15:46,7,9,18287,38512
2023-06-27 13:16:21,7,8,18287,38512
2023-06-27 13:16:52,6,8,18327,38552
2023-06-27 13:17:07,6,7,18327,38552
2023-06-27 13:17:56,5,6,18327,38592
2023-06-27 13:18:07,5,7,18327,38592
2023-06-27 13:18:33,5,6,18327,38592
2023-06-27 13:19:17,5,6,18327,38792
2023-06-27 13:19:17,5,6,18372,38837
2023-06-27 13:19:20,4,6,18392,38857
2023-06-27 13:19:20,4,5,18392,38857
2023-06-27 13:20:23,4,5,18422,38887
2023-06-27 13:20:23,4,5,18452,38917
2023-06-27 13:20:30,4,5,18652,39117
2023-06-27 13:20:30,3,5,18657,39122
2023-06-27 13:20:49,3,4,18657,39122
2023-06-27 13:20:52,3,4,18857,39322
2023-06-27 13:20:56,3,5,18857,39322
2023-06-27 13:20:56,3,5,18857,39357
2023-06-27 13:21:04,3,4,18857,39357
2023-06-27 13:21:11,3,5,18857,39357
2023-06-27 13:22:36,3,4,18857,39357
2023-06-27 13:22:54,3,5,18857,39357
2023-06-27 13:22:54,3,4,18857,39357
2023-06-27 13:22:57,3,5,18857,39357
2023-06-27 13:22:57,3,5,18857,39437
2023-06-27 13:22:58,3,4,18857,39437
2023-06-27 13:23:34,3,4,18907,39487
2023-06-27 13:23:34,3,4,18957,39537
2023-06-27 13:27:26,3,4,19132,39712
2023-06-27 13:30:10,3,4,19132,39714
2023-06-27 13:31:00,3,4,19170,39752
2023-06-27 13:31:00,3,4,19208,39790
2023-06-27 13:31:05,3,4,19311,39893
2023-06-27 13:31:07,3,4,19326,39908
2023-06-27 13:31:07,3,4,19346,39928
2023-06-27 13:31:10,2,4,19372,39954
2023-06-27 13:31:30,2,3,19372,39954
2023-06-27 13:34:09,2,3,19422,40004
2023-06-27 13:40:11,0,3,19422,40004
2023-06-27 13:45:48,0,2,19422,40004
2023-06-27 13:45:49,0,3,19422,40004
2023-06-27 13:46:26,0,2,19422,40004
2023-06-27 13:46:32,0,3,19422,40004
2023-06-27 13:46:33,0,2,19422,40004
2023-06-27 13:47:24,0,3,19422,40004
2023-06-27 13:47:24,0,2,19422,40004
2023-06-27 13:47:37,0,3,19422,40004
2023-06-27 13:48:17,0,2,19422,40004
2023-06-27 13:48:18,0,3,19422,40004
2023-06-27 13:48:19,0,2,19422,40004
2023-06-27 13:48:19,0,3,19422,40004
2023-06-27 13:49:11,0,2,19422,40004
2023-06-27 13:49:27,0,3,19422,40004
2023-06-27 13:49:27,0,2,19422,40004
2023-06-27 13:49:33,0,3,19422,40004
2023-06-27 13:49:44,0,2,19422,40004
2023-06-27 13:51:38,0,3,19422,40004
2023-06-27 13:51:38,0,2,19422,40004
2023-06-27 13:51:44,0,3,19422,40004
2023-06-27 13:51:44,0,2,19422,40004
2023-06-27 13:52:25,0,3,19422,40004
2023-06-27 13:52:25,0,2,19422,40004
2023-06-27 13:52:28,0,3,19422,40004
2023-06-27 13:52:28,0,2,19422,40004
2023-06-27 13:52:31,0,3,19422,40004
2023-06-27 13:52:31,0,2,19422,40004
2023-06-27 13:52:31,0,3,19422,40004
2023-06-27 13:52:32,0,3,19422,40004
2023-06-27 13:52:32,0,2,19422,40004
2023-06-27 13:52:47,0,3,19422,40004
2023-06-27 13:52:54,0,2,19422,40004
2023-06-27 13:52:58,0,3,19422,40004
2023-06-27 13:52:58,0,2,19422,40004
2023-06-27 13:53:06,0,3,19422,40004
2023-06-27 13:53:45,0,2,19422,40004
2023-06-27 13:53:52,0,3,19422,40004
2023-06-27 13:53:52,0,2,19422,40004
2023-06-27 13:53:57,0,3,19422,40004
2023-06-27 13:53:57,0,2,19422,40004
2023-06-27 13:54:00,0,3,19422,40004
2023-06-27 13:54:15,0,2,19422,40004
2023-06-27 13:54:43,0,3,19422,40004
2023-06-27 13:55:00,0,2,19422,40004
2023-06-27 13:55:06,0,3,19422,40004
2023-06-27 13:55:19,0,2,19422,40004
2023-06-27 13:55:42,0,3,19422,40004
2023-06-27 13:58:03,0,2,19422,40004
2023-06-27 13:58:06,0,3,19422,40004
2023-06-27 13:58:08,0,2,19422,40004
2023-06-27 13:58:15,0,3,19422,40004
2023-06-27 13:59:07,0,2,19422,40004
2023-06-27 13:59:07,0,1,19422,40004
