datetime,bid,ask,open_interest,volume
2023-12-08 09:30:01,15,74,105,105
2023-12-08 09:30:34,15,75,105,105
2023-12-08 09:30:34,15,74,105,105
2023-12-08 09:30:57,15,73,105,105
2023-12-08 09:30:57,15,74,105,105
2023-12-08 09:30:57,15,73,105,105
2023-12-08 09:30:57,17,73,105,105
2023-12-08 09:30:57,19,73,105,105
2023-12-08 09:30:57,19,30,105,105
2023-12-08 09:31:00,23,30,105,105
2023-12-08 09:31:00,24,30,105,105
2023-12-08 09:31:00,24,26,113,113
2023-12-08 09:31:10,23,26,113,113
2023-12-08 09:31:11,23,25,113,113
2023-12-08 09:31:17,23,26,113,113
2023-12-08 09:31:18,24,26,113,113
2023-12-08 09:31:32,23,26,113,113
2023-12-08 09:31:32,24,26,113,113
2023-12-08 09:31:35,23,26,113,113
2023-12-08 09:31:39,24,26,113,113
2023-12-08 09:31:41,24,25,113,113
2023-12-08 09:31:41,23,25,113,113
2023-12-08 09:31:58,22,25,113,113
2023-12-08 09:31:58,22,24,113,113
2023-12-08 09:32:10,23,24,113,113
2023-12-08 09:32:13,23,25,113,113
2023-12-08 09:32:17,24,26,113,113
2023-12-08 09:33:52,23,26,113,113
2023-12-08 09:33:53,23,25,113,113
2023-12-08 09:33:55,23,26,113,113
2023-12-08 09:33:55,24,26,113,113
2023-12-08 09:34:09,23,26,113,113
2023-12-08 09:34:11,23,25,113,113
2023-12-08 09:34:17,23,26,113,113
2023-12-08 09:34:17,23,25,113,113
2023-12-08 09:34:21,23,26,113,113
2023-12-08 09:34:23,23,25,113,113
2023-12-08 09:34:24,23,26,113,113
2023-12-08 09:34:26,23,25,113,113
2023-12-08 09:34:28,23,26,113,113
2023-12-08 09:34:29,23,25,113,113
2023-12-08 09:34:43,22,25,113,113
2023-12-08 09:34:43,22,24,113,113
2023-12-08 09:34:54,22,25,113,113
2023-12-08 09:34:56,23,25,113,113
2023-12-08 09:34:57,22,25,113,113
2023-12-08 09:34:57,23,25,113,113
2023-12-08 09:35:04,22,25,113,113
2023-12-08 09:35:11,23,25,113,113
2023-12-08 09:35:43,23,26,113,113
2023-12-08 09:35:45,24,26,113,113
2023-12-08 09:35:49,23,26,113,113
2023-12-08 09:35:53,23,25,113,113
2023-12-08 09:35:56,23,26,113,113
2023-12-08 09:36:13,23,25,113,113
2023-12-08 09:36:20,23,26,113,113
2023-12-08 09:36:47,23,25,113,113
2023-12-08 09:36:48,23,26,113,113
2023-12-08 09:37:03,23,25,113,113
2023-12-08 09:37:04,23,26,113,113
2023-12-08 09:37:09,23,25,113,113
2023-12-08 09:37:19,22,25,113,113
2023-12-08 09:37:29,23,25,113,113
2023-12-08 09:37:31,22,25,113,113
2023-12-08 09:37:37,22,24,113,113
2023-12-08 09:37:42,22,25,113,113
2023-12-08 09:37:49,23,25,113,113
2023-12-08 09:37:51,22,25,113,113
2023-12-08 09:37:52,23,25,113,113
2023-12-08 09:37:55,22,25,113,113
2023-12-08 09:38:01,23,25,113,113
2023-12-08 09:38:04,22,25,113,113
2023-12-08 09:38:05,22,24,113,113
2023-12-08 09:38:10,22,25,113,113
2023-12-08 09:38:12,23,25,113,113
2023-12-08 09:38:23,23,26,113,113
2023-12-08 09:38:40,24,26,113,113
2023-12-08 09:38:57,25,26,113,113
2023-12-08 09:39:06,25,27,113,113
2023-12-08 09:39:40,25,26,113,113
2023-12-08 09:39:44,25,27,113,113
2023-12-08 09:40:37,26,27,113,113
2023-12-08 09:40:43,26,28,113,113
2023-12-08 09:40:48,27,28,113,113
2023-12-08 09:40:56,27,29,305,313
2023-12-08 09:41:11,28,29,305,313
2023-12-08 09:41:11,28,29,305,433
2023-12-08 09:41:13,28,30,505,633
2023-12-08 09:41:28,28,29,505,633
2023-12-08 09:41:28,28,29,505,833
2023-12-08 09:41:29,27,29,505,833
2023-12-08 09:41:34,27,30,505,833
2023-12-08 09:41:45,27,30,1060,1388
2023-12-08 09:41:45,28,30,1060,1388
2023-12-08 09:41:52,27,30,1060,1388
2023-12-08 09:41:52,28,30,1060,1388
2023-12-08 09:41:52,29,30,1060,1388
2023-12-08 09:41:59,29,30,1715,2043
2023-12-08 09:42:06,29,31,1715,2043
2023-12-08 09:42:20,29,30,1715,2043
2023-12-08 09:42:20,29,30,1715,2083
2023-12-08 09:42:21,29,30,1715,2163
2023-12-08 09:42:25,28,30,1715,2163
2023-12-08 09:42:36,29,30,1715,2163
2023-12-08 09:42:37,29,31,1715,2163
2023-12-08 09:42:58,28,31,1715,2163
2023-12-08 09:42:58,30,31,1715,2163
2023-12-08 09:42:58,30,31,1715,2203
2023-12-08 09:43:05,30,32,2115,2603
2023-12-08 09:43:12,30,32,2115,2703
2023-12-08 09:43:39,31,32,2115,2703
2023-12-08 09:43:39,31,32,2115,2746
2023-12-08 09:43:55,31,33,2115,2746
2023-12-08 09:44:00,32,33,2115,2746
2023-12-08 09:44:00,32,33,2115,2806
2023-12-08 09:44:01,32,33,2115,2926
2023-12-08 09:44:03,32,33,2115,2986
2023-12-08 09:44:12,32,34,2115,2986
2023-12-08 09:44:40,33,34,2115,2986
2023-12-08 09:44:45,32,34,2115,3063
2023-12-08 09:44:58,33,34,2115,3063
2023-12-08 09:44:58,33,34,2115,3099
2023-12-08 09:45:20,32,34,2115,3099
2023-12-08 09:45:40,32,34,2115,3179
2023-12-08 09:45:44,32,34,2115,3299
2023-12-08 09:45:45,31,34,2115,3299
2023-12-08 09:45:46,31,33,2115,3299
2023-12-08 09:46:42,31,34,2115,3299
2023-12-08 09:46:52,31,34,2115,3299
2023-12-08 09:47:02,31,33,2115,3299
2023-12-08 09:47:06,32,33,2115,3299
2023-12-08 09:47:09,32,34,2115,3299
2023-12-08 09:47:24,31,34,2115,3299
2023-12-08 09:47:30,31,33,2115,3299
2023-12-08 09:47:37,30,33,2115,3299
2023-12-08 09:47:38,30,32,2115,3299
2023-12-08 09:48:47,30,33,2115,3299
2023-12-08 09:48:47,31,33,2115,3299
2023-12-08 09:48:49,30,33,2115,3299
2023-12-08 09:48:55,31,33,2115,3299
2023-12-08 09:48:58,30,33,2115,3299
2023-12-08 09:49:05,30,32,2115,3299
2023-12-08 09:49:13,31,32,2115,3299
2023-12-08 09:49:14,31,33,2115,3299
2023-12-08 09:49:37,31,34,2115,3299
2023-12-08 09:49:39,32,34,2115,3299
2023-12-08 09:49:39,32,34,2115,3304
2023-12-08 09:51:31,31,34,2115,3304
2023-12-08 09:51:33,31,33,2115,3304
2023-12-08 09:51:47,30,33,2115,3304
2023-12-08 09:52:00,31,33,2115,3304
2023-12-08 09:52:03,30,33,2115,3304
2023-12-08 09:52:04,31,33,2115,3304
2023-12-08 09:52:35,30,33,2115,3304
2023-12-08 09:53:01,30,32,2115,3304
2023-12-08 09:53:15,30,32,2115,3504
2023-12-08 09:53:24,30,32,2115,3564
2023-12-08 09:53:25,30,31,2115,3564
2023-12-08 09:53:26,30,31,2115,3624
2023-12-08 09:53:28,29,31,2115,3704
2023-12-08 09:53:31,29,31,2115,3804
2023-12-08 09:53:56,28,31,2115,3804
2023-12-08 09:53:56,28,30,2115,3804
2023-12-08 09:54:12,28,29,2115,3804
2023-12-08 09:55:03,28,30,2115,3804
2023-12-08 09:55:05,29,30,2115,3804
2023-12-08 09:55:05,29,31,2115,3804
2023-12-08 09:56:17,29,30,2115,3804
2023-12-08 09:56:22,28,30,2115,3804
2023-12-08 09:56:31,28,31,2115,3804
2023-12-08 09:56:32,29,31,2115,3804
2023-12-08 09:56:34,28,31,2095,3824
2023-12-08 09:56:36,28,30,2095,3824
2023-12-08 09:56:55,28,31,2095,3824
2023-12-08 09:57:03,28,30,2095,3824
2023-12-08 09:57:56,28,29,2095,3824
2023-12-08 09:58:15,27,29,2095,3824
2023-12-08 09:59:01,28,29,2095,3824
2023-12-08 09:59:01,28,30,2095,3824
2023-12-08 09:59:17,28,31,2095,3824
2023-12-08 09:59:20,29,31,2095,3824
2023-12-08 10:00:00,30,31,2095,3824
2023-12-08 10:00:00,30,33,2095,3824
2023-12-08 10:00:01,32,33,2095,3824
2023-12-08 10:00:02,32,33,2095,3857
2023-12-08 10:00:06,32,34,2095,3857
2023-12-08 10:00:06,32,35,2095,3857
2023-12-08 10:00:07,33,35,2095,3857
2023-12-08 10:00:12,33,36,2095,3857
2023-12-08 10:00:14,34,36,2095,3857
2023-12-08 10:00:19,33,36,2095,3857
2023-12-08 10:00:19,34,36,2095,3857
2023-12-08 10:00:30,33,36,2095,3857
2023-12-08 10:00:30,34,36,2095,3857
2023-12-08 10:00:33,33,36,2095,3857
2023-12-08 10:00:34,34,36,2095,3857
2023-12-08 10:00:54,34,35,2095,3857
2023-12-08 10:00:54,34,35,2364,4346
2023-12-08 10:00:54,33,35,2364,4346
2023-12-08 10:00:55,34,35,2364,4346
2023-12-08 10:01:04,33,35,2364,4346
2023-12-08 10:01:12,34,35,2364,4346
2023-12-08 10:01:22,33,35,2364,4346
2023-12-08 10:01:25,34,35,2364,4346
2023-12-08 10:01:32,33,35,2364,4346
2023-12-08 10:01:35,34,35,2364,4346
2023-12-08 10:01:36,33,35,2364,4346
2023-12-08 10:01:44,34,35,2364,4346
2023-12-08 10:02:20,33,35,2364,4346
2023-12-08 10:02:22,33,36,2364,4346
2023-12-08 10:02:22,33,34,2364,4346
2023-12-08 10:02:25,32,34,2364,4346
2023-12-08 10:02:25,32,35,2364,4346
2023-12-08 10:02:25,32,33,2364,4346
2023-12-08 10:02:28,32,35,2364,4346
2023-12-08 10:02:28,32,34,2364,4346
2023-12-08 10:02:30,32,35,2364,4346
2023-12-08 10:02:30,32,33,2364,4346
2023-12-08 10:02:35,32,35,2364,4346
2023-12-08 10:02:35,32,34,2364,4346
2023-12-08 10:02:36,33,34,2364,4346
2023-12-08 10:03:02,33,36,2364,4346
2023-12-08 10:03:02,34,36,2364,4346
2023-12-08 10:03:02,34,35,2364,4346
2023-12-08 10:03:29,34,35,2250,4546
2023-12-08 10:03:31,34,36,2250,4546
2023-12-08 10:03:34,34,35,2250,4546
2023-12-08 10:03:36,34,36,2250,4615
2023-12-08 10:03:58,35,36,2250,4615
2023-12-08 10:04:08,34,36,2250,4615
2023-12-08 10:04:36,35,36,2250,4615
2023-12-08 10:04:57,35,37,2250,4615
2023-12-08 10:05:01,36,37,2250,4615
2023-12-08 10:05:05,35,37,2250,4615
2023-12-08 10:05:05,37,38,3664,6115
2023-12-08 10:05:08,37,38,3724,6175
2023-12-08 10:05:09,37,38,3784,6235
2023-12-08 10:05:29,36,38,3784,6615
2023-12-08 10:05:32,35,38,3784,6615
2023-12-08 10:05:33,36,38,3784,6615
2023-12-08 10:06:02,37,38,3784,6615
2023-12-08 10:06:02,37,38,3784,6639
2023-12-08 10:06:04,36,38,3784,6639
2023-12-08 10:06:10,37,38,3784,6639
2023-12-08 10:06:42,37,38,3784,6709
2023-12-08 10:06:44,37,38,3784,6832
2023-12-08 10:06:49,37,39,3784,6832
2023-12-08 10:06:57,38,39,3784,6832
2023-12-08 10:07:04,38,39,3784,6932
2023-12-08 10:07:08,38,39,3784,7032
2023-12-08 10:07:15,37,39,3784,7115
2023-12-08 10:07:47,38,39,3784,7115
2023-12-08 10:07:54,37,39,3784,7115
2023-12-08 10:07:54,38,39,3784,7115
2023-12-08 10:08:06,37,39,3784,7115
2023-12-08 10:08:26,38,39,3784,7115
2023-12-08 10:08:34,37,39,3784,7115
2023-12-08 10:08:34,38,39,3784,7115
2023-12-08 10:08:36,37,39,3784,7115
2023-12-08 10:08:45,38,39,3784,7115
2023-12-08 10:08:45,37,39,3784,7115
2023-12-08 10:08:46,38,39,3784,7115
2023-12-08 10:08:59,37,39,3784,7115
2023-12-08 10:08:59,38,39,3784,7115
2023-12-08 10:09:03,37,39,3784,7115
2023-12-08 10:09:03,38,39,3784,7115
2023-12-08 10:09:08,37,39,3784,7115
2023-12-08 10:09:08,38,39,3784,7115
2023-12-08 10:09:11,37,39,3784,7115
2023-12-08 10:09:28,38,39,3784,7115
2023-12-08 10:10:03,38,40,3784,7115
2023-12-08 10:10:03,39,40,3784,7115
2023-12-08 10:10:29,38,40,3784,7115
2023-12-08 10:10:29,39,40,3784,7115
2023-12-08 10:10:45,39,41,3784,7115
2023-12-08 10:11:50,39,40,3784,7115
2023-12-08 10:11:53,39,41,3784,7115
2023-12-08 10:11:53,39,40,3784,7115
2023-12-08 10:12:01,39,41,3784,7115
2023-12-08 10:12:01,39,40,3784,7115
2023-12-08 10:12:05,39,41,3784,7115
2023-12-08 10:12:10,39,40,3784,7115
2023-12-08 10:12:24,39,41,3784,7115
2023-12-08 10:12:44,40,41,3784,7115
2023-12-08 10:12:49,39,41,3784,7115
2023-12-08 10:12:49,40,41,3784,7115
2023-12-08 10:13:08,39,41,3904,7235
2023-12-08 10:13:08,40,41,3904,7235
2023-12-08 10:13:09,39,41,4023,7354
2023-12-08 10:13:09,40,41,4023,7354
2023-12-08 10:13:10,39,41,4023,7354
2023-12-08 10:13:11,40,41,4023,7354
2023-12-08 10:13:11,39,41,4023,7354
2023-12-08 10:13:18,40,41,4023,7354
2023-12-08 10:14:02,39,41,4023,7354
2023-12-08 10:14:06,39,42,4823,8154
2023-12-08 10:14:07,40,42,4823,8154
2023-12-08 10:14:09,40,42,4823,8214
2023-12-08 10:14:10,39,42,4823,8214
2023-12-08 10:14:10,40,42,4823,8214
2023-12-08 10:14:25,39,42,4823,8214
2023-12-08 10:14:26,40,42,4823,8214
2023-12-08 10:14:27,39,42,4823,8214
2023-12-08 10:14:36,39,41,4823,8214
2023-12-08 10:14:37,39,42,4823,8214
2023-12-08 10:14:48,39,41,4823,8214
2023-12-08 10:14:52,39,42,4823,8214
2023-12-08 10:15:00,39,41,4823,8214
2023-12-08 10:15:59,40,41,4823,8214
2023-12-08 10:15:59,39,41,4823,8214
2023-12-08 10:16:00,40,41,4823,8214
2023-12-08 10:16:01,39,41,4823,8214
2023-12-08 10:16:05,40,41,4823,8214
2023-12-08 10:16:05,40,41,4851,8242
2023-12-08 10:16:05,39,41,4851,8242
2023-12-08 10:16:19,38,41,4851,8442
2023-12-08 10:16:20,38,40,4851,8442
2023-12-08 10:16:40,37,40,4851,8642
2023-12-08 10:16:42,38,40,4851,8642
2023-12-08 10:16:42,38,39,4851,8642
2023-12-08 10:16:42,37,39,4983,8774
2023-12-08 10:16:43,38,39,4983,8774
2023-12-08 10:16:43,37,39,4983,8774
2023-12-08 10:16:44,38,39,4983,8774
2023-12-08 10:16:46,37,39,5090,8881
2023-12-08 10:16:56,37,40,5090,8881
2023-12-08 10:17:07,37,39,5090,8881
2023-12-08 10:17:37,37,40,5290,9081
2023-12-08 10:17:41,38,40,5290,9081
2023-12-08 10:17:42,37,40,5290,9081
2023-12-08 10:18:01,37,39,5290,9081
2023-12-08 10:18:02,37,38,5290,9081
2023-12-08 10:18:07,37,39,5290,9081
2023-12-08 10:18:11,37,38,5290,9081
2023-12-08 10:18:23,37,39,5290,9081
2023-12-08 10:18:27,37,38,5290,9081
2023-12-08 10:18:28,37,39,5290,9081
2023-12-08 10:18:32,37,38,5290,9081
2023-12-08 10:18:32,37,39,5290,9081
2023-12-08 10:18:43,37,40,5290,9081
2023-12-08 10:19:08,38,40,5290,9081
2023-12-08 10:19:09,38,39,5290,9081
2023-12-08 10:19:11,38,39,5427,9218
2023-12-08 10:19:16,38,40,5427,9218
2023-12-08 10:19:16,37,40,5427,9218
2023-12-08 10:19:16,37,39,5427,9218
2023-12-08 10:19:16,38,39,5427,9218
2023-12-08 10:19:19,37,39,5427,9218
2023-12-08 10:19:27,37,40,5427,9218
2023-12-08 10:19:46,38,40,5427,9218
2023-12-08 10:19:58,37,40,5427,9218
2023-12-08 10:19:58,38,40,5427,9218
2023-12-08 10:20:14,38,40,5530,9321
2023-12-08 10:20:16,38,40,5544,9335
2023-12-08 10:20:17,38,40,5667,9458
2023-12-08 10:20:19,37,40,5667,9458
2023-12-08 10:20:19,38,40,5667,9458
2023-12-08 10:20:24,38,40,5779,9570
2023-12-08 10:20:27,37,40,5779,9570
2023-12-08 10:20:53,37,39,5779,9570
2023-12-08 10:20:57,38,39,5779,9570
2023-12-08 10:20:59,38,40,5779,9570
2023-12-08 10:21:04,37,40,5779,9570
2023-12-08 10:21:15,37,39,5779,9570
2023-12-08 10:21:16,37,40,5779,9570
2023-12-08 10:21:22,37,39,5779,9570
2023-12-08 10:21:23,37,40,5779,9570
2023-12-08 10:21:23,37,39,5779,9570
2023-12-08 10:21:38,37,40,5779,9570
2023-12-08 10:21:43,37,39,5779,9570
2023-12-08 10:22:29,36,39,5779,9570
2023-12-08 10:22:36,36,38,5779,9570
2023-12-08 10:22:37,36,39,5779,9570
2023-12-08 10:22:37,36,38,5779,9570
2023-12-08 10:22:39,36,39,5779,9570
2023-12-08 10:22:39,36,38,5779,9570
2023-12-08 10:22:40,37,38,5779,9570
2023-12-08 10:22:43,36,38,5779,9570
2023-12-08 10:22:43,37,38,5779,9570
2023-12-08 10:22:44,36,38,5779,9570
2023-12-08 10:22:50,37,38,5779,9570
2023-12-08 10:22:56,36,38,5779,9570
2023-12-08 10:23:02,36,38,5779,9571
2023-12-08 10:23:36,37,38,5779,9571
2023-12-08 10:23:54,36,38,5779,9571
2023-12-08 10:25:00,36,37,5779,9571
2023-12-08 10:25:00,36,38,5779,9571
2023-12-08 10:25:05,36,37,5779,9571
2023-12-08 10:25:07,36,38,5779,9571
2023-12-08 10:25:42,37,38,5779,9571
2023-12-08 10:25:45,37,39,6179,9971
2023-12-08 10:25:49,38,39,6179,9971
2023-12-08 10:25:49,38,39,6179,10110
2023-12-08 10:25:50,37,39,6179,10110
2023-12-08 10:26:10,39,40,6379,10477
2023-12-08 10:26:10,37,40,6512,10610
2023-12-08 10:26:10,37,39,6512,10610
2023-12-08 10:26:11,38,39,6512,10610
2023-12-08 10:26:17,38,40,6512,10610
2023-12-08 10:26:38,37,40,6512,10610
2023-12-08 10:26:38,38,40,6512,10610
2023-12-08 10:26:57,38,39,6512,10610
2023-12-08 10:27:01,38,40,6822,11110
2023-12-08 10:27:01,38,39,6822,11110
2023-12-08 10:27:03,38,40,6822,11110
2023-12-08 10:27:14,38,39,6822,11110
2023-12-08 10:27:20,38,40,6822,11110
2023-12-08 10:27:20,38,39,6822,11110
2023-12-08 10:27:33,38,39,6822,11238
2023-12-08 10:27:35,38,40,6822,11238
2023-12-08 10:27:53,37,40,6822,11238
2023-12-08 10:27:54,37,39,6822,11238
2023-12-08 10:28:00,37,40,6822,11238
2023-12-08 10:28:04,37,39,6822,11238
2023-12-08 10:28:16,37,40,6822,11238
2023-12-08 10:28:21,37,39,6822,11238
2023-12-08 10:28:40,37,39,6822,11244
2023-12-08 10:28:45,37,39,6822,11341
2023-12-08 10:28:45,37,38,6822,11341
2023-12-08 10:28:45,37,39,6822,11341
2023-12-08 10:28:46,37,38,6822,11341
2023-12-08 10:29:06,37,39,6822,11341
2023-12-08 10:29:16,37,38,6822,11341
2023-12-08 10:29:20,37,39,6822,11341
2023-12-08 10:29:21,37,38,6822,11341
2023-12-08 10:29:21,37,39,6822,11341
2023-12-08 10:29:49,37,38,6822,11341
2023-12-08 10:29:55,37,39,6822,11341
2023-12-08 10:30:36,38,39,6822,11341
2023-12-08 10:30:44,38,40,6822,11341
2023-12-08 10:31:10,39,40,6822,11341
2023-12-08 10:31:10,39,40,6822,11402
2023-12-08 10:31:17,39,40,6822,11555
2023-12-08 10:31:34,39,41,7022,11755
2023-12-08 10:31:48,39,41,7022,11953
2023-12-08 10:32:32,38,41,7022,11953
2023-12-08 10:32:59,39,41,7022,11953
2023-12-08 10:32:59,39,40,7022,11953
2023-12-08 10:32:59,39,40,7142,12073
2023-12-08 10:33:00,39,40,7182,12113
2023-12-08 10:33:02,38,40,7182,12113
2023-12-08 10:33:02,38,41,7182,12113
2023-12-08 10:33:02,38,40,7182,12113
2023-12-08 10:33:02,39,40,7182,12113
2023-12-08 10:33:03,38,40,7182,12113
2023-12-08 10:33:10,38,41,7182,12113
2023-12-08 10:33:11,39,41,7182,12113
2023-12-08 10:33:14,38,41,7182,12113
2023-12-08 10:33:19,39,41,7182,12113
2023-12-08 10:34:49,39,40,7182,12113
2023-12-08 10:34:53,39,41,7182,12113
2023-12-08 10:35:16,40,41,7182,12113
2023-12-08 10:35:16,40,41,7297,12228
2023-12-08 10:35:18,39,41,7297,12228
2023-12-08 10:35:53,38,41,7297,12228
2023-12-08 10:36:07,39,41,7297,12228
2023-12-08 10:36:09,38,41,7297,12228
2023-12-08 10:36:18,39,41,7297,12228
2023-12-08 10:36:32,39,41,7296,12229
2023-12-08 10:36:40,40,41,7296,12229
2023-12-08 10:36:41,39,41,7436,12369
2023-12-08 10:37:00,40,41,7436,12369
2023-12-08 10:37:03,40,41,7509,12442
2023-12-08 10:37:04,40,41,7553,12486
2023-12-08 10:37:05,39,41,7553,12486
2023-12-08 10:37:05,38,41,7553,12486
2023-12-08 10:37:06,38,40,7553,12486
2023-12-08 10:37:18,37,40,7553,12486
2023-12-08 10:37:22,38,40,7553,12486
2023-12-08 10:37:44,39,40,7553,12486
2023-12-08 10:37:56,38,40,7662,12595
2023-12-08 10:37:56,39,40,7662,12595
2023-12-08 10:38:05,38,40,7662,12595
2023-12-08 10:38:05,39,40,7662,12595
2023-12-08 10:38:27,38,40,7662,12595
2023-12-08 10:38:45,39,40,7662,12595
2023-12-08 10:38:46,38,40,7662,12595
2023-12-08 10:38:46,39,40,7662,12595
2023-12-08 10:38:52,38,40,7662,12595
2023-12-08 10:38:53,37,40,7662,12595
2023-12-08 10:38:55,38,40,7662,12595
2023-12-08 10:39:02,37,40,7662,12595
2023-12-08 10:39:08,38,40,7662,12595
2023-12-08 10:39:14,37,40,7662,12595
2023-12-08 10:39:14,38,40,7662,12595
2023-12-08 10:39:15,37,40,7662,12595
2023-12-08 10:39:15,38,40,7662,12595
2023-12-08 10:39:21,39,40,7662,12595
2023-12-08 10:39:23,38,40,7662,12595
2023-12-08 10:39:24,39,40,7662,12595
2023-12-08 10:40:03,38,40,7662,12595
2023-12-08 10:40:05,39,40,7662,12595
2023-12-08 10:40:07,38,40,7662,12595
2023-12-08 10:40:07,39,40,7662,12595
2023-12-08 10:40:07,38,40,7662,12595
2023-12-08 10:40:18,39,40,7662,12595
2023-12-08 10:40:20,39,41,7662,12595
2023-12-08 10:40:41,40,41,7662,12595
2023-12-08 10:42:10,39,41,7662,12595
2023-12-08 10:42:10,40,41,7662,12595
2023-12-08 10:42:22,39,41,7662,12595
2023-12-08 10:43:06,40,41,7662,12595
2023-12-08 10:43:07,39,41,7662,12595
2023-12-08 10:43:07,40,41,7662,12595
2023-12-08 10:43:11,39,41,7662,12595
2023-12-08 10:43:12,40,41,7662,12595
2023-12-08 10:43:20,39,41,7662,12595
2023-12-08 10:43:22,40,41,7662,12595
2023-12-08 10:43:32,39,41,7662,12595
2023-12-08 10:43:37,40,41,7662,12595
2023-12-08 10:43:37,39,41,7662,12595
2023-12-08 10:43:37,40,41,7662,12595
2023-12-08 10:44:16,40,42,8062,12995
2023-12-08 10:44:16,41,42,8062,12995
2023-12-08 10:45:04,41,42,8062,13110
2023-12-08 10:45:05,40,42,8062,13195
2023-12-08 10:46:00,41,42,8062,13195
2023-12-08 10:46:38,41,43,8062,13195
2023-12-08 10:46:38,42,43,8062,13195
2023-12-08 10:46:43,41,43,8062,13195
2023-12-08 10:46:57,42,43,8062,13195
2023-12-08 10:48:22,42,44,8262,13395
2023-12-08 10:48:35,43,44,8262,13395
2023-12-08 10:50:54,43,45,8262,13395
2023-12-08 10:50:54,44,45,8262,13395
2023-12-08 10:50:57,43,45,8262,13395
2023-12-08 10:50:57,44,45,8262,13395
2023-12-08 10:51:10,43,45,8262,13395
2023-12-08 10:51:25,44,45,8262,13395
2023-12-08 10:51:49,44,46,8262,13395
2023-12-08 10:51:53,45,46,8262,13395
2023-12-08 10:51:53,45,46,8382,13515
2023-12-08 10:51:54,44,46,8382,13515
2023-12-08 10:51:54,45,46,8382,13515
2023-12-08 10:51:54,45,46,8487,13620
2023-12-08 10:51:56,44,46,8561,13694
2023-12-08 10:51:56,45,46,8561,13694
2023-12-08 10:51:58,45,46,8597,13730
2023-12-08 10:51:58,44,46,8597,13730
2023-12-08 10:52:01,45,46,8597,13730
2023-12-08 10:52:01,45,46,8714,13847
2023-12-08 10:52:01,44,46,8714,13847
2023-12-08 10:52:03,45,46,8714,13847
2023-12-08 10:52:08,44,46,8714,13847
2023-12-08 10:52:54,44,45,8714,13847
2023-12-08 10:52:56,44,46,8714,13847
2023-12-08 10:53:00,44,45,8714,13847
2023-12-08 10:53:05,44,46,8714,13847
2023-12-08 10:53:07,44,45,8714,13847
2023-12-08 10:53:20,43,45,8714,13847
2023-12-08 10:53:31,43,46,8714,13847
2023-12-08 10:53:44,43,45,8714,13847
2023-12-08 10:54:05,43,46,8714,13847
2023-12-08 10:54:08,43,45,8714,13847
2023-12-08 10:54:25,43,44,8714,13847
2023-12-08 10:54:26,43,45,8714,13847
2023-12-08 10:54:36,43,44,8714,13847
2023-12-08 10:54:36,43,45,8714,13847
2023-12-08 10:54:41,43,44,8714,13847
2023-12-08 10:54:43,43,45,8714,13847
2023-12-08 10:54:46,43,44,8714,13847
2023-12-08 10:55:03,43,45,8714,13847
2023-12-08 10:55:03,43,44,8714,13847
2023-12-08 10:55:06,43,45,8714,13847
2023-12-08 10:55:06,43,44,8714,13847
2023-12-08 10:55:07,43,45,8714,13847
2023-12-08 10:55:13,43,46,8714,13847
2023-12-08 10:55:52,43,45,8714,13847
2023-12-08 10:55:55,43,46,8714,13847
2023-12-08 10:55:55,43,45,8714,13847
2023-12-08 10:56:22,43,44,8714,13847
2023-12-08 10:56:22,43,45,8714,13847
2023-12-08 10:56:22,43,44,8714,13847
2023-12-08 10:56:38,43,45,8714,13847
2023-12-08 10:56:38,43,44,8714,13847
2023-12-08 10:56:51,43,45,8714,13847
2023-12-08 10:56:51,43,44,8714,13847
2023-12-08 10:57:48,42,44,8714,13847
2023-12-08 10:58:03,42,43,8714,13847
2023-12-08 10:58:03,42,44,8714,13847
2023-12-08 10:58:03,42,43,8714,13847
2023-12-08 10:58:04,42,44,8714,13847
2023-12-08 10:58:26,42,43,8714,13847
2023-12-08 10:58:31,42,44,8714,13847
2023-12-08 10:58:31,42,43,8714,13847
2023-12-08 10:58:45,42,44,8714,13847
2023-12-08 10:58:52,42,43,8714,13847
2023-12-08 11:00:01,41,43,8714,13847
2023-12-08 11:00:01,41,42,8714,13847
2023-12-08 11:00:03,41,43,8714,13847
2023-12-08 11:00:19,42,43,8714,13847
2023-12-08 11:00:22,42,44,8714,13847
2023-12-08 11:00:26,43,44,8714,13847
2023-12-08 11:00:27,43,45,8714,13847
2023-12-08 11:00:49,43,46,8714,13847
2023-12-08 11:01:20,43,45,8714,13847
2023-12-08 11:01:22,43,44,8714,13847
2023-12-08 11:01:45,43,45,8714,13847
2023-12-08 11:01:45,43,44,8714,13847
2023-12-08 11:01:59,43,45,8714,13847
2023-12-08 11:02:02,43,44,8714,13847
2023-12-08 11:02:11,43,45,8714,13847
2023-12-08 11:02:26,43,44,8714,13847
2023-12-08 11:02:59,43,45,8714,13847
2023-12-08 11:03:00,43,46,8714,13847
2023-12-08 11:03:14,44,46,8714,13847
2023-12-08 11:03:15,45,46,8714,13847
2023-12-08 11:03:28,45,47,8714,13847
2023-12-08 11:03:29,46,47,8714,13847
2023-12-08 11:03:29,46,48,8714,13847
2023-12-08 11:03:57,45,48,8714,13847
2023-12-08 11:03:57,45,47,8714,13847
2023-12-08 11:03:59,45,46,8714,13847
2023-12-08 11:04:00,45,47,8714,13847
2023-12-08 11:04:00,45,46,8714,13847
2023-12-08 11:04:12,45,47,8714,13847
2023-12-08 11:04:21,45,46,8714,13847
2023-12-08 11:04:23,45,47,8714,13847
2023-12-08 11:05:07,45,48,8714,13847
2023-12-08 11:05:15,45,47,8714,13847
2023-12-08 11:05:16,45,48,8714,13847
2023-12-08 11:05:16,45,47,8714,13847
2023-12-08 11:05:17,45,48,8714,13847
2023-12-08 11:05:27,45,47,8714,13847
2023-12-08 11:05:35,45,48,8714,13847
2023-12-08 11:05:36,45,47,8714,13847
2023-12-08 11:05:36,45,48,8714,13847
2023-12-08 11:05:42,46,48,8714,13847
2023-12-08 11:06:00,46,47,8714,13847
2023-12-08 11:06:02,46,48,8714,13847
2023-12-08 11:06:18,45,48,8714,13847
2023-12-08 11:06:22,45,47,8714,13847
2023-12-08 11:06:24,45,48,8714,13847
2023-12-08 11:06:30,45,47,8714,13847
2023-12-08 11:06:32,45,48,8714,13847
2023-12-08 11:06:33,45,47,8714,13847
2023-12-08 11:06:34,45,48,8714,13847
2023-12-08 11:06:49,45,47,8714,13847
2023-12-08 11:06:49,45,48,8714,13847
2023-12-08 11:06:49,45,47,8714,13847
2023-12-08 11:06:50,45,48,8714,13847
2023-12-08 11:07:35,45,47,8714,13847
2023-12-08 11:07:36,45,48,8714,13847
2023-12-08 11:07:49,46,48,8714,13847
2023-12-08 11:07:58,46,47,8714,13847
2023-12-08 11:08:02,46,48,8714,13847
2023-12-08 11:08:41,46,47,8714,13847
2023-12-08 11:08:55,46,48,8714,13847
2023-12-08 11:09:04,46,47,8714,13847
2023-12-08 11:09:09,46,48,8714,13847
2023-12-08 11:09:15,47,48,8714,13847
2023-12-08 11:09:22,46,48,8714,13847
2023-12-08 11:09:35,46,49,8964,14290
2023-12-08 11:09:35,46,48,8964,14290
2023-12-08 11:09:38,46,49,8964,14290
2023-12-08 11:09:42,46,48,8964,14290
2023-12-08 11:09:54,47,48,8964,14290
2023-12-08 11:09:57,46,48,8964,14290
2023-12-08 11:10:06,47,48,8964,14290
2023-12-08 11:10:07,46,48,8964,14290
2023-12-08 11:10:08,47,48,8964,14290
2023-12-08 11:10:09,46,48,8964,14290
2023-12-08 11:10:29,47,48,8964,14290
2023-12-08 11:10:32,46,48,8964,14290
2023-12-08 11:10:35,47,48,8964,14290
2023-12-08 11:10:43,47,49,8964,14290
2023-12-08 11:10:44,47,48,8964,14290
2023-12-08 11:10:56,47,49,8964,14290
2023-12-08 11:10:56,47,48,8964,14290
2023-12-08 11:10:57,47,49,8964,14290
2023-12-08 11:11:01,46,49,8964,14290
2023-12-08 11:11:01,47,49,8964,14290
2023-12-08 11:11:11,47,48,8964,14290
2023-12-08 11:11:13,47,49,8964,14290
2023-12-08 11:11:13,47,48,8964,14290
2023-12-08 11:11:15,46,48,8964,14290
2023-12-08 11:11:20,46,49,8964,14393
2023-12-08 11:11:20,46,48,8964,14393
2023-12-08 11:11:24,46,49,8964,14393
2023-12-08 11:11:24,46,48,8964,14393
2023-12-08 11:11:27,46,49,8964,14393
2023-12-08 11:11:45,47,49,8964,14393
2023-12-08 11:11:46,47,48,8964,14393
2023-12-08 11:11:47,47,49,8964,14393
2023-12-08 11:11:47,47,48,8964,14393
2023-12-08 11:12:06,47,49,8964,14393
2023-12-08 11:12:28,47,48,8964,14393
2023-12-08 11:12:28,47,49,8964,14393
2023-12-08 11:12:53,48,49,8964,14393
2023-12-08 11:13:06,47,49,8964,14393
2023-12-08 11:13:10,47,50,8964,14393
2023-12-08 11:13:10,47,49,8964,14393
2023-12-08 11:13:13,47,50,8964,14393
2023-12-08 11:13:14,48,50,8964,14393
2023-12-08 11:13:25,47,50,8964,14393
2023-12-08 11:13:25,48,50,8964,14393
2023-12-08 11:13:32,47,50,8964,14393
2023-12-08 11:13:32,48,50,8964,14393
2023-12-08 11:13:38,48,49,8964,14393
2023-12-08 11:13:40,48,50,8964,14393
2023-12-08 11:14:12,47,50,8964,14393
2023-12-08 11:14:12,48,50,8964,14393
2023-12-08 11:14:12,48,50,9144,14573
2023-12-08 11:14:39,47,50,9144,14573
2023-12-08 11:14:39,48,50,9144,14573
2023-12-08 11:14:46,48,49,9144,14573
2023-12-08 11:14:47,48,50,9144,14573
2023-12-08 11:14:47,48,49,9144,14573
2023-12-08 11:14:48,48,50,9144,14573
2023-12-08 11:14:48,47,50,9144,14573
2023-12-08 11:14:48,48,50,9144,14573
2023-12-08 11:14:56,48,49,9144,14573
2023-12-08 11:14:58,48,50,9144,14573
2023-12-08 11:14:58,48,49,9144,14573
2023-12-08 11:14:58,48,50,9144,14573
2023-12-08 11:14:59,48,49,9144,14573
2023-12-08 11:15:00,48,50,9144,14573
2023-12-08 11:15:02,48,49,9144,14573
2023-12-08 11:15:08,48,50,9144,14573
2023-12-08 11:15:09,48,49,9144,14573
2023-12-08 11:15:10,48,50,9144,14573
2023-12-08 11:16:02,48,49,9144,14573
2023-12-08 11:16:03,48,50,9144,14573
2023-12-08 11:16:51,48,49,9144,14573
2023-12-08 11:16:52,47,49,9144,14573
2023-12-08 11:16:52,47,50,9144,14573
2023-12-08 11:16:52,47,49,9144,14573
2023-12-08 11:16:54,47,50,9144,14573
2023-12-08 11:16:54,47,49,9144,14573
2023-12-08 11:17:08,47,48,9144,14573
2023-12-08 11:17:09,46,48,9144,14573
2023-12-08 11:17:10,46,49,9144,14573
2023-12-08 11:17:10,46,48,9144,14573
2023-12-08 11:17:30,45,48,9144,14573
2023-12-08 11:17:32,45,47,9144,14573
2023-12-08 11:17:37,45,48,9144,14573
2023-12-08 11:17:37,45,47,9144,14573
2023-12-08 11:17:45,45,48,9144,14573
2023-12-08 11:17:45,45,47,9144,14573
2023-12-08 11:17:47,45,48,9144,14573
2023-12-08 11:17:47,45,46,9144,14573
2023-12-08 11:17:49,45,48,9144,14573
2023-12-08 11:17:49,45,47,9144,14573
2023-12-08 11:17:59,45,48,9144,14573
2023-12-08 11:17:59,45,46,9144,14573
2023-12-08 11:18:06,45,48,9144,14573
2023-12-08 11:18:06,45,47,9144,14573
2023-12-08 11:18:15,45,48,9144,14573
2023-12-08 11:18:15,45,47,9144,14573
2023-12-08 11:18:23,45,48,9144,14573
2023-12-08 11:18:24,45,47,9144,14573
2023-12-08 11:18:31,45,48,9144,14573
2023-12-08 11:18:31,45,47,9144,14573
2023-12-08 11:18:57,45,48,9144,14573
2023-12-08 11:18:57,45,47,9144,14573
2023-12-08 11:18:58,45,46,9144,14573
2023-12-08 11:19:04,44,46,9144,14573
2023-12-08 11:19:11,44,47,9144,14573
2023-12-08 11:19:11,44,46,9144,14573
2023-12-08 11:19:30,44,47,9294,14723
2023-12-08 11:19:44,44,46,9294,14723
2023-12-08 11:20:33,43,46,9294,14723
2023-12-08 11:20:34,44,46,9294,14723
2023-12-08 11:20:34,43,46,9294,14723
2023-12-08 11:20:47,44,46,9294,14723
2023-12-08 11:20:48,44,47,9294,14723
2023-12-08 11:21:12,45,47,9294,14723
2023-12-08 11:21:12,45,48,9294,14723
2023-12-08 11:21:24,45,47,9294,14723
2023-12-08 11:21:26,45,48,9294,14723
2023-12-08 11:21:32,45,47,9294,14723
2023-12-08 11:21:32,44,47,9294,14723
2023-12-08 11:21:43,45,47,9294,14723
2023-12-08 11:22:13,44,47,9294,14723
2023-12-08 11:22:13,45,47,9294,14723
2023-12-08 11:22:35,44,47,9294,14723
2023-12-08 11:22:36,44,46,9294,14723
2023-12-08 11:22:37,44,46,9294,14723
2023-12-08 11:22:37,45,46,9294,14723
2023-12-08 11:22:37,45,47,9294,14723
2023-12-08 11:22:42,45,48,9294,14723
2023-12-08 11:22:57,46,48,9294,14723
2023-12-08 11:23:01,46,47,9294,14723
2023-12-08 11:23:02,45,47,9294,14723
2023-12-08 11:23:08,45,48,9294,14723
2023-12-08 11:23:30,45,47,9294,14723
2023-12-08 11:23:40,46,47,9294,14723
2023-12-08 11:23:44,45,47,9294,14723
2023-12-08 11:23:49,46,47,9294,14723
2023-12-08 11:23:50,45,47,9294,14723
2023-12-08 11:24:06,46,47,9294,14723
2023-12-08 11:24:12,46,48,9294,14723
2023-12-08 11:24:12,45,48,9294,14723
2023-12-08 11:24:12,46,48,9294,14723
2023-12-08 11:24:12,46,47,9294,14723
2023-12-08 11:24:14,46,48,9294,14723
2023-12-08 11:24:26,46,47,9294,14723
2023-12-08 11:24:29,45,47,9294,14723
2023-12-08 11:24:37,45,48,9294,14723
2023-12-08 11:24:37,46,48,9294,14723
2023-12-08 11:24:54,46,47,9294,14723
2023-12-08 11:24:56,45,47,9294,14723
2023-12-08 11:24:56,45,48,9294,14723
2023-12-08 11:24:56,45,47,9294,14723
2023-12-08 11:24:59,46,48,9294,14723
2023-12-08 11:25:01,46,47,9294,14723
2023-12-08 11:25:07,46,48,9294,14869
2023-12-08 11:25:07,46,47,9294,14869
2023-12-08 11:25:13,45,47,9294,14869
2023-12-08 11:25:20,45,48,9294,14869
2023-12-08 11:25:25,45,47,9294,14869
2023-12-08 11:25:27,44,47,9294,14869
2023-12-08 11:25:33,45,47,9294,14869
2023-12-08 11:26:04,44,47,9294,14869
2023-12-08 11:26:14,45,47,9294,14869
2023-12-08 11:26:25,45,48,9294,14869
2023-12-08 11:26:31,46,48,9294,14869
2023-12-08 11:26:33,46,49,9294,14869
2023-12-08 11:26:52,47,49,9294,14869
2023-12-08 11:27:07,46,49,9294,14869
2023-12-08 11:27:11,47,49,9294,14869
2023-12-08 11:27:20,46,49,9294,14869
2023-12-08 11:27:52,47,49,9294,14869
2023-12-08 11:28:01,48,49,9294,14869
2023-12-08 11:28:23,47,49,9294,14869
2023-12-08 11:28:46,46,49,9294,14869
2023-12-08 11:28:53,46,48,9294,14869
2023-12-08 11:28:57,45,48,9294,14869
2023-12-08 11:29:00,46,48,9294,14869
2023-12-08 11:29:17,46,49,9294,14869
2023-12-08 11:29:56,47,49,9294,14869
2023-12-08 11:30:07,48,49,9294,14869
2023-12-08 11:30:07,47,49,9294,14869
2023-12-08 11:30:08,48,49,9294,14869
2023-12-08 11:30:17,47,49,9294,14869
2023-12-08 11:30:50,47,49,9294,15424
2023-12-08 11:31:00,48,49,9294,15424
2023-12-08 11:31:02,47,49,9294,15424
2023-12-08 11:31:14,48,49,9294,15424
2023-12-08 11:31:29,48,50,9294,15869
2023-12-08 11:32:05,47,50,9294,15869
2023-12-08 11:32:05,48,50,9294,15869
2023-12-08 11:32:51,47,50,9294,15869
2023-12-08 11:33:01,47,49,9294,15869
2023-12-08 11:33:01,47,50,9294,15869
2023-12-08 11:33:01,47,49,9294,15869
2023-12-08 11:33:05,47,50,9294,15869
2023-12-08 11:33:16,48,50,9294,15869
2023-12-08 11:33:16,47,50,9294,15869
2023-12-08 11:33:20,48,50,9294,15869
2023-12-08 11:33:58,47,50,9442,16017
2023-12-08 11:33:58,48,50,9442,16017
2023-12-08 11:34:08,47,50,9442,16017
2023-12-08 11:34:26,47,49,9442,16017
2023-12-08 11:34:27,47,50,9442,16017
2023-12-08 11:34:47,47,49,9442,16017
2023-12-08 11:34:47,46,49,9442,16017
2023-12-08 11:34:52,47,49,9442,16017
2023-12-08 11:34:58,47,50,9442,16017
2023-12-08 11:35:13,47,49,9442,16017
2023-12-08 11:35:24,47,50,9442,16017
2023-12-08 11:35:24,47,49,9442,16017
2023-12-08 11:35:26,47,50,9442,16017
2023-12-08 11:35:49,48,50,9442,16017
2023-12-08 11:35:51,47,50,9442,16017
2023-12-08 11:35:51,48,50,9442,16017
2023-12-08 11:35:53,47,50,9442,16017
2023-12-08 11:35:53,47,49,9442,16017
2023-12-08 11:36:05,47,50,9442,16017
2023-12-08 11:36:24,48,50,9442,16017
2023-12-08 11:36:32,48,49,9442,16017
2023-12-08 11:36:32,48,49,9502,16077
2023-12-08 11:36:34,48,50,9502,16077
2023-12-08 11:36:39,47,50,9502,16077
2023-12-08 11:37:00,48,50,9502,16077
2023-12-08 11:37:25,47,50,9502,16077
2023-12-08 11:37:27,48,50,9502,16077
2023-12-08 11:37:28,47,50,9502,16077
2023-12-08 11:37:29,48,50,9502,16077
2023-12-08 11:37:31,47,50,9502,16077
2023-12-08 11:37:31,48,50,9502,16077
2023-12-08 11:37:36,48,49,9502,16077
2023-12-08 11:37:45,47,49,9502,16077
2023-12-08 11:37:47,46,49,9502,16077
2023-12-08 11:37:49,46,48,9502,16077
2023-12-08 11:37:49,45,48,9502,16077
2023-12-08 11:38:02,44,48,9502,16077
2023-12-08 11:38:02,44,47,9502,16077
2023-12-08 11:38:12,44,46,9502,16077
2023-12-08 11:38:13,43,46,9502,16077
2023-12-08 11:38:13,43,45,9502,16077
2023-12-08 11:38:23,43,46,9502,16077
2023-12-08 11:38:33,43,45,9502,16077
2023-12-08 11:38:49,42,45,9502,16077
2023-12-08 11:38:50,42,44,9502,16077
2023-12-08 11:38:51,42,43,9502,16077
2023-12-08 11:38:53,42,43,9502,16097
2023-12-08 11:38:53,41,42,9502,16277
2023-12-08 11:38:57,41,42,9502,16307
2023-12-08 11:38:58,40,42,9502,16307
2023-12-08 11:39:25,41,42,9502,16307
2023-12-08 11:39:37,42,43,9502,16327
2023-12-08 11:39:51,42,44,9702,16527
2023-12-08 11:40:01,42,44,10257,17082
2023-12-08 11:40:01,42,45,10257,17082
2023-12-08 11:40:01,43,45,10257,17082
2023-12-08 11:40:02,43,44,10257,17082
2023-12-08 11:40:06,43,44,10289,17114
2023-12-08 11:40:06,42,44,10289,17114
2023-12-08 11:40:06,41,43,10289,17114
2023-12-08 11:40:46,41,42,10289,17114
2023-12-08 11:40:46,40,42,10289,17114
2023-12-08 11:41:03,41,42,10289,17114
2023-12-08 11:41:04,41,43,10289,17114
2023-12-08 11:41:17,41,42,10289,17114
2023-12-08 11:41:25,41,43,10289,17114
2023-12-08 11:42:01,42,43,10289,17114
2023-12-08 11:42:02,41,43,10289,17114
2023-12-08 11:42:05,42,43,10289,17114
2023-12-08 11:42:11,41,43,10289,17114
2023-12-08 11:42:35,41,42,10289,17114
2023-12-08 11:42:37,41,43,10289,17114
2023-12-08 11:42:39,41,42,10289,17114
2023-12-08 11:42:41,41,43,10289,17114
2023-12-08 11:42:46,41,43,10289,17214
2023-12-08 11:42:47,40,43,10289,17214
2023-12-08 11:42:52,41,43,10289,17214
2023-12-08 11:43:11,41,42,10289,17214
2023-12-08 11:43:13,41,43,10289,17214
2023-12-08 11:43:14,41,42,10289,17214
2023-12-08 11:43:14,41,43,10289,17214
2023-12-08 11:43:15,41,42,10289,17214
2023-12-08 11:43:31,41,43,10289,17214
2023-12-08 11:43:33,41,42,10289,17214
2023-12-08 11:43:34,41,43,10289,17214
2023-12-08 11:43:37,41,42,10289,17214
2023-12-08 11:43:52,40,42,10289,17214
2023-12-08 11:43:57,41,42,10289,17214
2023-12-08 11:44:34,41,43,10289,17214
2023-12-08 11:44:35,42,43,10289,17214
2023-12-08 11:45:01,43,45,10289,17246
2023-12-08 11:45:14,44,45,10289,17246
2023-12-08 11:45:15,44,46,10289,17246
2023-12-08 11:45:19,45,46,10289,17246
2023-12-08 11:45:20,44,46,10289,17746
2023-12-08 11:45:20,44,47,10289,17746
2023-12-08 11:45:33,44,46,10289,17746
2023-12-08 11:45:45,43,46,10289,17746
2023-12-08 11:45:48,43,45,10289,17746
2023-12-08 11:46:21,44,45,10289,17746
2023-12-08 11:46:56,43,45,10289,17746
2023-12-08 11:47:41,44,45,10289,17746
2023-12-08 11:48:00,43,45,10289,17746
2023-12-08 11:48:06,44,45,10289,17746
2023-12-08 11:48:12,44,46,10289,17746
2023-12-08 11:48:12,44,47,10289,17746
2023-12-08 11:48:12,44,46,10289,17746
2023-12-08 11:48:18,44,47,10289,17746
2023-12-08 11:48:22,45,47,10289,17746
2023-12-08 11:48:28,44,47,10289,17746
2023-12-08 11:48:29,45,47,10289,17746
2023-12-08 11:48:41,44,47,10289,17746
2023-12-08 11:49:14,45,47,10289,17746
2023-12-08 11:49:16,44,47,10289,17746
2023-12-08 11:49:16,45,47,10289,17746
2023-12-08 11:49:20,44,47,10289,17746
2023-12-08 11:49:20,45,47,10289,17746
2023-12-08 11:49:22,45,47,10453,17910
2023-12-08 11:49:45,45,48,10653,18110
2023-12-08 11:49:48,45,47,10653,18110
2023-12-08 11:50:02,45,48,10653,18110
2023-12-08 11:50:04,45,47,10653,18110
2023-12-08 11:50:05,45,48,10653,18110
2023-12-08 11:50:11,46,48,10653,18110
2023-12-08 11:50:55,46,49,10653,18110
2023-12-08 11:51:04,46,48,10653,18110
2023-12-08 11:51:50,46,47,10653,18110
2023-12-08 11:51:55,46,48,10653,18110
2023-12-08 11:51:58,46,47,10653,18110
2023-12-08 11:52:00,46,48,10653,18110
2023-12-08 11:52:00,46,47,10653,18110
2023-12-08 11:52:01,45,47,10653,18110
2023-12-08 11:52:10,44,47,10653,18110
2023-12-08 11:52:14,45,47,10653,18110
2023-12-08 11:52:18,45,48,10653,18110
2023-12-08 11:52:18,45,47,10653,18110
2023-12-08 11:52:25,44,47,10653,18110
2023-12-08 11:52:41,45,47,10653,18110
2023-12-08 11:52:42,44,47,10653,18110
2023-12-08 11:52:43,44,46,10653,18110
2023-12-08 11:53:24,45,46,10653,18110
2023-12-08 11:53:28,44,46,10653,18110
2023-12-08 11:53:29,45,46,10653,18110
2023-12-08 11:53:32,44,46,10653,18110
2023-12-08 11:53:37,45,46,10653,18110
2023-12-08 11:53:42,44,46,10653,18110
2023-12-08 11:53:46,45,46,10653,18110
2023-12-08 11:53:49,45,47,10653,18110
2023-12-08 11:54:05,45,48,10653,18110
2023-12-08 11:54:17,45,47,10653,18110
2023-12-08 11:54:55,45,48,10653,18110
2023-12-08 11:55:04,45,49,10653,18110
2023-12-08 11:55:12,46,49,10653,18110
2023-12-08 11:55:13,46,48,10653,18110
2023-12-08 11:55:14,45,48,10653,18110
2023-12-08 11:55:14,46,48,10653,18110
2023-12-08 11:55:15,45,48,10653,18110
2023-12-08 11:55:29,46,48,10653,18110
2023-12-08 11:55:31,45,48,10653,18110
2023-12-08 11:55:34,45,49,10653,18110
2023-12-08 11:55:35,46,49,10653,18110
2023-12-08 11:55:46,47,49,10653,18110
2023-12-08 11:55:47,46,49,10653,18110
2023-12-08 11:55:47,47,49,10653,18110
2023-12-08 11:55:48,46,49,10653,18110
2023-12-08 11:55:48,47,49,10653,18110
2023-12-08 11:55:55,47,50,10653,18110
2023-12-08 11:56:12,47,49,10653,18110
2023-12-08 11:56:13,48,49,10653,18110
2023-12-08 11:56:13,47,49,10653,18110
2023-12-08 11:56:14,48,49,10653,18110
2023-12-08 11:56:14,48,50,10653,18110
2023-12-08 11:56:36,49,50,10653,18110
2023-12-08 11:56:39,48,50,10653,18110
2023-12-08 11:56:59,49,50,10653,18110
2023-12-08 11:57:05,48,50,10653,18110
2023-12-08 11:57:08,48,49,10653,18110
2023-12-08 11:57:08,47,49,10653,18110
2023-12-08 11:58:08,47,48,10653,18110
2023-12-08 11:58:11,47,49,10653,18110
2023-12-08 11:58:12,47,48,10653,18110
2023-12-08 11:58:13,47,49,10653,18110
2023-12-08 11:58:15,47,48,10653,18110
2023-12-08 11:58:16,47,49,10653,18110
2023-12-08 11:58:18,47,48,10653,18110
2023-12-08 11:58:21,47,49,10653,18110
2023-12-08 11:58:22,47,48,10653,18110
2023-12-08 11:58:47,46,48,10653,18110
2023-12-08 11:59:01,47,48,10653,18110
2023-12-08 11:59:02,47,49,10653,18110
2023-12-08 11:59:19,47,48,10653,18110
2023-12-08 11:59:28,47,49,10653,18110
2023-12-08 11:59:42,47,48,10653,18110
2023-12-08 11:59:42,47,49,10653,18110
2023-12-08 11:59:48,47,48,10653,18110
2023-12-08 11:59:55,47,49,10653,18110
2023-12-08 12:00:01,47,48,10653,18110
2023-12-08 12:00:05,47,49,10653,18110
2023-12-08 12:00:06,48,49,10653,18110
2023-12-08 12:00:06,48,50,10653,18110
2023-12-08 12:00:31,47,50,10653,18110
2023-12-08 12:00:34,48,50,10653,18110
2023-12-08 12:00:41,48,49,10653,18110
2023-12-08 12:00:50,48,50,10653,18110
2023-12-08 12:00:50,48,49,10653,18110
2023-12-08 12:00:50,48,50,10653,18110
2023-12-08 12:01:31,49,50,10653,18110
2023-12-08 12:01:35,48,50,10653,18110
2023-12-08 12:01:38,49,50,10653,18110
2023-12-08 12:01:38,48,50,10653,18110
2023-12-08 12:01:47,47,50,10653,18110
2023-12-08 12:01:59,47,49,10653,18110
2023-12-08 12:02:54,47,48,10653,18110
2023-12-08 12:02:55,46,48,10653,18110
2023-12-08 12:02:58,45,48,10653,18110
2023-12-08 12:02:58,46,48,10653,18110
2023-12-08 12:02:59,45,48,10653,18110
2023-12-08 12:03:00,46,48,10653,18110
2023-12-08 12:03:03,45,48,10653,18110
2023-12-08 12:03:04,46,48,10653,18110
2023-12-08 12:03:08,47,48,10653,18110
2023-12-08 12:03:08,47,49,10653,18170
2023-12-08 12:03:13,47,50,10653,18170
2023-12-08 12:03:16,48,50,10653,18170
2023-12-08 12:03:39,49,50,10653,18170
2023-12-08 12:04:06,50,52,10653,18195
2023-12-08 12:04:18,49,52,10653,18195
2023-12-08 12:04:29,49,51,10653,18195
2023-12-08 12:04:31,48,51,10653,18195
2023-12-08 12:04:45,49,51,10653,18195
2023-12-08 12:04:46,48,51,10653,18195
2023-12-08 12:04:46,48,50,10653,18195
2023-12-08 12:04:47,49,50,10653,18195
2023-12-08 12:04:47,49,50,10678,18220
2023-12-08 12:04:50,48,50,10678,18220
2023-12-08 12:05:17,48,51,10678,18220
2023-12-08 12:05:24,48,50,10678,18220
2023-12-08 12:05:50,48,51,10678,18220
2023-12-08 12:05:55,49,51,10678,18220
2023-12-08 12:05:56,48,51,10678,18220
2023-12-08 12:05:57,49,51,10678,18220
2023-12-08 12:05:58,48,51,10678,18220
2023-12-08 12:05:59,49,51,10678,18220
2023-12-08 12:06:02,48,51,10678,18220
2023-12-08 12:06:04,49,51,10678,18220
2023-12-08 12:06:08,49,50,10678,18220
2023-12-08 12:06:09,49,51,10678,18220
2023-12-08 12:06:32,49,52,10678,18220
2023-12-08 12:06:32,49,51,10678,18220
2023-12-08 12:06:39,49,52,10678,18220
2023-12-08 12:06:39,49,51,10678,18220
2023-12-08 12:06:46,50,51,10678,18220
2023-12-08 12:06:46,50,52,10678,18220
2023-12-08 12:06:55,50,51,10678,18220
2023-12-08 12:06:57,50,52,10678,18220
2023-12-08 12:06:58,50,51,10678,18220
2023-12-08 12:07:00,49,51,10678,18220
2023-12-08 12:07:28,49,52,10678,18220
2023-12-08 12:07:44,49,51,10678,18220
2023-12-08 12:08:24,48,51,10678,18220
2023-12-08 12:08:36,49,51,10678,18220
2023-12-08 12:08:43,49,52,10678,18220
2023-12-08 12:08:49,49,53,10678,18220
2023-12-08 12:08:50,50,53,10678,18220
2023-12-08 12:09:01,50,52,10678,18220
2023-12-08 12:09:34,49,52,10678,18220
2023-12-08 12:09:49,49,51,10678,18220
2023-12-08 12:09:50,48,51,10678,18220
2023-12-08 12:09:54,49,51,10678,18220
2023-12-08 12:10:06,49,50,10678,18220
2023-12-08 12:10:10,49,51,10678,18220
2023-12-08 12:10:11,49,50,10678,18220
2023-12-08 12:10:15,48,50,10678,18220
2023-12-08 12:10:15,48,49,10678,18220
2023-12-08 12:10:28,47,49,10678,18220
2023-12-08 12:10:30,48,49,10678,18220
2023-12-08 12:10:45,47,49,10678,18220
2023-12-08 12:11:01,47,49,10678,18356
2023-12-08 12:11:02,46,49,10678,18356
2023-12-08 12:11:02,46,48,10678,18356
2023-12-08 12:11:06,46,49,10678,18356
2023-12-08 12:11:11,46,48,10678,18356
2023-12-08 12:11:16,46,47,10678,18356
2023-12-08 12:11:22,46,48,10678,18356
2023-12-08 12:11:28,46,47,10678,18356
2023-12-08 12:11:33,47,49,10519,18515
2023-12-08 12:11:33,46,49,10519,18556
2023-12-08 12:11:33,46,48,10519,18556
2023-12-08 12:11:34,46,49,10519,18556
2023-12-08 12:11:47,47,49,10519,18556
2023-12-08 12:12:04,46,49,10519,18556
2023-12-08 12:12:04,46,48,10519,18556
2023-12-08 12:12:05,47,48,10519,18556
2023-12-08 12:12:05,47,49,10519,18556
2023-12-08 12:12:45,47,48,10519,18556
2023-12-08 12:12:49,47,49,10519,18556
2023-12-08 12:12:50,47,48,10519,18556
2023-12-08 12:12:51,46,48,10519,18556
2023-12-08 12:12:51,46,49,10519,18556
2023-12-08 12:12:59,46,48,10519,18556
2023-12-08 12:13:27,45,48,10519,18556
2023-12-08 12:13:27,45,47,10519,18556
2023-12-08 12:13:30,45,46,10519,18556
2023-12-08 12:13:31,44,46,10519,18556
2023-12-08 12:13:41,44,45,10519,18556
2023-12-08 12:13:42,43,45,10519,18556
2023-12-08 12:13:42,43,44,10519,18556
2023-12-08 12:13:59,43,44,10519,18656
2023-12-08 12:14:10,43,44,10519,18716
2023-12-08 12:14:10,42,44,10479,18756
2023-12-08 12:14:10,42,43,10479,18756
2023-12-08 12:14:20,42,44,10479,18756
2023-12-08 12:14:28,42,43,10479,18756
2023-12-08 12:14:29,41,43,10479,18956
2023-12-08 12:14:29,41,42,10479,18956
2023-12-08 12:14:35,41,43,10479,18956
2023-12-08 12:14:44,41,42,10479,18956
2023-12-08 12:14:57,40,42,10479,18956
2023-12-08 12:14:57,40,41,10479,18956
2023-12-08 12:15:08,40,42,10479,18956
2023-12-08 12:15:08,40,41,10479,18956
2023-12-08 12:15:25,39,41,10479,18956
2023-12-08 12:15:25,39,40,10479,18956
2023-12-08 12:15:26,38,40,10479,18956
2023-12-08 12:15:26,38,39,10479,18956
2023-12-08 12:15:27,36,39,10479,18956
2023-12-08 12:15:27,36,38,10479,18956
2023-12-08 12:15:27,35,38,10479,18956
2023-12-08 12:15:28,35,37,10479,18956
2023-12-08 12:15:30,36,37,10479,18956
2023-12-08 12:15:30,36,38,10479,18956
2023-12-08 12:15:31,36,39,10479,18956
2023-12-08 12:15:31,37,39,10479,18956
2023-12-08 12:15:41,38,39,10479,18956
2023-12-08 12:15:41,38,40,10479,18956
2023-12-08 12:15:42,39,40,10479,18956
2023-12-08 12:15:45,39,41,10479,18956
2023-12-08 12:15:56,40,41,10479,18956
2023-12-08 12:16:00,40,42,10479,18956
2023-12-08 12:16:01,41,42,10479,18956
2023-12-08 12:16:01,41,42,10479,19067
2023-12-08 12:16:02,41,42,10479,19127
2023-12-08 12:16:04,41,43,10479,19127
2023-12-08 12:16:04,42,43,10479,19127
2023-12-08 12:16:04,42,44,10479,19127
2023-12-08 12:16:25,42,45,10479,19127
2023-12-08 12:16:25,43,45,10479,19127
2023-12-08 12:16:29,43,44,10479,19127
2023-12-08 12:16:30,43,45,10479,19127
2023-12-08 12:16:30,43,44,10479,19127
2023-12-08 12:16:31,42,44,10479,19127
2023-12-08 12:16:31,42,45,10479,19127
2023-12-08 12:16:31,42,44,10479,19127
2023-12-08 12:16:32,43,44,10479,19127
2023-12-08 12:16:33,42,44,10479,19127
2023-12-08 12:16:39,43,44,10479,19127
2023-12-08 12:16:39,43,45,10479,19127
2023-12-08 12:16:47,44,45,10479,19127
2023-12-08 12:16:52,44,46,10479,19127
2023-12-08 12:16:53,45,46,10479,19127
2023-12-08 12:16:55,45,47,10479,19127
2023-12-08 12:16:57,46,47,10479,19127
2023-12-08 12:17:04,45,47,10479,19127
2023-12-08 12:17:07,46,47,10479,19127
2023-12-08 12:17:11,45,47,10479,19127
2023-12-08 12:17:20,46,47,10479,19127
2023-12-08 12:17:21,46,48,10479,19127
2023-12-08 12:17:24,47,48,10479,19127
2023-12-08 12:17:30,46,49,10479,19127
2023-12-08 12:17:30,47,49,10479,19127
2023-12-08 12:17:34,48,49,10479,19127
2023-12-08 12:18:07,49,50,10479,19210
2023-12-08 12:18:07,48,50,10479,19327
2023-12-08 12:18:14,49,50,10479,19327
2023-12-08 12:18:16,49,51,10479,19327
2023-12-08 12:18:34,48,51,10479,19327
2023-12-08 12:18:42,48,50,10479,19327
2023-12-08 12:19:00,48,51,10479,19327
2023-12-08 12:19:00,49,51,10479,19327
2023-12-08 12:19:11,50,51,10479,19327
2023-12-08 12:19:14,50,52,10479,19327
2023-12-08 12:19:47,51,52,10479,19327
2023-12-08 12:20:02,51,53,10479,19327
2023-12-08 12:20:06,51,53,10479,19727
2023-12-08 12:20:07,50,53,10479,19727
2023-12-08 12:20:07,51,53,10479,19727
2023-12-08 12:20:07,50,53,10479,19727
2023-12-08 12:20:09,51,53,10479,19727
2023-12-08 12:20:11,50,53,10479,19727
2023-12-08 12:20:19,51,53,10479,19727
2023-12-08 12:20:49,52,53,10479,19727
2023-12-08 12:21:06,52,54,10679,19927
2023-12-08 12:21:07,54,55,10679,20127
2023-12-08 12:22:16,54,56,10679,20127
2023-12-08 12:22:28,55,56,10679,20127
2023-12-08 12:23:05,55,57,10679,20127
2023-12-08 12:23:21,56,57,10679,20127
2023-12-08 12:23:22,55,57,10679,20127
2023-12-08 12:23:22,56,57,10679,20127
2023-12-08 12:23:29,55,57,10679,20127
2023-12-08 12:24:10,54,57,10679,20127
2023-12-08 12:24:19,55,57,10679,20127
2023-12-08 12:24:42,55,57,10679,20327
2023-12-08 12:24:52,56,57,10679,20327
2023-12-08 12:25:01,55,57,10679,20327
2023-12-08 12:25:03,56,57,10679,20327
2023-12-08 12:25:10,55,57,10679,20327
2023-12-08 12:25:11,56,57,10679,20327
2023-12-08 12:25:11,56,57,10787,20435
2023-12-08 12:25:22,55,57,10787,20435
2023-12-08 12:25:25,56,57,10787,20435
2023-12-08 12:26:49,55,57,10787,20435
2023-12-08 12:26:49,56,57,10787,20435
2023-12-08 12:27:45,55,57,10787,20435
2023-12-08 12:27:45,56,57,10787,20435
2023-12-08 12:28:13,56,58,10787,20435
2023-12-08 12:28:13,57,58,10787,20435
2023-12-08 12:28:23,56,58,10787,20435
2023-12-08 12:28:23,57,58,10787,20435
2023-12-08 12:28:42,57,59,10787,20435
2023-12-08 12:28:46,58,59,10787,20435
2023-12-08 12:28:46,58,59,10876,20524
2023-12-08 12:30:31,58,60,11076,20724
2023-12-08 12:30:31,59,60,11076,20724
2023-12-08 12:30:48,58,60,11076,20724
2023-12-08 12:30:48,59,60,11076,20724
2023-12-08 12:31:52,59,60,11101,20749
2023-12-08 12:31:54,58,60,11101,20749
2023-12-08 12:31:54,59,60,11101,20749
2023-12-08 12:32:10,58,60,11101,20749
2023-12-08 12:32:10,59,60,11101,20749
2023-12-08 12:32:15,58,60,11101,20749
2023-12-08 12:32:15,59,60,11101,20749
2023-12-08 12:33:48,58,60,11101,20749
2023-12-08 12:33:52,59,60,11101,20749
2023-12-08 12:33:56,58,60,11101,20749
2023-12-08 12:34:13,57,60,11101,20749
2023-12-08 12:34:14,58,60,11101,20749
2023-12-08 12:34:15,58,59,11101,20749
2023-12-08 12:34:15,57,59,11101,20749
2023-12-08 12:34:40,58,59,11101,20749
2023-12-08 12:35:01,58,59,11126,20774
2023-12-08 12:35:21,57,59,11126,20774
2023-12-08 12:36:09,58,59,11126,20774
2023-12-08 12:36:12,57,59,11126,20774
2023-12-08 12:37:00,56,59,11126,20774
2023-12-08 12:37:09,57,59,11126,20774
2023-12-08 12:37:50,56,59,11126,20774
2023-12-08 12:37:50,57,59,11126,20774
2023-12-08 12:38:15,58,59,11126,20774
2023-12-08 12:38:18,58,60,11126,20774
2023-12-08 12:38:35,59,60,11126,20774
2023-12-08 12:38:40,58,60,11126,20774
2023-12-08 12:38:40,59,60,11126,20774
2023-12-08 12:39:22,59,61,11126,20774
2023-12-08 12:39:22,60,61,11126,20774
2023-12-08 12:40:00,59,61,11126,20774
2023-12-08 12:40:00,60,61,11126,20774
2023-12-08 12:40:50,60,61,11226,20874
2023-12-08 12:40:51,60,62,11226,20874
2023-12-08 12:40:51,61,62,11226,20874
2023-12-08 12:40:55,60,62,11226,20874
2023-12-08 12:40:55,61,62,11226,20874
2023-12-08 12:41:52,60,62,11226,20874
2023-12-08 12:41:52,61,62,11226,20874
2023-12-08 12:42:25,61,62,11226,20875
2023-12-08 12:42:33,62,63,11226,20900
2023-12-08 12:44:05,62,64,11226,20900
2023-12-08 12:45:28,63,64,11226,20900
2023-12-08 12:45:58,62,64,11226,20900
2023-12-08 12:45:59,63,64,11226,20900
2023-12-08 12:46:00,62,64,11226,20900
2023-12-08 12:46:01,63,64,11226,20900
2023-12-08 12:46:07,62,64,11226,20900
2023-12-08 12:46:08,63,64,11226,20900
2023-12-08 12:46:09,62,64,11226,20900
2023-12-08 12:46:30,62,63,11226,20900
2023-12-08 12:46:31,62,64,11226,20900
2023-12-08 12:46:36,62,63,11226,20900
2023-12-08 12:46:41,62,64,11226,20900
2023-12-08 12:46:44,62,63,11226,20900
2023-12-08 12:46:55,62,64,11226,20900
2023-12-08 12:46:58,62,63,11226,20900
2023-12-08 12:47:02,62,64,11226,20900
2023-12-08 12:47:05,62,63,11226,20900
2023-12-08 12:47:06,62,64,11226,20900
2023-12-08 12:47:22,63,64,11226,20900
2023-12-08 12:47:49,63,64,11226,21055
2023-12-08 12:47:50,62,64,11226,21055
2023-12-08 12:47:52,63,64,11226,21055
2023-12-08 12:53:20,64,65,11226,21080
2023-12-08 12:54:00,64,66,11226,21080
2023-12-08 12:54:54,65,66,11226,21080
2023-12-08 12:57:57,64,66,11226,21680
2023-12-08 12:59:56,64,66,11326,21780
2023-12-08 13:01:24,65,66,11326,21780
2023-12-08 13:03:06,65,67,11326,21780
2023-12-08 13:03:06,65,66,11326,21780
2023-12-08 13:03:10,65,67,11326,21780
2023-12-08 13:04:08,66,67,11326,21780
2023-12-08 13:07:34,67,68,11224,21882
2023-12-08 13:07:35,66,68,11224,21882
2023-12-08 13:07:35,66,67,11224,21882
2023-12-08 13:07:36,66,68,11224,21882
2023-12-08 13:07:36,66,67,11224,21882
2023-12-08 13:07:47,66,68,11224,21882
2023-12-08 13:08:34,66,67,11224,21882
2023-12-08 13:08:45,66,68,11350,22181
2023-12-08 13:08:48,66,67,11350,22181
2023-12-08 13:08:53,66,68,11350,22181
2023-12-08 13:10:24,66,67,11350,22181
2023-12-08 13:10:46,66,68,11350,22181
2023-12-08 13:10:47,66,67,11350,22181
2023-12-08 13:11:01,66,68,11350,22181
2023-12-08 13:11:38,66,67,11350,22181
2023-12-08 13:11:38,66,68,11350,22181
2023-12-08 13:11:38,66,67,11350,22181
2023-12-08 13:11:38,66,68,11350,22181
2023-12-08 13:11:41,66,67,11350,22181
2023-12-08 13:11:49,66,68,11350,22181
2023-12-08 13:11:49,66,67,11350,22181
2023-12-08 13:12:33,67,68,11204,22457
2023-12-08 13:12:33,67,68,11204,22578
2023-12-08 13:12:33,66,67,11202,22580
2023-12-08 13:12:34,67,68,11028,22754
2023-12-08 13:12:46,67,68,11028,22831
2023-12-08 13:12:48,67,68,11028,22941
2023-12-08 13:13:01,67,68,11087,23139
2023-12-08 13:13:25,67,69,11087,23139
2023-12-08 13:13:30,67,68,11087,23139
2023-12-08 13:14:12,66,68,11087,23139
2023-12-08 13:14:33,66,67,11087,23139
2023-12-08 13:14:35,66,68,11087,23139
2023-12-08 13:14:35,66,67,11087,23139
2023-12-08 13:14:39,66,68,11087,23139
2023-12-08 13:14:43,66,67,11087,23139
2023-12-08 13:14:47,66,68,11087,23139
2023-12-08 13:14:49,66,67,11087,23139
2023-12-08 13:15:04,66,68,11087,23139
2023-12-08 13:15:13,66,67,11087,23139
2023-12-08 13:15:16,66,68,11087,23139
2023-12-08 13:15:16,66,67,11087,23139
2023-12-08 13:15:17,66,68,11087,23139
2023-12-08 13:15:17,66,67,11087,23139
2023-12-08 13:15:20,66,68,11087,23139
2023-12-08 13:15:21,66,67,11087,23139
2023-12-08 13:15:36,66,68,11087,23139
2023-12-08 13:15:38,66,67,11087,23139
2023-12-08 13:16:00,66,68,11087,23139
2023-12-08 13:16:06,66,67,11087,23139
2023-12-08 13:16:07,66,68,11087,23139
2023-12-08 13:16:10,67,68,11087,23139
2023-12-08 13:16:28,67,69,11087,23139
2023-12-08 13:16:28,67,68,11087,23139
2023-12-08 13:16:29,67,69,11087,23139
2023-12-08 13:16:31,67,68,11087,23139
2023-12-08 13:16:32,67,69,11087,23139
2023-12-08 13:16:32,67,68,11087,23139
2023-12-08 13:16:33,67,69,11087,23139
2023-12-08 13:16:33,67,68,11087,23139
2023-12-08 13:16:36,67,69,11087,23139
2023-12-08 13:17:01,68,69,11087,23139
2023-12-08 13:17:01,68,69,11087,23266
2023-12-08 13:17:06,68,69,11087,23451
2023-12-08 13:17:09,68,69,11087,23600
2023-12-08 13:17:10,68,69,11123,23775
2023-12-08 13:17:18,68,69,11267,23919
2023-12-08 13:17:58,68,70,11267,23919
2023-12-08 13:18:20,69,70,11267,23919
2023-12-08 13:18:25,68,70,11267,23919
2023-12-08 13:18:26,69,70,11267,23919
2023-12-08 13:18:36,68,70,11267,23919
2023-12-08 13:20:17,69,70,11267,23919
2023-12-08 13:20:46,68,70,11267,23919
2023-12-08 13:20:48,69,70,11267,23919
2023-12-08 13:20:51,68,70,11267,23919
2023-12-08 13:20:53,69,70,11267,23919
2023-12-08 13:21:01,68,70,11267,23919
2023-12-08 13:21:01,69,70,11267,23919
2023-12-08 13:21:09,68,70,11267,23919
2023-12-08 13:21:16,69,70,11267,23919
2023-12-08 13:21:26,69,70,11369,24021
2023-12-08 13:21:28,68,70,11423,24075
2023-12-08 13:21:28,69,70,11423,24075
2023-12-08 13:21:32,68,70,11423,24075
2023-12-08 13:21:32,69,70,11423,24075
2023-12-08 13:21:41,69,70,11547,24199
2023-12-08 13:21:45,69,70,11626,24278
2023-12-08 13:21:46,69,70,11751,24403
2023-12-08 13:22:18,68,70,11751,24403
2023-12-08 13:22:18,69,70,11751,24403
2023-12-08 13:23:10,69,70,11886,24538
2023-12-08 13:23:24,69,70,12011,24663
2023-12-08 13:23:25,69,71,12011,24663
2023-12-08 13:23:25,69,70,12011,24663
2023-12-08 13:23:26,69,70,12172,24824
2023-12-08 13:23:29,68,70,12343,24995
2023-12-08 13:23:29,69,70,12343,24995
2023-12-08 13:23:30,68,70,12343,24995
2023-12-08 13:23:30,68,71,12343,24995
2023-12-08 13:23:30,69,71,12343,24995
2023-12-08 13:23:30,69,70,12343,24995
2023-12-08 13:23:42,69,71,12343,24995
2023-12-08 13:23:58,68,71,12343,24995
2023-12-08 13:24:05,68,70,12343,24995
2023-12-08 13:24:13,68,71,12343,24995
2023-12-08 13:24:13,68,70,12343,24995
2023-12-08 13:24:16,69,70,12343,24995
2023-12-08 13:24:27,68,70,12343,24995
2023-12-08 13:24:33,68,71,12343,24995
2023-12-08 13:24:33,68,70,12343,24995
2023-12-08 13:24:46,68,71,12343,24995
2023-12-08 13:24:46,68,70,12343,24995
2023-12-08 13:25:03,68,71,12343,24995
2023-12-08 13:25:03,68,70,12343,24995
2023-12-08 13:25:09,68,71,12343,24995
2023-12-08 13:25:09,68,70,12343,24995
2023-12-08 13:25:36,69,70,12343,24995
2023-12-08 13:25:36,69,71,12343,24995
2023-12-08 13:26:42,69,70,12343,24995
2023-12-08 13:26:57,69,71,12343,24995
2023-12-08 13:26:57,69,70,12343,24995
2023-12-08 13:27:52,69,71,12343,24995
2023-12-08 13:27:52,69,70,12343,24995
2023-12-08 13:28:26,69,70,12456,25108
2023-12-08 13:28:27,68,70,12456,25108
2023-12-08 13:28:33,68,69,12456,25108
2023-12-08 13:28:34,68,70,12456,25108
2023-12-08 13:28:38,67,70,12456,25108
2023-12-08 13:28:43,67,69,12456,25108
2023-12-08 13:28:46,67,70,12456,25108
2023-12-08 13:28:51,68,70,12456,25108
2023-12-08 13:28:57,68,71,12456,25108
2023-12-08 13:28:58,68,70,12456,25108
2023-12-08 13:29:00,68,71,12456,25108
2023-12-08 13:29:08,68,70,12456,25108
2023-12-08 13:29:21,68,69,12456,25108
2023-12-08 13:29:23,68,71,12456,25108
2023-12-08 13:29:23,68,70,12456,25108
2023-12-08 13:30:17,68,71,12456,25108
2023-12-08 13:30:19,69,71,12456,25108
2023-12-08 13:30:30,70,71,12456,25108
2023-12-08 13:30:33,70,71,12516,25168
2023-12-08 13:30:35,70,71,12645,25297
2023-12-08 13:30:36,69,71,12645,25297
2023-12-08 13:30:36,69,70,12645,25297
2023-12-08 13:30:46,69,71,12645,25297
2023-12-08 13:30:46,69,70,12645,25297
2023-12-08 13:30:47,69,71,12645,25297
2023-12-08 13:30:47,69,70,12645,25297
2023-12-08 13:30:55,69,71,12645,25297
2023-12-08 13:30:56,70,71,12645,25297
2023-12-08 13:30:56,70,71,12747,25399
2023-12-08 13:31:03,70,72,12747,25399
2023-12-08 13:31:18,70,71,12747,25399
2023-12-08 13:31:18,70,72,12747,25399
2023-12-08 13:31:25,70,71,12747,25399
2023-12-08 13:31:37,70,72,12747,25399
2023-12-08 13:31:37,70,71,12747,25399
2023-12-08 13:32:35,69,71,12747,25399
2023-12-08 13:32:35,69,70,12747,25399
2023-12-08 13:33:10,69,70,12761,25599
2023-12-08 13:33:11,69,71,12761,25599
2023-12-08 13:33:22,70,71,12761,25599
2023-12-08 13:33:52,70,71,12942,25780
2023-12-08 13:33:53,69,71,12942,25780
2023-12-08 13:34:27,69,70,12942,25780
2023-12-08 13:34:28,69,71,12942,25780
2023-12-08 13:34:29,69,70,12942,25780
2023-12-08 13:34:30,69,71,12942,25780
2023-12-08 13:34:41,69,70,12942,25780
2023-12-08 13:34:46,69,72,12942,25780
2023-12-08 13:34:46,69,71,12942,25780
2023-12-08 13:34:47,69,70,12942,25780
2023-12-08 13:34:58,69,72,12942,25780
2023-12-08 13:34:58,69,71,12942,25780
2023-12-08 13:34:58,69,70,12942,25780
2023-12-08 13:35:01,69,71,12942,25780
2023-12-08 13:35:01,69,70,12942,25780
2023-12-08 13:35:02,69,71,12942,25780
2023-12-08 13:35:03,69,72,12942,25780
2023-12-08 13:35:03,69,71,12942,25780
2023-12-08 13:35:15,69,72,12942,25780
2023-12-08 13:35:15,69,71,12942,25780
2023-12-08 13:35:27,69,72,12942,25780
2023-12-08 13:35:32,69,71,12942,25780
2023-12-08 13:35:56,69,72,12942,25780
2023-12-08 13:35:56,69,71,12942,25780
2023-12-08 13:36:14,69,70,12942,25780
2023-12-08 13:36:26,69,71,12942,25780
2023-12-08 13:36:26,69,70,12942,25780
2023-12-08 13:36:36,69,71,12942,25780
2023-12-08 13:38:02,70,71,12942,25780
2023-12-08 13:38:10,69,71,12942,25780
2023-12-08 13:38:48,70,71,12942,25780
2023-12-08 13:39:28,70,72,12942,25780
2023-12-08 13:39:45,71,72,12942,25780
2023-12-08 13:39:59,71,72,13049,25887
2023-12-08 13:40:00,70,72,13049,25887
2023-12-08 13:40:04,71,72,13049,25887
2023-12-08 13:40:16,71,73,13049,25887
2023-12-08 13:40:22,71,72,13049,25887
2023-12-08 13:41:38,71,73,13049,25887
2023-12-08 13:41:41,72,73,13049,25887
2023-12-08 13:41:58,71,73,13049,25887
2023-12-08 13:41:58,72,73,13049,25887
2023-12-08 13:42:22,71,73,13049,25887
2023-12-08 13:42:22,72,73,13049,25887
2023-12-08 13:43:18,72,73,13055,25893
2023-12-08 13:43:34,71,73,13055,25893
2023-12-08 13:43:35,72,73,13055,25893
2023-12-08 13:43:36,71,73,13055,25893
2023-12-08 13:43:36,72,73,13055,25893
2023-12-08 13:44:34,72,74,13055,25893
2023-12-08 13:44:34,73,74,13055,25893
2023-12-08 13:44:37,72,74,13055,25893
2023-12-08 13:44:50,72,74,13055,25993
2023-12-08 13:45:01,73,74,13055,25993
2023-12-08 13:45:01,73,74,13075,26013
2023-12-08 13:46:04,72,74,13075,26013
2023-12-08 13:46:07,73,74,13075,26013
2023-12-08 13:46:16,72,74,13075,26013
2023-12-08 13:47:51,72,73,13075,26013
2023-12-08 13:48:06,72,74,13075,26013
2023-12-08 13:48:06,72,73,13075,26013
2023-12-08 13:48:16,72,73,13135,26073
2023-12-08 13:48:38,72,74,13135,26073
2023-12-08 13:48:38,72,73,13135,26073
2023-12-08 13:49:03,72,73,13195,26133
2023-12-08 13:49:04,71,73,13195,26133
2023-12-08 13:49:05,71,72,13195,26133
2023-12-08 13:49:07,71,73,13195,26133
2023-12-08 13:49:08,71,72,13195,26133
2023-12-08 13:49:10,71,73,13195,26133
2023-12-08 13:49:21,71,72,13195,26133
2023-12-08 13:49:22,71,73,13195,26133
2023-12-08 13:49:23,72,73,13195,26133
2023-12-08 13:49:23,72,73,13342,26280
2023-12-08 13:49:27,72,74,13342,26280
2023-12-08 13:49:36,72,73,13342,26280
2023-12-08 13:49:38,72,74,13342,26280
2023-12-08 13:49:38,72,73,13342,26280
2023-12-08 13:49:46,72,73,13462,26400
2023-12-08 13:49:47,71,73,13462,26400
2023-12-08 13:49:55,71,72,13462,26400
2023-12-08 13:50:00,71,74,13462,26400
2023-12-08 13:50:00,71,73,13462,26400
2023-12-08 13:50:00,71,72,13462,26400
2023-12-08 13:50:23,71,74,13462,26400
2023-12-08 13:50:23,71,73,13462,26400
2023-12-08 13:50:38,71,74,13462,26400
2023-12-08 13:50:39,71,73,13462,26400
2023-12-08 13:50:40,71,74,13462,26400
2023-12-08 13:50:43,71,73,13462,26400
2023-12-08 13:50:47,71,74,13462,26400
2023-12-08 13:50:48,71,73,13462,26400
2023-12-08 13:51:34,71,72,13462,26400
2023-12-08 13:51:42,71,72,13567,26505
2023-12-08 13:51:43,71,73,13567,26505
2023-12-08 13:51:43,71,72,13567,26505
2023-12-08 13:51:58,71,73,13567,26505
2023-12-08 13:52:12,71,72,13567,26505
2023-12-08 13:52:45,70,72,13567,26505
2023-12-08 13:52:54,70,71,13567,26505
2023-12-08 13:53:30,70,72,13567,26505
2023-12-08 13:53:30,70,73,13567,26505
2023-12-08 13:53:30,70,72,13567,26505
2023-12-08 13:53:30,70,71,13567,26505
2023-12-08 13:53:31,70,72,13567,26505
2023-12-08 13:53:39,71,72,13567,26505
2023-12-08 13:53:39,71,72,13732,26670
2023-12-08 13:53:40,70,72,13732,26670
2023-12-08 13:53:40,70,73,13732,26670
2023-12-08 13:53:43,71,73,13732,26670
2023-12-08 13:53:46,71,74,13732,26670
2023-12-08 13:53:54,71,73,13732,26670
2023-12-08 13:54:06,71,72,13732,26670
2023-12-08 13:54:07,71,73,13732,26670
2023-12-08 13:54:07,71,72,13732,26670
2023-12-08 13:54:17,71,73,13732,26670
2023-12-08 13:54:18,72,73,13732,26670
2023-12-08 13:54:18,72,74,13732,26670
2023-12-08 13:54:36,72,73,13732,26670
2023-12-08 13:54:47,71,73,13837,26775
2023-12-08 13:54:57,71,72,13837,26775
2023-12-08 13:55:02,70,72,13837,26775
2023-12-08 13:55:09,71,72,13837,26775
2023-12-08 13:55:09,71,74,13837,26775
2023-12-08 13:55:09,71,73,13837,26775
2023-12-08 13:55:09,71,74,13837,26775
2023-12-08 13:55:09,71,73,13837,26775
2023-12-08 13:55:20,70,73,13837,26775
2023-12-08 13:55:21,70,72,13837,26775
2023-12-08 13:55:36,71,72,13837,26775
2023-12-08 13:55:38,71,74,13837,26775
2023-12-08 13:55:38,71,73,13837,26775
2023-12-08 13:55:51,70,73,13837,26775
2023-12-08 13:55:51,70,72,13837,26775
2023-12-08 13:55:56,71,72,13837,26775
2023-12-08 13:56:01,71,74,13837,26775
2023-12-08 13:56:01,71,73,13837,26775
2023-12-08 13:56:10,71,72,13837,26775
2023-12-08 13:56:18,70,72,13837,26775
2023-12-08 13:56:22,71,72,13837,26775
2023-12-08 13:56:32,71,74,13837,26775
2023-12-08 13:56:33,71,73,13837,26775
2023-12-08 13:56:45,71,74,13837,26775
2023-12-08 13:56:53,71,73,13837,26775
2023-12-08 13:56:57,71,74,13837,26775
2023-12-08 13:56:58,71,73,13837,26775
2023-12-08 13:57:08,70,73,13837,26775
2023-12-08 13:57:15,70,72,13837,26775
2023-12-08 13:57:18,70,73,13837,26775
2023-12-08 13:57:21,70,72,13837,26775
2023-12-08 13:57:22,70,73,13837,26775
2023-12-08 13:57:22,70,72,13837,26775
2023-12-08 13:57:34,70,73,13837,26775
2023-12-08 13:57:34,70,72,13837,26775
2023-12-08 13:57:54,70,71,13837,26775
2023-12-08 13:57:54,70,72,13837,26775
2023-12-08 13:57:56,71,72,13837,26775
2023-12-08 13:58:01,70,73,13837,26775
2023-12-08 13:58:04,71,73,13837,26775
2023-12-08 13:58:04,70,73,13837,26775
2023-12-08 13:58:07,71,73,13837,26775
2023-12-08 13:58:19,71,72,13837,26775
2023-12-08 13:58:22,69,72,13837,26775
2023-12-08 13:58:25,69,73,13837,26775
2023-12-08 13:58:36,69,72,13837,26775
2023-12-08 13:58:36,70,72,13837,26775
2023-12-08 13:58:46,69,72,13837,26775
2023-12-08 13:58:57,70,72,13837,26775
2023-12-08 13:58:58,69,72,13837,26775
2023-12-08 13:58:58,70,72,13837,26775
2023-12-08 13:59:08,69,72,13837,26775
2023-12-08 13:59:08,70,72,13837,26775
2023-12-08 13:59:09,69,72,13837,26775
2023-12-08 13:59:09,70,72,13837,26775
2023-12-08 13:59:28,70,73,13837,26775
2023-12-08 13:59:28,71,73,13837,26775
2023-12-08 14:00:01,70,73,13837,26775
2023-12-08 14:00:13,71,73,13837,26775
2023-12-08 14:00:15,70,73,13837,26775
2023-12-08 14:00:16,71,73,13837,26775
2023-12-08 14:00:19,70,73,13837,26775
2023-12-08 14:00:21,71,73,13837,26775
2023-12-08 14:00:25,71,74,13837,26775
2023-12-08 14:00:26,71,74,13837,26775
2023-12-08 14:00:42,72,74,13837,26775
2023-12-08 14:00:59,71,74,13837,26775
2023-12-08 14:01:14,71,73,13837,26775
2023-12-08 14:01:15,72,73,13837,26775
2023-12-08 14:01:16,70,73,13837,26775
2023-12-08 14:01:17,71,73,13837,26775
2023-12-08 14:01:35,71,74,13837,26775
2023-12-08 14:01:36,71,73,13837,26775
2023-12-08 14:01:37,71,74,13837,26775
2023-12-08 14:01:38,71,73,13837,26775
2023-12-08 14:01:43,71,74,13837,26775
2023-12-08 14:01:43,72,74,13837,26775
2023-12-08 14:01:44,71,74,13837,26775
2023-12-08 14:01:45,72,74,13837,26775
2023-12-08 14:01:45,71,74,13837,26775
2023-12-08 14:01:45,71,73,13837,26775
2023-12-08 14:01:45,72,73,13837,26775
2023-12-08 14:01:48,72,74,13837,26775
2023-12-08 14:01:49,72,73,13837,26775
2023-12-08 14:01:52,72,74,13837,26775
2023-12-08 14:02:18,73,74,13837,26775
2023-12-08 14:02:23,72,74,13837,26775
2023-12-08 14:02:23,73,74,13837,26775
2023-12-08 14:02:36,72,74,13837,26922
2023-12-08 14:02:37,73,74,13837,26922
2023-12-08 14:02:37,72,74,13837,26922
2023-12-08 14:02:50,71,74,13837,26922
2023-12-08 14:02:51,72,74,13837,26922
2023-12-08 14:03:07,72,75,13837,26922
2023-12-08 14:03:08,73,75,13837,26922
2023-12-08 14:03:20,72,75,13837,26922
2023-12-08 14:03:24,73,75,13837,26922
2023-12-08 14:03:27,72,75,13837,26922
2023-12-08 14:03:39,73,75,13837,26922
2023-12-08 14:03:40,73,74,13837,26922
2023-12-08 14:03:42,73,75,13837,26922
2023-12-08 14:03:42,73,74,13837,26922
2023-12-08 14:03:45,72,74,13837,26922
2023-12-08 14:03:54,72,75,13837,26922
2023-12-08 14:03:54,72,74,13837,26922
2023-12-08 14:04:07,72,73,13837,26922
2023-12-08 14:04:07,72,74,13837,26922
2023-12-08 14:04:07,72,73,13837,26922
2023-12-08 14:04:36,71,73,13837,26922
2023-12-08 14:04:40,70,73,13837,26922
2023-12-08 14:04:54,70,72,13837,26922
2023-12-08 14:05:01,69,72,13837,26922
2023-12-08 14:05:07,70,72,13837,26922
2023-12-08 14:05:08,70,73,13837,26922
2023-12-08 14:05:09,70,72,13837,26922
2023-12-08 14:05:09,70,73,13837,26922
2023-12-08 14:05:14,70,72,13837,26922
2023-12-08 14:05:14,70,73,13837,26922
2023-12-08 14:05:24,71,73,13837,26922
2023-12-08 14:05:24,71,73,13956,27041
2023-12-08 14:05:30,70,73,13956,27041
2023-12-08 14:05:31,71,73,13956,27041
2023-12-08 14:06:20,72,73,13956,27041
2023-12-08 14:06:27,71,73,13956,27041
2023-12-08 14:06:28,72,73,13956,27041
2023-12-08 14:06:31,71,73,13956,27041
2023-12-08 14:06:32,72,73,13956,27041
2023-12-08 14:06:32,71,73,13956,27041
2023-12-08 14:06:36,72,73,13956,27041
2023-12-08 14:06:44,72,75,13956,27041
2023-12-08 14:06:44,72,74,13956,27041
2023-12-08 14:06:52,72,75,13956,27041
2023-12-08 14:06:52,72,73,13956,27041
2023-12-08 14:06:58,71,73,13956,27041
2023-12-08 14:07:04,70,73,13956,27041
2023-12-08 14:07:06,70,74,13956,27041
2023-12-08 14:07:06,70,73,13956,27041
2023-12-08 14:07:06,70,72,13956,27041
2023-12-08 14:07:11,70,73,13956,27041
2023-12-08 14:07:11,70,74,13956,27041
2023-12-08 14:07:11,70,73,13956,27041
2023-12-08 14:07:20,71,73,13956,27041
2023-12-08 14:07:20,71,72,13956,27041
2023-12-08 14:07:22,70,72,13956,27041
2023-12-08 14:07:22,71,72,13956,27041
2023-12-08 14:07:25,71,74,13956,27041
2023-12-08 14:07:25,71,73,13956,27041
2023-12-08 14:07:28,70,73,13956,27041
2023-12-08 14:07:28,71,73,13956,27041
2023-12-08 14:07:44,71,72,13956,27041
2023-12-08 14:07:45,71,73,13956,27041
2023-12-08 14:07:49,71,72,13956,27041
2023-12-08 14:07:53,70,72,13956,27041
2023-12-08 14:07:55,71,72,13956,27041
2023-12-08 14:07:56,70,72,13956,27041
2023-12-08 14:07:57,71,72,13956,27041
2023-12-08 14:08:00,70,72,13956,27041
2023-12-08 14:08:04,71,72,13956,27041
2023-12-08 14:08:10,71,73,13956,27041
2023-12-08 14:08:15,70,73,13956,27041
2023-12-08 14:08:15,71,73,13956,27041
2023-12-08 14:08:59,71,72,13956,27041
2023-12-08 14:09:07,70,72,13956,27041
2023-12-08 14:09:15,71,72,13956,27041
2023-12-08 14:09:21,70,72,13956,27041
2023-12-08 14:09:21,71,72,13956,27041
2023-12-08 14:09:28,69,72,13956,27041
2023-12-08 14:09:34,69,71,13956,27041
2023-12-08 14:09:36,69,72,13956,27041
2023-12-08 14:09:46,70,72,13956,27041
2023-12-08 14:10:04,71,72,13956,27041
2023-12-08 14:10:05,71,73,13956,27041
2023-12-08 14:10:05,71,74,13956,27041
2023-12-08 14:10:05,71,73,13956,27041
2023-12-08 14:10:23,72,73,13956,27041
2023-12-08 14:10:27,70,73,13956,27041
2023-12-08 14:10:27,72,73,13956,27041
2023-12-08 14:10:58,71,73,13956,27041
2023-12-08 14:11:23,71,72,13956,27041
2023-12-08 14:11:23,70,72,13956,27041
2023-12-08 14:11:28,71,72,13956,27041
2023-12-08 14:11:34,70,72,13956,27041
2023-12-08 14:11:38,69,72,13956,27041
2023-12-08 14:11:39,69,71,13956,27041
2023-12-08 14:11:44,68,71,13956,27041
2023-12-08 14:11:52,69,71,13956,27041
2023-12-08 14:12:11,69,72,13956,27041
2023-12-08 14:12:11,69,73,13956,27041
2023-12-08 14:12:11,69,72,13956,27041
2023-12-08 14:12:12,70,72,13956,27041
2023-12-08 14:12:21,69,72,13956,27041
2023-12-08 14:12:23,69,71,13956,27041
2023-12-08 14:12:25,69,72,13956,27041
2023-12-08 14:12:25,69,73,13956,27041
2023-12-08 14:12:25,69,72,13956,27041
2023-12-08 14:12:27,70,72,13956,27041
2023-12-08 14:12:37,71,72,13956,27041
2023-12-08 14:13:19,70,72,13956,27041
2023-12-08 14:13:36,69,72,13956,27041
2023-12-08 14:13:37,70,72,13956,27041
2023-12-08 14:13:38,69,72,13956,27041
2023-12-08 14:13:40,70,72,13956,27041
2023-12-08 14:14:17,69,72,13956,27041
2023-12-08 14:14:18,69,71,13956,27041
2023-12-08 14:14:32,70,71,13956,27041
2023-12-08 14:14:33,69,71,13956,27041
2023-12-08 14:14:33,70,71,13956,27041
2023-12-08 14:14:37,69,71,13956,27041
2023-12-08 14:14:41,68,71,13956,27041
2023-12-08 14:14:49,68,70,13956,27041
2023-12-08 14:14:53,67,70,13956,27041
2023-12-08 14:14:55,68,70,13956,27041
2023-12-08 14:15:04,67,70,13956,27041
2023-12-08 14:15:06,67,69,13956,27041
2023-12-08 14:15:08,66,69,13956,27041
2023-12-08 14:15:18,66,69,13956,27091
2023-12-08 14:15:23,67,69,13956,27091
2023-12-08 14:16:02,68,69,13956,27091
2023-12-08 14:16:04,68,70,13956,27091
2023-12-08 14:16:06,68,69,13956,27091
2023-12-08 14:16:06,67,69,13956,27091
2023-12-08 14:16:12,67,70,13956,27091
2023-12-08 14:16:13,68,70,13956,27091
2023-12-08 14:16:14,67,70,13956,27091
2023-12-08 14:16:15,68,70,13956,27091
2023-12-08 14:16:21,68,69,13956,27091
2023-12-08 14:16:21,68,70,13956,27091
2023-12-08 14:16:25,68,69,13956,27091
2023-12-08 14:16:26,66,69,13956,27091
2023-12-08 14:16:26,67,69,13956,27091
2023-12-08 14:16:28,66,69,13956,27091
2023-12-08 14:16:30,66,68,13956,27091
2023-12-08 14:16:30,65,68,13956,27091
2023-12-08 14:16:45,66,68,13956,27091
2023-12-08 14:16:54,65,68,13956,27091
2023-12-08 14:16:54,66,68,13956,27091
2023-12-08 14:16:55,66,67,13956,27091
2023-12-08 14:16:55,64,67,13956,27091
2023-12-08 14:16:55,65,67,13956,27091
2023-12-08 14:17:03,64,67,13956,27091
2023-12-08 14:17:08,64,67,13956,27241
2023-12-08 14:17:13,64,66,13956,27241
2023-12-08 14:17:16,65,66,13956,27241
2023-12-08 14:17:32,65,66,13957,27242
2023-12-08 14:17:48,64,66,13957,27242
2023-12-08 14:17:49,63,66,13957,27242
2023-12-08 14:18:06,64,66,13957,27242
2023-12-08 14:18:18,64,66,13958,27243
2023-12-08 14:18:21,63,66,13958,27243
2023-12-08 14:18:21,64,66,13958,27243
2023-12-08 14:18:40,65,66,13958,27243
2023-12-08 14:18:41,64,66,13958,27243
2023-12-08 14:18:41,65,66,13958,27243
2023-12-08 14:18:43,64,66,13958,27243
2023-12-08 14:18:43,63,66,13958,27243
2023-12-08 14:18:43,65,66,13958,27243
2023-12-08 14:18:47,66,67,13959,27244
2023-12-08 14:18:56,64,66,13959,27443
2023-12-08 14:19:11,63,66,13959,27443
2023-12-08 14:19:11,64,66,13959,27443
2023-12-08 14:19:16,64,65,13959,27443
2023-12-08 14:19:16,63,65,13959,27443
2023-12-08 14:19:16,61,65,13959,27443
2023-12-08 14:19:16,62,65,13959,27443
2023-12-08 14:19:17,62,64,13959,27443
2023-12-08 14:19:17,61,64,13959,27443
2023-12-08 14:19:17,61,65,13959,27443
2023-12-08 14:19:20,62,65,13959,27443
2023-12-08 14:19:27,62,66,13959,27563
2023-12-08 14:19:29,62,66,13960,27564
2023-12-08 14:19:29,62,65,13960,27564
2023-12-08 14:19:31,62,66,13960,27564
2023-12-08 14:19:32,62,65,13960,27564
2023-12-08 14:19:32,63,65,13960,27564
2023-12-08 14:19:33,63,66,13960,27564
2023-12-08 14:19:33,62,66,13960,27564
2023-12-08 14:19:33,63,66,13960,27564
2023-12-08 14:19:40,64,66,13960,27564
2023-12-08 14:19:41,63,66,13960,27564
2023-12-08 14:19:47,64,66,13960,27564
2023-12-08 14:20:19,64,67,13960,27564
2023-12-08 14:20:26,65,67,13960,27564
2023-12-08 14:20:41,66,67,13960,27564
2023-12-08 14:20:42,65,67,13960,27564
2023-12-08 14:20:43,66,67,13960,27564
2023-12-08 14:20:45,66,67,13985,27589
2023-12-08 14:21:05,65,67,13985,27589
2023-12-08 14:21:05,67,68,13986,27590
2023-12-08 14:21:14,66,68,13986,27590
2023-12-08 14:21:15,67,68,13986,27590
2023-12-08 14:21:17,67,70,13987,27592
2023-12-08 14:21:18,66,70,13987,27592
2023-12-08 14:21:19,67,70,13987,27592
2023-12-08 14:21:23,67,71,13987,27592
2023-12-08 14:21:26,68,71,13987,27592
2023-12-08 14:21:34,67,72,13987,27592
2023-12-08 14:21:34,67,71,13987,27592
2023-12-08 14:21:36,68,71,13987,27592
2023-12-08 14:21:39,68,72,13987,27592
2023-12-08 14:21:40,69,72,13987,27592
2023-12-08 14:21:42,69,71,13987,27592
2023-12-08 14:21:47,69,72,13987,27753
2023-12-08 14:21:47,69,71,13987,27753
2023-12-08 14:21:59,68,71,13987,27753
2023-12-08 14:22:00,67,71,13987,27753
2023-12-08 14:22:00,68,71,13987,27753
2023-12-08 14:22:05,67,71,13987,27753
2023-12-08 14:22:05,68,71,13987,27753
2023-12-08 14:22:06,67,71,13987,27753
2023-12-08 14:22:07,67,70,13987,27753
2023-12-08 14:22:10,67,71,13987,27753
2023-12-08 14:22:15,68,71,13987,27753
2023-12-08 14:22:16,68,70,13987,27753
2023-12-08 14:22:17,67,70,13987,27753
2023-12-08 14:22:21,66,70,13987,27753
2023-12-08 14:22:22,67,70,13987,27753
2023-12-08 14:22:30,66,70,13987,27753
2023-12-08 14:22:33,67,70,13987,27753
2023-12-08 14:22:34,67,69,13987,27753
2023-12-08 14:22:38,66,69,13987,27753
2023-12-08 14:22:40,65,69,13987,27753
2023-12-08 14:22:42,66,69,13987,27753
2023-12-08 14:22:49,65,69,13987,27753
2023-12-08 14:22:54,65,68,13987,27753
2023-12-08 14:22:56,66,68,13987,27753
2023-12-08 14:22:56,64,68,13987,27753
2023-12-08 14:22:57,64,67,13987,27753
2023-12-08 14:23:01,63,67,13987,27753
2023-12-08 14:23:05,63,66,13987,27753
2023-12-08 14:23:06,62,66,13987,27753
2023-12-08 14:23:15,62,65,13987,27753
2023-12-08 14:23:16,61,65,13987,27753
2023-12-08 14:23:19,62,65,13987,27753
2023-12-08 14:23:19,62,66,13987,27753
2023-12-08 14:23:28,62,65,13987,27753
2023-12-08 14:23:29,63,65,13987,27753
2023-12-08 14:23:30,62,65,13987,27753
2023-12-08 14:23:30,63,65,13987,27753
2023-12-08 14:23:33,61,65,13987,27753
2023-12-08 14:23:33,62,65,13987,27753
2023-12-08 14:23:35,61,65,13987,27753
2023-12-08 14:23:42,60,65,13987,27753
2023-12-08 14:23:42,60,63,13987,27753
2023-12-08 14:24:03,61,63,13987,27753
2023-12-08 14:24:08,60,63,13987,27753
2023-12-08 14:24:15,61,63,13987,27753
2023-12-08 14:24:16,60,63,13987,27753
2023-12-08 14:24:16,61,63,13987,27753
2023-12-08 14:24:18,60,63,13987,27753
2023-12-08 14:24:19,61,63,13987,27753
2023-12-08 14:24:29,61,64,13987,27753
2023-12-08 14:24:29,61,65,13987,27753
2023-12-08 14:24:30,61,66,13987,27753
2023-12-08 14:24:31,62,66,13987,27753
2023-12-08 14:24:43,62,66,13988,27754
2023-12-08 14:24:43,62,65,13988,27754
2023-12-08 14:24:44,61,65,13988,27754
2023-12-08 14:24:46,62,65,13988,27754
2023-12-08 14:24:46,62,64,13988,27754
2023-12-08 14:24:55,62,64,14153,28309
2023-12-08 14:24:55,63,64,14153,28309
2023-12-08 14:24:57,62,64,14394,28550
2023-12-08 14:25:01,62,65,14394,28550
2023-12-08 14:25:08,63,65,14394,28550
2023-12-08 14:25:11,63,66,14394,28550
2023-12-08 14:25:11,62,66,14394,28550
2023-12-08 14:25:13,63,66,14394,28550
2023-12-08 14:25:22,62,66,14394,28550
2023-12-08 14:25:23,62,67,14394,28550
2023-12-08 14:25:23,62,65,14394,28550
2023-12-08 14:25:27,63,65,14394,28550
2023-12-08 14:25:30,63,66,14394,28550
2023-12-08 14:25:33,64,66,14394,28550
2023-12-08 14:25:53,64,65,14394,28550
2023-12-08 14:25:55,64,66,14394,28550
2023-12-08 14:25:57,64,65,14394,28550
2023-12-08 14:25:58,64,66,14394,28550
2023-12-08 14:26:05,62,66,14394,28550
2023-12-08 14:26:06,63,66,14394,28550
2023-12-08 14:26:06,64,66,14394,28550
2023-12-08 14:26:06,63,66,14394,28550
2023-12-08 14:26:06,63,65,14394,28550
2023-12-08 14:26:08,63,66,14394,28550
2023-12-08 14:26:18,64,66,14394,28550
2023-12-08 14:26:19,63,66,14394,28550
2023-12-08 14:26:19,64,66,14394,28550
2023-12-08 14:26:20,63,66,14394,28550
2023-12-08 14:26:21,64,66,14394,28550
2023-12-08 14:26:21,63,66,14394,28550
2023-12-08 14:26:26,63,67,14394,28550
2023-12-08 14:26:26,63,68,14394,28550
2023-12-08 14:26:26,63,67,14394,28550
2023-12-08 14:26:27,63,68,14394,28550
2023-12-08 14:26:27,63,67,14394,28550
2023-12-08 14:26:27,63,66,14394,28550
2023-12-08 14:26:28,64,66,14394,28550
2023-12-08 14:26:57,63,66,14394,28550
2023-12-08 14:26:57,64,66,14394,28550
2023-12-08 14:26:57,65,66,14394,28550
2023-12-08 14:27:13,64,66,14394,28550
2023-12-08 14:27:13,63,66,14394,28550
2023-12-08 14:27:13,64,66,14394,28550
2023-12-08 14:27:13,65,66,14394,28550
2023-12-08 14:27:15,64,66,14394,28550
2023-12-08 14:27:28,65,66,14394,28550
2023-12-08 14:27:30,65,67,14394,28550
2023-12-08 14:27:33,64,67,14394,28550
2023-12-08 14:27:34,65,67,14394,28550
2023-12-08 14:27:35,64,67,14394,28550
2023-12-08 14:27:45,65,67,14394,28550
2023-12-08 14:28:29,65,66,14394,28550
2023-12-08 14:28:29,64,66,14394,28550
2023-12-08 14:28:30,63,66,14394,28550
2023-12-08 14:28:33,62,66,14394,28550
2023-12-08 14:28:35,62,65,14394,28550
2023-12-08 14:28:48,63,65,14394,28550
2023-12-08 14:29:08,62,65,14394,28550
2023-12-08 14:29:11,61,65,14394,28550
2023-12-08 14:29:11,61,64,14394,28550
2023-12-08 14:29:16,61,65,14394,28550
2023-12-08 14:29:17,62,65,14394,28550
2023-12-08 14:29:21,63,65,14394,28550
2023-12-08 14:29:21,62,65,14394,28550
2023-12-08 14:29:26,62,66,14394,28550
2023-12-08 14:29:27,62,65,14394,28550
2023-12-08 14:29:34,63,65,14394,28550
2023-12-08 14:29:43,63,65,14395,28551
2023-12-08 14:29:49,63,66,14396,28553
2023-12-08 14:29:51,62,66,14396,28553
2023-12-08 14:29:51,64,66,14396,28553
2023-12-08 14:29:57,64,65,14396,28553
2023-12-08 14:30:01,62,65,14396,28553
2023-12-08 14:30:02,61,65,14396,28553
2023-12-08 14:30:08,62,65,14396,28553
2023-12-08 14:30:08,62,66,14396,28553
2023-12-08 14:30:12,62,65,14396,28553
2023-12-08 14:30:12,61,65,14396,28553
2023-12-08 14:30:13,62,65,14396,28553
2023-12-08 14:30:25,62,65,14951,29108
2023-12-08 14:30:29,62,64,14951,29108
2023-12-08 14:30:31,61,64,14951,29108
2023-12-08 14:30:33,61,65,14951,29108
2023-12-08 14:30:34,61,64,14951,29108
2023-12-08 14:30:36,61,65,14951,29108
2023-12-08 14:30:37,61,64,14951,29108
2023-12-08 14:30:46,60,64,14951,29108
2023-12-08 14:30:49,60,63,14951,29108
2023-12-08 14:30:52,61,63,14951,29108
2023-12-08 14:30:54,60,63,14951,29108
2023-12-08 14:30:59,61,63,14951,29108
2023-12-08 14:31:02,61,64,14951,29108
2023-12-08 14:31:17,62,64,14951,29108
2023-12-08 14:31:30,63,64,14951,29108
2023-12-08 14:31:32,62,64,14951,29108
2023-12-08 14:31:34,63,64,14951,29108
2023-12-08 14:31:34,62,64,14951,29108
2023-12-08 14:31:35,63,64,14951,29108
2023-12-08 14:31:52,64,66,14953,29110
2023-12-08 14:32:00,64,66,14954,29111
2023-12-08 14:32:05,64,65,14954,29111
2023-12-08 14:32:07,62,65,14954,29111
2023-12-08 14:32:07,63,65,14954,29111
2023-12-08 14:32:12,63,66,14954,29111
2023-12-08 14:32:15,63,65,14954,29111
2023-12-08 14:32:18,62,65,14954,29111
2023-12-08 14:32:18,62,66,14954,29111
2023-12-08 14:32:18,63,65,14954,29111
2023-12-08 14:32:19,63,66,14954,29111
2023-12-08 14:32:22,62,65,14954,29111
2023-12-08 14:32:22,63,65,14954,29111
2023-12-08 14:32:23,62,65,14954,29111
2023-12-08 14:32:33,63,65,14954,29111
2023-12-08 14:32:33,63,66,14954,29111
2023-12-08 14:32:38,62,66,14954,29111
2023-12-08 14:32:39,62,65,14954,29111
2023-12-08 14:32:43,61,65,14954,29111
2023-12-08 14:32:44,61,64,14954,29111
2023-12-08 14:32:54,61,65,14954,29111
2023-12-08 14:32:55,62,65,14954,29111
2023-12-08 14:33:03,62,64,14954,29111
2023-12-08 14:33:04,62,65,14954,29111
2023-12-08 14:33:08,62,64,14954,29111
2023-12-08 14:33:14,61,64,14954,29111
2023-12-08 14:33:29,62,64,14954,29111
2023-12-08 14:33:31,62,65,14954,29111
2023-12-08 14:33:40,61,65,14954,29111
2023-12-08 14:33:40,62,65,14954,29111
2023-12-08 14:33:40,63,66,14954,29111
2023-12-08 14:33:42,63,67,14954,29111
2023-12-08 14:33:45,64,67,14954,29111
2023-12-08 14:33:57,64,66,14954,29111
2023-12-08 14:34:06,64,67,14954,29111
2023-12-08 14:34:06,64,66,14954,29111
2023-12-08 14:34:10,64,67,14954,29431
2023-12-08 14:34:10,64,66,14954,29431
2023-12-08 14:34:11,64,67,14954,29431
2023-12-08 14:34:11,64,66,14954,29431
2023-12-08 14:34:23,65,66,14954,29431
2023-12-08 14:34:27,64,66,14954,29431
2023-12-08 14:34:28,65,66,14954,29431
2023-12-08 14:34:28,64,66,14954,29431
2023-12-08 14:34:33,65,66,14954,29431
2023-12-08 14:34:36,65,68,14954,29431
2023-12-08 14:34:48,65,67,14954,29431
2023-12-08 14:34:56,66,67,14954,29431
2023-12-08 14:34:56,65,67,14954,29431
2023-12-08 14:34:57,66,67,14954,29431
2023-12-08 14:35:07,65,67,14954,29431
2023-12-08 14:35:08,66,67,14954,29431
2023-12-08 14:35:09,66,67,14955,29432
2023-12-08 14:35:25,65,67,14955,29432
2023-12-08 14:35:26,66,67,14955,29432
2023-12-08 14:35:32,67,69,14956,29433
2023-12-08 14:35:35,67,70,14956,29433
2023-12-08 14:35:38,66,70,14956,29433
2023-12-08 14:35:39,67,70,14956,29433
2023-12-08 14:35:39,66,70,14956,29433
2023-12-08 14:35:40,67,70,14956,29433
2023-12-08 14:35:43,66,70,14956,29433
2023-12-08 14:35:44,67,70,14956,29433
2023-12-08 14:35:52,67,69,14956,29433
2023-12-08 14:35:53,68,69,14956,29433
2023-12-08 14:35:54,68,71,14956,29433
2023-12-08 14:35:54,68,70,14956,29433
2023-12-08 14:35:55,67,70,14956,29433
2023-12-08 14:36:00,67,69,14956,29433
2023-12-08 14:36:01,67,70,14956,29433
2023-12-08 14:36:02,66,70,14956,29433
2023-12-08 14:36:03,66,69,14956,29433
2023-12-08 14:36:12,65,69,14956,29433
2023-12-08 14:36:14,65,68,14956,29433
2023-12-08 14:36:26,64,68,14956,29433
2023-12-08 14:36:26,64,67,14956,29433
2023-12-08 14:36:33,64,66,14956,29433
2023-12-08 14:36:34,64,67,14956,29433
2023-12-08 14:36:43,64,66,14956,29433
2023-12-08 14:36:59,63,66,14956,29433
2023-12-08 14:37:07,66,67,14956,29808
2023-12-08 14:37:13,66,67,14956,30008
2023-12-08 14:37:24,66,67,15056,30108
2023-12-08 14:37:25,66,67,15056,30608
2023-12-08 14:37:27,66,67,15056,31108
2023-12-08 14:37:29,63,67,15056,31433
2023-12-08 14:37:29,63,66,15056,31433
2023-12-08 14:37:29,63,65,15056,31433
2023-12-08 14:37:32,63,66,15056,31433
2023-12-08 14:37:32,63,65,15056,31433
2023-12-08 14:37:42,63,64,15056,31433
2023-12-08 14:37:42,63,65,15056,31433
2023-12-08 14:37:43,63,64,15056,31433
2023-12-08 14:37:46,62,64,15056,31433
2023-12-08 14:38:01,62,65,15056,31433
2023-12-08 14:38:01,62,64,15056,31433
2023-12-08 14:38:04,62,63,15056,31433
2023-12-08 14:38:04,62,64,15056,31433
2023-12-08 14:38:06,62,63,15056,31433
2023-12-08 14:38:12,62,64,15056,31433
2023-12-08 14:38:15,62,65,15056,31433
2023-12-08 14:38:15,62,64,15056,31433
2023-12-08 14:38:18,62,65,15056,31433
2023-12-08 14:38:19,63,65,15056,31433
2023-12-08 14:38:25,63,67,15056,31433
2023-12-08 14:38:25,63,66,15056,31433
2023-12-08 14:38:26,63,67,15056,31433
2023-12-08 14:38:34,63,66,15056,31433
2023-12-08 14:38:35,63,65,15056,31433
2023-12-08 14:38:40,63,66,15056,31433
2023-12-08 14:38:42,63,65,15056,31433
2023-12-08 14:38:59,64,65,15056,31433
2023-12-08 14:38:59,64,66,15056,31433
2023-12-08 14:39:01,63,66,15056,31433
2023-12-08 14:39:01,63,65,15056,31433
2023-12-08 14:39:11,63,66,15056,31433
2023-12-08 14:39:17,64,66,15056,31433
2023-12-08 14:39:22,64,65,15056,31433
2023-12-08 14:39:22,64,66,15056,31433
2023-12-08 14:39:26,64,65,15056,31433
2023-12-08 14:39:26,64,66,15056,31433
2023-12-08 14:39:26,64,65,15056,31433
2023-12-08 14:39:30,64,66,15056,31433
2023-12-08 14:39:31,64,68,15056,31433
2023-12-08 14:39:31,64,67,15056,31433
2023-12-08 14:39:33,65,67,15056,31433
2023-12-08 14:39:43,65,66,15056,31433
2023-12-08 14:39:48,64,66,15056,31433
2023-12-08 14:39:53,63,66,15056,31433
2023-12-08 14:39:54,63,67,15056,31433
2023-12-08 14:39:55,63,66,15056,31433
2023-12-08 14:39:57,63,67,15056,31433
2023-12-08 14:39:57,63,66,15056,31433
2023-12-08 14:40:00,63,65,15056,31433
2023-12-08 14:40:00,63,66,15056,31433
2023-12-08 14:40:04,63,65,15056,31433
2023-12-08 14:40:08,62,65,15056,31433
2023-12-08 14:40:09,62,66,15056,31433
2023-12-08 14:40:10,62,65,15056,31433
2023-12-08 14:40:10,62,66,15056,31433
2023-12-08 14:40:11,62,65,15056,31433
2023-12-08 14:40:12,62,66,15056,31433
2023-12-08 14:40:13,62,65,15056,31433
2023-12-08 14:40:13,62,66,15056,31433
2023-12-08 14:40:14,62,65,15056,31433
2023-12-08 14:40:25,62,64,15056,31433
2023-12-08 14:40:55,62,65,15056,31539
2023-12-08 14:40:55,62,64,15056,31539
2023-12-08 14:40:58,63,64,15056,31539
2023-12-08 14:40:58,63,66,15056,31539
2023-12-08 14:40:58,63,65,15056,31539
2023-12-08 14:41:03,62,65,15056,31539
2023-12-08 14:41:04,62,64,15056,31539
2023-12-08 14:41:20,61,64,15056,31539
2023-12-08 14:41:20,61,65,15056,31539
2023-12-08 14:41:20,61,64,15056,31539
2023-12-08 14:41:21,61,65,15056,31539
2023-12-08 14:41:21,61,64,15056,31539
2023-12-08 14:41:25,61,63,15056,31539
2023-12-08 14:41:28,61,64,15056,31539
2023-12-08 14:41:29,61,63,15056,31539
2023-12-08 14:41:30,61,65,15056,31539
2023-12-08 14:41:30,61,64,15056,31539
2023-12-08 14:41:30,61,63,15056,31539
2023-12-08 14:41:30,61,64,15056,31539
2023-12-08 14:41:35,62,64,15056,31539
2023-12-08 14:41:36,62,66,15056,31539
2023-12-08 14:41:48,62,65,15056,31539
2023-12-08 14:41:48,62,66,15056,31539
2023-12-08 14:41:49,62,65,15056,31539
2023-12-08 14:41:53,62,66,15056,31539
2023-12-08 14:41:53,62,64,15056,31539
2023-12-08 14:42:00,61,64,15056,31539
2023-12-08 14:42:08,61,65,15056,31539
2023-12-08 14:42:08,61,64,15056,31539
2023-12-08 14:42:11,62,64,15056,31539
2023-12-08 14:42:16,62,65,15056,31539
2023-12-08 14:42:16,61,65,15056,31539
2023-12-08 14:42:16,61,64,15056,31539
2023-12-08 14:42:16,62,64,15056,31539
2023-12-08 14:42:17,61,64,15056,31539
2023-12-08 14:42:17,61,63,15056,31539
2023-12-08 14:42:23,60,63,15056,31539
2023-12-08 14:42:25,60,64,15056,31539
2023-12-08 14:42:26,60,63,15056,31539
2023-12-08 14:42:28,60,64,15056,31539
2023-12-08 14:42:28,60,63,15056,31539
2023-12-08 14:42:30,60,64,15056,31539
2023-12-08 14:42:34,60,63,15056,31539
2023-12-08 14:42:47,60,62,15056,31539
2023-12-08 14:42:48,60,63,15056,31539
2023-12-08 14:42:48,60,62,15056,31539
2023-12-08 14:42:51,60,63,15056,31539
2023-12-08 14:42:53,60,62,15056,31539
2023-12-08 14:43:04,60,63,15056,31539
2023-12-08 14:43:08,61,63,15056,31539
2023-12-08 14:43:08,61,62,15056,31539
2023-12-08 14:43:08,61,62,15056,31579
2023-12-08 14:43:08,60,62,15056,31579
2023-12-08 14:43:11,60,63,15056,31579
2023-12-08 14:43:15,60,62,15056,31579
2023-12-08 14:43:18,59,62,15056,31579
2023-12-08 14:43:20,60,62,15056,31579
2023-12-08 14:43:21,59,62,15056,31579
2023-12-08 14:43:23,59,60,15056,31579
2023-12-08 14:43:23,60,62,15056,31580
2023-12-08 14:43:23,59,62,15056,31580
2023-12-08 14:43:23,59,63,15056,31580
2023-12-08 14:43:23,60,63,15056,31580
2023-12-08 14:43:25,60,62,15056,31580
2023-12-08 14:43:25,59,62,15056,31580
2023-12-08 14:43:26,60,62,15056,31580
2023-12-08 14:43:26,60,63,15056,31580
2023-12-08 14:43:27,59,63,15056,31580
2023-12-08 14:43:29,59,62,15056,31580
2023-12-08 14:43:30,59,63,15056,31580
2023-12-08 14:43:30,59,62,15056,31580
2023-12-08 14:43:37,59,62,15056,31581
2023-12-08 14:43:38,58,62,15056,31581
2023-12-08 14:43:38,58,61,15056,31581
2023-12-08 14:43:40,57,61,15056,31581
2023-12-08 14:43:40,56,61,15056,31581
2023-12-08 14:43:40,57,61,15056,31581
2023-12-08 14:43:41,57,60,15056,31581
2023-12-08 14:43:48,57,58,15056,31581
2023-12-08 14:43:48,56,58,15056,31581
2023-12-08 14:43:48,58,60,15056,31582
2023-12-08 14:43:48,56,60,15056,31582
2023-12-08 14:43:48,57,60,15056,31582
2023-12-08 14:43:55,56,60,15056,31582
2023-12-08 14:43:55,56,58,15056,31582
2023-12-08 14:43:55,55,58,15056,31582
2023-12-08 14:43:55,56,58,15056,31582
2023-12-08 14:43:58,55,58,15056,31582
2023-12-08 14:43:58,55,56,15056,31582
2023-12-08 14:44:08,54,55,15031,31607
2023-12-08 14:44:09,53,55,15031,31607
2023-12-08 14:44:09,52,55,15031,31607
2023-12-08 14:44:09,53,55,15031,31607
2023-12-08 14:44:19,52,55,15031,31607
2023-12-08 14:44:19,52,56,15031,31607
2023-12-08 14:44:19,54,56,15031,31607
2023-12-08 14:44:21,52,56,15031,31607
2023-12-08 14:44:21,52,55,15031,31607
2023-12-08 14:44:21,53,55,15031,31607
2023-12-08 14:44:22,53,57,15031,32007
2023-12-08 14:44:29,54,57,15031,32007
2023-12-08 14:44:31,55,57,15031,32007
2023-12-08 14:44:32,54,57,15031,32007
2023-12-08 14:44:43,55,57,15031,32007
2023-12-08 14:44:47,56,57,15031,32007
2023-12-08 14:44:50,56,57,15032,32008
2023-12-08 14:44:58,55,57,15032,32008
2023-12-08 14:45:00,54,57,15032,32008
2023-12-08 14:45:06,56,57,15032,32008
2023-12-08 14:45:09,57,59,15033,32009
2023-12-08 14:45:09,57,60,15033,32009
2023-12-08 14:45:11,57,61,15033,32009
2023-12-08 14:45:14,58,61,15033,32009
2023-12-08 14:45:15,57,61,15033,32009
2023-12-08 14:45:16,58,61,15033,32009
2023-12-08 14:45:20,58,62,15033,32009
2023-12-08 14:45:26,60,62,15033,32009
2023-12-08 14:45:29,60,62,15034,32010
2023-12-08 14:45:29,58,62,15034,32010
2023-12-08 14:45:44,59,62,15034,32010
2023-12-08 14:45:48,58,62,15034,32010
2023-12-08 14:45:48,59,62,15034,32010
2023-12-08 14:45:57,60,62,15034,32010
2023-12-08 14:45:58,59,62,15034,32010
2023-12-08 14:45:58,60,62,15034,32010
2023-12-08 14:45:59,59,62,15034,32010
2023-12-08 14:46:00,60,62,15034,32010
2023-12-08 14:46:02,60,63,15034,32010
2023-12-08 14:46:07,59,63,15034,32010
2023-12-08 14:46:07,59,62,15034,32010
2023-12-08 14:46:12,59,63,15034,32010
2023-12-08 14:46:12,60,63,15034,32010
2023-12-08 14:46:17,59,63,15034,32010
2023-12-08 14:46:20,59,62,15034,32010
2023-12-08 14:46:26,58,62,15034,32010
2023-12-08 14:46:28,58,63,15034,32010
2023-12-08 14:46:34,58,62,15034,32010
2023-12-08 14:46:35,57,62,15034,32010
2023-12-08 14:46:39,57,61,15034,32010
2023-12-08 14:46:42,56,61,15034,32010
2023-12-08 14:46:46,56,59,15034,32010
2023-12-08 14:46:46,55,59,15034,32010
2023-12-08 14:46:46,55,59,15034,32010
2023-12-08 14:46:57,54,59,15034,32010
2023-12-08 14:46:57,53,59,15034,32010
2023-12-08 14:46:57,53,58,15034,32010
2023-12-08 14:46:57,54,58,15034,32010
2023-12-08 14:46:58,53,58,15034,32010
2023-12-08 14:46:58,55,58,15034,32010
2023-12-08 14:46:59,53,58,15034,32010
2023-12-08 14:46:59,54,58,15034,32010
2023-12-08 14:47:03,55,58,15034,32010
2023-12-08 14:47:04,55,59,15034,32010
2023-12-08 14:47:07,55,58,15034,32010
2023-12-08 14:47:08,55,57,15034,32010
2023-12-08 14:47:08,55,58,15034,32010
2023-12-08 14:47:12,55,57,15034,32010
2023-12-08 14:47:13,55,58,15034,32010
2023-12-08 14:47:15,54,58,15034,32010
2023-12-08 14:47:15,54,56,15034,32010
2023-12-08 14:47:15,55,56,15034,32010
2023-12-08 14:47:15,53,56,15034,32010
2023-12-08 14:47:28,52,56,15034,32010
2023-12-08 14:47:28,52,54,15034,32010
2023-12-08 14:47:28,50,54,15034,32010
2023-12-08 14:47:28,52,54,15034,32010
2023-12-08 14:47:42,51,54,15034,32010
2023-12-08 14:47:42,50,54,15034,32010
2023-12-08 14:47:42,51,54,15034,32010
2023-12-08 14:47:59,51,53,15034,32010
2023-12-08 14:48:14,51,54,15034,32010
2023-12-08 14:48:17,51,53,15034,32010
2023-12-08 14:48:22,51,54,15034,32010
2023-12-08 14:48:24,51,53,15034,32010
2023-12-08 14:48:25,51,54,15034,32010
2023-12-08 14:48:26,51,53,15034,32010
2023-12-08 14:48:27,50,53,15034,32010
2023-12-08 14:48:43,50,52,15034,32010
2023-12-08 14:48:48,50,54,15034,32010
2023-12-08 14:48:48,50,53,15034,32010
2023-12-08 14:48:49,50,52,15034,32010
2023-12-08 14:48:50,50,54,15034,32010
2023-12-08 14:48:50,50,53,15034,32010
2023-12-08 14:48:50,50,54,15034,32010
2023-12-08 14:48:50,50,53,15034,32010
2023-12-08 14:48:50,50,52,15034,32010
2023-12-08 14:48:51,50,53,15034,32010
2023-12-08 14:49:03,50,52,15034,32010
2023-12-08 14:49:06,51,52,15034,32010
2023-12-08 14:49:06,51,53,15034,32010
2023-12-08 14:49:09,51,52,15034,32010
2023-12-08 14:49:10,51,53,15034,32010
2023-12-08 14:49:10,51,52,15034,32010
2023-12-08 14:49:11,50,52,15034,32010
2023-12-08 14:49:16,50,53,15034,32010
2023-12-08 14:49:18,50,52,15034,32010
2023-12-08 14:49:19,50,53,15034,32010
2023-12-08 14:49:28,50,52,15034,32010
2023-12-08 14:49:39,50,53,15034,32010
2023-12-08 14:49:44,50,52,15034,32010
2023-12-08 14:49:45,50,53,15034,32010
2023-12-08 14:49:46,50,52,15034,32010
2023-12-08 14:49:49,50,51,15034,32010
2023-12-08 14:50:01,50,52,15034,32010
2023-12-08 14:50:03,50,51,15034,32010
2023-12-08 14:50:05,50,52,15034,32010
2023-12-08 14:50:06,50,51,15034,32010
2023-12-08 14:50:19,50,52,15034,32010
2023-12-08 14:50:21,50,53,15034,32010
2023-12-08 14:50:25,50,54,15034,32010
2023-12-08 14:50:26,51,54,15034,32010
2023-12-08 14:50:28,51,56,15034,32010
2023-12-08 14:50:31,50,56,15034,32010
2023-12-08 14:50:31,52,56,15034,32010
2023-12-08 14:50:33,51,56,15034,32010
2023-12-08 14:50:33,50,56,15034,32010
2023-12-08 14:50:33,50,54,15034,32010
2023-12-08 14:50:33,51,54,15034,32010
2023-12-08 14:50:49,50,54,15034,32010
2023-12-08 14:50:50,50,53,15034,32010
2023-12-08 14:50:50,51,53,15034,32010
2023-12-08 14:50:50,50,53,15034,32010
2023-12-08 14:50:56,50,51,15034,32010
2023-12-08 14:50:57,48,51,15009,32035
2023-12-08 14:50:58,48,50,15009,32035
2023-12-08 14:51:00,46,50,15009,32035
2023-12-08 14:51:00,47,50,15009,32035
2023-12-08 14:51:01,46,50,15009,32035
2023-12-08 14:51:01,47,50,15009,32035
2023-12-08 14:51:01,48,51,15009,32035
2023-12-08 14:51:21,49,51,15009,32035
2023-12-08 14:51:25,49,52,15009,32035
2023-12-08 14:51:29,48,52,15009,32035
2023-12-08 14:51:29,48,51,15009,32035
2023-12-08 14:51:34,49,51,15009,32035
2023-12-08 14:51:35,49,52,15009,32035
2023-12-08 14:51:38,49,51,15009,32035
2023-12-08 14:51:39,49,52,15009,32035
2023-12-08 14:51:40,49,51,15009,32035
2023-12-08 14:51:41,49,52,15009,32035
2023-12-08 14:51:43,49,51,15009,32035
2023-12-08 14:51:44,49,52,15009,32035
2023-12-08 14:51:48,49,51,15009,32035
2023-12-08 14:51:50,49,52,15009,32035
2023-12-08 14:51:52,50,52,15009,32035
2023-12-08 14:51:57,49,52,15009,32035
2023-12-08 14:51:57,48,52,15009,32035
2023-12-08 14:51:57,49,52,15009,32035
2023-12-08 14:52:00,48,52,15009,32035
2023-12-08 14:52:00,49,52,15009,32035
2023-12-08 14:52:00,50,52,15009,32035
2023-12-08 14:52:22,49,52,15009,32035
2023-12-08 14:52:24,48,52,15009,32035
2023-12-08 14:52:24,47,52,15009,32035
2023-12-08 14:52:24,48,52,15009,32035
2023-12-08 14:52:38,48,50,15009,32035
2023-12-08 14:52:42,47,50,15009,32035
2023-12-08 14:52:42,46,50,15009,32035
2023-12-08 14:52:42,47,50,15009,32035
2023-12-08 14:52:47,47,49,15009,32035
2023-12-08 14:52:54,47,50,15009,32035
2023-12-08 14:52:58,47,49,15009,32035
2023-12-08 14:52:59,47,50,15009,32035
2023-12-08 14:53:08,48,50,15009,32035
2023-12-08 14:53:13,48,52,15009,32035
2023-12-08 14:53:13,49,52,15009,32035
2023-12-08 14:53:13,50,52,15009,32035
2023-12-08 14:53:14,51,52,15009,32035
2023-12-08 14:53:15,52,55,15009,32036
2023-12-08 14:53:15,51,55,15009,32036
2023-12-08 14:53:17,51,56,15009,32036
2023-12-08 14:53:17,52,56,15009,32036
2023-12-08 14:53:19,51,56,15009,32036
2023-12-08 14:53:19,51,55,15009,32036
2023-12-08 14:53:26,50,55,15009,32036
2023-12-08 14:53:26,50,54,15009,32036
2023-12-08 14:53:30,50,55,15009,32036
2023-12-08 14:53:30,51,55,15009,32036
2023-12-08 14:53:32,50,55,15009,32036
2023-12-08 14:53:32,50,54,15009,32036
2023-12-08 14:53:35,50,55,15009,32036
2023-12-08 14:53:36,51,55,15009,32036
2023-12-08 14:53:41,52,55,15009,32036
2023-12-08 14:53:43,52,56,15009,32036
2023-12-08 14:53:51,51,56,15009,32036
2023-12-08 14:53:51,51,55,15009,32036
2023-12-08 14:53:51,51,55,15009,32036
2023-12-08 14:53:58,52,55,15009,32036
2023-12-08 14:53:59,51,55,15009,32036
2023-12-08 14:54:06,52,55,15009,32036
2023-12-08 14:54:08,51,55,15009,32036
2023-12-08 14:54:08,52,55,15009,32036
2023-12-08 14:54:11,52,54,15009,32036
2023-12-08 14:54:11,51,54,15009,32036
2023-12-08 14:54:11,50,54,15009,32036
2023-12-08 14:54:13,51,54,15009,32036
2023-12-08 14:54:15,50,54,15009,32036
2023-12-08 14:54:35,51,54,15009,32036
2023-12-08 14:54:41,51,55,15009,32036
2023-12-08 14:54:42,51,54,15009,32036
2023-12-08 14:54:51,51,55,15009,32036
2023-12-08 14:54:56,52,55,15009,32036
2023-12-08 14:55:01,52,57,15009,32036
2023-12-08 14:55:01,52,56,15009,32036
2023-12-08 14:55:01,52,57,15009,32036
2023-12-08 14:55:02,51,57,15009,32036
2023-12-08 14:55:02,52,57,15009,32036
2023-12-08 14:55:02,53,57,15009,32036
2023-12-08 14:55:03,52,57,15009,32036
2023-12-08 14:55:08,53,57,15009,32036
2023-12-08 14:55:20,53,58,15009,32036
2023-12-08 14:55:23,52,58,15009,32036
2023-12-08 14:55:23,53,58,15009,32036
2023-12-08 14:55:23,54,58,15009,32036
2023-12-08 14:55:27,54,59,15009,32036
2023-12-08 14:55:28,54,58,15009,32036
2023-12-08 14:55:42,55,58,15009,32036
2023-12-08 14:55:43,54,58,15009,32036
2023-12-08 14:55:44,55,58,15009,32036
2023-12-08 14:55:44,54,58,15009,32036
2023-12-08 14:55:44,54,57,15009,32036
2023-12-08 14:55:44,53,57,15009,32036
2023-12-08 14:55:57,53,55,15009,32036
2023-12-08 14:55:57,52,55,15009,32036
2023-12-08 14:55:57,51,55,15009,32036
2023-12-08 14:55:57,52,55,15009,32036
2023-12-08 14:56:02,51,55,15009,32036
2023-12-08 14:56:02,52,55,15009,32036
2023-12-08 14:56:02,53,55,15009,32036
2023-12-08 14:56:05,53,57,15009,32036
2023-12-08 14:56:13,52,57,15009,32036
2023-12-08 14:56:13,52,58,15009,32036
2023-12-08 14:56:13,54,58,15009,32036
2023-12-08 14:56:15,53,58,15009,32036
2023-12-08 14:56:15,54,58,15009,32036
2023-12-08 14:56:15,55,58,15009,32036
2023-12-08 14:56:16,55,59,15009,32036
2023-12-08 14:56:17,54,59,15009,32036
2023-12-08 14:56:17,56,59,15009,32036
2023-12-08 14:56:22,55,59,15009,32036
2023-12-08 14:56:22,54,59,15009,32036
2023-12-08 14:56:22,55,59,15009,32036
2023-12-08 14:56:26,54,59,15009,32036
2023-12-08 14:56:26,56,59,15009,32036
2023-12-08 14:56:34,57,59,15009,32036
2023-12-08 14:56:38,57,61,15009,32036
2023-12-08 14:56:38,57,60,15009,32036
2023-12-08 14:56:41,57,61,15009,32036
2023-12-08 14:56:48,56,61,15009,32036
2023-12-08 14:56:48,58,61,15009,32036
2023-12-08 14:56:49,58,62,15009,32036
2023-12-08 14:56:52,59,62,15009,32036
2023-12-08 14:56:54,59,64,15009,32036
2023-12-08 14:56:59,59,63,15009,32036
2023-12-08 14:57:00,58,63,15009,32036
2023-12-08 14:57:00,58,62,15009,32036
2023-12-08 14:57:00,58,62,15009,32036
2023-12-08 14:57:17,59,62,15009,32036
2023-12-08 14:57:31,58,62,15009,32036
2023-12-08 14:57:31,58,61,15009,32036
2023-12-08 14:57:31,59,61,15009,32036
2023-12-08 14:57:32,59,62,15009,32036
2023-12-08 14:57:33,58,61,15009,32036
2023-12-08 14:57:35,57,61,15009,32036
2023-12-08 14:57:50,57,60,15009,32036
