datetime,bid,ask,open_interest,volume
2023-09-13 09:30:59,17,32,610,635
2023-09-13 09:30:59,17,21,610,635
2023-09-13 09:31:00,18,21,610,635
2023-09-13 09:31:00,19,21,610,635
2023-09-13 09:31:03,20,21,610,635
2023-09-13 09:31:06,19,21,610,635
2023-09-13 09:31:07,18,21,610,635
2023-09-13 09:31:07,19,21,610,635
2023-09-13 09:31:08,19,20,610,635
2023-09-13 09:31:08,18,20,610,635
2023-09-13 09:31:09,17,20,610,635
2023-09-13 09:31:18,17,20,610,635
2023-09-13 09:31:18,17,19,610,635
2023-09-13 09:31:32,17,20,610,635
2023-09-13 09:31:32,17,18,610,635
2023-09-13 09:31:38,17,19,610,635
2023-09-13 09:31:38,17,18,610,635
2023-09-13 09:31:39,16,18,610,635
2023-09-13 09:31:46,16,17,610,635
2023-09-13 09:31:59,16,18,610,635
2023-09-13 09:31:59,16,18,910,935
2023-09-13 09:32:00,16,17,910,935
2023-09-13 09:32:04,15,17,910,935
2023-09-13 09:32:06,15,16,910,935
2023-09-13 09:32:19,15,16,970,995
2023-09-13 09:32:20,14,16,970,995
2023-09-13 09:32:39,14,16,970,1005
2023-09-13 09:33:05,14,15,970,1005
2023-09-13 09:33:13,14,16,970,1005
2023-09-13 09:33:23,14,17,970,1005
2023-09-13 09:33:24,14,16,970,1005
2023-09-13 09:33:27,14,17,970,1005
2023-09-13 09:33:30,15,17,970,1005
2023-09-13 09:33:35,16,17,970,1005
2023-09-13 09:33:36,16,18,970,1005
2023-09-13 09:33:39,15,18,970,1005
2023-09-13 09:33:46,15,18,970,1005
2023-09-13 09:33:46,17,18,970,1005
2023-09-13 09:34:02,16,18,970,1155
2023-09-13 09:34:16,17,18,970,1155
2023-09-13 09:34:24,17,19,970,1155
2023-09-13 09:34:35,16,19,970,1155
2023-09-13 09:34:35,16,18,970,1155
2023-09-13 09:34:42,16,17,970,1155
2023-09-13 09:34:48,15,17,970,1155
2023-09-13 09:35:02,15,16,970,1155
2023-09-13 09:35:12,14,16,970,1155
2023-09-13 09:35:40,15,16,970,1155
2023-09-13 09:35:40,15,17,970,1155
2023-09-13 09:35:40,15,16,970,1155
2023-09-13 09:35:41,14,16,970,1155
2023-09-13 09:35:42,15,16,970,1155
2023-09-13 09:35:46,14,16,970,1155
2023-09-13 09:35:55,14,15,970,1155
2023-09-13 09:36:02,13,15,970,1155
2023-09-13 09:36:26,13,16,970,1155
2023-09-13 09:36:26,13,15,970,1155
2023-09-13 09:36:31,14,15,970,1155
2023-09-13 09:36:33,14,16,970,1155
2023-09-13 09:36:35,13,16,970,1155
2023-09-13 09:36:35,13,15,970,1155
2023-09-13 09:36:38,13,15,1020,1205
2023-09-13 09:36:40,14,15,1020,1205
2023-09-13 09:36:42,13,15,1020,1205
2023-09-13 09:37:06,14,15,1020,1205
2023-09-13 09:37:07,13,15,1020,1205
2023-09-13 09:38:01,13,16,1020,1205
2023-09-13 09:38:01,13,15,1020,1205
2023-09-13 09:38:02,14,15,1020,1205
2023-09-13 09:38:08,14,16,1020,1205
2023-09-13 09:38:25,15,16,1020,1205
2023-09-13 09:38:30,14,16,1020,1205
2023-09-13 09:38:44,14,17,1020,1205
2023-09-13 09:38:45,15,17,1020,1205
2023-09-13 09:39:15,14,17,1020,1205
2023-09-13 09:39:16,14,16,1020,1205
2023-09-13 09:39:21,15,16,1020,1205
2023-09-13 09:39:28,15,17,1020,1205
2023-09-13 09:39:33,14,17,1020,1205
2023-09-13 09:39:42,14,17,1042,1227
2023-09-13 09:39:43,14,16,1042,1227
2023-09-13 09:39:45,14,15,1042,1227
2023-09-13 09:39:47,13,15,1042,1227
2023-09-13 09:40:00,14,15,1042,1227
2023-09-13 09:40:12,13,15,1042,1227
2023-09-13 09:40:15,14,15,1042,1227
2023-09-13 09:40:16,13,15,1042,1227
2023-09-13 09:40:17,14,15,1042,1227
2023-09-13 09:40:20,13,15,1042,1227
2023-09-13 09:40:27,13,14,1042,1227
2023-09-13 09:40:57,13,15,1042,1227
2023-09-13 09:40:59,14,15,1042,1227
2023-09-13 09:41:09,14,16,1042,1227
2023-09-13 09:41:19,14,15,1042,1227
2023-09-13 09:41:21,13,15,1042,1227
2023-09-13 09:41:22,14,15,1042,1227
2023-09-13 09:41:24,13,15,1042,1227
2023-09-13 09:41:26,13,14,1042,1227
2023-09-13 09:42:16,13,15,1042,1227
2023-09-13 09:42:19,13,14,1042,1227
2023-09-13 09:42:32,13,15,1042,1227
2023-09-13 09:42:40,14,15,1042,1227
2023-09-13 09:42:43,13,15,1042,1227
2023-09-13 09:42:52,13,14,1042,1227
2023-09-13 09:43:01,13,15,1042,1227
2023-09-13 09:43:04,14,15,1042,1227
2023-09-13 09:43:06,14,15,1220,1427
2023-09-13 09:43:06,14,17,1220,1427
2023-09-13 09:43:06,14,16,1220,1427
2023-09-13 09:43:10,15,16,1220,1427
2023-09-13 09:43:11,15,18,1220,1427
2023-09-13 09:43:11,15,17,1220,1427
2023-09-13 09:43:12,16,17,1220,1427
2023-09-13 09:43:13,16,18,1220,1427
2023-09-13 09:43:13,16,17,1220,1427
2023-09-13 09:43:16,16,18,1220,1427
2023-09-13 09:43:17,17,18,1220,1427
2023-09-13 09:43:21,17,19,1220,1427
2023-09-13 09:43:23,18,19,1220,1427
2023-09-13 09:43:30,17,19,1220,1427
2023-09-13 09:43:33,17,18,1220,1427
2023-09-13 09:43:35,16,18,1220,1427
2023-09-13 09:43:35,17,18,1220,1427
2023-09-13 09:43:40,16,18,1220,1427
2023-09-13 09:43:45,17,18,1220,1427
2023-09-13 09:43:48,16,18,1220,1427
2023-09-13 09:44:03,16,17,1220,1427
2023-09-13 09:44:06,15,17,1220,1427
2023-09-13 09:44:06,15,18,1220,1427
2023-09-13 09:44:06,15,17,1220,1427
2023-09-13 09:44:10,16,17,1220,1427
2023-09-13 09:44:13,16,19,1220,1427
2023-09-13 09:44:13,16,18,1220,1427
2023-09-13 09:44:15,15,18,1220,1427
2023-09-13 09:44:17,15,17,1220,1427
2023-09-13 09:44:26,15,16,1220,1427
2023-09-13 09:44:45,14,16,1220,1427
2023-09-13 09:45:01,14,17,1220,1427
2023-09-13 09:45:01,14,16,1220,1427
2023-09-13 09:45:07,15,16,1220,1427
2023-09-13 09:45:08,15,17,1220,1427
2023-09-13 09:45:08,15,16,1220,1427
2023-09-13 09:45:10,14,16,1220,1427
2023-09-13 09:45:23,15,16,1220,1427
2023-09-13 09:45:29,14,16,1220,1427
2023-09-13 09:45:30,15,16,1220,1427
2023-09-13 09:45:31,15,16,1245,1452
2023-09-13 09:45:43,14,16,1245,1452
2023-09-13 09:45:50,15,16,1245,1452
2023-09-13 09:45:55,14,16,1245,1452
2023-09-13 09:46:06,14,17,1245,1452
2023-09-13 09:46:06,14,16,1245,1452
2023-09-13 09:46:37,14,16,1250,1457
2023-09-13 09:46:47,14,16,1260,1467
2023-09-13 09:46:55,14,17,1260,1467
2023-09-13 09:46:55,14,16,1260,1467
2023-09-13 09:46:57,15,16,1260,1467
2023-09-13 09:46:57,15,18,1260,1467
2023-09-13 09:46:57,15,17,1260,1467
2023-09-13 09:46:58,16,17,1260,1467
2023-09-13 09:46:59,16,19,1260,1467
2023-09-13 09:46:59,16,18,1260,1467
2023-09-13 09:47:02,16,17,1260,1467
2023-09-13 09:47:04,15,17,1260,1467
2023-09-13 09:47:13,16,17,1260,1467
2023-09-13 09:47:16,16,19,1260,1467
2023-09-13 09:47:16,16,18,1260,1467
2023-09-13 09:47:35,15,18,1260,1467
2023-09-13 09:47:36,15,17,1260,1467
2023-09-13 09:47:39,15,16,1260,1467
2023-09-13 09:47:47,15,16,1860,2067
2023-09-13 09:47:53,15,16,1860,2267
2023-09-13 09:47:54,13,16,2060,2467
2023-09-13 09:48:09,13,15,2060,2467
2023-09-13 09:48:17,13,16,2060,2467
2023-09-13 09:48:23,13,15,2060,2467
2023-09-13 09:48:24,13,16,2060,2467
2023-09-13 09:48:25,13,15,2060,2467
2023-09-13 09:48:34,13,16,2060,2467
2023-09-13 09:48:49,13,15,2060,2467
2023-09-13 09:48:54,13,16,2060,2467
2023-09-13 09:48:59,13,15,2060,2467
2023-09-13 09:49:22,13,16,2060,2467
2023-09-13 09:49:23,14,16,2060,2467
2023-09-13 09:49:50,13,16,2060,2467
2023-09-13 09:49:51,13,15,2060,2467
2023-09-13 09:50:34,13,16,2060,2467
2023-09-13 09:50:35,14,16,2060,2467
2023-09-13 09:50:42,14,17,2060,2467
2023-09-13 09:50:49,15,17,2060,2467
2023-09-13 09:50:52,15,18,2060,2467
2023-09-13 09:50:55,16,18,2060,2467
2023-09-13 09:51:00,17,18,2060,2467
2023-09-13 09:51:00,17,19,2060,2467
2023-09-13 09:51:12,18,19,2060,2467
2023-09-13 09:51:16,17,19,2060,2467
2023-09-13 09:51:22,17,18,2060,2467
2023-09-13 09:51:28,18,19,2160,2567
2023-09-13 09:51:29,17,19,2160,2567
2023-09-13 09:51:46,18,19,2160,2567
2023-09-13 09:51:53,18,20,2160,2567
2023-09-13 09:52:10,17,20,2160,2567
2023-09-13 09:52:10,17,19,2160,2567
2023-09-13 09:52:15,17,18,2160,2567
2023-09-13 09:52:19,17,20,2160,2567
2023-09-13 09:52:19,17,19,2160,2567
2023-09-13 09:52:43,18,19,2160,2567
2023-09-13 09:52:43,18,20,2160,2567
2023-09-13 09:53:02,19,20,2160,2567
2023-09-13 09:53:02,19,21,2160,2567
2023-09-13 09:53:02,19,20,2160,2567
2023-09-13 09:53:04,20,22,2260,2667
2023-09-13 09:53:04,20,21,2260,2667
2023-09-13 09:53:10,19,21,2260,2667
2023-09-13 09:53:18,20,21,2260,2667
2023-09-13 09:53:19,19,21,2260,2667
2023-09-13 09:53:22,19,20,2260,2667
2023-09-13 09:53:26,18,20,2260,2667
2023-09-13 09:53:34,17,20,2260,2667
2023-09-13 09:53:40,17,19,2260,2667
2023-09-13 09:54:07,18,19,2260,2667
2023-09-13 09:54:07,18,20,2260,2667
2023-09-13 09:54:44,19,20,2260,2667
2023-09-13 09:54:44,19,21,2260,2667
2023-09-13 09:54:50,18,21,2260,2667
2023-09-13 09:54:51,18,20,2260,2667
2023-09-13 09:54:55,17,20,2260,2667
2023-09-13 09:54:56,18,20,2260,2667
2023-09-13 09:55:20,19,20,2260,2667
2023-09-13 09:55:22,19,21,2260,2667
2023-09-13 09:55:30,19,22,2260,2667
2023-09-13 09:55:30,19,21,2260,2667
2023-09-13 09:55:33,20,21,2260,2667
2023-09-13 09:55:36,20,22,2260,2667
2023-09-13 09:55:37,21,22,2260,2667
2023-09-13 09:55:41,20,22,2260,2667
2023-09-13 09:55:44,20,21,2260,2667
2023-09-13 09:55:46,20,21,2264,2671
2023-09-13 09:56:16,19,21,2264,2671
2023-09-13 09:56:19,18,21,2264,2671
2023-09-13 09:56:20,18,20,2264,2671
2023-09-13 09:56:21,19,20,2264,2671
2023-09-13 09:56:22,18,20,2264,2671
2023-09-13 09:56:23,19,20,2264,2671
2023-09-13 09:56:24,18,20,2264,2671
2023-09-13 09:56:29,18,19,2264,2671
2023-09-13 09:56:41,17,19,2264,2671
2023-09-13 09:56:41,17,20,2264,2671
2023-09-13 09:56:41,17,18,2264,2671
2023-09-13 09:56:48,16,18,2264,2671
2023-09-13 09:56:48,16,17,2264,2671
2023-09-13 09:57:01,15,17,2264,2671
2023-09-13 09:57:01,15,16,2264,2671
2023-09-13 09:57:04,15,17,2264,2671
2023-09-13 09:57:27,15,18,2264,2671
2023-09-13 09:57:27,15,17,2264,2671
2023-09-13 09:57:40,15,16,2264,2671
2023-09-13 09:57:46,15,17,2264,2671
2023-09-13 09:57:46,15,16,2264,2671
2023-09-13 09:57:49,14,16,2264,2671
2023-09-13 09:57:55,14,15,2264,2671
2023-09-13 09:58:59,13,15,2264,2671
2023-09-13 09:59:04,13,14,2264,2671
2023-09-13 09:59:13,12,14,2264,2671
2023-09-13 09:59:45,12,13,2264,2671
2023-09-13 10:00:20,12,14,2264,2671
2023-09-13 10:00:22,13,14,2264,2671
2023-09-13 10:00:24,13,15,2264,2671
2023-09-13 10:00:27,13,14,2264,2671
2023-09-13 10:00:28,12,14,2264,2671
2023-09-13 10:00:51,13,14,2264,2671
2023-09-13 10:00:51,13,15,2264,2671
2023-09-13 10:01:01,13,16,2264,2671
2023-09-13 10:01:04,14,16,2264,2671
2023-09-13 10:01:07,13,16,2264,2671
2023-09-13 10:01:13,13,15,2264,2671
2023-09-13 10:01:20,12,15,2264,2671
2023-09-13 10:01:28,13,15,2264,2671
2023-09-13 10:01:32,13,16,2264,2671
2023-09-13 10:01:47,14,16,2264,2671
2023-09-13 10:01:56,14,15,2264,2671
2023-09-13 10:02:12,14,16,2264,2671
2023-09-13 10:02:23,14,15,2264,2671
2023-09-13 10:02:25,13,15,2264,2671
2023-09-13 10:02:51,14,15,2264,2671
2023-09-13 10:02:51,14,15,2264,2731
2023-09-13 10:02:51,14,16,2264,2731
2023-09-13 10:03:05,15,16,2264,2731
2023-09-13 10:03:23,15,16,2444,2911
2023-09-13 10:03:26,15,16,2684,3151
2023-09-13 10:03:30,15,16,2884,3351
2023-09-13 10:03:31,15,16,3084,3551
2023-09-13 10:03:34,16,18,3264,3731
2023-09-13 10:03:51,17,18,3264,3731
2023-09-13 10:03:51,17,19,3264,3731
2023-09-13 10:04:02,17,18,3264,3731
2023-09-13 10:04:03,17,19,3264,3731
2023-09-13 10:04:34,17,20,3264,3731
2023-09-13 10:04:34,18,20,3264,3731
2023-09-13 10:04:39,18,21,3264,3731
2023-09-13 10:05:00,19,21,3264,3731
2023-09-13 10:05:00,20,21,3264,3731
2023-09-13 10:05:01,20,22,3264,3731
2023-09-13 10:05:07,21,22,3264,3731
2023-09-13 10:05:08,21,23,3264,3731
2023-09-13 10:05:13,21,24,3264,3731
2023-09-13 10:05:13,22,24,3264,3731
2023-09-13 10:05:17,22,23,3264,3731
2023-09-13 10:05:24,22,24,3264,3731
2023-09-13 10:05:26,22,23,3264,3731
2023-09-13 10:05:31,22,24,3264,3731
2023-09-13 10:05:33,23,24,3264,3731
2023-09-13 10:05:36,23,25,3273,3940
2023-09-13 10:05:38,23,24,3273,3940
2023-09-13 10:05:42,22,24,3273,3940
2023-09-13 10:05:53,23,24,3273,3940
2023-09-13 10:05:56,22,24,3273,3940
2023-09-13 10:05:57,23,24,3273,3940
2023-09-13 10:05:58,22,24,3273,3940
2023-09-13 10:06:02,23,24,3273,3940
2023-09-13 10:06:03,23,25,3273,3940
2023-09-13 10:06:06,23,24,3273,3940
2023-09-13 10:06:07,23,24,3523,4190
2023-09-13 10:06:07,23,25,3544,4211
2023-09-13 10:06:08,23,24,3544,4211
2023-09-13 10:06:13,23,25,3749,4416
2023-09-13 10:06:14,23,24,3749,4416
2023-09-13 10:06:16,23,25,3749,4416
2023-09-13 10:06:19,23,26,3749,4416
2023-09-13 10:06:21,24,26,3749,4416
2023-09-13 10:06:23,24,25,3749,4416
2023-09-13 10:06:24,24,25,3999,4666
2023-09-13 10:06:42,24,26,3999,4666
2023-09-13 10:06:43,24,25,3999,4666
2023-09-13 10:06:49,24,26,3999,4666
2023-09-13 10:06:50,25,26,3999,4666
2023-09-13 10:06:51,25,27,3999,4666
2023-09-13 10:06:52,25,26,3999,4666
2023-09-13 10:06:57,25,27,3999,4666
2023-09-13 10:06:58,25,26,3999,4666
2023-09-13 10:07:01,25,27,3999,4666
2023-09-13 10:07:10,25,26,3999,4666
2023-09-13 10:07:14,25,27,3999,4666
2023-09-13 10:07:15,25,26,3999,4666
2023-09-13 10:07:21,25,27,3999,4666
2023-09-13 10:07:23,25,26,3999,4666
2023-09-13 10:07:24,25,27,3999,4666
2023-09-13 10:07:27,25,26,3999,4666
2023-09-13 10:07:29,25,27,3999,4666
2023-09-13 10:07:33,26,27,3999,4666
2023-09-13 10:07:33,26,28,3999,4666
2023-09-13 10:07:43,26,27,3999,4666
2023-09-13 10:07:49,25,27,3999,4666
2023-09-13 10:08:29,24,27,3999,4666
2023-09-13 10:08:34,25,27,3999,4666
2023-09-13 10:08:47,24,27,3999,4666
2023-09-13 10:08:53,24,26,3999,4666
2023-09-13 10:08:55,24,27,3999,4666
2023-09-13 10:08:57,25,27,3999,4666
2023-09-13 10:09:05,24,27,3999,4666
2023-09-13 10:09:07,24,26,3999,4666
2023-09-13 10:09:11,24,25,3999,4666
2023-09-13 10:09:14,23,25,3999,4666
2023-09-13 10:09:17,23,24,3999,4666
2023-09-13 10:09:19,23,24,4199,4866
2023-09-13 10:09:20,23,25,4199,4866
2023-09-13 10:09:26,24,25,4199,4866
2023-09-13 10:09:27,24,26,4199,4866
2023-09-13 10:09:29,24,25,4199,4866
2023-09-13 10:09:29,23,25,4199,4866
2023-09-13 10:09:35,24,25,4199,4866
2023-09-13 10:09:35,24,26,4199,4866
2023-09-13 10:09:43,24,27,4199,4866
2023-09-13 10:09:46,24,26,4199,4866
2023-09-13 10:09:57,23,26,4199,4866
2023-09-13 10:09:58,24,26,4199,4866
2023-09-13 10:10:10,23,26,4199,4866
2023-09-13 10:10:11,23,25,4199,4866
2023-09-13 10:10:15,23,24,4199,4866
2023-09-13 10:10:16,23,25,4199,5066
2023-09-13 10:10:31,22,25,4199,5066
2023-09-13 10:10:48,23,24,4199,5066
2023-09-13 10:10:48,23,25,4199,5066
2023-09-13 10:10:50,23,26,4199,5066
2023-09-13 10:10:51,24,26,4199,5066
2023-09-13 10:10:51,24,27,4199,5066
2023-09-13 10:10:52,24,26,4199,5066
2023-09-13 10:10:55,25,26,4199,5066
2023-09-13 10:10:55,25,27,4199,5066
2023-09-13 10:10:59,25,26,4199,5066
2023-09-13 10:11:00,25,26,4449,5316
2023-09-13 10:11:00,25,27,4449,5316
2023-09-13 10:11:24,26,27,4449,5316
2023-09-13 10:11:26,26,28,4449,5316
2023-09-13 10:11:28,26,27,4449,5316
2023-09-13 10:11:30,26,28,4449,5316
2023-09-13 10:11:31,27,28,4449,5316
2023-09-13 10:11:40,27,29,4449,5316
2023-09-13 10:11:42,27,28,4449,5316
2023-09-13 10:11:44,27,29,4449,5316
2023-09-13 10:11:49,26,29,4449,5316
2023-09-13 10:11:49,26,28,4449,5316
2023-09-13 10:12:00,26,27,4449,5316
2023-09-13 10:12:02,26,28,4449,5316
2023-09-13 10:12:02,26,28,4549,5416
2023-09-13 10:12:03,25,28,4549,5416
2023-09-13 10:12:03,25,27,4549,5416
2023-09-13 10:12:07,25,26,4549,5416
2023-09-13 10:12:19,25,27,4549,5416
2023-09-13 10:12:22,26,27,4549,5416
2023-09-13 10:12:22,26,28,4549,5416
2023-09-13 10:12:33,26,27,4549,5416
2023-09-13 10:13:04,26,29,4549,5416
2023-09-13 10:13:04,26,28,4549,5416
2023-09-13 10:13:06,26,27,4549,5416
2023-09-13 10:13:09,25,27,4549,5416
2023-09-13 10:13:11,26,27,4549,5416
2023-09-13 10:13:16,25,27,4549,5416
2023-09-13 10:13:18,26,27,4549,5416
2023-09-13 10:13:40,25,27,4549,5416
2023-09-13 10:14:03,26,27,4549,5416
2023-09-13 10:14:04,26,28,4549,5416
2023-09-13 10:14:16,27,28,4549,5416
2023-09-13 10:14:36,27,29,4549,5416
2023-09-13 10:14:36,27,28,4549,5416
2023-09-13 10:14:56,27,29,4749,5616
2023-09-13 10:14:56,27,30,4749,5616
2023-09-13 10:14:56,27,29,4749,5616
2023-09-13 10:15:05,28,29,4749,5616
2023-09-13 10:15:07,28,30,4749,5616
2023-09-13 10:15:08,28,29,4749,5616
2023-09-13 10:15:09,28,30,4749,5616
2023-09-13 10:15:15,28,29,4749,5616
2023-09-13 10:15:16,28,30,4749,5616
2023-09-13 10:15:18,28,29,4749,5616
2023-09-13 10:15:20,28,30,4749,5616
2023-09-13 10:15:22,29,30,4749,5616
2023-09-13 10:15:22,29,31,4749,5616
2023-09-13 10:15:32,30,31,4749,5616
2023-09-13 10:15:34,30,32,4749,5616
2023-09-13 10:15:36,31,32,4749,5616
2023-09-13 10:15:55,30,32,4749,5616
2023-09-13 10:15:57,30,31,4749,5616
2023-09-13 10:15:58,29,31,4749,5616
2023-09-13 10:16:41,30,31,4749,5616
2023-09-13 10:16:42,30,32,4749,5616
2023-09-13 10:17:00,31,32,4749,5616
2023-09-13 10:17:27,32,33,4774,5641
2023-09-13 10:17:40,32,33,4774,5663
2023-09-13 10:17:56,32,34,4774,5663
2023-09-13 10:18:08,32,33,4774,5663
2023-09-13 10:18:19,31,33,4774,5663
2023-09-13 10:18:37,31,34,4774,5663
2023-09-13 10:18:37,31,33,4774,5663
2023-09-13 10:18:51,32,33,4774,5663
2023-09-13 10:18:52,32,34,4774,5663
2023-09-13 10:19:19,31,34,4774,5663
2023-09-13 10:19:24,32,34,4774,5663
2023-09-13 10:19:26,31,34,4774,5663
2023-09-13 10:19:34,31,33,4774,5663
2023-09-13 10:20:09,31,32,4774,5663
2023-09-13 10:20:13,30,31,4824,5713
2023-09-13 10:20:16,29,31,4824,5713
2023-09-13 10:20:17,29,30,4824,5713
2023-09-13 10:20:32,29,31,4824,5713
2023-09-13 10:20:36,30,31,4824,5713
2023-09-13 10:20:36,30,32,4824,5713
2023-09-13 10:20:42,30,33,4824,5713
2023-09-13 10:20:43,31,33,4824,5713
2023-09-13 10:20:54,30,33,4824,5713
2023-09-13 10:20:54,30,32,4824,5713
2023-09-13 10:20:56,30,31,4824,5713
2023-09-13 10:20:56,29,31,4824,5713
2023-09-13 10:20:58,29,30,4824,5713
2023-09-13 10:21:01,28,30,4824,5713
2023-09-13 10:21:01,28,29,4824,5713
2023-09-13 10:21:11,28,30,4824,5713
2023-09-13 10:21:28,28,29,4824,5713
2023-09-13 10:21:49,27,29,4824,5713
2023-09-13 10:22:35,27,30,4824,5713
2023-09-13 10:22:39,28,30,4824,5713
2023-09-13 10:22:47,28,31,4824,5713
2023-09-13 10:22:56,28,30,4824,5713
2023-09-13 10:23:04,29,30,4824,5713
2023-09-13 10:23:04,29,31,4824,5713
2023-09-13 10:23:11,29,30,4824,5713
2023-09-13 10:23:12,28,30,4824,5713
2023-09-13 10:23:12,28,31,4824,5713
2023-09-13 10:23:13,28,30,4824,5713
2023-09-13 10:23:14,28,31,4824,5713
2023-09-13 10:23:18,28,30,4824,5713
2023-09-13 10:23:33,27,30,4824,5713
2023-09-13 10:23:34,27,29,4824,5713
2023-09-13 10:23:35,27,28,4824,5713
2023-09-13 10:23:36,26,28,4824,5713
2023-09-13 10:23:43,26,27,4824,5713
2023-09-13 10:23:45,26,28,4824,5713
2023-09-13 10:23:46,26,27,4824,5713
2023-09-13 10:23:54,25,27,4824,5713
2023-09-13 10:23:54,24,27,4824,5713
2023-09-13 10:23:55,25,27,4824,5713
2023-09-13 10:23:57,24,27,4824,5713
2023-09-13 10:24:02,24,26,4824,5713
2023-09-13 10:24:03,24,25,4824,5713
2023-09-13 10:24:05,24,26,4824,5713
2023-09-13 10:24:11,24,25,4824,5713
2023-09-13 10:24:11,23,25,4824,5713
2023-09-13 10:25:08,22,25,4824,5713
2023-09-13 10:25:12,21,24,4824,5713
2023-09-13 10:25:20,21,23,4824,5713
2023-09-13 10:25:30,21,24,4824,5713
2023-09-13 10:25:31,21,23,4824,5713
2023-09-13 10:25:42,21,22,4824,5713
2023-09-13 10:25:42,20,22,4824,5713
2023-09-13 10:26:12,20,23,4824,5713
2023-09-13 10:26:15,20,22,4824,5713
2023-09-13 10:26:22,20,21,4824,5713
2023-09-13 10:26:28,19,20,4824,5738
2023-09-13 10:26:30,18,20,4824,5738
2023-09-13 10:26:39,17,20,4824,5738
2023-09-13 10:26:40,17,19,4824,5738
2023-09-13 10:26:42,17,18,4824,5738
2023-09-13 10:26:55,17,19,4824,5738
2023-09-13 10:27:02,17,18,4824,5738
2023-09-13 10:27:03,16,18,4824,5738
2023-09-13 10:27:16,17,18,4824,5738
2023-09-13 10:27:18,16,18,4824,5738
2023-09-13 10:27:19,17,18,4824,5738
2023-09-13 10:27:39,16,18,4824,5738
2023-09-13 10:27:40,17,18,4824,5738
2023-09-13 10:27:46,17,19,4824,5738
2023-09-13 10:27:52,17,20,4824,5738
2023-09-13 10:27:53,18,20,4824,5738
2023-09-13 10:27:53,19,20,4824,5738
2023-09-13 10:27:55,19,21,4824,5738
2023-09-13 10:27:56,19,20,4824,5738
2023-09-13 10:27:59,19,21,4824,5738
2023-09-13 10:28:03,19,20,4824,5738
2023-09-13 10:28:04,18,20,4824,5738
2023-09-13 10:28:05,18,21,4824,5738
2023-09-13 10:28:05,18,20,4824,5738
2023-09-13 10:28:05,19,20,4824,5738
2023-09-13 10:28:09,18,20,4824,5738
2023-09-13 10:28:18,18,21,4824,5738
2023-09-13 10:28:19,18,20,4824,5738
2023-09-13 10:28:35,18,21,4824,5738
2023-09-13 10:28:37,18,20,4824,5738
2023-09-13 10:28:43,18,21,4824,5738
2023-09-13 10:28:44,18,20,4824,5738
2023-09-13 10:28:57,17,20,4824,5738
2023-09-13 10:29:01,18,20,4824,5738
2023-09-13 10:29:05,18,19,4824,5738
2023-09-13 10:29:18,17,19,4824,5738
2023-09-13 10:29:24,16,19,4824,5738
2023-09-13 10:29:29,17,19,4824,5738
2023-09-13 10:29:45,16,19,4824,5738
2023-09-13 10:29:49,17,19,4824,5738
2023-09-13 10:30:15,18,19,4824,5738
2023-09-13 10:30:18,18,20,4624,5938
2023-09-13 10:30:29,18,19,4624,5938
2023-09-13 10:30:30,17,19,4624,5938
2023-09-13 10:30:36,16,19,4624,5938
2023-09-13 10:30:38,17,19,4624,5938
2023-09-13 10:30:39,17,18,4624,5938
2023-09-13 10:30:39,16,18,4624,5938
2023-09-13 10:30:40,17,18,4624,5938
2023-09-13 10:30:43,17,18,4424,6138
2023-09-13 10:30:43,16,18,4424,6138
2023-09-13 10:30:47,16,17,4424,6138
2023-09-13 10:30:48,16,18,4424,6138
2023-09-13 10:30:50,16,17,4424,6138
2023-09-13 10:30:52,15,17,4424,6138
2023-09-13 10:30:55,16,17,4424,6138
2023-09-13 10:30:56,15,17,4424,6138
2023-09-13 10:31:04,15,16,4424,6138
2023-09-13 10:31:10,14,15,4424,6158
2023-09-13 10:31:12,13,15,4424,6158
2023-09-13 10:31:15,14,15,4424,6158
2023-09-13 10:31:24,14,16,4224,6358
2023-09-13 10:31:25,14,15,4224,6358
2023-09-13 10:31:31,14,16,4224,6358
2023-09-13 10:31:41,14,15,4224,6358
2023-09-13 10:31:48,14,16,4224,6358
2023-09-13 10:31:50,14,15,4224,6358
2023-09-13 10:32:02,14,16,4224,6358
2023-09-13 10:32:04,14,15,4224,6358
2023-09-13 10:32:08,13,14,3974,6608
2023-09-13 10:32:10,13,14,3974,6708
2023-09-13 10:32:11,13,15,3974,6708
2023-09-13 10:32:12,14,15,3974,6708
2023-09-13 10:32:18,14,16,3974,6708
2023-09-13 10:32:26,14,17,3974,6708
2023-09-13 10:32:32,14,16,3974,6708
2023-09-13 10:32:37,14,17,3974,6708
2023-09-13 10:32:38,14,16,3974,6708
2023-09-13 10:32:56,14,17,3974,6708
2023-09-13 10:32:57,15,17,3974,6708
2023-09-13 10:32:58,15,16,3974,6708
2023-09-13 10:33:02,15,17,3834,6908
2023-09-13 10:33:15,15,16,3834,6908
2023-09-13 10:33:37,15,17,3834,6908
2023-09-13 10:33:38,15,18,3834,6908
2023-09-13 10:33:38,16,18,3834,6908
2023-09-13 10:33:39,17,18,3834,6908
2023-09-13 10:33:41,16,18,3834,6908
2023-09-13 10:33:42,15,18,3834,6908
2023-09-13 10:33:42,16,18,3834,6908
2023-09-13 10:33:49,16,17,3834,6908
2023-09-13 10:33:51,16,17,3834,7008
2023-09-13 10:33:51,15,17,3834,7008
2023-09-13 10:34:23,16,17,3834,7008
2023-09-13 10:34:26,16,18,3834,7008
2023-09-13 10:34:49,15,18,3834,7008
2023-09-13 10:34:50,16,18,3834,7008
2023-09-13 10:34:51,15,18,3834,7008
2023-09-13 10:34:52,16,18,3834,7008
2023-09-13 10:34:55,16,17,3834,7008
2023-09-13 10:34:57,15,17,3834,7008
2023-09-13 10:35:06,16,17,3834,7008
2023-09-13 10:35:15,15,17,3834,7008
2023-09-13 10:35:38,16,17,3834,7008
2023-09-13 10:35:39,15,17,3834,7008
2023-09-13 10:35:58,16,17,3834,7008
2023-09-13 10:35:59,15,17,3834,7008
2023-09-13 10:36:03,15,16,3834,7008
2023-09-13 10:36:03,14,16,3834,7008
2023-09-13 10:36:04,15,16,3834,7008
2023-09-13 10:36:08,14,15,4027,7227
2023-09-13 10:36:08,13,15,4027,7227
2023-09-13 10:36:08,14,15,4027,7227
2023-09-13 10:36:19,14,15,4427,7627
2023-09-13 10:36:23,14,16,4427,7627
2023-09-13 10:36:23,14,15,4427,7627
2023-09-13 10:36:25,14,15,4627,7827
2023-09-13 10:36:34,12,15,4627,7827
2023-09-13 10:36:35,12,14,4627,7827
2023-09-13 10:36:35,13,14,4627,7827
2023-09-13 10:36:36,13,14,4827,8027
2023-09-13 10:36:36,12,14,4827,8027
2023-09-13 10:36:54,13,14,4827,8027
2023-09-13 10:36:57,13,14,5027,8227
2023-09-13 10:36:57,12,13,5088,8288
2023-09-13 10:37:28,12,14,5088,8288
2023-09-13 10:37:29,13,14,5088,8288
2023-09-13 10:38:07,12,14,5088,8288
2023-09-13 10:38:09,13,14,5088,8288
2023-09-13 10:38:17,13,14,5488,8688
2023-09-13 10:38:18,13,15,5688,8888
2023-09-13 10:38:24,13,14,5688,8888
2023-09-13 10:38:49,12,14,5688,8888
2023-09-13 10:38:56,12,15,5688,8888
2023-09-13 10:38:56,12,14,5688,8888
2023-09-13 10:39:03,12,13,5688,8888
2023-09-13 10:39:03,12,13,5688,8888
2023-09-13 10:39:04,11,13,5688,8888
2023-09-13 10:39:06,12,13,5688,8888
2023-09-13 10:39:24,11,13,5688,8888
2023-09-13 10:39:26,12,13,5688,8888
2023-09-13 10:39:33,11,13,5688,8888
2023-09-13 10:39:37,11,12,5688,8888
2023-09-13 10:39:40,10,12,5688,8888
2023-09-13 10:39:41,11,12,5688,8888
2023-09-13 10:39:47,10,12,5688,8888
2023-09-13 10:39:48,11,12,5688,8888
2023-09-13 10:39:57,10,12,5688,8888
2023-09-13 10:40:00,10,11,5688,8888
2023-09-13 10:40:02,10,11,5888,9088
2023-09-13 10:40:02,9,10,5897,9097
2023-09-13 10:40:02,9,11,5988,9188
2023-09-13 10:40:03,9,10,5988,9188
2023-09-13 10:40:11,9,11,5988,9188
2023-09-13 10:40:11,9,10,5988,9188
2023-09-13 10:40:19,8,9,6195,9395
2023-09-13 10:40:20,8,10,6388,9588
2023-09-13 10:40:21,9,10,6388,9588
2023-09-13 10:40:30,9,11,6388,9588
2023-09-13 10:40:39,9,10,6388,9588
2023-09-13 10:41:18,9,11,6488,9688
2023-09-13 10:41:22,9,10,6488,9688
2023-09-13 10:41:25,9,11,6788,9988
2023-09-13 10:42:24,9,10,6788,9988
2023-09-13 10:42:27,9,11,6788,9988
2023-09-13 10:44:00,10,11,6788,9988
2023-09-13 10:44:04,9,11,6788,9988
2023-09-13 10:44:10,10,11,6788,9988
2023-09-13 10:44:15,9,11,6788,9988
2023-09-13 10:44:17,10,11,6788,9988
2023-09-13 10:44:18,9,11,6788,9988
2023-09-13 10:44:21,10,11,6788,9988
2023-09-13 10:44:21,10,12,6788,9988
2023-09-13 10:44:24,10,13,6788,9988
2023-09-13 10:44:24,11,13,6788,9988
2023-09-13 10:44:28,12,13,6788,9988
2023-09-13 10:44:31,11,13,6788,9988
2023-09-13 10:44:40,10,13,6788,9988
2023-09-13 10:44:43,10,12,6788,9988
2023-09-13 10:44:46,11,12,6788,9988
2023-09-13 10:44:56,10,12,6788,9988
2023-09-13 10:44:57,11,12,6788,9988
2023-09-13 10:44:58,10,12,6788,9988
2023-09-13 10:45:13,11,12,6788,9988
2023-09-13 10:45:17,10,12,6788,9988
2023-09-13 10:45:29,10,13,6788,9988
2023-09-13 10:45:29,11,13,6788,9988
2023-09-13 10:46:16,12,13,6788,9988
2023-09-13 10:46:17,12,14,6988,10188
2023-09-13 10:46:26,13,14,6988,10188
2023-09-13 10:46:34,12,14,6988,10188
2023-09-13 10:46:36,13,14,6988,10188
2023-09-13 10:46:37,13,15,6988,10188
2023-09-13 10:47:03,12,15,6988,10188
2023-09-13 10:47:03,12,14,6988,10188
2023-09-13 10:47:18,11,14,6988,10188
2023-09-13 10:47:18,11,13,6988,10188
2023-09-13 10:47:46,10,13,6988,10188
2023-09-13 10:48:09,10,12,6988,10188
2023-09-13 10:48:17,11,12,6988,10188
2023-09-13 10:48:18,10,12,6988,10188
2023-09-13 10:48:29,10,13,6988,10188
2023-09-13 10:48:29,10,11,6988,10188
2023-09-13 10:48:36,10,11,6988,10388
2023-09-13 10:48:36,10,11,7388,10788
2023-09-13 10:48:37,10,13,7788,11188
2023-09-13 10:48:40,11,13,7788,11188
2023-09-13 10:48:55,11,12,7788,11188
2023-09-13 10:48:56,10,12,7788,11188
2023-09-13 10:49:01,11,12,7788,11188
2023-09-13 10:49:08,11,13,7788,11188
2023-09-13 10:49:17,10,13,7788,11188
2023-09-13 10:49:18,11,13,7788,11188
2023-09-13 10:49:19,10,13,7788,11188
2023-09-13 10:49:22,10,12,7788,11188
2023-09-13 10:49:38,11,12,7788,11188
2023-09-13 10:49:42,10,12,7788,11188
2023-09-13 10:49:48,11,12,7788,11188
2023-09-13 10:49:49,11,13,7788,11188
2023-09-13 10:50:09,11,12,7788,11188
2023-09-13 10:50:16,11,13,7788,11188
2023-09-13 10:50:27,10,13,7788,11188
2023-09-13 10:50:31,11,13,7788,11188
2023-09-13 10:50:32,10,13,7788,11188
2023-09-13 10:50:33,11,13,7788,11188
2023-09-13 10:50:35,11,12,7788,11188
2023-09-13 10:50:37,10,12,7788,11188
2023-09-13 10:51:02,10,11,7788,11188
2023-09-13 10:51:02,9,11,7788,11188
2023-09-13 10:51:14,8,11,7788,11188
2023-09-13 10:51:28,8,10,7788,11188
2023-09-13 10:51:31,9,10,7788,11188
2023-09-13 10:51:50,9,11,7788,11188
2023-09-13 10:51:53,8,11,7788,11188
2023-09-13 10:51:54,9,11,7788,11188
2023-09-13 10:51:55,9,10,7788,11188
2023-09-13 10:51:55,8,10,7788,11188
2023-09-13 10:51:57,8,9,7788,11188
2023-09-13 10:51:59,7,9,7788,11188
2023-09-13 10:52:02,8,9,7788,11188
2023-09-13 10:52:11,8,10,7788,11188
2023-09-13 10:52:22,8,9,7788,11188
2023-09-13 10:52:33,8,10,7788,11188
2023-09-13 10:53:34,9,10,7788,11188
2023-09-13 10:53:37,9,11,8188,11588
2023-09-13 10:53:44,10,11,8188,11588
2023-09-13 10:53:45,9,11,8188,11588
2023-09-13 10:53:53,10,11,8188,11588
2023-09-13 10:53:57,9,11,8188,11588
2023-09-13 10:53:59,10,11,8188,11588
2023-09-13 10:54:05,10,12,8188,11588
2023-09-13 10:54:10,9,12,8188,11588
2023-09-13 10:54:12,9,11,8188,11588
2023-09-13 10:54:25,8,11,8188,11588
2023-09-13 10:54:41,8,11,8188,11588
2023-09-13 10:54:42,8,10,8188,11588
2023-09-13 10:54:48,8,11,8188,11588
2023-09-13 10:54:48,8,10,8188,11588
2023-09-13 10:55:10,7,10,8188,11588
2023-09-13 10:55:10,7,11,8188,11588
2023-09-13 10:55:10,7,9,8188,11588
2023-09-13 10:55:41,7,9,8188,11593
2023-09-13 10:55:44,8,9,8188,11593
2023-09-13 10:55:54,8,10,8188,11593
2023-09-13 10:55:54,8,11,8188,11593
2023-09-13 10:55:54,8,10,8188,11593
2023-09-13 10:56:06,7,10,8188,11593
2023-09-13 10:56:06,7,11,8188,11593
2023-09-13 10:56:06,7,10,8188,11593
2023-09-13 10:56:07,8,10,8188,11593
2023-09-13 10:56:08,7,10,8188,11593
2023-09-13 10:56:17,7,11,8188,11593
2023-09-13 10:56:17,7,9,8188,11593
2023-09-13 10:56:35,8,9,8188,11593
2023-09-13 10:56:42,7,9,8188,11593
2023-09-13 10:57:19,7,8,8188,11593
2023-09-13 10:57:22,7,9,8188,11593
2023-09-13 10:57:22,7,8,8188,11593
2023-09-13 10:57:26,7,9,8188,11593
2023-09-13 10:57:26,7,8,8188,11593
2023-09-13 10:57:37,7,9,8188,11593
2023-09-13 10:59:28,7,8,8188,11593
2023-09-13 11:00:58,7,8,8228,11633
2023-09-13 11:01:07,6,8,8228,11633
2023-09-13 11:01:07,6,7,8228,11633
2023-09-13 11:01:16,6,8,8228,11633
2023-09-13 11:01:37,7,8,8228,11633
2023-09-13 11:03:09,7,8,8228,11833
2023-09-13 11:03:45,6,8,8228,11833
2023-09-13 11:04:21,6,7,8228,11833
2023-09-13 11:04:22,6,8,8228,11833
2023-09-13 11:04:22,6,7,8228,11833
2023-09-13 11:04:24,6,8,8228,11833
2023-09-13 11:04:24,6,7,8228,11833
2023-09-13 11:04:53,5,7,8228,11833
2023-09-13 11:04:53,5,6,8228,11833
2023-09-13 11:05:07,5,7,8228,11833
2023-09-13 11:05:07,5,6,8228,11833
2023-09-13 11:05:14,5,7,8228,11833
2023-09-13 11:05:14,5,6,8228,11833
2023-09-13 11:05:27,5,7,8228,11833
2023-09-13 11:05:27,5,6,8228,11833
2023-09-13 11:05:32,5,7,8228,11833
2023-09-13 11:05:32,5,6,8228,11833
2023-09-13 11:05:57,4,5,8228,12433
2023-09-13 11:07:02,4,5,8228,12633
2023-09-13 11:07:02,4,5,8231,12636
2023-09-13 11:07:16,4,7,8231,12636
2023-09-13 11:07:19,5,7,8231,12636
2023-09-13 11:07:26,5,6,8231,12636
2023-09-13 11:07:53,4,6,8231,12636
2023-09-13 11:07:57,5,6,8231,12636
2023-09-13 11:08:04,4,6,8231,12636
2023-09-13 11:12:41,4,5,8231,12636
2023-09-13 11:17:30,4,5,9191,13596
2023-09-13 11:17:31,4,6,9231,13636
2023-09-13 11:17:58,5,6,9231,13636
2023-09-13 11:18:54,5,7,9231,13636
2023-09-13 11:19:25,6,7,9231,13636
2023-09-13 11:19:26,5,7,9231,13636
2023-09-13 11:19:30,6,7,9231,13636
2023-09-13 11:19:31,6,8,9231,13636
2023-09-13 11:19:57,5,8,9231,13636
2023-09-13 11:19:58,6,8,9231,13636
2023-09-13 11:20:32,7,8,9231,13636
2023-09-13 11:20:35,6,8,9231,13636
2023-09-13 11:20:37,7,8,9231,13636
2023-09-13 11:20:52,6,8,9231,13636
2023-09-13 11:22:06,6,7,9231,13636
2023-09-13 11:22:06,5,7,9231,13636
2023-09-13 11:22:10,5,8,9231,13636
2023-09-13 11:22:10,5,7,9231,13636
2023-09-13 11:22:26,4,7,9231,13636
2023-09-13 11:22:28,4,6,9231,13636
2023-09-13 11:22:40,5,6,9231,13636
2023-09-13 11:22:46,4,6,9231,13636
2023-09-13 11:22:49,4,7,9231,13636
2023-09-13 11:22:49,4,6,9231,13636
2023-09-13 11:24:21,4,5,9231,13636
2023-09-13 11:24:27,4,6,9231,13636
2023-09-13 11:24:27,4,5,9231,13636
2023-09-13 11:28:04,3,4,9331,13736
2023-09-13 11:28:16,3,5,9331,13736
2023-09-13 11:28:16,3,4,9331,13736
2023-09-13 11:28:21,3,5,9331,13736
2023-09-13 11:28:21,3,4,9331,13736
2023-09-13 11:28:23,3,5,9331,13736
2023-09-13 11:28:23,3,4,9331,13736
2023-09-13 11:28:33,3,5,9331,13736
2023-09-13 11:28:33,3,4,9331,13736
2023-09-13 11:29:28,3,4,9331,13737
2023-09-13 11:30:08,3,4,9331,14037
2023-09-13 11:30:12,2,4,9331,14037
2023-09-13 11:30:30,2,3,9331,14037
2023-09-13 11:36:15,2,4,9376,14082
2023-09-13 11:36:45,2,5,9376,14082
2023-09-13 11:37:24,2,4,9376,14082
2023-09-13 11:38:08,3,4,9376,14082
2023-09-13 11:38:25,2,4,9376,14082
2023-09-13 11:38:29,3,4,9376,14082
2023-09-13 11:39:17,2,4,9376,14082
2023-09-13 11:39:31,3,4,9376,14082
2023-09-13 11:39:38,2,4,9376,14082
2023-09-13 11:41:27,3,4,9376,14082
2023-09-13 11:42:32,4,5,9376,14083
2023-09-13 11:42:51,3,5,9376,14083
2023-09-13 11:43:10,3,4,9376,14083
2023-09-13 11:43:40,2,4,9376,14083
2023-09-13 11:45:36,2,5,9431,14138
2023-09-13 11:45:37,2,4,9431,14138
2023-09-13 11:46:14,3,4,9431,14138
2023-09-13 11:48:04,2,4,9431,14138
2023-09-13 11:50:27,3,4,9431,14138
2023-09-13 11:50:29,3,5,9431,14138
2023-09-13 11:51:00,4,5,9431,14138
2023-09-13 11:51:17,5,6,9431,14139
2023-09-13 11:51:29,5,7,9631,14339
2023-09-13 11:51:48,6,7,9631,14339
2023-09-13 11:51:48,6,8,9631,14339
2023-09-13 11:51:51,7,8,9631,14339
2023-09-13 11:51:54,7,9,9631,14339
2023-09-13 11:51:59,8,9,9631,14339
2023-09-13 11:52:02,8,10,9631,14339
2023-09-13 11:52:03,9,10,9631,14339
2023-09-13 11:52:03,9,10,9631,14340
2023-09-13 11:52:08,9,10,9631,14341
2023-09-13 11:52:10,8,10,9631,14341
2023-09-13 11:52:34,7,10,9631,14341
2023-09-13 11:52:37,7,9,9631,14341
2023-09-13 11:52:43,6,9,9631,14341
2023-09-13 11:52:47,6,8,9631,14341
2023-09-13 11:52:48,6,9,9631,14341
2023-09-13 11:52:49,6,8,9631,14341
2023-09-13 11:52:50,6,9,9631,14341
2023-09-13 11:52:51,6,8,9631,14341
2023-09-13 11:52:52,6,9,9631,14341
2023-09-13 11:52:53,6,8,9631,14341
2023-09-13 11:52:54,6,9,9631,14341
2023-09-13 11:52:55,6,8,9631,14341
2023-09-13 11:52:56,6,9,9631,14341
2023-09-13 11:52:56,6,7,9631,14341
2023-09-13 11:52:57,6,9,9631,14341
2023-09-13 11:52:58,6,8,9631,14341
2023-09-13 11:52:59,6,9,9631,14341
2023-09-13 11:53:00,6,8,9631,14341
2023-09-13 11:53:01,6,9,9631,14341
2023-09-13 11:53:02,6,8,9631,14341
2023-09-13 11:53:03,6,9,9631,14341
2023-09-13 11:53:06,6,8,9631,14341
2023-09-13 11:53:07,6,9,9631,14341
2023-09-13 11:53:42,6,8,9631,14341
2023-09-13 11:53:43,6,9,9631,14341
2023-09-13 11:53:44,6,8,9631,14341
2023-09-13 11:53:45,6,9,9631,14341
2023-09-13 11:53:46,6,8,9631,14341
2023-09-13 11:53:47,6,9,9631,14341
2023-09-13 11:53:48,6,8,9631,14341
2023-09-13 11:53:49,6,9,9631,14341
2023-09-13 11:53:50,6,8,9631,14341
2023-09-13 11:53:51,6,9,9631,14341
2023-09-13 11:53:52,6,8,9631,14341
2023-09-13 11:53:53,6,9,9631,14341
2023-09-13 11:53:54,6,8,9631,14341
2023-09-13 11:53:55,6,9,9631,14341
2023-09-13 11:53:56,6,8,9631,14341
2023-09-13 11:53:57,6,9,9631,14341
2023-09-13 11:53:58,6,8,9631,14341
2023-09-13 11:53:59,6,9,9631,14341
2023-09-13 11:54:00,6,8,9631,14341
2023-09-13 11:54:01,6,9,9631,14341
2023-09-13 11:54:02,6,8,9631,14341
2023-09-13 11:54:03,6,9,9631,14341
2023-09-13 11:55:03,6,8,9631,14341
2023-09-13 11:55:10,6,7,9631,14341
2023-09-13 11:55:10,5,7,9631,14341
2023-09-13 11:55:20,6,7,9631,14341
2023-09-13 11:55:33,6,8,9631,14341
2023-09-13 11:55:41,6,9,9631,14341
2023-09-13 11:56:51,7,9,9631,14341
2023-09-13 11:56:58,7,8,9631,14341
2023-09-13 11:56:59,6,8,9631,14341
2023-09-13 11:57:33,6,7,9631,14341
2023-09-13 11:57:40,5,7,9631,14341
2023-09-13 11:58:08,4,7,9631,14341
2023-09-13 11:58:12,4,6,9631,14341
2023-09-13 11:58:42,3,6,9631,14341
2023-09-13 11:58:59,3,5,9631,14341
2023-09-13 12:00:06,3,4,9631,14341
2023-09-13 12:00:36,3,5,9631,14341
2023-09-13 12:02:33,4,5,9631,14341
2023-09-13 12:02:50,4,6,9631,14341
2023-09-13 12:03:53,4,5,9631,14341
2023-09-13 12:10:32,4,6,9631,14341
2023-09-13 12:10:35,4,5,9631,14341
2023-09-13 12:10:51,4,6,9631,14341
2023-09-13 12:11:49,4,5,9631,14341
2023-09-13 12:12:03,4,6,9631,14341
2023-09-13 12:12:42,5,6,9631,14341
2023-09-13 12:14:56,5,7,9631,14341
2023-09-13 12:15:16,6,7,9631,14341
2023-09-13 12:15:45,5,7,9631,14341
2023-09-13 12:15:46,6,7,9631,14341
2023-09-13 12:16:11,5,7,9631,14341
2023-09-13 12:16:12,6,7,9631,14341
2023-09-13 12:16:13,5,7,9631,14341
2023-09-13 12:17:22,5,6,9631,14341
2023-09-13 12:17:31,5,6,9631,14541
2023-09-13 12:17:37,4,6,9631,14541
2023-09-13 12:17:38,5,6,9631,14541
2023-09-13 12:17:40,4,6,9631,14541
2023-09-13 12:17:49,4,5,9631,14541
2023-09-13 12:21:18,2,4,9631,14544
2023-09-13 12:21:23,3,4,9631,14544
2023-09-13 12:21:24,2,4,9631,14544
2023-09-13 12:22:26,3,4,9631,14544
2023-09-13 12:22:30,2,4,9631,14544
2023-09-13 12:22:33,3,4,9631,14544
2023-09-13 12:22:39,2,4,9631,14544
2023-09-13 12:23:15,3,4,9631,14544
2023-09-13 12:25:39,2,4,9631,14544
2023-09-13 12:26:58,3,4,9631,14544
2023-09-13 12:27:00,2,4,9631,14544
2023-09-13 12:28:29,3,4,9631,14544
2023-09-13 12:29:10,2,4,9631,14544
2023-09-13 12:29:11,3,4,9631,14544
2023-09-13 12:29:18,2,4,9631,14544
2023-09-13 12:29:21,3,4,9631,14544
2023-09-13 12:30:04,2,4,9631,14544
2023-09-13 12:30:26,2,3,9631,14544
2023-09-13 12:31:48,2,4,9831,14744
2023-09-13 12:31:49,3,4,9831,14744
2023-09-13 12:31:52,2,4,9831,14744
2023-09-13 12:31:53,3,4,9831,14744
2023-09-13 12:32:22,2,4,9831,14744
2023-09-13 12:32:27,3,4,9831,14744
2023-09-13 12:32:43,2,4,9831,14744
2023-09-13 12:32:47,3,4,9831,14744
2023-09-13 12:32:50,2,4,9831,14744
2023-09-13 12:32:53,3,4,9831,14744
2023-09-13 12:33:54,2,4,9831,14744
2023-09-13 12:33:57,3,4,9831,14744
2023-09-13 12:34:59,2,4,9831,14744
2023-09-13 12:35:20,3,4,9831,14744
2023-09-13 12:35:21,2,4,9831,14744
2023-09-13 12:36:07,3,4,9831,14744
2023-09-13 12:36:08,2,4,9831,14744
2023-09-13 12:36:09,3,4,9831,14744
2023-09-13 12:36:41,3,5,10231,15144
2023-09-13 12:36:42,2,5,10231,15144
2023-09-13 12:38:11,3,5,10231,15144
2023-09-13 12:38:12,2,5,10231,15144
2023-09-13 12:38:38,3,5,10231,15144
2023-09-13 12:40:05,4,5,10231,15144
2023-09-13 12:40:10,4,7,10231,15144
2023-09-13 12:40:45,5,7,10231,15144
2023-09-13 12:40:46,4,7,10231,15144
2023-09-13 12:41:17,4,6,10231,15144
2023-09-13 12:41:18,4,7,10231,15144
2023-09-13 12:41:19,4,6,10231,15144
2023-09-13 12:41:20,5,7,10231,15144
2023-09-13 12:41:21,5,6,10231,15144
2023-09-13 12:41:21,4,6,10231,15144
2023-09-13 12:41:22,4,7,10231,15144
2023-09-13 12:41:23,4,6,10231,15144
2023-09-13 12:41:24,4,7,10231,15144
2023-09-13 12:41:25,4,6,10231,15144
2023-09-13 12:41:26,4,7,10231,15144
2023-09-13 12:41:27,4,6,10231,15144
2023-09-13 12:41:28,4,7,10231,15144
2023-09-13 12:41:29,4,6,10231,15144
2023-09-13 12:41:30,4,7,10231,15144
2023-09-13 12:41:31,4,6,10231,15144
2023-09-13 12:41:32,4,7,10231,15144
2023-09-13 12:41:33,5,7,10231,15144
2023-09-13 12:41:34,5,6,10231,15144
2023-09-13 12:41:35,5,7,10231,15144
2023-09-13 12:41:36,5,6,10231,15144
2023-09-13 12:41:37,5,7,10231,15144
2023-09-13 12:41:38,5,6,10231,15144
2023-09-13 12:41:39,5,7,10231,15144
2023-09-13 12:41:40,5,6,10231,15144
2023-09-13 12:41:41,5,7,10231,15144
2023-09-13 12:41:42,5,6,10231,15144
2023-09-13 12:41:43,4,6,10231,15144
2023-09-13 12:41:43,4,7,10231,15144
2023-09-13 12:41:44,5,7,10231,15144
2023-09-13 12:41:59,5,6,10231,15144
2023-09-13 12:42:00,4,6,10231,15144
2023-09-13 12:42:00,4,7,10231,15144
2023-09-13 12:42:01,5,7,10231,15144
2023-09-13 12:42:02,4,7,10231,15144
2023-09-13 12:42:13,4,6,10231,15144
2023-09-13 12:42:14,4,7,10231,15144
2023-09-13 12:42:15,4,6,10231,15144
2023-09-13 12:42:16,4,7,10231,15144
2023-09-13 12:42:17,4,6,10231,15144
2023-09-13 12:42:18,5,6,10231,15144
2023-09-13 12:42:18,5,7,10231,15144
2023-09-13 12:42:19,4,7,10231,15144
2023-09-13 12:42:36,4,6,10231,15144
2023-09-13 12:42:37,4,7,10231,15144
2023-09-13 12:42:45,4,6,10231,15144
2023-09-13 12:42:46,4,7,10231,15144
2023-09-13 12:42:50,5,7,10231,15144
2023-09-13 12:43:10,4,7,10231,15144
2023-09-13 12:43:11,5,7,10231,15144
2023-09-13 12:43:12,4,7,10231,15144
2023-09-13 12:43:13,5,7,10231,15144
2023-09-13 12:43:14,4,7,10231,15144
2023-09-13 12:43:15,5,7,10231,15144
2023-09-13 12:43:16,4,7,10231,15144
2023-09-13 12:43:24,4,6,10231,15144
2023-09-13 12:43:25,4,7,10231,15144
2023-09-13 12:43:26,4,6,10231,15144
2023-09-13 12:43:29,4,7,10231,15144
2023-09-13 12:43:29,4,6,10231,15144
2023-09-13 12:43:30,3,6,10231,15144
2023-09-13 12:44:21,3,5,10231,15144
2023-09-13 12:44:22,3,6,10231,15144
2023-09-13 12:44:24,3,5,10231,15144
2023-09-13 12:44:24,3,6,10231,15144
2023-09-13 12:44:30,3,5,10231,15144
2023-09-13 12:44:31,3,6,10231,15144
2023-09-13 12:44:41,3,7,10231,15144
2023-09-13 12:44:42,3,6,10231,15144
2023-09-13 12:44:43,3,7,10231,15144
2023-09-13 12:44:44,3,6,10231,15144
2023-09-13 12:44:45,3,7,10231,15144
2023-09-13 12:44:46,3,6,10231,15144
2023-09-13 12:44:47,3,7,10231,15144
2023-09-13 12:44:48,3,6,10231,15144
2023-09-13 12:44:49,3,7,10231,15144
2023-09-13 12:44:50,3,6,10231,15144
2023-09-13 12:44:51,3,7,10231,15144
2023-09-13 12:44:52,3,6,10231,15144
2023-09-13 12:44:53,4,6,10231,15144
2023-09-13 12:44:53,4,7,10231,15144
2023-09-13 12:44:54,4,6,10231,15144
2023-09-13 12:44:55,3,6,10231,15144
2023-09-13 12:44:55,3,7,10231,15144
2023-09-13 12:44:56,3,6,10231,15144
2023-09-13 12:44:57,3,7,10231,15144
2023-09-13 12:44:58,4,7,10231,15144
2023-09-13 12:44:58,4,6,10231,15144
2023-09-13 12:44:59,4,7,10231,15144
2023-09-13 12:45:00,4,6,10231,15144
2023-09-13 12:45:01,4,7,10231,15144
2023-09-13 12:45:02,4,6,10231,15144
2023-09-13 12:45:03,4,7,10231,15144
2023-09-13 12:45:04,4,6,10231,15144
2023-09-13 12:45:05,4,7,10231,15144
2023-09-13 12:45:06,4,6,10231,15144
2023-09-13 12:45:07,4,7,10231,15144
2023-09-13 12:45:09,5,7,10231,15144
2023-09-13 12:45:25,4,7,10231,15144
2023-09-13 12:45:29,5,7,10231,15144
2023-09-13 12:45:30,4,7,10231,15144
2023-09-13 12:45:30,4,6,10231,15144
2023-09-13 12:45:31,4,7,10231,15144
2023-09-13 12:45:32,5,7,10231,15144
2023-09-13 12:45:34,5,6,10231,15144
2023-09-13 12:45:35,5,7,10231,15144
2023-09-13 12:45:36,5,6,10231,15144
2023-09-13 12:45:37,4,6,10231,15144
2023-09-13 12:45:37,4,7,10231,15144
2023-09-13 12:45:38,4,6,10231,15144
2023-09-13 12:45:39,4,7,10231,15144
2023-09-13 12:45:40,4,6,10231,15144
2023-09-13 12:45:41,4,7,10231,15144
2023-09-13 12:45:53,5,7,10231,15144
2023-09-13 12:45:54,5,6,10231,15144
2023-09-13 12:45:55,5,7,10231,15144
2023-09-13 12:46:10,5,6,10231,15144
2023-09-13 12:46:11,5,7,10231,15144
2023-09-13 12:46:12,4,7,10231,15144
2023-09-13 12:46:12,4,6,10231,15144
2023-09-13 12:46:13,4,7,10231,15144
2023-09-13 12:46:14,4,6,10231,15144
2023-09-13 12:46:15,4,7,10231,15144
2023-09-13 12:46:29,4,6,10231,15144
2023-09-13 12:46:30,4,7,10231,15144
2023-09-13 12:46:31,4,6,10231,15144
2023-09-13 12:46:32,5,6,10231,15144
2023-09-13 12:46:32,5,7,10231,15144
2023-09-13 12:46:35,5,6,10231,15144
2023-09-13 12:46:36,5,7,10231,15144
2023-09-13 12:46:37,5,6,10231,15144
2023-09-13 12:46:38,5,7,10231,15144
2023-09-13 12:46:39,5,6,10231,15144
2023-09-13 12:46:40,5,7,10231,15144
2023-09-13 12:46:41,5,6,10231,15144
2023-09-13 12:46:42,5,7,10231,15144
2023-09-13 12:46:43,5,6,10231,15144
2023-09-13 12:46:44,5,7,10231,15144
2023-09-13 12:46:45,5,6,10231,15144
2023-09-13 12:46:46,5,7,10231,15144
2023-09-13 12:46:47,5,6,10231,15144
2023-09-13 12:46:48,4,6,10231,15144
2023-09-13 12:46:48,4,7,10231,15144
2023-09-13 12:46:49,4,6,10231,15144
2023-09-13 12:46:50,4,7,10231,15144
2023-09-13 12:46:51,4,6,10231,15144
2023-09-13 12:46:52,4,7,10231,15144
2023-09-13 12:46:53,4,6,10231,15144
2023-09-13 12:46:54,4,7,10231,15144
2023-09-13 12:46:55,4,6,10231,15144
2023-09-13 12:46:56,3,6,10231,15144
2023-09-13 12:46:56,3,5,10231,15144
2023-09-13 12:46:57,3,6,10231,15144
2023-09-13 12:46:58,3,5,10231,15144
2023-09-13 12:46:59,3,6,10231,15144
2023-09-13 12:47:00,3,5,10231,15144
2023-09-13 12:47:01,3,6,10231,15144
2023-09-13 12:47:04,3,5,10231,15144
2023-09-13 12:47:05,3,6,10231,15144
2023-09-13 12:47:06,3,5,10231,15144
2023-09-13 12:47:52,2,5,10231,15144
2023-09-13 12:47:55,3,5,10231,15144
2023-09-13 12:48:10,2,5,10231,15144
2023-09-13 12:49:24,3,5,10231,15144
2023-09-13 12:50:59,2,5,10231,15144
2023-09-13 12:55:20,2,4,10231,15144
2023-09-13 12:55:21,2,5,10231,15144
2023-09-13 12:55:29,2,3,10231,15144
2023-09-13 13:34:16,0,3,10231,15144
2023-09-13 13:34:25,1,3,10231,15144
2023-09-13 13:34:26,0,3,10231,15144
2023-09-13 13:34:32,1,3,10231,15144
2023-09-13 13:34:34,0,3,10231,15144
2023-09-13 13:36:18,1,3,10231,15144
2023-09-13 13:37:33,0,3,10231,15144
2023-09-13 13:37:39,1,3,10231,15144
2023-09-13 13:37:40,0,3,10231,15144
2023-09-13 13:37:42,1,3,10231,15144
2023-09-13 13:37:53,0,3,10231,15144
2023-09-13 13:37:54,1,3,10231,15144
2023-09-13 13:37:56,0,3,10231,15144
2023-09-13 13:37:59,1,3,10231,15144
2023-09-13 13:38:06,0,3,10231,15144
2023-09-13 13:38:52,1,3,10231,15144
2023-09-13 13:40:13,0,3,10231,15144
2023-09-13 13:43:02,2,3,10231,15144
2023-09-13 14:05:20,2,4,10631,15544
2023-09-13 14:07:05,2,5,10631,15544
2023-09-13 14:07:05,2,4,10631,15544
2023-09-13 14:07:06,2,5,10631,15544
2023-09-13 14:07:07,2,4,10631,15544
2023-09-13 14:07:08,2,5,10631,15544
2023-09-13 14:07:09,2,4,10631,15544
2023-09-13 14:07:10,2,5,10631,15544
2023-09-13 14:07:11,2,4,10631,15544
2023-09-13 14:07:12,2,5,10631,15544
2023-09-13 14:07:13,2,4,10631,15544
2023-09-13 14:07:14,2,5,10631,15544
2023-09-13 14:07:14,2,4,10631,15544
2023-09-13 14:07:18,2,5,10631,15544
2023-09-13 14:07:19,2,4,10631,15544
2023-09-13 14:07:20,2,5,10631,15544
2023-09-13 14:07:21,2,4,10631,15544
2023-09-13 14:07:22,2,5,10631,15544
2023-09-13 14:07:22,2,4,10631,15544
2023-09-13 14:07:24,2,5,10631,15544
2023-09-13 14:07:25,2,4,10631,15544
2023-09-13 14:07:26,2,5,10631,15544
2023-09-13 14:07:27,2,4,10631,15544
2023-09-13 14:08:33,1,4,10631,15544
2023-09-13 14:08:43,1,4,10631,15554
2023-09-13 14:08:43,2,4,10631,15554
2023-09-13 14:10:21,2,3,10631,15554
2023-09-13 14:10:22,2,4,10631,15554
2023-09-13 14:10:23,2,3,10631,15554
2023-09-13 14:10:24,2,4,10631,15554
2023-09-13 14:10:25,2,3,10631,15554
2023-09-13 14:10:26,2,4,10631,15554
2023-09-13 14:10:27,2,3,10631,15554
2023-09-13 14:10:28,2,4,10631,15554
2023-09-13 14:10:29,2,3,10631,15554
2023-09-13 14:10:30,2,4,10631,15554
2023-09-13 14:10:31,2,3,10631,15554
2023-09-13 14:10:32,2,4,10631,15554
2023-09-13 14:10:33,2,3,10631,15554
2023-09-13 14:10:34,2,4,10631,15554
2023-09-13 14:12:42,2,3,10631,15554
2023-09-13 14:12:43,2,4,10631,15554
2023-09-13 14:12:44,2,3,10631,15554
2023-09-13 14:12:45,2,4,10631,15554
2023-09-13 14:14:02,2,3,10631,15554
2023-09-13 14:14:03,2,4,10631,15554
2023-09-13 14:14:04,2,3,10631,15554
2023-09-13 14:14:05,2,4,10631,15554
2023-09-13 14:14:06,2,3,10631,15554
2023-09-13 14:14:07,2,4,10631,15554
2023-09-13 14:14:08,2,3,10631,15554
2023-09-13 14:14:09,2,4,10631,15554
2023-09-13 14:14:10,2,3,10631,15554
2023-09-13 14:14:11,2,4,10631,15554
2023-09-13 14:14:12,2,3,10631,15554
2023-09-13 14:14:13,2,4,10631,15554
2023-09-13 14:14:14,2,3,10631,15554
2023-09-13 14:14:15,2,4,10631,15554
2023-09-13 14:14:16,2,3,10631,15554
2023-09-13 14:14:17,2,4,10631,15554
2023-09-13 14:14:25,2,3,10631,15554
2023-09-13 14:14:26,2,4,10631,15554
2023-09-13 14:14:27,2,3,10631,15554
2023-09-13 14:14:28,2,4,10631,15554
2023-09-13 14:14:30,2,3,10631,15554
2023-09-13 14:14:31,2,4,10631,15554
2023-09-13 14:14:32,2,3,10631,15554
2023-09-13 14:14:33,2,4,10631,15554
2023-09-13 14:14:34,2,3,10631,15554
2023-09-13 14:14:35,2,4,10631,15554
2023-09-13 14:14:36,2,3,10631,15554
2023-09-13 14:14:37,2,4,10631,15554
2023-09-13 14:14:38,2,3,10631,15554
2023-09-13 14:14:39,2,4,10631,15554
2023-09-13 14:14:40,2,3,10631,15554
2023-09-13 14:14:41,2,4,10631,15554
2023-09-13 14:14:42,2,3,10631,15554
2023-09-13 14:14:43,2,4,10631,15554
2023-09-13 14:14:44,2,3,10631,15554
2023-09-13 14:14:45,2,4,10631,15554
2023-09-13 14:14:46,2,3,10631,15554
2023-09-13 14:14:47,2,4,10631,15554
2023-09-13 14:14:48,2,3,10631,15554
2023-09-13 14:14:49,2,4,10631,15554
2023-09-13 14:14:50,2,3,10631,15554
2023-09-13 14:14:51,2,4,10631,15554
2023-09-13 14:14:53,2,3,10631,15554
2023-09-13 14:14:53,2,4,10631,15554
2023-09-13 14:14:58,2,3,10631,15554
2023-09-13 14:14:58,2,4,10631,15554
2023-09-13 14:14:59,2,3,10631,15554
2023-09-13 14:15:00,2,4,10631,15554
2023-09-13 14:15:01,2,3,10631,15554
2023-09-13 14:15:02,2,4,10631,15554
2023-09-13 14:15:03,2,3,10631,15554
2023-09-13 14:15:04,2,4,10631,15554
2023-09-13 14:15:05,2,3,10631,15554
2023-09-13 14:15:06,2,4,10631,15554
2023-09-13 14:15:07,2,3,10631,15554
2023-09-13 14:15:08,2,4,10631,15554
2023-09-13 14:15:09,2,3,10631,15554
2023-09-13 14:15:10,2,4,10631,15554
2023-09-13 14:15:11,2,3,10631,15554
2023-09-13 14:15:12,2,4,10631,15554
2023-09-13 14:15:13,2,3,10631,15554
2023-09-13 14:15:14,2,4,10631,15554
2023-09-13 14:15:22,2,5,10631,15554
2023-09-13 14:15:23,2,4,10631,15554
2023-09-13 14:15:24,2,5,10631,15554
2023-09-13 14:15:25,2,4,10631,15554
2023-09-13 14:15:26,2,5,10631,15554
2023-09-13 14:15:27,2,4,10631,15554
2023-09-13 14:15:28,2,5,10631,15554
2023-09-13 14:15:28,1,5,10631,15554
2023-09-13 14:15:28,3,5,10631,15554
2023-09-13 14:15:29,3,4,10631,15554
2023-09-13 14:15:30,3,5,10631,15554
2023-09-13 14:15:31,3,4,10631,15554
2023-09-13 14:15:32,3,5,10631,15554
2023-09-13 14:15:33,3,4,10631,15554
2023-09-13 14:15:34,3,5,10631,15554
2023-09-13 14:15:35,3,4,10631,15554
2023-09-13 14:15:36,3,5,10631,15554
2023-09-13 14:15:37,3,4,10631,15554
2023-09-13 14:15:38,3,5,10631,15554
2023-09-13 14:15:39,3,4,10631,15554
2023-09-13 14:15:40,3,5,10631,15554
2023-09-13 14:15:40,3,4,10631,15554
2023-09-13 14:15:42,1,4,10621,15564
2023-09-13 14:18:25,1,2,10621,15564
2023-09-13 14:18:26,1,3,10621,15564
2023-09-13 14:18:26,1,2,10621,15564
2023-09-13 14:18:27,1,3,10621,15564
2023-09-13 14:19:14,2,3,10621,15564
2023-09-13 14:19:15,1,3,10621,15564
2023-09-13 14:19:16,2,3,10621,15564
2023-09-13 14:19:21,1,3,10621,15564
2023-09-13 14:19:28,2,3,10621,15564
2023-09-13 14:19:31,1,3,10621,15564
2023-09-13 14:19:32,2,3,10621,15564
2023-09-13 14:19:33,1,3,10621,15564
2023-09-13 14:21:15,2,3,10621,15564
2023-09-13 14:35:34,2,3,10696,15639
2023-09-13 14:35:47,1,3,10696,15639
2023-09-13 14:35:48,1,2,10696,15639
2023-09-13 14:35:48,1,3,10696,15639
2023-09-13 14:35:48,1,2,10696,15639
2023-09-13 14:35:58,1,3,10696,15639
2023-09-13 14:35:58,1,2,10696,15639
2023-09-13 14:36:10,1,3,10696,15639
2023-09-13 14:36:10,1,2,10696,15639
2023-09-13 14:36:21,1,3,10696,15639
2023-09-13 14:36:21,1,2,10696,15639
2023-09-13 14:36:31,1,3,10696,15639
2023-09-13 14:36:31,1,2,10696,15639
2023-09-13 14:36:42,1,3,10696,15639
2023-09-13 14:36:42,1,2,10696,15639
2023-09-13 14:36:53,1,3,10696,15639
2023-09-13 14:36:53,1,2,10696,15639
2023-09-13 14:37:03,1,3,10696,15639
2023-09-13 14:37:03,1,2,10696,15639
2023-09-13 14:37:14,1,3,10696,15639
2023-09-13 14:37:14,1,2,10696,15639
2023-09-13 14:37:24,1,3,10696,15639
2023-09-13 14:37:24,1,2,10696,15639
2023-09-13 14:37:30,0,2,10696,15639
2023-09-13 14:37:34,0,3,10696,15639
2023-09-13 14:37:35,1,3,10696,15639
2023-09-13 14:37:35,1,2,10696,15639
2023-09-13 14:37:45,1,3,10696,15639
2023-09-13 14:37:45,1,2,10696,15639
2023-09-13 14:37:55,1,3,10696,15639
2023-09-13 14:37:55,1,2,10696,15639
2023-09-13 14:38:06,1,3,10696,15639
2023-09-13 14:38:06,1,2,10696,15639
2023-09-13 14:38:16,1,3,10696,15639
2023-09-13 14:38:17,1,2,10696,15639
2023-09-13 14:38:27,1,3,10696,15639
2023-09-13 14:38:27,1,2,10696,15639
2023-09-13 14:38:37,1,3,10696,15639
2023-09-13 14:38:37,1,2,10696,15639
2023-09-13 14:38:48,1,3,10696,15639
2023-09-13 14:38:48,1,2,10696,15639
2023-09-13 14:38:59,1,3,10696,15639
2023-09-13 14:38:59,1,2,10696,15639
2023-09-13 14:39:09,1,3,10696,15639
2023-09-13 14:39:09,1,2,10696,15639
2023-09-13 14:39:20,1,3,10696,15639
2023-09-13 14:39:20,1,2,10696,15639
2023-09-13 14:39:30,1,3,10696,15639
2023-09-13 14:39:30,1,2,10696,15639
2023-09-13 14:39:41,1,3,10696,15639
2023-09-13 14:39:41,1,2,10696,15639
2023-09-13 14:39:52,1,3,10696,15639
2023-09-13 14:39:52,1,2,10696,15639
2023-09-13 14:40:02,1,3,10696,15639
2023-09-13 14:40:03,1,2,10696,15639
2023-09-13 14:40:13,1,3,10696,15639
2023-09-13 14:40:13,1,2,10696,15639
2023-09-13 14:40:23,1,3,10696,15639
2023-09-13 14:40:24,1,2,10696,15639
2023-09-13 14:40:34,1,3,10696,15639
2023-09-13 14:40:34,1,2,10696,15639
2023-09-13 14:40:44,1,3,10696,15639
2023-09-13 14:40:44,1,2,10696,15639
2023-09-13 14:40:55,1,3,10696,15639
2023-09-13 14:40:55,1,2,10696,15639
2023-09-13 14:41:06,1,3,10696,15639
2023-09-13 14:41:06,1,2,10696,15639
2023-09-13 14:41:16,1,3,10696,15639
2023-09-13 14:41:17,1,2,10696,15639
2023-09-13 14:41:27,1,3,10696,15639
2023-09-13 14:41:27,1,2,10696,15639
2023-09-13 14:41:37,1,3,10696,15639
2023-09-13 14:41:38,1,2,10696,15639
2023-09-13 14:41:48,1,3,10696,15639
2023-09-13 14:41:48,1,2,10696,15639
2023-09-13 14:41:59,1,3,10696,15639
2023-09-13 14:41:59,1,2,10696,15639
2023-09-13 14:42:09,1,3,10696,15639
2023-09-13 14:42:10,1,2,10696,15639
2023-09-13 14:42:21,1,3,10696,15639
2023-09-13 14:42:21,1,2,10696,15639
2023-09-13 14:42:32,1,3,10696,15639
2023-09-13 14:42:32,1,2,10696,15639
2023-09-13 14:42:43,1,3,10696,15639
2023-09-13 14:42:43,1,2,10696,15639
2023-09-13 14:42:53,1,3,10696,15639
2023-09-13 14:42:54,1,2,10696,15639
2023-09-13 14:43:04,1,3,10696,15639
2023-09-13 14:43:04,1,2,10696,15639
2023-09-13 14:43:14,1,3,10696,15639
2023-09-13 14:43:15,1,2,10696,15639
2023-09-13 14:43:25,1,3,10696,15639
2023-09-13 14:43:25,1,2,10696,15639
2023-09-13 14:43:36,1,3,10696,15639
2023-09-13 14:43:36,1,2,10696,15639
2023-09-13 14:43:46,1,3,10696,15639
2023-09-13 14:43:46,1,2,10696,15639
2023-09-13 14:43:57,1,3,10696,15639
2023-09-13 14:43:57,1,2,10696,15639
2023-09-13 14:44:07,1,3,10696,15639
2023-09-13 14:44:07,1,2,10696,15639
2023-09-13 14:44:18,1,3,10696,15639
2023-09-13 14:44:18,1,2,10696,15639
2023-09-13 14:44:28,1,3,10696,15639
2023-09-13 14:44:28,1,2,10696,15639
2023-09-13 14:44:39,1,3,10696,15639
2023-09-13 14:44:39,1,2,10696,15639
2023-09-13 14:44:49,1,3,10696,15639
2023-09-13 14:44:49,1,2,10696,15639
2023-09-13 14:45:00,1,3,10696,15639
2023-09-13 14:45:00,1,2,10696,15639
2023-09-13 14:45:11,1,3,10696,15639
2023-09-13 14:45:11,1,2,10696,15639
2023-09-13 14:45:22,1,3,10696,15639
2023-09-13 14:45:22,1,2,10696,15639
2023-09-13 14:45:33,1,3,10696,15639
2023-09-13 14:45:33,1,2,10696,15639
2023-09-13 14:45:43,1,3,10696,15639
2023-09-13 14:45:43,1,2,10696,15639
2023-09-13 14:45:54,1,3,10696,15639
2023-09-13 14:45:54,1,2,10696,15639
2023-09-13 14:46:04,1,3,10696,15639
2023-09-13 14:46:04,1,2,10696,15639
2023-09-13 14:46:15,1,3,10696,15639
2023-09-13 14:46:15,1,2,10696,15639
2023-09-13 14:46:26,1,3,10696,15639
2023-09-13 14:46:26,1,2,10696,15639
2023-09-13 14:46:37,1,3,10696,15639
2023-09-13 14:46:37,1,2,10696,15639
2023-09-13 14:46:48,1,3,10696,15639
2023-09-13 14:46:48,1,2,10696,15639
2023-09-13 14:46:59,1,3,10696,15639
2023-09-13 14:46:59,1,2,10696,15639
2023-09-13 14:47:10,1,3,10696,15639
2023-09-13 14:47:10,1,2,10696,15639
2023-09-13 14:47:21,1,3,10696,15639
2023-09-13 14:47:21,1,2,10696,15639
2023-09-13 14:47:31,1,3,10696,15639
2023-09-13 14:47:31,1,2,10696,15639
2023-09-13 14:47:42,1,3,10696,15639
2023-09-13 14:47:42,1,2,10696,15639
2023-09-13 14:47:53,1,3,10696,15639
2023-09-13 14:47:53,1,2,10696,15639
2023-09-13 14:48:03,1,3,10696,15639
2023-09-13 14:48:03,1,2,10696,15639
2023-09-13 14:48:14,1,3,10696,15639
2023-09-13 14:48:14,1,2,10696,15639
2023-09-13 14:48:24,1,3,10696,15639
2023-09-13 14:48:24,1,2,10696,15639
2023-09-13 14:48:35,1,3,10696,15639
2023-09-13 14:48:35,1,2,10696,15639
2023-09-13 14:48:45,1,3,10696,15639
2023-09-13 14:48:46,1,2,10696,15639
2023-09-13 14:48:56,1,3,10696,15639
2023-09-13 14:48:56,1,2,10696,15639
2023-09-13 14:49:06,1,3,10696,15639
2023-09-13 14:49:07,1,2,10696,15639
2023-09-13 14:49:17,1,3,10696,15639
2023-09-13 14:49:17,1,2,10696,15639
2023-09-13 14:49:28,1,3,10696,15639
2023-09-13 14:49:28,1,2,10696,15639
2023-09-13 14:49:38,1,3,10696,15639
2023-09-13 14:49:38,1,2,10696,15639
2023-09-13 14:49:48,1,3,10696,15639
2023-09-13 14:49:48,1,2,10696,15639
2023-09-13 14:49:50,1,3,10696,15639
2023-09-13 14:50:39,2,3,10696,15639
2023-09-13 14:50:40,1,3,10696,15639
2023-09-13 14:50:44,2,3,10696,15639
2023-09-13 14:50:55,1,3,10696,15639
2023-09-13 14:50:59,2,3,10696,15639
2023-09-13 14:51:06,3,5,10696,15664
2023-09-13 14:51:08,3,5,10568,15792
2023-09-13 14:51:09,2,5,10568,15792
2023-09-13 14:51:21,3,5,10568,15792
2023-09-13 14:51:22,4,5,10568,15792
2023-09-13 14:51:22,4,5,10568,15892
2023-09-13 14:51:23,3,5,10568,15892
2023-09-13 14:51:23,3,5,10562,15898
2023-09-13 14:51:26,3,6,10562,15898
2023-09-13 14:51:26,4,6,10562,15898
2023-09-13 14:51:27,3,6,10562,15898
2023-09-13 14:51:44,3,5,10562,15898
2023-09-13 14:51:44,2,5,10562,15898
2023-09-13 14:52:12,1,5,10562,15898
2023-09-13 14:52:12,1,4,10562,15898
2023-09-13 14:52:13,2,4,10562,15898
2023-09-13 14:52:13,2,5,10562,15898
2023-09-13 14:52:14,2,4,10562,15898
2023-09-13 14:52:15,2,5,10562,15898
2023-09-13 14:52:16,2,4,10562,15898
2023-09-13 14:52:17,2,5,10562,15898
2023-09-13 14:52:18,2,4,10562,15898
2023-09-13 14:52:19,2,5,10562,15898
2023-09-13 14:52:20,2,4,10562,15898
2023-09-13 14:52:21,2,5,10562,15898
2023-09-13 14:52:24,1,5,10562,15898
2023-09-13 14:52:25,1,4,10562,15898
2023-09-13 14:52:26,2,4,10562,15898
2023-09-13 14:52:27,1,4,10562,15898
2023-09-13 14:52:28,2,4,10562,15898
2023-09-13 14:53:07,3,4,10562,15898
2023-09-13 14:53:07,3,5,10562,15898
2023-09-13 14:53:11,2,5,10562,15898
2023-09-13 14:53:16,3,5,10562,15898
2023-09-13 14:53:19,2,5,10562,15898
2023-09-13 14:53:22,3,5,10562,15898
2023-09-13 14:53:35,3,4,10562,15898
2023-09-13 14:53:53,3,4,10554,15906
2023-09-13 14:54:00,3,4,10554,16106
2023-09-13 14:54:01,3,4,10554,16306
2023-09-13 14:54:02,3,4,10554,16506
2023-09-13 14:54:04,3,4,10554,16706
2023-09-13 14:54:06,3,6,10554,16906
2023-09-13 14:54:06,4,6,10554,16906
2023-09-13 14:54:11,4,7,10554,16906
2023-09-13 14:54:11,5,7,10554,16906
2023-09-13 14:54:14,5,8,10554,16906
2023-09-13 14:54:23,5,9,10554,16906
2023-09-13 14:54:24,6,9,10554,16906
2023-09-13 14:54:28,5,9,10554,16906
2023-09-13 14:54:30,6,9,10554,16906
2023-09-13 14:54:36,7,9,10554,16906
2023-09-13 14:54:38,8,9,10554,16906
2023-09-13 14:54:38,8,9,10543,16917
2023-09-13 14:54:39,8,10,10543,16917
2023-09-13 14:54:40,8,11,10543,16992
2023-09-13 14:54:40,10,12,10543,16992
2023-09-13 14:54:40,10,13,10345,17190
2023-09-13 14:54:40,10,11,10345,17190
2023-09-13 14:54:40,10,12,10345,17190
2023-09-13 14:54:43,11,12,10345,17190
2023-09-13 14:54:43,11,13,10345,17190
2023-09-13 14:54:46,11,12,10345,17190
2023-09-13 14:54:47,11,13,10345,17190
2023-09-13 14:54:48,11,12,10345,17190
2023-09-13 14:54:49,11,13,10345,17190
2023-09-13 14:54:51,12,13,10345,17190
2023-09-13 14:54:52,11,13,10345,17190
2023-09-13 14:54:52,11,12,10345,17190
2023-09-13 14:54:53,10,12,10345,17190
2023-09-13 14:54:54,10,11,10345,17190
2023-09-13 14:54:55,10,12,10345,17190
2023-09-13 14:54:59,11,12,10345,17190
2023-09-13 14:55:00,10,12,10345,17265
2023-09-13 14:55:01,11,12,10345,17265
2023-09-13 14:55:01,11,13,10345,17265
2023-09-13 14:55:02,13,14,10345,17340
2023-09-13 14:55:04,13,14,10283,17465
2023-09-13 14:55:04,12,14,10283,17540
2023-09-13 14:55:05,13,14,10283,17540
2023-09-13 14:55:06,13,14,10083,17740
2023-09-13 14:55:07,13,14,9934,17940
2023-09-13 14:55:07,13,17,9934,17940
2023-09-13 14:55:07,14,17,9934,17940
2023-09-13 14:55:07,14,16,9934,17940
2023-09-13 14:55:08,14,15,9934,17940
2023-09-13 14:55:09,14,16,9934,17940
2023-09-13 14:55:10,14,15,9934,17940
2023-09-13 14:55:11,14,16,9934,17940
2023-09-13 14:55:12,14,15,9934,17940
2023-09-13 14:55:13,14,16,9934,17940
2023-09-13 14:55:14,14,15,9934,17940
2023-09-13 14:55:15,14,16,9934,17940
2023-09-13 14:55:15,13,16,9784,18090
2023-09-13 14:55:16,13,15,9784,18090
2023-09-13 14:55:16,13,14,9784,18090
2023-09-13 14:55:17,13,15,9784,18090
2023-09-13 14:55:18,13,16,9784,18090
2023-09-13 14:55:18,13,15,9784,18090
2023-09-13 14:55:18,13,14,9784,18090
2023-09-13 14:55:19,11,14,9784,18090
2023-09-13 14:55:19,12,14,9784,18090
2023-09-13 14:55:20,13,14,9784,18090
2023-09-13 14:55:22,11,14,9784,18090
2023-09-13 14:55:26,12,13,9784,18090
2023-09-13 14:55:27,12,14,9784,18090
2023-09-13 14:55:28,12,13,9784,18090
2023-09-13 14:55:30,12,14,9784,18090
2023-09-13 14:55:31,13,14,9784,18090
2023-09-13 14:55:32,13,14,9784,18290
2023-09-13 14:55:32,14,15,9784,18309
2023-09-13 14:55:32,16,19,9859,18384
2023-09-13 14:55:32,14,19,9984,18509
2023-09-13 14:55:32,14,16,9984,18509
2023-09-13 14:55:32,14,18,9984,18509
2023-09-13 14:55:32,14,17,9984,18509
2023-09-13 14:55:32,14,16,9984,18509
2023-09-13 14:55:34,15,16,9984,18509
2023-09-13 14:55:35,14,16,10059,18659
2023-09-13 14:55:35,14,15,10059,18659
2023-09-13 14:55:35,14,16,10059,18659
2023-09-13 14:55:35,14,16,10087,18687
2023-09-13 14:55:35,14,15,10087,18687
2023-09-13 14:55:35,14,16,10087,18687
2023-09-13 14:55:38,15,16,10087,18687
2023-09-13 14:55:42,15,16,10087,18937
2023-09-13 14:55:44,15,17,10087,18971
2023-09-13 14:55:44,15,16,10087,18971
2023-09-13 14:55:45,15,17,10087,19211
2023-09-13 14:55:46,15,16,10087,19211
2023-09-13 14:55:49,15,17,10087,19393
2023-09-13 14:55:49,15,16,10087,19393
2023-09-13 14:55:53,14,16,10087,19393
2023-09-13 14:55:54,14,17,10087,19619
2023-09-13 14:55:54,14,16,10087,19619
2023-09-13 14:55:58,14,15,10087,19619
2023-09-13 14:55:59,14,16,10087,19619
2023-09-13 14:56:01,15,16,10087,19619
2023-09-13 14:56:02,15,17,10087,19619
2023-09-13 14:56:02,16,17,10087,19619
2023-09-13 14:56:04,14,17,10087,19619
2023-09-13 14:56:05,15,18,10087,19828
2023-09-13 14:56:05,15,17,10087,19828
2023-09-13 14:56:05,15,16,10087,19828
2023-09-13 14:56:06,13,16,10087,19828
2023-09-13 14:56:06,14,16,10087,19828
2023-09-13 14:56:09,14,15,10087,19828
2023-09-13 14:56:11,14,15,10087,20078
2023-09-13 14:56:12,14,16,10087,20109
2023-09-13 14:56:12,14,15,10087,20109
2023-09-13 14:56:13,13,15,10087,20109
2023-09-13 14:56:13,13,16,10087,20315
2023-09-13 14:56:13,13,15,10087,20315
2023-09-13 14:56:13,13,14,10087,20315
2023-09-13 14:56:14,13,16,10087,20315
2023-09-13 14:56:14,13,15,10087,20315
2023-09-13 14:56:14,13,16,10087,20315
2023-09-13 14:56:15,13,15,10087,20315
2023-09-13 14:56:17,13,16,10087,20527
2023-09-13 14:56:17,13,15,10087,20527
2023-09-13 14:56:18,13,16,10087,20749
2023-09-13 14:56:19,13,15,10087,20749
2023-09-13 14:56:22,13,15,10087,20999
2023-09-13 14:56:22,13,14,10087,20999
2023-09-13 14:56:23,13,14,10215,21249
2023-09-13 14:56:23,13,14,10215,21499
2023-09-13 14:56:24,11,14,10215,21574
2023-09-13 14:56:25,11,13,10215,21574
2023-09-13 14:56:25,10,13,10215,21574
2023-09-13 14:56:25,10,12,10215,21574
2023-09-13 14:56:26,10,12,10215,21649
2023-09-13 14:56:26,10,13,10348,21899
2023-09-13 14:56:27,10,13,10400,22149
2023-09-13 14:56:28,11,13,10400,22149
2023-09-13 14:56:37,10,13,10400,22149
2023-09-13 14:56:51,10,12,10400,22149
2023-09-13 14:56:52,10,13,10400,22149
2023-09-13 14:56:53,9,13,10400,22149
2023-09-13 14:56:53,9,12,10400,22149
2023-09-13 14:56:56,9,11,10400,22149
2023-09-13 14:56:56,8,11,10400,22149
2023-09-13 14:56:59,8,10,10400,22149
2023-09-13 14:57:02,8,11,10400,22149
2023-09-13 14:57:04,9,11,10400,22149
2023-09-13 14:57:06,8,11,10400,22149
2023-09-13 14:57:06,8,10,10400,22149
2023-09-13 14:57:09,8,11,10400,22149
2023-09-13 14:57:11,8,10,10400,22149
2023-09-13 14:57:12,7,10,10400,22149
2023-09-13 14:57:12,7,9,10400,22149
2023-09-13 14:57:12,6,9,10400,22149
2023-09-13 14:57:12,6,8,10400,22149
2023-09-13 14:57:12,6,9,10400,22149
2023-09-13 14:57:13,7,9,10400,22149
2023-09-13 14:57:14,6,9,10400,22149
2023-09-13 14:57:14,6,8,10400,22149
2023-09-13 14:57:15,6,7,10400,22149
2023-09-13 14:57:17,5,7,10400,22149
2023-09-13 14:57:18,6,7,10400,22149
2023-09-13 14:57:22,5,7,10400,22149
2023-09-13 14:57:27,6,7,10400,22149
2023-09-13 14:57:29,5,7,10400,22149
2023-09-13 14:57:30,6,7,10400,22149
2023-09-13 14:57:30,6,7,10427,22176
2023-09-13 14:57:30,6,7,10454,22203
2023-09-13 14:57:31,5,7,10454,22203
2023-09-13 14:57:32,5,6,10454,22203
2023-09-13 14:57:33,5,7,10454,22203
2023-09-13 14:57:35,5,6,10454,22203
2023-09-13 14:57:36,5,7,10454,22203
2023-09-13 14:57:38,5,6,10454,22203
2023-09-13 14:57:54,4,6,10454,22203
2023-09-13 14:57:55,3,6,10454,22203
2023-09-13 14:57:55,4,6,10454,22203
2023-09-13 14:57:56,4,5,10454,22203
2023-09-13 14:58:04,4,5,10584,22403
2023-09-13 14:58:04,2,5,10625,22444
2023-09-13 14:58:04,2,4,10625,22444
2023-09-13 14:58:04,2,5,10625,22544
2023-09-13 14:58:04,3,5,10625,22544
2023-09-13 14:58:05,4,5,10625,22544
2023-09-13 14:58:08,3,5,10625,22544
2023-09-13 14:58:09,3,4,10625,22544
2023-09-13 14:58:10,3,5,10625,22544
2023-09-13 14:58:11,3,4,10625,22544
2023-09-13 14:58:15,3,5,10825,22744
2023-09-13 14:58:16,4,5,10825,22744
2023-09-13 14:58:18,3,5,10825,22744
2023-09-13 14:58:21,3,4,10825,22744
2023-09-13 14:58:25,3,4,11005,22924
2023-09-13 14:58:40,2,3,11104,23023
2023-09-13 14:58:40,1,3,11104,23023
2023-09-13 14:58:54,0,3,11104,23023
2023-09-13 14:59:02,0,3,11204,23123
2023-09-13 14:59:04,0,2,11204,23123
2023-09-13 14:59:20,0,3,11404,23323
2023-09-13 14:59:22,1,3,11404,23323
2023-09-13 14:59:23,1,4,11503,23675
2023-09-13 14:59:25,2,4,11503,23675
2023-09-13 14:59:25,2,3,11503,23675
2023-09-13 14:59:25,2,4,11503,23675
2023-09-13 14:59:25,2,3,11503,23675
2023-09-13 14:59:25,2,3,11528,23700
2023-09-13 14:59:26,2,4,11653,23825
2023-09-13 14:59:27,3,4,11653,23825
2023-09-13 14:59:33,3,5,12053,24225
2023-09-13 14:59:34,4,5,12053,24225
2023-09-13 14:59:35,3,5,12053,24225
2023-09-13 14:59:48,2,5,12053,24225
2023-09-13 14:59:49,3,5,12053,24225
2023-09-13 14:59:50,2,5,12053,24225
2023-09-13 14:59:51,2,4,12053,24225
2023-09-13 14:59:52,2,5,12053,24225
2023-09-13 14:59:52,3,5,12053,24225
2023-09-13 14:59:53,2,5,12053,24225
2023-09-13 14:59:54,3,5,12053,24225
2023-09-13 15:00:09,4,5,12053,24225
2023-09-13 15:00:13,3,5,12053,24225
2023-09-13 15:00:15,3,4,12053,24225
2023-09-13 15:00:32,3,5,12053,24225
2023-09-13 15:00:33,4,5,12053,24225
2023-09-13 15:00:42,4,6,12053,24225
2023-09-13 15:01:04,5,6,12053,24225
2023-09-13 15:01:04,5,7,12053,24225
2023-09-13 15:01:10,4,7,12053,24225
2023-09-13 15:01:16,5,7,12053,24225
2023-09-13 15:01:17,4,7,12053,24225
2023-09-13 15:01:21,5,7,12053,24225
2023-09-13 15:01:25,4,7,12053,24225
2023-09-13 15:01:29,5,7,12053,24225
2023-09-13 15:01:45,5,8,12053,24225
2023-09-13 15:01:54,5,7,12053,24225
2023-09-13 15:02:05,5,8,12053,24225
2023-09-13 15:02:07,7,8,12053,24225
2023-09-13 15:02:10,7,9,12053,24225
2023-09-13 15:02:11,7,8,12053,24225
2023-09-13 15:02:18,5,8,12053,24225
2023-09-13 15:02:19,6,8,12053,24225
2023-09-13 15:02:25,5,8,12053,24225
2023-09-13 15:02:26,5,7,12053,24225
2023-09-13 15:02:27,5,8,12053,24225
2023-09-13 15:02:29,6,8,12053,24225
2023-09-13 15:02:29,6,7,12053,24225
2023-09-13 15:02:30,6,8,12053,24225
2023-09-13 15:02:33,7,8,12053,24225
2023-09-13 15:02:36,7,9,12053,24225
2023-09-13 15:02:38,8,9,12053,24225
2023-09-13 15:02:38,7,9,12053,24425
2023-09-13 15:02:43,7,8,12053,24425
2023-09-13 15:02:46,7,9,12053,24425
2023-09-13 15:02:48,7,8,12053,24425
2023-09-13 15:02:49,7,9,12053,24425
2023-09-13 15:02:50,7,8,12053,24425
2023-09-13 15:02:53,7,9,12053,24425
2023-09-13 15:02:54,6,9,12053,24425
2023-09-13 15:02:54,6,8,12053,24425
2023-09-13 15:03:00,6,9,12053,24425
2023-09-13 15:03:03,6,8,12053,24425
2023-09-13 15:03:04,6,9,12053,24425
2023-09-13 15:03:07,6,8,12053,24425
2023-09-13 15:03:08,6,9,12053,24425
2023-09-13 15:03:11,6,8,12053,24425
2023-09-13 15:03:26,7,8,12053,24425
2023-09-13 15:03:27,7,9,12053,24425
2023-09-13 15:03:31,7,8,12053,24425
2023-09-13 15:03:33,6,8,12053,24425
2023-09-13 15:03:45,6,9,12053,24425
2023-09-13 15:03:51,7,9,12053,24425
2023-09-13 15:03:57,8,9,12053,24425
2023-09-13 15:03:57,7,9,12053,24625
2023-09-13 15:04:00,8,9,12053,24625
2023-09-13 15:04:00,7,9,12053,24825
2023-09-13 15:04:06,6,9,12053,24825
2023-09-13 15:04:06,7,9,12053,24825
2023-09-13 15:04:07,6,9,12053,24825
2023-09-13 15:04:14,7,9,12053,24825
2023-09-13 15:04:20,8,9,12053,24825
2023-09-13 15:04:20,7,9,12053,25025
2023-09-13 15:04:21,8,9,12053,25025
2023-09-13 15:04:22,9,10,12053,25035
2023-09-13 15:04:22,9,11,12053,25035
2023-09-13 15:04:22,9,11,12053,25055
2023-09-13 15:04:22,9,11,12053,25075
2023-09-13 15:04:22,9,11,12053,25095
2023-09-13 15:04:22,9,11,12053,25115
2023-09-13 15:04:22,9,11,12053,25135
2023-09-13 15:04:22,9,11,12053,25155
2023-09-13 15:04:22,9,11,12053,25175
2023-09-13 15:04:22,9,11,12053,25195
2023-09-13 15:04:23,9,11,12053,25215
2023-09-13 15:04:26,9,12,12053,25215
2023-09-13 15:04:29,11,12,12053,25215
2023-09-13 15:04:29,10,12,12214,25415
2023-09-13 15:04:35,10,13,12214,25415
2023-09-13 15:04:36,10,12,12214,25415
2023-09-13 15:04:39,10,13,12214,25415
2023-09-13 15:04:40,10,12,12214,25415
2023-09-13 15:04:45,11,12,12214,25415
2023-09-13 15:04:58,12,13,12214,25515
2023-09-13 15:04:58,12,15,12214,25515
2023-09-13 15:05:03,12,15,12214,25515
2023-09-13 15:05:04,14,15,12214,25515
2023-09-13 15:05:06,14,16,12214,25515
2023-09-13 15:05:09,15,16,12214,25515
2023-09-13 15:05:09,15,18,12289,25715
2023-09-13 15:05:10,16,18,12289,25715
2023-09-13 15:05:10,16,17,12289,25715
2023-09-13 15:05:15,15,17,12289,25790
2023-09-13 15:05:15,14,17,12289,25790
2023-09-13 15:05:15,14,16,12289,25790
2023-09-13 15:05:17,14,15,12289,25790
2023-09-13 15:05:19,12,15,12289,25790
2023-09-13 15:05:19,13,15,12289,25790
2023-09-13 15:05:29,13,14,12289,25790
2023-09-13 15:05:31,13,15,12289,25790
2023-09-13 15:05:34,13,14,12289,25790
2023-09-13 15:05:35,11,14,12289,25790
2023-09-13 15:05:35,12,14,12289,25790
2023-09-13 15:05:37,10,14,12289,25790
2023-09-13 15:05:37,11,14,12289,25790
2023-09-13 15:05:41,11,13,12289,25790
2023-09-13 15:05:42,11,12,12289,25790
2023-09-13 15:05:43,9,12,12289,25790
2023-09-13 15:05:43,10,12,12289,25790
2023-09-13 15:05:48,10,11,12289,25790
2023-09-13 15:05:49,10,12,12289,25790
2023-09-13 15:05:53,10,11,12289,25790
2023-09-13 15:05:58,10,12,12289,25790
2023-09-13 15:06:02,11,12,12289,25790
2023-09-13 15:06:04,11,13,12289,25790
2023-09-13 15:06:09,11,12,12289,25790
2023-09-13 15:06:14,11,13,12289,25790
2023-09-13 15:06:34,11,14,12289,25790
2023-09-13 15:06:35,12,14,12289,25790
2023-09-13 15:06:35,12,15,12289,25790
2023-09-13 15:06:35,12,14,12289,25790
2023-09-13 15:06:37,12,13,12289,25790
2023-09-13 15:06:38,12,14,12289,25790
2023-09-13 15:06:39,12,13,12289,25790
2023-09-13 15:06:40,11,13,12289,25790
2023-09-13 15:06:57,12,13,12289,25790
2023-09-13 15:06:57,12,14,12289,25790
2023-09-13 15:07:01,12,15,12289,25790
2023-09-13 15:07:06,13,15,12289,25790
2023-09-13 15:07:06,14,15,12289,25790
2023-09-13 15:07:06,14,15,12349,25850
2023-09-13 15:07:06,14,16,12349,25850
2023-09-13 15:07:07,14,17,12349,25850
2023-09-13 15:07:07,14,19,12349,25850
2023-09-13 15:07:07,14,18,12349,25850
2023-09-13 15:07:07,14,17,12349,25850
2023-09-13 15:07:08,15,17,12349,25850
2023-09-13 15:07:12,16,17,12349,25850
2023-09-13 15:07:12,16,19,12349,25850
2023-09-13 15:07:12,16,18,12349,25850
2023-09-13 15:07:17,16,17,12349,25850
2023-09-13 15:07:18,16,18,12349,25850
2023-09-13 15:07:23,16,17,12349,25850
2023-09-13 15:07:24,16,18,12349,25850
2023-09-13 15:07:27,16,17,12349,25850
2023-09-13 15:07:37,16,17,12349,26050
2023-09-13 15:07:45,15,17,12349,26050
2023-09-13 15:07:48,15,16,12349,26050
2023-09-13 15:07:49,14,16,12349,26050
2023-09-13 15:07:57,14,17,12349,26050
2023-09-13 15:07:58,15,17,12349,26050
2023-09-13 15:08:04,15,16,12349,26050
2023-09-13 15:08:04,13,16,12349,26050
2023-09-13 15:08:06,13,16,12349,26050
2023-09-13 15:08:06,13,15,12349,26050
2023-09-13 15:08:09,13,17,12349,26050
2023-09-13 15:08:10,13,16,12349,26050
2023-09-13 15:08:13,13,15,12349,26050
2023-09-13 15:08:13,12,15,12349,26050
2023-09-13 15:08:15,12,14,12349,26050
2023-09-13 15:08:15,12,13,12349,26050
2023-09-13 15:08:16,12,14,12349,26050
2023-09-13 15:08:19,11,14,12349,26050
2023-09-13 15:08:19,12,14,12349,26050
2023-09-13 15:08:29,11,14,12349,26050
2023-09-13 15:08:29,12,14,12349,26050
2023-09-13 15:08:45,12,16,12349,26050
2023-09-13 15:08:46,12,15,12349,26050
2023-09-13 15:08:51,13,15,12349,26050
2023-09-13 15:08:53,13,17,12349,26050
2023-09-13 15:08:53,13,16,12349,26050
2023-09-13 15:09:00,14,16,12349,26050
2023-09-13 15:09:03,13,16,12349,26050
2023-09-13 15:09:10,13,15,12349,26050
2023-09-13 15:09:14,12,15,12349,26050
2023-09-13 15:09:20,12,14,12349,26050
2023-09-13 15:09:20,12,15,12349,26050
2023-09-13 15:09:27,13,15,12349,26050
2023-09-13 15:09:28,13,16,12349,26050
2023-09-13 15:09:33,15,16,12349,26050
2023-09-13 15:09:33,15,18,12349,26050
2023-09-13 15:09:34,15,17,12349,26050
2023-09-13 15:09:35,14,17,12349,26050
2023-09-13 15:09:37,15,17,12349,26050
2023-09-13 15:09:40,14,17,12349,26050
2023-09-13 15:09:42,14,16,12349,26050
2023-09-13 15:09:45,13,16,12349,26050
2023-09-13 15:09:46,13,15,12349,26050
2023-09-13 15:09:47,12,15,12349,26050
2023-09-13 15:09:47,13,15,12349,26050
2023-09-13 15:09:49,12,15,12349,26050
2023-09-13 15:09:49,12,14,12349,26050
2023-09-13 15:09:51,12,15,12349,26050
2023-09-13 15:09:52,12,16,12349,26050
2023-09-13 15:09:52,13,16,12349,26050
2023-09-13 15:09:52,13,15,12349,26050
2023-09-13 15:09:55,12,15,12349,26050
2023-09-13 15:09:59,13,15,12349,26050
2023-09-13 15:10:03,13,16,12349,26050
2023-09-13 15:10:05,14,16,12349,26050
2023-09-13 15:10:05,14,17,12349,26050
2023-09-13 15:10:06,14,16,12349,26050
2023-09-13 15:10:10,14,17,12349,26050
2023-09-13 15:10:12,14,16,12349,26050
2023-09-13 15:10:12,13,16,12349,26050
2023-09-13 15:10:15,13,15,12349,26050
2023-09-13 15:10:16,13,16,12349,26050
2023-09-13 15:10:17,13,15,12349,26050
2023-09-13 15:10:18,12,15,12349,26050
2023-09-13 15:10:21,12,14,12349,26050
2023-09-13 15:10:25,12,15,12349,26050
2023-09-13 15:10:27,13,15,12349,26050
2023-09-13 15:10:28,12,15,12349,26050
2023-09-13 15:10:28,13,15,12349,26050
2023-09-13 15:10:29,13,16,12349,26050
2023-09-13 15:10:32,13,15,12349,26050
2023-09-13 15:10:33,13,16,12349,26050
2023-09-13 15:10:41,14,16,12349,26050
2023-09-13 15:10:41,14,17,12349,26050
2023-09-13 15:10:42,13,17,12349,26050
2023-09-13 15:10:42,13,16,12349,26050
2023-09-13 15:10:48,13,15,12349,26050
2023-09-13 15:10:48,12,15,12349,26050
2023-09-13 15:10:49,12,14,12349,26050
2023-09-13 15:10:49,11,14,12349,26050
2023-09-13 15:10:50,12,14,12349,26050
2023-09-13 15:10:50,11,14,12349,26050
2023-09-13 15:10:50,12,14,12349,26050
2023-09-13 15:10:51,12,15,12349,26050
2023-09-13 15:10:55,13,15,12349,26050
2023-09-13 15:10:55,13,16,12349,26050
2023-09-13 15:10:57,13,15,12349,26050
2023-09-13 15:11:02,13,16,12349,26050
2023-09-13 15:11:03,13,15,12349,26050
2023-09-13 15:11:06,13,14,12349,26050
2023-09-13 15:11:08,12,13,12349,26125
2023-09-13 15:11:09,9,13,12349,26125
2023-09-13 15:11:10,11,13,12349,26125
2023-09-13 15:11:12,11,12,12349,26125
2023-09-13 15:11:18,10,12,12349,26125
2023-09-13 15:11:18,9,12,12349,26125
2023-09-13 15:11:22,9,11,12349,26125
2023-09-13 15:11:23,8,11,12349,26125
2023-09-13 15:11:24,9,11,12349,26125
2023-09-13 15:11:25,9,12,12349,26125
2023-09-13 15:11:25,9,11,12349,26125
2023-09-13 15:11:30,9,12,12349,26125
2023-09-13 15:11:31,10,12,12349,26125
2023-09-13 15:11:31,10,13,12349,26125
2023-09-13 15:11:36,10,13,12349,26245
2023-09-13 15:11:40,9,13,12349,26245
2023-09-13 15:11:40,9,12,12349,26245
2023-09-13 15:11:43,10,12,12349,26245
2023-09-13 15:11:45,9,12,12349,26245
2023-09-13 15:11:46,10,12,12349,26245
2023-09-13 15:11:47,9,12,12349,26245
2023-09-13 15:11:48,10,12,12349,26245
2023-09-13 15:11:55,9,12,12349,26245
2023-09-13 15:12:02,10,12,12349,26245
2023-09-13 15:12:06,10,13,12349,26245
2023-09-13 15:12:10,10,12,12349,26245
2023-09-13 15:12:19,10,13,12349,26245
2023-09-13 15:12:21,10,14,12349,26245
2023-09-13 15:12:22,12,14,12349,26245
2023-09-13 15:12:31,12,13,12349,26245
2023-09-13 15:12:31,10,13,12349,26245
2023-09-13 15:12:32,10,12,12349,26245
2023-09-13 15:12:32,8,12,12349,26245
2023-09-13 15:12:32,8,11,12349,26245
2023-09-13 15:12:33,9,11,12349,26245
2023-09-13 15:12:34,10,11,12349,26245
2023-09-13 15:12:36,9,11,12349,26245
2023-09-13 15:12:38,8,11,12349,26245
2023-09-13 15:12:38,8,10,12349,26245
2023-09-13 15:12:39,7,10,12349,26245
2023-09-13 15:12:39,8,10,12349,26245
2023-09-13 15:12:40,9,10,12349,26245
2023-09-13 15:12:44,9,11,12349,26245
2023-09-13 15:12:56,9,12,12349,26245
2023-09-13 15:13:06,10,12,12349,26245
2023-09-13 15:13:31,10,13,12349,26245
2023-09-13 15:13:36,10,12,12349,26245
2023-09-13 15:13:42,10,11,12349,26245
2023-09-13 15:13:48,9,11,12349,26245
2023-09-13 15:13:50,10,11,12349,26245
2023-09-13 15:13:51,9,11,12349,26245
2023-09-13 15:13:55,10,11,12349,26245
2023-09-13 15:13:57,10,12,12349,26245
2023-09-13 15:14:05,10,14,12349,26245
2023-09-13 15:14:06,12,14,12349,26245
2023-09-13 15:14:07,12,15,12349,26245
2023-09-13 15:14:09,13,15,12349,26245
2023-09-13 15:14:10,12,15,12349,26245
2023-09-13 15:14:11,13,15,12349,26245
2023-09-13 15:14:13,13,16,12349,26245
2023-09-13 15:14:19,14,16,12349,26245
2023-09-13 15:14:22,14,17,12349,26245
2023-09-13 15:14:24,14,19,12349,26245
2023-09-13 15:14:24,15,19,12349,26245
2023-09-13 15:14:24,15,20,12349,26245
2023-09-13 15:14:24,15,19,12349,26245
2023-09-13 15:14:25,16,19,12349,26245
2023-09-13 15:14:26,17,19,12349,26245
2023-09-13 15:14:29,17,21,12349,26245
2023-09-13 15:14:29,17,20,12349,26245
2023-09-13 15:14:36,17,19,12349,26245
2023-09-13 15:14:42,16,19,12349,26245
2023-09-13 15:14:48,17,19,12349,26245
2023-09-13 15:14:50,17,18,12349,26245
2023-09-13 15:14:51,16,18,12349,26245
2023-09-13 15:14:52,17,18,12349,26245
2023-09-13 15:14:54,17,19,12349,26245
2023-09-13 15:15:08,17,21,12349,26245
2023-09-13 15:15:08,17,20,12349,26245
2023-09-13 15:15:09,17,21,12349,26245
2023-09-13 15:15:09,17,19,12349,26245
2023-09-13 15:15:15,16,19,12349,26245
2023-09-13 15:15:15,16,21,12349,26245
2023-09-13 15:15:15,16,19,12349,26245
2023-09-13 15:15:15,16,18,12349,26245
2023-09-13 15:15:17,17,18,12349,26245
2023-09-13 15:15:18,16,18,12349,26245
2023-09-13 15:15:19,15,18,12349,26245
2023-09-13 15:15:20,15,17,12349,26245
2023-09-13 15:15:20,13,17,12349,26245
2023-09-13 15:15:20,14,17,12349,26245
2023-09-13 15:15:20,13,17,12349,26245
2023-09-13 15:15:20,13,16,12349,26245
2023-09-13 15:15:21,13,17,12349,26245
2023-09-13 15:15:21,13,16,12349,26245
2023-09-13 15:15:21,13,15,12349,26245
2023-09-13 15:15:25,13,17,12349,26245
2023-09-13 15:15:25,13,16,12349,26245
2023-09-13 15:15:26,14,16,12349,26245
2023-09-13 15:15:32,14,17,12349,26245
2023-09-13 15:15:32,14,18,12349,26245
2023-09-13 15:15:32,14,17,12349,26245
2023-09-13 15:15:35,15,17,12349,26245
2023-09-13 15:15:35,15,18,12349,26245
2023-09-13 15:15:35,15,19,12349,26245
2023-09-13 15:15:35,15,18,12349,26245
2023-09-13 15:15:36,16,18,12349,26245
2023-09-13 15:15:36,16,19,12349,26245
2023-09-13 15:15:37,16,20,12349,26245
2023-09-13 15:15:37,17,20,12349,26245
2023-09-13 15:15:38,16,20,12349,26245
2023-09-13 15:15:38,16,19,12349,26245
2023-09-13 15:15:44,17,19,12349,26245
2023-09-13 15:15:46,16,19,12349,26245
2023-09-13 15:15:47,15,19,12349,26245
2023-09-13 15:15:48,16,19,12349,26245
2023-09-13 15:15:50,15,19,12349,26245
2023-09-13 15:15:50,15,18,12349,26245
2023-09-13 15:15:57,13,18,12349,26245
2023-09-13 15:15:57,14,18,12349,26245
2023-09-13 15:15:58,14,17,12349,26245
2023-09-13 15:16:02,14,16,12349,26245
2023-09-13 15:16:05,13,16,12349,26245
2023-09-13 15:16:07,13,15,12349,26245
2023-09-13 15:16:08,12,15,12349,26245
2023-09-13 15:16:09,12,14,12349,26245
2023-09-13 15:16:09,12,13,12349,26245
2023-09-13 15:16:11,10,13,12349,26245
2023-09-13 15:16:13,11,13,12349,26245
2023-09-13 15:16:14,10,13,12349,26245
2023-09-13 15:16:17,10,12,12349,26245
2023-09-13 15:16:31,10,11,12349,26245
2023-09-13 15:16:31,9,11,12349,26245
2023-09-13 15:16:35,9,12,12349,26245
2023-09-13 15:16:35,9,11,12349,26245
2023-09-13 15:16:42,9,10,12349,26245
2023-09-13 15:16:44,9,11,12349,26245
2023-09-13 15:16:45,9,10,12349,26245
2023-09-13 15:16:47,8,9,12349,26320
2023-09-13 15:16:50,6,9,12349,26320
2023-09-13 15:16:51,7,9,12349,26320
2023-09-13 15:16:55,7,8,12349,26320
2023-09-13 15:16:59,7,9,12349,26320
2023-09-13 15:17:33,7,8,12349,26320
2023-09-13 15:17:33,6,8,12349,26320
2023-09-13 15:17:42,6,7,12349,26320
2023-09-13 15:17:45,6,8,12349,26320
2023-09-13 15:17:52,6,7,12349,26320
2023-09-13 15:17:52,4,7,12349,26320
2023-09-13 15:17:53,4,8,12349,26320
2023-09-13 15:17:53,5,8,12349,26320
2023-09-13 15:17:54,6,8,12349,26320
2023-09-13 15:17:55,6,7,12349,26320
2023-09-13 15:17:57,6,8,12349,26530
2023-09-13 15:17:59,6,9,12349,26530
2023-09-13 15:18:00,7,9,12349,26530
2023-09-13 15:18:03,7,8,12349,26530
2023-09-13 15:18:04,6,8,12349,26530
2023-09-13 15:18:06,7,8,12349,26530
2023-09-13 15:18:11,6,7,12349,26605
2023-09-13 15:18:12,6,8,12349,26605
2023-09-13 15:18:17,7,8,12349,26605
2023-09-13 15:18:18,7,8,12349,26680
2023-09-13 15:18:22,6,8,12349,26680
2023-09-13 15:18:23,7,8,12349,26680
2023-09-13 15:19:03,7,9,12349,26680
2023-09-13 15:19:04,7,8,12349,26680
2023-09-13 15:19:05,7,9,12349,26680
2023-09-13 15:19:08,7,8,12349,26680
2023-09-13 15:19:08,6,8,12349,26680
2023-09-13 15:19:12,7,8,12349,26680
2023-09-13 15:19:13,6,8,12349,26680
2023-09-13 15:19:16,7,8,12349,26680
2023-09-13 15:19:18,6,8,12349,26680
2023-09-13 15:19:21,6,7,12349,26680
2023-09-13 15:19:41,5,7,12349,26680
2023-09-13 15:20:08,4,7,12349,26680
2023-09-13 15:20:11,5,7,12349,26680
2023-09-13 15:20:16,6,7,12349,26680
2023-09-13 15:20:17,5,7,12349,26680
2023-09-13 15:20:20,6,7,12349,26680
2023-09-13 15:20:21,5,7,12349,26680
2023-09-13 15:20:25,6,7,12349,26680
2023-09-13 15:20:38,5,7,12349,26680
2023-09-13 15:20:46,3,7,12349,26680
2023-09-13 15:20:47,4,6,12349,26680
2023-09-13 15:20:52,4,7,12349,26680
2023-09-13 15:21:01,4,6,12349,26680
2023-09-13 15:21:04,4,7,12349,26680
2023-09-13 15:21:05,4,6,12349,26680
2023-09-13 15:21:05,4,7,12349,26680
2023-09-13 15:21:12,3,7,12349,26680
2023-09-13 15:21:12,5,7,12349,26680
2023-09-13 15:21:20,5,8,12349,26680
2023-09-13 15:21:23,6,8,12349,26680
2023-09-13 15:21:24,6,10,12349,26680
2023-09-13 15:21:25,6,9,12349,26680
2023-09-13 15:21:26,7,9,12349,26680
2023-09-13 15:21:27,6,9,12349,26680
2023-09-13 15:21:28,7,9,12349,26680
2023-09-13 15:21:29,8,9,12349,26680
2023-09-13 15:21:31,8,10,12349,26680
2023-09-13 15:21:31,8,11,12349,26680
2023-09-13 15:21:36,8,10,12349,26680
2023-09-13 15:21:39,6,10,12349,26680
2023-09-13 15:21:39,7,10,12349,26680
2023-09-13 15:21:40,7,9,12349,26680
2023-09-13 15:21:42,5,9,12349,26680
2023-09-13 15:21:42,6,9,12349,26680
2023-09-13 15:21:43,6,8,12349,26680
2023-09-13 15:21:46,5,8,12349,26680
2023-09-13 15:22:05,5,9,12349,26680
2023-09-13 15:22:07,6,9,12349,26680
2023-09-13 15:22:11,6,10,12349,26680
2023-09-13 15:22:12,6,9,12349,26680
2023-09-13 15:22:14,6,10,12349,26680
2023-09-13 15:22:15,7,10,12349,26680
2023-09-13 15:22:23,7,9,12349,26680
2023-09-13 15:22:26,7,10,12349,26680
2023-09-13 15:22:28,7,9,12349,26680
2023-09-13 15:22:30,7,10,12349,26680
2023-09-13 15:22:40,7,9,12349,26680
2023-09-13 15:22:41,7,10,12349,26680
2023-09-13 15:22:43,7,9,12349,26680
2023-09-13 15:22:44,7,10,12349,26680
2023-09-13 15:22:46,7,9,12349,26680
2023-09-13 15:22:55,7,10,12349,26680
2023-09-13 15:22:56,7,9,12349,26680
2023-09-13 15:23:06,7,8,12349,26680
2023-09-13 15:23:07,6,8,12349,26680
2023-09-13 15:23:13,6,9,12349,26680
2023-09-13 15:23:14,5,9,12349,26680
2023-09-13 15:23:17,6,9,12349,26680
2023-09-13 15:23:28,5,9,12349,26680
2023-09-13 15:23:28,7,9,12349,26680
2023-09-13 15:23:33,6,9,12349,26680
2023-09-13 15:23:52,6,8,12349,26680
2023-09-13 15:23:55,6,7,12349,26680
2023-09-13 15:23:55,5,7,12349,26680
2023-09-13 15:24:11,3,7,12349,26680
2023-09-13 15:24:19,4,8,12349,26680
2023-09-13 15:24:20,4,7,12349,26680
2023-09-13 15:24:22,4,8,12349,26680
2023-09-13 15:24:23,5,8,12349,26680
2023-09-13 15:24:25,5,7,12349,26680
2023-09-13 15:24:27,3,7,12349,26680
2023-09-13 15:24:49,4,8,12349,26680
2023-09-13 15:24:51,5,8,12349,26680
2023-09-13 15:24:55,5,7,12349,26680
2023-09-13 15:24:56,5,6,12349,26680
2023-09-13 15:25:00,3,6,12349,26680
2023-09-13 15:25:00,4,6,12349,26680
2023-09-13 15:25:05,3,6,12349,26680
2023-09-13 15:25:12,3,5,12349,26680
2023-09-13 15:25:13,3,6,12349,26680
2023-09-13 15:25:14,3,5,12349,26680
2023-09-13 15:25:51,3,4,12349,26680
2023-09-13 15:25:52,3,5,12349,26680
2023-09-13 15:25:57,3,4,12349,26680
2023-09-13 15:26:00,3,5,12349,26680
2023-09-13 15:26:01,3,4,12349,26680
2023-09-13 15:26:03,3,5,12349,26680
2023-09-13 15:26:04,3,4,12349,26680
2023-09-13 15:26:05,3,4,12349,26980
2023-09-13 15:26:06,3,5,12349,26980
2023-09-13 15:26:07,3,5,12349,27160
2023-09-13 15:26:09,3,4,12349,27160
2023-09-13 15:26:17,3,5,12349,27160
2023-09-13 15:26:18,3,4,12349,27160
2023-09-13 15:26:19,3,5,12349,27160
2023-09-13 15:26:20,3,4,12349,27160
2023-09-13 15:26:23,3,5,12349,27160
2023-09-13 15:26:25,3,4,12349,27160
2023-09-13 15:26:33,3,5,12349,27160
2023-09-13 15:26:59,4,5,12349,27160
2023-09-13 15:27:17,3,4,12349,27165
2023-09-13 15:27:25,3,5,12349,27165
2023-09-13 15:27:32,3,6,12349,27165
2023-09-13 15:28:14,3,5,12349,27165
2023-09-13 15:28:19,3,4,12349,27165
2023-09-13 15:28:24,3,5,12349,27165
2023-09-13 15:28:43,3,4,12349,27165
2023-09-13 15:29:03,3,4,12349,27345
2023-09-13 15:29:05,3,4,12149,27545
2023-09-13 15:29:14,3,4,11949,27745
2023-09-13 15:30:01,3,4,11918,27945
2023-09-13 15:30:01,3,4,11918,28185
2023-09-13 15:30:17,3,4,11918,28385
2023-09-13 15:30:32,3,4,11918,28585
2023-09-13 15:30:40,3,4,11918,28785
2023-09-13 15:31:05,3,4,11918,28985
2023-09-13 15:31:23,3,4,11918,29045
2023-09-13 15:31:25,3,4,11918,29245
2023-09-13 15:31:28,3,4,11918,29305
2023-09-13 15:31:40,3,4,11918,29380
2023-09-13 15:31:40,3,4,11918,29455
2023-09-13 15:31:41,3,4,11918,29655
2023-09-13 15:31:44,3,4,11918,29705
2023-09-13 15:31:44,3,4,11918,29780
2023-09-13 15:31:59,3,4,11918,29840
2023-09-13 15:32:02,3,4,11918,30040
2023-09-13 15:32:14,1,4,11918,30040
2023-09-13 15:32:22,1,3,11918,30040
2023-09-13 15:33:08,0,3,11918,30040
2023-09-13 15:33:13,0,4,11918,30040
2023-09-13 15:33:24,1,4,11918,30040
2023-09-13 15:33:28,1,3,11918,30040
2023-09-13 15:33:31,0,3,11918,30040
2023-09-13 15:33:36,1,3,11918,30040
2023-09-13 15:33:36,1,4,11918,30040
2023-09-13 15:33:57,0,4,11918,30040
2023-09-13 15:34:06,1,4,11918,30040
2023-09-13 15:34:07,0,4,11918,30040
2023-09-13 15:34:14,1,4,11918,30040
2023-09-13 15:34:26,0,4,11918,30040
2023-09-13 15:34:30,1,4,11918,30040
2023-09-13 15:34:31,0,4,11918,30040
2023-09-13 15:34:42,1,4,11918,30040
2023-09-13 15:34:43,0,4,11918,30040
2023-09-13 15:34:51,1,4,11918,30040
2023-09-13 15:35:02,0,4,11918,30040
2023-09-13 15:35:12,1,4,11918,30040
2023-09-13 15:36:16,0,4,11918,30040
2023-09-13 15:36:17,1,4,11918,30040
2023-09-13 15:36:21,0,4,11918,30040
2023-09-13 15:36:22,1,4,11918,30040
2023-09-13 15:36:35,0,4,11918,30040
2023-09-13 15:36:47,1,4,11918,30040
2023-09-13 15:36:48,1,3,11918,30040
2023-09-13 15:36:48,0,3,11918,30040
2023-09-13 15:36:51,0,4,11918,30040
2023-09-13 15:36:55,0,3,11918,30040
2023-09-13 15:37:01,0,2,11918,30040
2023-09-13 15:39:20,0,1,11918,30040
2023-09-13 15:40:00,1,2,11918,30043
2023-09-13 15:40:03,0,2,11918,30043
2023-09-13 15:44:14,0,2,12018,30143
2023-09-13 15:44:18,1,2,12018,30143
2023-09-13 15:44:19,0,2,12018,30143
2023-09-13 15:44:24,0,3,12018,30143
2023-09-13 15:44:24,0,2,12018,30143
2023-09-13 15:44:30,1,2,12018,30143
2023-09-13 15:44:35,0,2,12018,30143
2023-09-13 15:44:35,0,3,12018,30143
2023-09-13 15:44:35,0,2,12018,30143
2023-09-13 15:44:36,1,2,12018,30143
2023-09-13 15:44:39,0,2,12018,30143
2023-09-13 15:44:46,0,3,12018,30143
2023-09-13 15:44:46,0,2,12018,30143
2023-09-13 15:44:49,1,2,12018,30143
2023-09-13 15:44:51,0,2,12018,30143
2023-09-13 15:44:56,0,3,12018,30143
2023-09-13 15:44:56,0,2,12018,30143
2023-09-13 15:45:01,1,2,12018,30143
2023-09-13 15:45:07,1,3,12018,30143
2023-09-13 15:45:07,1,2,12018,30143
2023-09-13 15:45:18,1,3,12018,30143
2023-09-13 15:45:18,1,2,12018,30143
2023-09-13 15:45:29,1,3,12018,30143
2023-09-13 15:45:29,1,2,12018,30143
2023-09-13 15:45:32,0,2,12018,30143
2023-09-13 15:45:40,0,3,12018,30143
2023-09-13 15:45:40,0,2,12018,30143
2023-09-13 15:45:51,0,3,12018,30143
2023-09-13 15:45:51,0,2,12018,30143
2023-09-13 15:46:02,0,3,12018,30143
2023-09-13 15:46:02,0,2,12018,30143
2023-09-13 15:46:13,0,3,12018,30143
2023-09-13 15:46:13,0,2,12018,30143
2023-09-13 15:46:24,0,3,12018,30143
2023-09-13 15:46:24,0,2,12018,30143
2023-09-13 15:46:38,0,3,12018,30143
2023-09-13 15:46:38,0,2,12018,30143
2023-09-13 15:46:48,0,3,12018,30143
2023-09-13 15:46:48,0,2,12018,30143
2023-09-13 15:46:59,0,3,12018,30143
2023-09-13 15:46:59,0,2,12018,30143
2023-09-13 15:50:11,1,2,12018,30143
2023-09-13 15:50:33,0,2,12018,30143
2023-09-13 15:50:34,1,2,12018,30143
2023-09-13 15:50:38,0,2,12018,30143
2023-09-13 15:50:50,0,1,12018,30143
2023-09-13 15:53:17,1,2,12018,30146
2023-09-13 15:53:18,0,2,12018,30146
2023-09-13 15:53:44,0,1,12018,30146
