datetime,bid,ask,open_interest,volume
2023-11-03 09:30:02,2,98,105,105
2023-11-03 09:30:02,2,97,105,105
2023-11-03 09:30:03,2,96,105,105
2023-11-03 09:31:00,2,22,105,105
2023-11-03 09:31:00,19,22,105,105
2023-11-03 09:31:00,20,22,105,105
2023-11-03 09:31:02,19,22,105,105
2023-11-03 09:31:02,20,22,105,105
2023-11-03 09:31:04,19,22,105,105
2023-11-03 09:31:10,19,22,305,305
2023-11-03 09:31:10,20,22,305,305
2023-11-03 09:31:12,19,22,305,305
2023-11-03 09:31:24,19,21,305,305
2023-11-03 09:31:31,18,21,305,305
2023-11-03 09:31:33,18,20,305,305
2023-11-03 09:31:42,17,20,305,305
2023-11-03 09:31:42,17,19,305,305
2023-11-03 09:32:11,17,18,305,305
2023-11-03 09:32:20,16,18,505,505
2023-11-03 09:33:54,17,18,505,505
2023-11-03 09:34:03,17,19,505,505
2023-11-03 09:34:22,16,19,505,505
2023-11-03 09:34:23,17,19,505,505
2023-11-03 09:34:24,16,19,505,505
2023-11-03 09:34:26,17,19,505,505
2023-11-03 09:34:30,16,19,505,505
2023-11-03 09:34:31,17,19,505,505
2023-11-03 09:34:35,16,19,505,505
2023-11-03 09:34:38,17,19,505,505
2023-11-03 09:34:41,16,19,505,505
2023-11-03 09:34:42,17,19,505,505
2023-11-03 09:34:44,16,19,505,505
2023-11-03 09:34:48,17,19,505,505
2023-11-03 09:34:56,17,20,505,505
2023-11-03 09:34:57,18,20,505,505
2023-11-03 09:35:29,17,20,505,505
2023-11-03 09:35:32,17,19,505,505
2023-11-03 09:35:34,17,20,505,505
2023-11-03 09:35:35,17,19,505,505
2023-11-03 09:35:36,17,20,505,505
2023-11-03 09:35:38,17,19,505,505
2023-11-03 09:35:40,17,20,505,505
2023-11-03 09:35:41,17,19,505,505
2023-11-03 09:35:42,17,20,505,505
2023-11-03 09:35:48,17,20,505,505
2023-11-03 09:35:57,17,19,505,505
2023-11-03 09:36:00,17,18,505,505
2023-11-03 09:36:00,17,18,555,555
2023-11-03 09:36:00,17,18,605,605
2023-11-03 09:36:00,17,18,655,655
2023-11-03 09:36:00,16,18,705,705
2023-11-03 09:36:01,16,18,755,755
2023-11-03 09:36:01,16,18,805,805
2023-11-03 09:36:02,16,17,805,805
2023-11-03 09:36:02,16,17,855,855
2023-11-03 09:36:02,16,17,905,905
2023-11-03 09:36:03,16,18,905,1040
2023-11-03 09:36:10,16,19,905,1040
2023-11-03 09:36:28,16,18,905,1040
2023-11-03 09:36:30,16,19,905,1040
2023-11-03 09:36:31,16,18,905,1040
2023-11-03 09:36:33,16,19,905,1040
2023-11-03 09:36:36,16,18,905,1040
2023-11-03 09:36:59,16,17,905,1040
2023-11-03 09:37:48,16,18,740,1240
2023-11-03 09:37:50,16,19,740,1240
2023-11-03 09:37:54,16,18,740,1240
2023-11-03 09:37:56,16,19,740,1240
2023-11-03 09:38:02,16,18,740,1240
2023-11-03 09:38:26,16,19,740,1240
2023-11-03 09:38:27,16,18,740,1240
2023-11-03 09:38:32,16,19,740,1240
2023-11-03 09:38:33,16,18,740,1240
2023-11-03 09:38:34,16,19,740,1240
2023-11-03 09:38:39,16,18,740,1240
2023-11-03 09:38:40,16,19,740,1240
2023-11-03 09:38:42,16,18,740,1240
2023-11-03 09:39:34,16,19,740,1240
2023-11-03 09:39:35,16,18,740,1240
2023-11-03 09:39:36,16,19,740,1240
2023-11-03 09:39:37,16,18,740,1240
2023-11-03 09:39:43,16,19,740,1240
2023-11-03 09:40:02,16,18,740,1240
2023-11-03 09:40:20,16,19,740,1240
2023-11-03 09:40:42,16,17,740,1240
2023-11-03 09:41:35,15,17,940,1440
2023-11-03 09:41:45,15,16,940,1440
2023-11-03 09:41:47,14,16,940,1440
2023-11-03 09:41:48,14,16,1060,1560
2023-11-03 09:41:49,14,15,1060,1560
2023-11-03 09:41:53,13,15,1060,1560
2023-11-03 09:42:25,13,14,1060,1560
2023-11-03 09:42:28,12,14,1060,1560
2023-11-03 09:42:41,12,13,1060,1560
2023-11-03 09:43:07,11,13,1060,1560
2023-11-03 09:44:20,11,12,1060,1560
2023-11-03 09:44:24,11,13,1060,1560
2023-11-03 09:45:01,11,12,1060,1560
2023-11-03 09:45:08,10,12,1060,1560
2023-11-03 09:45:25,9,10,1740,2240
2023-11-03 09:45:26,9,10,1740,2440
2023-11-03 09:45:27,9,10,1990,2690
2023-11-03 09:45:31,9,11,2040,2740
2023-11-03 09:46:02,9,12,2040,2740
2023-11-03 09:46:02,9,11,2040,2740
2023-11-03 09:46:02,9,12,2040,2940
2023-11-03 09:46:03,9,11,2040,2940
2023-11-03 09:46:10,9,12,2040,2940
2023-11-03 09:46:12,9,11,2040,2940
2023-11-03 09:46:14,9,12,2040,2940
2023-11-03 09:46:15,9,11,2040,2940
2023-11-03 09:47:13,9,10,2040,2940
2023-11-03 09:47:19,9,11,2040,2940
2023-11-03 09:47:42,9,10,2040,2940
2023-11-03 09:47:51,8,10,2040,2940
2023-11-03 09:48:30,8,9,2040,2940
2023-11-03 09:48:33,8,9,2040,3040
2023-11-03 09:49:01,8,10,2040,3040
2023-11-03 09:49:22,7,10,2040,3040
2023-11-03 09:49:33,9,10,2040,3040
2023-11-03 09:50:09,8,10,2040,3040
2023-11-03 09:50:15,9,10,2040,3040
2023-11-03 09:50:19,9,11,2040,3040
2023-11-03 09:50:26,10,11,2040,3040
2023-11-03 09:50:54,9,10,2040,3080
2023-11-03 09:50:57,9,11,2040,3080
2023-11-03 09:50:58,9,10,2040,3080
2023-11-03 09:51:01,8,10,2040,3080
2023-11-03 09:51:12,8,9,2040,3080
2023-11-03 09:51:13,7,9,2040,3080
2023-11-03 09:51:15,7,9,2040,3102
2023-11-03 09:51:24,7,9,2040,3124
2023-11-03 09:52:04,7,9,2040,3146
2023-11-03 09:52:05,7,10,2040,3146
2023-11-03 09:52:09,7,9,2040,3146
2023-11-03 09:52:13,7,9,2040,3168
2023-11-03 09:52:16,7,8,2040,3168
2023-11-03 09:52:29,6,7,2440,3568
2023-11-03 09:52:30,6,7,2690,3818
2023-11-03 09:52:58,6,7,2715,3843
2023-11-03 09:52:58,6,7,2965,4093
2023-11-03 09:53:00,6,7,3215,4343
2023-11-03 09:53:16,6,7,3465,4593
2023-11-03 09:53:18,6,8,3490,4618
2023-11-03 09:53:19,7,8,3490,4618
2023-11-03 09:53:26,6,8,3490,4618
2023-11-03 09:53:44,6,8,3490,4640
2023-11-03 09:54:15,6,8,3490,4662
2023-11-03 09:54:38,7,8,3490,4662
2023-11-03 09:55:31,6,8,3490,4662
2023-11-03 09:55:32,7,8,3490,4662
2023-11-03 09:55:32,6,8,3490,4662
2023-11-03 09:55:32,7,8,3490,4662
2023-11-03 09:55:41,6,8,3490,4662
2023-11-03 09:55:41,7,8,3490,4662
2023-11-03 09:55:43,6,8,3490,4662
2023-11-03 09:55:50,7,8,3490,4662
2023-11-03 09:55:54,6,8,3490,4662
2023-11-03 09:55:54,7,8,3490,4662
2023-11-03 09:56:00,6,8,3490,4662
2023-11-03 09:56:00,7,8,3490,4662
2023-11-03 09:56:40,6,8,3490,4662
2023-11-03 09:56:42,6,7,3490,4662
2023-11-03 09:56:42,6,7,3372,4780
2023-11-03 09:57:12,5,7,3372,4780
2023-11-03 09:57:12,6,7,3372,4780
2023-11-03 09:57:23,5,7,3372,4780
2023-11-03 09:57:23,6,7,3372,4780
2023-11-03 09:57:47,5,7,3372,4780
2023-11-03 09:57:47,6,7,3372,4780
2023-11-03 09:57:50,5,7,3372,4780
2023-11-03 09:57:50,6,7,3372,4780
2023-11-03 09:58:10,5,7,3372,4780
2023-11-03 09:58:10,6,7,3372,4780
2023-11-03 09:59:06,5,7,3372,4780
2023-11-03 09:59:06,6,7,3372,4780
2023-11-03 09:59:08,5,7,3372,4780
2023-11-03 09:59:08,6,7,3372,4780
2023-11-03 09:59:08,5,7,3372,4780
2023-11-03 09:59:08,6,7,3372,4780
2023-11-03 09:59:33,6,8,3372,4780
2023-11-03 09:59:33,7,8,3372,4780
2023-11-03 09:59:52,6,8,3372,4780
2023-11-03 09:59:52,7,8,3372,4780
2023-11-03 10:00:01,7,8,3172,4980
2023-11-03 10:00:01,6,7,2955,5278
2023-11-03 10:00:01,5,7,2955,5278
2023-11-03 10:00:02,6,7,2955,5278
2023-11-03 10:00:03,5,7,2955,5278
2023-11-03 10:00:05,6,7,2955,5278
2023-11-03 10:00:05,6,7,2980,5303
2023-11-03 10:00:07,5,7,2980,5303
2023-11-03 10:00:11,5,6,2980,5303
2023-11-03 10:00:12,4,6,2980,5303
2023-11-03 10:00:13,5,6,2980,5303
2023-11-03 10:00:13,4,6,2980,5303
2023-11-03 10:00:15,5,6,2980,5303
2023-11-03 10:00:15,4,6,2980,5303
2023-11-03 10:00:16,5,6,2980,5303
2023-11-03 10:00:16,4,6,2980,5303
2023-11-03 10:00:22,5,6,2980,5303
2023-11-03 10:00:22,4,6,3010,5333
2023-11-03 10:00:23,5,6,3010,5333
2023-11-03 10:00:24,5,6,3130,5453
2023-11-03 10:00:26,5,7,3130,5453
2023-11-03 10:00:26,5,6,3130,5453
2023-11-03 10:00:30,5,7,3130,5453
2023-11-03 10:00:30,5,6,3130,5453
2023-11-03 10:00:35,5,7,3130,5453
2023-11-03 10:00:36,4,7,3130,5453
2023-11-03 10:00:42,5,7,3130,5453
2023-11-03 10:00:42,5,6,3130,5453
2023-11-03 10:00:43,5,7,3130,5453
2023-11-03 10:00:51,5,6,3130,5453
2023-11-03 10:00:53,5,7,3130,5453
2023-11-03 10:00:56,6,7,3130,5453
2023-11-03 10:00:56,6,8,3130,5453
2023-11-03 10:00:57,6,7,3130,5453
2023-11-03 10:00:58,6,8,3130,5453
2023-11-03 10:02:06,6,7,3130,5453
2023-11-03 10:02:08,5,7,3130,5453
2023-11-03 10:02:19,6,7,3130,5453
2023-11-03 10:02:25,5,7,3130,5453
2023-11-03 10:02:31,6,7,3130,5453
2023-11-03 10:02:55,6,7,3133,5456
2023-11-03 10:02:59,6,7,3133,5516
2023-11-03 10:03:01,6,7,3133,5576
2023-11-03 10:03:07,6,7,3133,5591
2023-11-03 10:03:08,6,7,3383,5841
2023-11-03 10:03:10,6,8,3548,6006
2023-11-03 10:03:13,7,8,3548,6006
2023-11-03 10:03:20,7,9,3598,6056
2023-11-03 10:03:22,8,9,3598,6056
2023-11-03 10:03:43,8,9,3598,6076
2023-11-03 10:03:50,7,9,3598,6076
2023-11-03 10:04:46,8,9,3598,6076
2023-11-03 10:05:52,8,10,3598,6076
2023-11-03 10:06:53,9,10,3598,6076
2023-11-03 10:07:01,9,11,3598,6076
2023-11-03 10:07:15,10,11,3598,6076
2023-11-03 10:07:57,9,11,3598,6076
2023-11-03 10:08:20,8,11,3598,6076
2023-11-03 10:08:20,8,10,3598,6076
2023-11-03 10:08:52,8,11,3598,6076
2023-11-03 10:09:08,9,11,3598,6076
2023-11-03 10:10:39,8,11,3598,6076
2023-11-03 10:10:43,9,11,3598,6076
2023-11-03 10:11:54,8,11,3598,6076
2023-11-03 10:11:58,9,11,3598,6076
2023-11-03 10:12:35,9,11,3538,6136
2023-11-03 10:12:51,10,11,3538,6136
2023-11-03 10:12:54,9,11,3538,6136
2023-11-03 10:14:20,8,11,3538,6136
2023-11-03 10:14:21,8,11,3538,6136
2023-11-03 10:14:26,9,11,3538,6136
2023-11-03 10:14:55,10,11,3538,6136
2023-11-03 10:14:55,9,11,3538,6136
2023-11-03 10:14:56,10,11,3538,6136
2023-11-03 10:14:56,9,11,3538,6136
2023-11-03 10:15:24,10,11,3538,6136
2023-11-03 10:15:25,10,12,3538,6136
2023-11-03 10:15:26,11,12,3538,6136
2023-11-03 10:15:32,11,13,3538,6136
2023-11-03 10:15:44,12,13,3538,6136
2023-11-03 10:15:47,11,13,3538,6136
2023-11-03 10:16:01,11,13,3538,6150
2023-11-03 10:16:16,11,12,3538,6150
2023-11-03 10:16:16,10,12,3538,6150
2023-11-03 10:16:21,10,11,3538,6150
2023-11-03 10:16:22,10,12,3538,6150
2023-11-03 10:16:22,10,11,3538,6150
2023-11-03 10:16:25,9,11,3538,6150
2023-11-03 10:16:28,9,12,3538,6150
2023-11-03 10:16:28,9,11,3538,6150
2023-11-03 10:16:42,9,10,3538,6150
2023-11-03 10:16:46,8,10,3538,6150
2023-11-03 10:16:56,8,9,3538,6150
2023-11-03 10:17:47,7,9,3538,6150
2023-11-03 10:17:57,7,8,3538,6150
2023-11-03 10:18:02,6,8,3538,6150
2023-11-03 10:18:59,6,7,3538,6150
2023-11-03 10:19:31,5,7,3538,6150
2023-11-03 10:19:47,6,7,3538,6150
2023-11-03 10:19:48,6,8,3538,6150
2023-11-03 10:19:57,6,7,3538,6150
2023-11-03 10:20:03,5,7,3538,6150
2023-11-03 10:20:14,5,8,3538,6150
2023-11-03 10:20:14,6,8,3538,6150
2023-11-03 10:20:34,7,8,3538,6150
2023-11-03 10:20:35,7,9,3538,6150
2023-11-03 10:21:01,6,9,3538,6150
2023-11-03 10:21:15,7,9,3538,6150
2023-11-03 10:21:27,6,9,3538,6150
2023-11-03 10:21:30,6,8,3538,6150
2023-11-03 10:21:33,6,9,3538,6150
2023-11-03 10:21:36,6,8,3538,6150
2023-11-03 10:21:37,6,9,3538,6150
2023-11-03 10:21:55,6,8,3538,6150
2023-11-03 10:22:17,6,9,3538,6150
2023-11-03 10:22:19,6,8,3538,6150
2023-11-03 10:22:20,6,9,3538,6150
2023-11-03 10:22:21,6,8,3538,6150
2023-11-03 10:22:35,6,9,3538,6150
2023-11-03 10:22:37,6,8,3538,6150
2023-11-03 10:22:40,7,8,3538,6150
2023-11-03 10:22:47,6,8,3538,6150
2023-11-03 10:22:47,7,8,3538,6150
2023-11-03 10:22:49,7,9,3538,6150
2023-11-03 10:22:50,7,8,3538,6150
2023-11-03 10:22:53,7,9,3538,6150
2023-11-03 10:22:55,7,8,3538,6150
2023-11-03 10:22:57,7,9,3538,6150
2023-11-03 10:23:08,8,9,3538,6150
2023-11-03 10:23:32,7,9,3538,6150
2023-11-03 10:23:40,8,9,3538,6150
2023-11-03 10:23:40,7,9,3538,6150
2023-11-03 10:23:40,8,9,3538,6150
2023-11-03 10:23:41,7,9,3538,6150
2023-11-03 10:23:41,8,9,3538,6150
2023-11-03 10:23:41,7,9,3538,6150
2023-11-03 10:24:18,7,8,3538,6150
2023-11-03 10:24:21,6,8,3538,6150
2023-11-03 10:24:24,7,8,3538,6150
2023-11-03 10:24:32,7,9,3538,6150
2023-11-03 10:24:59,8,9,3538,6150
2023-11-03 10:25:00,7,9,3538,6150
2023-11-03 10:25:00,8,9,3538,6150
2023-11-03 10:25:01,7,9,3538,6150
2023-11-03 10:25:02,8,9,3538,6150
2023-11-03 10:25:08,7,9,3538,6150
2023-11-03 10:25:35,7,8,3538,6150
2023-11-03 10:25:38,7,9,3538,6150
2023-11-03 10:25:42,6,9,3538,6150
2023-11-03 10:25:42,7,9,3538,6150
2023-11-03 10:25:54,8,9,3538,6150
2023-11-03 10:25:56,8,10,3538,6150
2023-11-03 10:26:20,9,10,3538,6150
2023-11-03 10:26:30,9,11,3538,6150
2023-11-03 10:26:34,10,11,3538,6150
2023-11-03 10:26:36,10,12,3538,6150
2023-11-03 10:26:37,11,12,3538,6150
2023-11-03 10:26:38,11,13,3538,6150
2023-11-03 10:26:40,11,12,3538,6150
2023-11-03 10:26:41,11,13,3538,6150
2023-11-03 10:26:41,11,12,3538,6150
2023-11-03 10:26:43,12,13,3538,6254
2023-11-03 10:26:43,12,13,3538,6304
2023-11-03 10:26:44,11,13,3538,6350
2023-11-03 10:26:44,11,12,3538,6350
2023-11-03 10:26:44,11,13,3538,6350
2023-11-03 10:26:45,12,13,3538,6350
2023-11-03 10:26:47,12,14,3538,6350
2023-11-03 10:27:16,13,14,3538,6350
2023-11-03 10:27:17,13,15,3538,6350
2023-11-03 10:27:17,14,15,3538,6350
2023-11-03 10:28:16,13,15,3538,6350
2023-11-03 10:29:35,12,15,3538,6350
2023-11-03 10:29:44,12,14,3538,6350
2023-11-03 10:29:55,12,13,3538,6350
2023-11-03 10:30:03,12,14,3538,6350
2023-11-03 10:30:12,12,13,3538,6350
2023-11-03 10:30:13,12,14,3538,6350
2023-11-03 10:30:14,12,13,3538,6350
2023-11-03 10:30:15,12,14,3538,6350
2023-11-03 10:30:24,12,13,3538,6350
2023-11-03 10:30:25,11,12,3538,6350
2023-11-03 10:30:43,11,13,3538,6350
2023-11-03 10:30:44,11,14,3538,6350
2023-11-03 10:30:49,11,13,3538,6350
2023-11-03 10:32:06,11,12,3538,6350
2023-11-03 10:32:13,10,12,3538,6350
2023-11-03 10:32:37,10,11,3538,6350
2023-11-03 10:32:46,10,12,3538,6350
2023-11-03 10:33:30,10,13,3538,6350
2023-11-03 10:33:32,11,13,3538,6350
2023-11-03 10:33:33,11,14,3538,6350
2023-11-03 10:33:34,11,13,3538,6350
2023-11-03 10:33:38,11,14,3538,6350
2023-11-03 10:33:49,11,13,3538,6350
2023-11-03 10:33:50,11,14,3538,6350
2023-11-03 10:33:51,11,13,3538,6350
2023-11-03 10:33:55,11,14,3538,6350
2023-11-03 10:34:17,11,15,3538,6350
2023-11-03 10:34:17,12,15,3538,6350
2023-11-03 10:34:24,13,15,3538,6350
2023-11-03 10:34:50,14,15,3538,6350
2023-11-03 10:35:08,13,15,3538,6350
2023-11-03 10:35:40,14,15,3538,6350
2023-11-03 10:36:20,15,16,3563,6375
2023-11-03 10:36:23,14,16,3563,6375
2023-11-03 10:36:36,14,15,3563,6375
2023-11-03 10:36:37,13,15,3563,6375
2023-11-03 10:36:39,13,16,3563,6375
2023-11-03 10:36:46,14,16,3563,6375
2023-11-03 10:37:08,13,16,3563,6375
2023-11-03 10:37:09,14,16,3563,6375
2023-11-03 10:37:16,13,16,3563,6375
2023-11-03 10:37:17,13,16,3563,6386
2023-11-03 10:37:19,13,15,3563,6386
2023-11-03 10:37:34,13,14,3563,6386
2023-11-03 10:37:36,12,14,3563,6386
2023-11-03 10:37:54,12,13,3563,6386
2023-11-03 10:37:57,12,14,3563,6386
2023-11-03 10:38:00,12,13,3563,6386
2023-11-03 10:38:02,12,14,3563,6386
2023-11-03 10:38:06,12,13,3563,6386
2023-11-03 10:38:32,12,13,3563,6436
2023-11-03 10:38:35,11,13,3563,6436
2023-11-03 10:38:45,11,12,3563,6436
2023-11-03 10:38:52,10,12,3563,6436
2023-11-03 10:39:31,10,11,3563,6436
2023-11-03 10:39:49,10,12,3563,6436
2023-11-03 10:41:34,10,13,3563,6436
2023-11-03 10:42:09,11,13,3563,6436
2023-11-03 10:42:15,10,13,3563,6436
2023-11-03 10:42:42,11,13,3563,6436
2023-11-03 10:42:43,11,14,3563,6436
2023-11-03 10:42:45,12,14,3563,6436
2023-11-03 10:43:27,12,15,3563,6436
2023-11-03 10:43:36,12,14,3563,6436
2023-11-03 10:43:40,12,15,3563,6436
2023-11-03 10:43:44,12,14,3563,6436
2023-11-03 10:43:47,12,15,3563,6436
2023-11-03 10:43:49,12,14,3563,6436
2023-11-03 10:44:23,12,15,3563,6436
2023-11-03 10:44:25,12,14,3563,6436
2023-11-03 10:44:31,12,15,3563,6436
2023-11-03 10:44:39,12,14,3563,6436
2023-11-03 10:44:41,12,15,3563,6436
2023-11-03 10:44:42,12,14,3563,6436
2023-11-03 10:44:52,13,14,3563,6436
2023-11-03 10:45:03,12,13,3563,6456
2023-11-03 10:45:03,11,13,3563,6456
2023-11-03 10:45:20,11,12,3563,6456
2023-11-03 10:45:31,11,12,3813,6706
2023-11-03 10:45:33,11,12,3997,6890
2023-11-03 10:45:34,11,12,4247,7140
2023-11-03 10:45:35,11,12,4573,7466
2023-11-03 10:45:53,10,12,4573,7466
2023-11-03 10:47:23,10,11,4573,7466
2023-11-03 10:47:41,9,11,4573,7466
2023-11-03 10:47:43,9,10,4573,7466
2023-11-03 10:47:58,9,11,4573,7466
2023-11-03 10:48:56,10,11,4573,7466
2023-11-03 10:49:11,10,12,4573,7466
2023-11-03 10:50:11,10,11,4573,7466
2023-11-03 10:50:18,9,11,4573,7466
2023-11-03 10:50:21,10,11,4573,7466
2023-11-03 10:50:23,9,11,4573,7466
2023-11-03 10:50:23,10,11,4573,7466
2023-11-03 10:50:25,9,11,4573,7466
2023-11-03 10:50:25,10,11,4573,7466
2023-11-03 10:50:38,9,11,4573,7466
2023-11-03 10:50:49,10,11,4573,7466
2023-11-03 10:50:54,10,12,4573,7466
2023-11-03 10:51:19,11,12,4573,7466
2023-11-03 10:51:29,11,12,4823,7716
2023-11-03 10:51:30,11,12,5023,7916
2023-11-03 10:51:33,11,12,5273,8166
2023-11-03 10:51:35,11,12,5473,8366
2023-11-03 10:51:37,12,14,5563,8456
2023-11-03 10:52:10,11,14,5563,8456
2023-11-03 10:52:27,11,13,5563,8456
2023-11-03 10:52:29,11,14,5563,8456
2023-11-03 10:52:29,11,13,5563,8456
2023-11-03 10:52:31,11,14,5563,8456
2023-11-03 10:52:34,11,13,5563,8456
2023-11-03 10:52:40,11,14,5563,8456
2023-11-03 10:52:42,11,13,5563,8456
2023-11-03 10:52:48,11,14,5563,8456
2023-11-03 10:52:49,12,14,5563,8456
2023-11-03 10:53:30,12,15,5563,8456
2023-11-03 10:53:34,13,15,5563,8456
2023-11-03 10:53:35,12,15,5563,8456
2023-11-03 10:53:35,13,15,5563,8456
2023-11-03 10:53:44,12,15,5563,8456
2023-11-03 10:53:44,13,15,5563,8456
2023-11-03 10:53:55,12,15,5563,8456
2023-11-03 10:53:59,12,14,5563,8456
2023-11-03 10:54:03,12,15,5563,8456
2023-11-03 10:54:07,13,15,5563,8456
2023-11-03 10:54:24,12,15,5563,8456
2023-11-03 10:54:25,13,15,5563,8456
2023-11-03 10:54:26,12,15,5563,8456
2023-11-03 10:54:26,13,15,5563,8456
2023-11-03 10:54:32,14,15,5563,8456
2023-11-03 10:54:33,14,16,5563,8456
2023-11-03 10:55:05,14,15,5563,8456
2023-11-03 10:55:07,13,15,5563,8456
2023-11-03 10:55:19,15,16,4961,9058
2023-11-03 10:55:22,15,16,4761,9258
2023-11-03 10:55:24,15,16,4561,9458
2023-11-03 10:55:29,13,15,4383,9636
2023-11-03 10:55:33,12,15,4383,9636
2023-11-03 10:55:33,12,14,4383,9636
2023-11-03 10:55:54,12,13,4383,9636
2023-11-03 10:55:57,12,14,4383,9636
2023-11-03 10:55:58,12,13,4383,9636
2023-11-03 10:56:01,12,14,4383,9636
2023-11-03 10:56:02,12,13,4383,9636
2023-11-03 10:56:52,11,13,4383,9636
2023-11-03 10:57:00,11,12,4383,9636
2023-11-03 10:58:03,10,12,4383,9636
2023-11-03 10:58:08,10,11,4383,9636
2023-11-03 10:58:37,9,11,4383,9636
2023-11-03 10:58:48,9,10,4383,9636
2023-11-03 10:59:06,9,11,4383,9636
2023-11-03 10:59:40,9,10,4383,9636
2023-11-03 10:59:41,8,10,4383,9636
2023-11-03 11:00:06,8,9,4383,9636
2023-11-03 11:01:05,8,10,4383,9636
2023-11-03 11:01:18,9,10,4383,9636
2023-11-03 11:01:19,8,10,4383,9636
2023-11-03 11:01:20,9,10,4383,9636
2023-11-03 11:01:32,9,11,4383,9636
2023-11-03 11:01:35,9,10,4383,9636
2023-11-03 11:01:51,8,10,4383,9636
2023-11-03 11:01:51,9,10,4383,9636
2023-11-03 11:01:58,8,10,4383,9636
2023-11-03 11:02:00,9,10,4383,9636
2023-11-03 11:02:02,8,10,4383,9636
2023-11-03 11:02:03,9,10,4383,9636
2023-11-03 11:02:09,8,10,4383,9636
2023-11-03 11:02:20,8,10,4401,9654
2023-11-03 11:05:32,8,9,4401,9654
2023-11-03 11:05:33,7,8,4416,9669
2023-11-03 11:07:49,8,9,4461,9714
2023-11-03 11:08:11,8,10,4461,9714
2023-11-03 11:08:11,9,10,4461,9714
2023-11-03 11:08:21,8,9,4623,9876
2023-11-03 11:08:57,8,10,4623,9876
2023-11-03 11:08:57,9,10,4623,9876
2023-11-03 11:09:33,9,11,4623,9876
2023-11-03 11:09:34,10,11,4623,9876
2023-11-03 11:09:40,9,11,4623,9876
2023-11-03 11:09:40,10,11,4623,9876
2023-11-03 11:09:42,9,11,4623,9876
2023-11-03 11:09:42,10,11,4623,9876
2023-11-03 11:09:48,10,11,4823,10076
2023-11-03 11:09:49,10,11,5023,10276
2023-11-03 11:09:50,10,11,5223,10476
2023-11-03 11:09:50,9,11,5223,10476
2023-11-03 11:09:51,9,11,5337,10590
2023-11-03 11:10:21,9,11,5337,10590
2023-11-03 11:10:21,10,11,5337,10590
2023-11-03 11:10:35,10,12,5337,10590
2023-11-03 11:10:47,11,12,5337,10590
2023-11-03 11:11:09,11,13,5337,10590
2023-11-03 11:11:15,11,12,5337,10590
2023-11-03 11:11:37,11,12,5537,10790
2023-11-03 11:11:38,10,12,5537,10790
2023-11-03 11:11:41,10,11,5537,10790
2023-11-03 11:11:44,9,11,5737,10990
2023-11-03 11:11:55,9,10,5737,10990
2023-11-03 11:12:09,8,10,5937,11190
2023-11-03 11:12:11,8,9,5937,11190
2023-11-03 11:12:18,8,9,6137,11390
2023-11-03 11:12:19,7,8,6292,11545
2023-11-03 11:13:40,7,9,6292,11545
2023-11-03 11:14:05,7,8,6292,11545
2023-11-03 11:14:31,7,9,6292,11545
2023-11-03 11:14:55,7,8,6292,11545
2023-11-03 11:14:59,7,9,6292,11545
2023-11-03 11:15:02,7,8,6292,11545
2023-11-03 11:15:03,7,9,6292,11545
2023-11-03 11:15:14,7,8,6292,11545
2023-11-03 11:15:55,7,9,6292,11545
2023-11-03 11:15:55,7,8,6292,11545
2023-11-03 11:15:58,7,9,6292,11545
2023-11-03 11:16:07,7,8,6292,11545
2023-11-03 11:16:32,7,9,6292,11545
2023-11-03 11:16:41,7,9,6292,11645
2023-11-03 11:17:07,7,10,6292,11645
2023-11-03 11:17:22,7,9,6292,11645
2023-11-03 11:17:42,7,8,6292,11645
2023-11-03 11:17:43,7,9,6292,11645
2023-11-03 11:18:05,7,10,6292,11645
2023-11-03 11:18:15,7,9,6292,11645
2023-11-03 11:18:17,7,10,6292,11645
2023-11-03 11:18:27,7,9,6292,11645
2023-11-03 11:18:29,8,9,6292,11645
2023-11-03 11:18:42,7,9,6408,11761
2023-11-03 11:18:45,7,9,6408,11761
2023-11-03 11:18:49,7,8,6408,11761
2023-11-03 11:18:52,7,9,6408,11761
2023-11-03 11:18:53,7,8,6408,11761
2023-11-03 11:19:12,7,9,6408,11761
2023-11-03 11:19:18,7,8,6408,11761
2023-11-03 11:19:42,7,9,6408,11761
2023-11-03 11:20:02,7,8,6408,11761
2023-11-03 11:20:38,6,8,6408,11761
2023-11-03 11:21:28,6,9,6408,11761
2023-11-03 11:21:31,7,9,6408,11761
2023-11-03 11:21:47,7,10,6408,11761
2023-11-03 11:22:06,7,9,6408,11761
2023-11-03 11:22:19,7,8,6408,11761
2023-11-03 11:22:21,6,8,6408,11761
2023-11-03 11:22:36,6,7,6408,11761
2023-11-03 11:23:06,6,8,6408,11761
2023-11-03 11:23:14,6,7,6408,11761
2023-11-03 11:23:20,6,8,6408,11761
2023-11-03 11:23:28,6,7,6408,11761
2023-11-03 11:25:53,5,7,6408,11761
2023-11-03 11:26:31,5,6,6408,11761
2023-11-03 11:28:41,4,6,6408,11761
2023-11-03 11:29:15,5,6,6408,11761
2023-11-03 11:29:18,4,6,6408,11761
2023-11-03 11:29:20,5,6,6408,11761
2023-11-03 11:29:28,5,7,6408,11761
2023-11-03 11:29:53,6,7,6408,11761
2023-11-03 11:30:00,5,7,6408,11761
2023-11-03 11:30:00,6,7,6408,11761
2023-11-03 11:30:01,5,7,6408,11761
2023-11-03 11:30:02,6,7,6408,11761
2023-11-03 11:30:02,6,8,6408,11961
2023-11-03 11:30:03,5,8,6408,11961
2023-11-03 11:30:03,6,8,6408,11961
2023-11-03 11:30:04,6,7,6408,11961
2023-11-03 11:30:28,4,7,6408,11961
2023-11-03 11:30:28,5,7,6408,11961
2023-11-03 11:30:29,5,6,6408,11961
2023-11-03 11:30:32,4,6,6408,11961
2023-11-03 11:30:35,5,6,6408,11961
2023-11-03 11:30:50,4,5,6438,11991
2023-11-03 11:31:07,3,5,6438,11991
2023-11-03 11:31:07,3,4,6438,11991
2023-11-03 11:35:35,2,4,6438,11991
2023-11-03 11:40:10,2,3,6438,11991
2023-11-03 11:40:34,2,4,6438,11991
2023-11-03 11:41:12,2,3,6438,11991
2023-11-03 11:42:16,2,4,6438,11991
2023-11-03 11:42:56,2,3,6438,11991
2023-11-03 11:43:00,2,4,6438,11991
2023-11-03 11:43:27,2,3,6438,11991
2023-11-03 11:44:52,1,3,6438,11991
2023-11-03 11:46:54,1,2,6438,11991
2023-11-03 11:51:30,1,2,6263,12191
2023-11-03 11:52:28,1,2,5863,12591
2023-11-03 11:59:21,1,2,5850,12604
2023-11-03 11:59:23,1,2,5837,12617
2023-11-03 11:59:28,1,2,5823,12631
2023-11-03 11:59:51,1,2,5810,12644
2023-11-03 11:59:53,1,2,5794,12660
2023-11-03 12:00:01,1,2,5781,12673
2023-11-03 12:00:02,1,2,5765,12689
2023-11-03 12:00:04,1,2,5753,12701
2023-11-03 12:00:06,1,2,5735,12719
2023-11-03 12:00:08,1,2,5720,12734
2023-11-03 12:00:10,1,2,5713,12741
2023-11-03 12:21:32,1,2,5695,12759
2023-11-03 12:21:33,1,2,5677,12777
2023-11-03 12:21:33,1,2,5660,12794
2023-11-03 12:21:34,1,2,5642,12812
2023-11-03 12:21:35,1,2,5607,12847
2023-11-03 12:21:36,1,2,5572,12882
2023-11-03 12:21:36,1,2,5559,12895
2023-11-03 12:21:37,1,2,5511,12943
2023-11-03 12:21:38,1,2,5463,12991
2023-11-03 12:21:38,1,2,5450,13004
2023-11-03 12:21:39,1,2,5441,13065
2023-11-03 12:21:39,1,2,5441,13083
2023-11-03 12:21:40,1,2,5441,13086
2023-11-03 12:21:41,1,2,5441,13089
2023-11-03 12:21:42,1,2,5441,13092
2023-11-03 12:21:42,1,2,5441,13102
2023-11-03 12:21:43,1,2,5441,13115
2023-11-03 12:21:44,1,2,5441,13134
2023-11-03 12:21:44,1,2,5441,13147
2023-11-03 12:21:45,1,2,5441,13179
2023-11-03 12:21:46,1,2,5441,13211
2023-11-03 12:21:46,1,2,5441,13228
2023-11-03 12:21:48,1,2,5441,13238
2023-11-03 12:21:49,1,2,5441,13251
2023-11-03 12:21:53,1,2,5441,13261
2023-11-03 12:22:05,1,2,5441,13274
2023-11-03 12:22:07,1,2,5441,13292
2023-11-03 12:32:19,1,2,5541,13392
2023-11-03 12:37:32,1,2,5541,13422
2023-11-03 12:38:22,1,2,5541,13622
2023-11-03 12:38:33,1,2,5541,13702
2023-11-03 12:39:34,1,2,5541,13742
2023-11-03 12:42:05,1,2,5541,13792
2023-11-03 12:42:38,1,2,4986,14347
2023-11-03 13:00:04,0,2,4828,14580
2023-11-03 13:28:37,1,2,4828,14580
2023-11-03 13:59:49,1,2,4918,14670
2023-11-03 14:18:57,1,2,5418,15170
2023-11-03 14:21:22,0,2,5418,15580
2023-11-03 14:41:22,0,1,5418,15580
2023-11-03 15:12:08,0,1,5418,15760
2023-11-03 15:12:08,0,2,5418,15760
2023-11-03 15:12:08,0,1,5418,15760
2023-11-03 15:12:08,0,2,5418,15760
2023-11-03 15:20:22,0,1,5418,15760
2023-11-03 15:20:26,0,2,5418,15760
2023-11-03 15:26:59,0,1,5418,15760
