datetime,bid,ask,open_interest,volume
2023-07-12 09:30:15,33,35,2949,3596
2023-07-12 09:30:16,30,35,2974,3621
2023-07-12 09:30:21,23,35,3049,3696
2023-07-12 09:30:21,23,30,3049,3696
2023-07-12 09:30:21,23,35,3049,3696
2023-07-12 09:30:34,30,35,3049,3696
2023-07-12 09:30:34,23,35,3049,3751
2023-07-12 09:30:35,23,30,3049,3751
2023-07-12 09:30:35,23,35,3049,3751
2023-07-12 09:30:42,30,35,3049,3751
2023-07-12 09:30:43,23,35,3049,3806
2023-07-12 09:30:43,23,30,3049,3806
2023-07-12 09:30:43,23,35,3049,3806
2023-07-12 09:31:00,23,31,3049,3806
2023-07-12 09:31:00,27,31,3049,3806
2023-07-12 09:31:00,28,31,3049,3806
2023-07-12 09:31:00,29,31,3049,3806
2023-07-12 09:31:01,28,31,3449,4206
2023-07-12 09:31:01,28,29,3449,4206
2023-07-12 09:31:01,28,31,3449,4206
2023-07-12 09:31:01,28,31,3849,4606
2023-07-12 09:31:02,28,30,3849,4606
2023-07-12 09:31:02,28,30,4249,5006
2023-07-12 09:31:02,27,28,4449,5206
2023-07-12 09:31:02,27,30,4449,5206
2023-07-12 09:31:03,27,29,4449,5206
2023-07-12 09:31:03,27,28,4449,5206
2023-07-12 09:31:03,27,29,4449,5206
2023-07-12 09:31:04,27,29,4849,5606
2023-07-12 09:31:04,27,29,5249,6006
2023-07-12 09:31:06,27,29,5249,6014
2023-07-12 09:31:08,27,28,5249,6014
2023-07-12 09:31:35,25,28,5249,6014
2023-07-12 09:31:44,25,29,5249,6014
2023-07-12 09:31:52,27,29,5249,6014
2023-07-12 09:32:09,25,29,5449,6214
2023-07-12 09:32:25,26,29,5449,6214
2023-07-12 09:32:27,26,29,5116,6547
2023-07-12 09:32:28,27,29,5116,6547
2023-07-12 09:32:30,26,29,5316,6747
2023-07-12 09:32:30,26,27,5316,6747
2023-07-12 09:32:30,26,29,5316,6747
2023-07-12 09:32:32,26,29,4983,7080
2023-07-12 09:32:33,27,29,4983,7080
2023-07-12 09:32:33,26,29,5183,7280
2023-07-12 09:32:34,26,27,5183,7280
2023-07-12 09:32:34,26,29,5183,7280
2023-07-12 09:32:40,26,28,5183,7280
2023-07-12 09:32:40,26,29,5183,7280
2023-07-12 09:32:55,26,30,5183,7280
2023-07-12 09:32:56,28,30,5183,7280
2023-07-12 09:33:06,28,29,5183,7280
2023-07-12 09:33:19,28,29,5049,7613
2023-07-12 09:33:20,28,30,5049,7613
2023-07-12 09:33:29,28,29,5049,7613
2023-07-12 09:33:37,28,30,5049,7613
2023-07-12 09:33:38,28,29,5049,7613
2023-07-12 09:33:40,28,30,5049,7613
2023-07-12 09:33:55,28,29,5049,7613
2023-07-12 09:33:56,28,30,5049,7613
2023-07-12 09:34:01,28,29,5049,7613
2023-07-12 09:34:04,28,30,5049,7613
2023-07-12 09:34:06,27,30,5249,7868
2023-07-12 09:34:06,27,28,5249,7868
2023-07-12 09:34:06,27,30,5249,7868
2023-07-12 09:34:20,27,29,5249,7868
2023-07-12 09:34:21,27,30,5249,7868
2023-07-12 09:34:22,27,29,5249,7868
2023-07-12 09:34:29,27,30,5249,7868
2023-07-12 09:35:05,27,29,5249,7868
2023-07-12 09:35:11,27,30,5249,7868
2023-07-12 09:35:25,27,31,5249,7868
2023-07-12 09:35:25,27,30,5249,7868
2023-07-12 09:35:27,27,31,5249,7868
2023-07-12 09:35:34,27,30,5249,7868
2023-07-12 09:35:43,27,29,5249,7868
2023-07-12 09:35:53,27,29,5249,7968
2023-07-12 09:35:54,27,30,5249,7968
2023-07-12 09:35:55,27,29,5249,7968
2023-07-12 09:35:57,27,30,5249,7968
2023-07-12 09:35:58,27,29,5249,7968
2023-07-12 09:36:01,27,30,5249,7968
2023-07-12 09:36:03,27,29,5249,7968
2023-07-12 09:36:04,27,30,5249,7968
2023-07-12 09:36:05,27,29,5249,7968
2023-07-12 09:36:06,27,30,5249,7968
2023-07-12 09:36:28,29,30,5249,7968
2023-07-12 09:36:41,29,31,5274,7993
2023-07-12 09:37:39,30,31,5274,7993
2023-07-12 09:38:15,30,31,5273,7994
2023-07-12 09:38:34,29,30,5219,8048
2023-07-12 09:38:39,29,31,5219,8048
2023-07-12 09:39:08,29,30,5219,8048
2023-07-12 09:39:10,29,31,5219,8048
2023-07-12 09:39:14,29,30,5219,8048
2023-07-12 09:39:15,29,31,5219,8048
2023-07-12 09:39:20,29,30,5219,8048
2023-07-12 09:39:24,29,31,5219,8048
2023-07-12 09:39:42,30,31,5219,8048
2023-07-12 09:39:44,30,32,5219,8048
2023-07-12 09:41:20,31,32,5219,8048
2023-07-12 09:41:51,31,33,5219,8048
2023-07-12 09:43:11,31,33,5224,8053
2023-07-12 09:43:15,31,33,5274,8103
2023-07-12 09:43:53,31,32,5274,8103
2023-07-12 09:43:54,31,32,5274,8108
2023-07-12 09:44:03,31,33,5274,8108
2023-07-12 09:44:24,31,32,5274,8108
2023-07-12 09:44:29,31,33,5274,8108
2023-07-12 09:44:33,31,32,5274,8108
2023-07-12 09:44:36,31,33,5274,8108
2023-07-12 09:44:56,31,32,5274,8108
2023-07-12 09:44:58,31,33,5274,8108
2023-07-12 09:44:59,31,32,5274,8108
2023-07-12 09:45:00,31,33,5274,8108
2023-07-12 09:45:10,31,32,5274,8108
2023-07-12 09:45:17,31,32,5274,8174
2023-07-12 09:45:26,31,33,5274,8174
2023-07-12 09:45:29,31,32,5274,8174
2023-07-12 09:46:13,31,32,5274,8179
2023-07-12 09:46:33,30,31,5215,8238
2023-07-12 09:46:52,30,32,5215,8238
2023-07-12 09:47:01,30,31,5215,8238
2023-07-12 09:47:17,30,31,5215,8338
2023-07-12 09:48:26,29,30,5085,8468
2023-07-12 09:48:59,28,29,4955,8598
2023-07-12 09:49:02,27,29,4955,8598
2023-07-12 09:49:29,28,29,4955,8598
2023-07-12 09:49:30,28,30,4985,8628
2023-07-12 09:49:31,29,30,4985,8628
2023-07-12 09:49:43,28,30,4985,8628
2023-07-12 09:50:01,28,31,5015,8658
2023-07-12 09:50:11,28,30,5015,8658
2023-07-12 09:50:12,28,31,5015,8658
2023-07-12 09:50:13,28,30,5015,8658
2023-07-12 09:50:24,28,29,5015,8658
2023-07-12 09:50:25,28,30,5015,8658
2023-07-12 09:50:28,28,29,5015,8658
2023-07-12 09:50:29,28,30,5015,8858
2023-07-12 09:51:01,28,31,5015,8858
2023-07-12 09:51:02,28,30,5015,8858
2023-07-12 09:51:06,28,31,5015,8858
2023-07-12 09:51:09,28,30,5015,8858
2023-07-12 09:51:10,28,31,5015,8858
2023-07-12 09:51:17,28,30,5015,8858
2023-07-12 09:51:18,28,31,5015,8858
2023-07-12 09:51:26,28,30,5015,8858
2023-07-12 09:51:38,28,31,5015,8858
2023-07-12 09:51:43,29,31,5015,8858
2023-07-12 09:52:12,30,31,5015,8858
2023-07-12 09:52:16,31,32,5045,8888
2023-07-12 09:52:34,30,32,5045,8888
2023-07-12 09:52:44,30,31,5045,8888
2023-07-12 09:52:47,30,32,5045,8888
2023-07-12 09:52:53,30,31,5045,8888
2023-07-12 09:52:56,30,32,5045,8888
2023-07-12 09:52:58,30,31,5045,8888
2023-07-12 09:53:02,29,30,4915,9018
2023-07-12 09:53:08,29,30,4986,9089
2023-07-12 09:54:10,28,29,4956,9119
2023-07-12 09:55:14,28,30,4986,9149
2023-07-12 09:56:41,28,29,4986,9149
2023-07-12 09:56:45,28,30,4986,9149
2023-07-12 09:56:51,28,29,4986,9149
2023-07-12 09:56:57,28,30,4986,9149
2023-07-12 09:56:59,28,29,4986,9149
2023-07-12 09:57:01,28,30,4986,9149
2023-07-12 09:57:02,28,29,4986,9149
2023-07-12 09:57:03,28,29,4986,9179
2023-07-12 10:00:12,28,30,5016,9209
2023-07-12 10:01:21,28,29,5016,9209
2023-07-12 10:01:22,27,29,5016,9239
2023-07-12 10:01:23,27,29,5016,9489
2023-07-12 10:01:56,28,29,5016,9489
2023-07-12 10:02:04,27,29,5016,9489
2023-07-12 10:02:48,28,29,5016,9489
2023-07-12 10:03:02,27,29,5016,9489
2023-07-12 10:03:29,28,29,5016,9489
2023-07-12 10:03:31,27,29,5016,9489
2023-07-12 10:03:32,28,29,5016,9489
2023-07-12 10:03:39,28,30,5046,9519
2023-07-12 10:04:13,27,30,5046,9519
2023-07-12 10:04:48,27,29,5046,9519
2023-07-12 10:05:00,27,30,5046,9519
2023-07-12 10:05:06,28,30,5046,9519
2023-07-12 10:05:15,27,30,5046,9519
2023-07-12 10:05:17,28,30,5046,9519
2023-07-12 10:05:43,29,30,5046,9519
2023-07-12 10:05:47,28,30,5046,9519
2023-07-12 10:05:48,29,30,5046,9519
2023-07-12 10:05:51,28,30,5046,9519
2023-07-12 10:05:55,29,30,5046,9519
2023-07-12 10:06:04,28,30,5046,9519
2023-07-12 10:06:19,29,30,5046,9519
2023-07-12 10:06:20,28,30,5046,9519
2023-07-12 10:06:38,27,30,5046,9519
2023-07-12 10:06:47,28,30,5046,9519
2023-07-12 10:06:53,27,30,5046,9519
2023-07-12 10:07:01,28,30,5046,9519
2023-07-12 10:07:02,27,30,5046,9519
2023-07-12 10:07:16,27,29,5046,9519
2023-07-12 10:07:22,27,30,5046,9519
2023-07-12 10:07:38,28,30,5046,9519
2023-07-12 10:07:43,27,30,5046,9519
2023-07-12 10:07:47,28,30,5046,9519
2023-07-12 10:07:48,27,30,5046,9519
2023-07-12 10:07:49,28,30,5046,9519
2023-07-12 10:08:01,27,30,5046,9519
2023-07-12 10:08:16,28,30,5046,9519
2023-07-12 10:08:33,27,30,5046,9519
2023-07-12 10:08:37,27,29,5046,9519
2023-07-12 10:08:49,27,30,5046,9519
2023-07-12 10:08:49,27,29,5046,9519
2023-07-12 10:09:09,27,28,5046,9519
2023-07-12 10:09:21,26,27,5016,9549
2023-07-12 10:09:22,26,27,4816,9749
2023-07-12 10:09:39,24,27,4816,9749
2023-07-12 10:09:41,24,26,4816,9749
2023-07-12 10:10:24,24,25,4816,9749
2023-07-12 10:10:34,24,26,4816,9749
2023-07-12 10:11:11,25,26,4816,9749
2023-07-12 10:11:15,24,26,4816,9749
2023-07-12 10:11:19,24,26,4616,9949
2023-07-12 10:12:04,23,26,4616,9949
2023-07-12 10:12:04,24,26,4616,9949
2023-07-12 10:12:18,25,26,4616,9949
2023-07-12 10:12:29,24,26,4616,9949
2023-07-12 10:12:29,25,26,4616,9949
2023-07-12 10:12:31,24,26,4616,9949
2023-07-12 10:13:16,25,26,4616,9949
2023-07-12 10:13:18,25,27,4646,9979
2023-07-12 10:13:48,26,27,4646,9979
2023-07-12 10:13:59,25,27,4646,9979
2023-07-12 10:13:59,26,27,4646,9979
2023-07-12 10:14:00,26,29,4676,10009
2023-07-12 10:14:00,26,28,4676,10009
2023-07-12 10:14:03,26,29,4676,10009
2023-07-12 10:14:14,26,28,4676,10009
2023-07-12 10:14:17,25,28,4676,10009
2023-07-12 10:14:17,26,28,4676,10009
2023-07-12 10:14:30,26,27,4676,10009
2023-07-12 10:14:30,25,27,4676,10009
2023-07-12 10:14:31,25,28,4676,10009
2023-07-12 10:14:37,25,27,4676,10009
2023-07-12 10:14:40,24,27,4676,10009
2023-07-12 10:14:48,24,26,4676,10009
2023-07-12 10:15:16,24,27,4676,10009
2023-07-12 10:15:18,24,26,4676,10009
2023-07-12 10:15:26,24,25,4676,10009
2023-07-12 10:15:31,23,24,4616,10069
2023-07-12 10:15:48,23,25,4646,10099
2023-07-12 10:16:20,23,25,4676,10488
2023-07-12 10:16:21,23,26,4676,10488
2023-07-12 10:16:21,23,25,4676,10488
2023-07-12 10:16:30,23,25,4676,10548
2023-07-12 10:16:47,24,25,4676,10548
2023-07-12 10:16:53,24,26,4706,10578
2023-07-12 10:17:25,23,26,4706,10578
2023-07-12 10:18:15,23,25,4706,10578
2023-07-12 10:18:52,23,24,4706,10578
2023-07-12 10:19:07,22,24,4706,10608
2023-07-12 10:19:13,22,23,4706,10608
2023-07-12 10:19:14,22,24,4706,10608
2023-07-12 10:19:48,22,23,4706,10608
2023-07-12 10:19:48,21,23,4706,10638
2023-07-12 10:19:56,21,23,4736,10668
2023-07-12 10:19:56,21,22,4736,10668
2023-07-12 10:19:56,21,23,4736,10668
2023-07-12 10:19:57,20,23,4906,10838
2023-07-12 10:19:58,20,22,4906,10838
2023-07-12 10:20:19,20,21,4906,10838
2023-07-12 10:20:19,20,21,4906,10840
2023-07-12 10:20:21,19,21,4906,10840
2023-07-12 10:21:59,19,22,4906,10840
2023-07-12 10:22:04,19,21,4906,10840
2023-07-12 10:22:06,19,22,4906,10840
2023-07-12 10:22:08,19,21,4906,10840
2023-07-12 10:22:18,19,21,5036,10970
2023-07-12 10:22:22,19,22,5036,10970
2023-07-12 10:22:23,19,21,5036,10970
2023-07-12 10:22:25,20,21,5036,10970
2023-07-12 10:22:25,20,21,5036,11100
2023-07-12 10:22:25,20,22,5036,11100
2023-07-12 10:22:30,20,21,5036,11100
2023-07-12 10:22:30,20,21,5036,11260
2023-07-12 10:22:30,20,22,5036,11260
2023-07-12 10:22:43,20,21,5036,11260
2023-07-12 10:22:46,19,21,5036,11260
2023-07-12 10:22:48,19,22,5036,11260
2023-07-12 10:22:55,19,21,5036,11260
2023-07-12 10:23:02,19,22,5036,11260
2023-07-12 10:23:03,19,21,5036,11260
2023-07-12 10:23:06,19,22,5036,11260
2023-07-12 10:23:09,20,22,5036,11260
2023-07-12 10:23:19,21,22,5036,11260
2023-07-12 10:23:25,21,23,5066,11290
2023-07-12 10:23:58,21,22,5066,11290
2023-07-12 10:24:04,21,22,5066,11350
2023-07-12 10:24:11,21,22,4972,11550
2023-07-12 10:24:18,19,22,5012,11590
2023-07-12 10:24:38,20,22,5012,11590
2023-07-12 10:24:48,21,22,5012,11590
2023-07-12 10:24:49,20,22,5012,11590
2023-07-12 10:24:50,21,22,5012,11590
2023-07-12 10:25:02,21,23,5016,11594
2023-07-12 10:25:06,22,23,5016,11594
2023-07-12 10:25:09,22,24,5046,11624
2023-07-12 10:25:20,23,24,5046,11624
2023-07-12 10:25:23,23,25,5076,11654
2023-07-12 10:25:24,24,25,5076,11654
2023-07-12 10:26:55,23,25,5076,11654
2023-07-12 10:30:23,23,24,5076,11654
2023-07-12 10:30:57,21,23,5076,11674
2023-07-12 10:31:02,20,23,5076,11674
2023-07-12 10:31:08,20,22,5076,11674
2023-07-12 10:31:20,21,22,5076,11674
2023-07-12 10:31:20,21,24,5076,11674
2023-07-12 10:31:20,21,23,5076,11674
2023-07-12 10:31:25,21,24,5076,11674
2023-07-12 10:31:25,21,23,5076,11674
2023-07-12 10:31:31,20,23,5076,11674
2023-07-12 10:31:34,21,23,5076,11674
2023-07-12 10:31:39,21,24,5076,11674
2023-07-12 10:31:39,21,23,5076,11674
2023-07-12 10:31:41,21,24,5076,11674
2023-07-12 10:31:48,22,24,5076,11674
2023-07-12 10:31:49,21,24,5076,11674
2023-07-12 10:31:50,22,24,5076,11674
2023-07-12 10:31:54,23,24,5076,11674
2023-07-12 10:31:55,22,24,5076,11674
2023-07-12 10:32:42,23,24,5076,11674
2023-07-12 10:32:43,22,24,5076,11674
2023-07-12 10:32:46,23,24,5076,11674
2023-07-12 10:32:49,23,25,5096,11694
2023-07-12 10:32:57,24,25,5096,11694
2023-07-12 10:32:58,25,26,5126,11724
2023-07-12 10:33:05,25,26,5250,11974
2023-07-12 10:34:10,26,27,5270,11994
2023-07-12 10:34:14,25,27,5270,11994
2023-07-12 10:35:06,26,27,5270,11994
2023-07-12 10:35:23,25,27,5270,11994
2023-07-12 10:35:32,26,27,5270,11994
2023-07-12 10:35:39,27,28,5290,12014
2023-07-12 10:35:54,26,28,5290,12014
2023-07-12 10:36:06,25,28,5290,12014
2023-07-12 10:36:23,25,27,5290,12014
2023-07-12 10:36:37,25,28,5290,12014
2023-07-12 10:36:37,25,27,5290,12014
2023-07-12 10:36:37,25,28,5290,12014
2023-07-12 10:36:40,25,27,5290,12014
2023-07-12 10:36:47,25,28,5290,12014
2023-07-12 10:36:51,25,27,5290,12014
2023-07-12 10:37:01,25,26,5290,12014
2023-07-12 10:37:17,23,26,5290,12034
2023-07-12 10:37:50,24,26,5290,12034
2023-07-12 10:37:51,23,26,5290,12034
2023-07-12 10:37:52,23,27,5290,12034
2023-07-12 10:37:52,24,27,5290,12034
2023-07-12 10:37:56,23,27,5290,12034
2023-07-12 10:37:56,23,26,5290,12034
2023-07-12 10:38:02,24,26,5290,12034
2023-07-12 10:38:05,24,27,5290,12034
2023-07-12 10:38:48,24,26,5290,12034
2023-07-12 10:39:03,24,25,5290,12034
2023-07-12 10:39:12,24,26,5290,12034
2023-07-12 10:39:17,24,27,5290,12034
2023-07-12 10:39:19,24,26,5290,12034
2023-07-12 10:39:55,24,25,5290,12034
2023-07-12 10:39:55,23,25,5290,12054
2023-07-12 10:40:04,23,24,5290,12054
2023-07-12 10:40:07,23,25,5290,12054
2023-07-12 10:40:10,23,24,5290,12054
2023-07-12 10:40:30,22,23,5220,12124
2023-07-12 10:40:37,21,23,5026,12324
2023-07-12 10:40:37,21,22,5026,12324
2023-07-12 10:40:42,19,22,5026,12364
2023-07-12 10:40:48,20,22,5026,12364
2023-07-12 10:40:48,19,22,5226,12564
2023-07-12 10:40:49,20,22,5226,12564
2023-07-12 10:41:17,19,22,5226,12564
2023-07-12 10:41:27,20,22,5226,12564
2023-07-12 10:41:44,19,22,5226,12564
2023-07-12 10:41:47,20,22,5226,12564
2023-07-12 10:41:48,19,22,5226,12564
2023-07-12 10:42:15,19,21,5226,12564
2023-07-12 10:42:36,20,21,5226,12564
2023-07-12 10:42:36,20,21,5246,12584
2023-07-12 10:42:40,19,21,5246,12584
2023-07-12 10:42:54,20,21,5246,12584
2023-07-12 10:43:01,20,22,5266,12604
2023-07-12 10:43:05,21,22,5266,12604
2023-07-12 10:43:07,21,23,5286,12624
2023-07-12 10:44:15,22,23,5286,12624
2023-07-12 10:44:33,22,24,5306,12644
2023-07-12 10:44:45,21,24,5306,12644
2023-07-12 10:44:48,22,24,5306,12644
2023-07-12 10:44:53,21,24,5306,12644
2023-07-12 10:45:00,21,23,5306,12644
2023-07-12 10:45:01,20,23,5306,12644
2023-07-12 10:45:22,20,22,5306,12644
2023-07-12 10:45:29,20,23,5306,12644
2023-07-12 10:45:53,20,22,5306,12644
2023-07-12 10:46:19,20,21,5306,12644
2023-07-12 10:46:39,19,21,5306,12684
2023-07-12 10:46:52,20,21,5306,12684
2023-07-12 10:46:52,20,21,5326,12704
2023-07-12 10:47:09,21,22,5346,12724
2023-07-12 10:48:01,21,23,5366,12744
2023-07-12 10:48:30,20,23,5366,12764
2023-07-12 10:48:33,21,23,5366,12764
2023-07-12 10:50:54,22,23,5366,12764
2023-07-12 10:51:08,21,23,5366,12764
2023-07-12 10:51:16,22,23,5366,12764
2023-07-12 10:51:19,22,24,5386,12784
2023-07-12 10:51:35,23,24,5386,12784
2023-07-12 10:51:48,22,24,5386,12784
2023-07-12 10:52:03,21,24,5386,12784
2023-07-12 10:52:06,21,23,5386,12784
2023-07-12 10:52:11,21,22,5386,12784
2023-07-12 10:52:14,21,23,5386,12784
2023-07-12 10:52:15,21,22,5386,12784
2023-07-12 10:52:22,21,23,5406,12804
2023-07-12 10:52:26,21,24,5406,12804
2023-07-12 10:52:29,22,24,5406,12804
2023-07-12 10:52:29,22,24,5426,12824
2023-07-12 10:52:40,21,24,5426,12824
2023-07-12 10:52:40,22,24,5426,12824
2023-07-12 10:52:46,21,24,5426,12824
2023-07-12 10:52:46,23,24,5426,12824
2023-07-12 10:52:47,21,24,5426,12824
2023-07-12 10:52:48,22,24,5426,12824
2023-07-12 10:52:48,23,24,5426,12824
2023-07-12 10:52:50,23,25,5446,12844
2023-07-12 10:53:15,24,25,5446,12844
2023-07-12 10:53:21,25,26,5486,12884
2023-07-12 10:53:29,24,26,5486,12884
2023-07-12 10:53:29,25,26,5486,12884
2023-07-12 10:53:33,26,28,5506,12904
2023-07-12 10:54:01,27,28,5506,12904
2023-07-12 10:54:07,26,28,5506,12904
2023-07-12 10:54:11,27,28,5506,12904
2023-07-12 10:55:11,26,28,5506,12904
2023-07-12 10:55:17,27,28,5506,12904
2023-07-12 10:55:24,28,29,5526,12924
2023-07-12 10:55:25,28,29,5546,12944
2023-07-12 10:55:28,29,30,5566,12964
2023-07-12 10:55:28,29,30,5586,12984
2023-07-12 10:55:33,30,32,5606,13004
2023-07-12 10:55:36,29,32,5606,13004
2023-07-12 10:55:37,28,32,5606,13004
2023-07-12 10:55:38,28,31,5606,13004
2023-07-12 10:55:48,28,30,5606,13004
2023-07-12 10:56:41,28,31,5606,13004
2023-07-12 10:57:02,29,31,5606,13004
2023-07-12 10:57:07,30,31,5606,13004
2023-07-12 10:57:16,31,32,5626,13024
2023-07-12 10:57:27,32,33,5646,13044
2023-07-12 10:57:51,33,34,5686,13084
2023-07-12 10:57:52,32,34,5686,13084
2023-07-12 10:58:33,32,34,5906,13304
2023-07-12 10:58:46,33,34,5906,13304
2023-07-12 10:59:04,32,34,5906,13304
2023-07-12 10:59:11,33,34,5906,13304
2023-07-12 10:59:14,34,35,5926,13324
2023-07-12 10:59:23,33,35,5926,13324
2023-07-12 10:59:30,32,35,5926,13324
2023-07-12 10:59:30,33,35,5926,13324
2023-07-12 10:59:48,32,35,5926,13324
2023-07-12 10:59:56,32,34,5926,13324
2023-07-12 10:59:58,31,34,5926,13324
2023-07-12 10:59:58,31,33,5926,13324
2023-07-12 11:00:42,31,35,5926,13324
2023-07-12 11:00:42,31,34,5926,13324
2023-07-12 11:00:48,31,33,5926,13324
2023-07-12 11:01:11,31,32,5926,13324
2023-07-12 11:01:22,31,33,5926,13324
2023-07-12 11:01:25,31,32,5926,13324
2023-07-12 11:01:34,31,33,5926,13324
2023-07-12 11:01:44,31,34,5926,13324
2023-07-12 11:01:44,31,33,5926,13324
2023-07-12 11:01:47,31,34,5926,13324
2023-07-12 11:02:07,32,34,5926,13324
2023-07-12 11:02:15,32,35,5926,13324
2023-07-12 11:02:15,32,34,5926,13324
2023-07-12 11:02:17,32,35,5926,13324
2023-07-12 11:02:22,32,34,5926,13324
2023-07-12 11:02:23,32,35,5926,13324
2023-07-12 11:02:25,32,34,5926,13324
2023-07-12 11:03:10,32,33,5926,13324
2023-07-12 11:03:28,32,34,5926,13324
2023-07-12 11:04:04,32,35,5926,13324
2023-07-12 11:04:12,33,35,5926,13324
2023-07-12 11:04:39,32,35,5926,13324
2023-07-12 11:05:27,33,35,5926,13324
2023-07-12 11:05:31,34,35,5926,13324
2023-07-12 11:05:34,35,36,5946,13344
2023-07-12 11:05:40,34,36,5946,13344
2023-07-12 11:06:00,35,36,5946,13344
2023-07-12 11:06:59,34,36,5946,13344
2023-07-12 11:06:59,35,36,5946,13344
2023-07-12 11:07:18,34,36,5946,13344
2023-07-12 11:07:27,33,36,5946,13344
2023-07-12 11:07:43,34,36,5946,13344
2023-07-12 11:08:33,33,36,5946,13344
2023-07-12 11:08:45,34,36,5946,13344
2023-07-12 11:08:48,33,36,5946,13344
2023-07-12 11:08:50,34,36,5946,13344
2023-07-12 11:08:52,33,36,5946,13344
2023-07-12 11:08:54,34,36,5946,13344
2023-07-12 11:09:16,35,36,5946,13344
2023-07-12 11:09:33,34,36,5946,13344
2023-07-12 11:10:24,35,36,5946,13344
2023-07-12 11:10:53,34,36,5946,13344
2023-07-12 11:11:14,34,35,5946,13344
2023-07-12 11:11:14,34,35,5971,13369
2023-07-12 11:11:17,33,35,5971,13369
2023-07-12 11:11:18,33,36,5971,13369
2023-07-12 11:11:23,33,35,5971,13369
2023-07-12 11:11:37,33,34,5971,13369
2023-07-12 11:11:43,33,35,5971,13369
2023-07-12 11:11:53,33,34,5971,13369
2023-07-12 11:11:56,32,33,5951,13389
2023-07-12 11:12:19,32,33,5951,13392
2023-07-12 11:13:02,32,34,5951,13392
2023-07-12 11:13:07,32,33,5951,13392
2023-07-12 11:13:15,32,34,5951,13392
2023-07-12 11:13:20,32,35,5951,13392
2023-07-12 11:13:21,32,34,5951,13392
2023-07-12 11:13:31,32,35,5951,13392
2023-07-12 11:14:15,32,34,5951,13392
2023-07-12 11:14:24,32,35,5951,13392
2023-07-12 11:14:36,33,35,5951,13392
2023-07-12 11:15:01,33,34,5951,13392
2023-07-12 11:15:17,32,33,5931,13412
2023-07-12 11:15:25,32,34,5931,13412
2023-07-12 11:15:36,32,33,5931,13412
2023-07-12 11:15:42,31,32,5894,13549
2023-07-12 11:15:43,31,33,5894,13549
2023-07-12 11:15:54,31,32,5894,13549
2023-07-12 11:15:55,30,31,5834,13609
2023-07-12 11:15:55,29,31,5834,13609
2023-07-12 11:15:56,29,32,5834,13609
2023-07-12 11:16:05,29,31,5834,13609
2023-07-12 11:16:11,28,31,5834,13609
2023-07-12 11:16:31,28,30,5834,13609
2023-07-12 11:16:36,28,31,5834,13609
2023-07-12 11:16:36,28,30,5834,13609
2023-07-12 11:16:45,28,31,5834,13609
2023-07-12 11:16:52,28,30,5834,13609
2023-07-12 11:16:53,28,31,5834,13609
2023-07-12 11:16:54,28,30,5834,13609
2023-07-12 11:17:49,28,29,5834,13609
2023-07-12 11:17:49,27,29,5834,13609
2023-07-12 11:18:25,27,30,5834,13609
2023-07-12 11:18:25,27,29,5834,13609
2023-07-12 11:19:18,27,28,5834,13609
2023-07-12 11:19:19,27,29,5834,13609
2023-07-12 11:20:15,27,30,5834,13609
2023-07-12 11:20:15,27,29,5834,13609
2023-07-12 11:21:13,28,29,5834,13609
2023-07-12 11:21:13,28,30,5834,13609
2023-07-12 11:21:18,27,30,5834,13609
2023-07-12 11:21:43,28,30,5834,13609
2023-07-12 11:21:57,29,30,5834,13609
2023-07-12 11:21:59,29,31,5854,13629
2023-07-12 11:22:07,28,31,5854,13629
2023-07-12 11:22:22,28,30,5854,13629
2023-07-12 11:22:52,28,31,5854,13629
2023-07-12 11:22:55,29,31,5854,13629
2023-07-12 11:23:16,29,33,5903,14237
2023-07-12 11:23:17,29,32,5903,14237
2023-07-12 11:23:20,28,32,5903,14237
2023-07-12 11:23:21,29,32,5903,14237
2023-07-12 11:23:23,29,31,5903,14237
2023-07-12 11:23:23,29,30,5903,14237
2023-07-12 11:23:23,28,30,5903,14277
2023-07-12 11:23:25,29,30,5903,14277
2023-07-12 11:23:25,28,30,5903,14317
2023-07-12 11:23:31,28,31,5903,14317
2023-07-12 11:23:31,28,30,5903,14317
2023-07-12 11:23:33,27,30,5903,14337
2023-07-12 11:23:38,28,30,5903,14337
2023-07-12 11:23:38,28,30,5923,14357
2023-07-12 11:23:40,29,30,5923,14357
2023-07-12 11:23:42,29,30,6023,14457
2023-07-12 11:23:43,28,30,6023,14457
2023-07-12 11:23:45,29,30,6023,14457
2023-07-12 11:23:45,29,30,6103,14537
2023-07-12 11:24:00,28,30,6103,14537
2023-07-12 11:24:34,29,30,6103,14537
2023-07-12 11:24:48,29,31,6143,14577
2023-07-12 11:25:02,30,31,6143,14577
2023-07-12 11:25:05,30,32,6163,14597
2023-07-12 11:25:06,31,32,6163,14597
2023-07-12 11:25:08,31,33,6183,14617
2023-07-12 11:25:15,32,33,6183,14617
2023-07-12 11:25:19,33,35,6203,14637
2023-07-12 11:25:19,33,34,6203,14637
2023-07-12 11:25:19,33,35,6203,14637
2023-07-12 11:25:21,33,35,6223,14657
2023-07-12 11:25:22,32,35,6223,14657
2023-07-12 11:25:25,33,35,6223,14657
2023-07-12 11:25:48,33,34,6223,14657
2023-07-12 11:25:48,31,34,6223,14657
2023-07-12 11:25:48,32,34,6223,14657
2023-07-12 11:25:53,31,34,6223,14657
2023-07-12 11:26:04,31,33,6223,14657
2023-07-12 11:26:05,31,34,6223,14657
2023-07-12 11:26:07,31,33,6223,14657
2023-07-12 11:26:16,31,34,6223,14657
2023-07-12 11:26:16,31,33,6223,14657
2023-07-12 11:26:21,31,34,6223,14657
2023-07-12 11:26:25,32,34,6223,14657
2023-07-12 11:26:33,33,34,6223,14657
2023-07-12 11:26:33,33,34,6234,14677
2023-07-12 11:27:21,33,36,6274,14877
2023-07-12 11:27:37,33,35,6274,14877
2023-07-12 11:27:41,34,35,6274,14877
2023-07-12 11:27:41,34,35,6294,14897
2023-07-12 11:27:41,34,36,6294,14897
2023-07-12 11:27:42,35,36,6294,14897
2023-07-12 11:27:56,34,36,6294,14897
2023-07-12 11:28:02,33,36,6294,14897
2023-07-12 11:28:03,34,36,6294,14897
2023-07-12 11:28:11,35,36,6294,14897
2023-07-12 11:28:11,35,36,6314,14917
2023-07-12 11:29:19,36,37,6334,14937
2023-07-12 11:29:23,35,37,6414,15017
2023-07-12 11:29:37,36,37,6414,15017
2023-07-12 11:30:00,36,37,6534,15137
2023-07-12 11:30:00,36,37,6654,15257
2023-07-12 11:30:02,35,37,6654,15257
2023-07-12 11:30:09,36,37,6654,15257
2023-07-12 11:30:09,36,37,6734,15337
2023-07-12 11:30:21,35,37,6734,15337
2023-07-12 11:30:30,36,37,6734,15337
2023-07-12 11:30:45,37,38,6754,15357
2023-07-12 11:30:45,37,38,6854,15457
2023-07-12 11:30:45,36,37,6934,15537
2023-07-12 11:31:19,35,37,6934,15537
2023-07-12 11:31:28,35,37,6954,15557
2023-07-12 11:31:28,35,36,6954,15557
2023-07-12 11:31:28,35,37,6954,15557
2023-07-12 11:31:28,35,36,6954,15557
2023-07-12 11:31:32,34,36,6954,15577
2023-07-12 11:31:35,34,37,6954,15577
2023-07-12 11:31:35,34,36,6954,15577
2023-07-12 11:31:37,34,36,6980,15603
2023-07-12 11:31:54,34,37,6980,15603
2023-07-12 11:32:07,35,37,6980,15603
2023-07-12 11:32:25,36,37,6980,15603
2023-07-12 11:32:51,35,37,6980,15603
2023-07-12 11:33:20,35,36,6980,15603
2023-07-12 11:33:24,34,36,6980,15623
2023-07-12 11:33:27,34,37,6980,15623
2023-07-12 11:33:28,34,36,6980,15623
2023-07-12 11:33:31,34,37,6980,15623
2023-07-12 11:33:45,35,37,6980,15623
2023-07-12 11:34:09,36,37,6980,15623
2023-07-12 11:34:15,37,38,7034,15677
2023-07-12 11:34:16,39,40,7074,15797
2023-07-12 11:34:16,38,40,7154,15877
2023-07-12 11:34:16,38,39,7154,15877
2023-07-12 11:34:16,38,40,7154,15877
2023-07-12 11:34:16,38,39,7154,15877
2023-07-12 11:34:18,38,40,7154,15877
2023-07-12 11:34:20,38,39,7154,15877
2023-07-12 11:34:20,38,40,7154,15877
2023-07-12 11:34:21,38,40,7404,16127
2023-07-12 11:34:22,38,39,7404,16127
2023-07-12 11:34:22,38,40,7404,16177
2023-07-12 11:34:27,37,40,7404,16177
2023-07-12 11:34:29,38,40,7404,16177
2023-07-12 11:34:34,38,41,7404,16177
2023-07-12 11:34:34,37,41,7404,16177
2023-07-12 11:34:34,39,41,7404,16177
2023-07-12 11:34:39,38,41,7404,16177
2023-07-12 11:34:39,40,41,7404,16177
2023-07-12 11:34:57,38,41,7404,16177
2023-07-12 11:34:57,39,41,7404,16177
2023-07-12 11:35:02,39,40,7404,16177
2023-07-12 11:35:04,39,41,7404,16177
2023-07-12 11:35:06,39,40,7404,16177
2023-07-12 11:35:11,39,41,7404,16177
2023-07-12 11:35:26,39,41,7404,16377
2023-07-12 11:35:27,40,41,7404,16377
2023-07-12 11:35:33,39,41,7404,16377
2023-07-12 11:35:35,40,41,7404,16377
2023-07-12 11:35:42,39,41,7404,16377
2023-07-12 11:35:42,40,41,7404,16377
2023-07-12 11:35:44,39,41,7404,16377
2023-07-12 11:35:51,39,42,7404,16397
2023-07-12 11:35:58,41,42,7404,16397
2023-07-12 11:36:00,41,42,7404,16597
2023-07-12 11:36:01,39,42,7404,16797
2023-07-12 11:36:21,40,42,7404,16797
2023-07-12 11:36:35,39,42,7404,16797
2023-07-12 11:36:42,40,42,7404,16797
2023-07-12 11:37:08,39,42,7404,16797
2023-07-12 11:37:14,40,42,7404,16797
2023-07-12 11:37:25,39,42,7404,16797
2023-07-12 11:37:27,40,42,7404,16797
2023-07-12 11:37:55,41,42,7404,16797
2023-07-12 11:38:07,42,43,7424,16817
2023-07-12 11:38:13,43,45,7444,16837
2023-07-12 11:38:13,43,44,7444,16837
2023-07-12 11:38:14,43,44,7484,16877
2023-07-12 11:38:14,43,45,7484,16877
2023-07-12 11:38:19,42,45,7484,16877
2023-07-12 11:38:22,42,44,7484,16877
2023-07-12 11:38:26,43,44,7484,16877
2023-07-12 11:38:26,43,45,7484,16877
2023-07-12 11:38:32,43,45,7524,16917
2023-07-12 11:38:32,43,44,7524,16917
2023-07-12 11:38:32,43,45,7524,16917
2023-07-12 11:38:36,44,45,7524,16917
2023-07-12 11:38:42,45,46,7564,16957
2023-07-12 11:38:44,44,46,7764,17157
2023-07-12 11:38:44,44,45,7764,17157
2023-07-12 11:38:44,44,45,7944,17337
2023-07-12 11:38:58,44,46,7964,17357
2023-07-12 11:38:59,44,45,7964,17357
2023-07-12 11:39:06,44,45,8004,17397
2023-07-12 11:39:09,43,45,8004,17397
2023-07-12 11:39:14,44,45,8004,17397
2023-07-12 11:39:18,43,45,8004,17397
2023-07-12 11:39:38,44,45,8004,17397
2023-07-12 11:39:40,45,46,8007,17400
2023-07-12 11:39:42,46,47,8027,17420
2023-07-12 11:39:42,45,47,8207,17600
2023-07-12 11:39:43,46,47,8207,17600
2023-07-12 11:39:43,46,47,8227,17620
2023-07-12 11:40:05,47,48,8267,17660
2023-07-12 11:40:05,47,49,8267,17660
2023-07-12 11:40:05,46,49,8427,17820
2023-07-12 11:40:06,47,49,8427,17820
2023-07-12 11:40:06,47,48,8427,17820
2023-07-12 11:40:06,47,49,8427,17820
2023-07-12 11:40:06,47,48,8427,17820
2023-07-12 11:40:06,47,49,8427,17820
2023-07-12 11:40:08,48,49,8427,17820
2023-07-12 11:40:08,48,49,8447,17840
2023-07-12 11:40:10,48,50,8047,18240
2023-07-12 11:40:19,48,49,8047,18240
2023-07-12 11:40:19,48,49,8217,18410
2023-07-12 11:40:19,48,50,8217,18410
2023-07-12 11:40:22,48,50,8217,18610
2023-07-12 11:40:25,48,49,8217,18610
2023-07-12 11:40:25,48,50,8217,18610
2023-07-12 11:40:32,48,50,8357,18750
2023-07-12 11:40:32,48,49,8357,18750
2023-07-12 11:40:32,48,50,8357,18750
2023-07-12 11:40:36,48,49,8357,18750
2023-07-12 11:40:36,48,50,8357,18750
2023-07-12 11:40:38,48,50,8427,18820
2023-07-12 11:41:08,47,50,8427,18990
2023-07-12 11:41:09,48,50,8427,18990
2023-07-12 11:41:10,47,50,8427,19160
2023-07-12 11:41:32,47,49,8427,19160
2023-07-12 11:41:41,47,49,8489,19222
2023-07-12 11:41:41,47,49,8489,19222
2023-07-12 11:41:44,47,48,8489,19222
2023-07-12 11:41:44,47,48,8639,19372
2023-07-12 11:41:46,47,49,8239,19772
2023-07-12 11:41:46,47,48,8239,19772
2023-07-12 11:41:46,47,49,8027,19984
2023-07-12 11:41:50,46,49,8027,19994
2023-07-12 11:41:51,47,49,8027,19994
2023-07-12 11:41:54,46,49,8027,20004
2023-07-12 11:41:55,47,49,8027,20004
2023-07-12 11:41:56,47,50,8027,20004
2023-07-12 11:42:00,48,50,8027,20004
2023-07-12 11:42:17,48,50,8027,20254
2023-07-12 11:42:18,47,50,8027,20254
2023-07-12 11:42:18,47,49,8027,20254
2023-07-12 11:42:41,47,50,8027,20254
2023-07-12 11:42:46,48,50,8027,20254
2023-07-12 11:42:46,47,50,8027,20444
2023-07-12 11:42:47,48,50,8027,20444
2023-07-12 11:43:33,48,50,8027,20494
2023-07-12 11:44:50,48,49,8027,20494
2023-07-12 11:45:02,47,49,8027,20494
2023-07-12 11:45:03,47,48,8027,20494
2023-07-12 11:45:03,47,49,8027,20494
2023-07-12 11:45:04,47,49,8087,20554
2023-07-12 11:45:04,47,48,8087,20554
2023-07-12 11:45:04,47,49,8087,20554
2023-07-12 11:45:05,47,49,8147,20614
2023-07-12 11:45:05,47,48,8147,20614
2023-07-12 11:45:05,47,49,8147,20614
2023-07-12 11:45:06,47,48,8147,20614
2023-07-12 11:45:07,46,48,8147,20614
2023-07-12 11:45:09,46,47,8147,20614
2023-07-12 11:45:11,46,47,8164,20631
2023-07-12 11:45:12,46,47,8164,20831
2023-07-12 11:45:12,46,47,8264,20931
2023-07-12 11:45:12,45,47,8264,20931
2023-07-12 11:45:12,46,47,8264,20931
2023-07-12 11:45:15,45,46,8264,21031
2023-07-12 11:45:21,45,47,8264,21031
2023-07-12 11:46:11,46,47,8264,21031
2023-07-12 11:46:18,46,48,8264,21051
2023-07-12 11:46:19,46,48,8267,21054
2023-07-12 11:46:20,47,48,8267,21054
2023-07-12 11:46:35,48,49,8307,21204
2023-07-12 11:46:36,47,49,8307,21204
2023-07-12 11:48:18,47,50,8307,21244
2023-07-12 11:48:20,47,49,8307,21244
2023-07-12 11:48:32,47,50,8307,21244
2023-07-12 11:48:53,47,49,8307,21244
2023-07-12 11:48:56,47,50,8307,21244
2023-07-12 11:51:55,47,49,8307,21244
2023-07-12 11:52:11,47,48,8307,21244
2023-07-12 11:52:14,47,49,8307,21244
2023-07-12 11:52:30,47,48,8307,21244
2023-07-12 11:52:44,46,47,8267,21284
2023-07-12 11:53:00,45,46,8197,21354
2023-07-12 11:53:02,44,46,8127,21554
2023-07-12 11:53:02,44,45,8127,21554
2023-07-12 11:53:02,44,45,8267,21694
2023-07-12 11:53:02,44,45,8327,21754
2023-07-12 11:53:06,43,45,8327,21754
2023-07-12 11:53:17,43,46,8327,21754
2023-07-12 11:53:18,43,45,8327,21754
2023-07-12 11:53:21,43,46,8327,21754
2023-07-12 11:53:23,44,46,8327,21754
2023-07-12 11:53:29,45,46,8327,21754
2023-07-12 11:53:42,44,46,8327,21754
2023-07-12 11:53:53,44,45,8327,21754
2023-07-12 11:53:55,45,46,8347,21774
2023-07-12 11:53:55,45,46,8367,21794
2023-07-12 11:54:01,44,46,8367,21794
2023-07-12 11:54:18,45,46,8367,21794
2023-07-12 11:54:30,45,47,8367,21834
2023-07-12 11:54:52,46,47,8367,21834
2023-07-12 11:55:14,45,47,8367,21834
2023-07-12 11:55:47,46,47,8367,21834
2023-07-12 11:56:02,45,46,8367,21874
2023-07-12 11:56:07,45,47,8367,21874
2023-07-12 11:56:11,45,46,8367,21874
2023-07-12 11:56:29,45,46,8327,22074
2023-07-12 11:56:29,44,46,8327,22074
2023-07-12 11:56:30,43,44,8327,22214
2023-07-12 11:56:31,44,46,8327,22274
2023-07-12 11:56:31,44,45,8327,22274
2023-07-12 11:56:32,44,45,8367,22314
2023-07-12 11:56:33,43,45,8367,22314
2023-07-12 11:56:33,43,44,8367,22314
2023-07-12 11:56:38,43,45,8367,22314
2023-07-12 11:56:39,43,44,8367,22314
2023-07-12 11:57:00,42,43,8297,22384
2023-07-12 11:57:03,41,42,8227,22454
2023-07-12 11:57:04,40,42,8227,22454
2023-07-12 11:57:06,40,43,8227,22454
2023-07-12 11:57:15,41,43,8227,22454
2023-07-12 11:57:32,40,43,8227,22454
2023-07-12 11:57:33,41,43,8227,22454
2023-07-12 11:57:50,42,43,8227,22454
2023-07-12 11:57:52,42,44,8227,22494
2023-07-12 11:57:58,42,45,8007,22734
2023-07-12 11:58:02,43,45,8007,22734
2023-07-12 11:58:02,43,44,8007,22734
2023-07-12 11:58:09,43,45,8007,22734
2023-07-12 11:58:15,44,45,8007,22734
2023-07-12 11:58:16,44,46,8007,22774
2023-07-12 11:58:20,44,47,8007,22814
2023-07-12 11:58:23,44,46,8007,22814
2023-07-12 11:58:28,44,47,8007,22814
2023-07-12 11:58:34,45,47,8007,22814
2023-07-12 11:58:46,45,46,8007,22814
2023-07-12 11:58:47,43,45,7987,22834
2023-07-12 11:58:48,43,46,7987,22834
2023-07-12 11:58:49,43,45,7987,22834
2023-07-12 11:58:50,43,46,7987,22834
2023-07-12 11:58:55,43,45,7987,22834
2023-07-12 11:58:57,43,46,7987,22834
2023-07-12 11:59:21,43,45,7987,22834
2023-07-12 11:59:22,44,45,7987,22834
2023-07-12 11:59:22,44,46,7987,22834
2023-07-12 11:59:26,43,45,7987,22834
2023-07-12 11:59:26,43,46,7987,22874
2023-07-12 11:59:29,44,46,7987,22874
2023-07-12 11:59:32,43,46,7987,22874
2023-07-12 11:59:34,44,46,7987,22874
2023-07-12 12:00:35,46,47,8007,22894
2023-07-12 12:00:35,46,47,8047,22934
2023-07-12 12:00:35,46,47,8087,22974
2023-07-12 12:00:37,46,47,8127,23014
2023-07-12 12:00:38,46,48,8127,23054
2023-07-12 12:00:58,46,47,8127,23054
2023-07-12 12:00:58,46,48,8127,23054
2023-07-12 12:01:18,48,49,8207,23134
2023-07-12 12:01:18,48,49,8277,23204
2023-07-12 12:01:18,46,48,8327,23254
2023-07-12 12:01:18,46,49,8327,23254
2023-07-12 12:01:33,47,49,8327,23254
2023-07-12 12:01:58,47,49,8727,23654
2023-07-12 12:02:00,48,49,8727,23654
2023-07-12 12:02:16,47,49,8927,23854
2023-07-12 12:02:44,47,48,8927,23854
2023-07-12 12:02:49,46,49,8927,23854
2023-07-12 12:02:49,46,48,8927,23854
2023-07-12 12:02:56,46,47,8927,23854
2023-07-12 12:03:09,45,46,8787,23994
2023-07-12 12:03:12,44,46,8787,23994
2023-07-12 12:03:23,44,45,8787,23994
2023-07-12 12:03:30,43,44,8747,24034
2023-07-12 12:03:37,43,45,8747,24034
2023-07-12 12:03:43,43,44,8747,24034
2023-07-12 12:03:53,42,43,8707,24074
2023-07-12 12:03:53,42,44,8707,24234
2023-07-12 12:04:13,42,45,8747,24274
2023-07-12 12:04:14,43,45,8747,24274
2023-07-12 12:04:19,44,45,8747,24274
2023-07-12 12:04:25,44,46,8747,24314
2023-07-12 12:05:11,45,46,8747,24314
2023-07-12 12:05:16,45,47,8747,24334
2023-07-12 12:05:44,45,46,8747,24334
2023-07-12 12:05:58,45,47,8747,24334
2023-07-12 12:05:58,45,46,8747,24334
2023-07-12 12:06:04,45,47,8747,24334
2023-07-12 12:07:17,46,47,8747,24334
2023-07-12 12:08:53,47,48,8787,24374
2023-07-12 12:09:14,46,48,8787,24374
2023-07-12 12:09:14,46,47,8787,24374
2023-07-12 12:09:14,46,48,8787,24374
2023-07-12 12:09:43,47,48,8787,24374
2023-07-12 12:10:28,46,48,8787,24374
2023-07-12 12:10:45,47,48,8787,24374
2023-07-12 12:10:51,48,49,8827,24414
2023-07-12 12:10:51,48,49,8867,24454
2023-07-12 12:10:52,47,49,8867,24454
2023-07-12 12:10:55,48,49,8867,24454
2023-07-12 12:11:25,49,50,8907,24494
2023-07-12 12:11:31,48,50,9107,24694
2023-07-12 12:12:38,48,51,9107,24734
2023-07-12 12:12:51,50,51,9107,24734
2023-07-12 12:14:57,50,51,9107,24780
2023-07-12 12:16:29,48,51,9107,24780
2023-07-12 12:16:38,48,50,9107,24780
2023-07-12 12:16:46,48,51,9107,24780
2023-07-12 12:16:54,49,51,9107,24780
2023-07-12 12:16:56,50,51,9107,24780
2023-07-12 12:26:08,50,51,9127,24800
2023-07-12 12:26:22,50,52,9127,24840
2023-07-12 12:30:25,50,53,9127,24863
2023-07-12 12:32:01,52,53,9127,24863
2023-07-12 12:33:11,50,53,9127,24863
2023-07-12 12:34:11,50,52,9127,24863
2023-07-12 12:34:16,50,53,9127,24863
2023-07-12 12:34:25,50,52,9127,24863
2023-07-12 12:34:31,50,53,9127,24863
2023-07-12 12:36:06,52,53,9127,24863
2023-07-12 12:37:28,51,53,9127,24863
2023-07-12 12:37:35,50,53,9127,24863
2023-07-12 12:37:36,50,52,9127,24863
2023-07-12 12:37:37,50,53,9127,24863
2023-07-12 12:37:37,50,52,9127,24863
2023-07-12 12:37:40,50,53,9127,24863
2023-07-12 12:37:43,50,52,9127,24863
2023-07-12 12:37:46,50,51,9127,24863
2023-07-12 12:37:47,50,52,8927,25063
2023-07-12 12:37:58,50,51,8927,25063
2023-07-12 12:38:03,50,52,8927,25066
2023-07-12 12:38:24,50,51,8927,25066
2023-07-12 12:38:35,50,52,8927,25069
2023-07-12 12:38:39,50,51,8927,25069
2023-07-12 12:38:43,50,52,8927,25069
2023-07-12 12:38:44,50,51,8927,25069
2023-07-12 12:38:46,50,52,8927,25069
2023-07-12 12:38:47,50,51,8927,25069
2023-07-12 12:39:09,49,50,8904,25092
2023-07-12 12:39:12,49,51,8904,25092
2023-07-12 12:39:33,49,52,8904,25095
2023-07-12 12:39:33,50,52,8904,25095
2023-07-12 12:40:13,51,52,8904,25095
2023-07-12 12:40:26,50,52,8904,25095
2023-07-12 12:40:43,51,52,8904,25095
2023-07-12 12:41:07,50,52,8904,25095
2023-07-12 12:41:07,51,52,8904,25095
2023-07-12 12:41:14,50,52,8904,25095
2023-07-12 12:41:14,51,52,8904,25095
2023-07-12 12:41:37,50,52,8904,25095
2023-07-12 12:41:49,50,51,8904,25095
2023-07-12 12:41:54,50,52,8904,25095
2023-07-12 12:41:55,50,51,8904,25095
2023-07-12 12:42:02,50,52,8904,25095
2023-07-12 12:42:16,51,52,8904,25095
2023-07-12 12:42:21,50,52,8904,25095
2023-07-12 12:42:21,51,52,8904,25095
2023-07-12 12:42:30,52,53,8907,25098
2023-07-12 12:43:51,53,54,8930,25121
2023-07-12 12:43:56,54,55,8953,25144
2023-07-12 12:43:56,54,55,8976,25167
2023-07-12 12:43:56,54,55,8999,25190
2023-07-12 12:44:18,55,56,9022,25213
2023-07-12 12:44:19,54,56,9022,25213
2023-07-12 12:45:53,54,55,9022,25213
2023-07-12 12:46:05,54,55,9022,25413
2023-07-12 12:46:08,52,55,9022,25413
2023-07-12 12:46:08,54,55,9022,25413
2023-07-12 12:46:31,53,55,9022,25413
2023-07-12 12:46:31,54,55,9022,25413
2023-07-12 12:46:32,54,55,9022,25513
2023-07-12 12:46:33,54,55,9042,25533
2023-07-12 12:46:58,53,55,9042,25533
2023-07-12 12:46:58,54,55,9042,25533
2023-07-12 12:47:29,53,55,9042,25533
2023-07-12 12:47:29,54,55,9042,25533
2023-07-12 12:47:29,54,55,9085,25576
2023-07-12 12:47:29,54,55,9128,25619
2023-07-12 12:47:43,52,54,9128,25633
2023-07-12 12:47:44,53,54,9128,25633
2023-07-12 12:47:50,52,54,9128,25633
2023-07-12 12:47:51,53,54,9128,25633
2023-07-12 12:47:58,52,53,9128,25783
2023-07-12 12:47:59,52,54,9128,25783
2023-07-12 12:48:01,52,53,9128,25783
2023-07-12 12:48:04,51,53,9128,25783
2023-07-12 12:48:05,51,52,9128,25783
2023-07-12 12:48:05,52,53,9128,25813
2023-07-12 12:48:06,51,52,9128,26033
2023-07-12 12:48:06,51,53,9118,26043
2023-07-12 12:48:07,51,52,9118,26043
2023-07-12 12:48:07,52,53,9118,26073
2023-07-12 12:48:11,51,53,9168,26123
2023-07-12 12:48:11,51,52,9168,26123
2023-07-12 12:48:12,51,52,9244,26199
2023-07-12 12:48:12,51,53,9244,26199
2023-07-12 12:48:13,51,52,9244,26199
2023-07-12 12:48:13,51,52,9268,26223
2023-07-12 12:48:15,52,53,9283,26238
2023-07-12 12:48:16,52,53,9298,26253
2023-07-12 12:48:16,51,53,9318,26273
2023-07-12 12:48:24,51,53,8918,26673
2023-07-12 12:48:27,52,53,8918,26673
2023-07-12 12:48:33,51,53,8918,26673
2023-07-12 12:48:34,52,53,8918,26673
2023-07-12 12:48:37,51,53,8918,26673
2023-07-12 12:48:48,51,53,8918,27073
2023-07-12 12:49:08,51,52,8918,27073
2023-07-12 12:49:09,52,53,8918,27173
2023-07-12 12:49:10,51,52,8918,27223
2023-07-12 12:49:11,51,53,8918,27223
2023-07-12 12:49:13,52,53,8918,27223
2023-07-12 12:49:13,52,53,8939,27244
2023-07-12 12:49:15,51,53,8939,27244
2023-07-12 12:49:16,52,53,8939,27244
2023-07-12 12:49:16,51,53,8939,27444
2023-07-12 12:49:19,52,53,8939,27444
2023-07-12 12:49:19,52,53,8989,27494
2023-07-12 12:49:21,51,52,8989,27544
2023-07-12 12:49:26,51,52,8989,27567
2023-07-12 12:49:34,49,50,8920,27686
2023-07-12 12:49:34,49,50,8920,27886
2023-07-12 12:49:34,48,50,8920,27886
2023-07-12 12:49:35,48,51,8920,27886
2023-07-12 12:49:36,48,50,8920,27886
2023-07-12 12:49:38,47,50,8920,27886
2023-07-12 12:49:39,47,49,8920,27886
2023-07-12 12:49:41,48,49,8920,27886
2023-07-12 12:50:02,49,50,8923,27889
2023-07-12 12:50:03,49,51,8923,27889
2023-07-12 12:50:03,48,49,8923,27986
2023-07-12 12:50:04,48,51,8923,28089
2023-07-12 12:50:05,48,50,8923,28089
2023-07-12 12:50:09,48,51,8923,28089
2023-07-12 12:50:10,49,51,8923,28089
2023-07-12 12:50:11,49,50,8923,28089
2023-07-12 12:50:43,50,51,8926,28092
2023-07-12 12:50:57,49,51,8926,28092
2023-07-12 12:50:57,50,51,8926,28092
2023-07-12 12:51:07,51,52,8929,28095
2023-07-12 12:51:08,51,52,8952,28118
2023-07-12 12:51:19,50,52,9026,28192
2023-07-12 12:51:19,50,51,9026,28192
2023-07-12 12:51:21,49,51,9176,28345
2023-07-12 12:52:05,50,51,9176,28345
2023-07-12 12:54:01,51,52,9182,28351
2023-07-12 12:54:01,51,52,9205,28374
2023-07-12 12:54:02,52,53,9208,28377
2023-07-12 12:56:28,51,53,9208,28383
2023-07-12 12:56:28,51,52,9208,28383
2023-07-12 12:56:43,52,53,9277,28452
2023-07-12 12:56:43,52,53,9300,28475
2023-07-12 12:56:46,51,53,9300,28475
2023-07-12 12:57:21,52,53,9300,28475
2023-07-12 12:57:32,53,54,9303,28478
2023-07-12 12:57:40,54,55,9326,28501
2023-07-12 12:57:40,54,56,9326,28501
2023-07-12 12:57:40,54,55,9326,28501
2023-07-12 12:57:43,53,55,9326,28501
2023-07-12 12:58:03,54,55,9326,28501
2023-07-12 12:58:05,54,55,9396,28571
2023-07-12 12:58:25,55,57,9419,28594
2023-07-12 12:58:26,55,56,9419,28594
2023-07-12 12:58:37,56,57,9485,28660
2023-07-12 12:58:37,56,57,9505,28680
2023-07-12 12:58:45,56,57,9605,28780
2023-07-12 12:58:46,55,57,9605,28780
2023-07-12 12:59:12,54,57,9605,28780
2023-07-12 12:59:20,55,57,9605,28780
2023-07-12 12:59:21,54,57,9605,28780
2023-07-12 12:59:29,54,56,9605,28780
2023-07-12 12:59:38,54,57,9605,28780
2023-07-12 12:59:38,54,56,9605,28780
2023-07-12 12:59:41,55,56,9605,28780
2023-07-12 13:00:01,54,56,9605,28780
2023-07-12 13:00:03,55,56,9605,28780
2023-07-12 13:00:05,54,56,9605,28780
2023-07-12 13:00:31,55,56,9605,28780
2023-07-12 13:00:41,54,56,9605,28780
2023-07-12 13:00:42,55,56,9605,28780
2023-07-12 13:00:43,54,56,9605,28780
2023-07-12 13:01:36,54,55,9605,28780
2023-07-12 13:01:38,54,55,9605,28800
2023-07-12 13:01:38,54,55,9605,28820
2023-07-12 13:01:48,55,56,9605,28870
2023-07-12 13:01:54,55,56,9605,29070
2023-07-12 13:01:54,54,56,9605,29070
2023-07-12 13:01:58,54,55,9605,29070
2023-07-12 13:01:59,55,56,9639,29104
2023-07-12 13:01:59,55,56,9673,29138
2023-07-12 13:02:25,54,56,9673,29138
2023-07-12 13:02:32,54,55,9673,29138
2023-07-12 13:02:37,53,55,9723,29217
2023-07-12 13:02:37,53,54,9723,29217
2023-07-12 13:02:37,53,54,9723,29232
2023-07-12 13:02:37,53,54,9768,29331
2023-07-12 13:02:44,52,54,9973,29536
2023-07-12 13:02:47,52,54,10200,29763
2023-07-12 13:02:47,52,53,10200,29763
2023-07-12 13:02:47,52,54,10200,29763
2023-07-12 13:02:48,52,53,10200,29763
2023-07-12 13:02:57,49,52,10200,29786
2023-07-12 13:02:58,51,52,10200,29786
2023-07-12 13:02:58,51,52,10226,29812
2023-07-12 13:03:00,50,52,10350,29936
2023-07-12 13:03:06,49,52,10350,29936
2023-07-12 13:03:06,51,52,10350,29936
2023-07-12 13:03:08,51,52,10400,29986
2023-07-12 13:03:09,51,53,10400,29986
2023-07-12 13:03:16,49,53,10400,29986
2023-07-12 13:03:16,52,53,10400,29986
2023-07-12 13:03:16,49,53,10450,30036
2023-07-12 13:03:29,50,53,10450,30036
2023-07-12 13:03:31,52,53,10450,30036
2023-07-12 13:03:38,52,54,10450,30082
2023-07-12 13:04:07,51,54,10450,30082
2023-07-12 13:04:07,53,54,10450,30082
2023-07-12 13:04:24,52,54,10450,30082
2023-07-12 13:04:24,53,54,10450,30082
2023-07-12 13:04:27,53,54,10500,30132
2023-07-12 13:04:29,53,55,10500,30207
2023-07-12 13:04:30,53,56,10500,30207
2023-07-12 13:04:42,54,56,10500,30207
2023-07-12 13:05:06,55,56,10500,30207
2023-07-12 13:05:06,56,57,10503,30210
2023-07-12 13:05:10,55,57,10503,30210
2023-07-12 13:05:24,54,57,10503,30210
2023-07-12 13:05:33,54,56,10503,30210
2023-07-12 13:05:34,52,56,10503,30210
2023-07-12 13:05:34,54,56,10503,30210
2023-07-12 13:05:35,54,55,10503,30210
2023-07-12 13:05:37,54,56,10503,30210
2023-07-12 13:06:03,55,56,10503,30210
2023-07-12 13:06:19,56,57,10509,30266
2023-07-12 13:06:22,57,58,10532,30289
2023-07-12 13:06:27,57,59,10532,30689
2023-07-12 13:06:27,57,59,10532,30889
2023-07-12 13:06:27,57,58,10532,30889
2023-07-12 13:06:28,57,59,10532,30889
2023-07-12 13:06:28,57,60,10532,30889
2023-07-12 13:06:28,57,59,10532,30889
2023-07-12 13:06:28,57,60,10532,30889
2023-07-12 13:06:28,58,60,10532,30889
2023-07-12 13:06:28,57,60,10532,30889
2023-07-12 13:06:29,57,58,10532,30889
2023-07-12 13:06:53,56,58,10532,30889
2023-07-12 13:07:04,56,57,10532,30889
2023-07-12 13:07:50,55,57,10532,30889
2023-07-12 13:07:51,56,57,10532,30889
2023-07-12 13:08:06,54,57,10532,30889
2023-07-12 13:08:06,56,57,10532,30889
2023-07-12 13:08:15,55,57,10532,30889
2023-07-12 13:08:15,56,57,10532,30889
2023-07-12 13:08:21,56,58,10282,31142
2023-07-12 13:09:37,55,58,10282,31142
2023-07-12 13:09:37,56,58,10282,31142
2023-07-12 13:10:12,57,58,10282,31142
2023-07-12 13:10:20,58,59,10305,31165
2023-07-12 13:10:23,59,60,10328,31188
2023-07-12 13:10:23,59,60,10331,31191
2023-07-12 13:10:23,59,60,10334,31194
2023-07-12 13:10:24,59,61,10334,31194
2023-07-12 13:10:46,60,61,10334,31194
2023-07-12 13:10:53,59,61,10334,31194
2023-07-12 13:11:26,58,61,10334,31194
2023-07-12 13:11:26,58,60,10334,31194
2023-07-12 13:11:34,57,60,10334,31194
2023-07-12 13:11:36,57,59,10334,31194
2023-07-12 13:11:38,56,59,10334,31194
2023-07-12 13:12:04,56,58,10334,31194
2023-07-12 13:12:22,56,57,10334,31194
2023-07-12 13:12:33,56,57,10288,31394
2023-07-12 13:12:45,54,56,10262,31516
2023-07-12 13:12:46,54,57,10262,31516
2023-07-12 13:12:52,56,57,10262,31516
2023-07-12 13:12:57,54,56,10262,31666
2023-07-12 13:12:58,54,57,10262,31666
2023-07-12 13:13:07,55,57,10262,31666
2023-07-12 13:13:09,56,57,10262,31666
2023-07-12 13:13:11,56,58,10262,31689
2023-07-12 13:13:35,55,58,10262,31689
2023-07-12 13:13:35,56,58,10262,31689
2023-07-12 13:14:35,55,58,10262,31689
2023-07-12 13:14:35,56,58,10262,31689
2023-07-12 13:14:40,55,58,10262,31689
2023-07-12 13:14:41,56,58,10262,31689
2023-07-12 13:14:44,56,57,10262,31689
2023-07-12 13:14:45,54,57,10262,31689
2023-07-12 13:14:45,55,57,10262,31689
2023-07-12 13:14:53,54,57,10262,31689
2023-07-12 13:14:53,55,57,10262,31689
2023-07-12 13:15:07,55,56,10262,31689
2023-07-12 13:15:10,54,55,10239,31812
2023-07-12 13:15:11,54,56,10239,31812
2023-07-12 13:15:16,54,55,10239,31812
2023-07-12 13:15:17,54,56,10239,31812
2023-07-12 13:15:17,52,56,10239,31812
2023-07-12 13:15:17,54,56,10239,31812
2023-07-12 13:15:18,54,55,10239,31812
2023-07-12 13:15:20,52,55,10239,32012
2023-07-12 13:15:21,54,55,10239,32012
2023-07-12 13:15:40,53,54,10230,32021
2023-07-12 13:15:41,53,55,10230,32021
2023-07-12 13:15:42,53,54,10230,32021
2023-07-12 13:15:43,53,54,10230,32221
2023-07-12 13:15:43,52,54,10230,32221
2023-07-12 13:15:56,52,53,10230,32221
2023-07-12 13:16:10,52,54,10230,32221
2023-07-12 13:16:22,52,54,10277,32323
2023-07-12 13:16:31,51,54,10277,32323
2023-07-12 13:16:31,53,54,10277,32323
2023-07-12 13:16:35,51,54,10277,32323
2023-07-12 13:16:36,52,54,10277,32323
2023-07-12 13:16:43,52,53,10277,32323
2023-07-12 13:16:49,49,51,10170,32480
2023-07-12 13:16:49,48,51,10170,32480
2023-07-12 13:16:50,48,53,10170,32480
2023-07-12 13:16:50,49,53,10170,32480
2023-07-12 13:16:50,49,52,10170,32480
2023-07-12 13:16:51,49,52,10193,32503
2023-07-12 13:16:51,49,53,10193,32503
2023-07-12 13:16:52,49,52,10193,32503
2023-07-12 13:16:53,50,52,10193,32503
2023-07-12 13:16:53,50,53,10193,32503
2023-07-12 13:16:53,50,52,10193,32503
2023-07-12 13:16:56,50,53,10193,32503
2023-07-12 13:16:57,49,53,10193,32503
2023-07-12 13:16:57,50,53,10193,32503
2023-07-12 13:16:58,50,52,10193,32503
2023-07-12 13:17:01,51,52,10193,32503
2023-07-12 13:17:17,50,52,10193,32503
2023-07-12 13:17:17,51,52,10193,32503
2023-07-12 13:17:28,49,52,10193,32503
2023-07-12 13:17:28,51,52,10193,32503
2023-07-12 13:17:29,49,52,10193,32503
2023-07-12 13:17:30,50,52,10193,32503
2023-07-12 13:17:40,49,52,10193,32503
2023-07-12 13:17:40,50,52,10193,32503
2023-07-12 13:17:45,49,52,10193,32503
2023-07-12 13:17:46,50,52,10193,32503
2023-07-12 13:18:03,51,52,10193,32503
2023-07-12 13:18:25,52,53,10239,32549
2023-07-12 13:18:28,53,54,10262,32572
2023-07-12 13:18:35,51,54,10262,32572
2023-07-12 13:18:35,52,54,10262,32572
2023-07-12 13:18:42,52,53,10262,32572
2023-07-12 13:18:43,51,53,10262,32572
2023-07-12 13:18:49,51,54,10262,32572
2023-07-12 13:19:17,51,53,10262,32572
2023-07-12 13:19:41,51,52,10262,32572
2023-07-12 13:20:23,50,52,10239,32595
2023-07-12 13:20:25,50,51,10239,32595
2023-07-12 13:20:26,48,51,10289,32714
2023-07-12 13:20:32,49,51,10289,32714
2023-07-12 13:20:50,50,51,10289,32714
2023-07-12 13:21:23,49,51,10289,32714
2023-07-12 13:21:34,49,50,10289,32714
2023-07-12 13:21:35,48,50,10289,32714
2023-07-12 13:21:52,48,49,10289,32714
2023-07-12 13:21:53,48,50,10289,32714
2023-07-12 13:21:53,47,50,10289,32714
2023-07-12 13:21:54,47,49,10289,32714
2023-07-12 13:21:54,47,48,10289,32714
2023-07-12 13:22:07,48,50,10312,32737
2023-07-12 13:22:14,48,49,10312,32737
2023-07-12 13:22:20,48,50,10312,32737
2023-07-12 13:22:23,47,50,10312,32737
2023-07-12 13:22:23,48,50,10312,32737
2023-07-12 13:22:37,48,49,10312,32737
2023-07-12 13:22:37,47,49,10312,32737
2023-07-12 13:22:46,46,49,10312,32737
2023-07-12 13:22:46,47,49,10312,32737
2023-07-12 13:22:53,47,48,10312,32737
2023-07-12 13:22:53,46,48,10312,32737
2023-07-12 13:22:53,47,48,10312,32737
2023-07-12 13:23:05,48,49,10315,32740
2023-07-12 13:23:12,48,49,10320,32745
2023-07-12 13:23:35,49,50,10323,32748
2023-07-12 13:23:37,48,50,10323,32748
2023-07-12 13:23:37,49,50,10323,32748
2023-07-12 13:23:44,48,50,10323,32748
2023-07-12 13:23:48,48,49,10323,32748
2023-07-12 13:24:03,46,47,10290,32831
2023-07-12 13:24:04,45,47,10290,32831
2023-07-12 13:24:05,46,47,10290,32831
2023-07-12 13:24:19,47,48,10293,32834
2023-07-12 13:24:19,46,48,10340,32881
2023-07-12 13:24:23,46,49,10340,32881
2023-07-12 13:24:23,46,48,10340,32881
2023-07-12 13:24:24,46,47,10340,32881
2023-07-12 13:24:29,47,48,10348,32889
2023-07-12 13:24:31,47,48,10371,32912
2023-07-12 13:24:35,48,50,10374,32915
2023-07-12 13:24:35,47,50,10471,33012
2023-07-12 13:24:36,47,49,10471,33012
2023-07-12 13:24:36,47,50,10471,33012
2023-07-12 13:24:36,47,49,10471,33012
2023-07-12 13:24:36,47,50,10471,33012
2023-07-12 13:24:38,47,49,10471,33012
2023-07-12 13:24:47,47,50,10471,33012
2023-07-12 13:24:51,48,50,10471,33012
2023-07-12 13:24:51,49,50,10471,33012
2023-07-12 13:25:04,48,50,10471,33012
2023-07-12 13:25:04,49,50,10471,33012
2023-07-12 13:25:43,49,51,10494,33035
2023-07-12 13:26:46,48,51,10494,33035
2023-07-12 13:26:59,48,50,10494,33035
2023-07-12 13:27:55,47,50,10494,33035
2023-07-12 13:28:02,48,50,10494,33035
2023-07-12 13:28:11,47,50,10494,33035
2023-07-12 13:28:34,47,48,10494,33035
2023-07-12 13:28:36,46,48,10494,33089
2023-07-12 13:28:46,46,47,10494,33089
2023-07-12 13:28:47,46,48,10494,33089
2023-07-12 13:28:48,46,47,10494,33089
2023-07-12 13:28:49,46,48,10494,33089
2023-07-12 13:28:50,46,47,10494,33089
2023-07-12 13:28:53,46,48,10494,33089
2023-07-12 13:29:20,46,47,10494,33089
2023-07-12 13:29:29,45,47,10494,33164
2023-07-12 13:29:29,45,47,10569,33239
2023-07-12 13:29:29,45,47,10717,33387
2023-07-12 13:29:34,44,47,10894,33564
2023-07-12 13:29:49,44,47,10894,33589
2023-07-12 13:29:52,44,45,10894,33589
2023-07-12 13:29:53,44,47,10899,33594
2023-07-12 13:30:03,45,47,10899,33594
2023-07-12 13:30:04,46,47,10899,33594
2023-07-12 13:30:09,46,48,10922,33617
2023-07-12 13:30:15,46,47,10922,33617
2023-07-12 13:30:15,45,47,10922,33617
2023-07-12 13:30:22,44,47,10922,33617
2023-07-12 13:30:22,45,47,10922,33617
2023-07-12 13:30:25,44,45,10922,33667
2023-07-12 13:30:26,43,45,10922,33686
2023-07-12 13:30:27,43,45,10922,33936
2023-07-12 13:30:29,43,46,10922,33936
2023-07-12 13:30:29,43,45,10922,33936
2023-07-12 13:30:29,43,44,10922,33936
2023-07-12 13:30:30,42,44,11072,34086
2023-07-12 13:30:30,42,45,11072,34086
2023-07-12 13:30:30,41,45,11072,34086
2023-07-12 13:30:30,41,43,11072,34086
2023-07-12 13:30:33,40,43,11172,34186
2023-07-12 13:30:36,41,43,11172,34186
2023-07-12 13:30:38,41,44,11247,34261
2023-07-12 13:30:39,42,44,11247,34261
2023-07-12 13:30:45,42,43,11247,34261
2023-07-12 13:30:46,42,44,11252,34266
2023-07-12 13:30:48,40,42,11252,34316
2023-07-12 13:30:50,39,40,11352,34416
2023-07-12 13:30:50,39,42,11352,34416
2023-07-12 13:30:58,39,42,11752,34816
2023-07-12 13:31:02,39,41,11752,34816
2023-07-12 13:31:02,39,41,11747,34821
2023-07-12 13:31:05,39,42,11747,34821
2023-07-12 13:31:14,39,40,11747,34821
2023-07-12 13:31:15,39,42,11752,34826
2023-07-12 13:31:21,39,43,11755,34829
2023-07-12 13:31:21,40,43,11755,34829
2023-07-12 13:31:21,40,45,11755,34829
2023-07-12 13:31:21,40,44,11755,34829
2023-07-12 13:31:22,41,44,11755,34829
2023-07-12 13:31:25,41,44,11755,35079
2023-07-12 13:31:27,41,44,11755,35329
2023-07-12 13:31:31,41,45,11755,35499
2023-07-12 13:31:32,41,44,11755,35499
2023-07-12 13:31:33,41,45,11758,35502
2023-07-12 13:31:55,41,44,11758,35502
2023-07-12 13:32:09,42,44,11758,35502
2023-07-12 13:32:14,42,45,11761,35505
2023-07-12 13:32:41,42,44,11761,35505
2023-07-12 13:32:42,41,44,11761,35575
2023-07-12 13:32:47,41,44,12161,35975
2023-07-12 13:32:47,41,43,12161,35975
2023-07-12 13:32:47,40,43,12161,36045
2023-07-12 13:32:48,40,42,12161,36045
2023-07-12 13:32:48,40,43,12161,36045
2023-07-12 13:33:00,41,43,12161,36045
2023-07-12 13:33:00,41,43,12375,36259
2023-07-12 13:33:06,40,43,12375,36259
2023-07-12 13:33:08,41,43,12375,36259
2023-07-12 13:33:10,41,44,12381,36265
2023-07-12 13:33:37,41,43,12381,36265
2023-07-12 13:34:21,41,42,12381,36265
2023-07-12 13:34:22,40,42,12381,36283
2023-07-12 13:34:22,40,43,12381,36283
2023-07-12 13:34:25,40,42,12381,36283
2023-07-12 13:34:25,39,42,12381,36365
2023-07-12 13:34:26,39,43,12381,36365
2023-07-12 13:34:26,39,42,12381,36365
2023-07-12 13:34:26,39,41,12381,36365
2023-07-12 13:34:28,38,41,12381,36440
2023-07-12 13:34:31,37,41,12431,36490
2023-07-12 13:34:31,38,41,12431,36490
2023-07-12 13:34:33,38,42,12431,36490
2023-07-12 13:35:02,38,40,12431,36490
2023-07-12 13:35:02,37,40,12431,36490
2023-07-12 13:35:03,36,40,12431,36490
2023-07-12 13:35:07,35,40,12831,36890
2023-07-12 13:35:08,35,38,12831,36890
2023-07-12 13:35:10,35,38,12831,37140
2023-07-12 13:35:15,35,39,12831,37140
2023-07-12 13:35:16,35,38,12831,37140
2023-07-12 13:35:19,35,39,12854,37163
2023-07-12 13:35:38,36,39,12854,37163
2023-07-12 13:35:38,36,38,12854,37163
2023-07-12 13:35:41,36,39,12968,37277
2023-07-12 13:35:43,36,37,12968,37277
2023-07-12 13:35:44,36,39,12973,37282
2023-07-12 13:35:44,36,38,12973,37282
2023-07-12 13:35:44,36,39,12973,37282
2023-07-12 13:35:45,37,39,12973,37282
2023-07-12 13:35:46,37,40,12996,37305
2023-07-12 13:35:59,38,40,12996,37305
2023-07-12 13:36:02,38,41,13019,37328
2023-07-12 13:36:10,39,41,13019,37328
2023-07-12 13:36:22,39,42,13042,37351
2023-07-12 13:36:38,39,41,13042,37351
2023-07-12 13:37:04,39,40,13042,37351
2023-07-12 13:37:16,38,40,13042,37374
2023-07-12 13:37:21,38,39,13042,37374
2023-07-12 13:37:26,37,39,13042,37374
2023-07-12 13:37:43,37,40,13068,37400
2023-07-12 13:38:20,37,39,13068,37400
2023-07-12 13:38:31,37,38,13068,37400
2023-07-12 13:38:38,37,39,13068,37400
2023-07-12 13:38:38,37,38,13068,37400
2023-07-12 13:39:00,36,37,12998,37470
2023-07-12 13:39:15,33,37,12998,37613
2023-07-12 13:39:15,33,36,12998,37613
2023-07-12 13:39:17,33,37,12998,37613
2023-07-12 13:39:22,33,36,12998,37613
2023-07-12 13:39:49,33,35,12998,37613
2023-07-12 13:39:53,33,36,13003,37618
2023-07-12 13:40:01,33,35,13003,37618
2023-07-12 13:40:06,33,36,13003,37618
2023-07-12 13:40:12,34,36,13003,37618
2023-07-12 13:40:36,34,35,13003,37618
2023-07-12 13:40:38,33,35,13003,37623
2023-07-12 13:40:39,33,35,13036,37656
2023-07-12 13:40:41,33,36,13036,37656
2023-07-12 13:40:41,33,36,13051,37671
2023-07-12 13:40:41,33,34,13051,37671
2023-07-12 13:40:43,33,34,13066,37686
2023-07-12 13:40:44,32,34,13101,37721
2023-07-12 13:40:58,31,34,13101,37721
2023-07-12 13:40:59,31,35,13101,37721
2023-07-12 13:41:01,31,34,13101,37721
2023-07-12 13:41:02,31,35,13101,37721
2023-07-12 13:41:02,31,34,13101,37721
2023-07-12 13:41:02,31,33,13101,37721
2023-07-12 13:41:04,31,35,13101,37721
2023-07-12 13:41:04,31,34,13101,37721
2023-07-12 13:41:05,31,33,13101,37721
2023-07-12 13:41:07,31,35,13101,37721
2023-07-12 13:41:07,31,34,13101,37721
2023-07-12 13:41:07,30,34,13101,37721
2023-07-12 13:41:10,31,34,13101,37721
2023-07-12 13:41:10,31,35,13101,37721
2023-07-12 13:41:10,31,34,13101,37721
2023-07-12 13:41:10,31,35,13101,37721
2023-07-12 13:41:17,31,34,13101,37721
2023-07-12 13:41:19,31,35,13101,37721
2023-07-12 13:41:35,31,35,13124,38000
2023-07-12 13:41:35,31,36,13124,38000
2023-07-12 13:41:35,31,35,13124,38000
2023-07-12 13:41:35,31,34,13124,38000
2023-07-12 13:41:43,31,33,13124,38000
2023-07-12 13:42:18,31,34,13147,38023
2023-07-12 13:42:46,32,34,13147,38023
2023-07-12 13:42:48,32,35,13170,38046
2023-07-12 13:43:15,32,34,13170,38046
2023-07-12 13:43:17,32,35,13170,38046
2023-07-12 13:43:26,32,34,13170,38046
2023-07-12 13:44:43,32,33,13170,38046
2023-07-12 13:44:55,32,34,13170,38046
2023-07-12 13:44:57,32,33,13170,38046
2023-07-12 13:45:46,31,32,13147,38069
2023-07-12 13:45:49,31,33,13147,38069
2023-07-12 13:46:24,31,34,13170,38092
2023-07-12 13:46:28,31,33,13170,38092
2023-07-12 13:46:30,32,33,13170,38092
2023-07-12 13:46:36,32,34,13178,38100
2023-07-12 13:46:43,32,35,13201,38123
2023-07-12 13:46:48,33,35,13201,38123
2023-07-12 13:46:51,33,36,13224,38146
2023-07-12 13:46:58,34,36,13224,38146
2023-07-12 13:46:58,35,36,13224,38146
2023-07-12 13:47:01,36,38,13247,38169
2023-07-12 13:47:08,36,38,13247,38419
2023-07-12 13:47:10,36,39,13293,38465
2023-07-12 13:47:12,37,39,13293,38465
2023-07-12 13:47:56,38,39,13293,38465
2023-07-12 13:47:59,38,41,13316,38488
2023-07-12 13:48:01,37,41,13316,38488
2023-07-12 13:48:15,37,40,13316,38488
2023-07-12 13:48:28,37,41,13316,38488
2023-07-12 13:48:34,37,40,13316,38488
2023-07-12 13:48:35,37,41,13316,38488
2023-07-12 13:48:53,37,40,13316,38488
2023-07-12 13:49:00,37,41,13316,38488
2023-07-12 13:49:01,37,40,13316,38488
2023-07-12 13:49:20,37,39,13316,38488
2023-07-12 13:49:30,37,38,13316,38488
2023-07-12 13:49:31,37,39,13316,38488
2023-07-12 13:49:31,37,38,13316,38488
2023-07-12 13:49:32,35,37,13293,38511
2023-07-12 13:49:35,35,38,13293,38511
2023-07-12 13:49:35,35,36,13293,38511
2023-07-12 13:49:44,35,37,13293,38511
2023-07-12 13:49:44,35,38,13293,38511
2023-07-12 13:49:44,35,37,13293,38511
2023-07-12 13:50:34,35,36,13293,38511
2023-07-12 13:50:38,34,36,13293,38580
2023-07-12 13:50:38,34,35,13293,38580
2023-07-12 13:50:41,32,35,13293,38649
2023-07-12 13:50:44,32,36,13293,38649
2023-07-12 13:50:44,32,34,13293,38649
2023-07-12 13:50:47,32,36,13293,38649
2023-07-12 13:50:47,32,35,13293,38649
2023-07-12 13:51:07,32,36,13293,38649
2023-07-12 13:51:14,32,35,13293,38649
2023-07-12 13:51:18,32,36,13293,38649
2023-07-12 13:51:19,32,35,13293,38649
2023-07-12 13:51:23,33,35,13293,38649
2023-07-12 13:51:37,32,35,13293,38649
2023-07-12 13:52:09,33,35,13293,38649
2023-07-12 13:52:12,32,35,13293,38649
2023-07-12 13:52:41,33,35,13293,38649
2023-07-12 13:53:04,34,35,13293,38649
2023-07-12 13:53:07,33,35,13293,38649
2023-07-12 13:53:09,33,36,13316,38672
2023-07-12 13:53:15,32,36,13316,38672
2023-07-12 13:53:21,32,35,13316,38672
2023-07-12 13:53:23,32,36,13316,38672
2023-07-12 13:53:25,32,35,13316,38672
2023-07-12 13:53:36,32,36,13316,38672
2023-07-12 13:53:36,32,34,13316,38672
2023-07-12 13:54:11,32,33,13316,38672
2023-07-12 13:54:23,32,34,13316,38672
2023-07-12 13:54:57,32,36,13339,38695
2023-07-12 13:55:01,32,35,13339,38695
2023-07-12 13:55:11,32,36,13339,38695
2023-07-12 13:55:11,32,35,13339,38695
2023-07-12 13:55:11,32,34,13339,38695
2023-07-12 13:55:15,32,35,13339,38695
2023-07-12 13:55:15,32,34,13339,38695
2023-07-12 13:55:27,32,35,13342,38698
2023-07-12 13:55:58,32,34,13342,38698
2023-07-12 13:56:05,32,35,13342,38698
2023-07-12 13:56:10,32,34,13342,38698
2023-07-12 13:56:17,32,35,13342,38698
2023-07-12 13:56:23,32,34,13342,38698
2023-07-12 13:56:30,32,35,13342,38698
2023-07-12 13:56:30,32,34,13342,38698
2023-07-12 13:56:30,32,33,13342,38698
2023-07-12 13:56:37,32,34,13342,38698
2023-07-12 13:56:39,32,35,13342,38698
2023-07-12 13:56:46,33,35,13342,38698
2023-07-12 13:56:51,34,35,13342,38698
2023-07-12 13:57:00,33,35,13392,38748
2023-07-12 13:57:07,32,35,13392,38748
2023-07-12 13:57:11,33,35,13392,38748
2023-07-12 13:57:13,33,36,13415,38771
2023-07-12 13:57:13,34,36,13415,38771
2023-07-12 13:57:14,35,36,13415,38771
2023-07-12 13:57:18,35,37,13438,38794
2023-07-12 13:57:25,36,37,13438,38794
2023-07-12 13:57:29,36,39,13461,38817
2023-07-12 13:57:29,36,38,13461,38817
2023-07-12 13:57:31,36,39,13461,38817
2023-07-12 13:57:32,35,39,13461,38817
2023-07-12 13:57:36,35,38,13461,38817
2023-07-12 13:58:31,36,38,13461,38817
2023-07-12 13:58:41,35,38,13461,38817
2023-07-12 13:58:52,35,37,13461,38817
2023-07-12 13:59:03,34,37,13461,38817
2023-07-12 13:59:24,34,36,13461,38817
2023-07-12 13:59:30,34,37,13461,38817
2023-07-12 13:59:34,34,36,13461,38817
2023-07-12 13:59:46,34,37,13461,38817
2023-07-12 14:00:00,34,36,13461,38817
2023-07-12 14:00:02,34,37,13461,38817
2023-07-12 14:00:25,35,37,13461,38817
2023-07-12 14:00:26,36,37,13461,38817
2023-07-12 14:00:26,36,38,13464,38820
2023-07-12 14:00:54,37,38,13464,38820
2023-07-12 14:00:56,37,39,13487,38843
2023-07-12 14:01:03,36,39,13487,38843
2023-07-12 14:01:36,37,39,13487,38843
2023-07-12 14:01:38,39,40,13510,38866
2023-07-12 14:01:41,39,44,13533,38889
2023-07-12 14:01:41,39,45,13533,38889
2023-07-12 14:01:42,40,45,13533,38889
2023-07-12 14:01:42,41,45,13533,38889
2023-07-12 14:01:42,41,44,13533,38889
2023-07-12 14:01:45,40,44,13533,38889
2023-07-12 14:01:50,41,44,13533,38889
2023-07-12 14:01:50,42,44,13533,38889
2023-07-12 14:01:51,42,46,13533,38889
2023-07-12 14:02:00,43,46,13533,38889
2023-07-12 14:02:01,42,46,13533,38889
2023-07-12 14:02:06,42,45,13533,38889
2023-07-12 14:02:07,41,45,13533,38889
2023-07-12 14:02:09,42,45,13533,38889
2023-07-12 14:02:12,42,46,13533,38889
2023-07-12 14:02:15,42,47,13533,38889
2023-07-12 14:02:15,43,47,13533,38889
2023-07-12 14:02:15,43,46,13533,38889
2023-07-12 14:02:17,43,47,13533,38889
2023-07-12 14:02:18,43,46,13533,38889
2023-07-12 14:02:25,42,46,13533,38889
2023-07-12 14:02:25,42,47,13533,38889
2023-07-12 14:02:28,42,45,13533,38889
2023-07-12 14:02:29,42,46,13533,38889
2023-07-12 14:02:29,42,45,13533,38889
2023-07-12 14:02:29,42,44,13533,38889
2023-07-12 14:02:30,42,45,13533,38889
2023-07-12 14:02:30,42,44,13533,38889
2023-07-12 14:02:30,42,44,13534,38890
2023-07-12 14:02:30,42,43,13534,38890
2023-07-12 14:02:31,40,43,13633,38989
2023-07-12 14:02:32,40,42,13633,38989
2023-07-12 14:02:43,40,43,13633,38989
2023-07-12 14:02:43,40,42,13633,38989
2023-07-12 14:02:46,40,44,13633,38989
2023-07-12 14:03:29,41,44,13633,38989
2023-07-12 14:03:30,42,44,13633,38989
2023-07-12 14:03:37,41,44,13633,38989
2023-07-12 14:03:37,42,44,13633,38989
2023-07-12 14:03:39,41,44,13633,38989
2023-07-12 14:03:40,40,44,13633,38989
2023-07-12 14:03:43,40,43,13633,38989
2023-07-12 14:03:46,39,43,13633,38989
2023-07-12 14:03:47,38,43,13633,38989
2023-07-12 14:03:47,38,42,13633,38989
2023-07-12 14:04:14,38,42,13651,39339
2023-07-12 14:04:16,39,42,13651,39339
2023-07-12 14:04:16,39,44,13651,39339
2023-07-12 14:04:16,39,43,13651,39339
2023-07-12 14:04:18,39,42,13651,39339
2023-07-12 14:04:21,38,42,13651,39339
2023-07-12 14:04:22,38,43,13651,39339
2023-07-12 14:04:22,38,42,13651,39339
2023-07-12 14:04:22,38,41,13651,39339
2023-07-12 14:04:23,38,42,13651,39339
2023-07-12 14:04:23,38,41,13651,39339
2023-07-12 14:04:23,38,40,13651,39339
2023-07-12 14:04:31,38,39,13651,39339
2023-07-12 14:04:36,38,40,13651,39339
2023-07-12 14:05:22,38,39,13651,39339
2023-07-12 14:05:27,38,40,13651,39339
2023-07-12 14:05:36,39,40,13651,39339
2023-07-12 14:05:51,38,40,13651,39339
2023-07-12 14:06:00,38,39,13651,39339
2023-07-12 14:06:02,38,40,13651,39339
2023-07-12 14:06:02,38,39,13651,39339
2023-07-12 14:07:09,38,40,13651,39342
2023-07-12 14:07:11,38,39,13651,39342
2023-07-12 14:07:16,37,38,13610,39383
2023-07-12 14:07:18,37,39,13610,39383
2023-07-12 14:07:18,37,38,13610,39383
2023-07-12 14:07:18,36,37,13550,39443
2023-07-12 14:07:19,35,37,13550,39443
2023-07-12 14:07:21,35,38,13550,39443
2023-07-12 14:07:21,35,36,13550,39443
2023-07-12 14:07:24,33,36,13550,39443
2023-07-12 14:07:33,34,36,13550,39443
2023-07-12 14:07:43,34,35,13550,39443
2023-07-12 14:07:57,33,35,13550,39481
2023-07-12 14:07:57,33,34,13550,39481
2023-07-12 14:08:05,33,35,13550,39481
2023-07-12 14:08:10,33,34,13550,39481
2023-07-12 14:08:11,32,34,13550,39541
2023-07-12 14:08:29,32,34,13533,39558
2023-07-12 14:08:30,32,33,13533,39558
2023-07-12 14:08:38,32,34,13533,39558
2023-07-12 14:08:42,32,33,13533,39558
2023-07-12 14:10:14,32,34,13536,39561
2023-07-12 14:10:16,33,34,13536,39561
2023-07-12 14:10:23,34,35,13539,39564
2023-07-12 14:10:37,32,34,13504,39599
2023-07-12 14:10:42,32,35,13504,39599
2023-07-12 14:10:42,32,34,13504,39599
2023-07-12 14:10:42,32,33,13504,39599
2023-07-12 14:10:46,32,34,13504,39599
2023-07-12 14:10:46,32,35,13504,39599
2023-07-12 14:10:46,32,34,13504,39599
2023-07-12 14:11:06,32,33,13504,39599
2023-07-12 14:11:13,30,31,13465,39769
2023-07-12 14:11:13,30,31,13525,39829
2023-07-12 14:11:14,30,33,13525,39829
2023-07-12 14:11:14,30,32,13525,39829
2023-07-12 14:11:14,30,33,13525,39829
2023-07-12 14:11:14,30,31,13525,39829
2023-07-12 14:11:14,27,31,13525,39829
2023-07-12 14:11:14,27,30,13525,39829
2023-07-12 14:11:15,28,30,13525,39829
2023-07-12 14:11:17,27,30,13525,39829
2023-07-12 14:11:17,28,30,13525,39829
2023-07-12 14:11:17,28,29,13525,39829
2023-07-12 14:11:38,30,31,13525,39905
2023-07-12 14:11:38,30,32,13525,39905
2023-07-12 14:11:38,30,33,13525,39905
2023-07-12 14:11:48,30,34,13525,39905
2023-07-12 14:11:48,29,34,13525,39905
2023-07-12 14:11:48,29,32,13525,39905
2023-07-12 14:12:19,28,32,13525,39905
2023-07-12 14:12:19,28,31,13525,39905
2023-07-12 14:12:35,28,30,13525,39905
2023-07-12 14:12:45,28,31,13525,39905
2023-07-12 14:12:45,28,29,13525,39905
2023-07-12 14:12:50,28,30,13525,39905
2023-07-12 14:12:50,28,31,13525,39905
2023-07-12 14:12:50,28,30,13525,39905
2023-07-12 14:12:56,28,31,13525,39905
2023-07-12 14:12:56,28,30,13525,39905
2023-07-12 14:12:56,28,29,13525,39905
2023-07-12 14:13:04,27,28,13507,39923
2023-07-12 14:13:05,27,29,13507,39923
2023-07-12 14:13:26,27,28,13507,39923
2023-07-12 14:13:27,27,29,13507,39923
2023-07-12 14:13:42,27,28,13507,39923
2023-07-12 14:13:43,27,29,13507,39923
2023-07-12 14:13:45,27,28,13507,39923
2023-07-12 14:13:58,27,29,13507,39923
2023-07-12 14:13:58,27,28,13507,39923
2023-07-12 14:13:59,26,27,13471,39959
2023-07-12 14:14:02,26,28,13471,39959
2023-07-12 14:14:08,26,27,13471,39959
2023-07-12 14:14:14,26,28,13471,39959
2023-07-12 14:14:14,25,26,13435,39995
2023-07-12 14:14:15,25,28,13435,39995
2023-07-12 14:14:15,25,27,13435,39995
2023-07-12 14:14:21,25,28,13435,39995
2023-07-12 14:14:21,25,26,13435,39995
2023-07-12 14:14:27,23,26,13435,39995
2023-07-12 14:14:32,24,26,13435,39995
2023-07-12 14:14:56,24,25,13435,39995
2023-07-12 14:14:57,24,26,13435,39995
2023-07-12 14:15:01,24,25,13435,39995
2023-07-12 14:15:04,24,26,13435,39995
2023-07-12 14:15:12,24,25,13435,39995
2023-07-12 14:15:25,23,25,13485,40045
2023-07-12 14:16:25,24,25,13485,40045
2023-07-12 14:16:27,24,26,13503,40063
2023-07-12 14:16:34,23,26,13503,40063
2023-07-12 14:16:41,24,26,13503,40063
2023-07-12 14:16:52,23,26,13503,40063
2023-07-12 14:17:02,23,25,13503,40063
2023-07-12 14:17:06,23,26,13503,40063
2023-07-12 14:17:06,23,25,13503,40063
2023-07-12 14:17:06,23,24,13503,40063
2023-07-12 14:17:09,23,26,13503,40063
2023-07-12 14:17:09,23,25,13503,40063
2023-07-12 14:17:10,23,24,13503,40063
2023-07-12 14:17:16,22,24,13653,40231
2023-07-12 14:17:17,22,25,13653,40231
2023-07-12 14:17:17,22,24,13653,40231
2023-07-12 14:17:17,22,23,13653,40231
2023-07-12 14:17:19,22,25,13653,40231
2023-07-12 14:17:19,22,24,13653,40231
2023-07-12 14:17:24,22,25,13653,40231
2023-07-12 14:17:25,23,25,13653,40231
2023-07-12 14:17:41,24,25,13653,40231
2023-07-12 14:17:46,24,26,13656,40234
2023-07-12 14:17:47,23,26,13656,40234
2023-07-12 14:17:55,23,25,13656,40234
2023-07-12 14:17:56,23,26,13656,40234
2023-07-12 14:17:58,23,25,13656,40234
2023-07-12 14:18:23,23,24,13656,40234
2023-07-12 14:18:25,23,25,13656,40234
2023-07-12 14:19:05,24,25,13656,40234
2023-07-12 14:19:07,24,26,13659,40237
2023-07-12 14:19:24,23,26,13659,40237
2023-07-12 14:19:40,23,25,13659,40237
2023-07-12 14:19:44,23,26,13659,40237
2023-07-12 14:20:04,24,26,13659,40237
2023-07-12 14:20:10,24,26,13909,40487
2023-07-12 14:20:10,24,26,13959,40537
2023-07-12 14:20:13,24,26,14209,40787
2023-07-12 14:20:15,24,26,14459,41037
2023-07-12 14:20:20,24,26,14709,41287
2023-07-12 14:20:21,24,26,14759,41337
2023-07-12 14:20:22,24,26,15009,41587
2023-07-12 14:20:24,24,26,15259,41837
2023-07-12 14:20:25,24,26,15509,42087
2023-07-12 14:20:27,25,26,15509,42087
2023-07-12 14:20:28,25,28,15695,42273
2023-07-12 14:20:30,25,27,15695,42273
2023-07-12 14:20:31,26,27,15695,42273
2023-07-12 14:20:35,24,27,15695,42273
2023-07-12 14:20:37,25,27,15695,42273
2023-07-12 14:20:38,24,27,15695,42273
2023-07-12 14:21:25,25,27,15695,42273
2023-07-12 14:21:33,26,27,15695,42273
2023-07-12 14:21:36,25,27,15695,42273
2023-07-12 14:21:43,24,27,15695,42273
2023-07-12 14:21:58,24,26,15695,42273
2023-07-12 14:22:14,24,27,15695,42273
2023-07-12 14:22:14,24,25,15695,42273
2023-07-12 14:22:18,24,26,15695,42273
2023-07-12 14:22:19,24,25,15695,42273
2023-07-12 14:22:34,24,25,15678,42290
2023-07-12 14:22:38,23,25,15678,42309
2023-07-12 14:22:38,23,24,15678,42309
2023-07-12 14:23:48,23,25,15700,42331
2023-07-12 14:23:48,24,25,15700,42331
2023-07-12 14:23:56,24,26,15703,42334
2023-07-12 14:23:57,25,26,15703,42334
2023-07-12 14:24:22,24,26,15703,42334
2023-07-12 14:24:35,23,26,15703,42334
2023-07-12 14:24:35,24,26,15703,42334
2023-07-12 14:25:23,23,26,15703,42334
2023-07-12 14:25:28,23,25,15703,42334
2023-07-12 14:25:29,23,26,15703,42334
2023-07-12 14:25:29,23,25,15703,42334
2023-07-12 14:26:18,23,24,15703,42334
2023-07-12 14:26:18,22,24,15703,42391
2023-07-12 14:26:19,22,23,15703,42391
2023-07-12 14:26:19,22,24,15703,42391
2023-07-12 14:26:19,22,23,15703,42391
2023-07-12 14:26:20,21,23,15803,42518
2023-07-12 14:26:20,21,22,15803,42518
2023-07-12 14:27:02,20,21,15903,42633
2023-07-12 14:27:03,20,22,15903,42633
2023-07-12 14:27:54,21,22,15903,42633
2023-07-12 14:28:16,20,22,15903,42633
2023-07-12 14:28:18,21,22,15903,42633
2023-07-12 14:29:20,20,21,15896,42648
2023-07-12 14:29:27,19,21,16014,42766
2023-07-12 14:30:18,20,21,16014,42766
2023-07-12 14:30:38,20,22,16021,42799
2023-07-12 14:30:38,21,22,16021,42799
2023-07-12 14:30:43,21,24,16166,42944
2023-07-12 14:30:43,22,24,16166,42944
2023-07-12 14:30:44,22,25,16166,42944
2023-07-12 14:31:03,23,25,16166,42944
2023-07-12 14:31:09,22,25,16166,42944
2023-07-12 14:31:13,21,25,16166,42944
2023-07-12 14:31:16,21,24,16166,42944
2023-07-12 14:31:18,21,25,16166,42944
2023-07-12 14:31:19,21,24,16166,42944
2023-07-12 14:31:41,21,23,16166,42944
2023-07-12 14:31:42,21,24,16166,42944
2023-07-12 14:31:57,21,23,16166,42944
2023-07-12 14:32:05,21,24,16166,42944
2023-07-12 14:33:11,22,24,16166,42944
2023-07-12 14:33:23,21,24,16166,42944
2023-07-12 14:33:43,21,23,16166,42944
2023-07-12 14:34:02,21,22,16166,42944
2023-07-12 14:34:15,20,22,16166,42944
2023-07-12 14:35:47,20,21,16166,42944
2023-07-12 14:36:07,19,21,16174,42977
2023-07-12 14:36:11,19,20,16174,42977
2023-07-12 14:36:12,18,20,16314,43117
2023-07-12 14:37:07,17,20,16500,43303
2023-07-12 14:37:07,17,19,16500,43303
2023-07-12 14:37:07,17,20,16500,43303
2023-07-12 14:37:08,18,20,16500,43303
2023-07-12 14:37:10,19,20,16500,43303
2023-07-12 14:37:44,18,20,16503,43306
2023-07-12 14:37:45,17,20,16506,43309
2023-07-12 14:37:45,17,19,16506,43309
2023-07-12 14:37:46,17,20,16506,43309
2023-07-12 14:37:55,17,19,16506,43309
2023-07-12 14:37:59,17,19,16547,43350
2023-07-12 14:37:59,17,19,16606,43409
2023-07-12 14:38:00,17,19,16647,43450
2023-07-12 14:38:51,18,19,16647,43450
2023-07-12 14:39:19,17,18,16950,43753
2023-07-12 14:39:29,17,18,17200,44003
2023-07-12 14:39:30,17,18,17450,44253
2023-07-12 14:39:32,17,18,17700,44503
2023-07-12 14:39:39,17,19,17700,44503
2023-07-12 14:40:05,17,19,17896,44753
2023-07-12 14:40:06,17,19,18096,44953
2023-07-12 14:40:08,17,19,18346,45203
2023-07-12 14:40:10,17,19,18596,45453
2023-07-12 14:40:10,18,19,18596,45453
2023-07-12 14:40:13,19,20,18596,45504
2023-07-12 14:40:25,19,21,18642,45589
2023-07-12 14:40:26,20,21,18642,45589
2023-07-12 14:40:26,21,24,18660,45607
2023-07-12 14:40:30,20,24,18660,45607
2023-07-12 14:40:30,20,25,18660,45607
2023-07-12 14:40:30,20,26,18660,45607
2023-07-12 14:40:30,20,25,18660,45607
2023-07-12 14:40:30,21,25,18660,45607
2023-07-12 14:40:30,21,26,18660,45607
2023-07-12 14:40:31,21,25,18660,45607
2023-07-12 14:40:32,21,26,18660,45607
2023-07-12 14:40:33,22,26,18660,45607
2023-07-12 14:40:34,22,24,18660,45607
2023-07-12 14:40:34,23,24,18660,45607
2023-07-12 14:40:35,24,28,18660,45625
2023-07-12 14:40:37,24,30,18660,45625
2023-07-12 14:40:37,25,30,18660,45625
2023-07-12 14:40:42,26,30,18660,45625
2023-07-12 14:40:48,27,30,18660,45625
2023-07-12 14:40:54,26,30,18660,45625
2023-07-12 14:41:02,27,30,18660,45625
2023-07-12 14:41:05,28,30,18660,45625
2023-07-12 14:41:16,27,30,18660,45625
2023-07-12 14:41:18,28,30,18660,45625
2023-07-12 14:41:24,27,30,18660,45625
2023-07-12 14:41:26,28,30,18660,45625
2023-07-12 14:41:27,29,30,18660,45625
2023-07-12 14:41:30,29,31,18660,45643
2023-07-12 14:41:30,30,31,18660,45643
2023-07-12 14:41:39,28,31,18660,45643
2023-07-12 14:41:41,27,31,18660,45643
2023-07-12 14:41:44,27,30,18660,45643
2023-07-12 14:41:49,26,30,18660,45643
2023-07-12 14:41:50,26,31,18660,45643
2023-07-12 14:41:52,26,30,18660,45643
2023-07-12 14:41:57,25,30,18660,45643
2023-07-12 14:42:01,25,29,18660,45643
2023-07-12 14:42:04,25,30,18660,45643
2023-07-12 14:42:05,26,30,18660,45643
2023-07-12 14:42:06,26,29,18660,45643
2023-07-12 14:42:08,26,30,18660,45643
2023-07-12 14:42:41,27,30,18660,45643
2023-07-12 14:42:56,27,29,18660,45643
2023-07-12 14:42:57,26,29,18660,45661
2023-07-12 14:43:59,26,28,18660,45661
2023-07-12 14:44:00,26,27,18660,45661
2023-07-12 14:44:03,26,28,18660,45661
2023-07-12 14:44:09,26,27,18660,45661
2023-07-12 14:44:14,24,27,18660,45661
2023-07-12 14:44:19,23,27,18660,45661
2023-07-12 14:44:24,24,27,18660,45661
2023-07-12 14:44:28,23,27,18660,45661
2023-07-12 14:44:34,24,27,18660,45661
2023-07-12 14:45:02,25,27,18660,45661
2023-07-12 14:45:03,26,27,18660,45661
2023-07-12 14:45:11,25,27,18660,45661
2023-07-12 14:45:27,26,27,18660,45661
2023-07-12 14:45:36,25,27,18660,45661
2023-07-12 14:45:53,26,27,18660,45661
2023-07-12 14:46:07,27,29,18678,45679
2023-07-12 14:46:08,28,29,18678,45679
2023-07-12 14:46:27,27,29,18678,45679
2023-07-12 14:47:02,28,29,18678,45679
2023-07-12 14:47:24,29,30,18678,45697
2023-07-12 14:47:31,29,31,18678,45715
2023-07-12 14:47:31,30,31,18678,45715
2023-07-12 14:47:32,31,32,18696,45733
2023-07-12 14:47:43,30,32,18696,45733
2023-07-12 14:47:55,29,32,18696,45733
2023-07-12 14:48:07,30,32,18696,45733
2023-07-12 14:48:11,31,32,18696,45733
2023-07-12 14:48:20,30,32,18696,45733
2023-07-12 14:48:27,31,32,18696,45733
2023-07-12 14:48:42,32,33,18699,45751
2023-07-12 14:48:44,32,39,18717,45769
2023-07-12 14:48:44,33,39,18717,45769
2023-07-12 14:48:44,34,39,18717,45769
2023-07-12 14:48:44,35,39,18717,45769
2023-07-12 14:48:44,35,38,18717,45769
2023-07-12 14:48:46,35,39,18717,45769
2023-07-12 14:48:46,35,37,18717,45769
2023-07-12 14:48:48,34,37,18717,45769
2023-07-12 14:48:54,34,38,18717,45769
2023-07-12 14:48:54,34,36,18717,45769
2023-07-12 14:48:55,34,38,18717,45769
2023-07-12 14:48:55,34,37,18717,45769
2023-07-12 14:49:00,35,37,18717,45769
2023-07-12 14:49:00,36,37,18717,45769
2023-07-12 14:49:00,36,39,18717,45769
2023-07-12 14:49:00,36,38,18717,45769
2023-07-12 14:49:01,36,39,18717,45769
2023-07-12 14:49:01,36,40,18717,45769
2023-07-12 14:49:01,36,39,18717,45769
2023-07-12 14:49:03,37,39,18717,45769
2023-07-12 14:49:03,38,40,18717,45769
2023-07-12 14:49:03,38,41,18717,45769
2023-07-12 14:49:21,38,42,18717,45769
2023-07-12 14:49:21,38,40,18717,45769
2023-07-12 14:49:22,38,42,18717,45769
2023-07-12 14:49:22,38,40,18717,45769
2023-07-12 14:49:22,37,39,18717,45769
2023-07-12 14:49:29,37,41,18717,45769
2023-07-12 14:49:29,37,40,18717,45769
2023-07-12 14:49:35,37,41,18717,45769
2023-07-12 14:49:35,37,39,18717,45769
2023-07-12 14:49:37,37,40,18717,45769
2023-07-12 14:49:37,35,40,18717,45769
2023-07-12 14:49:38,35,39,18717,45769
2023-07-12 14:49:38,35,38,18717,45769
2023-07-12 14:49:38,35,37,18717,45769
2023-07-12 14:49:41,35,38,18717,45769
2023-07-12 14:49:41,35,39,18717,45769
2023-07-12 14:49:41,35,38,18717,45769
2023-07-12 14:49:46,35,37,18717,45769
2023-07-12 14:49:47,34,37,18717,45769
2023-07-12 14:49:50,34,36,18717,45769
2023-07-12 14:49:53,33,36,18717,45769
2023-07-12 14:49:58,33,37,18717,45769
2023-07-12 14:49:58,34,38,18717,45769
2023-07-12 14:49:58,34,37,18717,45769
2023-07-12 14:50:06,34,38,18717,45769
2023-07-12 14:50:06,34,37,18717,45769
2023-07-12 14:50:06,34,36,18717,45769
2023-07-12 14:50:08,34,37,18717,45769
2023-07-12 14:50:08,34,38,18717,45769
2023-07-12 14:50:08,34,37,18717,45769
2023-07-12 14:50:10,35,37,18717,45769
2023-07-12 14:50:10,35,39,18717,45769
2023-07-12 14:50:10,35,38,18717,45769
2023-07-12 14:50:11,36,38,18717,45769
2023-07-12 14:50:15,36,39,18717,45769
2023-07-12 14:50:15,36,40,18717,45769
2023-07-12 14:50:15,36,39,18717,45769
2023-07-12 14:50:21,37,39,18717,45769
2023-07-12 14:50:24,36,39,18717,45769
2023-07-12 14:50:25,35,39,18717,45769
2023-07-12 14:50:25,35,38,18717,45769
2023-07-12 14:50:27,35,39,18719,45789
2023-07-12 14:50:27,36,39,18719,45789
2023-07-12 14:50:28,35,39,18719,45791
2023-07-12 14:50:37,36,39,18719,45791
2023-07-12 14:50:37,37,39,18719,45791
2023-07-12 14:50:42,38,39,18719,45791
2023-07-12 14:50:56,38,44,18737,45809
2023-07-12 14:50:57,40,44,18737,45809
2023-07-12 14:50:57,41,44,18737,45809
2023-07-12 14:50:58,42,44,18737,45809
2023-07-12 14:50:58,42,46,18737,45809
2023-07-12 14:50:58,42,45,18737,45809
2023-07-12 14:51:00,43,45,18737,45809
2023-07-12 14:51:01,43,45,18737,46059
2023-07-12 14:51:04,42,45,18737,46059
2023-07-12 14:51:05,43,45,18737,46059
2023-07-12 14:51:10,42,45,18737,46059
2023-07-12 14:51:16,42,44,18737,46059
2023-07-12 14:51:17,42,45,18737,46059
2023-07-12 14:51:29,41,45,18737,46059
2023-07-12 14:51:29,41,44,18737,46059
2023-07-12 14:51:30,42,44,18737,46059
2023-07-12 14:51:30,42,45,18737,46059
2023-07-12 14:51:34,41,45,18737,46059
2023-07-12 14:51:34,41,44,18737,46059
2023-07-12 14:51:49,41,45,18737,46059
2023-07-12 14:51:49,40,45,18737,46059
2023-07-12 14:51:49,40,44,18737,46059
2023-07-12 14:51:49,40,43,18737,46059
2023-07-12 14:52:05,41,43,18737,46059
2023-07-12 14:52:07,42,43,18737,46059
2023-07-12 14:52:29,41,43,18737,46059
2023-07-12 14:52:35,40,43,18737,46059
2023-07-12 14:52:36,39,43,18737,46059
2023-07-12 14:52:41,39,42,18737,46059
2023-07-12 14:52:43,38,42,18737,46059
2023-07-12 14:52:43,38,41,18737,46059
2023-07-12 14:52:59,37,41,18737,46059
2023-07-12 14:53:00,37,40,18737,46059
2023-07-12 14:53:01,37,42,18737,46059
2023-07-12 14:53:01,37,41,18737,46059
2023-07-12 14:53:05,38,41,18737,46059
2023-07-12 14:53:08,37,41,18737,46059
2023-07-12 14:53:08,37,40,18737,46059
2023-07-12 14:53:08,37,39,18737,46059
2023-07-12 14:53:35,38,39,18737,46059
2023-07-12 14:54:27,37,38,18719,46077
2023-07-12 14:54:28,36,38,18719,46095
2023-07-12 14:54:30,36,39,18719,46095
2023-07-12 14:54:31,36,38,18719,46095
2023-07-12 14:54:39,36,37,18719,46095
2023-07-12 14:55:37,33,36,18701,46163
2023-07-12 14:55:37,33,36,18769,46231
2023-07-12 14:55:37,33,35,18769,46231
2023-07-12 14:55:37,33,37,18769,46231
2023-07-12 14:55:38,33,36,18769,46231
2023-07-12 14:55:38,33,35,18769,46231
2023-07-12 14:55:38,32,35,18769,46231
2023-07-12 14:55:38,32,34,18769,46231
2023-07-12 14:55:43,32,35,18769,46231
2023-07-12 14:55:48,33,35,18769,46231
2023-07-12 14:55:51,33,34,18769,46231
2023-07-12 14:55:54,33,36,18769,46231
2023-07-12 14:55:54,33,35,18769,46231
2023-07-12 14:55:55,33,34,18769,46231
2023-07-12 14:56:01,33,37,18769,46231
2023-07-12 14:56:02,33,36,18769,46231
2023-07-12 14:56:02,33,34,18769,46231
2023-07-12 14:56:22,33,37,18787,46249
2023-07-12 14:56:22,34,37,18787,46249
2023-07-12 14:56:23,33,37,18787,46249
2023-07-12 14:56:23,33,36,18787,46249
2023-07-12 14:56:24,33,37,18787,46249
2023-07-12 14:56:24,33,36,18787,46249
2023-07-12 14:56:25,33,35,18787,46249
2023-07-12 14:56:32,33,34,18787,46249
2023-07-12 14:56:33,31,33,18769,46317
2023-07-12 14:56:33,30,33,18769,46317
2023-07-12 14:56:34,31,33,18769,46317
2023-07-12 14:56:34,31,34,18769,46317
2023-07-12 14:56:34,31,35,18769,46317
2023-07-12 14:56:34,31,34,18769,46317
2023-07-12 14:56:41,30,34,18769,46317
2023-07-12 14:56:41,30,33,18769,46317
2023-07-12 14:56:45,30,34,18769,46317
2023-07-12 14:56:45,30,33,18769,46317
2023-07-12 14:56:45,30,32,18769,46317
2023-07-12 14:56:47,29,32,18769,46317
2023-07-12 14:56:49,29,33,18769,46317
2023-07-12 14:56:49,29,34,18769,46317
2023-07-12 14:56:49,29,33,18769,46317
2023-07-12 14:56:49,29,34,18769,46317
2023-07-12 14:56:49,29,33,18769,46317
2023-07-12 14:56:51,30,33,18769,46317
2023-07-12 14:56:57,30,33,18769,46367
2023-07-12 14:57:02,31,33,18769,46367
2023-07-12 14:57:12,32,33,18769,46367
2023-07-12 14:57:19,32,34,18787,46385
2023-07-12 14:57:19,33,34,18787,46385
2023-07-12 14:57:29,34,36,18790,46388
2023-07-12 14:57:32,33,36,18790,46388
2023-07-12 14:57:35,33,35,18790,46388
2023-07-12 14:57:36,33,36,18790,46388
2023-07-12 14:57:36,33,34,18790,46388
2023-07-12 14:57:37,33,36,18790,46388
2023-07-12 14:57:37,33,35,18790,46388
2023-07-12 14:58:17,34,35,18790,46388
2023-07-12 14:58:18,33,35,18790,46388
2023-07-12 14:58:41,33,34,18790,46388
2023-07-12 14:58:53,32,33,18787,46391
2023-07-12 14:58:55,32,34,18787,46391
2023-07-12 14:58:55,31,32,18766,46412
2023-07-12 14:58:56,30,32,18766,46412
2023-07-12 14:59:08,30,31,18766,46412
2023-07-12 14:59:10,30,32,18766,46412
2023-07-12 14:59:49,31,32,18766,46412
2023-07-12 14:59:57,33,34,18802,46448
2023-07-12 14:59:57,33,35,18802,46448
2023-07-12 14:59:57,31,33,18802,46462
2023-07-12 14:59:58,31,35,18802,46462
2023-07-12 14:59:58,31,34,18802,46462
2023-07-12 15:00:03,32,34,18802,46462
2023-07-12 15:00:03,32,35,18802,46462
2023-07-12 15:00:04,31,35,18802,46462
2023-07-12 15:00:04,31,34,18802,46462
2023-07-12 15:00:05,31,33,18802,46462
2023-07-12 15:00:07,31,34,18802,46462
2023-07-12 15:00:08,31,33,18802,46462
2023-07-12 15:00:12,32,33,18802,46462
2023-07-12 15:00:14,32,34,18802,46465
2023-07-12 15:00:14,33,34,18802,46465
2023-07-12 15:00:30,32,34,18802,46465
2023-07-12 15:00:50,32,33,18802,46465
2023-07-12 15:00:51,32,33,18794,46473
2023-07-12 15:00:51,31,32,18784,46483
2023-07-12 15:00:55,31,33,18784,46483
2023-07-12 15:00:55,31,32,18784,46483
2023-07-12 15:00:55,31,32,18776,46491
2023-07-12 15:01:01,31,33,18776,46491
2023-07-12 15:01:02,31,32,18776,46491
2023-07-12 15:01:33,31,34,18779,46494
2023-07-12 15:01:33,32,34,18779,46494
2023-07-12 15:01:33,33,34,18779,46494
2023-07-12 15:02:00,33,35,18797,46512
2023-07-12 15:02:00,34,35,18797,46512
2023-07-12 15:02:03,35,36,18815,46530
2023-07-12 15:02:14,35,39,18833,46548
2023-07-12 15:02:14,36,39,18833,46548
2023-07-12 15:02:14,37,39,18833,46548
2023-07-12 15:02:15,38,39,18833,46548
2023-07-12 15:02:18,37,39,18833,46548
2023-07-12 15:02:27,35,39,18833,46548
2023-07-12 15:02:28,35,38,18833,46548
2023-07-12 15:02:37,36,38,18833,46548
2023-07-12 15:02:51,37,38,18833,46548
2023-07-12 15:02:55,36,38,18833,46548
2023-07-12 15:02:55,37,38,18833,46548
2023-07-12 15:03:01,37,38,18833,46566
2023-07-12 15:03:02,35,38,18833,46566
2023-07-12 15:03:04,36,38,18833,46566
2023-07-12 15:03:20,35,38,18833,46566
2023-07-12 15:03:21,35,37,18833,46566
2023-07-12 15:03:24,35,38,18833,46566
2023-07-12 15:03:38,36,38,18833,46566
2023-07-12 15:03:43,35,38,18833,46566
2023-07-12 15:03:46,35,37,18833,46566
2023-07-12 15:03:49,35,36,18833,46566
2023-07-12 15:03:56,32,36,18883,46652
2023-07-12 15:03:56,32,35,18883,46652
2023-07-12 15:04:06,32,34,18883,46652
2023-07-12 15:04:16,32,33,18883,46652
2023-07-12 15:04:18,32,34,18883,46652
2023-07-12 15:04:30,32,35,18883,46652
2023-07-12 15:04:30,32,34,18883,46652
2023-07-12 15:04:30,32,35,18883,46652
2023-07-12 15:04:32,32,34,18883,46652
2023-07-12 15:04:39,32,33,18883,46652
2023-07-12 15:04:55,29,33,18883,46652
2023-07-12 15:04:59,30,33,18883,46652
2023-07-12 15:05:07,31,33,18883,46652
2023-07-12 15:05:09,32,33,18883,46652
2023-07-12 15:05:10,32,34,18883,46655
2023-07-12 15:05:11,33,34,18883,46655
2023-07-12 15:05:15,33,35,18883,46658
2023-07-12 15:05:16,34,35,18883,46658
2023-07-12 15:05:16,34,39,18883,46676
2023-07-12 15:05:16,35,39,18883,46676
2023-07-12 15:05:16,35,38,18883,46676
2023-07-12 15:05:26,36,38,18883,46676
2023-07-12 15:05:26,37,38,18883,46676
2023-07-12 15:05:36,37,39,18883,46694
2023-07-12 15:05:36,38,39,18883,46694
2023-07-12 15:05:52,37,39,18883,46694
2023-07-12 15:06:10,37,38,18883,46694
2023-07-12 15:06:18,33,38,18883,46730
2023-07-12 15:06:18,33,37,18883,46730
2023-07-12 15:06:19,34,37,18883,46730
2023-07-12 15:06:22,34,36,18883,46730
2023-07-12 15:06:27,34,35,18883,46730
2023-07-12 15:06:29,34,36,18883,46730
2023-07-12 15:06:32,34,35,18883,46730
2023-07-12 15:06:41,30,35,18883,46766
2023-07-12 15:06:42,30,32,18883,46766
2023-07-12 15:06:44,29,32,18883,46766
2023-07-12 15:06:47,30,32,18883,46766
2023-07-12 15:07:35,30,31,18883,46766
2023-07-12 15:07:51,27,31,18883,46766
2023-07-12 15:07:51,27,30,18883,46766
2023-07-12 15:08:01,27,29,18883,46766
2023-07-12 15:08:08,27,28,18883,46766
2023-07-12 15:08:18,25,28,18828,46821
2023-07-12 15:08:23,26,28,18828,46821
2023-07-12 15:08:31,27,28,18828,46821
2023-07-12 15:08:38,26,28,18828,46821
2023-07-12 15:08:38,28,30,18828,46839
2023-07-12 15:08:47,28,31,18828,46839
2023-07-12 15:08:47,28,30,18828,46839
2023-07-12 15:08:47,29,30,18828,46839
2023-07-12 15:08:53,29,31,18828,46857
2023-07-12 15:10:27,30,31,18828,46857
2023-07-12 15:10:29,29,31,18828,46857
2023-07-12 15:10:35,30,31,18828,46857
2023-07-12 15:11:15,30,32,18828,46875
2023-07-12 15:11:15,31,32,18828,46875
2023-07-12 15:11:31,30,32,18828,46875
2023-07-12 15:11:49,29,32,18828,46893
2023-07-12 15:11:50,29,31,18828,46893
2023-07-12 15:12:10,29,30,18828,46893
2023-07-12 15:12:15,28,29,18804,46929
2023-07-12 15:12:22,25,29,18804,46929
2023-07-12 15:12:22,25,28,18804,46929
2023-07-12 15:12:25,25,27,18804,46929
2023-07-12 15:13:35,25,26,18804,46929
2023-07-12 15:13:38,24,26,18804,46929
2023-07-12 15:14:02,24,25,18804,46929
2023-07-12 15:14:06,23,25,18804,46929
2023-07-12 15:14:26,23,24,18804,46929
2023-07-12 15:14:29,23,25,18804,46929
2023-07-12 15:14:44,23,24,18804,46929
2023-07-12 15:14:52,22,23,18804,46980
2023-07-12 15:14:53,22,25,18804,46980
2023-07-12 15:14:53,22,24,18804,46980
2023-07-12 15:15:22,22,23,18804,46980
2023-07-12 15:15:23,22,23,18784,47000
2023-07-12 15:15:24,20,23,18755,47350
2023-07-12 15:15:24,20,22,18755,47350
2023-07-12 15:15:24,19,22,18755,47350
2023-07-12 15:15:42,19,21,18755,47350
2023-07-12 15:15:51,18,21,18791,47386
2023-07-12 15:15:55,18,20,18791,47386
2023-07-12 15:15:59,17,20,18791,47386
2023-07-12 15:15:59,17,19,18791,47386
2023-07-12 15:16:07,17,20,18791,47386
2023-07-12 15:16:08,18,20,18791,47386
2023-07-12 15:16:13,17,20,18791,47386
2023-07-12 15:16:13,18,20,18791,47386
2023-07-12 15:17:05,18,21,18791,47437
2023-07-12 15:17:06,20,21,18791,47437
2023-07-12 15:17:06,20,22,18840,47488
2023-07-12 15:17:06,21,22,18840,47488
2023-07-12 15:17:06,20,22,18840,47488
2023-07-12 15:17:07,20,26,18840,47521
2023-07-12 15:17:12,21,26,18840,47521
2023-07-12 15:17:19,20,26,18840,47521
2023-07-12 15:17:26,21,26,18840,47521
2023-07-12 15:17:29,21,25,18840,47521
2023-07-12 15:17:33,23,25,18840,47521
2023-07-12 15:17:44,23,26,18840,47521
2023-07-12 15:17:44,23,25,18840,47521
2023-07-12 15:18:14,23,24,18840,47521
2023-07-12 15:18:21,21,24,18840,47536
2023-07-12 15:18:21,21,23,18840,47536
2023-07-12 15:18:22,21,25,18840,47536
2023-07-12 15:18:22,21,24,18840,47536
2023-07-12 15:18:23,21,23,18840,47536
2023-07-12 15:18:23,21,22,18840,47536
2023-07-12 15:18:25,21,22,18860,47556
2023-07-12 15:18:31,20,22,18860,47556
2023-07-12 15:18:38,20,21,18860,47556
2023-07-12 15:18:47,19,21,18860,47574
2023-07-12 15:18:50,19,20,18860,47574
2023-07-12 15:18:53,19,22,18860,47574
2023-07-12 15:18:53,19,21,18860,47574
2023-07-12 15:19:29,20,21,18860,47574
2023-07-12 15:19:33,20,23,18860,47577
2023-07-12 15:19:50,20,27,18875,47592
2023-07-12 15:19:50,20,26,18875,47592
2023-07-12 15:19:52,22,26,18875,47592
2023-07-12 15:20:04,24,26,18875,47592
2023-07-12 15:20:04,24,27,18875,47592
2023-07-12 15:20:11,23,27,18875,47592
2023-07-12 15:20:11,26,27,18875,47592
2023-07-12 15:20:15,26,32,18893,47612
2023-07-12 15:20:20,26,33,18893,47612
2023-07-12 15:20:20,26,34,18893,47612
2023-07-12 15:20:20,26,32,18893,47612
2023-07-12 15:20:20,26,34,18893,47612
2023-07-12 15:20:20,26,33,18893,47612
2023-07-12 15:20:21,26,32,18893,47612
2023-07-12 15:20:29,26,31,18893,47612
2023-07-12 15:20:32,26,32,18893,47612
2023-07-12 15:20:32,26,31,18893,47612
2023-07-12 15:20:32,26,32,18893,47612
2023-07-12 15:20:41,33,34,18893,47626
2023-07-12 15:20:41,33,34,18893,47661
2023-07-12 15:20:41,33,35,18893,47661
2023-07-12 15:20:41,33,39,18893,47661
2023-07-12 15:20:44,33,40,18893,47661
2023-07-12 15:20:46,33,39,18893,47661
2023-07-12 15:20:47,33,40,18893,47661
2023-07-12 15:20:52,33,39,18893,47661
2023-07-12 15:21:05,33,40,18893,47661
2023-07-12 15:21:06,33,38,18893,47661
2023-07-12 15:21:06,33,37,18893,47661
2023-07-12 15:21:08,33,38,18893,47661
2023-07-12 15:21:09,33,35,18893,47661
2023-07-12 15:21:10,33,35,18893,47676
2023-07-12 15:21:13,33,37,18893,47676
2023-07-12 15:21:13,33,36,18893,47676
2023-07-12 15:21:13,33,37,18893,47676
2023-07-12 15:21:13,33,36,18893,47676
2023-07-12 15:21:15,29,36,18893,47676
2023-07-12 15:21:15,29,35,18893,47676
2023-07-12 15:21:36,31,35,18893,47676
2023-07-12 15:21:54,34,35,18893,47676
2023-07-12 15:21:56,34,39,18900,47683
2023-07-12 15:21:59,32,39,18900,47683
2023-07-12 15:21:59,36,39,18900,47683
2023-07-12 15:22:05,34,39,18900,47683
2023-07-12 15:22:05,39,42,18907,47690
2023-07-12 15:22:05,39,44,18907,47690
2023-07-12 15:22:05,39,48,18907,47690
2023-07-12 15:22:05,39,47,18907,47690
2023-07-12 15:22:05,39,42,18907,47690
2023-07-12 15:22:06,39,41,18907,47690
2023-07-12 15:22:07,39,40,18907,47690
2023-07-12 15:22:07,39,41,18907,47690
2023-07-12 15:22:07,36,39,18907,47733
2023-07-12 15:22:09,33,39,18907,47733
2023-07-12 15:22:09,32,39,18907,47733
2023-07-12 15:22:09,36,39,18907,47733
2023-07-12 15:22:16,35,39,18907,47733
2023-07-12 15:22:17,36,39,18907,47733
2023-07-12 15:22:19,37,39,18907,47733
2023-07-12 15:22:24,35,39,18907,47733
2023-07-12 15:22:30,37,39,18907,47733
2023-07-12 15:22:32,41,42,18907,47742
2023-07-12 15:22:44,44,47,18914,47749
2023-07-12 15:22:46,44,49,18914,47749
2023-07-12 15:22:46,44,48,18914,47749
2023-07-12 15:22:55,44,49,18920,47755
2023-07-12 15:22:59,47,49,18920,47755
2023-07-12 15:23:01,51,54,18921,47761
2023-07-12 15:23:01,51,56,18921,47761
2023-07-12 15:23:01,51,58,18921,47761
2023-07-12 15:23:02,54,58,18921,47761
2023-07-12 15:23:03,48,58,18921,47761
2023-07-12 15:23:03,44,58,18921,47761
2023-07-12 15:23:03,44,55,18921,47761
2023-07-12 15:23:03,45,55,18921,47761
2023-07-12 15:23:03,51,55,18921,47761
2023-07-12 15:23:03,51,55,18921,47961
2023-07-12 15:23:03,53,55,18921,47961
2023-07-12 15:23:03,51,55,18921,47961
2023-07-12 15:23:04,51,58,18921,47961
2023-07-12 15:23:04,54,58,18921,47961
2023-07-12 15:23:05,53,58,18921,47961
2023-07-12 15:23:05,51,58,18921,47961
2023-07-12 15:23:05,54,58,18921,47961
2023-07-12 15:23:05,57,58,18921,47961
2023-07-12 15:23:09,57,65,18925,47965
2023-07-12 15:23:09,57,66,18925,47965
2023-07-12 15:23:09,57,65,18925,47965
2023-07-12 15:23:09,51,65,18925,47965
2023-07-12 15:23:09,59,65,18925,47965
2023-07-12 15:23:10,53,65,18925,47965
2023-07-12 15:23:10,60,65,18925,47965
2023-07-12 15:23:11,62,65,18925,47965
2023-07-12 15:23:11,62,66,18925,47965
2023-07-12 15:23:11,62,68,18925,47965
2023-07-12 15:23:11,62,67,18925,47965
2023-07-12 15:23:11,62,68,18925,47965
2023-07-12 15:23:12,62,67,18925,47965
2023-07-12 15:23:13,62,68,18925,47965
2023-07-12 15:23:13,62,66,18925,47965
2023-07-12 15:23:14,62,65,18925,47965
2023-07-12 15:23:14,50,65,18925,47965
2023-07-12 15:23:14,59,65,18925,47965
2023-07-12 15:23:15,59,63,18925,47965
2023-07-12 15:23:15,52,63,18925,47965
2023-07-12 15:23:15,52,63,18925,47975
2023-07-12 15:23:15,52,65,18925,47975
2023-07-12 15:23:15,60,65,18925,47975
2023-07-12 15:23:17,52,65,18925,47975
2023-07-12 15:23:17,52,65,18970,48020
2023-07-12 15:23:18,52,64,18970,48020
2023-07-12 15:23:20,59,64,18970,48020
2023-07-12 15:23:20,59,65,18970,48020
2023-07-12 15:23:20,59,63,18970,48020
2023-07-12 15:23:21,49,63,18970,48020
2023-07-12 15:23:21,57,63,18970,48020
2023-07-12 15:23:22,49,63,18970,48020
2023-07-12 15:23:22,49,62,18970,48020
2023-07-12 15:23:22,58,62,18970,48020
2023-07-12 15:23:24,58,63,18970,48020
2023-07-12 15:23:24,57,62,18970,48020
2023-07-12 15:23:24,57,61,18970,48020
2023-07-12 15:23:26,59,61,18970,48020
2023-07-12 15:23:27,51,61,18970,48020
2023-07-12 15:23:27,60,61,18970,48020
2023-07-12 15:23:30,59,61,18970,48020
2023-07-12 15:23:31,49,61,18970,48020
2023-07-12 15:23:31,58,61,18970,48020
2023-07-12 15:23:32,47,61,18970,48020
2023-07-12 15:23:32,56,61,18970,48020
2023-07-12 15:23:33,47,61,18970,48020
2023-07-12 15:23:33,47,60,18970,48020
2023-07-12 15:23:33,55,60,18970,48020
2023-07-12 15:23:34,55,59,18970,48020
2023-07-12 15:23:34,54,59,18970,48020
2023-07-12 15:23:34,54,58,18970,48020
2023-07-12 15:23:35,54,57,18970,48020
2023-07-12 15:23:35,52,57,18970,48020
2023-07-12 15:23:37,52,56,18970,48020
2023-07-12 15:23:37,52,55,18970,48020
2023-07-12 15:23:41,52,54,18970,48020
2023-07-12 15:23:44,52,53,18970,48020
2023-07-12 15:23:44,48,52,18965,48025
2023-07-12 15:23:46,48,49,18965,48025
2023-07-12 15:23:46,45,49,18965,48025
2023-07-12 15:23:47,44,49,18965,48025
2023-07-12 15:23:51,44,48,18965,48025
2023-07-12 15:23:52,44,49,18965,48025
2023-07-12 15:23:54,45,49,18965,48025
2023-07-12 15:23:58,45,50,18965,48025
2023-07-12 15:23:58,43,50,18965,48025
2023-07-12 15:23:58,46,50,18965,48025
2023-07-12 15:23:59,47,50,18965,48025
2023-07-12 15:23:59,47,51,18965,48025
2023-07-12 15:24:00,47,50,18965,48025
2023-07-12 15:24:01,49,50,18965,48025
2023-07-12 15:24:05,49,53,18979,48039
2023-07-12 15:24:05,49,57,18979,48039
2023-07-12 15:24:05,49,56,18979,48039
2023-07-12 15:24:06,46,56,18979,48039
2023-07-12 15:24:06,52,56,18979,48039
2023-07-12 15:24:08,53,56,18979,48039
2023-07-12 15:24:08,53,57,18979,48039
2023-07-12 15:24:08,53,57,18984,48044
2023-07-12 15:24:09,54,57,18984,48044
2023-07-12 15:24:09,54,58,18984,48044
2023-07-12 15:24:09,54,59,18984,48044
2023-07-12 15:24:09,54,58,18984,48044
2023-07-12 15:24:10,54,59,18984,48044
2023-07-12 15:24:10,46,59,18984,48044
2023-07-12 15:24:10,55,59,18984,48044
2023-07-12 15:24:12,55,58,18984,48044
2023-07-12 15:24:15,53,58,18984,48044
2023-07-12 15:24:15,53,57,18984,48044
2023-07-12 15:24:17,46,57,18984,48044
2023-07-12 15:24:17,52,57,18984,48044
2023-07-12 15:24:19,53,57,18984,48044
2023-07-12 15:24:24,52,57,18984,48044
2023-07-12 15:24:24,52,56,18984,48044
2023-07-12 15:24:27,43,56,18984,48044
2023-07-12 15:24:27,51,56,18984,48044
2023-07-12 15:24:28,51,55,18984,48044
2023-07-12 15:24:33,52,55,18984,48044
2023-07-12 15:24:43,53,55,18984,48044
2023-07-12 15:24:50,52,55,18984,48044
2023-07-12 15:24:59,53,55,18984,48044
2023-07-12 15:25:00,54,55,18984,48044
2023-07-12 15:25:01,54,56,18998,48058
2023-07-12 15:25:02,51,56,18998,48058
2023-07-12 15:25:02,51,57,18998,48065
2023-07-12 15:25:03,55,57,18998,48065
2023-07-12 15:25:03,56,57,18998,48065
2023-07-12 15:25:05,56,66,18998,48072
2023-07-12 15:25:05,56,65,18998,48072
2023-07-12 15:25:05,58,65,18998,48072
2023-07-12 15:25:05,58,63,18998,48072
2023-07-12 15:25:06,58,67,18998,48072
2023-07-12 15:25:06,58,66,18998,48072
2023-07-12 15:25:06,58,67,18998,48072
2023-07-12 15:25:06,62,67,18998,48072
2023-07-12 15:25:07,61,67,18998,48072
2023-07-12 15:25:07,61,65,18998,48072
2023-07-12 15:25:07,58,65,18998,48072
2023-07-12 15:25:07,64,65,18998,48072
2023-07-12 15:25:07,65,67,19005,48079
2023-07-12 15:25:07,65,67,19040,48114
2023-07-12 15:25:07,64,67,19075,48149
2023-07-12 15:25:07,64,66,19075,48149
2023-07-12 15:25:07,64,67,19075,48149
2023-07-12 15:25:08,58,67,19075,48149
2023-07-12 15:25:08,65,67,19075,48149
2023-07-12 15:25:11,58,67,19120,48194
2023-07-12 15:25:11,63,67,19120,48194
2023-07-12 15:25:12,64,67,19120,48194
2023-07-12 15:25:13,64,66,19120,48194
2023-07-12 15:25:13,64,67,19120,48194
2023-07-12 15:25:13,64,66,19120,48194
2023-07-12 15:25:14,64,67,19120,48194
2023-07-12 15:25:14,64,66,19120,48194
2023-07-12 15:25:18,60,66,19113,48246
2023-07-12 15:25:20,60,67,19113,48246
2023-07-12 15:25:20,60,66,19113,48246
2023-07-12 15:25:21,60,67,19113,48246
2023-07-12 15:25:22,62,66,19113,48246
2023-07-12 15:25:29,63,66,19113,48246
2023-07-12 15:25:33,64,66,19113,48246
2023-07-12 15:25:34,63,66,19113,48246
2023-07-12 15:25:34,65,66,19113,48246
2023-07-12 15:25:38,64,66,19113,48246
2023-07-12 15:25:40,65,66,19113,48246
2023-07-12 15:25:42,64,66,19113,48246
2023-07-12 15:25:47,63,66,19113,48246
2023-07-12 15:26:00,64,66,19113,48246
2023-07-12 15:26:04,63,66,19113,48246
2023-07-12 15:26:14,63,65,19113,48246
2023-07-12 15:26:16,63,64,19113,48246
2023-07-12 15:26:16,63,65,19113,48246
2023-07-12 15:26:20,63,65,19113,48246
2023-07-12 15:26:26,63,64,19113,48246
2023-07-12 15:26:26,60,64,19113,48251
2023-07-12 15:26:26,60,63,19113,48251
2023-07-12 15:26:26,60,64,19113,48251
2023-07-12 15:26:27,60,64,19113,48251
2023-07-12 15:26:31,60,62,19113,48251
2023-07-12 15:26:31,60,61,19113,48251
2023-07-12 15:26:32,60,63,19113,48251
2023-07-12 15:26:32,60,62,19113,48251
2023-07-12 15:26:32,59,62,19108,48256
2023-07-12 15:26:37,59,63,19108,48256
2023-07-12 15:26:37,59,62,19108,48256
2023-07-12 15:26:37,59,63,19108,48256
2023-07-12 15:26:38,59,63,19108,48256
2023-07-12 15:26:38,59,62,19108,48256
2023-07-12 15:26:38,59,63,19108,48256
2023-07-12 15:26:38,59,62,19108,48256
2023-07-12 15:26:39,59,63,19108,48256
2023-07-12 15:26:47,53,62,19108,48261
2023-07-12 15:26:48,53,61,19108,48261
2023-07-12 15:26:48,53,60,19108,48261
2023-07-12 15:26:48,53,61,19108,48261
2023-07-12 15:26:48,53,60,19108,48261
