datetime,bid,ask,open_interest,volume
2023-11-13 09:30:05,25,35,1014,1789
2023-11-13 09:30:05,25,39,1014,1789
2023-11-13 09:30:05,25,43,1014,1789
2023-11-13 09:30:05,25,100,1014,1789
2023-11-13 09:31:05,28,100,1014,1789
2023-11-13 09:31:05,30,100,1014,1789
2023-11-13 09:31:05,32,100,1014,1789
2023-11-13 09:31:05,32,36,1014,1789
2023-11-13 09:31:13,32,100,1014,1789
2023-11-13 09:31:13,25,100,1014,1789
2023-11-13 09:31:13,31,100,1014,1789
2023-11-13 09:31:13,31,35,1014,1789
2023-11-13 09:31:24,31,100,1014,1789
2023-11-13 09:31:24,25,100,1014,1789
2023-11-13 09:31:24,27,100,1014,1789
2023-11-13 09:31:24,28,100,1014,1789
2023-11-13 09:31:24,28,37,1014,1789
2023-11-13 09:31:24,28,35,1014,1789
2023-11-13 09:31:24,28,33,1014,1789
2023-11-13 09:32:00,25,33,1014,1789
2023-11-13 09:32:00,25,100,1014,1789
2023-11-13 09:32:00,31,100,1014,1789
2023-11-13 09:32:00,31,35,1014,1789
2023-11-13 09:32:14,31,100,1014,1789
2023-11-13 09:32:14,25,100,1014,1789
2023-11-13 09:32:14,28,100,1014,1789
2023-11-13 09:32:14,28,35,1014,1789
2023-11-13 09:32:14,28,33,1014,1789
2023-11-13 09:32:21,28,100,1014,1789
2023-11-13 09:32:21,25,100,1014,1789
2023-11-13 09:32:21,26,100,1014,1789
2023-11-13 09:32:21,28,100,1014,1789
2023-11-13 09:32:21,28,32,1014,1789
2023-11-13 09:32:32,25,32,1014,1789
2023-11-13 09:32:32,25,100,1014,1789
2023-11-13 09:32:32,27,100,1014,1789
2023-11-13 09:32:32,28,100,1014,1789
2023-11-13 09:32:32,28,33,1014,1789
2023-11-13 09:33:11,28,100,1014,1789
2023-11-13 09:33:11,25,100,1014,1789
2023-11-13 09:33:11,28,100,1014,1789
2023-11-13 09:33:11,28,32,1014,1789
2023-11-13 09:33:38,28,100,1014,1789
2023-11-13 09:33:38,25,100,1014,1789
2023-11-13 09:33:38,27,100,1014,1789
2023-11-13 09:33:38,27,35,1014,1789
2023-11-13 09:33:38,27,33,1014,1789
2023-11-13 09:33:38,27,31,1014,1789
2023-11-13 09:33:50,27,100,1014,1789
2023-11-13 09:33:50,25,100,1014,1789
2023-11-13 09:33:50,25,33,1014,1789
2023-11-13 09:33:50,25,31,1014,1789
2023-11-13 09:33:50,25,29,1014,1789
2023-11-13 09:34:12,25,100,1014,1789
2023-11-13 09:34:12,25,30,1014,1789
2023-11-13 09:34:12,25,28,1014,1789
2023-11-13 09:34:23,25,100,1014,1789
2023-11-13 09:34:23,25,26,1014,1789
2023-11-13 09:34:59,22,26,1134,1909
2023-11-13 09:35:14,22,100,1134,1909
2023-11-13 09:35:14,11,100,1134,1909
2023-11-13 09:35:14,21,100,1134,1909
2023-11-13 09:35:14,21,25,1134,1909
2023-11-13 09:35:30,11,25,1134,1909
2023-11-13 09:35:30,11,100,1134,1909
2023-11-13 09:35:30,19,100,1134,1909
2023-11-13 09:35:30,20,100,1134,1909
2023-11-13 09:35:30,22,100,1134,1909
2023-11-13 09:35:30,22,30,1134,1909
2023-11-13 09:35:30,22,26,1134,1909
2023-11-13 09:35:44,22,100,1134,1909
2023-11-13 09:35:44,11,100,1134,1909
2023-11-13 09:35:44,18,100,1134,1909
2023-11-13 09:35:44,19,100,1134,1909
2023-11-13 09:35:44,21,100,1134,1909
2023-11-13 09:35:44,21,29,1134,1909
2023-11-13 09:35:44,21,25,1134,1909
2023-11-13 09:36:44,21,27,1134,1909
2023-11-13 09:36:45,20,100,1134,1909
2023-11-13 09:36:45,22,100,1134,1909
2023-11-13 09:36:45,22,28,1134,1909
2023-11-13 09:36:45,22,26,1134,1909
2023-11-13 09:37:29,22,100,1134,1909
2023-11-13 09:37:29,11,100,1134,1909
2023-11-13 09:37:29,18,100,1134,1909
2023-11-13 09:37:29,19,100,1134,1909
2023-11-13 09:37:29,21,100,1134,1909
2023-11-13 09:37:29,21,26,1134,1909
2023-11-13 09:37:29,21,24,1134,1909
2023-11-13 09:37:50,21,100,1134,1909
2023-11-13 09:37:50,11,100,1134,1909
2023-11-13 09:37:50,19,100,1134,1909
2023-11-13 09:37:50,19,27,1134,1909
2023-11-13 09:37:50,19,25,1134,1909
2023-11-13 09:37:50,19,23,1134,1909
2023-11-13 09:38:25,11,23,1134,1909
2023-11-13 09:38:25,11,100,1134,1909
2023-11-13 09:38:25,19,100,1134,1909
2023-11-13 09:38:25,21,100,1134,1909
2023-11-13 09:38:25,21,28,1134,1909
2023-11-13 09:38:25,21,26,1134,1909
2023-11-13 09:38:25,21,24,1134,1909
2023-11-13 09:39:15,11,24,1134,1909
2023-11-13 09:39:15,11,100,1134,1909
2023-11-13 09:39:15,20,100,1134,1909
2023-11-13 09:39:15,22,100,1134,1909
2023-11-13 09:39:15,22,30,1134,1909
2023-11-13 09:39:15,22,26,1134,1909
2023-11-13 09:39:31,22,100,1134,1909
2023-11-13 09:39:31,11,100,1134,1909
2023-11-13 09:39:31,20,100,1134,1909
2023-11-13 09:39:31,20,28,1134,1909
2023-11-13 09:39:31,20,24,1134,1909
2023-11-13 09:40:32,20,28,1134,1909
2023-11-13 09:40:32,17,100,1134,1909
2023-11-13 09:40:32,20,100,1134,1909
2023-11-13 09:40:32,20,28,1134,1909
2023-11-13 09:40:32,20,24,1134,1909
2023-11-13 09:41:32,20,26,1134,1909
2023-11-13 09:41:33,18,100,1134,1909
2023-11-13 09:41:33,20,100,1134,1909
2023-11-13 09:41:33,20,24,1134,1909
2023-11-13 09:42:27,11,24,1134,1909
2023-11-13 09:42:27,11,100,1134,1909
2023-11-13 09:42:27,18,100,1134,1909
2023-11-13 09:42:27,21,100,1134,1909
2023-11-13 09:42:27,21,29,1134,1909
2023-11-13 09:42:27,21,25,1134,1909
2023-11-13 09:42:49,21,100,1134,1909
2023-11-13 09:42:49,11,100,1134,1909
2023-11-13 09:42:49,17,100,1134,1909
2023-11-13 09:42:49,18,100,1134,1909
2023-11-13 09:42:49,20,100,1134,1909
2023-11-13 09:42:49,20,28,1134,1909
2023-11-13 09:42:49,20,24,1134,1909
2023-11-13 09:43:49,18,24,1134,1909
2023-11-13 09:43:50,20,100,1134,1909
2023-11-13 09:43:50,20,24,1134,1909
2023-11-13 09:44:50,20,26,1134,1909
2023-11-13 09:44:51,17,100,1134,1909
2023-11-13 09:44:51,19,100,1134,1909
2023-11-13 09:44:51,19,27,1134,1909
2023-11-13 09:44:51,19,23,1134,1909
2023-11-13 09:45:51,16,23,1134,1909
2023-11-13 09:45:52,17,100,1134,1909
2023-11-13 09:45:52,19,100,1134,1909
2023-11-13 09:45:52,19,23,1134,1909
2023-11-13 09:46:52,17,23,1134,1909
2023-11-13 09:46:53,19,100,1134,1909
2023-11-13 09:46:53,19,23,1134,1909
2023-11-13 09:47:53,17,23,1134,1909
2023-11-13 09:47:54,20,100,1134,1909
2023-11-13 09:47:54,20,23,1134,1909
2023-11-13 09:48:37,11,23,1134,1909
2023-11-13 09:48:37,11,100,1134,1909
2023-11-13 09:48:37,18,100,1134,1909
2023-11-13 09:48:37,19,100,1134,1909
2023-11-13 09:48:37,21,100,1134,1909
2023-11-13 09:48:37,21,25,1134,1909
2023-11-13 09:48:40,21,100,1134,1909
2023-11-13 09:48:40,11,100,1134,1909
2023-11-13 09:48:40,20,100,1134,1909
2023-11-13 09:48:40,20,25,1134,1909
2023-11-13 09:48:40,20,23,1134,1909
2023-11-13 09:49:17,11,23,1134,1909
2023-11-13 09:49:17,11,100,1134,1909
2023-11-13 09:49:17,19,100,1134,1909
2023-11-13 09:49:17,21,100,1134,1909
2023-11-13 09:49:17,21,27,1134,1909
2023-11-13 09:49:17,21,25,1134,1909
2023-11-13 09:50:14,11,25,1134,1909
2023-11-13 09:50:14,11,100,1134,1909
2023-11-13 09:50:14,20,100,1134,1909
2023-11-13 09:50:14,22,100,1134,1909
2023-11-13 09:50:14,22,26,1134,1909
2023-11-13 09:51:14,20,26,1134,1909
2023-11-13 09:51:15,22,100,1134,1909
2023-11-13 09:51:15,22,26,1134,1909
2023-11-13 09:52:15,20,26,1134,1909
2023-11-13 09:52:16,20,100,1134,1909
2023-11-13 09:52:16,21,100,1134,1909
2023-11-13 09:52:16,23,100,1134,1909
2023-11-13 09:52:16,23,30,1134,1909
2023-11-13 09:52:16,23,26,1134,1909
2023-11-13 09:52:36,23,100,1134,1909
2023-11-13 09:52:36,11,100,1134,1909
2023-11-13 09:52:36,19,100,1134,1909
2023-11-13 09:52:36,21,100,1134,1909
2023-11-13 09:52:36,21,27,1134,1909
2023-11-13 09:52:36,21,25,1134,1909
2023-11-13 09:52:44,21,100,1134,1909
2023-11-13 09:52:44,11,100,1134,1909
2023-11-13 09:52:44,20,100,1134,1909
2023-11-13 09:52:44,20,26,1134,1909
2023-11-13 09:52:44,20,24,1134,1909
2023-11-13 09:53:38,11,24,1134,1909
2023-11-13 09:53:38,11,100,1134,1909
2023-11-13 09:53:38,19,100,1134,1909
2023-11-13 09:53:38,21,100,1134,1909
2023-11-13 09:53:38,21,27,1134,1909
2023-11-13 09:53:38,21,25,1134,1909
2023-11-13 09:53:52,21,100,1134,1909
2023-11-13 09:53:52,11,100,1134,1909
2023-11-13 09:53:52,18,100,1134,1909
2023-11-13 09:53:52,20,100,1134,1909
2023-11-13 09:53:52,20,27,1134,1909
2023-11-13 09:53:52,20,23,1134,1909
2023-11-13 09:54:47,20,100,1134,1909
2023-11-13 09:54:47,11,100,1134,1909
2023-11-13 09:54:47,15,100,1134,1909
2023-11-13 09:54:47,18,100,1134,1909
2023-11-13 09:54:47,18,26,1134,1909
2023-11-13 09:54:47,18,24,1134,1909
2023-11-13 09:54:47,18,22,1134,1909
2023-11-13 09:55:04,18,100,1134,1909
2023-11-13 09:55:04,11,100,1134,1909
2023-11-13 09:55:04,14,100,1134,1909
2023-11-13 09:55:04,15,100,1134,1909
2023-11-13 09:55:04,17,100,1134,1909
2023-11-13 09:55:04,17,24,1134,1909
2023-11-13 09:55:04,17,23,1134,1909
2023-11-13 09:55:04,17,21,1134,1909
2023-11-13 09:55:54,17,20,1134,1909
2023-11-13 09:56:04,15,20,1134,1909
2023-11-13 09:56:05,17,20,1134,1909
2023-11-13 09:56:37,11,20,1134,1909
2023-11-13 09:56:37,15,20,1134,1909
2023-11-13 09:56:37,16,20,1134,1909
2023-11-13 09:56:37,18,20,1134,1909
2023-11-13 09:57:37,16,20,1134,1909
2023-11-13 09:57:38,15,20,1134,1909
2023-11-13 09:57:38,18,20,1134,1909
2023-11-13 09:58:06,11,20,1134,1909
2023-11-13 09:58:06,11,20,1059,1984
2023-11-13 09:58:06,17,20,1059,1984
2023-11-13 09:58:06,18,20,1059,1984
2023-11-13 09:58:36,11,20,1059,1984
2023-11-13 09:58:36,11,20,909,2134
2023-11-13 09:58:36,19,20,909,2134
2023-11-13 09:58:37,19,20,659,2384
2023-11-13 09:58:40,19,20,409,2634
2023-11-13 09:58:45,19,20,159,2884
2023-11-13 09:58:48,19,25,134,2909
2023-11-13 09:59:19,19,100,134,2909
2023-11-13 09:59:19,11,100,134,2909
2023-11-13 09:59:19,18,100,134,2909
2023-11-13 09:59:19,20,100,134,2909
2023-11-13 09:59:19,20,24,134,2909
2023-11-13 09:59:42,11,24,134,2909
2023-11-13 09:59:42,11,100,134,2909
2023-11-13 09:59:42,18,100,134,2909
2023-11-13 09:59:42,21,100,134,2909
2023-11-13 09:59:42,21,25,134,2909
2023-11-13 10:00:15,21,100,134,2909
2023-11-13 10:00:15,11,100,134,2909
2023-11-13 10:00:15,18,100,134,2909
2023-11-13 10:00:15,20,100,134,2909
2023-11-13 10:00:15,20,26,134,2909
2023-11-13 10:00:15,20,24,134,2909
2023-11-13 10:00:25,20,100,134,2909
2023-11-13 10:00:25,11,100,134,2909
2023-11-13 10:00:25,17,100,134,2909
2023-11-13 10:00:25,19,100,134,2909
2023-11-13 10:00:25,19,27,134,2909
2023-11-13 10:00:25,19,25,134,2909
2023-11-13 10:00:25,19,23,134,2909
2023-11-13 10:00:52,19,100,134,2909
2023-11-13 10:00:52,11,100,134,2909
2023-11-13 10:00:52,15,100,134,2909
2023-11-13 10:00:52,17,100,134,2909
2023-11-13 10:00:52,17,24,134,2909
2023-11-13 10:00:52,17,23,134,2909
2023-11-13 10:00:52,17,21,134,2909
2023-11-13 10:01:29,11,21,134,2909
2023-11-13 10:01:29,11,100,134,2909
2023-11-13 10:01:29,19,100,134,2909
2023-11-13 10:01:29,19,25,134,2909
2023-11-13 10:01:29,19,23,134,2909
2023-11-13 10:02:01,19,100,134,2909
2023-11-13 10:02:01,11,100,134,2909
2023-11-13 10:02:01,16,100,134,2909
2023-11-13 10:02:01,18,100,134,2909
2023-11-13 10:02:01,18,24,134,2909
2023-11-13 10:02:01,18,23,134,2909
2023-11-13 10:02:01,18,21,134,2909
2023-11-13 10:02:27,18,20,134,2909
2023-11-13 10:02:57,18,21,134,2909
2023-11-13 10:02:59,11,21,134,2909
2023-11-13 10:02:59,11,100,134,2909
2023-11-13 10:02:59,19,100,134,2909
2023-11-13 10:02:59,19,23,134,2909
2023-11-13 10:03:12,11,23,134,2909
2023-11-13 10:03:12,11,100,134,2909
2023-11-13 10:03:12,20,100,134,2909
2023-11-13 10:03:12,20,28,134,2909
2023-11-13 10:03:12,20,26,134,2909
2023-11-13 10:03:12,20,24,134,2909
2023-11-13 10:03:16,18,20,295,3084
2023-11-13 10:03:24,18,20,425,3334
2023-11-13 10:03:27,18,24,500,3409
2023-11-13 10:03:50,11,24,500,3409
2023-11-13 10:03:50,11,100,500,3409
2023-11-13 10:03:50,19,100,500,3409
2023-11-13 10:03:50,20,100,500,3409
2023-11-13 10:03:50,22,100,500,3409
2023-11-13 10:03:50,22,26,500,3409
2023-11-13 10:04:18,22,100,500,3409
2023-11-13 10:04:18,11,100,500,3409
2023-11-13 10:04:18,19,100,500,3409
2023-11-13 10:04:18,21,100,500,3409
2023-11-13 10:04:18,21,24,500,3409
2023-11-13 10:04:38,19,24,500,3434
2023-11-13 10:04:46,19,100,500,3434
2023-11-13 10:04:46,11,100,500,3434
2023-11-13 10:04:46,17,100,500,3434
2023-11-13 10:04:46,19,100,500,3434
2023-11-13 10:04:46,19,25,500,3434
2023-11-13 10:04:46,19,23,500,3434
2023-11-13 10:05:27,11,23,500,3434
2023-11-13 10:05:27,11,100,500,3434
2023-11-13 10:05:27,18,100,500,3434
2023-11-13 10:05:27,19,100,500,3434
2023-11-13 10:05:27,21,100,500,3434
2023-11-13 10:05:27,21,24,500,3434
2023-11-13 10:05:53,19,24,500,3459
2023-11-13 10:05:54,19,100,500,3459
2023-11-13 10:05:54,11,100,500,3459
2023-11-13 10:05:54,16,100,500,3459
2023-11-13 10:05:54,19,100,500,3459
2023-11-13 10:05:54,19,23,500,3459
2023-11-13 10:06:40,11,23,500,3459
2023-11-13 10:06:40,11,100,500,3459
2023-11-13 10:06:40,21,100,500,3459
2023-11-13 10:06:40,21,28,500,3459
2023-11-13 10:06:40,21,24,500,3459
2023-11-13 10:06:59,11,24,500,3459
2023-11-13 10:06:59,11,100,500,3459
2023-11-13 10:06:59,20,100,500,3459
2023-11-13 10:06:59,22,100,500,3459
2023-11-13 10:06:59,22,30,500,3459
2023-11-13 10:06:59,22,26,500,3459
2023-11-13 10:07:41,22,100,500,3459
2023-11-13 10:07:41,11,100,500,3459
2023-11-13 10:07:41,21,100,500,3459
2023-11-13 10:07:41,21,25,500,3459
2023-11-13 10:07:58,21,100,500,3459
2023-11-13 10:07:58,11,100,500,3459
2023-11-13 10:07:58,18,100,500,3459
2023-11-13 10:07:58,20,100,500,3459
2023-11-13 10:07:58,20,27,500,3459
2023-11-13 10:07:58,20,25,500,3459
2023-11-13 10:07:58,20,23,500,3459
2023-11-13 10:08:58,20,25,500,3459
2023-11-13 10:08:59,17,100,500,3459
2023-11-13 10:08:59,19,100,500,3459
2023-11-13 10:08:59,19,25,500,3459
2023-11-13 10:08:59,19,23,500,3459
2023-11-13 10:09:59,19,25,500,3459
2023-11-13 10:10:00,17,100,500,3459
2023-11-13 10:10:00,18,100,500,3459
2023-11-13 10:10:00,20,100,500,3459
2023-11-13 10:10:00,20,28,500,3459
2023-11-13 10:10:00,20,26,500,3459
2023-11-13 10:10:00,20,24,500,3459
2023-11-13 10:10:23,11,24,500,3459
2023-11-13 10:10:23,11,100,500,3459
2023-11-13 10:10:23,18,100,500,3459
2023-11-13 10:10:23,19,100,500,3459
2023-11-13 10:10:23,21,100,500,3459
2023-11-13 10:10:23,21,25,500,3459
2023-11-13 10:10:39,21,100,500,3459
2023-11-13 10:10:39,11,100,500,3459
2023-11-13 10:10:39,18,100,500,3459
2023-11-13 10:10:39,20,100,500,3459
2023-11-13 10:10:39,20,26,500,3459
2023-11-13 10:10:39,20,24,500,3459
2023-11-13 10:10:42,20,100,500,3459
2023-11-13 10:10:42,11,100,500,3459
2023-11-13 10:10:42,17,100,500,3459
2023-11-13 10:10:42,19,100,500,3459
2023-11-13 10:10:42,19,24,500,3459
2023-11-13 10:10:42,19,22,500,3459
2023-11-13 10:10:45,17,22,500,3484
2023-11-13 10:10:49,17,100,500,3484
2023-11-13 10:10:49,11,100,500,3484
2023-11-13 10:10:49,14,100,500,3484
2023-11-13 10:10:49,17,100,500,3484
2023-11-13 10:10:49,17,24,500,3484
2023-11-13 10:10:49,17,23,500,3484
2023-11-13 10:10:49,17,21,500,3484
2023-11-13 10:10:54,11,21,500,3484
2023-11-13 10:10:54,11,100,500,3484
2023-11-13 10:10:54,17,100,500,3484
2023-11-13 10:10:54,19,100,500,3484
2023-11-13 10:10:54,19,24,500,3484
2023-11-13 10:10:54,19,22,500,3484
2023-11-13 10:11:08,19,100,500,3484
2023-11-13 10:11:08,11,100,500,3484
2023-11-13 10:11:08,15,100,500,3484
2023-11-13 10:11:08,17,100,500,3484
2023-11-13 10:11:08,17,24,500,3484
2023-11-13 10:11:08,17,23,500,3484
2023-11-13 10:11:08,17,21,500,3484
2023-11-13 10:11:30,11,21,500,3484
2023-11-13 10:11:30,11,100,500,3484
2023-11-13 10:11:30,19,100,500,3484
2023-11-13 10:11:30,19,24,500,3484
2023-11-13 10:11:30,19,22,500,3484
2023-11-13 10:12:30,17,22,500,3484
2023-11-13 10:12:31,18,100,500,3484
2023-11-13 10:12:31,18,24,500,3484
2023-11-13 10:12:31,18,22,500,3484
2023-11-13 10:12:44,11,22,500,3484
2023-11-13 10:12:44,11,100,500,3484
2023-11-13 10:12:44,17,100,500,3484
2023-11-13 10:12:44,19,100,500,3484
2023-11-13 10:12:44,19,26,500,3484
2023-11-13 10:12:44,19,23,500,3484
2023-11-13 10:13:44,19,25,500,3484
2023-11-13 10:13:45,18,100,500,3484
2023-11-13 10:13:45,20,100,500,3484
2023-11-13 10:13:45,20,28,500,3484
2023-11-13 10:13:45,20,26,500,3484
2023-11-13 10:13:45,20,24,500,3484
2023-11-13 10:14:37,11,24,500,3484
2023-11-13 10:14:37,11,100,500,3484
2023-11-13 10:14:37,21,100,500,3484
2023-11-13 10:14:37,21,27,500,3484
2023-11-13 10:14:37,21,25,500,3484
2023-11-13 10:14:55,11,25,500,3484
2023-11-13 10:14:55,11,100,500,3484
2023-11-13 10:14:55,21,100,500,3484
2023-11-13 10:14:55,23,100,500,3484
2023-11-13 10:14:55,23,29,500,3484
2023-11-13 10:14:55,23,27,500,3484
2023-11-13 10:15:19,23,100,500,3484
2023-11-13 10:15:19,11,100,500,3484
2023-11-13 10:15:19,20,100,500,3484
2023-11-13 10:15:19,22,100,500,3484
2023-11-13 10:15:19,22,30,500,3484
2023-11-13 10:15:19,22,26,500,3484
2023-11-13 10:15:39,22,100,500,3484
2023-11-13 10:15:39,11,100,500,3484
2023-11-13 10:15:39,20,100,500,3484
2023-11-13 10:15:39,20,26,500,3484
2023-11-13 10:15:39,20,24,500,3484
2023-11-13 10:15:53,20,100,500,3484
2023-11-13 10:15:53,11,100,500,3484
2023-11-13 10:15:53,19,100,500,3484
2023-11-13 10:15:53,19,22,500,3484
2023-11-13 10:16:53,17,22,500,3484
2023-11-13 10:16:54,15,100,500,3484
2023-11-13 10:16:54,18,100,500,3484
2023-11-13 10:16:54,18,25,500,3484
2023-11-13 10:16:54,18,22,500,3484
2023-11-13 10:17:51,11,22,500,3484
2023-11-13 10:17:51,11,100,500,3484
2023-11-13 10:17:51,17,100,500,3484
2023-11-13 10:17:51,19,100,500,3484
2023-11-13 10:17:51,19,23,500,3484
2023-11-13 10:18:02,11,23,500,3484
2023-11-13 10:18:02,11,100,500,3484
2023-11-13 10:18:02,19,100,500,3484
2023-11-13 10:18:02,21,100,500,3484
2023-11-13 10:18:02,21,27,500,3484
2023-11-13 10:18:02,21,25,500,3484
2023-11-13 10:18:48,11,25,500,3484
2023-11-13 10:18:48,11,100,500,3484
2023-11-13 10:18:48,22,100,500,3484
2023-11-13 10:18:48,22,30,500,3484
2023-11-13 10:18:48,22,26,500,3484
2023-11-13 10:19:34,11,26,500,3484
2023-11-13 10:19:34,11,100,500,3484
2023-11-13 10:19:34,23,100,500,3484
2023-11-13 10:19:34,23,31,500,3484
2023-11-13 10:19:34,23,29,500,3484
2023-11-13 10:19:34,23,27,500,3484
2023-11-13 10:20:14,23,100,500,3484
2023-11-13 10:20:14,11,100,500,3484
2023-11-13 10:20:14,19,100,500,3484
2023-11-13 10:20:14,22,100,500,3484
2023-11-13 10:20:14,22,26,500,3484
2023-11-13 10:21:14,22,28,500,3484
2023-11-13 10:21:15,21,100,500,3484
2023-11-13 10:21:15,23,100,500,3484
2023-11-13 10:21:15,23,29,500,3484
2023-11-13 10:21:15,23,27,500,3484
2023-11-13 10:21:36,21,27,500,3584
2023-11-13 10:21:36,21,100,500,3584
2023-11-13 10:21:36,11,100,500,3584
2023-11-13 10:21:36,18,100,500,3584
2023-11-13 10:21:36,19,100,500,3584
2023-11-13 10:21:36,21,100,500,3584
2023-11-13 10:21:36,21,27,500,3584
2023-11-13 10:21:36,21,25,500,3584
2023-11-13 10:22:36,21,100,500,3584
2023-11-13 10:22:37,18,100,500,3584
2023-11-13 10:22:37,19,100,500,3584
2023-11-13 10:22:37,21,100,500,3584
2023-11-13 10:22:37,21,27,500,3584
2023-11-13 10:22:37,21,25,500,3584
2023-11-13 10:23:37,19,25,500,3584
2023-11-13 10:23:38,20,100,500,3584
2023-11-13 10:23:38,20,26,500,3584
2023-11-13 10:23:38,20,24,500,3584
2023-11-13 10:24:38,18,24,500,3584
2023-11-13 10:24:39,16,100,500,3584
2023-11-13 10:24:39,18,100,500,3584
2023-11-13 10:24:39,18,26,500,3584
2023-11-13 10:24:39,18,24,500,3584
2023-11-13 10:25:08,18,100,500,3584
2023-11-13 10:25:08,11,100,500,3584
2023-11-13 10:25:08,17,100,500,3584
2023-11-13 10:25:08,17,25,500,3584
2023-11-13 10:25:08,17,23,500,3584
2023-11-13 10:25:58,11,23,500,3584
2023-11-13 10:25:58,11,100,500,3584
2023-11-13 10:25:58,18,100,500,3584
2023-11-13 10:25:58,18,24,500,3584
2023-11-13 10:26:58,18,26,500,3584
2023-11-13 10:26:59,19,100,500,3584
2023-11-13 10:26:59,19,24,500,3584
2023-11-13 10:27:36,11,24,500,3584
2023-11-13 10:27:36,11,100,500,3584
2023-11-13 10:27:36,20,100,500,3584
2023-11-13 10:27:36,20,28,500,3584
2023-11-13 10:27:36,20,26,500,3584
2023-11-13 10:28:17,11,26,500,3584
2023-11-13 10:28:17,11,100,500,3584
2023-11-13 10:28:17,21,100,500,3584
2023-11-13 10:28:17,21,29,500,3584
2023-11-13 10:28:17,21,27,500,3584
2023-11-13 10:29:17,19,27,500,3584
2023-11-13 10:29:18,19,100,500,3584
2023-11-13 10:29:18,21,100,500,3584
2023-11-13 10:29:18,21,27,500,3584
2023-11-13 10:30:18,21,100,500,3584
2023-11-13 10:30:18,21,100,500,3584
2023-11-13 10:30:18,21,29,500,3584
2023-11-13 10:30:18,21,27,500,3584
2023-11-13 10:30:39,11,27,500,3584
2023-11-13 10:30:39,11,100,500,3584
2023-11-13 10:30:39,20,100,500,3584
2023-11-13 10:30:39,22,100,500,3584
2023-11-13 10:30:39,22,30,500,3584
2023-11-13 10:30:39,22,28,500,3584
2023-11-13 10:30:48,22,100,500,3584
2023-11-13 10:30:48,11,100,500,3584
2023-11-13 10:30:48,21,100,500,3584
2023-11-13 10:30:48,21,29,500,3584
2023-11-13 10:30:48,21,27,500,3584
2023-11-13 10:30:55,21,100,500,3584
2023-11-13 10:30:55,11,100,500,3584
2023-11-13 10:30:55,19,100,500,3584
2023-11-13 10:30:55,19,25,500,3584
2023-11-13 10:31:13,11,25,500,3584
2023-11-13 10:31:13,11,100,500,3584
2023-11-13 10:31:13,21,100,500,3584
2023-11-13 10:31:13,21,29,500,3584
2023-11-13 10:31:13,21,27,500,3584
2023-11-13 10:31:48,11,27,500,3584
2023-11-13 10:31:48,11,100,500,3584
2023-11-13 10:31:48,22,100,500,3584
2023-11-13 10:31:48,22,28,500,3584
2023-11-13 10:32:26,11,28,500,3584
2023-11-13 10:32:26,11,100,500,3584
2023-11-13 10:32:26,23,100,500,3584
2023-11-13 10:32:26,23,31,500,3584
2023-11-13 10:32:26,23,29,500,3584
2023-11-13 10:33:26,23,100,500,3584
2023-11-13 10:33:26,23,100,500,3584
2023-11-13 10:33:26,23,29,500,3584
2023-11-13 10:33:36,11,29,500,3584
2023-11-13 10:33:36,11,100,500,3584
2023-11-13 10:33:36,25,100,500,3584
2023-11-13 10:33:36,25,32,500,3584
2023-11-13 10:33:36,25,30,500,3584
2023-11-13 10:33:55,25,100,500,3584
2023-11-13 10:33:55,11,100,500,3584
2023-11-13 10:33:55,23,100,500,3584
2023-11-13 10:33:55,23,29,500,3584
2023-11-13 10:34:12,23,100,500,3584
2023-11-13 10:34:12,11,100,500,3584
2023-11-13 10:34:12,22,100,500,3584
2023-11-13 10:34:12,22,29,500,3584
2023-11-13 10:34:12,22,27,500,3584
2023-11-13 10:34:30,11,27,500,3584
2023-11-13 10:34:30,11,100,500,3584
2023-11-13 10:34:30,21,100,500,3584
2023-11-13 10:34:30,23,100,500,3584
2023-11-13 10:34:30,23,29,500,3584
2023-11-13 10:34:43,11,29,500,3584
2023-11-13 10:34:43,11,100,500,3584
2023-11-13 10:34:43,22,100,500,3584
2023-11-13 10:34:43,24,100,500,3584
2023-11-13 10:34:43,24,32,500,3584
2023-11-13 10:34:43,24,30,500,3584
2023-11-13 10:35:43,22,30,500,3584
2023-11-13 10:35:44,22,100,500,3584
2023-11-13 10:35:44,24,100,500,3584
2023-11-13 10:35:44,24,30,500,3584
2023-11-13 10:36:27,11,30,500,3584
2023-11-13 10:36:27,11,100,500,3584
2023-11-13 10:36:27,23,100,500,3584
2023-11-13 10:36:27,25,100,500,3584
2023-11-13 10:36:27,25,31,500,3584
2023-11-13 10:36:51,25,100,500,3584
2023-11-13 10:36:51,11,100,500,3584
2023-11-13 10:36:51,24,100,500,3584
2023-11-13 10:36:51,24,32,500,3584
2023-11-13 10:36:51,24,30,500,3584
2023-11-13 10:37:51,24,32,500,3584
2023-11-13 10:37:52,25,100,500,3584
2023-11-13 10:37:52,25,33,500,3584
2023-11-13 10:37:52,25,31,500,3584
2023-11-13 10:38:15,25,100,500,3584
2023-11-13 10:38:15,11,100,500,3584
2023-11-13 10:38:15,24,100,500,3584
2023-11-13 10:38:15,24,29,500,3584
2023-11-13 10:39:15,11,29,500,3584
2023-11-13 10:39:16,22,100,500,3584
2023-11-13 10:39:16,24,100,500,3584
2023-11-13 10:39:16,24,32,500,3584
2023-11-13 10:39:16,24,30,500,3584
2023-11-13 10:39:38,24,100,500,3584
2023-11-13 10:39:38,11,100,500,3584
2023-11-13 10:39:38,23,100,500,3584
2023-11-13 10:39:38,23,29,500,3584
2023-11-13 10:40:38,21,29,500,3584
2023-11-13 10:40:39,21,100,500,3584
2023-11-13 10:40:39,23,100,500,3584
2023-11-13 10:40:39,23,31,500,3584
2023-11-13 10:40:39,23,29,500,3584
2023-11-13 10:40:57,23,100,500,3584
2023-11-13 10:40:57,11,100,500,3584
2023-11-13 10:40:57,20,100,500,3584
2023-11-13 10:40:57,22,100,500,3584
2023-11-13 10:40:57,22,29,500,3584
2023-11-13 10:40:57,22,27,500,3584
2023-11-13 10:41:10,11,27,500,3584
2023-11-13 10:41:10,11,100,500,3584
2023-11-13 10:41:10,23,100,500,3584
2023-11-13 10:41:10,23,29,500,3584
2023-11-13 10:42:10,21,29,500,3584
2023-11-13 10:42:11,23,100,500,3584
2023-11-13 10:42:11,23,29,500,3584
2023-11-13 10:43:11,23,100,500,3584
2023-11-13 10:43:12,23,100,500,3584
2023-11-13 10:43:12,23,29,500,3584
2023-11-13 10:43:40,11,29,500,3584
2023-11-13 10:43:40,11,100,500,3584
2023-11-13 10:43:40,23,100,500,3584
2023-11-13 10:43:40,25,100,500,3584
2023-11-13 10:43:40,25,32,500,3584
2023-11-13 10:43:40,25,30,500,3584
2023-11-13 10:44:40,25,32,500,3584
2023-11-13 10:44:41,24,100,500,3584
2023-11-13 10:44:41,24,32,500,3584
2023-11-13 10:44:41,24,30,500,3584
2023-11-13 10:45:15,11,30,500,3584
2023-11-13 10:45:15,11,100,500,3584
2023-11-13 10:45:15,23,100,500,3584
2023-11-13 10:45:15,25,100,500,3584
2023-11-13 10:45:15,25,33,500,3584
2023-11-13 10:45:15,25,31,500,3584
2023-11-13 10:45:23,25,100,500,3584
2023-11-13 10:45:23,11,100,500,3584
2023-11-13 10:45:23,24,100,500,3584
2023-11-13 10:45:23,24,30,500,3584
2023-11-13 10:45:37,11,30,500,3584
2023-11-13 10:45:37,11,100,500,3584
2023-11-13 10:45:37,23,100,500,3584
2023-11-13 10:45:37,25,100,500,3584
2023-11-13 10:45:37,25,31,500,3584
2023-11-13 10:46:05,11,31,500,3584
2023-11-13 10:46:05,11,100,500,3584
2023-11-13 10:46:05,27,100,500,3584
2023-11-13 10:46:05,27,35,500,3584
2023-11-13 10:46:05,27,33,500,3584
2023-11-13 10:46:56,11,33,500,3584
2023-11-13 10:46:56,11,100,500,3584
2023-11-13 10:46:56,26,100,500,3584
2023-11-13 10:46:56,28,100,500,3584
2023-11-13 10:46:56,28,34,500,3584
2023-11-13 10:47:30,11,34,500,3584
2023-11-13 10:47:30,11,100,500,3584
2023-11-13 10:47:30,28,100,500,3584
2023-11-13 10:47:30,28,35,500,3584
2023-11-13 10:48:06,28,100,500,3584
2023-11-13 10:48:06,11,100,500,3584
2023-11-13 10:48:06,26,100,500,3584
2023-11-13 10:48:06,28,100,500,3584
2023-11-13 10:48:06,28,36,500,3584
2023-11-13 10:48:06,28,34,500,3584
2023-11-13 10:48:12,28,100,500,3584
2023-11-13 10:48:12,11,100,500,3584
2023-11-13 10:48:12,25,100,500,3584
2023-11-13 10:48:12,27,100,500,3584
2023-11-13 10:48:12,27,34,500,3584
2023-11-13 10:48:12,27,32,500,3584
2023-11-13 10:49:12,25,32,500,3584
2023-11-13 10:49:13,24,100,500,3584
2023-11-13 10:49:13,26,100,500,3584
2023-11-13 10:49:13,26,34,500,3584
2023-11-13 10:49:13,26,32,500,3584
2023-11-13 10:49:56,26,100,500,3584
2023-11-13 10:49:56,11,100,500,3584
2023-11-13 10:49:56,25,100,500,3584
2023-11-13 10:49:56,25,33,500,3584
2023-11-13 10:49:56,25,31,500,3584
2023-11-13 10:50:12,25,100,500,3584
2023-11-13 10:50:12,11,100,500,3584
2023-11-13 10:50:12,24,100,500,3584
2023-11-13 10:50:12,24,29,500,3584
2023-11-13 10:50:29,11,29,500,3584
2023-11-13 10:50:29,11,100,500,3584
2023-11-13 10:50:29,23,100,500,3584
2023-11-13 10:50:29,25,100,500,3584
2023-11-13 10:50:29,25,31,500,3584
2023-11-13 10:51:22,11,31,500,3584
2023-11-13 10:51:22,11,100,500,3584
2023-11-13 10:51:22,26,100,500,3584
2023-11-13 10:51:22,26,34,500,3584
2023-11-13 10:51:22,26,32,500,3584
2023-11-13 10:52:17,11,32,500,3584
2023-11-13 10:52:17,11,100,500,3584
2023-11-13 10:52:17,25,100,500,3584
2023-11-13 10:52:17,27,100,500,3584
2023-11-13 10:52:17,27,33,500,3584
2023-11-13 10:52:32,11,33,500,3584
2023-11-13 10:52:32,11,100,500,3584
2023-11-13 10:52:32,27,100,500,3584
2023-11-13 10:52:32,28,100,500,3584
2023-11-13 10:52:32,28,34,500,3584
2023-11-13 10:53:10,11,34,500,3584
2023-11-13 10:53:10,11,100,500,3584
2023-11-13 10:53:10,28,100,500,3584
2023-11-13 10:53:10,30,100,500,3584
2023-11-13 10:53:10,30,38,500,3584
2023-11-13 10:53:10,30,36,500,3584
2023-11-13 10:53:38,11,36,500,3584
2023-11-13 10:53:38,11,100,500,3584
2023-11-13 10:53:38,28,100,500,3584
2023-11-13 10:53:38,31,100,500,3584
2023-11-13 10:53:38,31,39,500,3584
2023-11-13 10:53:38,31,37,500,3584
2023-11-13 10:54:38,28,37,500,3584
2023-11-13 10:54:39,32,100,500,3584
2023-11-13 10:54:39,32,41,500,3584
2023-11-13 10:54:39,32,38,500,3584
2023-11-13 10:55:01,32,100,500,3584
2023-11-13 10:55:01,11,100,500,3584
2023-11-13 10:55:01,28,100,500,3584
2023-11-13 10:55:01,30,100,500,3584
2023-11-13 10:55:01,30,38,500,3584
2023-11-13 10:55:01,30,36,500,3584
2023-11-13 10:55:43,11,36,500,3584
2023-11-13 10:55:43,11,100,500,3584
2023-11-13 10:55:43,31,100,500,3584
2023-11-13 10:55:43,31,39,500,3584
2023-11-13 10:55:43,31,37,500,3584
2023-11-13 10:55:45,31,100,500,3584
2023-11-13 10:55:45,11,100,500,3584
2023-11-13 10:55:45,27,100,500,3584
2023-11-13 10:55:45,28,100,500,3584
2023-11-13 10:55:45,28,35,500,3584
2023-11-13 10:56:37,11,35,500,3584
2023-11-13 10:56:37,11,100,500,3584
2023-11-13 10:56:37,28,100,500,3584
2023-11-13 10:56:37,31,100,500,3584
2023-11-13 10:56:37,31,37,500,3584
2023-11-13 10:57:08,31,100,500,3584
2023-11-13 10:57:08,11,100,500,3584
2023-11-13 10:57:08,28,100,500,3584
2023-11-13 10:57:08,28,37,500,3584
2023-11-13 10:57:08,28,35,500,3584
2023-11-13 10:57:42,28,100,500,3584
2023-11-13 10:57:42,11,100,500,3584
2023-11-13 10:57:42,26,100,500,3584
2023-11-13 10:57:42,28,100,500,3584
2023-11-13 10:57:42,28,36,500,3584
2023-11-13 10:57:42,28,34,500,3584
2023-11-13 10:58:10,28,100,500,3584
2023-11-13 10:58:10,11,100,500,3584
2023-11-13 10:58:10,27,100,500,3584
2023-11-13 10:58:10,27,33,500,3584
2023-11-13 10:59:10,11,33,500,3584
2023-11-13 10:59:11,27,100,500,3584
2023-11-13 10:59:11,27,35,500,3584
2023-11-13 10:59:11,27,33,500,3584
2023-11-13 10:59:25,30,33,500,3584
2023-11-13 11:00:11,30,100,500,3584
2023-11-13 11:00:11,30,34,500,3584
2023-11-13 11:00:27,30,100,500,3584
2023-11-13 11:00:27,30,35,500,3584
2023-11-13 11:01:13,30,100,500,3584
2023-11-13 11:01:13,31,100,500,3584
2023-11-13 11:01:13,31,38,500,3584
2023-11-13 11:01:13,31,36,500,3584
2023-11-13 11:01:20,30,36,500,3584
2023-11-13 11:01:20,30,100,500,3584
2023-11-13 11:01:20,32,100,500,3584
2023-11-13 11:01:20,32,40,500,3584
2023-11-13 11:01:20,32,38,500,3584
2023-11-13 11:01:54,32,100,500,3584
2023-11-13 11:01:54,30,100,500,3584
2023-11-13 11:01:54,31,100,500,3584
2023-11-13 11:01:54,31,38,500,3584
2023-11-13 11:01:54,31,36,500,3584
2023-11-13 11:02:18,31,100,500,3584
2023-11-13 11:02:18,30,100,500,3584
2023-11-13 11:02:18,30,34,500,3584
2023-11-13 11:03:18,30,100,500,3584
2023-11-13 11:03:19,30,36,500,3584
2023-11-13 11:03:19,30,34,500,3584
2023-11-13 11:04:19,30,36,500,3584
2023-11-13 11:04:19,30,36,500,3584
2023-11-13 11:04:19,30,34,500,3584
2023-11-13 11:05:10,30,100,500,3584
2023-11-13 11:05:10,30,35,500,3584
2023-11-13 11:05:10,30,33,500,3584
2023-11-13 11:05:12,27,33,520,3634
2023-11-13 11:06:10,25,33,520,3634
2023-11-13 11:06:11,25,100,520,3634
2023-11-13 11:06:11,27,100,520,3634
2023-11-13 11:06:11,27,32,520,3634
2023-11-13 11:06:43,11,32,520,3634
2023-11-13 11:06:43,11,100,520,3634
2023-11-13 11:06:43,26,100,520,3634
2023-11-13 11:06:43,28,100,520,3634
2023-11-13 11:06:43,28,34,520,3634
2023-11-13 11:07:43,28,36,520,3634
2023-11-13 11:07:44,28,100,520,3634
2023-11-13 11:07:44,28,36,520,3634
2023-11-13 11:07:44,28,34,520,3634
2023-11-13 11:08:01,11,34,520,3634
2023-11-13 11:08:01,11,100,520,3634
2023-11-13 11:08:01,28,100,520,3634
2023-11-13 11:08:01,30,100,520,3634
2023-11-13 11:08:01,30,38,520,3634
2023-11-13 11:08:01,30,36,520,3634
2023-11-13 11:08:44,11,36,520,3634
2023-11-13 11:08:44,11,100,520,3634
2023-11-13 11:08:44,31,100,520,3634
2023-11-13 11:08:44,31,37,520,3634
2023-11-13 11:09:19,31,100,520,3634
2023-11-13 11:09:19,11,100,520,3634
2023-11-13 11:09:19,28,100,520,3634
2023-11-13 11:09:19,30,100,520,3634
2023-11-13 11:09:19,30,36,520,3634
2023-11-13 11:09:53,11,36,520,3634
2023-11-13 11:09:53,11,100,520,3634
2023-11-13 11:09:53,28,100,520,3634
2023-11-13 11:09:53,31,100,520,3634
2023-11-13 11:09:53,31,37,520,3634
2023-11-13 11:10:29,31,100,520,3634
2023-11-13 11:10:29,11,100,520,3634
2023-11-13 11:10:29,28,100,520,3634
2023-11-13 11:10:29,30,100,520,3634
2023-11-13 11:10:29,30,38,520,3634
2023-11-13 11:10:29,30,36,520,3634
2023-11-13 11:11:12,11,36,520,3634
2023-11-13 11:11:12,11,100,520,3634
2023-11-13 11:11:12,31,100,520,3634
2023-11-13 11:11:12,31,37,520,3634
2023-11-13 11:12:12,31,39,520,3634
2023-11-13 11:12:13,30,100,520,3634
2023-11-13 11:12:13,32,100,520,3634
2023-11-13 11:12:13,32,38,520,3634
2023-11-13 11:13:11,11,38,520,3634
2023-11-13 11:13:11,11,100,520,3634
2023-11-13 11:13:11,31,100,520,3634
2023-11-13 11:13:11,33,100,520,3634
2023-11-13 11:13:11,33,41,520,3634
2023-11-13 11:13:11,33,39,520,3634
2023-11-13 11:13:28,33,100,520,3634
2023-11-13 11:13:28,11,100,520,3634
2023-11-13 11:13:28,32,100,520,3634
2023-11-13 11:13:28,32,38,520,3634
2023-11-13 11:13:53,11,38,520,3634
2023-11-13 11:13:53,11,100,520,3634
2023-11-13 11:13:53,31,100,520,3634
2023-11-13 11:13:53,33,100,520,3634
2023-11-13 11:13:53,33,41,520,3634
2023-11-13 11:13:53,33,39,520,3634
2023-11-13 11:14:25,11,39,520,3634
2023-11-13 11:14:25,11,100,520,3634
2023-11-13 11:14:25,32,100,520,3634
2023-11-13 11:14:25,34,100,520,3634
2023-11-13 11:14:25,34,40,520,3634
2023-11-13 11:15:25,11,40,520,3634
2023-11-13 11:15:26,35,100,520,3634
2023-11-13 11:15:26,35,41,520,3634
2023-11-13 11:15:51,35,100,520,3634
2023-11-13 11:15:51,11,100,520,3634
2023-11-13 11:15:51,30,100,520,3634
2023-11-13 11:15:51,30,41,520,3634
2023-11-13 11:16:08,30,100,520,3634
2023-11-13 11:16:08,11,100,520,3634
2023-11-13 11:16:08,31,100,520,3634
2023-11-13 11:16:08,31,39,520,3634
2023-11-13 11:16:08,31,37,520,3634
2023-11-13 11:16:17,31,100,520,3634
2023-11-13 11:16:17,11,100,520,3634
2023-11-13 11:16:17,23,100,520,3634
2023-11-13 11:16:17,25,100,520,3634
2023-11-13 11:16:17,25,38,520,3634
2023-11-13 11:16:17,25,36,520,3634
2023-11-13 11:16:53,11,36,520,3634
2023-11-13 11:16:53,11,100,520,3634
2023-11-13 11:16:53,27,100,520,3634
2023-11-13 11:16:53,28,100,520,3634
2023-11-13 11:16:53,28,37,520,3634
2023-11-13 11:16:53,28,35,520,3634
2023-11-13 11:17:19,11,35,520,3634
2023-11-13 11:17:19,11,100,520,3634
2023-11-13 11:17:19,30,100,520,3634
2023-11-13 11:17:19,30,38,520,3634
2023-11-13 11:17:19,30,36,520,3634
2023-11-13 11:17:30,11,36,520,3634
2023-11-13 11:17:30,11,100,520,3634
2023-11-13 11:17:30,32,100,520,3634
2023-11-13 11:17:30,32,37,520,3634
2023-11-13 11:18:12,11,37,520,3634
2023-11-13 11:18:12,11,100,520,3634
2023-11-13 11:18:12,31,100,520,3634
2023-11-13 11:18:12,33,100,520,3634
2023-11-13 11:18:12,33,43,520,3634
2023-11-13 11:18:12,33,39,520,3634
2023-11-13 11:19:06,11,39,520,3634
2023-11-13 11:19:06,11,100,520,3634
2023-11-13 11:19:06,34,100,520,3634
2023-11-13 11:19:06,34,40,520,3634
2023-11-13 11:19:21,34,100,520,3634
2023-11-13 11:19:21,11,100,520,3634
2023-11-13 11:19:21,31,100,520,3634
2023-11-13 11:19:21,33,100,520,3634
2023-11-13 11:19:21,33,39,520,3634
2023-11-13 11:19:42,33,100,520,3634
2023-11-13 11:19:42,11,100,520,3634
2023-11-13 11:19:42,31,100,520,3634
2023-11-13 11:19:42,31,37,520,3634
2023-11-13 11:20:15,31,100,520,3634
2023-11-13 11:20:15,11,100,520,3634
2023-11-13 11:20:15,30,100,520,3634
2023-11-13 11:20:15,30,36,520,3634
2023-11-13 11:21:15,30,38,520,3634
2023-11-13 11:21:16,28,100,520,3634
2023-11-13 11:21:16,30,100,520,3634
2023-11-13 11:21:16,30,38,520,3634
2023-11-13 11:21:16,30,36,520,3634
2023-11-13 11:21:43,11,36,520,3634
2023-11-13 11:21:43,11,100,520,3634
2023-11-13 11:21:43,28,100,520,3634
2023-11-13 11:21:43,31,100,520,3634
2023-11-13 11:21:43,31,39,520,3634
2023-11-13 11:21:43,31,37,520,3634
2023-11-13 11:22:16,11,37,520,3634
2023-11-13 11:22:16,11,100,520,3634
2023-11-13 11:22:16,32,100,520,3634
2023-11-13 11:22:16,32,40,520,3634
2023-11-13 11:22:16,32,38,520,3634
2023-11-13 11:22:52,11,38,520,3634
2023-11-13 11:22:52,11,100,520,3634
2023-11-13 11:22:52,32,100,520,3634
2023-11-13 11:22:52,34,100,520,3634
2023-11-13 11:22:52,34,43,520,3634
2023-11-13 11:22:52,34,40,520,3634
2023-11-13 11:23:23,11,40,520,3634
2023-11-13 11:23:23,11,100,520,3634
2023-11-13 11:23:23,35,100,520,3634
2023-11-13 11:23:23,35,44,520,3634
2023-11-13 11:23:23,35,41,520,3634
2023-11-13 11:23:42,11,41,520,3634
2023-11-13 11:23:42,11,100,520,3634
2023-11-13 11:23:42,36,100,520,3634
2023-11-13 11:23:42,36,43,520,3634
2023-11-13 11:24:21,11,43,520,3634
2023-11-13 11:24:21,11,100,520,3634
2023-11-13 11:24:21,36,100,520,3634
2023-11-13 11:24:21,38,100,520,3634
2023-11-13 11:24:21,38,44,520,3634
2023-11-13 11:24:39,11,44,520,3634
2023-11-13 11:24:39,11,100,520,3634
2023-11-13 11:24:39,37,100,520,3634
2023-11-13 11:24:39,39,100,520,3634
2023-11-13 11:24:39,39,45,520,3634
2023-11-13 11:24:46,39,100,520,3634
2023-11-13 11:24:46,11,100,520,3634
2023-11-13 11:24:46,36,100,520,3634
2023-11-13 11:24:46,38,100,520,3634
2023-11-13 11:24:46,38,46,520,3634
2023-11-13 11:24:46,38,44,520,3634
2023-11-13 11:25:46,11,44,520,3634
2023-11-13 11:25:47,37,100,520,3634
2023-11-13 11:25:47,39,100,520,3634
2023-11-13 11:25:47,39,48,520,3634
2023-11-13 11:25:47,39,45,520,3634
2023-11-13 11:26:45,11,45,520,3634
2023-11-13 11:26:45,11,100,520,3634
2023-11-13 11:26:45,38,100,520,3634
2023-11-13 11:26:45,40,100,520,3634
2023-11-13 11:26:45,40,49,520,3634
2023-11-13 11:26:45,40,46,520,3634
2023-11-13 11:27:45,38,46,520,3634
2023-11-13 11:27:46,41,100,520,3634
2023-11-13 11:27:46,41,50,520,3634
2023-11-13 11:27:46,41,47,520,3634
2023-11-13 11:28:46,41,100,520,3634
2023-11-13 11:28:46,41,100,520,3634
2023-11-13 11:28:46,41,49,520,3634
2023-11-13 11:28:46,41,47,520,3634
2023-11-13 11:28:55,11,47,520,3634
2023-11-13 11:28:55,11,100,520,3634
2023-11-13 11:28:55,42,100,520,3634
2023-11-13 11:28:55,42,51,520,3634
2023-11-13 11:28:55,42,48,520,3634
2023-11-13 11:29:55,42,51,520,3634
2023-11-13 11:29:56,43,100,520,3634
2023-11-13 11:29:56,43,49,520,3634
2023-11-13 11:30:15,43,100,520,3634
2023-11-13 11:30:15,11,100,520,3634
2023-11-13 11:30:15,42,100,520,3634
2023-11-13 11:30:15,42,48,520,3634
2023-11-13 11:30:23,42,100,520,3634
2023-11-13 11:30:23,11,100,520,3634
2023-11-13 11:30:23,38,100,520,3634
2023-11-13 11:30:23,40,100,520,3634
2023-11-13 11:30:23,40,46,520,3634
2023-11-13 11:31:23,38,46,520,3634
2023-11-13 11:31:24,41,100,520,3634
2023-11-13 11:31:24,41,47,520,3634
2023-11-13 11:31:30,11,47,520,3634
2023-11-13 11:31:30,11,100,520,3634
2023-11-13 11:31:30,42,100,520,3634
2023-11-13 11:31:30,42,48,520,3634
2023-11-13 11:32:05,42,50,500,3684
2023-11-13 11:32:11,11,50,500,3684
2023-11-13 11:32:11,11,100,500,3684
2023-11-13 11:32:11,44,100,500,3684
2023-11-13 11:32:11,44,49,500,3684
2023-11-13 11:33:08,44,52,500,3709
2023-11-13 11:33:11,44,100,500,3709
2023-11-13 11:33:12,41,100,500,3709
2023-11-13 11:33:12,44,100,500,3709
2023-11-13 11:33:12,44,52,500,3709
2023-11-13 11:33:12,44,50,500,3709
2023-11-13 11:33:34,44,52,500,3734
2023-11-13 11:34:10,40,52,500,3734
2023-11-13 11:34:10,40,100,500,3734
2023-11-13 11:34:10,44,100,500,3734
2023-11-13 11:34:10,46,100,500,3734
2023-11-13 11:34:10,46,55,500,3734
2023-11-13 11:34:10,46,52,500,3734
2023-11-13 11:34:34,46,100,500,3734
2023-11-13 11:34:34,40,100,500,3734
2023-11-13 11:34:34,44,100,500,3734
2023-11-13 11:34:34,44,53,500,3734
2023-11-13 11:34:34,44,50,500,3734
2023-11-13 11:35:20,44,100,500,3734
2023-11-13 11:35:20,40,100,500,3734
2023-11-13 11:35:20,43,100,500,3734
2023-11-13 11:35:20,43,52,500,3734
2023-11-13 11:35:20,43,49,500,3734
2023-11-13 11:35:54,43,100,500,3734
2023-11-13 11:35:54,40,100,500,3734
2023-11-13 11:35:54,41,100,500,3734
2023-11-13 11:35:54,41,50,500,3734
2023-11-13 11:35:54,41,47,500,3734
2023-11-13 11:36:42,40,47,500,3734
2023-11-13 11:36:42,40,100,500,3734
2023-11-13 11:36:42,43,100,500,3734
2023-11-13 11:36:42,43,52,500,3734
2023-11-13 11:36:42,43,49,500,3734
2023-11-13 11:37:38,43,100,500,3734
2023-11-13 11:37:38,40,100,500,3734
2023-11-13 11:37:38,41,100,500,3734
2023-11-13 11:37:38,41,49,500,3734
2023-11-13 11:37:38,41,47,500,3734
2023-11-13 11:38:34,40,47,500,3734
2023-11-13 11:38:34,40,100,500,3734
2023-11-13 11:38:34,43,100,500,3734
2023-11-13 11:38:34,43,49,500,3734
2023-11-13 11:38:57,40,49,500,3734
2023-11-13 11:38:57,40,100,500,3734
2023-11-13 11:38:57,44,100,500,3734
2023-11-13 11:38:57,44,50,500,3734
2023-11-13 11:39:47,44,100,500,3734
2023-11-13 11:39:47,40,100,500,3734
2023-11-13 11:39:47,41,100,500,3734
2023-11-13 11:39:47,43,100,500,3734
2023-11-13 11:39:47,43,51,500,3734
2023-11-13 11:39:47,43,49,500,3734
2023-11-13 11:40:48,43,100,500,3734
2023-11-13 11:40:48,43,100,500,3734
2023-11-13 11:40:48,43,49,500,3734
2023-11-13 11:41:21,40,49,500,3734
2023-11-13 11:41:21,40,100,500,3734
2023-11-13 11:41:21,41,100,500,3734
2023-11-13 11:41:21,44,100,500,3734
2023-11-13 11:41:21,44,53,500,3734
2023-11-13 11:41:21,44,50,500,3734
2023-11-13 11:41:29,44,53,500,3784
2023-11-13 11:41:32,40,53,500,3784
2023-11-13 11:41:32,40,100,500,3784
2023-11-13 11:41:32,44,100,500,3784
2023-11-13 11:41:32,46,100,500,3784
2023-11-13 11:41:32,46,52,500,3784
2023-11-13 11:41:44,40,52,500,3784
2023-11-13 11:41:44,40,100,500,3784
2023-11-13 11:41:44,45,100,500,3784
2023-11-13 11:41:44,47,100,500,3784
2023-11-13 11:41:44,47,53,500,3784
2023-11-13 11:42:44,45,53,500,3784
2023-11-13 11:42:45,46,100,500,3784
2023-11-13 11:42:45,48,100,500,3784
2023-11-13 11:42:45,48,54,500,3784
2023-11-13 11:43:28,40,54,500,3784
2023-11-13 11:43:28,40,100,500,3784
2023-11-13 11:43:28,49,100,500,3784
2023-11-13 11:43:28,49,55,500,3784
2023-11-13 11:43:37,49,58,500,3834
2023-11-13 11:44:28,46,58,500,3834
2023-11-13 11:44:29,50,100,500,3834
2023-11-13 11:44:29,50,58,500,3834
2023-11-13 11:44:29,50,55,500,3834
2023-11-13 11:45:18,50,58,500,3859
2023-11-13 11:45:22,40,58,500,3859
2023-11-13 11:45:22,40,100,500,3859
2023-11-13 11:45:22,49,100,500,3859
2023-11-13 11:45:22,51,100,500,3859
2023-11-13 11:45:22,51,59,500,3859
2023-11-13 11:45:22,51,57,500,3859
2023-11-13 11:45:27,51,59,500,3909
2023-11-13 11:45:28,40,59,500,3909
2023-11-13 11:45:28,40,100,500,3909
2023-11-13 11:45:28,53,100,500,3909
2023-11-13 11:45:28,53,58,500,3909
2023-11-13 11:45:35,53,100,500,3909
2023-11-13 11:45:35,40,100,500,3909
2023-11-13 11:45:35,49,100,500,3909
2023-11-13 11:45:35,51,100,500,3909
2023-11-13 11:45:35,51,57,500,3909
2023-11-13 11:45:52,40,57,500,3909
2023-11-13 11:45:52,40,100,500,3909
2023-11-13 11:45:52,51,100,500,3909
2023-11-13 11:45:52,53,100,500,3909
2023-11-13 11:45:52,53,58,500,3909
2023-11-13 11:46:09,53,60,500,3934
2023-11-13 11:46:11,45,60,500,3934
2023-11-13 11:46:11,45,100,500,3934
2023-11-13 11:46:11,54,100,500,3934
2023-11-13 11:46:11,54,62,500,3934
2023-11-13 11:46:11,54,60,500,3934
2023-11-13 11:46:33,11,60,500,3934
2023-11-13 11:46:33,11,100,500,3934
2023-11-13 11:46:33,53,100,500,3934
2023-11-13 11:46:33,55,100,500,3934
2023-11-13 11:46:33,55,61,500,3934
2023-11-13 11:46:37,11,61,500,3934
2023-11-13 11:46:37,11,100,500,3934
2023-11-13 11:46:37,56,100,500,3934
2023-11-13 11:46:37,56,64,500,3934
2023-11-13 11:46:37,56,62,500,3934
2023-11-13 11:47:37,56,64,500,3934
2023-11-13 11:47:38,56,100,500,3934
2023-11-13 11:47:38,56,65,500,3934
2023-11-13 11:47:38,56,63,500,3934
2023-11-13 11:47:48,56,65,589,4059
2023-11-13 11:47:48,11,65,589,4059
2023-11-13 11:47:48,11,100,589,4059
2023-11-13 11:47:48,55,100,589,4059
2023-11-13 11:47:48,56,100,589,4059
2023-11-13 11:47:48,56,68,589,4059
2023-11-13 11:47:56,11,68,589,4059
2023-11-13 11:47:56,11,100,589,4059
2023-11-13 11:47:56,59,100,589,4059
2023-11-13 11:47:56,61,100,589,4059
2023-11-13 11:47:56,61,69,589,4059
2023-11-13 11:47:56,61,67,589,4059
2023-11-13 11:48:20,61,100,589,4059
2023-11-13 11:48:20,11,100,589,4059
2023-11-13 11:48:20,60,100,589,4059
2023-11-13 11:48:20,60,66,589,4059
2023-11-13 11:49:13,60,100,589,4059
2023-11-13 11:49:13,11,100,589,4059
2023-11-13 11:49:13,54,100,589,4059
2023-11-13 11:49:13,54,67,589,4059
2023-11-13 11:49:13,54,65,589,4059
2023-11-13 11:49:40,54,100,589,4059
2023-11-13 11:49:40,11,100,589,4059
2023-11-13 11:49:40,55,100,589,4059
2023-11-13 11:49:40,55,61,589,4059
2023-11-13 11:50:16,11,61,589,4059
2023-11-13 11:50:16,11,100,589,4059
2023-11-13 11:50:16,56,100,589,4059
2023-11-13 11:50:16,56,63,589,4059
2023-11-13 11:50:46,56,100,589,4059
2023-11-13 11:50:46,11,100,589,4059
2023-11-13 11:50:46,52,100,589,4059
2023-11-13 11:50:46,55,100,589,4059
2023-11-13 11:50:46,55,63,589,4059
2023-11-13 11:50:46,55,61,589,4059
2023-11-13 11:50:50,11,61,589,4059
2023-11-13 11:50:50,11,100,589,4059
2023-11-13 11:50:50,54,100,589,4059
2023-11-13 11:50:50,56,100,589,4059
2023-11-13 11:50:50,56,63,589,4059
2023-11-13 11:51:31,56,100,589,4059
2023-11-13 11:51:31,11,100,589,4059
2023-11-13 11:51:31,55,100,589,4059
2023-11-13 11:51:31,55,63,589,4059
2023-11-13 11:51:31,55,61,589,4059
2023-11-13 11:51:38,55,100,589,4059
2023-11-13 11:51:38,11,100,589,4059
2023-11-13 11:51:38,52,100,589,4059
2023-11-13 11:51:38,54,100,589,4059
2023-11-13 11:51:38,54,60,589,4059
2023-11-13 11:52:04,11,60,589,4059
2023-11-13 11:52:04,11,100,589,4059
2023-11-13 11:52:04,53,100,589,4059
2023-11-13 11:52:04,56,100,589,4059
2023-11-13 11:52:04,56,63,589,4059
2023-11-13 11:52:04,56,61,589,4059
2023-11-13 11:52:27,56,100,589,4059
2023-11-13 11:52:27,11,100,589,4059
2023-11-13 11:52:27,54,100,589,4059
2023-11-13 11:52:27,54,62,589,4059
2023-11-13 11:52:27,54,60,589,4059
2023-11-13 11:53:27,52,60,589,4059
2023-11-13 11:53:28,54,100,589,4059
2023-11-13 11:53:28,54,60,589,4059
2023-11-13 11:54:28,54,100,589,4059
2023-11-13 11:54:29,55,100,589,4059
2023-11-13 11:54:29,55,61,589,4059
2023-11-13 11:55:29,55,100,589,4059
2023-11-13 11:55:30,56,100,589,4059
2023-11-13 11:55:30,56,61,589,4059
2023-11-13 11:56:09,11,61,589,4059
2023-11-13 11:56:09,11,100,589,4059
2023-11-13 11:56:09,56,100,589,4059
2023-11-13 11:56:09,56,65,589,4059
2023-11-13 11:56:09,56,63,589,4059
2023-11-13 11:56:39,11,63,589,4059
2023-11-13 11:56:39,11,100,589,4059
2023-11-13 11:56:39,55,100,589,4059
2023-11-13 11:56:39,57,100,589,4059
2023-11-13 11:56:39,57,64,589,4059
2023-11-13 11:57:22,57,100,589,4059
2023-11-13 11:57:22,11,100,589,4059
2023-11-13 11:57:22,54,100,589,4059
2023-11-13 11:57:22,56,100,589,4059
2023-11-13 11:57:22,56,65,589,4059
2023-11-13 11:57:22,56,63,589,4059
2023-11-13 11:58:06,11,63,589,4059
2023-11-13 11:58:06,11,100,589,4059
2023-11-13 11:58:06,57,100,589,4059
2023-11-13 11:58:06,57,66,589,4059
2023-11-13 11:58:06,57,64,589,4059
2023-11-13 11:59:06,56,64,589,4059
2023-11-13 11:59:07,59,100,589,4059
2023-11-13 11:59:07,59,66,589,4059
2023-11-13 11:59:07,59,64,589,4059
2023-11-13 11:59:42,59,100,589,4059
2023-11-13 11:59:42,11,100,589,4059
2023-11-13 11:59:42,56,100,589,4059
2023-11-13 11:59:42,56,63,589,4059
2023-11-13 11:59:51,56,100,589,4059
2023-11-13 11:59:51,11,100,589,4059
2023-11-13 11:59:51,52,100,589,4059
2023-11-13 11:59:51,52,66,589,4059
2023-11-13 11:59:51,52,63,589,4059
2023-11-13 12:00:07,11,63,589,4059
2023-11-13 12:00:07,11,100,589,4059
2023-11-13 12:00:07,56,100,589,4059
2023-11-13 12:00:07,56,62,589,4059
2023-11-13 12:00:24,11,62,589,4059
2023-11-13 12:00:24,11,100,589,4059
2023-11-13 12:00:24,55,100,589,4059
2023-11-13 12:00:24,56,100,589,4059
2023-11-13 12:00:24,56,65,589,4059
2023-11-13 12:00:24,56,63,589,4059
2023-11-13 12:01:06,56,100,589,4059
2023-11-13 12:01:06,11,100,589,4059
2023-11-13 12:01:06,53,100,589,4059
2023-11-13 12:01:06,56,100,589,4059
2023-11-13 12:01:06,56,62,589,4059
2023-11-13 12:02:01,11,62,589,4059
2023-11-13 12:02:01,11,100,589,4059
2023-11-13 12:02:01,55,100,589,4059
2023-11-13 12:02:01,56,100,589,4059
2023-11-13 12:02:01,56,63,589,4059
2023-11-13 12:02:20,56,100,589,4059
2023-11-13 12:02:20,11,100,589,4059
2023-11-13 12:02:20,56,100,589,4059
2023-11-13 12:02:20,56,64,589,4059
2023-11-13 12:02:20,56,62,589,4059
2023-11-13 12:02:40,56,100,589,4059
2023-11-13 12:02:40,11,100,589,4059
2023-11-13 12:02:40,53,100,589,4059
2023-11-13 12:02:40,55,100,589,4059
2023-11-13 12:02:40,55,61,589,4059
2023-11-13 12:03:15,11,61,589,4059
2023-11-13 12:03:15,11,100,589,4059
2023-11-13 12:03:15,56,100,589,4059
2023-11-13 12:03:15,56,62,589,4059
2023-11-13 12:04:16,54,62,589,4059
2023-11-13 12:04:16,54,100,589,4059
2023-11-13 12:04:16,56,100,589,4059
2023-11-13 12:04:16,56,64,589,4059
2023-11-13 12:04:16,56,62,589,4059
2023-11-13 12:05:16,56,64,589,4059
2023-11-13 12:05:16,54,100,589,4059
2023-11-13 12:05:16,56,100,589,4059
2023-11-13 12:05:16,56,62,589,4059
2023-11-13 12:05:59,56,62,586,4062
2023-11-13 12:06:16,11,62,586,4062
2023-11-13 12:06:17,55,100,586,4062
2023-11-13 12:06:17,56,100,586,4062
2023-11-13 12:06:17,56,65,586,4062
2023-11-13 12:06:17,56,63,586,4062
2023-11-13 12:06:50,56,100,586,4062
2023-11-13 12:06:50,11,100,586,4062
2023-11-13 12:06:50,55,100,586,4062
2023-11-13 12:06:50,55,63,586,4062
2023-11-13 12:06:50,55,61,586,4062
2023-11-13 12:07:08,55,100,586,4062
2023-11-13 12:07:08,11,100,586,4062
2023-11-13 12:07:08,54,100,586,4062
2023-11-13 12:07:08,54,62,586,4062
2023-11-13 12:07:08,54,60,586,4062
2023-11-13 12:07:35,54,100,586,4062
2023-11-13 12:07:35,11,100,586,4062
2023-11-13 12:07:35,50,100,586,4062
2023-11-13 12:07:35,53,100,586,4062
2023-11-13 12:07:35,53,61,586,4062
2023-11-13 12:07:35,53,59,586,4062
2023-11-13 12:07:43,53,100,586,4062
2023-11-13 12:07:43,11,100,586,4062
2023-11-13 12:07:43,51,100,586,4062
2023-11-13 12:07:43,51,57,586,4062
2023-11-13 12:07:52,11,57,586,4062
2023-11-13 12:07:52,11,100,586,4062
2023-11-13 12:07:52,53,100,586,4062
2023-11-13 12:07:52,53,58,586,4062
2023-11-13 12:08:03,53,100,586,4062
2023-11-13 12:08:03,11,100,586,4062
2023-11-13 12:08:03,48,100,586,4062
2023-11-13 12:08:03,51,100,586,4062
2023-11-13 12:08:03,51,59,586,4062
2023-11-13 12:08:03,51,57,586,4062
2023-11-13 12:08:12,11,57,586,4062
2023-11-13 12:08:12,11,100,586,4062
2023-11-13 12:08:12,51,100,586,4062
2023-11-13 12:08:12,53,100,586,4062
2023-11-13 12:08:12,53,61,586,4062
2023-11-13 12:08:12,53,59,586,4062
2023-11-13 12:08:40,11,59,586,4062
2023-11-13 12:08:40,11,100,586,4062
2023-11-13 12:08:40,52,100,586,4062
2023-11-13 12:08:40,54,100,586,4062
2023-11-13 12:08:40,54,60,586,4062
2023-11-13 12:09:09,54,100,586,4062
2023-11-13 12:09:09,11,100,586,4062
2023-11-13 12:09:09,50,100,586,4062
2023-11-13 12:09:09,53,100,586,4062
2023-11-13 12:09:09,53,59,586,4062
2023-11-13 12:09:46,53,100,586,4062
2023-11-13 12:09:46,11,100,586,4062
2023-11-13 12:09:46,49,100,586,4062
2023-11-13 12:09:46,52,100,586,4062
2023-11-13 12:09:46,52,58,586,4062
2023-11-13 12:10:23,11,58,586,4062
2023-11-13 12:10:23,11,100,586,4062
2023-11-13 12:10:23,53,100,586,4062
2023-11-13 12:10:23,53,59,586,4062
2023-11-13 12:10:56,53,100,586,4062
2023-11-13 12:10:56,11,100,586,4062
2023-11-13 12:10:56,52,100,586,4062
2023-11-13 12:10:56,52,59,586,4062
2023-11-13 12:10:56,52,57,586,4062
2023-11-13 12:11:12,52,100,586,4062
2023-11-13 12:11:12,11,100,586,4062
2023-11-13 12:11:12,50,100,586,4062
2023-11-13 12:11:12,50,58,586,4062
2023-11-13 12:11:12,50,56,586,4062
2023-11-13 12:11:27,48,56,536,4112
2023-11-13 12:11:28,48,100,536,4112
2023-11-13 12:11:28,11,100,536,4112
2023-11-13 12:12:18,40,100,536,4112
2023-11-13 12:12:32,44,100,536,4112
2023-11-13 12:12:32,44,52,536,4112
2023-11-13 12:12:32,44,50,536,4112
2023-11-13 12:13:21,45,50,536,4112
2023-11-13 12:13:32,45,100,536,4112
2023-11-13 12:13:33,45,53,536,4112
2023-11-13 12:13:33,45,50,536,4112
2023-11-13 12:14:05,45,100,536,4112
2023-11-13 12:14:05,45,51,536,4112
2023-11-13 12:14:16,45,100,536,4112
2023-11-13 12:14:16,46,100,536,4112
2023-11-13 12:14:16,46,54,536,4112
2023-11-13 12:14:16,46,52,536,4112
2023-11-13 12:15:16,46,54,536,4112
2023-11-13 12:15:17,46,100,536,4112
2023-11-13 12:15:17,46,54,536,4112
2023-11-13 12:15:17,46,51,536,4112
2023-11-13 12:15:24,45,51,536,4112
2023-11-13 12:15:24,45,100,536,4112
2023-11-13 12:15:24,47,100,536,4112
2023-11-13 12:15:24,47,53,536,4112
2023-11-13 12:16:24,47,55,536,4112
2023-11-13 12:16:25,46,100,536,4112
2023-11-13 12:16:25,46,52,536,4112
2023-11-13 12:16:32,48,52,536,4112
2023-11-13 12:17:03,48,100,536,4112
2023-11-13 12:17:03,48,59,536,4112
2023-11-13 12:17:03,48,56,536,4112
2023-11-13 12:17:12,48,100,536,4112
2023-11-13 12:17:12,48,52,536,4112
2023-11-13 12:17:37,48,100,536,4112
2023-11-13 12:17:37,48,54,536,4112
2023-11-13 12:18:00,48,100,536,4112
2023-11-13 12:18:00,48,52,536,4112
2023-11-13 12:19:00,48,100,536,4112
2023-11-13 12:19:01,48,52,536,4112
2023-11-13 12:19:56,48,100,536,4112
2023-11-13 12:19:56,48,53,536,4112
2023-11-13 12:19:56,48,51,536,4112
2023-11-13 12:20:05,45,51,536,4113
2023-11-13 12:20:56,45,53,536,4113
2023-11-13 12:20:57,45,51,536,4113
2023-11-13 12:21:08,45,100,536,4113
2023-11-13 12:21:08,45,53,536,4113
2023-11-13 12:21:08,45,50,536,4113
2023-11-13 12:21:32,45,100,536,4113
2023-11-13 12:21:32,45,51,536,4113
2023-11-13 12:22:05,45,100,536,4113
2023-11-13 12:22:05,47,100,536,4113
2023-11-13 12:22:05,47,56,536,4113
2023-11-13 12:22:05,47,53,536,4113
2023-11-13 12:22:26,46,53,536,4113
2023-11-13 12:22:26,46,100,536,4113
2023-11-13 12:22:26,48,100,536,4113
2023-11-13 12:22:26,48,57,536,4113
2023-11-13 12:22:26,48,54,536,4113
2023-11-13 12:23:06,48,100,536,4113
2023-11-13 12:23:06,49,100,536,4113
2023-11-13 12:23:06,49,55,536,4113
2023-11-13 12:23:21,48,55,536,4113
2023-11-13 12:23:21,48,100,536,4113
2023-11-13 12:23:21,50,100,536,4113
2023-11-13 12:23:21,50,56,536,4113
2023-11-13 12:23:24,48,56,536,4113
2023-11-13 12:23:24,48,100,536,4113
2023-11-13 12:23:24,49,100,536,4113
2023-11-13 12:23:24,52,100,536,4113
2023-11-13 12:23:24,52,58,536,4113
2023-11-13 12:24:03,48,58,536,4113
2023-11-13 12:24:03,48,100,536,4113
2023-11-13 12:24:03,54,100,536,4113
2023-11-13 12:24:03,54,61,536,4113
2023-11-13 12:24:03,54,59,536,4113
2023-11-13 12:24:15,48,59,536,4113
2023-11-13 12:24:15,48,100,536,4113
2023-11-13 12:24:15,55,100,536,4113
2023-11-13 12:24:15,55,63,536,4113
2023-11-13 12:24:15,55,61,536,4113
2023-11-13 12:24:20,55,100,536,4113
2023-11-13 12:24:20,48,100,536,4113
2023-11-13 12:24:20,52,100,536,4113
2023-11-13 12:24:20,54,100,536,4113
2023-11-13 12:24:20,54,62,536,4113
2023-11-13 12:24:20,54,60,536,4113
2023-11-13 12:24:40,48,60,536,4113
2023-11-13 12:24:40,48,100,536,4113
2023-11-13 12:24:40,55,100,536,4113
2023-11-13 12:24:40,55,61,536,4113
2023-11-13 12:25:40,48,61,536,4113
2023-11-13 12:25:41,55,100,536,4113
2023-11-13 12:25:41,55,62,536,4113
2023-11-13 12:25:41,55,60,536,4113
2023-11-13 12:26:25,55,62,561,4138
2023-11-13 12:26:41,55,100,561,4138
2023-11-13 12:26:41,55,100,561,4138
2023-11-13 12:26:41,55,63,561,4138
2023-11-13 12:26:41,55,61,561,4138
2023-11-13 12:26:44,55,100,561,4138
2023-11-13 12:26:44,48,100,561,4138
2023-11-13 12:26:44,53,100,561,4138
2023-11-13 12:26:44,53,59,561,4138
2023-11-13 12:26:51,53,100,561,4138
2023-11-13 12:26:51,48,100,561,4138
2023-11-13 12:26:51,52,100,561,4138
2023-11-13 12:26:51,52,57,561,4138
2023-11-13 12:27:33,48,57,561,4138
2023-11-13 12:27:33,48,100,561,4138
2023-11-13 12:27:33,53,100,561,4138
2023-11-13 12:27:33,53,59,561,4138
2023-11-13 12:27:49,53,100,561,4138
2023-11-13 12:27:49,48,100,561,4138
2023-11-13 12:27:49,51,100,561,4138
2023-11-13 12:27:49,51,60,561,4138
2023-11-13 12:27:49,51,57,561,4138
2023-11-13 12:27:55,51,100,561,4138
2023-11-13 12:27:55,48,100,561,4138
2023-11-13 12:27:55,50,100,561,4138
2023-11-13 12:27:55,50,58,561,4138
2023-11-13 12:27:55,50,56,561,4138
2023-11-13 12:28:14,48,56,561,4138
2023-11-13 12:28:14,48,100,561,4138
2023-11-13 12:28:14,51,100,561,4138
2023-11-13 12:28:14,51,57,561,4138
2023-11-13 12:28:30,48,57,561,4138
2023-11-13 12:28:30,48,100,561,4138
2023-11-13 12:28:30,50,100,561,4138
2023-11-13 12:28:30,53,100,561,4138
2023-11-13 12:28:30,53,58,561,4138
2023-11-13 12:29:23,53,100,561,4138
2023-11-13 12:29:23,48,100,561,4138
2023-11-13 12:29:23,51,100,561,4138
2023-11-13 12:29:23,51,57,561,4138
2023-11-13 12:30:23,48,57,561,4138
2023-11-13 12:30:24,49,100,561,4138
2023-11-13 12:30:24,51,100,561,4138
2023-11-13 12:30:24,51,57,561,4138
2023-11-13 12:30:47,51,100,561,4138
2023-11-13 12:30:47,48,100,561,4138
2023-11-13 12:30:47,49,100,561,4138
2023-11-13 12:30:47,49,55,561,4138
2023-11-13 12:31:05,49,100,561,4138
2023-11-13 12:31:05,48,100,561,4138
2023-11-13 12:31:05,48,56,561,4138
2023-11-13 12:31:05,48,54,561,4138
2023-11-13 12:31:07,48,100,561,4138
2023-11-13 12:31:07,48,52,561,4138
2023-11-13 12:31:11,48,100,561,4138
2023-11-13 12:31:11,48,53,561,4138
2023-11-13 12:31:11,48,51,561,4138
2023-11-13 12:31:55,48,100,561,4138
2023-11-13 12:31:55,48,55,561,4138
2023-11-13 12:31:55,48,52,561,4138
2023-11-13 12:32:43,48,100,561,4138
2023-11-13 12:32:43,48,51,561,4138
2023-11-13 12:33:00,46,51,561,4138
2023-11-13 12:33:09,46,100,561,4138
2023-11-13 12:33:09,46,49,561,4138
2023-11-13 12:33:46,46,100,561,4138
2023-11-13 12:33:46,46,51,561,4138
2023-11-13 12:34:13,46,100,561,4138
2023-11-13 12:34:13,46,52,561,4138
2023-11-13 12:34:33,46,100,561,4138
2023-11-13 12:34:33,48,100,561,4138
2023-11-13 12:34:33,48,56,561,4138
2023-11-13 12:34:33,48,54,561,4138
2023-11-13 12:35:33,48,100,561,4138
2023-11-13 12:35:34,48,100,561,4138
2023-11-13 12:35:34,48,56,561,4138
2023-11-13 12:35:34,48,54,561,4138
2023-11-13 12:35:49,46,54,561,4138
2023-11-13 12:35:49,46,100,561,4138
2023-11-13 12:35:49,47,100,561,4138
2023-11-13 12:35:49,49,100,561,4138
2023-11-13 12:35:49,49,57,561,4138
2023-11-13 12:35:49,49,55,561,4138
2023-11-13 12:36:13,49,100,561,4138
2023-11-13 12:36:13,46,100,561,4138
2023-11-13 12:36:13,48,100,561,4138
2023-11-13 12:36:13,48,57,561,4138
2023-11-13 12:36:13,48,54,561,4138
2023-11-13 12:36:35,46,54,561,4138
2023-11-13 12:36:35,46,100,561,4138
2023-11-13 12:36:35,47,100,561,4138
2023-11-13 12:36:35,49,100,561,4138
2023-11-13 12:36:35,49,55,561,4138
2023-11-13 12:36:59,49,100,561,4138
2023-11-13 12:36:59,46,100,561,4138
2023-11-13 12:36:59,48,100,561,4138
2023-11-13 12:36:59,48,54,561,4138
2023-11-13 12:37:33,46,54,561,4138
2023-11-13 12:37:33,46,100,561,4138
2023-11-13 12:37:33,47,100,561,4138
2023-11-13 12:37:33,49,100,561,4138
2023-11-13 12:37:33,49,57,561,4138
2023-11-13 12:37:33,49,55,561,4138
2023-11-13 12:37:42,49,100,561,4138
2023-11-13 12:37:42,46,100,561,4138
2023-11-13 12:37:42,48,100,561,4138
2023-11-13 12:37:42,48,54,561,4138
2023-11-13 12:37:50,48,100,561,4138
2023-11-13 12:37:50,46,100,561,4138
2023-11-13 12:37:50,46,54,561,4138
2023-11-13 12:38:22,46,100,561,4138
2023-11-13 12:38:22,47,100,561,4138
2023-11-13 12:38:22,47,53,561,4138
2023-11-13 12:38:55,46,53,561,4138
2023-11-13 12:38:55,46,100,561,4138
2023-11-13 12:38:55,47,100,561,4138
2023-11-13 12:38:55,49,100,561,4138
2023-11-13 12:38:55,49,55,561,4138
2023-11-13 12:39:55,49,100,561,4138
2023-11-13 12:39:56,49,100,561,4138
2023-11-13 12:39:56,49,57,561,4138
2023-11-13 12:39:56,49,55,561,4138
2023-11-13 12:40:40,46,55,561,4138
2023-11-13 12:40:40,46,100,561,4138
2023-11-13 12:40:40,51,100,561,4138
2023-11-13 12:40:40,51,57,561,4138
2023-11-13 12:41:01,51,100,561,4138
2023-11-13 12:41:01,46,100,561,4138
2023-11-13 12:41:01,49,100,561,4138
2023-11-13 12:41:01,49,55,561,4138
2023-11-13 12:41:18,49,100,561,4138
2023-11-13 12:41:18,46,100,561,4138
2023-11-13 12:41:18,48,100,561,4138
2023-11-13 12:41:18,48,54,561,4138
2023-11-13 12:41:37,46,54,561,4138
2023-11-13 12:41:37,46,100,561,4138
2023-11-13 12:41:37,49,100,561,4138
2023-11-13 12:41:37,49,55,561,4138
2023-11-13 12:42:05,49,100,561,4138
2023-11-13 12:42:05,46,100,561,4138
2023-11-13 12:42:05,48,100,561,4138
2023-11-13 12:42:05,48,56,561,4138
2023-11-13 12:42:05,48,54,561,4138
2023-11-13 12:42:37,48,100,561,4138
2023-11-13 12:42:37,46,100,561,4138
2023-11-13 12:42:37,47,100,561,4138
2023-11-13 12:42:37,47,55,561,4138
2023-11-13 12:42:37,47,53,561,4138
2023-11-13 12:43:37,46,53,561,4138
2023-11-13 12:43:38,47,100,561,4138
2023-11-13 12:43:38,47,55,561,4138
2023-11-13 12:43:38,47,53,561,4138
2023-11-13 12:44:14,47,100,561,4138
2023-11-13 12:44:14,46,100,561,4138
2023-11-13 12:44:14,46,51,561,4138
2023-11-13 12:44:53,45,51,561,4138
2023-11-13 12:45:07,45,100,561,4138
2023-11-13 12:45:07,45,52,561,4138
2023-11-13 12:45:07,45,50,561,4138
2023-11-13 12:45:24,45,100,561,4138
2023-11-13 12:45:24,45,49,561,4138
2023-11-13 12:45:26,45,100,561,4138
2023-11-13 12:45:26,45,47,561,4138
2023-11-13 12:45:28,43,47,561,4139
2023-11-13 12:45:35,43,100,561,4139
2023-11-13 12:45:35,43,49,561,4139
2023-11-13 12:45:35,43,46,561,4139
2023-11-13 12:46:15,43,100,561,4139
2023-11-13 12:46:15,43,47,561,4139
2023-11-13 12:46:15,43,44,561,4139
2023-11-13 12:46:15,40,44,561,4139
2023-11-13 12:46:25,40,100,561,4139
2023-11-13 12:46:25,40,44,561,4139
2023-11-13 12:47:15,40,100,561,4139
2023-11-13 12:47:15,40,44,561,4139
2023-11-13 12:48:15,40,47,561,4139
2023-11-13 12:48:16,40,47,561,4139
2023-11-13 12:48:16,40,44,561,4139
2023-11-13 12:49:06,38,44,561,4139
2023-11-13 12:49:16,38,100,561,4139
2023-11-13 12:49:16,38,46,561,4139
2023-11-13 12:49:16,38,44,561,4139
2023-11-13 12:49:35,38,100,561,4139
2023-11-13 12:49:35,39,100,561,4139
2023-11-13 12:49:35,39,45,561,4139
2023-11-13 12:50:07,40,45,561,4139
2023-11-13 12:50:13,40,100,561,4139
2023-11-13 12:50:13,40,46,561,4139
2023-11-13 12:50:42,40,100,561,4139
2023-11-13 12:50:42,41,100,561,4139
2023-11-13 12:50:42,41,49,561,4139
2023-11-13 12:50:42,41,47,561,4139
2023-11-13 12:51:13,41,100,561,4139
2023-11-13 12:51:13,43,100,561,4139
2023-11-13 12:51:13,43,51,561,4139
2023-11-13 12:51:13,43,49,561,4139
2023-11-13 12:51:30,43,100,561,4139
2023-11-13 12:51:30,42,100,561,4139
2023-11-13 12:51:30,42,48,561,4139
2023-11-13 12:52:30,42,100,561,4139
2023-11-13 12:52:31,42,48,561,4139
2023-11-13 12:52:42,42,100,561,4139
2023-11-13 12:52:42,42,46,561,4139
2023-11-13 12:52:59,41,46,561,4139
2023-11-13 12:53:42,41,100,561,4139
2023-11-13 12:53:43,41,49,561,4139
2023-11-13 12:53:43,41,46,561,4139
2023-11-13 12:53:51,41,100,561,4139
2023-11-13 12:53:51,41,45,561,4139
2023-11-13 12:54:09,41,100,561,4139
2023-11-13 12:54:09,41,50,561,4139
2023-11-13 12:54:09,41,47,561,4139
2023-11-13 12:54:49,41,100,561,4139
2023-11-13 12:54:49,42,100,561,4139
2023-11-13 12:54:49,42,51,561,4139
2023-11-13 12:54:49,42,48,561,4139
2023-11-13 12:55:14,42,100,561,4139
2023-11-13 12:55:14,41,100,561,4139
2023-11-13 12:55:14,41,47,561,4139
2023-11-13 12:55:14,43,47,561,4139
2023-11-13 12:55:44,43,100,561,4139
2023-11-13 12:55:44,43,50,561,4139
2023-11-13 12:55:44,43,48,561,4139
2023-11-13 12:56:36,43,100,561,4139
2023-11-13 12:56:36,43,49,561,4139
2023-11-13 12:56:36,43,47,561,4139
2023-11-13 12:56:55,43,100,561,4139
2023-11-13 12:56:55,43,45,561,4139
2023-11-13 12:57:36,41,45,561,4139
2023-11-13 12:57:55,41,100,561,4139
2023-11-13 12:57:56,41,46,561,4139
2023-11-13 12:57:59,41,100,561,4139
2023-11-13 12:57:59,42,100,561,4139
2023-11-13 12:57:59,42,48,561,4139
2023-11-13 12:58:39,43,48,561,4139
2023-11-13 12:58:48,43,100,561,4139
2023-11-13 12:58:48,43,49,561,4139
2023-11-13 12:59:47,44,49,561,4139
2023-11-13 12:59:48,44,100,561,4139
2023-11-13 12:59:49,44,51,561,4139
2023-11-13 12:59:49,44,49,561,4139
2023-11-13 13:00:41,44,100,561,4139
2023-11-13 13:00:41,44,48,561,4139
2023-11-13 13:01:00,44,100,561,4139
2023-11-13 13:01:00,44,47,561,4139
2023-11-13 13:02:00,44,49,561,4139
2023-11-13 13:02:01,44,49,561,4139
2023-11-13 13:02:01,44,47,561,4139
2023-11-13 13:02:12,43,47,561,4140
2023-11-13 13:02:43,43,100,561,4140
2023-11-13 13:02:43,43,51,561,4140
2023-11-13 13:02:43,43,48,561,4140
2023-11-13 13:03:01,43,100,561,4140
2023-11-13 13:03:01,44,100,561,4140
2023-11-13 13:03:01,44,50,561,4140
2023-11-13 13:03:12,46,50,561,4140
2023-11-13 13:03:51,46,100,561,4140
2023-11-13 13:03:51,46,50,561,4140
2023-11-13 13:03:51,46,48,561,4140
2023-11-13 13:04:12,43,48,561,4141
2023-11-13 13:04:16,43,100,561,4141
2023-11-13 13:04:16,43,49,561,4141
2023-11-13 13:04:16,43,47,561,4141
2023-11-13 13:05:16,43,49,561,4141
2023-11-13 13:05:17,43,47,561,4141
2023-11-13 13:05:51,43,100,561,4141
2023-11-13 13:05:51,43,46,561,4141
2023-11-13 13:05:51,43,100,561,4141
2023-11-13 13:05:51,43,47,561,4141
2023-11-13 13:05:51,43,44,561,4141
2023-11-13 13:05:51,41,44,561,4142
2023-11-13 13:05:59,40,44,561,4143
2023-11-13 13:06:13,40,100,561,4143
2023-11-13 13:06:13,40,45,561,4143
2023-11-13 13:06:13,40,44,561,4143
2023-11-13 13:06:15,38,44,561,4144
2023-11-13 13:06:21,38,100,561,4144
2023-11-13 13:06:21,38,43,561,4144
2023-11-13 13:07:21,38,100,561,4144
2023-11-13 13:07:22,38,44,561,4144
2023-11-13 13:08:22,38,100,561,4144
2023-11-13 13:08:22,38,46,561,4144
2023-11-13 13:08:22,38,44,561,4144
2023-11-13 13:08:28,38,100,561,4144
2023-11-13 13:08:28,38,45,561,4144
2023-11-13 13:08:28,38,43,561,4144
2023-11-13 13:08:41,38,100,561,4144
2023-11-13 13:08:41,38,41,561,4144
2023-11-13 13:09:41,38,44,561,4144
2023-11-13 13:09:42,38,41,561,4144
2023-11-13 13:10:42,38,100,561,4144
2023-11-13 13:10:42,38,40,561,4144
2023-11-13 13:11:08,36,40,561,4145
2023-11-13 13:11:42,36,43,561,4145
2023-11-13 13:11:43,36,40,561,4145
2023-11-13 13:12:43,36,100,561,4145
2023-11-13 13:12:44,36,41,561,4145
2023-11-13 13:12:55,36,100,561,4145
2023-11-13 13:12:55,36,44,561,4145
2023-11-13 13:12:55,36,43,561,4145
2023-11-13 13:13:08,36,100,561,4145
2023-11-13 13:13:08,38,100,561,4145
2023-11-13 13:13:08,38,44,561,4145
2023-11-13 13:13:28,39,44,561,4145
2023-11-13 13:13:46,39,100,561,4145
2023-11-13 13:13:46,39,45,561,4145
2023-11-13 13:14:11,40,45,561,4145
2023-11-13 13:14:22,40,100,561,4145
2023-11-13 13:14:22,41,100,561,4145
2023-11-13 13:14:22,41,47,561,4145
2023-11-13 13:14:28,40,47,561,4145
2023-11-13 13:14:28,40,100,561,4145
2023-11-13 13:14:28,42,100,561,4145
2023-11-13 13:14:28,42,50,561,4145
2023-11-13 13:14:28,42,48,561,4145
2023-11-13 13:14:55,40,48,561,4145
2023-11-13 13:14:55,40,100,561,4145
2023-11-13 13:14:55,43,100,561,4145
2023-11-13 13:14:55,43,49,561,4145
2023-11-13 13:15:07,43,100,561,4145
2023-11-13 13:15:07,40,100,561,4145
2023-11-13 13:15:07,42,100,561,4145
2023-11-13 13:15:07,42,50,561,4145
2023-11-13 13:15:07,42,48,561,4145
2023-11-13 13:15:09,44,48,561,4145
2023-11-13 13:15:27,44,100,561,4145
2023-11-13 13:15:27,44,55,561,4145
2023-11-13 13:15:27,44,52,561,4145
2023-11-13 13:15:56,44,100,561,4145
2023-11-13 13:15:56,44,52,561,4145
2023-11-13 13:15:56,44,49,561,4145
2023-11-13 13:16:20,44,100,561,4145
2023-11-13 13:16:20,44,56,561,4145
2023-11-13 13:16:20,44,53,561,4145
2023-11-13 13:17:05,44,100,561,4145
2023-11-13 13:17:05,44,51,561,4145
2023-11-13 13:17:05,44,49,561,4145
2023-11-13 13:17:20,44,100,561,4145
2023-11-13 13:17:20,45,100,561,4145
2023-11-13 13:17:20,45,53,561,4145
2023-11-13 13:17:20,45,51,561,4145
2023-11-13 13:17:47,45,100,561,4145
2023-11-13 13:17:47,46,100,561,4145
2023-11-13 13:17:47,46,52,561,4145
2023-11-13 13:18:08,45,52,561,4145
2023-11-13 13:18:08,45,100,561,4145
2023-11-13 13:18:08,47,100,561,4145
2023-11-13 13:18:08,47,53,561,4145
2023-11-13 13:19:08,45,53,561,4145
2023-11-13 13:19:09,48,100,561,4145
2023-11-13 13:19:09,48,54,561,4145
2023-11-13 13:20:09,45,54,561,4145
2023-11-13 13:20:09,47,100,561,4145
2023-11-13 13:20:09,47,56,561,4145
2023-11-13 13:20:09,47,53,561,4145
2023-11-13 13:20:15,47,100,561,4145
2023-11-13 13:20:15,45,100,561,4145
2023-11-13 13:20:15,45,53,561,4145
2023-11-13 13:20:25,45,100,561,4145
2023-11-13 13:20:25,45,50,561,4145
2023-11-13 13:20:55,45,100,561,4145
2023-11-13 13:20:55,45,51,561,4145
2023-11-13 13:21:46,45,100,561,4145
2023-11-13 13:21:46,45,53,561,4145
2023-11-13 13:21:46,45,50,561,4145
2023-11-13 13:22:02,45,100,561,4145
2023-11-13 13:22:02,45,52,561,4145
2023-11-13 13:22:02,45,49,561,4145
2023-11-13 13:22:07,45,100,561,4145
2023-11-13 13:22:07,45,47,561,4145
2023-11-13 13:22:08,44,47,561,4146
2023-11-13 13:22:11,41,47,561,4147
2023-11-13 13:22:13,41,100,561,4147
2023-11-13 13:22:13,40,100,561,4147
2023-11-13 13:22:13,40,46,561,4147
2023-11-13 13:22:20,40,100,561,4147
2023-11-13 13:22:20,40,47,561,4147
2023-11-13 13:22:20,40,44,561,4147
2023-11-13 13:22:29,40,100,561,4147
2023-11-13 13:22:29,40,44,561,4147
2023-11-13 13:22:30,39,44,561,4148
2023-11-13 13:22:30,39,100,561,4148
2023-11-13 13:22:30,39,44,561,4148
2023-11-13 13:22:30,39,41,561,4148
2023-11-13 13:22:32,36,41,561,4149
2023-11-13 13:22:50,35,41,561,4151
2023-11-13 13:23:14,36,41,561,4151
2023-11-13 13:23:16,36,100,561,4151
2023-11-13 13:23:16,36,45,561,4151
2023-11-13 13:23:16,36,43,561,4151
2023-11-13 13:23:18,36,100,561,4151
2023-11-13 13:23:18,38,100,561,4151
2023-11-13 13:23:18,38,47,561,4151
2023-11-13 13:23:18,38,44,561,4151
2023-11-13 13:23:23,36,44,561,4151
2023-11-13 13:23:23,36,100,561,4151
2023-11-13 13:23:23,37,100,561,4151
2023-11-13 13:23:23,39,100,561,4151
2023-11-13 13:23:23,39,47,561,4151
2023-11-13 13:23:23,39,45,561,4151
2023-11-13 13:23:36,40,45,561,4151
2023-11-13 13:23:43,40,100,561,4151
2023-11-13 13:23:43,41,100,561,4151
2023-11-13 13:23:43,41,47,561,4151
2023-11-13 13:23:44,40,47,561,4151
2023-11-13 13:23:44,40,100,561,4151
2023-11-13 13:23:44,42,100,561,4151
2023-11-13 13:23:44,42,48,561,4151
2023-11-13 13:24:23,40,48,561,4151
2023-11-13 13:24:23,40,100,561,4151
2023-11-13 13:24:23,42,100,561,4151
2023-11-13 13:24:23,44,100,561,4151
2023-11-13 13:24:23,44,52,561,4151
2023-11-13 13:24:23,44,50,561,4151
2023-11-13 13:25:09,45,50,561,4151
2023-11-13 13:25:23,45,52,561,4151
2023-11-13 13:25:24,45,50,561,4151
2023-11-13 13:25:49,45,100,561,4151
2023-11-13 13:25:49,45,50,561,4151
2023-11-13 13:25:49,45,48,561,4151
2023-11-13 13:25:57,45,100,561,4151
2023-11-13 13:25:57,45,46,561,4151
2023-11-13 13:25:57,41,46,561,4152
2023-11-13 13:26:03,41,100,561,4152
2023-11-13 13:26:03,40,100,561,4152
2023-11-13 13:26:03,40,47,561,4152
2023-11-13 13:26:03,40,45,561,4152
2023-11-13 13:26:10,40,100,561,4152
2023-11-13 13:26:10,40,48,561,4152
2023-11-13 13:26:10,40,45,561,4152
2023-11-13 13:26:33,40,100,561,4152
2023-11-13 13:26:33,40,46,561,4152
2023-11-13 13:26:33,40,44,561,4152
2023-11-13 13:27:33,40,100,561,4152
2023-11-13 13:27:34,40,47,561,4152
2023-11-13 13:27:34,40,44,561,4152
2023-11-13 13:27:52,40,100,561,4152
2023-11-13 13:27:52,40,44,561,4152
2023-11-13 13:28:02,37,44,561,4153
2023-11-13 13:28:37,38,44,561,4153
2023-11-13 13:28:40,38,100,561,4153
2023-11-13 13:28:40,38,44,561,4153
2023-11-13 13:28:40,38,41,561,4153
2023-11-13 13:29:17,37,41,561,4154
2023-11-13 13:29:26,37,100,561,4154
2023-11-13 13:29:26,37,44,561,4154
2023-11-13 13:29:26,37,40,561,4154
2023-11-13 13:30:02,37,100,561,4154
2023-11-13 13:30:02,37,43,561,4154
2023-11-13 13:30:02,37,39,561,4154
2023-11-13 13:30:04,36,39,561,4155
2023-11-13 13:30:07,35,39,561,4158
2023-11-13 13:30:17,33,39,561,4160
2023-11-13 13:30:19,33,100,561,4160
2023-11-13 13:30:19,33,40,561,4160
2023-11-13 13:30:19,33,38,561,4160
2023-11-13 13:30:20,30,38,561,4163
2023-11-13 13:30:34,32,38,561,4163
2023-11-13 13:31:19,32,100,561,4163
2023-11-13 13:31:20,32,36,561,4163
2023-11-13 13:32:16,32,100,561,4163
2023-11-13 13:32:16,32,35,561,4163
2023-11-13 13:32:21,30,35,561,4165
2023-11-13 13:32:34,30,100,561,4165
2023-11-13 13:32:34,30,36,561,4165
2023-11-13 13:33:25,30,100,561,4165
2023-11-13 13:33:25,30,37,561,4165
2023-11-13 13:33:25,30,35,561,4165
2023-11-13 13:33:34,30,100,561,4165
2023-11-13 13:33:34,30,36,561,4165
2023-11-13 13:33:39,30,100,561,4165
2023-11-13 13:33:39,32,100,561,4165
2023-11-13 13:33:39,32,38,561,4165
2023-11-13 13:33:58,32,100,561,4165
2023-11-13 13:33:58,30,100,561,4165
2023-11-13 13:33:58,30,38,561,4165
2023-11-13 13:34:39,30,100,561,4165
2023-11-13 13:34:39,30,37,561,4165
2023-11-13 13:34:39,30,35,561,4165
2023-11-13 13:34:44,29,35,561,4169
2023-11-13 13:34:48,33,35,561,4169
2023-11-13 13:34:51,29,35,561,4170
2023-11-13 13:35:20,29,100,561,4170
2023-11-13 13:35:20,31,100,561,4170
2023-11-13 13:35:20,31,36,561,4170
2023-11-13 13:35:56,32,36,561,4170
2023-11-13 13:36:20,32,38,561,4170
2023-11-13 13:36:21,32,37,561,4170
2023-11-13 13:36:29,32,100,561,4170
2023-11-13 13:36:29,32,40,561,4170
2023-11-13 13:36:29,32,38,561,4170
2023-11-13 13:37:16,33,38,561,4170
2023-11-13 13:37:29,33,100,561,4170
2023-11-13 13:37:29,33,38,561,4170
2023-11-13 13:37:43,33,100,561,4170
2023-11-13 13:37:43,34,100,561,4170
2023-11-13 13:37:43,34,43,561,4170
2023-11-13 13:37:43,34,40,561,4170
2023-11-13 13:37:57,33,40,561,4170
2023-11-13 13:37:57,33,100,561,4170
2023-11-13 13:37:57,35,100,561,4170
2023-11-13 13:37:57,35,44,561,4170
2023-11-13 13:37:57,35,41,561,4170
2023-11-13 13:38:14,33,41,561,4170
2023-11-13 13:38:14,33,100,561,4170
2023-11-13 13:38:14,34,100,561,4170
2023-11-13 13:38:14,36,100,561,4170
2023-11-13 13:38:14,36,44,561,4170
2023-11-13 13:38:14,36,43,561,4170
2023-11-13 13:38:29,33,43,561,4170
2023-11-13 13:38:29,33,100,561,4170
2023-11-13 13:38:29,36,100,561,4170
2023-11-13 13:38:29,38,100,561,4170
2023-11-13 13:38:29,38,44,561,4170
2023-11-13 13:39:29,36,44,561,4170
2023-11-13 13:39:30,36,100,561,4170
2023-11-13 13:39:30,38,100,561,4170
2023-11-13 13:39:30,38,44,561,4170
2023-11-13 13:39:44,33,44,561,4170
2023-11-13 13:39:44,33,100,561,4170
2023-11-13 13:39:44,38,100,561,4170
2023-11-13 13:39:44,40,100,561,4170
2023-11-13 13:39:44,40,49,561,4170
2023-11-13 13:39:44,40,46,561,4170
2023-11-13 13:39:59,33,46,561,4170
2023-11-13 13:39:59,33,100,561,4170
2023-11-13 13:39:59,41,100,561,4170
2023-11-13 13:39:59,41,47,561,4170
2023-11-13 13:40:31,41,100,561,4170
2023-11-13 13:40:31,33,100,561,4170
2023-11-13 13:40:31,40,100,561,4170
2023-11-13 13:40:31,40,46,561,4170
2023-11-13 13:41:09,33,46,561,4170
2023-11-13 13:41:09,33,100,561,4170
2023-11-13 13:41:09,38,100,561,4170
2023-11-13 13:41:09,41,100,561,4170
2023-11-13 13:41:09,41,50,561,4170
2023-11-13 13:41:09,41,47,561,4170
2023-11-13 13:41:27,33,47,561,4170
2023-11-13 13:41:27,33,100,561,4170
2023-11-13 13:41:27,41,100,561,4170
2023-11-13 13:41:27,43,100,561,4170
2023-11-13 13:41:27,43,51,561,4170
2023-11-13 13:41:27,43,49,561,4170
2023-11-13 13:41:42,33,49,561,4170
2023-11-13 13:41:42,33,100,561,4170
2023-11-13 13:41:42,42,100,561,4170
2023-11-13 13:41:42,44,100,561,4170
2023-11-13 13:41:42,44,52,561,4170
2023-11-13 13:41:42,44,50,561,4170
2023-11-13 13:42:17,44,52,586,4195
2023-11-13 13:42:18,33,52,586,4195
2023-11-13 13:42:18,33,100,586,4195
2023-11-13 13:42:18,44,100,586,4195
2023-11-13 13:42:18,46,100,586,4195
2023-11-13 13:42:18,46,52,586,4195
2023-11-13 13:42:20,33,52,586,4195
2023-11-13 13:42:20,33,100,586,4195
2023-11-13 13:42:20,45,100,586,4195
2023-11-13 13:42:20,48,100,586,4195
2023-11-13 13:42:20,48,57,586,4195
2023-11-13 13:42:20,48,54,586,4195
2023-11-13 13:42:34,48,100,586,4195
2023-11-13 13:42:34,33,100,586,4195
2023-11-13 13:42:34,45,100,586,4195
2023-11-13 13:42:34,47,100,586,4195
2023-11-13 13:42:34,47,53,586,4195
2023-11-13 13:42:46,33,53,586,4195
2023-11-13 13:42:46,33,100,586,4195
2023-11-13 13:42:46,45,100,586,4195
2023-11-13 13:42:46,48,100,586,4195
2023-11-13 13:42:46,48,57,586,4195
2023-11-13 13:42:46,48,54,586,4195
2023-11-13 13:43:01,33,54,586,4195
2023-11-13 13:43:01,33,100,586,4195
2023-11-13 13:43:01,46,100,586,4195
2023-11-13 13:43:01,49,100,586,4195
2023-11-13 13:43:01,49,55,586,4195
2023-11-13 13:43:48,49,57,611,4220
2023-11-13 13:43:48,33,57,611,4220
2023-11-13 13:43:48,33,100,611,4220
2023-11-13 13:43:48,51,100,611,4220
2023-11-13 13:43:48,51,57,611,4220
2023-11-13 13:44:33,51,100,611,4220
2023-11-13 13:44:33,33,100,611,4220
2023-11-13 13:44:33,47,100,611,4220
2023-11-13 13:44:33,49,100,611,4220
2023-11-13 13:44:33,49,55,611,4220
2023-11-13 13:44:57,33,55,611,4220
2023-11-13 13:44:57,33,100,611,4220
2023-11-13 13:44:57,48,100,611,4220
2023-11-13 13:44:57,51,100,611,4220
2023-11-13 13:44:57,51,56,611,4220
2023-11-13 13:45:02,33,56,611,4220
2023-11-13 13:45:02,33,100,611,4220
2023-11-13 13:45:02,52,100,611,4220
2023-11-13 13:45:02,52,60,611,4220
2023-11-13 13:45:02,52,58,611,4220
2023-11-13 13:45:05,33,58,611,4220
2023-11-13 13:45:05,33,100,611,4220
2023-11-13 13:45:05,53,100,611,4220
2023-11-13 13:45:05,53,59,611,4220
2023-11-13 13:45:19,53,61,686,4295
2023-11-13 13:45:55,33,61,686,4295
2023-11-13 13:45:55,33,100,686,4295
2023-11-13 13:45:55,53,100,686,4295
2023-11-13 13:45:55,55,100,686,4295
2023-11-13 13:45:55,55,61,686,4295
2023-11-13 13:46:55,53,61,686,4295
2023-11-13 13:46:56,51,100,686,4295
2023-11-13 13:46:56,54,100,686,4295
2023-11-13 13:46:56,54,62,686,4295
2023-11-13 13:46:56,54,60,686,4295
2023-11-13 13:47:56,33,60,686,4295
2023-11-13 13:47:56,55,100,686,4295
2023-11-13 13:47:56,55,61,686,4295
2023-11-13 13:48:12,55,63,761,4370
2023-11-13 13:48:15,33,63,761,4370
2023-11-13 13:48:15,33,100,761,4370
2023-11-13 13:48:15,55,100,761,4370
2023-11-13 13:48:15,56,100,761,4370
2023-11-13 13:48:15,56,62,761,4370
2023-11-13 13:48:17,56,64,786,4395
2023-11-13 13:48:24,33,64,786,4395
2023-11-13 13:48:24,33,100,786,4395
2023-11-13 13:48:24,56,100,786,4395
2023-11-13 13:48:24,57,100,786,4395
2023-11-13 13:48:24,57,66,786,4395
2023-11-13 13:48:24,57,64,786,4395
2023-11-13 13:49:24,57,66,786,4395
2023-11-13 13:49:25,54,100,786,4395
2023-11-13 13:49:25,56,100,786,4395
2023-11-13 13:49:25,56,65,786,4395
2023-11-13 13:49:42,56,100,786,4395
2023-11-13 13:49:42,33,100,786,4395
2023-11-13 13:49:42,55,100,786,4395
2023-11-13 13:49:42,55,63,786,4395
2023-11-13 13:50:31,33,63,786,4395
2023-11-13 13:50:31,33,100,786,4395
2023-11-13 13:50:31,55,100,786,4395
2023-11-13 13:50:31,56,100,786,4395
2023-11-13 13:50:31,56,65,786,4395
2023-11-13 13:50:52,33,65,786,4395
2023-11-13 13:50:52,33,100,786,4395
2023-11-13 13:50:52,57,100,786,4395
2023-11-13 13:50:52,57,66,786,4395
2023-11-13 13:51:09,57,100,786,4395
2023-11-13 13:51:09,33,100,786,4395
2023-11-13 13:51:09,54,100,786,4395
2023-11-13 13:51:09,56,100,786,4395
2023-11-13 13:51:09,56,64,786,4395
2023-11-13 13:51:32,56,100,786,4395
2023-11-13 13:51:32,33,100,786,4395
2023-11-13 13:51:32,55,100,786,4395
2023-11-13 13:51:32,55,63,786,4395
2023-11-13 13:51:34,55,100,786,4395
2023-11-13 13:51:34,33,100,786,4395
2023-11-13 13:51:34,54,100,786,4395
2023-11-13 13:51:34,54,62,786,4395
2023-11-13 13:51:59,33,62,786,4395
2023-11-13 13:51:59,33,100,786,4395
2023-11-13 13:51:59,55,100,786,4395
2023-11-13 13:51:59,55,63,786,4395
2023-11-13 13:52:14,55,100,786,4395
2023-11-13 13:52:14,33,100,786,4395
2023-11-13 13:52:14,54,100,786,4395
2023-11-13 13:52:14,54,62,786,4395
2023-11-13 13:52:35,54,100,786,4395
2023-11-13 13:52:35,33,100,786,4395
2023-11-13 13:52:35,49,100,786,4395
2023-11-13 13:52:35,52,100,786,4395
2023-11-13 13:52:35,52,62,786,4395
2023-11-13 13:52:35,52,60,786,4395
2023-11-13 13:53:06,52,100,786,4395
2023-11-13 13:53:06,33,100,786,4395
2023-11-13 13:53:06,48,100,786,4395
2023-11-13 13:53:06,51,100,786,4395
2023-11-13 13:53:06,51,62,786,4395
2023-11-13 13:53:06,51,59,786,4395
2023-11-13 13:54:06,51,100,786,4395
2023-11-13 13:54:07,50,100,786,4395
2023-11-13 13:54:07,50,58,786,4395
2023-11-13 13:54:51,50,100,786,4395
2023-11-13 13:54:51,33,100,786,4395
2023-11-13 13:54:51,47,100,786,4395
2023-11-13 13:54:51,49,100,786,4395
2023-11-13 13:54:51,49,57,786,4395
2023-11-13 13:55:51,33,57,786,4395
2023-11-13 13:55:52,47,100,786,4395
2023-11-13 13:55:52,49,100,786,4395
2023-11-13 13:55:52,49,60,786,4395
2023-11-13 13:55:52,49,57,786,4395
2023-11-13 13:56:13,49,100,786,4395
2023-11-13 13:56:13,33,100,786,4395
2023-11-13 13:56:13,47,100,786,4395
2023-11-13 13:56:13,47,57,786,4395
2023-11-13 13:56:13,47,55,786,4395
2023-11-13 13:56:17,47,100,786,4395
2023-11-13 13:56:17,33,100,786,4395
2023-11-13 13:56:17,42,100,786,4395
2023-11-13 13:56:17,45,100,786,4395
2023-11-13 13:56:17,45,53,786,4395
2023-11-13 13:56:26,33,53,786,4395
2023-11-13 13:56:26,33,100,786,4395
2023-11-13 13:56:26,44,100,786,4395
2023-11-13 13:56:26,47,100,786,4395
2023-11-13 13:56:26,47,58,786,4395
2023-11-13 13:56:26,47,55,786,4395
2023-11-13 13:56:59,47,100,786,4395
2023-11-13 13:56:59,33,100,786,4395
2023-11-13 13:56:59,45,100,786,4395
2023-11-13 13:56:59,45,53,786,4395
2023-11-13 13:57:42,46,53,786,4395
2023-11-13 13:57:59,46,100,786,4395
2023-11-13 13:58:00,46,53,786,4395
2023-11-13 13:59:00,46,56,786,4395
2023-11-13 13:59:01,46,52,786,4395
2023-11-13 13:59:03,46,100,786,4395
2023-11-13 13:59:03,46,54,786,4395
2023-11-13 13:59:03,46,51,786,4395
2023-11-13 13:59:44,46,100,786,4395
2023-11-13 13:59:44,46,53,786,4395
2023-11-13 13:59:44,46,50,786,4395
2023-11-13 14:00:00,46,100,786,4395
2023-11-13 14:00:01,46,54,786,4395
2023-11-13 14:00:01,46,51,786,4395
2023-11-13 14:00:54,46,100,786,4395
2023-11-13 14:00:54,46,51,786,4395
2023-11-13 14:00:54,46,49,786,4395
2023-11-13 14:00:54,44,49,786,4396
2023-11-13 14:00:58,44,100,786,4396
2023-11-13 14:00:58,44,47,786,4396
2023-11-13 14:01:02,44,100,786,4396
2023-11-13 14:01:02,44,48,786,4396
2023-11-13 14:01:13,44,100,786,4396
2023-11-13 14:01:13,44,50,786,4396
2023-11-13 14:01:21,44,100,786,4396
2023-11-13 14:01:21,44,49,786,4396
2023-11-13 14:01:32,44,100,786,4396
2023-11-13 14:01:32,44,53,786,4396
2023-11-13 14:01:32,44,50,786,4396
2023-11-13 14:01:45,44,100,786,4396
2023-11-13 14:01:45,44,51,786,4396
2023-11-13 14:01:59,43,51,786,4396
2023-11-13 14:02:45,40,51,786,4396
2023-11-13 14:02:46,43,100,786,4396
2023-11-13 14:02:46,43,53,786,4396
2023-11-13 14:02:46,43,51,786,4396
2023-11-13 14:02:51,40,51,786,4396
2023-11-13 14:02:51,40,100,786,4396
2023-11-13 14:02:51,41,100,786,4396
2023-11-13 14:02:51,44,100,786,4396
2023-11-13 14:02:51,44,52,786,4396
2023-11-13 14:03:16,44,100,786,4396
2023-11-13 14:03:16,40,100,786,4396
2023-11-13 14:03:16,41,100,786,4396
2023-11-13 14:03:16,43,100,786,4396
2023-11-13 14:03:16,43,51,786,4396
2023-11-13 14:03:39,40,51,786,4396
2023-11-13 14:03:39,40,100,786,4396
2023-11-13 14:03:39,44,100,786,4396
2023-11-13 14:03:39,44,55,786,4396
2023-11-13 14:03:39,44,52,786,4396
2023-11-13 14:04:03,40,52,786,4396
2023-11-13 14:04:03,40,100,786,4396
2023-11-13 14:04:03,46,100,786,4396
2023-11-13 14:04:03,46,57,786,4396
2023-11-13 14:04:03,46,54,786,4396
2023-11-13 14:05:03,46,100,786,4396
2023-11-13 14:05:04,45,100,786,4396
2023-11-13 14:05:04,45,55,786,4396
2023-11-13 14:05:04,45,53,786,4396
2023-11-13 14:05:21,45,100,786,4396
2023-11-13 14:05:21,40,100,786,4396
2023-11-13 14:05:21,42,100,786,4396
2023-11-13 14:05:21,44,100,786,4396
2023-11-13 14:05:21,44,55,786,4396
2023-11-13 14:05:21,44,52,786,4396
2023-11-13 14:05:24,44,100,786,4396
2023-11-13 14:05:24,40,100,786,4396
2023-11-13 14:05:24,42,100,786,4396
2023-11-13 14:05:24,42,53,786,4396
2023-11-13 14:05:24,42,50,786,4396
2023-11-13 14:06:14,40,50,786,4396
2023-11-13 14:06:14,40,100,786,4396
2023-11-13 14:06:14,43,100,786,4396
2023-11-13 14:06:14,43,51,786,4396
2023-11-13 14:07:14,40,51,786,4396
2023-11-13 14:07:15,41,100,786,4396
2023-11-13 14:07:15,44,100,786,4396
2023-11-13 14:07:15,44,55,786,4396
2023-11-13 14:07:15,44,52,786,4396
2023-11-13 14:07:31,45,52,786,4396
2023-11-13 14:08:15,45,100,786,4396
2023-11-13 14:08:16,45,53,786,4396
2023-11-13 14:08:34,45,100,786,4396
2023-11-13 14:08:34,46,100,786,4396
2023-11-13 14:08:34,46,54,786,4396
2023-11-13 14:08:45,47,54,786,4396
2023-11-13 14:08:46,47,100,786,4396
2023-11-13 14:08:46,48,100,786,4396
2023-11-13 14:08:46,48,59,786,4396
2023-11-13 14:08:46,48,56,786,4396
2023-11-13 14:09:05,49,56,786,4396
2023-11-13 14:09:26,49,100,786,4396
2023-11-13 14:09:26,49,57,786,4396
2023-11-13 14:09:47,49,100,786,4396
2023-11-13 14:09:47,50,100,786,4396
2023-11-13 14:09:47,50,58,786,4396
2023-11-13 14:09:56,50,100,786,4396
2023-11-13 14:09:56,49,100,786,4396
2023-11-13 14:09:56,49,57,786,4396
2023-11-13 14:10:18,49,100,786,4396
2023-11-13 14:10:18,49,58,786,4396
2023-11-13 14:10:18,49,55,786,4396
2023-11-13 14:10:24,49,100,786,4396
2023-11-13 14:10:24,49,56,786,4396
2023-11-13 14:10:24,49,53,786,4396
2023-11-13 14:10:33,49,100,786,4396
2023-11-13 14:10:33,49,55,786,4396
2023-11-13 14:10:55,49,100,786,4396
2023-11-13 14:10:55,49,54,786,4396
2023-11-13 14:11:25,47,54,786,4396
2023-11-13 14:11:41,47,100,786,4396
2023-11-13 14:11:41,48,100,786,4396
2023-11-13 14:11:41,48,58,786,4396
2023-11-13 14:11:41,48,55,786,4396
2023-11-13 14:11:54,47,55,786,4396
2023-11-13 14:11:54,47,100,786,4396
2023-11-13 14:11:54,49,100,786,4396
2023-11-13 14:11:54,49,57,786,4396
2023-11-13 14:12:12,50,57,786,4396
2023-11-13 14:12:16,50,100,786,4396
2023-11-13 14:12:16,50,59,786,4396
2023-11-13 14:12:16,50,56,786,4396
2023-11-13 14:12:51,50,100,786,4396
2023-11-13 14:12:51,50,57,786,4396
2023-11-13 14:12:51,50,54,786,4396
2023-11-13 14:13:39,50,100,786,4396
2023-11-13 14:13:39,50,59,786,4396
2023-11-13 14:13:39,50,56,786,4396
2023-11-13 14:13:45,48,56,786,4396
2023-11-13 14:13:46,47,56,786,4396
2023-11-13 14:13:46,47,100,786,4396
2023-11-13 14:13:46,50,100,786,4396
2023-11-13 14:13:46,50,58,786,4396
2023-11-13 14:14:16,51,58,786,4396
2023-11-13 14:14:44,51,100,786,4396
2023-11-13 14:14:44,51,62,786,4396
2023-11-13 14:14:44,51,59,786,4396
2023-11-13 14:14:55,52,59,786,4396
2023-11-13 14:15:01,52,100,786,4396
2023-11-13 14:15:01,52,57,786,4396
2023-11-13 14:16:01,52,100,786,4396
2023-11-13 14:16:02,52,57,786,4396
2023-11-13 14:17:02,52,59,786,4396
2023-11-13 14:17:02,52,56,786,4396
2023-11-13 14:17:04,52,100,786,4396
2023-11-13 14:17:04,52,53,786,4396
2023-11-13 14:17:06,51,53,786,4397
2023-11-13 14:17:08,51,100,786,4397
2023-11-13 14:17:08,51,52,786,4397
2023-11-13 14:17:09,47,52,786,4398
2023-11-13 14:17:25,47,100,786,4398
2023-11-13 14:17:25,47,53,786,4398
2023-11-13 14:18:02,47,100,786,4398
2023-11-13 14:18:02,47,51,786,4398
2023-11-13 14:18:11,45,51,786,4399
2023-11-13 14:19:02,45,100,786,4399
2023-11-13 14:19:03,45,55,786,4399
2023-11-13 14:19:03,45,52,786,4399
2023-11-13 14:19:46,45,100,786,4399
2023-11-13 14:19:46,45,53,786,4399
2023-11-13 14:20:11,45,100,786,4399
2023-11-13 14:20:11,45,52,786,4399
2023-11-13 14:20:36,45,100,786,4399
2023-11-13 14:20:36,45,53,786,4399
2023-11-13 14:20:36,45,50,786,4399
2023-11-13 14:21:36,45,100,786,4399
2023-11-13 14:21:37,45,50,786,4399
2023-11-13 14:21:57,45,100,786,4399
2023-11-13 14:21:57,45,51,786,4399
2023-11-13 14:22:24,45,100,786,4399
2023-11-13 14:22:24,45,49,786,4399
2023-11-13 14:22:42,45,100,786,4399
2023-11-13 14:22:42,45,50,786,4399
2023-11-13 14:23:00,45,100,786,4399
2023-11-13 14:23:00,45,52,786,4399
2023-11-13 14:23:03,45,100,786,4399
2023-11-13 14:23:03,45,56,786,4399
2023-11-13 14:23:03,45,53,786,4399
2023-11-13 14:23:19,46,53,786,4399
2023-11-13 14:23:19,46,100,786,4399
2023-11-13 14:23:19,46,54,786,4399
2023-11-13 14:23:23,46,100,786,4399
2023-11-13 14:23:23,47,100,786,4399
2023-11-13 14:23:23,47,60,786,4399
2023-11-13 14:23:23,47,58,786,4399
2023-11-13 14:23:41,49,58,786,4399
2023-11-13 14:24:21,49,100,786,4399
2023-11-13 14:24:21,50,100,786,4399
2023-11-13 14:24:21,50,61,786,4399
2023-11-13 14:24:21,50,58,786,4399
2023-11-13 14:24:42,49,58,786,4399
2023-11-13 14:24:42,49,100,786,4399
2023-11-13 14:24:42,52,100,786,4399
2023-11-13 14:24:42,52,62,786,4399
2023-11-13 14:24:42,52,60,786,4399
2023-11-13 14:25:29,49,60,786,4399
2023-11-13 14:25:29,49,100,786,4399
2023-11-13 14:25:29,50,100,786,4399
2023-11-13 14:25:29,53,100,786,4399
2023-11-13 14:25:29,53,63,786,4399
2023-11-13 14:25:29,53,61,786,4399
2023-11-13 14:25:35,49,61,786,4399
2023-11-13 14:25:35,49,100,786,4399
2023-11-13 14:25:35,53,100,786,4399
2023-11-13 14:25:35,55,100,786,4399
2023-11-13 14:25:35,55,65,786,4399
2023-11-13 14:25:35,55,63,786,4399
2023-11-13 14:26:09,55,100,786,4399
2023-11-13 14:26:09,49,100,786,4399
2023-11-13 14:26:09,51,100,786,4399
2023-11-13 14:26:09,51,62,786,4399
2023-11-13 14:26:47,49,62,786,4399
2023-11-13 14:26:47,49,100,786,4399
2023-11-13 14:26:47,54,100,786,4399
2023-11-13 14:26:47,54,65,786,4399
2023-11-13 14:26:47,54,62,786,4399
2023-11-13 14:27:37,49,62,786,4399
2023-11-13 14:27:37,49,100,786,4399
2023-11-13 14:27:37,52,100,786,4399
2023-11-13 14:27:37,55,100,786,4399
2023-11-13 14:27:37,55,65,786,4399
2023-11-13 14:27:37,55,63,786,4399
2023-11-13 14:28:37,49,63,786,4399
2023-11-13 14:28:38,53,100,786,4399
2023-11-13 14:28:38,55,100,786,4399
2023-11-13 14:28:38,55,63,786,4399
2023-11-13 14:28:58,55,65,886,4499
2023-11-13 14:29:21,49,65,886,4499
2023-11-13 14:29:21,49,100,886,4499
2023-11-13 14:29:21,54,100,886,4499
2023-11-13 14:29:21,56,100,886,4499
2023-11-13 14:29:21,56,67,886,4499
2023-11-13 14:29:21,56,65,886,4499
2023-11-13 14:30:12,49,65,886,4499
2023-11-13 14:30:12,49,100,886,4499
2023-11-13 14:30:12,57,100,886,4499
2023-11-13 14:30:12,57,68,886,4499
2023-11-13 14:30:12,57,66,886,4499
2023-11-13 14:30:26,49,66,886,4499
2023-11-13 14:30:26,49,100,886,4499
2023-11-13 14:30:26,60,100,886,4499
2023-11-13 14:30:26,60,70,886,4499
2023-11-13 14:30:26,60,68,886,4499
2023-11-13 14:31:01,60,100,886,4499
2023-11-13 14:31:01,49,100,886,4499
2023-11-13 14:31:01,57,100,886,4499
2023-11-13 14:31:01,57,68,886,4499
2023-11-13 14:31:01,57,66,886,4499
2023-11-13 14:31:05,57,100,886,4499
2023-11-13 14:31:05,49,100,886,4499
2023-11-13 14:31:05,56,100,886,4499
2023-11-13 14:31:05,56,65,886,4499
2023-11-13 14:31:08,56,100,886,4499
2023-11-13 14:31:08,49,100,886,4499
2023-11-13 14:31:08,56,100,886,4499
2023-11-13 14:31:08,56,63,886,4499
2023-11-13 14:31:45,56,65,962,4575
2023-11-13 14:31:59,56,67,962,4575
2023-11-13 14:31:59,49,67,962,4575
2023-11-13 14:31:59,54,67,962,4575
2023-11-13 14:31:59,54,62,962,4575
2023-11-13 14:32:07,54,67,962,4575
2023-11-13 14:32:07,52,67,962,4575
2023-11-13 14:32:07,53,67,962,4575
2023-11-13 14:32:07,53,61,962,4575
2023-11-13 14:33:04,52,61,962,4575
2023-11-13 14:33:04,52,67,962,4575
2023-11-13 14:33:04,54,67,962,4575
2023-11-13 14:33:04,54,62,962,4575
2023-11-13 14:33:38,56,62,962,4575
2023-11-13 14:33:42,54,62,962,4575
2023-11-13 14:33:53,55,62,962,4575
2023-11-13 14:34:04,55,64,962,4575
2023-11-13 14:34:05,55,66,962,4575
2023-11-13 14:34:05,55,63,962,4575
2023-11-13 14:34:10,55,67,962,4575
2023-11-13 14:34:10,49,67,962,4575
2023-11-13 14:34:10,54,67,962,4575
2023-11-13 14:34:10,54,62,962,4575
2023-11-13 14:34:19,54,67,962,4575
2023-11-13 14:34:19,49,67,962,4575
2023-11-13 14:34:19,50,67,962,4575
2023-11-13 14:34:19,52,67,962,4575
2023-11-13 14:34:19,52,60,962,4575
2023-11-13 14:35:20,52,67,962,4575
2023-11-13 14:35:20,53,67,962,4575
2023-11-13 14:35:20,53,61,962,4575
2023-11-13 14:35:24,52,61,962,4575
2023-11-13 14:35:24,52,67,962,4575
2023-11-13 14:35:24,54,67,962,4575
2023-11-13 14:35:24,54,66,962,4575
2023-11-13 14:35:24,54,64,962,4575
2023-11-13 14:35:55,49,64,962,4575
2023-11-13 14:35:55,49,70,962,4575
2023-11-13 14:35:55,56,70,962,4575
2023-11-13 14:35:55,56,65,962,4575
2023-11-13 14:36:02,55,65,962,4575
2023-11-13 14:36:02,55,100,962,4575
2023-11-13 14:36:02,57,100,962,4575
2023-11-13 14:36:02,57,66,962,4575
2023-11-13 14:36:08,60,66,962,4575
2023-11-13 14:36:14,60,100,962,4575
2023-11-13 14:36:14,60,68,962,4575
2023-11-13 14:36:30,60,71,962,4575
2023-11-13 14:36:30,60,66,962,4575
2023-11-13 14:36:31,57,66,962,4575
2023-11-13 14:36:44,59,66,962,4575
2023-11-13 14:37:09,59,100,962,4575
2023-11-13 14:37:09,60,100,962,4575
2023-11-13 14:37:09,60,68,962,4575
2023-11-13 14:37:15,59,68,962,4575
2023-11-13 14:37:15,59,74,962,4575
2023-11-13 14:37:15,61,74,962,4575
2023-11-13 14:37:15,61,69,962,4575
2023-11-13 14:37:28,59,69,962,4575
2023-11-13 14:37:28,59,100,962,4575
2023-11-13 14:37:28,63,100,962,4575
2023-11-13 14:37:28,63,72,962,4575
2023-11-13 14:37:28,63,70,962,4575
2023-11-13 14:37:52,59,70,962,4575
2023-11-13 14:37:52,59,100,962,4575
2023-11-13 14:37:52,62,100,962,4575
2023-11-13 14:37:52,64,100,962,4575
2023-11-13 14:37:52,64,72,962,4575
2023-11-13 14:38:29,65,72,962,4575
2023-11-13 14:38:31,64,72,962,4575
2023-11-13 14:38:52,64,78,962,4575
2023-11-13 14:38:52,64,73,962,4575
2023-11-13 14:38:52,64,72,962,4575
2023-11-13 14:38:53,63,72,962,4575
2023-11-13 14:39:39,63,78,962,4575
2023-11-13 14:39:39,62,78,962,4575
2023-11-13 14:39:39,62,69,962,4575
2023-11-13 14:40:02,61,69,962,4575
2023-11-13 14:40:07,61,72,962,4575
2023-11-13 14:40:07,60,72,962,4575
2023-11-13 14:40:07,60,70,962,4575
2023-11-13 14:40:07,60,68,962,4575
2023-11-13 14:40:12,60,72,962,4575
2023-11-13 14:40:12,60,68,962,4575
2023-11-13 14:40:12,60,66,962,4575
2023-11-13 14:40:18,59,66,962,4575
2023-11-13 14:40:30,55,66,962,4575
2023-11-13 14:40:30,55,72,962,4575
2023-11-13 14:40:30,57,72,962,4575
2023-11-13 14:40:30,60,72,962,4575
2023-11-13 14:40:30,60,68,962,4575
2023-11-13 14:40:35,62,68,962,4575
2023-11-13 14:40:36,62,100,962,4575
2023-11-13 14:40:36,62,69,962,4575
2023-11-13 14:40:51,61,69,962,4575
2023-11-13 14:41:36,61,72,962,4575
2023-11-13 14:41:37,62,100,962,4575
2023-11-13 14:41:37,62,70,962,4575
2023-11-13 14:42:06,61,70,962,4575
2023-11-13 14:42:06,61,75,962,4575
2023-11-13 14:42:06,63,75,962,4575
2023-11-13 14:42:06,63,73,962,4575
2023-11-13 14:42:06,63,72,962,4575
2023-11-13 14:42:21,61,72,962,4575
2023-11-13 14:42:21,61,78,962,4575
2023-11-13 14:42:21,64,78,962,4575
2023-11-13 14:42:21,64,74,962,4575
2023-11-13 14:42:21,64,72,962,4575
2023-11-13 14:42:44,55,72,962,4575
2023-11-13 14:42:44,55,79,962,4575
2023-11-13 14:42:44,64,79,962,4575
2023-11-13 14:42:44,66,79,962,4575
2023-11-13 14:42:44,66,76,962,4575
2023-11-13 14:42:44,66,74,962,4575
2023-11-13 14:42:51,67,74,962,4575
2023-11-13 14:42:57,66,74,962,4575
2023-11-13 14:43:15,67,74,962,4575
2023-11-13 14:43:17,66,74,962,4575
2023-11-13 14:43:44,66,76,962,4575
2023-11-13 14:43:45,63,79,962,4575
2023-11-13 14:43:45,65,79,962,4575
2023-11-13 14:43:45,65,73,962,4575
2023-11-13 14:44:02,65,79,962,4575
2023-11-13 14:44:02,67,79,962,4575
2023-11-13 14:44:02,67,76,962,4575
2023-11-13 14:44:02,67,74,962,4575
2023-11-13 14:44:52,67,80,962,4575
2023-11-13 14:44:52,65,80,962,4575
2023-11-13 14:44:52,65,73,962,4575
2023-11-13 14:44:59,65,80,962,4575
2023-11-13 14:44:59,65,72,962,4575
2023-11-13 14:44:59,64,72,962,4575
2023-11-13 14:45:34,63,72,962,4575
2023-11-13 14:45:34,63,80,962,4575
2023-11-13 14:45:34,65,80,962,4575
2023-11-13 14:45:34,65,75,962,4575
2023-11-13 14:45:34,65,73,962,4575
2023-11-13 14:46:18,63,73,962,4575
2023-11-13 14:46:18,63,100,962,4575
2023-11-13 14:46:18,65,100,962,4575
2023-11-13 14:46:18,67,100,962,4575
2023-11-13 14:46:18,67,75,962,4575
2023-11-13 14:46:36,68,75,962,4575
2023-11-13 14:46:39,67,75,962,4575
2023-11-13 14:47:09,67,79,962,4575
2023-11-13 14:47:09,65,79,962,4575
2023-11-13 14:47:09,65,75,962,4575
2023-11-13 14:47:09,65,73,962,4575
2023-11-13 14:47:20,65,79,962,4575
2023-11-13 14:47:20,55,79,962,4575
2023-11-13 14:47:20,62,79,962,4575
2023-11-13 14:47:20,64,79,962,4575
2023-11-13 14:47:20,64,72,962,4575
2023-11-13 14:47:34,64,79,962,4575
2023-11-13 14:47:34,55,79,962,4575
2023-11-13 14:47:34,59,79,962,4575
2023-11-13 14:47:34,62,79,962,4575
2023-11-13 14:47:34,62,72,962,4575
2023-11-13 14:47:34,62,70,962,4575
2023-11-13 14:47:48,62,79,962,4575
2023-11-13 14:47:48,55,79,962,4575
2023-11-13 14:47:48,59,79,962,4575
2023-11-13 14:47:48,61,79,962,4575
2023-11-13 14:47:48,61,69,962,4575
2023-11-13 14:47:52,61,79,962,4575
2023-11-13 14:47:52,60,79,962,4575
2023-11-13 14:47:52,60,70,962,4575
2023-11-13 14:47:52,60,68,962,4575
2023-11-13 14:48:02,60,79,962,4575
2023-11-13 14:48:02,61,79,962,4575
2023-11-13 14:48:02,61,72,962,4575
2023-11-13 14:48:02,61,69,962,4575
2023-11-13 14:48:07,60,69,962,4575
2023-11-13 14:48:07,60,79,962,4575
2023-11-13 14:48:07,61,79,962,4575
2023-11-13 14:48:07,63,79,962,4575
2023-11-13 14:48:07,63,73,962,4575
2023-11-13 14:48:07,63,72,962,4575
2023-11-13 14:48:28,63,74,962,4575
2023-11-13 14:48:28,60,74,962,4575
2023-11-13 14:48:28,62,74,962,4575
2023-11-13 14:48:28,62,69,962,4575
2023-11-13 14:49:13,62,72,1012,4625
2023-11-13 14:49:28,60,72,1012,4625
2023-11-13 14:49:29,61,74,1012,4625
2023-11-13 14:49:29,61,72,1012,4625
2023-11-13 14:49:29,61,69,1012,4625
2023-11-13 14:49:42,61,74,1012,4625
2023-11-13 14:49:42,55,74,1012,4625
2023-11-13 14:49:42,60,74,1012,4625
2023-11-13 14:49:42,60,68,1012,4625
2023-11-13 14:50:32,60,70,1012,4625
2023-11-13 14:50:32,55,70,1012,4625
2023-11-13 14:50:32,56,70,1012,4625
2023-11-13 14:50:32,56,67,1012,4625
2023-11-13 14:51:09,56,70,1012,4625
2023-11-13 14:51:09,55,70,1012,4625
2023-11-13 14:51:09,56,70,1012,4625
2023-11-13 14:51:09,56,66,1012,4625
2023-11-13 14:51:09,56,64,1012,4625
2023-11-13 14:51:25,56,70,1012,4625
2023-11-13 14:51:25,55,70,1012,4625
2023-11-13 14:51:25,55,63,1012,4625
2023-11-13 14:51:37,55,100,1012,4625
2023-11-13 14:51:37,56,100,1012,4625
2023-11-13 14:51:37,56,65,1012,4625
2023-11-13 14:51:37,56,63,1012,4625
2023-11-13 14:52:30,56,67,1012,4625
2023-11-13 14:52:30,55,67,1012,4625
2023-11-13 14:52:30,55,64,1012,4625
2023-11-13 14:52:30,55,62,1012,4625
2023-11-13 14:52:32,57,62,1012,4625
2023-11-13 14:53:02,57,67,1012,4625
2023-11-13 14:53:02,57,63,1012,4625
2023-11-13 14:53:02,57,61,1012,4625
2023-11-13 14:53:03,55,61,1012,4625
2023-11-13 14:53:33,55,67,1012,4625
2023-11-13 14:53:33,55,61,1012,4625
2023-11-13 14:53:33,55,59,1012,4625
2023-11-13 14:53:34,55,67,1012,4625
2023-11-13 14:53:34,55,58,1012,4625
2023-11-13 14:53:35,52,58,1012,4626
2023-11-13 14:53:39,52,67,1012,4626
2023-11-13 14:53:39,52,55,1012,4626
2023-11-13 14:53:40,49,55,1012,4627
2023-11-13 14:53:43,49,100,1012,4627
2023-11-13 14:53:43,49,54,1012,4627
2023-11-13 14:53:56,49,53,1012,4627
2023-11-13 14:53:59,49,54,1012,4627
2023-11-13 14:54:01,49,100,1012,4627
2023-11-13 14:54:01,49,54,1012,4627
2023-11-13 14:54:01,49,51,1012,4627
2023-11-13 14:54:02,47,51,1012,4628
2023-11-13 14:54:05,47,100,1012,4628
2023-11-13 14:54:05,47,52,1012,4628
2023-11-13 14:54:05,47,49,1012,4628
2023-11-13 14:54:09,47,51,1012,4628
2023-11-13 14:54:28,47,55,1012,4628
2023-11-13 14:54:28,47,54,1012,4628
2023-11-13 14:54:37,47,100,1012,4628
2023-11-13 14:54:37,47,57,1012,4628
2023-11-13 14:54:37,47,54,1012,4628
2023-11-13 14:54:41,47,57,1148,4764
2023-11-13 14:55:19,48,57,1148,4764
2023-11-13 14:55:37,48,59,1148,4764
2023-11-13 14:55:38,48,56,1148,4764
2023-11-13 14:55:47,48,59,1148,4764
2023-11-13 14:55:47,49,59,1148,4764
2023-11-13 14:55:47,49,57,1148,4764
2023-11-13 14:55:52,49,58,1148,4764
2023-11-13 14:55:52,48,58,1148,4764
2023-11-13 14:55:52,48,56,1148,4764
2023-11-13 14:56:00,50,56,1148,4764
2023-11-13 14:56:07,50,100,1148,4764
2023-11-13 14:56:07,50,57,1148,4764
2023-11-13 14:56:15,50,100,1148,4764
2023-11-13 14:56:15,51,100,1148,4764
2023-11-13 14:56:15,51,62,1148,4764
2023-11-13 14:56:15,51,59,1148,4764
2023-11-13 14:56:31,51,62,1148,4764
2023-11-13 14:56:31,50,62,1148,4764
2023-11-13 14:56:31,50,57,1148,4764
2023-11-13 14:57:31,50,60,1148,4764
2023-11-13 14:57:32,50,61,1148,4764
2023-11-13 14:57:32,50,58,1148,4764
2023-11-13 14:58:08,50,59,1148,4764
2023-11-13 14:58:08,50,58,1148,4764
2023-11-13 14:58:08,50,56,1148,4764
2023-11-13 14:59:02,50,59,1148,4764
2023-11-13 14:59:02,50,58,1148,4764
2023-11-13 14:59:20,50,61,1148,4764
2023-11-13 14:59:20,50,60,1148,4764
2023-11-13 14:59:20,50,57,1148,4764
2023-11-13 14:59:37,50,61,1148,4764
2023-11-13 14:59:37,50,56,1148,4764
2023-11-13 15:00:01,50,61,1148,4764
2023-11-13 15:00:01,50,56,1148,4764
2023-11-13 15:00:01,50,54,1148,4764
2023-11-13 15:00:03,50,61,1148,4764
2023-11-13 15:00:03,50,52,1148,4764
2023-11-13 15:00:05,48,52,1148,4765
