datetime,bid,ask,open_interest,volume
2023-07-27 09:30:05,28,36,501,2135
2023-07-27 09:30:18,28,35,501,2135
2023-07-27 09:30:46,28,36,501,2135
2023-07-27 09:31:00,29,36,501,2135
2023-07-27 09:31:00,29,34,501,2135
2023-07-27 09:31:00,30,33,501,2135
2023-07-27 09:32:12,31,32,501,2135
2023-07-27 09:32:13,31,33,501,2135
2023-07-27 09:32:41,32,33,501,2135
2023-07-27 09:32:43,32,33,561,2195
2023-07-27 09:32:44,31,33,561,2195
2023-07-27 09:33:03,32,33,561,2195
2023-07-27 09:33:05,32,33,570,2204
2023-07-27 09:33:07,32,33,770,2404
2023-07-27 09:33:24,32,34,770,2604
2023-07-27 09:33:25,33,34,770,2604
2023-07-27 09:33:48,32,34,770,2604
2023-07-27 09:33:54,32,33,770,2604
2023-07-27 09:33:55,32,34,770,2604
2023-07-27 09:33:56,32,33,770,2604
2023-07-27 09:34:00,32,34,770,2704
2023-07-27 09:34:04,32,33,770,2704
2023-07-27 09:34:10,32,34,770,2704
2023-07-27 09:34:13,33,34,770,2704
2023-07-27 09:34:14,32,34,870,2804
2023-07-27 09:34:24,33,34,870,2804
2023-07-27 09:34:26,32,34,870,2804
2023-07-27 09:34:53,33,34,870,2804
2023-07-27 09:34:54,32,34,870,2804
2023-07-27 09:35:23,33,34,870,2804
2023-07-27 09:35:24,32,34,970,3004
2023-07-27 09:35:25,32,33,970,3004
2023-07-27 09:35:44,32,34,970,3004
2023-07-27 09:36:14,32,33,970,3004
2023-07-27 09:36:29,32,34,970,3004
2023-07-27 09:36:44,33,34,970,3004
2023-07-27 09:36:51,32,34,970,3004
2023-07-27 09:37:04,32,33,970,3004
2023-07-27 09:37:20,32,34,970,3004
2023-07-27 09:37:20,32,35,970,3004
2023-07-27 09:37:22,33,35,970,3004
2023-07-27 09:37:23,32,35,970,3004
2023-07-27 09:37:33,32,34,970,3004
2023-07-27 09:37:35,32,35,970,3004
2023-07-27 09:37:38,32,34,970,3004
2023-07-27 09:37:39,32,35,970,3004
2023-07-27 09:37:48,32,34,970,3004
2023-07-27 09:37:50,32,35,970,3004
2023-07-27 09:38:00,32,34,970,3004
2023-07-27 09:38:04,33,34,970,3004
2023-07-27 09:38:10,33,35,970,3004
2023-07-27 09:38:26,33,34,970,3004
2023-07-27 09:38:38,33,35,970,3004
2023-07-27 09:38:58,32,35,1370,3404
2023-07-27 09:38:59,33,35,1370,3404
2023-07-27 09:39:01,32,35,1620,3654
2023-07-27 09:39:01,32,34,1620,3654
2023-07-27 09:39:05,33,34,1620,3654
2023-07-27 09:39:07,33,34,2020,4054
2023-07-27 09:40:17,32,34,2020,4054
2023-07-27 09:40:30,32,33,2020,4054
2023-07-27 09:40:33,32,34,2020,4054
2023-07-27 09:40:37,32,33,2020,4054
2023-07-27 09:40:38,32,34,2020,4054
2023-07-27 09:40:39,32,33,2020,4054
2023-07-27 09:40:42,32,34,2020,4054
2023-07-27 09:40:48,32,33,2020,4054
2023-07-27 09:40:57,32,33,2420,4454
2023-07-27 09:41:47,32,33,2820,4854
2023-07-27 09:41:49,31,33,3020,5054
2023-07-27 09:41:50,31,32,3020,5054
2023-07-27 09:41:56,31,33,3020,5054
2023-07-27 09:42:46,32,33,3020,5054
2023-07-27 09:42:49,31,33,3020,5054
2023-07-27 09:42:59,31,32,3020,5054
2023-07-27 09:43:29,31,33,3020,5054
2023-07-27 09:43:37,32,33,3020,5054
2023-07-27 09:43:38,31,33,3020,5054
2023-07-27 09:43:39,32,33,3020,5054
2023-07-27 09:43:47,31,33,3020,5054
2023-07-27 09:43:50,31,33,2620,5454
2023-07-27 09:43:51,31,34,2620,5454
2023-07-27 09:43:52,31,33,2620,5454
2023-07-27 09:43:53,32,33,2620,5454
2023-07-27 09:43:54,32,34,2620,5454
2023-07-27 09:43:55,32,33,2620,5454
2023-07-27 09:43:56,31,33,2620,5454
2023-07-27 09:43:58,32,33,2620,5454
2023-07-27 09:44:02,31,33,2620,5454
2023-07-27 09:44:05,31,34,2420,5654
2023-07-27 09:44:08,32,34,2420,5654
2023-07-27 09:44:09,32,33,2420,5654
2023-07-27 09:44:09,32,33,2320,5754
2023-07-27 09:44:10,32,34,2320,5754
2023-07-27 09:44:11,33,34,2320,5754
2023-07-27 09:44:20,31,34,2320,5754
2023-07-27 09:44:22,32,34,2320,5754
2023-07-27 09:44:23,33,34,2320,5754
2023-07-27 09:44:25,32,34,2120,5954
2023-07-27 09:44:26,33,34,2120,5954
2023-07-27 09:44:28,33,34,1720,6354
2023-07-27 09:44:29,33,34,1520,6754
2023-07-27 09:44:30,33,34,1520,6904
2023-07-27 09:44:31,33,35,1320,7104
2023-07-27 09:44:33,33,34,1320,7104
2023-07-27 09:44:34,33,35,1470,7354
2023-07-27 09:44:37,33,34,1470,7354
2023-07-27 09:44:38,33,35,1620,7504
2023-07-27 09:44:39,33,35,1620,7904
2023-07-27 09:44:42,33,35,1801,8304
2023-07-27 09:44:43,33,35,2201,8704
2023-07-27 09:44:50,33,36,2251,8754
2023-07-27 09:44:50,33,35,2251,8754
2023-07-27 09:44:51,33,36,2501,9004
2023-07-27 09:44:51,33,35,2501,9004
2023-07-27 09:44:57,33,34,2501,9004
2023-07-27 09:45:36,33,35,2701,9204
2023-07-27 09:45:37,34,35,2701,9204
2023-07-27 09:45:50,33,35,2701,9204
2023-07-27 09:45:54,34,35,2701,9204
2023-07-27 09:45:54,34,36,2901,9404
2023-07-27 09:45:54,34,35,2901,9404
2023-07-27 09:45:56,34,35,3051,9554
2023-07-27 09:45:56,33,35,3051,9554
2023-07-27 09:45:58,33,34,3051,9554
2023-07-27 09:46:02,33,35,3151,9654
2023-07-27 09:46:03,33,34,3151,9654
2023-07-27 09:46:03,33,34,3251,9754
2023-07-27 09:46:03,33,35,3651,10154
2023-07-27 09:46:14,33,34,3651,10154
2023-07-27 09:46:17,33,35,3651,10154
2023-07-27 09:46:22,33,34,3651,10154
2023-07-27 09:46:26,33,35,3651,10154
2023-07-27 09:46:39,33,34,3651,10154
2023-07-27 09:46:42,33,35,3651,10154
2023-07-27 09:46:48,33,34,3651,10154
2023-07-27 09:46:51,33,35,3651,10154
2023-07-27 09:46:53,33,34,3651,10154
2023-07-27 09:46:57,33,35,3651,10154
2023-07-27 09:46:59,33,36,3651,10154
2023-07-27 09:46:59,33,35,3651,10154
2023-07-27 09:47:11,33,36,3651,10154
2023-07-27 09:47:11,33,35,3651,10154
2023-07-27 09:47:32,33,34,3651,10154
2023-07-27 09:47:37,33,35,3651,10154
2023-07-27 09:47:38,33,34,3651,10154
2023-07-27 09:47:39,33,35,3651,10154
2023-07-27 09:47:41,33,34,3651,10154
2023-07-27 09:47:44,33,35,3651,10154
2023-07-27 09:47:45,34,35,3651,10154
2023-07-27 09:47:45,34,36,3651,10154
2023-07-27 09:47:47,34,35,3651,10154
2023-07-27 09:47:48,34,36,3651,10154
2023-07-27 09:48:19,34,35,3651,10154
2023-07-27 09:48:26,34,36,3651,10154
2023-07-27 09:48:26,35,36,3651,10154
2023-07-27 09:48:29,35,36,3251,10554
2023-07-27 09:49:06,35,36,2851,10954
2023-07-27 09:49:34,34,36,2851,11154
2023-07-27 09:49:36,35,36,2851,11154
2023-07-27 09:49:37,34,36,2951,11254
2023-07-27 09:49:37,35,36,2951,11254
2023-07-27 09:49:39,34,36,3151,11454
2023-07-27 09:49:43,34,35,3151,11454
2023-07-27 09:49:45,34,36,3151,11454
2023-07-27 09:49:47,35,36,3151,11454
2023-07-27 09:49:47,34,36,3251,11554
2023-07-27 09:50:03,34,36,3251,11954
2023-07-27 09:50:13,34,35,3251,11954
2023-07-27 09:50:18,34,36,3251,11954
2023-07-27 09:50:24,34,35,3251,11954
2023-07-27 09:50:25,34,36,3251,11954
2023-07-27 09:50:26,34,35,3251,11954
2023-07-27 09:50:27,34,36,3251,11954
2023-07-27 09:50:29,34,35,3251,11954
2023-07-27 09:50:31,34,36,3251,11954
2023-07-27 09:50:36,34,35,3251,11954
2023-07-27 09:50:46,34,36,3251,11954
2023-07-27 09:51:32,34,35,3251,11954
2023-07-27 09:51:36,34,36,3251,11954
2023-07-27 09:52:42,34,35,3251,11954
2023-07-27 09:52:44,34,36,3251,11954
2023-07-27 09:52:47,34,35,3251,11954
2023-07-27 09:52:48,34,36,3251,11954
2023-07-27 09:53:48,35,36,3251,11954
2023-07-27 09:53:49,35,36,3251,12204
2023-07-27 09:53:51,34,36,3251,12354
2023-07-27 09:54:28,33,36,3251,12354
2023-07-27 09:54:38,34,36,3251,12354
2023-07-27 09:54:41,33,36,3251,12354
2023-07-27 09:54:51,34,36,3251,12354
2023-07-27 09:55:41,34,35,3251,12354
2023-07-27 09:55:43,34,36,3251,12354
2023-07-27 09:56:08,34,35,3251,12354
2023-07-27 09:56:10,34,36,3251,12354
2023-07-27 09:56:16,35,36,3251,12354
2023-07-27 09:56:55,35,37,3251,12354
2023-07-27 09:59:51,35,36,3251,12354
2023-07-27 09:59:52,35,37,3251,12354
2023-07-27 10:00:00,36,37,3251,12354
2023-07-27 10:00:22,36,37,2851,12754
2023-07-27 10:00:30,35,37,2720,12955
2023-07-27 10:05:51,36,37,2720,12955
2023-07-27 10:06:22,36,38,2650,13156
2023-07-27 10:09:24,37,38,2650,13156
2023-07-27 10:09:30,36,38,2650,13156
2023-07-27 10:09:38,37,38,2650,13156
2023-07-27 10:09:42,36,38,2650,13156
2023-07-27 10:13:02,36,37,2650,13156
2023-07-27 10:17:28,36,38,2650,13158
2023-07-27 10:17:35,37,38,2650,13158
2023-07-27 10:18:03,37,38,2650,13491
2023-07-27 10:19:31,38,39,2651,13492
2023-07-27 10:20:19,38,39,2706,13547
2023-07-27 10:24:48,37,39,2651,13702
2023-07-27 10:24:55,37,38,2651,13702
2023-07-27 10:25:04,37,38,2692,13744
2023-07-27 10:25:11,37,38,2892,13944
2023-07-27 10:25:12,36,38,3092,14144
2023-07-27 10:25:13,36,37,3092,14144
2023-07-27 10:25:22,35,36,3091,14145
2023-07-27 10:25:47,34,35,3090,14146
2023-07-27 10:25:48,34,36,3090,14146
2023-07-27 10:26:00,34,35,3090,14146
2023-07-27 10:26:07,34,35,2691,14546
2023-07-27 10:26:08,33,35,2491,14746
2023-07-27 10:26:08,34,35,2491,14746
2023-07-27 10:26:08,33,35,2491,14746
2023-07-27 10:26:08,34,35,2491,14746
2023-07-27 10:26:09,33,35,2491,14996
2023-07-27 10:26:11,33,35,2226,15396
2023-07-27 10:26:12,33,35,2226,15796
2023-07-27 10:26:20,33,34,2226,15796
2023-07-27 10:26:24,33,35,2226,15796
2023-07-27 10:26:31,33,34,2226,15796
2023-07-27 10:26:37,33,35,2226,16196
2023-07-27 10:26:42,33,34,2226,16196
2023-07-27 10:26:44,33,35,2292,16396
2023-07-27 10:26:45,34,35,2292,16396
2023-07-27 10:26:45,33,34,2292,16496
2023-07-27 10:27:14,32,33,2393,16597
2023-07-27 10:27:17,32,34,2527,16881
2023-07-27 10:27:18,33,34,2527,16881
2023-07-27 10:27:18,32,33,2627,16981
2023-07-27 10:27:20,32,34,2627,16981
2023-07-27 10:27:30,32,33,2627,16981
2023-07-27 10:27:31,32,33,2746,17100
2023-07-27 10:27:33,32,33,2866,17220
2023-07-27 10:28:12,31,33,2866,17220
2023-07-27 10:28:22,31,32,2866,17220
2023-07-27 10:28:45,30,31,2866,17221
2023-07-27 10:28:50,30,32,2866,17221
2023-07-27 10:28:53,30,32,2466,17621
2023-07-27 10:28:54,30,32,2465,18021
2023-07-27 10:28:55,29,32,2465,18071
2023-07-27 10:28:55,29,31,2465,18071
2023-07-27 10:28:56,29,30,2465,18071
2023-07-27 10:28:57,29,31,2265,18271
2023-07-27 10:29:12,29,30,2265,18271
2023-07-27 10:29:37,28,29,2265,18272
2023-07-27 10:30:09,28,30,2265,18272
2023-07-27 10:30:36,28,29,2265,18272
2023-07-27 10:32:11,28,30,2265,18272
2023-07-27 10:32:23,28,29,2265,18272
2023-07-27 10:32:39,28,30,2265,18272
2023-07-27 10:32:48,27,30,2265,18523
2023-07-27 10:32:53,28,30,2265,18523
2023-07-27 10:33:16,29,30,2265,18523
2023-07-27 10:33:16,28,30,2265,18923
2023-07-27 10:33:17,28,30,2265,19323
2023-07-27 10:33:22,28,30,2362,19723
2023-07-27 10:33:23,27,30,2362,19723
2023-07-27 10:33:30,27,30,2212,19973
2023-07-27 10:33:31,27,31,2212,19973
2023-07-27 10:33:31,28,31,2212,19973
2023-07-27 10:33:34,28,30,2212,19973
2023-07-27 10:33:35,28,29,2212,19973
2023-07-27 10:33:35,27,29,2412,20173
2023-07-27 10:33:35,28,29,2412,20173
2023-07-27 10:33:35,28,30,2412,20273
2023-07-27 10:33:36,28,29,2412,20273
2023-07-27 10:33:36,28,31,2604,20473
2023-07-27 10:33:37,28,30,2604,20473
2023-07-27 10:33:37,28,31,2704,20573
2023-07-27 10:33:38,28,30,2704,20573
2023-07-27 10:33:38,28,31,2804,20673
2023-07-27 10:33:39,28,30,2804,20673
2023-07-27 10:33:40,28,29,2804,20673
2023-07-27 10:33:40,28,31,3004,20873
2023-07-27 10:33:41,28,30,3004,20873
2023-07-27 10:33:42,28,31,3104,20973
2023-07-27 10:33:43,28,29,3104,20973
2023-07-27 10:33:43,28,31,3204,21073
2023-07-27 10:33:49,28,30,3204,21073
2023-07-27 10:33:50,28,31,3304,21173
2023-07-27 10:34:08,28,30,3304,21173
2023-07-27 10:34:12,28,31,3304,21173
2023-07-27 10:34:47,29,31,3304,21173
2023-07-27 10:34:47,28,31,3505,21374
2023-07-27 10:34:59,27,31,3705,21574
2023-07-27 10:35:39,27,30,3705,21574
2023-07-27 10:35:42,28,30,3705,21574
2023-07-27 10:35:43,28,31,3705,21574
2023-07-27 10:35:53,28,30,3705,21574
2023-07-27 10:35:54,28,31,3705,21574
2023-07-27 10:36:01,28,30,3705,21574
2023-07-27 10:36:02,28,31,3705,21574
2023-07-27 10:36:05,28,30,3705,21574
2023-07-27 10:36:06,28,31,3905,21774
2023-07-27 10:36:07,28,30,3905,21774
2023-07-27 10:36:07,28,31,4005,21874
2023-07-27 10:36:31,29,31,4005,21874
2023-07-27 10:36:33,28,31,4205,22074
2023-07-27 10:36:38,29,31,4205,22074
2023-07-27 10:36:44,28,31,4406,22275
2023-07-27 10:36:46,28,32,4406,22477
2023-07-27 10:36:47,29,32,4406,22477
2023-07-27 10:36:49,28,32,4806,22877
2023-07-27 10:36:50,28,31,4806,22877
2023-07-27 10:36:50,28,31,4806,23127
2023-07-27 10:36:51,29,31,4806,23127
2023-07-27 10:36:56,29,32,4806,23127
2023-07-27 10:36:56,29,31,4806,23127
2023-07-27 10:36:59,29,32,4808,23129
2023-07-27 10:37:11,29,31,4808,23129
2023-07-27 10:37:12,29,32,4908,23229
2023-07-27 10:38:01,29,32,4908,23259
2023-07-27 10:38:12,29,31,4908,23259
2023-07-27 10:38:13,29,32,4908,23459
2023-07-27 10:38:17,29,31,4908,23459
2023-07-27 10:38:25,29,32,4908,23459
2023-07-27 10:38:28,29,31,4908,23459
2023-07-27 10:38:29,29,32,4908,23459
2023-07-27 10:38:36,30,32,4908,23459
2023-07-27 10:38:55,31,32,4908,23459
2023-07-27 10:38:59,31,33,4908,23631
2023-07-27 10:40:16,32,33,4908,23631
2023-07-27 10:40:43,32,33,4908,23633
2023-07-27 10:41:27,32,33,4908,23833
2023-07-27 10:41:27,32,34,4908,23932
2023-07-27 10:43:05,33,34,4908,23932
2023-07-27 10:43:11,33,35,4908,23933
2023-07-27 10:43:58,34,35,4908,23933
2023-07-27 10:44:52,35,36,4907,23934
2023-07-27 10:44:56,34,36,4907,23934
2023-07-27 10:45:00,35,36,4907,23934
2023-07-27 10:45:01,34,36,4907,23934
2023-07-27 10:45:03,35,36,4907,23934
2023-07-27 10:45:08,34,36,4907,23934
2023-07-27 10:45:56,34,36,4907,24489
2023-07-27 10:45:57,34,37,4907,24489
2023-07-27 10:45:57,35,37,4907,24489
2023-07-27 10:46:07,36,37,4907,24489
2023-07-27 10:46:20,37,38,4907,24490
2023-07-27 10:46:48,37,38,4508,24890
2023-07-27 10:46:50,37,38,4108,25290
2023-07-27 10:47:30,37,39,3907,25491
2023-07-27 10:47:30,37,38,3907,25491
2023-07-27 10:48:03,38,39,3907,25492
2023-07-27 10:48:16,37,39,3907,25492
2023-07-27 10:48:42,38,39,3907,25492
2023-07-27 10:48:45,37,39,3907,25492
2023-07-27 10:49:41,37,39,3507,25892
2023-07-27 10:49:50,37,40,3307,26093
2023-07-27 10:50:02,37,39,3307,26093
2023-07-27 10:50:03,38,39,3307,26093
2023-07-27 10:50:08,37,39,3307,26093
2023-07-27 10:50:15,38,39,3307,26093
2023-07-27 10:50:17,37,39,3307,26093
2023-07-27 10:50:17,38,39,3307,26093
2023-07-27 10:50:19,38,39,3307,26194
2023-07-27 10:50:33,38,40,3107,26395
2023-07-27 10:50:34,38,40,2962,26795
2023-07-27 10:50:57,38,40,2962,27195
2023-07-27 10:51:16,39,40,2962,27195
2023-07-27 10:51:20,39,40,2712,27445
2023-07-27 10:51:23,38,40,2712,27445
2023-07-27 10:51:34,38,39,2712,27445
2023-07-27 10:51:39,38,39,2567,27695
2023-07-27 10:51:44,38,39,2567,27945
2023-07-27 10:51:45,37,39,2567,27945
2023-07-27 10:51:48,38,39,2567,27945
2023-07-27 10:51:48,38,39,2317,28195
2023-07-27 10:51:49,37,39,2216,28296
2023-07-27 10:51:59,38,39,2216,28296
2023-07-27 10:52:05,37,39,2216,28296
2023-07-27 10:52:22,37,39,2616,28696
2023-07-27 10:52:25,37,38,2616,28696
2023-07-27 10:52:28,36,38,2615,28897
2023-07-27 10:52:35,37,38,2615,28897
2023-07-27 10:52:36,36,38,2615,29097
2023-07-27 10:52:37,37,38,2615,29097
2023-07-27 10:52:38,36,38,2565,29347
2023-07-27 10:52:39,37,38,2565,29347
2023-07-27 10:52:41,36,38,2565,29547
2023-07-27 10:52:43,36,38,2315,29797
2023-07-27 10:52:44,36,37,2315,29797
2023-07-27 10:52:45,35,37,2115,29997
2023-07-27 10:52:47,36,37,2115,29997
2023-07-27 10:52:49,35,37,2115,30097
2023-07-27 10:52:50,36,37,2115,30097
2023-07-27 10:52:51,35,37,2114,30198
2023-07-27 10:52:59,36,37,2114,30198
2023-07-27 10:53:01,35,37,2114,30198
2023-07-27 10:53:09,36,37,2114,30198
2023-07-27 10:53:15,36,38,2315,30399
2023-07-27 10:53:30,35,38,2345,30600
2023-07-27 10:53:30,36,38,2345,30600
2023-07-27 10:53:32,35,38,2445,30700
2023-07-27 10:53:32,36,38,2445,30700
2023-07-27 10:53:32,35,38,2545,30800
2023-07-27 10:53:33,36,38,2545,30800
2023-07-27 10:53:34,35,38,2645,30900
2023-07-27 10:54:03,36,38,2645,30900
2023-07-27 10:54:09,37,38,2645,30900
2023-07-27 10:54:11,37,38,2895,31150
2023-07-27 10:55:05,36,37,2895,31151
2023-07-27 10:55:40,37,38,2896,31152
2023-07-27 10:55:45,36,38,2896,31152
2023-07-27 10:55:46,36,39,2899,31155
2023-07-27 10:55:46,37,39,2899,31155
2023-07-27 10:55:49,38,39,2899,31155
2023-07-27 10:56:31,38,39,3099,31355
2023-07-27 10:56:32,37,39,3099,31355
2023-07-27 10:56:34,37,38,3099,31355
2023-07-27 10:58:27,36,37,3099,31356
2023-07-27 10:58:29,35,36,3099,31357
2023-07-27 10:58:29,35,36,3100,31477
2023-07-27 10:58:30,34,36,3100,31477
2023-07-27 10:58:37,34,35,3100,31477
2023-07-27 10:58:40,33,34,3101,31478
2023-07-27 10:58:41,32,33,3102,31479
2023-07-27 10:58:46,31,32,3102,31480
2023-07-27 10:58:55,31,34,3102,31480
2023-07-27 10:58:56,32,34,3102,31480
2023-07-27 10:59:03,32,33,3102,31480
2023-07-27 10:59:07,32,34,3102,31480
2023-07-27 10:59:08,32,33,3102,31480
2023-07-27 10:59:11,31,32,3102,31481
2023-07-27 10:59:13,30,31,3102,31482
2023-07-27 10:59:18,29,30,3103,31483
2023-07-27 10:59:30,28,29,3103,31484
2023-07-27 10:59:40,28,30,3103,31484
2023-07-27 10:59:49,29,30,3103,31484
2023-07-27 11:00:02,30,31,3102,31546
2023-07-27 11:00:06,31,32,3101,31547
2023-07-27 11:00:15,31,32,3100,31548
2023-07-27 11:00:18,32,33,3099,31549
2023-07-27 11:00:21,31,33,2899,31749
2023-07-27 11:00:22,31,33,2699,32149
2023-07-27 11:00:22,32,33,2699,32149
2023-07-27 11:00:23,31,32,2699,32150
2023-07-27 11:00:28,31,33,2699,32150
2023-07-27 11:00:42,31,33,2498,32351
2023-07-27 11:00:59,32,33,2498,32351
2023-07-27 11:01:14,33,34,2497,32352
2023-07-27 11:01:18,33,34,2375,32752
2023-07-27 11:01:19,32,34,2375,32802
2023-07-27 11:01:19,33,34,2375,32802
2023-07-27 11:01:20,32,34,2375,33052
2023-07-27 11:01:21,32,33,2375,33052
2023-07-27 11:01:22,32,34,2375,33052
2023-07-27 11:01:23,33,34,2375,33052
2023-07-27 11:01:28,33,35,2374,33053
2023-07-27 11:01:42,33,35,2165,33386
2023-07-27 11:01:51,34,35,2165,33386
2023-07-27 11:02:09,34,35,1965,33586
2023-07-27 11:02:15,34,36,1965,33756
2023-07-27 11:02:16,35,36,1965,33756
2023-07-27 11:02:22,34,36,2066,33857
2023-07-27 11:02:22,35,36,2066,33857
2023-07-27 11:02:22,34,36,2166,33957
2023-07-27 11:02:41,34,35,2166,33957
2023-07-27 11:02:50,34,35,2042,34357
2023-07-27 11:02:57,34,35,2042,34757
2023-07-27 11:02:58,34,35,2042,35157
2023-07-27 11:02:59,34,35,2042,35407
2023-07-27 11:02:59,34,35,1792,35657
2023-07-27 11:03:06,34,36,1791,35658
2023-07-27 11:03:14,34,36,1594,35855
2023-07-27 11:03:53,34,37,1594,36159
2023-07-27 11:03:54,34,36,1594,36159
2023-07-27 11:04:00,34,35,1594,36159
2023-07-27 11:04:02,34,36,1594,36159
2023-07-27 11:04:32,35,36,1594,36159
2023-07-27 11:04:38,34,36,1594,36159
2023-07-27 11:04:46,34,35,1594,36159
2023-07-27 11:05:32,34,36,1594,36159
2023-07-27 11:05:54,35,36,1594,36159
2023-07-27 11:06:02,35,37,1594,36159
2023-07-27 11:06:02,34,37,1594,36159
2023-07-27 11:06:03,35,37,1594,36159
2023-07-27 11:06:09,35,36,1594,36159
2023-07-27 11:06:17,35,37,1594,36159
2023-07-27 11:06:35,35,36,1594,36159
2023-07-27 11:07:15,34,35,1594,36260
2023-07-27 11:07:16,34,35,1594,36660
2023-07-27 11:07:24,34,36,1594,37010
2023-07-27 11:07:25,35,36,1594,37010
2023-07-27 11:07:26,34,36,1594,37110
2023-07-27 11:07:27,34,35,1594,37110
2023-07-27 11:07:29,34,36,1720,37310
2023-07-27 11:07:30,34,35,1720,37310
2023-07-27 11:07:35,33,35,1720,37511
2023-07-27 11:07:36,34,35,1720,37511
2023-07-27 11:07:37,34,35,1920,37711
2023-07-27 11:07:37,33,35,2017,37811
2023-07-27 11:07:40,34,35,2017,37811
2023-07-27 11:07:42,33,35,2118,37912
2023-07-27 11:07:45,34,35,2118,37912
2023-07-27 11:07:45,33,35,2218,38012
2023-07-27 11:07:46,34,35,2218,38012
2023-07-27 11:08:11,35,36,2218,38013
2023-07-27 11:08:11,34,36,2317,38112
2023-07-27 11:08:18,34,35,2317,38112
2023-07-27 11:08:21,33,35,2518,38313
2023-07-27 11:08:24,33,35,2918,38713
2023-07-27 11:08:25,33,36,2968,38763
2023-07-27 11:08:25,33,35,2968,38763
2023-07-27 11:08:28,33,34,2968,38763
2023-07-27 11:08:32,32,34,3169,38964
2023-07-27 11:08:38,32,33,3169,38964
2023-07-27 11:08:40,32,34,3169,38964
2023-07-27 11:08:53,33,34,3169,38964
2023-07-27 11:10:34,34,35,3168,38965
2023-07-27 11:12:44,33,34,3168,38966
2023-07-27 11:12:45,32,33,3168,38967
2023-07-27 11:12:46,32,34,3168,38967
2023-07-27 11:12:47,32,33,3168,38967
2023-07-27 11:13:13,32,33,3169,39066
2023-07-27 11:13:18,31,33,3169,39066
2023-07-27 11:13:20,31,32,3169,39066
2023-07-27 11:13:20,31,32,3169,39067
2023-07-27 11:13:21,31,33,3169,39067
2023-07-27 11:13:22,31,32,3169,39067
2023-07-27 11:13:23,31,33,3169,39067
2023-07-27 11:13:24,31,32,3169,39067
2023-07-27 11:13:25,31,33,3169,39067
2023-07-27 11:13:26,31,32,3169,39067
2023-07-27 11:13:29,30,31,3169,39068
2023-07-27 11:13:36,31,32,3070,39167
2023-07-27 11:13:36,31,33,3070,39167
2023-07-27 11:13:40,32,33,3070,39167
2023-07-27 11:13:50,32,33,2818,39567
2023-07-27 11:13:50,32,33,2818,39619
2023-07-27 11:13:55,31,33,2618,39870
2023-07-27 11:13:55,32,33,2618,39870
2023-07-27 11:13:56,31,33,2618,40120
2023-07-27 11:13:57,31,32,2618,40120
2023-07-27 11:14:06,31,33,2618,40120
2023-07-27 11:14:15,31,33,2285,40453
2023-07-27 11:14:35,31,32,2285,40453
2023-07-27 11:15:11,30,31,2285,40454
2023-07-27 11:15:27,30,32,2285,40454
2023-07-27 11:15:27,30,33,2285,40454
2023-07-27 11:15:27,30,32,2285,40454
2023-07-27 11:15:29,31,32,2285,40454
2023-07-27 11:15:30,31,33,2285,40454
2023-07-27 11:15:30,31,34,2285,40454
2023-07-27 11:15:30,31,33,2285,40454
2023-07-27 11:15:38,32,33,2285,40454
2023-07-27 11:15:40,31,33,2285,40454
2023-07-27 11:15:42,31,32,2285,40454
2023-07-27 11:17:11,31,33,2084,40655
2023-07-27 11:17:16,32,33,2084,40655
2023-07-27 11:17:25,31,33,2084,40655
2023-07-27 11:17:36,32,33,2084,40655
2023-07-27 11:17:38,31,33,1958,40855
2023-07-27 11:17:39,31,32,1958,40855
2023-07-27 11:17:39,31,33,1858,40955
2023-07-27 11:17:41,32,33,1858,40955
2023-07-27 11:17:44,32,34,1858,40955
2023-07-27 11:18:10,32,33,1858,40955
2023-07-27 11:18:10,32,34,1758,41055
2023-07-27 11:18:11,33,34,1758,41055
2023-07-27 11:18:22,33,35,1758,41055
2023-07-27 11:18:35,33,34,1758,41055
2023-07-27 11:18:39,33,35,1758,41055
2023-07-27 11:18:44,33,34,1758,41055
2023-07-27 11:18:49,33,35,1758,41055
2023-07-27 11:19:04,34,35,1758,41055
2023-07-27 11:21:09,33,34,1758,41056
2023-07-27 11:21:10,33,35,1758,41056
2023-07-27 11:21:12,34,35,1758,41056
2023-07-27 11:21:55,35,36,1758,41057
2023-07-27 11:22:25,36,37,1758,41058
2023-07-27 11:23:01,36,37,1957,41258
2023-07-27 11:23:02,36,37,2142,41508
2023-07-27 11:25:24,37,38,2142,41509
2023-07-27 11:26:22,38,39,2143,41510
2023-07-27 11:26:29,37,39,2143,41510
2023-07-27 11:26:32,38,39,2143,41510
2023-07-27 11:26:33,37,39,2143,41510
2023-07-27 11:27:04,38,39,2143,41510
2023-07-27 11:27:26,37,39,2143,41510
2023-07-27 11:27:46,38,39,2143,41510
2023-07-27 11:27:55,37,39,2143,41510
2023-07-27 11:28:00,38,39,2143,41510
2023-07-27 11:28:10,37,39,2143,41510
2023-07-27 11:28:19,38,39,2143,41510
2023-07-27 11:28:22,37,39,2143,41510
2023-07-27 11:28:24,38,39,2143,41510
2023-07-27 11:28:26,37,39,2143,41510
2023-07-27 11:28:27,38,39,2143,41510
2023-07-27 11:28:40,38,39,2343,41710
2023-07-27 11:28:41,38,39,2543,41910
2023-07-27 11:28:42,38,39,2793,42160
2023-07-27 11:28:47,38,39,3043,42410
2023-07-27 11:28:48,38,39,3293,42660
2023-07-27 11:28:56,38,40,3696,43063
2023-07-27 11:29:13,39,40,3696,43063
2023-07-27 11:29:16,39,41,3697,43264
2023-07-27 11:29:59,40,41,3697,43264
2023-07-27 11:30:28,41,42,3698,43265
2023-07-27 11:30:36,41,43,3699,43438
2023-07-27 11:30:37,42,43,3699,43438
2023-07-27 11:31:33,43,44,3700,43439
2023-07-27 11:32:19,43,44,3703,43442
2023-07-27 11:34:32,43,45,3704,43643
2023-07-27 11:37:11,43,44,3704,43643
2023-07-27 11:37:24,43,44,3904,44043
2023-07-27 11:37:25,43,45,3954,44093
2023-07-27 11:37:38,43,44,3954,44093
2023-07-27 11:37:44,43,45,3954,44093
2023-07-27 11:37:50,44,45,3954,44093
2023-07-27 11:38:54,44,45,3973,44193
2023-07-27 11:41:05,43,45,3973,44193
2023-07-27 11:41:36,44,45,3973,44193
2023-07-27 11:42:16,44,45,4373,44593
2023-07-27 11:42:17,44,45,4773,44993
2023-07-27 11:42:18,44,46,5023,45243
2023-07-27 11:42:18,44,45,5023,45243
2023-07-27 11:42:19,44,46,5023,45243
2023-07-27 11:42:19,43,46,5023,45243
2023-07-27 11:42:19,43,45,5023,45243
2023-07-27 11:42:26,44,45,5023,45243
2023-07-27 11:42:56,43,45,5022,45244
2023-07-27 11:43:11,44,45,5022,45244
2023-07-27 11:43:12,44,45,4772,45494
2023-07-27 11:43:13,43,45,4522,45744
2023-07-27 11:44:08,43,44,4522,45744
2023-07-27 11:44:10,42,44,4521,45745
2023-07-27 11:45:14,42,43,4521,45745
2023-07-27 11:45:40,41,43,4521,45745
2023-07-27 11:46:00,41,42,4521,45745
2023-07-27 11:46:08,42,43,4421,45846
2023-07-27 11:46:18,43,44,4421,45847
2023-07-27 11:46:20,42,44,4421,45847
2023-07-27 11:46:21,43,44,4421,45847
2023-07-27 11:46:46,42,44,4421,45847
2023-07-27 11:46:56,43,44,4421,45847
2023-07-27 11:47:20,44,45,4422,45848
2023-07-27 11:47:39,44,45,4422,46098
2023-07-27 11:47:40,43,45,4422,46098
2023-07-27 11:48:02,43,44,4422,46098
2023-07-27 11:48:17,42,44,4421,46099
2023-07-27 11:48:17,42,43,4421,46099
2023-07-27 11:48:19,41,43,4418,46102
2023-07-27 11:48:42,41,42,4418,46102
2023-07-27 11:48:42,40,41,4418,46106
2023-07-27 11:48:59,40,41,4454,46142
2023-07-27 11:49:02,39,41,4454,46342
2023-07-27 11:49:20,39,42,4454,46342
2023-07-27 11:49:20,39,41,4454,46342
2023-07-27 11:49:39,39,40,4454,46342
2023-07-27 11:49:57,39,40,4464,46352
2023-07-27 11:51:21,39,40,4564,46452
2023-07-27 11:52:00,39,40,4564,46652
2023-07-27 11:52:22,39,40,4564,46852
2023-07-27 11:52:29,39,40,4814,47102
2023-07-27 11:52:30,39,40,4914,47302
2023-07-27 11:52:32,39,40,5164,47552
2023-07-27 11:52:35,39,40,5364,47752
2023-07-27 11:52:36,39,40,5614,48002
2023-07-27 11:52:39,39,40,5864,48252
2023-07-27 11:52:42,39,41,5966,48354
2023-07-27 11:52:42,40,41,5966,48354
2023-07-27 11:53:59,39,40,5965,48355
2023-07-27 11:54:09,38,39,5964,48356
2023-07-27 11:55:19,37,38,5963,48357
2023-07-27 11:55:20,36,38,5962,48358
2023-07-27 11:55:22,36,37,5962,48358
2023-07-27 11:55:27,35,36,5961,48359
2023-07-27 11:55:41,34,35,5961,48360
2023-07-27 11:55:46,34,36,5961,48360
2023-07-27 11:55:47,34,36,5961,48460
2023-07-27 11:55:55,35,36,5961,48460
2023-07-27 11:56:27,35,37,5961,48460
2023-07-27 11:56:27,36,37,5961,48460
2023-07-27 11:56:40,35,37,5961,48460
2023-07-27 11:56:50,36,37,5961,48460
2023-07-27 11:56:56,36,38,5961,48460
2023-07-27 11:57:25,35,38,5961,48460
2023-07-27 11:57:46,36,38,5961,48460
2023-07-27 11:58:02,35,38,5961,48460
2023-07-27 11:58:16,35,37,5961,48460
2023-07-27 11:58:16,34,37,5961,48460
2023-07-27 11:58:20,34,36,5961,48460
2023-07-27 11:58:21,34,37,5961,48460
2023-07-27 11:59:02,34,36,5961,48460
2023-07-27 11:59:10,34,37,5961,48460
2023-07-27 11:59:35,35,37,5961,48460
2023-07-27 12:01:00,36,37,5961,48460
2023-07-27 12:01:07,36,38,5961,48460
2023-07-27 12:01:48,37,38,5961,48460
2023-07-27 12:01:58,37,39,5961,48460
2023-07-27 12:02:08,38,39,5961,48460
2023-07-27 12:02:08,38,39,5961,48710
2023-07-27 12:02:10,38,40,5961,48710
2023-07-27 12:02:18,38,39,5961,48710
2023-07-27 12:02:19,38,40,5961,48710
2023-07-27 12:02:28,38,39,5961,48710
2023-07-27 12:02:29,38,40,5961,48710
2023-07-27 12:02:37,38,39,5961,48710
2023-07-27 12:02:44,38,39,5961,48960
2023-07-27 12:02:45,38,40,5961,49160
2023-07-27 12:02:54,38,39,5961,49160
2023-07-27 12:02:54,38,41,5963,49645
2023-07-27 12:02:55,38,40,5963,49645
2023-07-27 12:03:19,39,40,5963,49645
2023-07-27 12:03:30,40,41,5964,49646
2023-07-27 12:03:58,40,41,5963,50046
2023-07-27 12:03:59,39,41,5963,50096
2023-07-27 12:03:59,40,41,5963,50096
2023-07-27 12:04:00,39,41,5963,50295
2023-07-27 12:04:22,40,41,5963,50295
2023-07-27 12:04:23,39,41,5963,50295
2023-07-27 12:05:26,40,41,5963,50295
2023-07-27 12:05:27,39,41,5963,50295
2023-07-27 12:05:37,40,41,5963,50295
2023-07-27 12:05:45,39,41,5963,50295
2023-07-27 12:05:54,40,41,5963,50295
2023-07-27 12:05:58,39,41,5963,50295
2023-07-27 12:06:14,40,41,5963,50295
2023-07-27 12:06:29,39,41,5963,50295
2023-07-27 12:06:36,40,41,5963,50295
2023-07-27 12:06:38,41,42,5964,50296
2023-07-27 12:06:51,40,42,5964,50296
2023-07-27 12:07:21,41,42,5964,50296
2023-07-27 12:07:26,40,42,5964,50296
2023-07-27 12:07:34,41,42,5964,50296
2023-07-27 12:07:46,41,43,5965,50297
2023-07-27 12:07:53,42,43,5965,50297
2023-07-27 12:08:07,42,44,5966,50298
2023-07-27 12:08:21,42,43,5966,50298
2023-07-27 12:08:29,42,44,5966,50298
2023-07-27 12:08:50,43,44,5966,50298
2023-07-27 12:08:54,42,44,5966,50298
2023-07-27 12:08:55,43,44,5966,50298
2023-07-27 12:09:05,43,45,5967,50499
2023-07-27 12:09:13,44,45,5967,50499
2023-07-27 12:09:14,43,45,5967,50499
2023-07-27 12:09:17,44,45,5967,50499
2023-07-27 12:09:21,43,45,5967,50499
2023-07-27 12:09:27,44,45,5967,50499
2023-07-27 12:09:28,43,45,5967,50499
2023-07-27 12:09:42,44,45,5967,50499
2023-07-27 12:09:43,43,45,5967,50499
2023-07-27 12:09:44,44,45,5967,50499
2023-07-27 12:09:45,43,45,5967,50499
2023-07-27 12:09:47,44,45,5967,50499
2023-07-27 12:09:52,43,45,5967,50499
2023-07-27 12:09:55,44,45,5967,50499
2023-07-27 12:09:57,43,45,5967,50499
2023-07-27 12:10:07,44,45,5967,50499
2023-07-27 12:11:06,45,46,5968,50500
2023-07-27 12:12:26,45,47,5969,50751
2023-07-27 12:12:59,45,48,5970,51152
2023-07-27 12:13:00,46,48,5970,51152
2023-07-27 12:16:02,47,48,5970,51152
2023-07-27 12:16:35,47,48,5970,51192
2023-07-27 12:17:25,46,48,5970,51192
2023-07-27 12:17:49,46,47,5970,51192
2023-07-27 12:17:56,46,48,5970,51192
2023-07-27 12:18:15,46,47,5970,51192
2023-07-27 12:20:16,46,47,5999,51292
2023-07-27 12:20:17,46,48,5999,51292
2023-07-27 12:20:26,46,47,5999,51292
2023-07-27 12:20:27,46,48,5999,51292
2023-07-27 12:20:31,46,47,5999,51292
2023-07-27 12:20:33,46,48,5999,51292
2023-07-27 12:20:41,46,47,5999,51292
2023-07-27 12:20:54,45,47,5999,51292
2023-07-27 12:21:18,45,46,5999,51292
2023-07-27 12:21:19,45,47,5999,51292
2023-07-27 12:21:22,44,47,5996,51395
2023-07-27 12:21:23,45,47,5996,51395
2023-07-27 12:21:43,44,47,5993,51498
2023-07-27 12:21:57,44,46,5993,51498
2023-07-27 12:21:58,45,46,5993,51498
2023-07-27 12:22:04,45,47,5993,51498
2023-07-27 12:22:30,46,47,5993,51498
2023-07-27 12:23:06,45,47,5993,51498
2023-07-27 12:23:16,46,47,5993,51498
2023-07-27 12:23:29,45,47,5993,51498
2023-07-27 12:23:38,46,47,5993,51498
2023-07-27 12:24:02,45,47,5993,51498
2023-07-27 12:24:07,46,47,5993,51498
2023-07-27 12:24:17,46,48,5993,51498
2023-07-27 12:25:00,47,48,5993,51498
2023-07-27 12:26:05,48,49,5993,51503
2023-07-27 12:27:37,49,50,5993,51504
2023-07-27 12:30:48,49,50,5990,51507
2023-07-27 12:32:55,49,51,5997,51516
2023-07-27 12:33:10,50,51,5997,51516
2023-07-27 12:36:59,51,52,5997,51517
2023-07-27 12:40:01,51,52,6397,51917
2023-07-27 12:54:13,50,52,6397,51917
2023-07-27 12:55:25,50,51,6397,51917
2023-07-27 12:55:30,50,52,6397,51917
2023-07-27 12:55:36,50,51,6397,51917
2023-07-27 12:58:07,50,52,6748,52268
2023-07-27 12:58:07,50,51,6748,52268
2023-07-27 12:58:17,50,52,6748,52268
2023-07-27 12:58:19,50,51,6748,52268
2023-07-27 12:59:54,50,52,6748,52268
2023-07-27 12:59:55,51,52,6748,52268
2023-07-27 13:01:18,52,53,6748,52269
2023-07-27 13:01:30,51,53,6748,52269
2023-07-27 13:01:50,52,53,6748,52269
2023-07-27 13:01:51,51,53,6748,52269
2023-07-27 13:01:56,52,53,6748,52269
2023-07-27 13:02:00,51,53,6748,52269
2023-07-27 13:02:05,51,52,6748,52269
2023-07-27 13:02:06,51,53,6748,52269
2023-07-27 13:02:13,52,53,6748,52269
2023-07-27 13:03:54,52,54,6968,52489
2023-07-27 13:03:54,53,54,6968,52489
2023-07-27 13:04:38,52,54,6968,52489
2023-07-27 13:04:46,52,53,6968,52489
2023-07-27 13:05:17,52,54,6968,52489
2023-07-27 13:05:27,52,53,6968,52489
2023-07-27 13:05:31,51,52,6967,52490
2023-07-27 13:05:32,51,52,6967,52690
2023-07-27 13:05:32,50,52,6967,52742
2023-07-27 13:05:33,50,51,6967,52742
2023-07-27 13:05:33,49,50,6965,52744
2023-07-27 13:05:35,48,49,6965,52745
2023-07-27 13:05:37,47,48,6965,52746
2023-07-27 13:05:37,46,47,7040,52822
2023-07-27 13:05:39,45,47,7040,53022
2023-07-27 13:05:42,46,47,7040,53022
2023-07-27 13:06:10,45,47,7036,53030
2023-07-27 13:06:11,44,47,7036,53030
2023-07-27 13:06:11,44,46,7036,53030
2023-07-27 13:06:23,45,46,7036,53030
2023-07-27 13:06:43,44,46,7036,53030
2023-07-27 13:06:44,44,45,7036,53030
2023-07-27 13:06:48,41,44,7036,53031
2023-07-27 13:06:48,41,43,7036,53031
2023-07-27 13:06:54,41,44,7036,53031
2023-07-27 13:06:59,41,43,7036,53031
2023-07-27 13:07:02,41,42,7036,53031
2023-07-27 13:07:18,41,43,7036,53031
2023-07-27 13:07:21,41,42,7036,53031
2023-07-27 13:07:22,40,41,7036,53032
2023-07-27 13:07:25,39,40,7036,53033
2023-07-27 13:07:26,39,41,7036,53107
2023-07-27 13:07:29,39,40,7036,53107
2023-07-27 13:07:35,38,39,7037,53108
2023-07-27 13:07:36,37,38,7037,53109
2023-07-27 13:07:37,36,37,7037,53110
2023-07-27 13:07:38,35,37,6837,53311
2023-07-27 13:07:40,35,38,6837,53311
2023-07-27 13:07:40,35,39,6837,53311
2023-07-27 13:07:58,35,38,6837,53311
2023-07-27 13:08:01,35,37,6837,53311
2023-07-27 13:08:02,35,36,6837,53311
2023-07-27 13:08:03,34,35,6837,53312
2023-07-27 13:08:06,33,34,6837,53313
2023-07-27 13:08:08,33,35,6837,53313
2023-07-27 13:08:11,33,34,6837,53313
2023-07-27 13:08:21,33,35,6837,53313
2023-07-27 13:08:25,33,36,6837,53313
2023-07-27 13:08:26,34,36,6837,53313
2023-07-27 13:08:27,33,36,6837,53313
2023-07-27 13:08:28,33,34,6837,53313
2023-07-27 13:08:29,34,36,6837,53414
2023-07-27 13:08:30,34,37,6837,53414
2023-07-27 13:08:32,34,36,6837,53414
2023-07-27 13:08:33,35,36,6837,53414
2023-07-27 13:08:36,36,37,6737,53514
2023-07-27 13:08:37,35,37,6737,53514
2023-07-27 13:08:37,36,37,6737,53514
2023-07-27 13:08:39,37,38,6734,53517
2023-07-27 13:08:56,37,38,6537,53917
2023-07-27 13:08:56,38,39,6536,53918
2023-07-27 13:08:57,37,39,6536,54168
2023-07-27 13:08:57,38,39,6536,54168
2023-07-27 13:08:58,37,39,6536,54418
2023-07-27 13:09:10,38,39,6536,54418
2023-07-27 13:09:11,37,39,6536,54668
2023-07-27 13:09:12,38,39,6536,54668
2023-07-27 13:09:14,38,40,6536,54673
2023-07-27 13:09:25,38,39,6536,54673
2023-07-27 13:09:26,38,39,6520,55073
2023-07-27 13:09:27,38,39,6520,55323
2023-07-27 13:09:29,39,40,6520,55373
2023-07-27 13:09:29,39,40,6620,55473
2023-07-27 13:09:30,39,41,6620,55574
2023-07-27 13:09:31,39,40,6620,55574
2023-07-27 13:09:31,39,41,6620,55674
2023-07-27 13:09:35,39,42,6620,55875
2023-07-27 13:09:36,39,41,6620,55875
2023-07-27 13:09:37,39,42,6620,55975
2023-07-27 13:09:37,40,42,6620,55975
2023-07-27 13:09:40,40,41,6620,55975
2023-07-27 13:09:42,40,42,6622,56225
2023-07-27 13:09:43,40,43,6622,56225
2023-07-27 13:09:56,40,42,6622,56225
2023-07-27 13:10:28,41,42,6622,56225
2023-07-27 13:10:34,40,42,6622,56225
2023-07-27 13:10:37,41,42,6622,56225
2023-07-27 13:10:43,41,42,6689,56625
2023-07-27 13:10:54,41,43,6689,56625
2023-07-27 13:10:59,41,43,6689,56775
2023-07-27 13:11:00,42,43,6689,56775
2023-07-27 13:11:09,41,43,6689,56775
2023-07-27 13:11:10,41,42,6689,56775
2023-07-27 13:11:13,41,42,6539,56925
2023-07-27 13:11:19,41,42,6490,56975
2023-07-27 13:11:49,42,43,6490,56976
2023-07-27 13:11:51,43,44,6490,56977
2023-07-27 13:11:53,42,44,6326,57177
2023-07-27 13:12:07,43,44,6326,57177
2023-07-27 13:12:48,42,44,6326,57177
2023-07-27 13:12:48,43,44,6326,57177
2023-07-27 13:12:50,43,44,6327,57577
2023-07-27 13:13:31,42,44,6327,57577
2023-07-27 13:14:01,42,43,6327,57577
2023-07-27 13:14:03,42,43,6327,57827
2023-07-27 13:14:12,42,44,6327,57827
2023-07-27 13:14:37,43,44,6327,57827
2023-07-27 13:14:44,42,44,6327,57827
2023-07-27 13:15:15,42,45,6328,57983
2023-07-27 13:15:17,42,44,6328,57983
2023-07-27 13:15:18,42,45,6328,57983
2023-07-27 13:15:29,43,45,6328,57983
2023-07-27 13:15:49,43,44,6328,57983
2023-07-27 13:16:02,42,43,6326,57985
2023-07-27 13:16:13,41,42,6323,57988
2023-07-27 13:16:14,40,41,6322,57989
2023-07-27 13:16:17,40,41,6692,58389
2023-07-27 13:16:18,40,42,6742,58439
2023-07-27 13:16:18,40,41,6742,58439
2023-07-27 13:16:22,40,42,6742,58439
2023-07-27 13:16:27,40,41,6742,58439
2023-07-27 13:16:30,39,41,6741,58540
2023-07-27 13:16:31,40,41,6741,58540
2023-07-27 13:16:32,39,40,6841,58640
2023-07-27 13:16:43,38,39,6841,58641
2023-07-27 13:16:50,37,39,6841,58742
2023-07-27 13:16:50,38,39,6841,58742
2023-07-27 13:16:53,37,39,6841,58742
2023-07-27 13:16:53,37,38,6841,58742
2023-07-27 13:16:57,36,38,6841,58943
2023-07-27 13:17:00,35,38,6841,59044
2023-07-27 13:17:01,35,37,6841,59044
2023-07-27 13:17:04,35,37,6592,59294
2023-07-27 13:17:04,35,36,6592,59294
2023-07-27 13:17:05,35,37,6592,59294
2023-07-27 13:17:07,35,36,6592,59294
2023-07-27 13:17:07,34,35,6692,59395
2023-07-27 13:17:09,34,35,6751,59454
2023-07-27 13:17:11,33,34,6851,59554
2023-07-27 13:17:13,32,33,6852,59555
2023-07-27 13:17:14,31,32,6853,59556
2023-07-27 13:17:21,30,31,6854,59557
2023-07-27 13:17:23,29,31,6855,59558
2023-07-27 13:17:23,29,30,6855,59558
2023-07-27 13:17:28,29,31,6855,59558
2023-07-27 13:17:44,30,31,6855,59558
2023-07-27 13:17:45,29,31,6655,59758
2023-07-27 13:17:46,30,31,6655,59758
2023-07-27 13:17:47,29,31,6655,59758
2023-07-27 13:17:49,30,31,6655,59758
2023-07-27 13:17:57,31,32,6656,59760
2023-07-27 13:18:41,32,33,6655,59761
2023-07-27 13:18:45,33,34,6653,59763
2023-07-27 13:18:53,34,35,6552,59864
2023-07-27 13:18:54,33,35,6552,59864
2023-07-27 13:19:02,34,35,6552,59864
2023-07-27 13:19:12,34,36,6552,59867
2023-07-27 13:19:12,35,36,6552,59867
2023-07-27 13:19:17,34,36,6552,59867
2023-07-27 13:19:17,34,37,6552,59867
2023-07-27 13:19:18,35,37,6552,59867
2023-07-27 13:19:34,35,36,6552,59867
2023-07-27 13:19:35,35,37,6552,59867
2023-07-27 13:19:37,34,37,6752,60067
2023-07-27 13:19:37,34,36,6752,60067
2023-07-27 13:19:38,32,33,6752,60069
2023-07-27 13:19:53,31,32,6752,60070
2023-07-27 13:19:56,30,31,6752,60071
2023-07-27 13:19:57,29,30,6752,60072
2023-07-27 13:20:02,28,29,6752,60073
2023-07-27 13:20:03,27,28,6753,60074
2023-07-27 13:20:03,26,27,6754,60075
2023-07-27 13:20:04,25,26,6755,60076
2023-07-27 13:20:06,24,25,6755,60077
2023-07-27 13:20:10,23,24,6755,60078
2023-07-27 13:20:24,22,23,6755,60079
2023-07-27 13:20:31,22,24,6755,60269
2023-07-27 13:20:31,22,23,6755,60269
2023-07-27 13:20:32,22,24,6755,60269
2023-07-27 13:20:32,22,23,6755,60269
2023-07-27 13:20:32,22,24,6755,60269
2023-07-27 13:20:32,22,23,6755,60269
2023-07-27 13:20:43,22,24,6755,60269
2023-07-27 13:20:51,22,23,6755,60269
2023-07-27 13:21:25,22,24,6755,60269
2023-07-27 13:21:26,22,23,6755,60269
2023-07-27 13:21:27,23,24,6655,60369
2023-07-27 13:21:32,22,24,6655,60369
2023-07-27 13:21:34,23,24,6655,60369
2023-07-27 13:21:35,23,26,6655,60369
2023-07-27 13:21:38,23,25,6655,60369
2023-07-27 13:21:50,22,25,6655,60369
2023-07-27 13:21:53,22,25,6646,60378
2023-07-27 13:22:04,23,25,6646,60378
2023-07-27 13:22:05,24,25,6646,60378
2023-07-27 13:22:06,25,26,6553,60471
2023-07-27 13:22:07,24,26,6553,60471
2023-07-27 13:22:08,25,26,6553,60471
2023-07-27 13:22:13,24,26,6553,60471
2023-07-27 13:22:13,25,26,6553,60471
2023-07-27 13:22:35,23,26,6553,60471
2023-07-27 13:22:36,23,25,6553,60471
2023-07-27 13:22:41,24,25,6553,60471
2023-07-27 13:22:49,24,26,6553,60471
2023-07-27 13:23:09,25,26,6553,60471
2023-07-27 13:23:16,26,27,6552,60472
2023-07-27 13:23:37,26,28,6552,60472
2023-07-27 13:23:43,27,28,6552,60472
2023-07-27 13:24:00,26,28,6552,60472
2023-07-27 13:24:02,26,27,6552,60472
2023-07-27 13:24:05,26,28,6552,60472
2023-07-27 13:24:25,26,27,6552,60472
2023-07-27 13:24:33,26,28,6552,60472
2023-07-27 13:24:44,26,27,6552,60472
2023-07-27 13:24:45,26,28,6552,60472
2023-07-27 13:24:54,26,27,6552,60472
2023-07-27 13:25:03,25,26,6553,60473
2023-07-27 13:25:06,24,25,6554,60474
2023-07-27 13:25:12,23,25,6554,60474
2023-07-27 13:25:40,23,26,6554,60474
2023-07-27 13:25:45,24,26,6554,60474
2023-07-27 13:26:28,24,25,6554,60474
2023-07-27 13:26:29,23,24,6554,60475
2023-07-27 13:26:33,22,24,6554,60475
2023-07-27 13:26:47,22,25,6554,60475
2023-07-27 13:26:49,22,24,6554,60475
2023-07-27 13:26:51,22,25,6554,60475
2023-07-27 13:26:55,22,24,6554,60475
2023-07-27 13:27:03,22,23,6554,60475
2023-07-27 13:27:19,22,24,6554,60475
2023-07-27 13:27:31,22,25,6554,60475
2023-07-27 13:27:39,22,24,6554,60475
2023-07-27 13:28:06,22,25,6554,60475
2023-07-27 13:28:28,22,24,6554,60475
2023-07-27 13:28:35,22,25,6554,60475
2023-07-27 13:28:49,22,24,6554,60475
2023-07-27 13:28:53,22,23,6554,60475
2023-07-27 13:28:54,21,22,6555,60476
2023-07-27 13:29:15,20,21,6556,60477
2023-07-27 13:29:25,20,22,6556,60477
2023-07-27 13:29:26,20,21,6556,60477
2023-07-27 13:29:26,20,22,6556,60477
2023-07-27 13:29:28,20,21,6556,60477
2023-07-27 13:29:33,20,22,6556,60477
2023-07-27 13:29:36,20,21,6556,60477
2023-07-27 13:29:41,20,22,6556,60477
2023-07-27 13:30:01,20,21,6556,60477
2023-07-27 13:30:03,20,22,6556,60477
2023-07-27 13:30:04,20,21,6556,60477
2023-07-27 13:30:04,19,21,6557,60486
2023-07-27 13:30:07,18,21,6381,60679
2023-07-27 13:30:08,18,20,6381,60679
2023-07-27 13:30:18,17,20,6371,60890
2023-07-27 13:30:19,17,19,6371,60890
2023-07-27 13:30:28,17,18,6371,60890
2023-07-27 13:30:33,17,19,6371,60890
2023-07-27 13:30:34,17,18,6371,60890
2023-07-27 13:30:42,17,19,6371,60890
2023-07-27 13:30:51,17,20,6371,60890
2023-07-27 13:30:52,17,19,6371,60890
2023-07-27 13:31:03,17,19,6413,61133
2023-07-27 13:31:04,18,19,6413,61133
2023-07-27 13:31:06,18,20,6413,61133
2023-07-27 13:31:08,18,19,6413,61133
2023-07-27 13:31:14,17,19,6413,61133
2023-07-27 13:31:15,18,19,6413,61133
2023-07-27 13:31:22,17,19,6371,61176
2023-07-27 13:31:26,17,18,6371,61176
2023-07-27 13:31:26,16,18,6371,61427
2023-07-27 13:31:39,16,18,6371,61492
2023-07-27 13:31:51,16,17,6371,61492
2023-07-27 13:32:19,15,17,6371,61493
2023-07-27 13:32:22,15,16,6371,61493
2023-07-27 13:32:32,15,16,6621,61743
2023-07-27 13:32:33,15,16,6871,61993
2023-07-27 13:32:36,15,16,7371,62493
2023-07-27 13:32:48,15,16,7571,62693
2023-07-27 13:32:50,15,16,7821,62943
2023-07-27 13:32:51,15,16,8071,63193
2023-07-27 13:32:54,15,16,8271,63393
2023-07-27 13:32:58,15,17,8371,63493
2023-07-27 13:32:58,16,17,8371,63493
2023-07-27 13:33:06,16,18,8371,63494
2023-07-27 13:33:06,17,18,8371,63494
2023-07-27 13:34:00,17,19,8371,63494
2023-07-27 13:34:00,18,19,8371,63494
2023-07-27 13:34:05,18,20,8371,63496
2023-07-27 13:34:08,17,20,8371,63496
2023-07-27 13:34:20,17,19,8371,63496
2023-07-27 13:34:28,17,20,8371,63496
2023-07-27 13:34:32,17,19,8371,63496
2023-07-27 13:34:34,17,18,8371,63496
2023-07-27 13:34:35,17,18,8371,63546
2023-07-27 13:34:45,16,17,8371,63547
2023-07-27 13:35:27,16,18,8371,63547
2023-07-27 13:35:47,16,17,8371,63547
2023-07-27 13:36:00,15,16,8371,63548
2023-07-27 13:36:36,15,17,8371,63548
2023-07-27 13:36:38,15,16,8371,63548
2023-07-27 13:36:46,15,16,8371,63748
2023-07-27 13:36:46,14,16,8371,63799
2023-07-27 13:36:56,14,15,8371,63799
2023-07-27 13:37:05,14,16,8371,63799
2023-07-27 13:37:07,14,15,8371,63799
2023-07-27 13:37:09,14,16,8371,63799
2023-07-27 13:37:54,14,17,8371,63799
2023-07-27 13:38:03,14,16,8371,63799
2023-07-27 13:38:05,14,17,8371,63799
2023-07-27 13:38:09,14,16,8371,63799
2023-07-27 13:38:10,14,17,8371,63799
2023-07-27 13:38:14,14,16,8371,63799
2023-07-27 13:38:35,14,15,8371,63799
2023-07-27 13:38:39,13,14,8371,63800
2023-07-27 13:38:39,13,14,8430,63859
2023-07-27 13:38:40,12,14,8430,64051
2023-07-27 13:38:41,12,14,8430,64451
2023-07-27 13:38:42,11,14,8430,64451
2023-07-27 13:38:42,11,13,8430,64451
2023-07-27 13:38:44,11,12,8430,64451
2023-07-27 13:38:49,11,12,8430,64701
2023-07-27 13:38:52,11,13,8430,64751
2023-07-27 13:38:55,11,12,8430,64751
2023-07-27 13:38:55,11,13,8430,64851
2023-07-27 13:38:56,11,12,8430,64851
2023-07-27 13:38:57,11,13,8430,65051
2023-07-27 13:38:58,11,12,8430,65051
2023-07-27 13:39:00,11,13,8430,65251
2023-07-27 13:39:02,11,14,8430,65251
2023-07-27 13:39:02,12,14,8430,65251
2023-07-27 13:39:10,12,13,8430,65251
2023-07-27 13:39:17,12,14,8430,65251
2023-07-27 13:39:23,11,14,8630,65501
2023-07-27 13:39:23,11,13,8630,65501
2023-07-27 13:39:27,11,12,8630,65501
2023-07-27 13:39:28,11,12,8773,65644
2023-07-27 13:39:31,10,12,8831,65702
2023-07-27 13:39:48,10,12,8835,65706
2023-07-27 13:40:16,10,11,8835,65706
2023-07-27 13:40:17,10,12,8835,65956
2023-07-27 13:40:21,10,13,8835,65956
2023-07-27 13:40:22,10,12,8835,65956
2023-07-27 13:40:25,10,13,8835,65956
2023-07-27 13:40:26,11,13,8835,65956
2023-07-27 13:40:29,11,14,8835,65956
2023-07-27 13:40:29,12,14,8835,65956
2023-07-27 13:40:52,12,15,8835,65956
2023-07-27 13:40:52,13,15,8835,65956
2023-07-27 13:41:04,13,16,8835,65956
2023-07-27 13:41:10,13,15,8835,65956
2023-07-27 13:41:14,13,16,8835,65956
2023-07-27 13:41:14,14,16,8835,65956
2023-07-27 13:41:16,14,17,8835,65956
2023-07-27 13:41:28,14,16,8835,65956
2023-07-27 13:41:33,14,17,8835,65956
2023-07-27 13:41:43,15,17,8835,65956
2023-07-27 13:41:45,15,18,8835,65956
2023-07-27 13:41:48,15,17,8835,65956
2023-07-27 13:41:58,15,18,8835,65956
2023-07-27 13:41:59,16,18,8835,65956
2023-07-27 13:42:12,16,17,8835,65956
2023-07-27 13:42:13,16,18,8835,66156
2023-07-27 13:42:14,15,18,8835,66156
2023-07-27 13:42:18,16,18,8835,66156
2023-07-27 13:42:25,15,18,9085,66406
2023-07-27 13:42:25,15,17,9085,66406
2023-07-27 13:42:26,15,16,9085,66406
2023-07-27 13:42:27,15,17,9185,66506
2023-07-27 13:43:09,15,18,9185,66506
2023-07-27 13:43:18,16,18,9185,66506
2023-07-27 13:43:36,16,17,9185,66506
2023-07-27 13:43:38,15,17,9185,66506
2023-07-27 13:43:43,15,18,9185,66506
2023-07-27 13:43:53,15,17,9185,66506
2023-07-27 13:43:57,14,17,9185,66506
2023-07-27 13:44:09,14,16,9185,66506
2023-07-27 13:44:11,13,16,9185,66506
2023-07-27 13:44:22,14,16,9185,66506
2023-07-27 13:44:30,14,17,9185,66506
2023-07-27 13:44:47,15,17,9185,66506
2023-07-27 13:44:47,15,18,9185,66506
2023-07-27 13:45:03,14,18,9185,66506
2023-07-27 13:45:03,14,17,9185,66506
2023-07-27 13:45:44,14,16,9185,66506
2023-07-27 13:45:44,13,16,9185,66506
2023-07-27 13:45:47,13,15,9185,66506
2023-07-27 13:45:49,12,15,9185,66506
2023-07-27 13:45:49,12,14,9185,66506
2023-07-27 13:45:58,11,14,9185,66506
2023-07-27 13:45:58,11,13,9185,66506
2023-07-27 13:46:09,11,15,9185,66506
2023-07-27 13:46:09,11,14,9185,66506
2023-07-27 13:46:22,11,13,9185,66506
2023-07-27 13:46:24,11,12,9185,66506
2023-07-27 13:46:37,10,12,9185,66506
2023-07-27 13:46:39,10,12,9585,66906
2023-07-27 13:46:43,10,13,9585,66906
2023-07-27 13:47:01,10,12,9585,66906
2023-07-27 13:47:02,10,13,9585,66906
2023-07-27 13:47:04,10,12,9585,66906
2023-07-27 13:47:09,10,11,9585,66906
2023-07-27 13:47:16,10,12,9585,67156
2023-07-27 13:47:21,9,12,9585,67156
2023-07-27 13:47:21,9,11,9585,67156
2023-07-27 13:47:56,9,11,9645,67216
2023-07-27 13:48:21,9,12,9645,67216
2023-07-27 13:48:44,10,12,9645,67216
2023-07-27 13:48:50,10,13,9645,67216
2023-07-27 13:48:57,10,12,9645,67216
2023-07-27 13:49:00,10,11,9645,67216
2023-07-27 13:49:01,10,12,9845,67416
2023-07-27 13:49:03,9,12,9845,67416
2023-07-27 13:49:14,10,12,9845,67416
2023-07-27 13:49:15,10,13,9845,67416
2023-07-27 13:49:36,11,13,9845,67416
2023-07-27 13:49:48,10,13,9845,67416
2023-07-27 13:49:52,10,12,9845,67416
2023-07-27 13:49:54,9,12,9845,67416
2023-07-27 13:50:50,10,12,9845,67416
2023-07-27 13:51:04,11,12,9845,67416
2023-07-27 13:51:06,11,13,9845,67418
2023-07-27 13:51:16,12,13,9845,67418
2023-07-27 13:51:18,12,14,9845,67421
2023-07-27 13:51:18,11,14,9845,67421
2023-07-27 13:51:20,11,13,9845,67421
2023-07-27 13:52:02,11,12,9845,67421
2023-07-27 13:52:09,10,11,9845,67423
2023-07-27 13:52:11,10,12,9845,67423
2023-07-27 13:52:14,10,11,9845,67423
2023-07-27 13:52:17,10,12,9845,67423
2023-07-27 13:52:40,10,11,9845,67423
2023-07-27 13:52:54,9,10,9845,67424
2023-07-27 13:53:21,8,10,10036,67615
2023-07-27 13:53:31,8,9,10036,67615
2023-07-27 13:54:21,7,8,10037,67616
2023-07-27 13:54:59,7,9,10086,67665
2023-07-27 13:55:15,8,9,10086,67665
2023-07-27 13:55:35,8,10,10086,67666
2023-07-27 13:55:38,8,11,10086,67668
2023-07-27 13:55:50,8,10,10086,67668
2023-07-27 13:56:27,8,11,10086,67668
2023-07-27 13:56:38,8,10,10086,67668
2023-07-27 13:56:59,8,9,10086,67668
2023-07-27 13:57:23,7,8,10086,67669
2023-07-27 13:57:23,7,8,10184,67767
2023-07-27 13:57:37,7,9,10184,67767
2023-07-27 13:57:41,7,9,10184,67807
2023-07-27 13:57:46,7,8,10184,67807
2023-07-27 13:57:50,7,9,10184,67807
2023-07-27 13:58:08,7,9,10434,68307
2023-07-27 13:58:29,8,9,10434,68307
2023-07-27 14:00:12,8,9,10434,68427
2023-07-27 14:00:28,7,8,10434,68428
2023-07-27 14:00:29,6,8,10547,68671
2023-07-27 14:02:23,7,8,10547,68671
2023-07-27 14:02:34,7,9,10547,68671
2023-07-27 14:02:40,8,9,10547,68671
2023-07-27 14:02:46,7,9,10547,68671
2023-07-27 14:02:51,8,9,10547,68671
2023-07-27 14:02:52,7,9,10547,68671
2023-07-27 14:02:52,7,9,10549,68673
2023-07-27 14:02:53,8,9,10549,68673
2023-07-27 14:02:56,8,10,10549,68676
2023-07-27 14:03:07,9,10,10549,68676
2023-07-27 14:03:16,9,11,10549,68679
2023-07-27 14:03:34,10,11,10549,68679
2023-07-27 14:03:36,10,12,10549,68685
2023-07-27 14:03:42,10,13,10549,68685
2023-07-27 14:03:48,10,13,10549,68705
2023-07-27 14:04:02,11,13,10549,68705
2023-07-27 14:04:04,10,13,10549,68705
2023-07-27 14:04:09,10,12,10549,68705
2023-07-27 14:04:20,10,11,10549,68705
2023-07-27 14:04:29,9,11,10549,68705
2023-07-27 14:04:48,9,10,10549,68705
2023-07-27 14:04:53,8,10,10549,68705
2023-07-27 14:05:31,8,11,10549,68705
2023-07-27 14:05:31,8,10,10549,68705
2023-07-27 14:05:31,8,11,10549,68705
2023-07-27 14:05:48,8,10,10549,68705
2023-07-27 14:06:00,8,9,10549,68705
2023-07-27 14:06:02,7,9,10550,68706
2023-07-27 14:06:03,7,8,10550,68706
2023-07-27 14:06:04,6,8,10551,68707
2023-07-27 14:06:06,6,8,10611,68767
2023-07-27 14:06:14,6,8,10671,68827
2023-07-27 14:06:15,6,7,10671,68827
2023-07-27 14:06:18,6,8,10671,68827
2023-07-27 14:06:20,6,8,10731,68887
2023-07-27 14:06:21,5,7,10731,68887
2023-07-27 14:06:33,5,7,10791,68947
2023-07-27 14:06:40,5,6,10791,68947
2023-07-27 14:06:41,5,6,10793,68949
2023-07-27 14:06:41,5,6,10795,68951
2023-07-27 14:06:41,4,6,10986,69142
2023-07-27 14:06:48,4,6,11046,69202
2023-07-27 14:06:48,4,5,11046,69202
2023-07-27 14:06:48,4,6,11046,69202
2023-07-27 14:06:49,4,5,11046,69202
2023-07-27 14:06:57,4,6,11046,69202
2023-07-27 14:06:58,3,6,11183,69339
2023-07-27 14:06:58,3,5,11183,69339
2023-07-27 14:07:09,3,4,11183,69339
2023-07-27 14:07:09,3,4,11258,69414
2023-07-27 14:07:09,3,4,11508,69664
2023-07-27 14:07:11,3,4,11567,69723
2023-07-27 14:07:16,2,4,11684,69840
2023-07-27 14:07:18,2,3,11684,69840
2023-07-27 14:07:19,2,4,11684,69840
2023-07-27 14:08:52,2,3,11684,69840
2023-07-27 14:08:52,2,3,11743,69899
2023-07-27 14:09:19,2,4,11743,69899
2023-07-27 14:10:16,2,3,11743,69899
2023-07-27 14:10:35,1,2,11743,69900
2023-07-27 14:12:00,1,3,11743,69900
2023-07-27 14:13:38,1,2,11743,69900
2023-07-27 14:14:54,1,2,11699,69944
2023-07-27 14:15:14,1,3,11699,69944
2023-07-27 14:16:33,1,2,11699,69944
2023-07-27 14:17:25,1,3,11699,69944
2023-07-27 14:17:38,1,2,11699,69944
2023-07-27 14:17:39,1,3,11699,69944
2023-07-27 14:17:48,1,2,11699,69944
2023-07-27 14:18:54,1,3,11699,70344
2023-07-27 14:20:34,1,4,11699,70746
2023-07-27 14:20:37,1,3,11699,70746
2023-07-27 14:20:39,1,4,11699,70746
2023-07-27 14:20:47,1,3,11699,70746
2023-07-27 14:21:41,1,4,11699,70746
2023-07-27 14:21:42,1,3,11699,70746
2023-07-27 14:22:08,1,4,11699,70746
2023-07-27 14:22:13,1,3,11699,70746
2023-07-27 14:22:28,1,4,11699,70746
2023-07-27 14:22:32,1,3,11699,70746
2023-07-27 14:22:36,1,4,11699,70746
2023-07-27 14:22:52,1,3,11699,70746
2023-07-27 14:22:59,1,4,11699,70746
2023-07-27 14:23:03,1,3,11699,70746
2023-07-27 14:23:13,1,4,11699,70746
2023-07-27 14:23:15,3,4,11699,70746
2023-07-27 14:23:17,1,4,11899,70946
2023-07-27 14:23:27,1,3,11899,70946
2023-07-27 14:24:15,1,2,11899,70946
2023-07-27 14:25:35,1,2,12018,71065
2023-07-27 14:25:46,1,2,12018,71265
2023-07-27 14:26:49,1,2,12068,71315
2023-07-27 14:27:13,1,2,12168,71415
2023-07-27 14:27:55,1,2,12178,71425
2023-07-27 14:28:00,1,2,12183,71430
2023-07-27 14:28:01,1,2,12259,71506
2023-07-27 14:28:01,1,2,12335,71582
2023-07-27 14:28:01,1,2,12411,71658
2023-07-27 14:28:28,1,2,12411,71698
2023-07-27 14:29:20,1,2,12413,71700
2023-07-27 14:32:37,1,2,12472,71759
2023-07-27 14:36:39,1,2,12472,71799
2023-07-27 14:36:40,1,2,12533,71860
2023-07-27 14:36:40,1,2,12594,71921
2023-07-27 14:37:40,1,2,12725,72121
2023-07-27 14:37:55,1,2,12828,72224
2023-07-27 14:37:57,1,2,12957,72353
2023-07-27 14:38:15,1,2,13002,72398
2023-07-27 14:38:21,0,2,13092,72488
2023-07-27 14:50:20,0,1,13092,72488
2023-07-27 14:50:20,0,2,13092,72488
2023-07-27 14:53:11,0,1,13092,72488
