datetime,bid,ask,open_interest,volume
2023-02-16 09:34:55,16,38,1839,1839
2023-02-16 09:34:58,16,36,1839,1839
2023-02-16 09:39:22,16,30,1839,1839
2023-02-16 09:39:22,24,30,1839,1839
2023-02-16 09:40:53,26,30,1839,1839
2023-02-16 09:41:13,24,30,1839,1839
2023-02-16 09:41:13,25,30,1839,1839
2023-02-16 09:42:46,26,30,1839,1839
2023-02-16 09:42:48,26,31,1839,1839
2023-02-16 09:43:18,26,32,1839,1839
2023-02-16 09:43:46,27,32,1839,1839
2023-02-16 09:44:19,27,34,1839,1839
2023-02-16 09:44:19,27,36,1839,1839
2023-02-16 09:44:19,25,36,1839,1839
2023-02-16 09:44:19,16,36,1839,1839
2023-02-16 09:44:20,16,35,1839,1839
2023-02-16 09:44:20,16,33,1839,1839
2023-02-16 09:44:20,26,33,1839,1839
2023-02-16 09:44:21,26,31,1839,1839
2023-02-16 09:45:48,26,33,1839,1839
2023-02-16 09:45:49,27,33,1839,1839
2023-02-16 09:45:49,27,36,1839,1839
2023-02-16 09:45:50,27,32,1839,1839
2023-02-16 09:46:18,27,36,1839,1839
2023-02-16 09:46:18,22,36,1839,1839
2023-02-16 09:46:18,22,35,1839,1839
2023-02-16 09:46:19,24,35,1839,1839
2023-02-16 09:46:19,24,33,1839,1839
2023-02-16 09:46:19,24,31,1839,1839
2023-02-16 09:46:19,26,31,1839,1839
2023-02-16 09:46:48,26,35,1839,1839
2023-02-16 09:46:49,26,32,1839,1839
2023-02-16 09:47:18,26,34,1839,1839
2023-02-16 09:47:18,26,33,1839,1839
2023-02-16 09:47:18,26,31,1839,1839
2023-02-16 09:47:26,24,31,1631,2047
2023-02-16 09:47:47,24,32,1631,2047
2023-02-16 09:47:47,22,32,1631,2047
2023-02-16 09:47:47,16,32,1631,2047
2023-02-16 09:47:48,16,30,1631,2047
2023-02-16 09:47:48,21,30,1631,2047
2023-02-16 09:47:48,25,30,1631,2047
2023-02-16 09:48:19,23,30,1631,2047
2023-02-16 09:48:20,24,30,1631,2047
2023-02-16 09:48:20,24,31,1631,2047
2023-02-16 09:48:20,24,29,1631,2047
2023-02-16 09:49:48,22,29,1631,2047
2023-02-16 09:49:48,20,29,1631,2047
2023-02-16 09:49:48,23,29,1631,2047
2023-02-16 09:49:49,25,29,1631,2047
2023-02-16 09:49:49,25,30,1631,2047
2023-02-16 09:50:48,25,32,1631,2047
2023-02-16 09:50:48,21,32,1631,2047
2023-02-16 09:50:48,21,31,1631,2047
2023-02-16 09:50:48,22,31,1631,2047
2023-02-16 09:50:49,24,31,1631,2047
2023-02-16 09:50:49,26,31,1631,2047
2023-02-16 09:51:15,26,31,1531,2147
2023-02-16 09:51:17,26,33,1531,2147
2023-02-16 09:51:17,24,33,1531,2147
2023-02-16 09:51:17,22,33,1531,2147
2023-02-16 09:51:17,22,30,1531,2147
2023-02-16 09:51:17,15,30,1531,2147
2023-02-16 09:51:18,25,30,1531,2147
2023-02-16 09:51:23,23,30,1232,2446
2023-02-16 09:51:46,23,32,1232,2446
2023-02-16 09:51:47,23,34,1232,2446
2023-02-16 09:51:47,23,31,1232,2446
2023-02-16 09:51:48,23,29,1232,2446
2023-02-16 09:52:18,23,31,1232,2446
2023-02-16 09:52:18,23,28,1232,2446
2023-02-16 09:53:18,21,28,1232,2446
2023-02-16 09:53:18,21,30,1232,2446
2023-02-16 09:53:18,15,30,1232,2446
2023-02-16 09:53:18,20,30,1232,2446
2023-02-16 09:53:18,20,31,1232,2446
2023-02-16 09:53:18,20,29,1232,2446
2023-02-16 09:53:18,22,29,1232,2446
2023-02-16 09:53:19,22,27,1232,2446
2023-02-16 09:53:47,22,26,1232,2446
2023-02-16 09:53:48,21,26,1232,2446
2023-02-16 09:54:49,21,28,1232,2446
2023-02-16 09:54:49,21,30,1232,2446
2023-02-16 09:54:49,21,31,1232,2446
2023-02-16 09:54:49,22,31,1232,2446
2023-02-16 09:54:49,22,27,1232,2446
2023-02-16 09:56:18,20,27,1232,2446
2023-02-16 09:56:19,23,27,1232,2446
2023-02-16 09:56:19,23,28,1232,2446
2023-02-16 09:56:49,19,28,1232,2446
2023-02-16 09:56:50,19,26,1232,2446
2023-02-16 09:56:50,18,26,1232,2446
2023-02-16 09:56:50,20,26,1232,2446
2023-02-16 09:56:50,22,26,1232,2446
2023-02-16 09:57:18,20,26,1232,2446
2023-02-16 09:57:18,15,26,1232,2446
2023-02-16 09:57:18,15,28,1232,2446
2023-02-16 09:57:18,19,28,1232,2446
2023-02-16 09:57:18,21,28,1232,2446
2023-02-16 09:57:19,23,28,1232,2446
2023-02-16 09:58:19,21,28,1232,2446
2023-02-16 09:58:19,21,30,1232,2446
2023-02-16 09:58:19,15,30,1232,2446
2023-02-16 09:58:19,20,30,1232,2446
2023-02-16 09:58:19,20,28,1232,2446
2023-02-16 09:58:20,20,26,1232,2446
2023-02-16 09:58:20,22,26,1232,2446
2023-02-16 09:58:47,17,26,1232,2446
2023-02-16 09:58:47,19,26,1232,2446
2023-02-16 09:58:48,21,26,1232,2446
2023-02-16 09:59:20,21,28,1232,2446
2023-02-16 09:59:20,23,28,1232,2446
2023-02-16 09:59:48,21,28,1232,2446
2023-02-16 09:59:49,19,28,1232,2446
2023-02-16 09:59:49,15,28,1232,2446
2023-02-16 09:59:49,15,30,1232,2446
2023-02-16 09:59:49,15,33,1232,2446
2023-02-16 09:59:49,15,29,1232,2446
2023-02-16 09:59:50,20,29,1232,2446
2023-02-16 09:59:50,24,29,1232,2446
2023-02-16 10:00:52,24,33,1232,2446
2023-02-16 10:00:52,15,33,1232,2446
2023-02-16 10:00:52,23,33,1232,2446
2023-02-16 10:00:52,25,33,1232,2446
2023-02-16 10:00:53,25,32,1232,2446
2023-02-16 10:00:54,25,30,1232,2446
2023-02-16 10:01:21,25,32,1232,2446
2023-02-16 10:01:21,26,32,1232,2446
2023-02-16 10:01:22,26,33,1232,2446
2023-02-16 10:01:22,26,31,1232,2446
2023-02-16 10:01:53,26,29,1232,2446
2023-02-16 10:01:53,24,29,1232,2446
2023-02-16 10:02:25,24,31,1232,2446
2023-02-16 10:02:26,26,31,1232,2446
2023-02-16 10:03:21,24,31,1232,2446
2023-02-16 10:03:21,23,31,1232,2446
2023-02-16 10:03:24,25,31,1232,2446
2023-02-16 10:03:50,25,34,1232,2446
2023-02-16 10:03:51,25,30,1232,2446
2023-02-16 10:05:22,25,32,1232,2446
2023-02-16 10:05:22,23,32,1232,2446
2023-02-16 10:05:22,25,32,1232,2446
2023-02-16 10:05:26,25,30,1232,2446
2023-02-16 10:05:48,21,30,1232,2446
2023-02-16 10:05:48,16,30,1232,2446
2023-02-16 10:05:48,22,30,1232,2446
2023-02-16 10:05:48,24,30,1232,2446
2023-02-16 10:05:48,24,31,1232,2446
2023-02-16 10:05:49,24,29,1232,2446
2023-02-16 10:06:25,24,27,1232,2446
2023-02-16 10:06:28,24,27,879,2799
2023-02-16 10:06:29,24,29,879,2799
2023-02-16 10:06:45,22,29,879,2808
2023-02-16 10:06:47,22,27,879,2808
2023-02-16 10:07:19,20,27,879,2808
2023-02-16 10:07:19,20,29,879,2808
2023-02-16 10:07:19,21,29,879,2808
2023-02-16 10:07:19,21,30,879,2808
2023-02-16 10:07:19,21,26,879,2808
2023-02-16 10:08:23,21,28,879,2808
2023-02-16 10:08:24,21,26,879,2808
2023-02-16 10:08:50,17,26,879,2808
2023-02-16 10:08:51,19,26,879,2808
2023-02-16 10:08:53,21,26,879,2808
2023-02-16 10:09:49,17,26,879,2808
2023-02-16 10:09:50,15,26,879,2808
2023-02-16 10:09:50,20,26,879,2808
2023-02-16 10:09:51,22,26,879,2808
2023-02-16 10:09:53,22,27,879,2808
2023-02-16 10:10:26,22,25,879,2808
2023-02-16 10:10:29,21,25,879,2808
2023-02-16 10:10:51,19,25,879,2808
2023-02-16 10:10:51,20,25,879,2808
2023-02-16 10:11:17,20,27,879,2808
2023-02-16 10:11:18,20,26,879,2808
2023-02-16 10:11:18,19,26,879,2808
2023-02-16 10:11:19,21,26,879,2808
2023-02-16 10:11:51,21,25,879,2808
2023-02-16 10:11:51,20,25,879,2808
2023-02-16 10:12:52,20,23,879,2808
2023-02-16 10:13:49,20,25,879,2808
2023-02-16 10:13:50,20,26,879,2808
2023-02-16 10:13:50,20,24,879,2808
2023-02-16 10:14:48,20,26,879,2808
2023-02-16 10:14:48,20,29,879,2808
2023-02-16 10:14:48,22,29,879,2808
2023-02-16 10:14:48,22,28,879,2808
2023-02-16 10:14:48,22,27,879,2808
2023-02-16 10:14:48,22,25,879,2808
2023-02-16 10:14:49,20,25,879,2808
2023-02-16 10:14:51,22,25,879,2808
2023-02-16 10:15:07,20,25,879,2808
2023-02-16 10:15:09,22,25,879,2808
2023-02-16 10:15:25,22,27,879,2808
2023-02-16 10:15:26,22,26,879,2808
2023-02-16 10:16:02,24,26,879,2808
2023-02-16 10:16:07,22,26,879,2808
2023-02-16 10:16:08,24,26,879,2808
2023-02-16 10:16:09,22,26,879,2808
2023-02-16 10:16:22,22,27,879,2808
2023-02-16 10:16:48,22,26,879,2808
2023-02-16 10:16:59,21,26,879,2808
2023-02-16 10:18:19,21,25,879,2808
2023-02-16 10:19:42,20,25,879,2808
2023-02-16 10:19:47,19,25,879,2808
2023-02-16 10:19:48,19,24,879,2808
2023-02-16 10:20:42,19,23,879,2808
2023-02-16 10:20:51,17,23,879,2808
2023-02-16 10:20:52,18,23,879,2808
2023-02-16 10:20:53,18,22,879,2808
2023-02-16 10:21:20,17,22,879,2808
2023-02-16 10:21:51,17,21,879,2808
2023-02-16 10:23:50,17,23,879,2808
2023-02-16 10:23:50,17,20,879,2808
2023-02-16 10:24:19,17,21,879,2808
2023-02-16 10:24:47,17,23,879,2808
2023-02-16 10:24:48,17,22,879,2808
2023-02-16 10:25:21,18,22,879,2808
2023-02-16 10:25:48,18,23,879,2808
2023-02-16 10:25:49,17,23,879,2808
2023-02-16 10:25:49,17,21,879,2808
2023-02-16 10:26:19,16,21,879,2808
2023-02-16 10:26:19,16,20,879,2808
2023-02-16 10:26:29,17,20,879,2808
2023-02-16 10:26:47,17,21,879,2808
2023-02-16 10:27:14,19,21,879,2808
2023-02-16 10:27:19,19,23,879,2808
2023-02-16 10:27:19,19,25,879,2808
2023-02-16 10:27:19,19,24,879,2808
2023-02-16 10:27:20,19,22,879,2808
2023-02-16 10:27:43,17,22,879,2808
2023-02-16 10:27:48,17,24,879,2808
2023-02-16 10:27:49,19,24,879,2808
2023-02-16 10:28:17,19,23,879,2808
2023-02-16 10:28:26,18,23,879,2808
2023-02-16 10:29:21,17,23,879,2808
2023-02-16 10:29:21,17,22,879,2808
2023-02-16 10:29:49,17,23,879,2808
2023-02-16 10:29:49,17,21,879,2808
2023-02-16 10:30:25,15,21,879,2808
2023-02-16 10:30:26,16,21,879,2808
2023-02-16 10:30:54,16,22,879,2808
2023-02-16 10:30:55,16,20,879,2808
2023-02-16 10:31:48,16,21,879,2808
2023-02-16 10:31:49,15,21,879,2808
2023-02-16 10:31:49,15,19,879,2808
2023-02-16 10:35:22,14,19,879,2808
2023-02-16 10:35:55,16,19,879,2808
2023-02-16 10:35:56,14,19,879,2808
2023-02-16 10:36:00,16,19,879,2808
2023-02-16 10:36:02,14,19,879,2808
2023-02-16 10:36:23,15,19,879,2808
2023-02-16 10:36:23,15,20,879,2808
2023-02-16 10:36:47,15,21,879,2808
2023-02-16 10:36:48,15,19,879,2808
2023-02-16 10:37:18,14,19,879,2808
2023-02-16 10:37:49,14,18,879,2808
2023-02-16 10:38:07,14,17,879,2808
2023-02-16 10:38:08,14,18,879,2808
2023-02-16 10:38:09,14,17,879,2808
2023-02-16 10:38:12,14,18,879,2808
2023-02-16 10:38:15,14,17,879,2808
2023-02-16 10:38:19,14,18,879,2808
2023-02-16 10:38:20,14,17,879,2808
2023-02-16 10:38:48,14,18,879,2808
2023-02-16 10:38:49,14,17,879,2808
2023-02-16 10:38:49,14,16,879,2808
2023-02-16 10:38:50,12,16,879,2808
2023-02-16 10:39:48,11,16,879,2808
2023-02-16 10:39:48,11,15,879,2808
2023-02-16 10:39:54,12,15,879,2808
2023-02-16 10:40:25,12,19,879,2808
2023-02-16 10:40:26,12,16,879,2808
2023-02-16 10:40:49,12,18,879,2808
2023-02-16 10:40:49,12,19,879,2808
2023-02-16 10:40:50,12,17,879,2808
2023-02-16 10:40:50,13,17,879,2808
2023-02-16 10:41:18,12,17,879,2808
2023-02-16 10:41:50,13,17,879,2808
2023-02-16 10:42:47,12,17,879,2808
2023-02-16 10:42:49,12,16,879,2808
2023-02-16 10:43:19,12,15,879,2808
2023-02-16 10:43:19,11,15,879,2808
2023-02-16 10:44:20,12,15,879,2808
2023-02-16 10:44:20,12,19,879,2808
2023-02-16 10:44:20,12,16,879,2808
2023-02-16 10:45:23,12,18,879,2808
2023-02-16 10:45:23,12,19,879,2808
2023-02-16 10:45:24,12,17,879,2808
2023-02-16 10:45:24,13,17,879,2808
2023-02-16 10:46:19,12,17,879,2808
2023-02-16 10:46:53,12,16,879,2808
2023-02-16 10:46:54,11,16,879,2808
2023-02-16 10:47:18,11,15,879,2808
2023-02-16 10:47:49,11,14,879,2808
2023-02-16 10:47:49,10,14,879,2808
2023-02-16 10:48:48,9,14,879,2808
2023-02-16 10:48:48,8,14,879,2808
2023-02-16 10:48:48,9,14,879,2808
2023-02-16 10:48:48,9,13,879,2808
2023-02-16 10:49:16,10,13,879,2808
2023-02-16 10:49:17,10,14,879,2808
2023-02-16 10:49:43,10,13,879,2808
2023-02-16 10:49:47,9,13,879,2808
2023-02-16 10:50:26,9,12,879,2808
2023-02-16 10:50:26,8,12,879,2808
2023-02-16 10:51:49,8,13,879,2808
2023-02-16 10:51:50,8,14,879,2808
2023-02-16 10:51:50,8,13,879,2808
2023-02-16 10:51:50,9,13,879,2808
2023-02-16 10:51:54,9,13,879,2908
2023-02-16 10:52:19,9,14,879,2908
2023-02-16 10:52:19,10,14,879,2908
2023-02-16 10:52:49,9,14,879,2908
2023-02-16 10:52:50,9,13,879,2908
2023-02-16 10:53:32,10,13,879,2908
2023-02-16 10:53:50,10,14,879,2908
2023-02-16 10:55:50,11,14,879,2908
2023-02-16 10:55:50,11,15,879,2908
2023-02-16 10:56:17,11,14,879,2908
2023-02-16 10:56:17,10,14,879,2908
2023-02-16 10:56:47,11,14,879,2908
2023-02-16 10:56:49,11,15,879,2908
2023-02-16 10:58:00,12,15,879,2908
2023-02-16 10:58:08,11,15,879,2908
2023-02-16 10:58:47,11,17,879,2908
2023-02-16 10:58:47,11,15,879,2908
2023-02-16 10:59:48,11,16,879,2908
2023-02-16 10:59:48,11,14,879,2908
2023-02-16 10:59:49,10,14,879,2908
2023-02-16 11:00:51,10,13,879,2908
2023-02-16 11:00:52,9,13,879,2908
2023-02-16 11:00:52,8,13,879,2908
2023-02-16 11:00:52,9,13,879,2908
2023-02-16 11:01:22,9,12,879,2908
2023-02-16 11:01:23,8,12,879,2908
2023-02-16 11:02:21,8,11,879,2908
2023-02-16 11:02:25,7,11,879,2908
2023-02-16 11:02:52,7,10,879,2908
2023-02-16 11:02:53,6,10,879,2908
2023-02-16 11:03:25,6,11,879,2908
2023-02-16 11:03:25,7,11,879,2908
2023-02-16 11:03:52,6,11,879,2908
2023-02-16 11:03:53,6,10,879,2908
2023-02-16 11:04:48,5,10,879,2908
2023-02-16 11:04:53,6,10,879,2908
2023-02-16 11:05:24,7,10,879,2908
2023-02-16 11:05:52,7,11,879,2908
2023-02-16 11:07:18,7,12,879,2908
2023-02-16 11:07:19,7,11,879,2908
2023-02-16 11:07:49,9,11,879,2908
2023-02-16 11:08:05,9,11,979,3008
2023-02-16 11:08:09,9,11,1079,3108
2023-02-16 11:08:13,9,11,1179,3208
2023-02-16 11:08:17,9,11,1279,3308
2023-02-16 11:08:18,9,11,1304,3333
2023-02-16 11:08:21,9,13,1304,3333
2023-02-16 11:08:22,11,13,1304,3333
2023-02-16 11:08:29,9,13,1404,3433
2023-02-16 11:08:32,9,14,1643,3672
2023-02-16 11:08:48,8,14,1643,3672
2023-02-16 11:08:48,7,14,1643,3672
2023-02-16 11:08:49,11,14,1643,3672
2023-02-16 11:08:49,12,14,1643,3672
2023-02-16 11:09:24,11,14,1643,3672
2023-02-16 11:09:25,11,13,1643,3672
2023-02-16 11:10:08,11,12,1643,3672
2023-02-16 11:10:21,11,13,1643,3672
2023-02-16 11:10:26,10,13,1643,3672
2023-02-16 11:10:32,10,12,1643,3672
2023-02-16 11:10:51,9,12,1643,3672
2023-02-16 11:10:52,10,12,1643,3672
2023-02-16 11:11:01,10,13,1643,3672
2023-02-16 11:11:21,9,13,1643,3672
2023-02-16 11:11:48,9,14,1643,3672
2023-02-16 11:11:50,11,14,1643,3672
2023-02-16 11:11:54,11,15,1643,3672
2023-02-16 11:12:20,11,16,1643,3672
2023-02-16 11:12:21,12,16,1643,3672
2023-02-16 11:12:45,12,15,1643,3672
2023-02-16 11:12:49,12,16,1643,3672
2023-02-16 11:12:50,12,14,1643,3672
2023-02-16 11:13:51,11,14,1643,3672
2023-02-16 11:13:58,11,13,1643,3672
2023-02-16 11:14:50,10,13,1643,3672
2023-02-16 11:16:47,11,13,1643,3672
2023-02-16 11:16:49,11,15,1643,3672
2023-02-16 11:16:53,11,14,1643,3672
2023-02-16 11:17:27,11,13,1643,3672
2023-02-16 11:18:51,10,13,1643,3672
2023-02-16 11:19:21,10,12,1643,3672
2023-02-16 11:20:05,10,13,1643,3672
2023-02-16 11:20:09,10,12,1643,3672
2023-02-16 11:20:11,10,13,1643,3672
2023-02-16 11:20:12,10,12,1643,3672
2023-02-16 11:20:23,9,12,1643,3672
2023-02-16 11:20:40,9,13,1643,3672
2023-02-16 11:20:43,9,12,1643,3672
2023-02-16 11:20:44,9,13,1643,3672
2023-02-16 11:21:20,10,13,1643,3672
2023-02-16 11:21:50,11,13,1643,3672
2023-02-16 11:22:05,11,15,1643,3672
2023-02-16 11:22:18,11,14,1643,3672
2023-02-16 11:22:29,11,15,1643,3672
2023-02-16 11:22:51,12,15,1643,3672
2023-02-16 11:22:53,12,16,1643,3672
2023-02-16 11:23:18,12,17,1643,3672
2023-02-16 11:23:24,12,16,1643,3672
2023-02-16 11:23:48,13,16,1643,3672
2023-02-16 11:24:01,13,15,1643,3672
2023-02-16 11:24:17,13,14,1643,3672
2023-02-16 11:24:23,12,14,1643,3672
2023-02-16 11:24:36,12,16,1643,3672
2023-02-16 11:25:08,12,15,1643,3672
2023-02-16 11:25:10,12,16,1643,3672
2023-02-16 11:25:50,13,16,1643,3672
2023-02-16 11:28:18,12,16,1643,3672
2023-02-16 11:28:52,13,16,1643,3672
2023-02-16 11:29:02,13,15,1643,3672
2023-02-16 11:29:19,12,15,1643,3672
2023-02-16 11:29:24,12,14,1643,3672
2023-02-16 11:29:35,12,16,1643,3672
2023-02-16 11:29:35,12,13,1643,3672
2023-02-16 11:29:38,12,13,1618,3697
2023-02-16 11:29:41,12,16,1618,3697
2023-02-16 11:29:53,11,16,1618,3697
2023-02-16 11:29:53,10,16,1618,3697
2023-02-16 11:29:54,10,15,1618,3697
2023-02-16 11:29:54,11,15,1618,3697
2023-02-16 11:30:14,11,14,1618,3697
2023-02-16 11:30:20,11,15,1618,3697
2023-02-16 11:30:52,10,15,1618,3697
2023-02-16 11:30:52,10,14,1618,3697
2023-02-16 11:31:04,10,12,1618,3697
2023-02-16 11:31:09,10,14,1618,3697
2023-02-16 11:31:20,9,14,1618,3697
2023-02-16 11:31:20,10,14,1618,3697
2023-02-16 11:31:51,9,14,1618,3697
2023-02-16 11:31:53,9,13,1618,3697
2023-02-16 11:32:10,10,13,1618,3697
2023-02-16 11:32:14,9,13,1618,3697
2023-02-16 11:32:19,10,13,1618,3697
2023-02-16 11:32:19,10,14,1618,3697
2023-02-16 11:32:51,11,14,1618,3697
2023-02-16 11:32:51,11,15,1618,3697
2023-02-16 11:33:11,11,14,1618,3697
2023-02-16 11:33:53,11,13,1618,3697
2023-02-16 11:33:53,9,13,1618,3697
2023-02-16 11:34:17,9,14,1618,3697
2023-02-16 11:34:18,10,14,1618,3697
2023-02-16 11:35:49,10,15,1618,3697
2023-02-16 11:35:49,11,15,1618,3697
2023-02-16 11:36:05,12,15,1618,3697
2023-02-16 11:36:16,11,15,1618,3697
2023-02-16 11:36:21,11,16,1618,3697
2023-02-16 11:36:52,12,16,1618,3697
2023-02-16 11:37:13,12,15,1618,3697
2023-02-16 11:37:15,12,16,1618,3697
2023-02-16 11:37:40,12,15,1618,3697
2023-02-16 11:38:06,12,16,1618,3697
2023-02-16 11:38:19,11,16,1618,3697
2023-02-16 11:38:19,10,16,1618,3697
2023-02-16 11:38:19,10,15,1618,3697
2023-02-16 11:38:19,11,15,1618,3697
2023-02-16 11:38:50,12,15,1618,3697
2023-02-16 11:38:50,12,16,1618,3697
2023-02-16 11:39:18,12,17,1618,3697
2023-02-16 11:39:50,12,16,1618,3697
2023-02-16 11:40:05,12,15,1618,3697
2023-02-16 11:40:10,12,16,1618,3697
2023-02-16 11:40:36,12,15,1618,3697
2023-02-16 11:40:49,11,15,1618,3697
2023-02-16 11:41:19,10,15,1618,3697
2023-02-16 11:41:20,10,14,1618,3697
2023-02-16 11:42:48,10,15,1618,3697
2023-02-16 11:42:48,11,15,1618,3697
2023-02-16 11:43:36,11,13,1618,3697
2023-02-16 11:43:37,11,15,1618,3697
2023-02-16 11:43:44,11,13,1618,3697
2023-02-16 11:43:50,10,13,1618,3697
2023-02-16 11:44:18,8,13,1618,3697
2023-02-16 11:44:18,9,13,1618,3697
2023-02-16 11:46:01,9,11,1618,3697
2023-02-16 11:46:02,9,13,1618,3697
2023-02-16 11:46:04,9,11,1618,3697
2023-02-16 11:46:07,9,13,1618,3697
2023-02-16 11:46:08,9,11,1618,3697
2023-02-16 11:46:10,9,13,1618,3697
2023-02-16 11:46:18,9,12,1618,3697
2023-02-16 11:46:18,9,11,1618,3697
2023-02-16 11:46:18,8,11,1618,3697
2023-02-16 11:46:21,8,9,1618,3697
2023-02-16 11:46:46,7,9,1618,3697
2023-02-16 11:48:19,8,9,1618,3697
2023-02-16 11:48:48,7,9,1618,3697
2023-02-16 11:48:57,7,8,1618,3697
2023-02-16 11:49:48,6,8,1618,3697
2023-02-16 11:49:48,5,8,1618,3697
2023-02-16 11:49:49,6,8,1618,3697
2023-02-16 11:50:24,7,8,1618,3697
2023-02-16 11:50:48,8,9,1618,3797
2023-02-16 11:51:19,7,9,1618,3797
2023-02-16 11:51:23,7,9,1618,3806
2023-02-16 11:52:53,7,10,1809,3997
2023-02-16 11:53:17,7,11,1809,3997
2023-02-16 11:53:48,8,11,1809,3997
2023-02-16 11:53:48,8,12,1809,3997
2023-02-16 11:54:14,8,11,1809,3997
2023-02-16 11:54:16,8,12,1809,3997
2023-02-16 11:54:18,8,11,1809,3997
2023-02-16 11:54:18,8,12,1809,3997
2023-02-16 11:54:21,8,11,1809,3997
2023-02-16 11:54:22,8,12,1809,3997
2023-02-16 11:55:22,8,13,1809,3997
2023-02-16 11:55:22,9,13,1809,3997
2023-02-16 11:55:48,8,13,1809,3997
2023-02-16 11:55:48,8,12,1809,3997
2023-02-16 11:56:12,8,11,1809,3997
2023-02-16 11:56:46,8,12,1809,3997
2023-02-16 11:56:47,8,11,1809,3997
2023-02-16 11:56:48,7,11,1809,3997
2023-02-16 11:57:51,7,12,1809,3997
2023-02-16 11:57:51,8,12,1809,3997
2023-02-16 11:58:45,9,12,1809,3997
2023-02-16 11:58:45,9,13,1809,3997
2023-02-16 12:02:48,9,12,1809,3997
2023-02-16 12:03:15,9,13,2127,4315
2023-02-16 12:03:40,10,13,2127,4315
2023-02-16 12:03:47,10,15,2127,4315
2023-02-16 12:03:47,10,14,2127,4315
2023-02-16 12:04:22,10,15,2127,4315
2023-02-16 12:04:22,11,15,2127,4315
2023-02-16 12:05:21,10,15,2127,4315
2023-02-16 12:05:49,11,15,2127,4315
2023-02-16 12:05:56,11,13,2127,4315
2023-02-16 12:06:17,10,13,2127,4315
2023-02-16 12:06:47,9,13,2127,4315
2023-02-16 12:08:48,9,14,2127,4315
2023-02-16 12:08:49,9,15,2127,4315
2023-02-16 12:08:49,10,15,2127,4315
2023-02-16 12:08:49,11,15,2127,4315
2023-02-16 12:09:36,11,13,2127,4315
2023-02-16 12:10:24,10,13,2127,4315
2023-02-16 12:10:49,9,13,2127,4315
2023-02-16 12:12:46,9,11,2127,4315
2023-02-16 12:12:48,9,13,2127,4315
2023-02-16 12:12:50,9,11,2127,4315
2023-02-16 12:12:51,9,13,2127,4315
2023-02-16 12:12:53,9,11,2127,4315
2023-02-16 12:12:55,9,13,2127,4315
2023-02-16 12:12:57,9,11,2127,4315
2023-02-16 12:13:14,9,13,2127,4315
2023-02-16 12:13:17,9,12,2127,4315
2023-02-16 12:14:19,9,13,2127,4315
2023-02-16 12:15:52,9,11,2127,4315
2023-02-16 12:15:55,9,13,2127,4315
2023-02-16 12:15:56,9,11,2127,4315
2023-02-16 12:15:57,9,13,2127,4315
2023-02-16 12:16:18,9,12,2127,4315
2023-02-16 12:16:49,9,13,2127,4315
2023-02-16 12:17:19,10,13,2127,4315
2023-02-16 12:17:19,10,14,2127,4315
2023-02-16 12:17:47,10,15,2127,4315
2023-02-16 12:17:47,11,15,2127,4315
2023-02-16 12:18:18,12,15,2127,4315
2023-02-16 12:18:18,12,16,2127,4315
2023-02-16 12:18:38,14,16,2127,4315
2023-02-16 12:18:44,12,16,2127,4315
2023-02-16 12:18:45,14,16,2127,4315
2023-02-16 12:18:50,14,21,2127,4315
2023-02-16 12:18:51,13,21,2127,4315
2023-02-16 12:18:51,13,19,2127,4315
2023-02-16 12:18:51,14,19,2127,4315
2023-02-16 12:19:17,15,19,2127,4315
2023-02-16 12:19:33,15,20,2127,4315
2023-02-16 12:19:46,15,21,2127,4315
2023-02-16 12:19:46,15,19,2127,4315
2023-02-16 12:20:25,14,19,2127,4315
2023-02-16 12:20:26,14,21,2127,4315
2023-02-16 12:20:26,16,21,2127,4315
2023-02-16 12:20:50,16,20,2127,4315
2023-02-16 12:21:18,14,20,2127,4315
2023-02-16 12:21:18,15,20,2127,4315
2023-02-16 12:21:18,17,20,2127,4315
2023-02-16 12:21:18,17,21,2127,4315
2023-02-16 12:21:48,15,21,2127,4315
2023-02-16 12:21:49,14,21,2127,4315
2023-02-16 12:21:49,16,21,2127,4315
2023-02-16 12:21:50,16,19,2127,4315
2023-02-16 12:22:01,16,17,2127,4315
2023-02-16 12:22:09,14,17,2127,4778
2023-02-16 12:22:53,13,17,2127,4778
2023-02-16 12:23:20,12,17,2127,4778
2023-02-16 12:23:20,12,16,2127,4778
2023-02-16 12:23:48,11,16,2127,4778
2023-02-16 12:24:00,11,15,2127,4778
2023-02-16 12:24:11,11,16,2127,4778
2023-02-16 12:24:11,11,15,2127,4778
2023-02-16 12:24:20,10,15,2127,4778
2023-02-16 12:24:20,11,15,2127,4778
2023-02-16 12:24:33,11,13,2127,4778
2023-02-16 12:24:51,10,13,2127,4778
2023-02-16 12:25:23,10,11,2127,4778
2023-02-16 12:25:24,9,11,2127,4778
2023-02-16 12:31:04,9,11,2127,4803
2023-02-16 12:31:17,9,10,2127,4803
2023-02-16 12:34:20,6,9,2127,4828
2023-02-16 12:34:21,5,9,2127,4828
2023-02-16 12:34:48,5,8,2127,4828
2023-02-16 12:35:23,4,8,2127,4828
2023-02-16 12:35:24,4,7,2127,4828
2023-02-16 12:35:47,3,7,2127,4828
2023-02-16 12:36:21,3,6,2127,4828
2023-02-16 12:36:51,3,7,2127,4828
2023-02-16 12:36:52,4,7,2127,4828
2023-02-16 12:37:18,3,7,2127,4828
2023-02-16 12:40:26,4,7,2127,4828
2023-02-16 12:40:53,3,7,2127,4828
2023-02-16 12:41:23,3,8,2127,4828
2023-02-16 12:41:23,3,7,2127,4828
2023-02-16 12:42:53,4,7,2127,4828
2023-02-16 12:43:21,3,7,2127,4828
2023-02-16 12:43:47,3,8,2127,4828
2023-02-16 12:43:47,3,7,2127,4828
2023-02-16 12:45:23,3,6,2127,4828
2023-02-16 12:45:51,2,6,2127,4828
2023-02-16 12:46:17,3,6,2127,4828
2023-02-16 12:46:19,2,6,2127,4828
2023-02-16 12:46:24,3,6,2127,4828
2023-02-16 12:46:28,2,6,2127,4828
2023-02-16 12:47:17,3,6,2127,4828
2023-02-16 12:47:21,2,6,2127,4828
2023-02-16 12:47:22,3,6,2127,4828
2023-02-16 12:48:47,2,6,2127,4828
2023-02-16 12:49:22,3,6,2127,4828
2023-02-16 12:49:50,2,6,2127,4828
2023-02-16 12:50:11,3,6,2127,4828
2023-02-16 12:51:52,3,7,2127,4828
2023-02-16 12:52:48,3,6,2127,4828
2023-02-16 12:53:49,3,7,2127,4828
2023-02-16 12:53:51,4,7,2127,4828
2023-02-16 12:55:50,5,7,2127,4828
2023-02-16 12:55:50,5,8,2127,4828
2023-02-16 12:56:47,4,8,2127,4828
2023-02-16 12:57:41,5,8,2127,4828
2023-02-16 12:57:48,5,9,2127,4828
2023-02-16 12:57:51,6,9,2127,4828
2023-02-16 12:57:56,5,9,2127,4828
2023-02-16 12:58:10,6,9,2127,4828
2023-02-16 12:58:19,6,10,2127,4828
2023-02-16 12:58:30,6,10,2327,5028
2023-02-16 12:58:47,7,10,2327,5028
2023-02-16 12:58:48,7,11,2327,5028
2023-02-16 12:59:49,7,10,2327,5028
2023-02-16 12:59:49,6,10,2327,5028
2023-02-16 13:00:24,6,11,2327,5028
2023-02-16 13:00:25,7,11,2327,5028
2023-02-16 13:00:48,6,11,2327,5028
2023-02-16 13:00:48,6,10,2327,5028
2023-02-16 13:00:49,5,10,2327,5028
2023-02-16 13:00:49,6,10,2327,5028
2023-02-16 13:01:21,6,9,2327,5028
2023-02-16 13:01:48,5,9,2327,5028
2023-02-16 13:02:49,4,9,2327,5028
2023-02-16 13:02:50,4,8,2327,5028
2023-02-16 13:02:51,4,7,2327,5028
2023-02-16 13:03:23,5,7,2327,5028
2023-02-16 13:03:23,5,8,2327,5028
2023-02-16 13:03:24,5,9,2327,5028
2023-02-16 13:03:58,6,9,2327,5028
2023-02-16 13:04:01,5,9,2327,5028
2023-02-16 13:04:01,7,9,2327,5028
2023-02-16 13:04:11,7,9,2660,5361
2023-02-16 13:04:20,7,10,2660,5361
2023-02-16 13:04:32,6,10,2660,5361
2023-02-16 13:04:36,8,10,2660,5361
2023-02-16 13:04:43,6,10,2660,5361
2023-02-16 13:04:54,7,10,2660,5361
2023-02-16 13:05:06,6,10,2660,5361
2023-02-16 13:05:21,6,11,2660,5361
2023-02-16 13:05:22,6,10,2660,5361
2023-02-16 13:05:52,6,9,2660,5361
2023-02-16 13:06:18,6,10,2660,5361
2023-02-16 13:07:21,6,9,2660,5361
2023-02-16 13:07:51,4,9,2660,5361
2023-02-16 13:07:51,4,8,2660,5361
2023-02-16 13:08:18,5,8,2660,5361
2023-02-16 13:09:49,5,9,2660,5361
2023-02-16 13:10:24,5,8,2660,5361
2023-02-16 13:10:24,4,8,2660,5361
2023-02-16 13:10:48,5,8,2660,5361
2023-02-16 13:12:18,6,8,2660,5361
2023-02-16 13:12:19,6,9,2660,5361
2023-02-16 13:12:47,6,8,2660,5361
2023-02-16 13:12:48,5,8,2660,5361
2023-02-16 13:14:37,6,8,2660,5361
2023-02-16 13:14:41,5,8,2660,5361
2023-02-16 13:14:50,6,8,2660,5361
2023-02-16 13:14:53,6,9,2660,5361
2023-02-16 13:15:22,6,10,2660,5361
2023-02-16 13:15:22,6,11,2660,5361
2023-02-16 13:15:22,6,10,2660,5361
2023-02-16 13:15:43,7,10,2660,5361
2023-02-16 13:15:55,8,10,2660,5361
2023-02-16 13:16:21,8,11,2660,5361
2023-02-16 13:16:37,7,11,2660,5361
2023-02-16 13:17:22,7,10,2660,5361
2023-02-16 13:17:49,7,11,2660,5361
2023-02-16 13:18:09,8,11,2660,5361
2023-02-16 13:18:10,9,11,2660,5361
2023-02-16 13:18:13,8,11,2660,5361
2023-02-16 13:18:15,9,11,2660,5361
2023-02-16 13:18:16,8,11,2660,5361
2023-02-16 13:18:25,9,11,2660,5361
2023-02-16 13:18:29,10,11,2660,5361
2023-02-16 13:18:50,10,12,2660,5361
2023-02-16 13:19:12,8,12,2660,5361
2023-02-16 13:19:50,8,11,2660,5361
2023-02-16 13:20:15,7,11,2660,5361
2023-02-16 13:20:53,7,10,2660,5361
2023-02-16 13:21:08,8,10,2660,5361
2023-02-16 13:21:18,8,11,2660,5361
2023-02-16 13:21:31,7,11,2660,5361
2023-02-16 13:22:10,8,11,2660,5361
2023-02-16 13:22:19,8,10,2660,5361
2023-02-16 13:22:39,7,10,2660,5361
2023-02-16 13:22:53,7,11,2660,5361
2023-02-16 13:23:18,7,10,2660,5361
2023-02-16 13:23:23,8,10,2660,5361
2023-02-16 13:23:47,8,11,2660,5361
2023-02-16 13:23:48,8,12,2660,5361
2023-02-16 13:23:49,8,11,2660,5361
2023-02-16 13:24:05,9,11,2660,5361
2023-02-16 13:24:08,10,11,2660,5361
2023-02-16 13:24:17,10,11,2993,5694
2023-02-16 13:24:21,10,12,3061,5762
2023-02-16 13:24:32,8,12,3061,5762
2023-02-16 13:25:22,7,12,3061,5762
2023-02-16 13:25:23,7,11,3061,5762
2023-02-16 13:26:18,7,10,3061,5762
2023-02-16 13:26:26,6,10,3061,5762
2023-02-16 13:26:48,6,9,3061,5762
2023-02-16 13:27:02,7,9,3061,5762
2023-02-16 13:27:17,7,10,3061,5762
2023-02-16 13:27:44,6,10,3061,5762
2023-02-16 13:27:45,8,10,3061,5762
2023-02-16 13:28:19,8,11,3061,5762
2023-02-16 13:28:19,8,12,3061,5762
2023-02-16 13:28:19,8,11,3061,5762
2023-02-16 13:28:49,9,11,3061,5762
2023-02-16 13:29:12,8,11,3061,5762
2023-02-16 13:29:16,8,12,3061,5762
2023-02-16 13:29:17,9,12,3061,5762
2023-02-16 13:29:29,10,12,3061,5762
2023-02-16 13:29:46,10,13,3061,5762
2023-02-16 13:30:19,9,13,3061,5762
2023-02-16 13:30:48,9,12,3061,5762
2023-02-16 13:30:51,8,12,3061,5762
2023-02-16 13:30:52,9,12,3061,5762
2023-02-16 13:30:57,10,12,3061,5762
2023-02-16 13:31:48,10,13,3061,5762
2023-02-16 13:32:18,9,13,3061,5762
2023-02-16 13:32:18,9,14,3061,5762
2023-02-16 13:32:18,10,14,3061,5762
2023-02-16 13:32:51,9,14,3061,5762
2023-02-16 13:32:51,8,14,3061,5762
2023-02-16 13:32:52,8,13,3061,5762
2023-02-16 13:32:53,8,12,3061,5762
2023-02-16 13:33:16,8,13,3061,5762
2023-02-16 13:33:16,9,13,3061,5762
2023-02-16 13:33:48,8,13,3061,5762
2023-02-16 13:33:48,8,12,3061,5762
2023-02-16 13:34:22,8,11,3061,5762
2023-02-16 13:34:50,6,11,3061,5762
2023-02-16 13:34:50,7,11,3061,5762
2023-02-16 13:35:22,7,10,3061,5762
2023-02-16 13:35:51,7,9,3061,5762
2023-02-16 13:37:21,5,10,3061,5762
2023-02-16 13:37:22,5,9,3061,5762
2023-02-16 13:37:46,4,9,3061,5762
2023-02-16 13:37:48,4,8,3061,5762
2023-02-16 13:39:19,4,7,3061,5762
2023-02-16 13:40:53,4,8,3061,5762
2023-02-16 13:41:19,4,7,3061,5762
2023-02-16 13:41:48,4,8,3061,5762
2023-02-16 13:41:49,5,8,3061,5762
2023-02-16 13:42:49,4,8,3061,5762
2023-02-16 13:43:16,4,9,3061,5762
2023-02-16 13:43:16,4,8,3061,5762
2023-02-16 13:43:51,4,7,3061,5762
2023-02-16 13:44:37,4,7,3061,5962
2023-02-16 13:44:50,4,6,3061,5962
2023-02-16 13:44:52,3,6,3061,5962
2023-02-16 13:46:36,4,6,3061,5962
2023-02-16 13:46:53,4,7,3061,5962
2023-02-16 13:48:13,3,7,3061,5962
2023-02-16 13:48:18,3,6,3061,5962
2023-02-16 13:49:50,2,6,3061,5962
2023-02-16 13:49:51,2,7,3061,5962
2023-02-16 13:49:51,2,6,3061,5962
2023-02-16 13:49:51,2,5,3061,5962
2023-02-16 13:50:26,2,6,3061,5962
2023-02-16 13:50:48,2,5,3061,5962
2023-02-16 13:51:21,2,6,3061,5962
2023-02-16 13:51:22,3,6,3061,5962
2023-02-16 13:52:18,3,7,3061,5962
2023-02-16 13:52:52,3,6,3061,5962
2023-02-16 13:53:20,3,7,3061,5962
2023-02-16 13:53:54,2,7,3061,5962
2023-02-16 13:53:55,3,7,3061,5962
2023-02-16 13:54:22,3,6,3061,5962
2023-02-16 13:56:20,2,6,3061,5962
2023-02-16 13:56:21,3,6,3061,5962
2023-02-16 13:56:52,2,6,3061,5962
2023-02-16 13:58:19,3,6,3061,5962
2023-02-16 13:59:19,2,6,3061,5962
2023-02-16 14:00:26,2,5,3061,5962
2023-02-16 14:01:50,2,9,3061,5962
2023-02-16 14:04:18,2,6,3061,5962
2023-02-16 14:04:18,2,5,3061,5962
2023-02-16 14:04:18,2,4,3061,5962
2023-02-16 14:04:47,2,9,3061,5962
2023-02-16 14:07:47,2,6,3061,5962
2023-02-16 14:07:48,2,5,3061,5962
2023-02-16 14:08:24,2,6,3061,5962
2023-02-16 14:08:48,2,5,3061,5962
2023-02-16 14:10:23,2,6,3061,5962
2023-02-16 14:10:58,5,6,3061,5962
2023-02-16 14:11:19,2,5,3061,6012
2023-02-16 14:12:18,2,6,3061,6012
2023-02-16 14:13:17,2,5,3061,6012
2023-02-16 14:15:51,2,6,3061,6012
2023-02-16 14:16:20,2,5,3061,6012
2023-02-16 14:17:20,2,4,3061,6012
2023-02-16 14:17:50,2,5,3061,6012
2023-02-16 14:17:50,2,6,3061,6012
2023-02-16 14:17:51,2,9,3061,6012
2023-02-16 14:20:25,3,9,3061,6012
2023-02-16 14:20:49,3,8,3061,6012
2023-02-16 14:20:50,3,6,3061,6012
2023-02-16 14:21:02,4,6,3061,6012
2023-02-16 14:21:06,4,7,3275,6226
2023-02-16 14:23:19,4,8,3275,6226
2023-02-16 14:23:19,4,7,3275,6226
2023-02-16 14:23:49,4,6,3275,6226
2023-02-16 14:24:14,2,6,3275,6226
2023-02-16 14:24:42,3,6,3275,6226
2023-02-16 14:24:43,2,6,3275,6226
2023-02-16 14:24:45,3,6,3275,6226
2023-02-16 14:24:46,2,6,3275,6226
2023-02-16 14:25:22,2,5,3275,6226
2023-02-16 14:26:17,2,4,3275,6226
2023-02-16 14:26:46,2,9,3275,6226
2023-02-16 14:35:31,2,11,3275,6226
2023-02-16 14:35:31,1,11,3275,6226
2023-02-16 14:35:31,1,7,3275,6226
2023-02-16 15:02:36,3,7,3275,6226
2023-02-16 15:02:36,3,10,3275,6226
2023-02-16 15:02:41,1,10,3275,6226
2023-02-16 15:02:41,1,8,3275,6226
2023-02-16 15:04:48,3,8,3275,6226
2023-02-16 15:04:49,3,10,3275,6226
2023-02-16 15:04:51,1,10,3275,6226
2023-02-16 15:04:56,3,10,3275,6226
2023-02-16 15:05:05,6,10,3275,6226
2023-02-16 15:05:06,6,13,3275,6226
2023-02-16 15:05:06,7,13,3275,6226
2023-02-16 15:05:11,7,21,3275,6226
2023-02-16 15:05:11,6,21,3275,6226
2023-02-16 15:05:11,9,21,3275,6226
2023-02-16 15:05:11,9,16,3275,6226
2023-02-16 15:05:12,9,21,3275,6226
2023-02-16 15:05:12,9,19,3275,6226
2023-02-16 15:05:12,12,19,3275,6226
2023-02-16 15:05:14,9,19,3275,6251
2023-02-16 15:05:14,9,11,3275,6251
2023-02-16 15:05:14,7,11,3300,6276
2023-02-16 15:05:14,7,9,3300,6276
2023-02-16 15:05:14,6,9,3300,6276
2023-02-16 15:05:14,6,9,3325,6301
2023-02-16 15:05:28,1,9,3325,6301
2023-02-16 15:05:28,1,8,3325,6301
2023-02-16 15:05:29,1,3,3325,6301
2023-02-16 15:05:30,1,3,3300,6326
2023-02-16 15:05:31,1,9,3275,6501
2023-02-16 15:05:33,5,9,3275,6501
2023-02-16 15:05:38,5,11,3375,6601
2023-02-16 15:05:38,7,11,3375,6601
2023-02-16 15:05:40,5,7,3325,6651
2023-02-16 15:05:46,5,11,3325,6651
2023-02-16 15:05:48,4,11,3325,6651
2023-02-16 15:05:50,5,11,3325,6651
2023-02-16 15:05:54,4,11,3325,6651
2023-02-16 15:06:01,5,11,3325,6651
2023-02-16 15:06:17,6,11,3325,6651
2023-02-16 15:06:22,4,11,3325,6651
2023-02-16 15:06:23,7,11,3325,6651
2023-02-16 15:06:51,8,11,3325,6651
2023-02-16 15:06:51,7,11,3325,6651
2023-02-16 15:06:53,4,11,3325,6651
2023-02-16 15:06:54,5,11,3325,6651
2023-02-16 15:06:58,6,11,3325,6651
2023-02-16 15:07:00,7,11,3325,6651
2023-02-16 15:07:31,5,11,3325,6651
2023-02-16 15:07:51,4,11,3325,6651
2023-02-16 15:08:02,5,11,3325,6651
2023-02-16 15:08:15,4,11,3325,6651
2023-02-16 15:11:06,5,11,3325,6651
2023-02-16 15:11:07,4,11,3325,6651
2023-02-16 15:11:59,5,11,3325,6651
2023-02-16 15:12:17,6,11,3325,6651
2023-02-16 15:12:45,7,11,3325,6651
2023-02-16 15:13:17,5,11,3325,6651
2023-02-16 15:13:19,6,11,3325,6651
2023-02-16 15:13:30,7,11,3325,6651
2023-02-16 15:13:46,6,11,3325,6651
2023-02-16 15:14:57,7,11,3325,6651
2023-02-16 15:14:59,8,11,3325,6651
2023-02-16 15:15:01,9,11,3325,6651
2023-02-16 15:15:02,9,15,3325,6676
2023-02-16 15:15:02,9,18,3325,6676
2023-02-16 15:15:04,9,15,3325,6676
2023-02-16 15:15:07,7,15,3325,6676
2023-02-16 15:15:08,7,13,3325,6676
2023-02-16 15:15:10,7,15,3325,6676
2023-02-16 15:15:12,9,15,3325,6676
2023-02-16 15:15:13,7,15,3325,6676
2023-02-16 15:15:20,9,15,3325,6676
2023-02-16 15:15:23,7,15,3325,6676
2023-02-16 15:15:27,7,13,3325,6676
2023-02-16 15:15:29,7,15,3325,6676
2023-02-16 15:15:36,10,15,3325,6676
2023-02-16 15:15:55,10,17,3325,6676
2023-02-16 15:16:03,12,17,3325,6676
2023-02-16 15:16:04,10,17,3325,6676
2023-02-16 15:16:11,13,17,3325,6676
2023-02-16 15:16:12,13,19,3325,6676
2023-02-16 15:16:14,13,25,3325,6676
2023-02-16 15:16:15,13,22,3325,6676
2023-02-16 15:16:15,16,22,3325,6676
2023-02-16 15:16:24,18,22,3325,6676
2023-02-16 15:16:24,18,24,3325,6676
2023-02-16 15:16:36,18,27,3325,6676
2023-02-16 15:16:36,18,26,3325,6676
2023-02-16 15:16:36,20,26,3325,6676
2023-02-16 15:16:37,24,26,3325,6676
2023-02-16 15:16:38,24,29,3325,6676
2023-02-16 15:16:38,24,30,3325,6676
2023-02-16 15:16:43,21,30,3325,6676
2023-02-16 15:16:43,21,28,3325,6676
2023-02-16 15:16:44,20,28,3325,6676
2023-02-16 15:16:45,20,26,3325,6676
2023-02-16 15:16:47,20,28,3325,6676
2023-02-16 15:16:48,20,25,3325,6676
2023-02-16 15:16:52,20,28,3325,6701
2023-02-16 15:16:52,22,28,3325,6701
2023-02-16 15:17:06,22,28,3325,6726
2023-02-16 15:17:07,26,28,3325,6726
2023-02-16 15:17:07,26,30,3325,6726
2023-02-16 15:17:19,26,37,3325,6751
2023-02-16 15:17:42,28,37,3325,6751
2023-02-16 15:17:46,27,37,3325,6751
2023-02-16 15:17:48,28,37,3325,6751
2023-02-16 15:17:54,27,37,3325,6751
2023-02-16 15:17:59,28,37,3325,6751
2023-02-16 15:18:00,29,37,3325,6751
2023-02-16 15:18:17,23,25,3325,6826
2023-02-16 15:18:18,25,27,3331,6832
2023-02-16 15:18:27,23,29,3331,6913
2023-02-16 15:18:34,25,29,3331,6913
2023-02-16 15:18:41,25,29,3331,6932
2023-02-16 15:18:49,25,27,3331,6932
2023-02-16 15:18:50,23,25,3356,6957
2023-02-16 15:18:50,20,25,3356,6957
2023-02-16 15:18:51,25,27,3433,7034
2023-02-16 15:19:04,20,27,3433,7034
2023-02-16 15:19:04,22,27,3433,7034
2023-02-16 15:19:07,20,27,3433,7034
2023-02-16 15:19:08,20,28,3521,7147
2023-02-16 15:19:09,20,29,3521,7147
2023-02-16 15:19:09,24,29,3521,7147
2023-02-16 15:19:30,26,29,3521,7147
2023-02-16 15:19:44,26,31,3597,7223
2023-02-16 15:19:45,28,31,3597,7223
2023-02-16 15:19:48,26,28,3622,7248
2023-02-16 15:19:50,28,30,3679,7305
2023-02-16 15:19:56,24,30,3679,7305
2023-02-16 15:20:03,26,30,3679,7305
2023-02-16 15:20:05,30,32,3763,7389
2023-02-16 15:20:15,32,35,3844,7470
2023-02-16 15:20:17,32,37,3844,7470
2023-02-16 15:20:21,30,37,3844,7470
2023-02-16 15:20:32,37,39,3819,7495
2023-02-16 15:20:37,37,39,3719,7595
2023-02-16 15:20:41,33,37,3694,7620
2023-02-16 15:20:43,35,37,3694,7620
2023-02-16 15:20:45,35,37,3694,7645
2023-02-16 15:20:46,35,43,3694,7645
2023-02-16 15:20:46,35,41,3694,7645
2023-02-16 15:21:03,35,43,3694,7645
2023-02-16 15:21:04,37,43,3694,7645
2023-02-16 15:21:07,37,46,3694,7645
2023-02-16 15:21:07,39,46,3694,7645
2023-02-16 15:21:20,41,46,3694,7645
2023-02-16 15:21:20,41,48,3694,7645
2023-02-16 15:21:22,43,48,3694,7645
2023-02-16 15:21:22,43,50,3694,7645
2023-02-16 15:21:37,30,50,3694,7645
2023-02-16 15:21:38,30,52,3694,7645
2023-02-16 15:21:38,45,52,3694,7645
2023-02-16 15:21:39,45,51,3694,7645
2023-02-16 15:21:43,45,52,3694,7645
2023-02-16 15:21:43,45,50,3694,7645
2023-02-16 15:21:43,43,50,3694,7645
2023-02-16 15:21:44,43,48,3694,7645
2023-02-16 15:21:44,41,48,3694,7645
2023-02-16 15:21:50,41,47,3694,7645
2023-02-16 15:21:52,41,48,3694,7645
2023-02-16 15:21:52,35,48,3694,7645
2023-02-16 15:21:52,35,46,3694,7645
2023-02-16 15:21:52,39,46,3694,7645
2023-02-16 15:22:08,46,48,3669,7670
2023-02-16 15:22:19,46,51,3669,7670
2023-02-16 15:22:20,46,49,3669,7670
2023-02-16 15:22:26,46,51,3669,7670
2023-02-16 15:22:27,46,49,3669,7670
2023-02-16 15:22:29,46,51,3669,7670
2023-02-16 15:22:34,46,49,3669,7670
2023-02-16 15:22:39,43,46,3644,7695
2023-02-16 15:22:43,41,46,3644,7695
2023-02-16 15:22:46,41,47,3644,7695
2023-02-16 15:22:47,41,45,3644,7695
2023-02-16 15:22:59,41,43,3644,7695
2023-02-16 15:23:03,37,41,3644,7698
2023-02-16 15:23:07,35,41,3644,7698
2023-02-16 15:23:13,31,41,3644,7698
2023-02-16 15:23:13,31,37,3644,7698
2023-02-16 15:23:13,28,37,3644,7698
2023-02-16 15:23:14,31,37,3644,7698
2023-02-16 15:23:33,28,37,3669,7723
2023-02-16 15:23:33,30,37,3669,7723
2023-02-16 15:23:38,32,37,3669,7723
2023-02-16 15:23:38,32,39,3669,7723
2023-02-16 15:23:41,32,38,3669,7723
2023-02-16 15:23:53,32,37,3669,7723
2023-02-16 15:23:54,30,37,3669,7723
2023-02-16 15:24:02,27,37,3669,7723
2023-02-16 15:24:02,27,40,3669,7723
2023-02-16 15:24:02,32,40,3669,7723
2023-02-16 15:24:03,32,39,3669,7723
2023-02-16 15:24:03,32,40,3669,7723
2023-02-16 15:24:05,27,40,3669,7723
2023-02-16 15:24:05,34,40,3669,7723
2023-02-16 15:24:07,34,39,3669,7723
2023-02-16 15:24:07,32,39,3669,7723
2023-02-16 15:24:11,34,39,3669,7723
2023-02-16 15:24:11,34,40,3669,7723
2023-02-16 15:24:12,34,43,3669,7723
2023-02-16 15:24:17,27,42,3669,7723
2023-02-16 15:24:17,27,43,3669,7723
2023-02-16 15:24:17,36,43,3669,7723
2023-02-16 15:24:26,36,42,3669,7723
2023-02-16 15:24:27,36,43,3669,7723
2023-02-16 15:24:40,36,42,3669,7723
2023-02-16 15:24:41,36,43,3669,7723
2023-02-16 15:24:44,36,43,3679,7733
2023-02-16 15:24:44,36,39,3679,7733
2023-02-16 15:24:47,36,41,3679,7733
2023-02-16 15:24:56,36,39,3679,7733
2023-02-16 15:24:59,34,39,3679,7733
2023-02-16 15:24:59,34,37,3679,7733
2023-02-16 15:25:00,37,39,3679,7743
2023-02-16 15:25:04,37,40,3679,7743
2023-02-16 15:25:05,37,41,3679,7743
2023-02-16 15:25:05,34,41,3679,7743
2023-02-16 15:25:05,35,41,3679,7743
2023-02-16 15:25:19,35,40,3679,7743
2023-02-16 15:25:20,34,39,3679,7743
2023-02-16 15:25:21,33,39,3679,7743
2023-02-16 15:25:23,33,43,3654,7793
2023-02-16 15:25:23,36,43,3654,7793
2023-02-16 15:25:29,37,43,3654,7793
2023-02-16 15:25:30,36,43,3654,7818
2023-02-16 15:25:30,36,41,3654,7818
2023-02-16 15:25:32,36,43,3654,7818
2023-02-16 15:25:37,36,41,3654,7818
2023-02-16 15:25:38,36,38,3654,7818
2023-02-16 15:25:38,33,38,3654,7818
2023-02-16 15:25:39,32,38,3654,7818
2023-02-16 15:25:41,31,38,3654,7818
2023-02-16 15:25:42,31,36,3654,7818
2023-02-16 15:25:48,31,38,3654,7818
2023-02-16 15:25:50,32,38,3654,7818
2023-02-16 15:25:50,33,38,3654,7818
2023-02-16 15:25:53,33,41,3654,7818
2023-02-16 15:25:53,34,41,3654,7818
2023-02-16 15:25:54,33,41,3654,7818
2023-02-16 15:25:54,33,39,3654,7818
2023-02-16 15:25:58,34,39,3654,7818
2023-02-16 15:25:58,34,41,3654,7818
2023-02-16 15:25:59,34,39,3654,7818
2023-02-16 15:25:59,33,39,3654,7818
2023-02-16 15:26:00,32,39,3654,7818
2023-02-16 15:26:03,33,39,3654,7818
2023-02-16 15:26:04,32,39,3654,7818
2023-02-16 15:26:04,31,39,3654,7818
2023-02-16 15:26:05,31,37,3654,7818
2023-02-16 15:26:24,31,35,3654,7818
2023-02-16 15:26:24,30,35,3654,7818
2023-02-16 15:26:27,30,37,3654,7818
2023-02-16 15:26:28,31,37,3654,7818
2023-02-16 15:26:30,31,39,3654,7818
2023-02-16 15:26:30,32,39,3654,7818
2023-02-16 15:26:31,33,39,3654,7818
2023-02-16 15:26:36,34,39,3654,7818
2023-02-16 15:26:37,33,39,3654,7818
2023-02-16 15:26:39,34,39,3654,7818
2023-02-16 15:26:43,33,39,3654,7818
2023-02-16 15:26:45,34,39,3654,7818
2023-02-16 15:26:51,36,39,3654,7818
2023-02-16 15:26:51,36,42,3654,7818
2023-02-16 15:26:52,34,42,3654,7818
2023-02-16 15:26:52,35,42,3654,7818
2023-02-16 15:26:57,36,42,3654,7818
2023-02-16 15:26:58,35,42,3654,7818
2023-02-16 15:27:03,38,42,3654,7818
2023-02-16 15:27:03,38,44,3654,7818
2023-02-16 15:27:20,43,44,3654,7818
2023-02-16 15:27:21,43,49,3654,7818
2023-02-16 15:27:27,45,49,3654,7818
2023-02-16 15:27:27,45,51,3654,7818
2023-02-16 15:27:43,45,53,3654,7818
2023-02-16 15:27:43,47,53,3654,7818
2023-02-16 15:27:44,45,53,3654,7818
2023-02-16 15:27:46,47,53,3654,7818
2023-02-16 15:27:59,47,56,3654,7818
2023-02-16 15:27:59,47,55,3654,7818
2023-02-16 15:27:59,49,55,3654,7818
2023-02-16 15:28:00,47,55,3654,7818
2023-02-16 15:28:01,49,55,3654,7818
2023-02-16 15:28:04,49,58,3654,7818
2023-02-16 15:28:04,52,58,3654,7818
2023-02-16 15:28:09,52,61,3654,7818
2023-02-16 15:28:09,54,61,3654,7818
2023-02-16 15:28:09,54,60,3654,7818
2023-02-16 15:28:16,54,61,3654,7818
2023-02-16 15:28:16,56,61,3654,7818
2023-02-16 15:28:19,58,61,3654,7818
2023-02-16 15:28:21,58,64,3654,7818
2023-02-16 15:28:25,56,64,3654,7818
2023-02-16 15:28:31,58,64,3654,7818
2023-02-16 15:28:41,58,67,3654,7818
2023-02-16 15:28:41,60,67,3654,7818
2023-02-16 15:28:42,60,68,3654,7818
2023-02-16 15:28:42,60,66,3654,7818
2023-02-16 15:29:03,60,68,3654,7818
2023-02-16 15:29:03,62,68,3654,7818
2023-02-16 15:29:03,60,68,3654,7818
2023-02-16 15:29:04,60,66,3654,7818
2023-02-16 15:29:05,58,66,3654,7818
2023-02-16 15:29:12,58,64,3654,7818
2023-02-16 15:29:15,58,66,3654,7818
2023-02-16 15:29:15,60,66,3654,7818
2023-02-16 15:29:17,60,68,3654,7818
2023-02-16 15:29:23,62,68,3654,7818
2023-02-16 15:29:34,60,68,3654,7843
2023-02-16 15:29:35,60,66,3654,7843
2023-02-16 15:29:39,60,68,3654,7843
2023-02-16 15:29:39,60,67,3654,7843
2023-02-16 15:29:43,60,68,3654,7843
2023-02-16 15:29:45,62,68,3654,7843
2023-02-16 15:29:51,31,68,3654,7843
2023-02-16 15:29:51,60,68,3654,7843
2023-02-16 15:29:51,60,67,3654,7843
2023-02-16 15:29:52,60,68,3654,7843
2023-02-16 15:29:54,31,68,3654,7843
2023-02-16 15:30:00,62,71,3654,7843
2023-02-16 15:30:00,62,70,3654,7843
2023-02-16 15:30:01,62,71,3654,7843
2023-02-16 15:30:01,64,71,3654,7843
2023-02-16 15:30:03,64,70,3654,7843
2023-02-16 15:30:09,31,70,3654,7843
2023-02-16 15:30:09,31,69,3654,7843
2023-02-16 15:30:09,62,69,3654,7843
2023-02-16 15:30:20,64,69,3654,7843
2023-02-16 15:30:20,64,71,3654,7843
2023-02-16 15:30:21,64,70,3654,7843
2023-02-16 15:30:22,64,71,3654,7843
2023-02-16 15:30:30,31,71,3654,7843
2023-02-16 15:30:30,66,71,3654,7843
2023-02-16 15:30:30,66,73,3654,7843
2023-02-16 15:30:33,66,72,3654,7843
2023-02-16 15:30:34,66,73,3654,7843
2023-02-16 15:30:36,66,72,3654,7843
2023-02-16 15:30:38,66,73,3654,7843
2023-02-16 15:30:38,71,73,3654,7843
2023-02-16 15:30:41,66,71,3629,7868
2023-02-16 15:30:49,31,73,3629,7868
2023-02-16 15:30:49,31,75,3629,7868
2023-02-16 15:30:49,68,75,3629,7868
2023-02-16 15:30:54,70,75,3629,7868
2023-02-16 15:30:54,70,76,3629,7868
2023-02-16 15:30:57,70,75,3629,7868
2023-02-16 15:30:57,68,75,3629,7868
2023-02-16 15:31:00,31,75,3629,7868
2023-02-16 15:31:00,70,76,3629,7868
2023-02-16 15:31:01,70,77,3629,7868
2023-02-16 15:31:04,31,77,3629,7918
2023-02-16 15:31:04,31,74,3629,7918
2023-02-16 15:31:28,31,77,3629,7918
2023-02-16 15:31:28,31,76,3629,7918
2023-02-16 15:31:41,31,77,3629,7918
2023-02-16 15:31:43,31,76,3629,7918
2023-02-16 15:31:53,56,76,3629,7918
2023-02-16 15:31:56,56,77,3629,7918
2023-02-16 15:32:30,77,79,3579,7968
2023-02-16 15:32:31,77,81,3579,7968
2023-02-16 15:32:41,77,84,3579,7968
2023-02-16 15:32:41,77,83,3579,7968
2023-02-16 15:32:45,77,82,3579,7968
2023-02-16 15:32:46,75,77,3569,7978
2023-02-16 15:32:51,75,81,3569,7978
2023-02-16 15:32:59,56,81,3569,8028
2023-02-16 15:33:00,56,79,3569,8028
2023-02-16 15:33:08,56,78,3569,8028
2023-02-16 15:33:13,56,77,3569,8028
2023-02-16 15:33:33,56,78,3569,8028
2023-02-16 15:33:33,56,75,3569,8028
2023-02-16 15:33:41,56,77,3569,8028
2023-02-16 15:33:46,56,76,3569,8028
2023-02-16 15:33:49,75,76,3569,8028
2023-02-16 15:34:03,75,77,3569,8028
2023-02-16 15:34:20,75,78,3569,8028
2023-02-16 15:34:52,56,78,3569,8053
2023-02-16 15:35:16,56,77,3569,8053
2023-02-16 15:35:22,56,78,3569,8053
2023-02-16 15:35:23,56,75,3569,8053
2023-02-16 15:35:50,56,74,3569,8053
2023-02-16 15:35:55,56,75,3569,8119
2023-02-16 15:35:55,70,75,3569,8119
2023-02-16 15:36:12,56,75,3569,8169
2023-02-16 15:36:12,56,72,3569,8169
2023-02-16 15:36:13,56,72,3569,8176
2023-02-16 15:36:13,68,72,3569,8176
2023-02-16 15:36:24,56,72,3569,8176
2023-02-16 15:36:24,56,74,3569,8176
2023-02-16 15:36:24,65,74,3569,8176
2023-02-16 15:36:24,65,69,3569,8176
2023-02-16 15:36:35,67,69,3569,8176
2023-02-16 15:36:35,67,71,3569,8176
2023-02-16 15:36:38,56,71,3569,8176
2023-02-16 15:36:38,65,71,3569,8176
2023-02-16 15:36:51,65,71,3569,8176
2023-02-16 15:36:51,65,69,3569,8176
2023-02-16 15:36:51,62,69,3569,8176
2023-02-16 15:36:51,62,66,3569,8176
2023-02-16 15:36:59,62,68,3569,8176
2023-02-16 15:36:59,51,68,3569,8176
2023-02-16 15:36:59,51,64,3569,8176
2023-02-16 15:36:59,60,64,3569,8176
2023-02-16 15:37:02,62,64,3569,8176
2023-02-16 15:37:02,62,66,3569,8176
2023-02-16 15:37:07,62,68,3569,8176
2023-02-16 15:37:07,62,67,3569,8176
2023-02-16 15:37:08,62,66,3569,8176
2023-02-16 15:37:09,62,65,3569,8176
2023-02-16 15:37:17,62,66,3569,8176
2023-02-16 15:37:17,51,66,3569,8176
2023-02-16 15:37:17,51,68,3569,8176
2023-02-16 15:37:17,64,68,3569,8176
2023-02-16 15:37:23,51,68,3569,8176
2023-02-16 15:37:23,51,71,3569,8176
2023-02-16 15:37:23,66,71,3569,8176
2023-02-16 15:37:24,66,70,3569,8176
2023-02-16 15:37:35,66,69,3569,8176
2023-02-16 15:37:36,66,70,3569,8176
2023-02-16 15:37:38,51,70,3569,8183
2023-02-16 15:37:40,51,71,3569,8183
2023-02-16 15:37:40,51,74,3569,8183
2023-02-16 15:37:40,51,73,3569,8183
2023-02-16 15:37:46,51,74,3569,8183
2023-02-16 15:37:46,51,75,3569,8183
2023-02-16 15:38:58,51,74,3569,8183
2023-02-16 15:39:27,51,75,3569,8183
2023-02-16 15:40:50,51,78,3569,8183
2023-02-16 15:40:51,51,83,3569,8183
2023-02-16 15:40:53,51,84,3569,8183
2023-02-16 15:41:06,60,84,3569,8183
2023-02-16 15:41:18,60,85,3569,8183
2023-02-16 15:41:27,60,82,3569,8183
2023-02-16 15:41:31,51,82,3569,8183
2023-02-16 15:41:57,57,82,3569,8183
2023-02-16 15:42:12,57,80,3569,8183
2023-02-16 15:42:51,64,80,3569,8183
2023-02-16 15:43:28,57,80,3569,8183
2023-02-16 15:44:04,57,82,3569,8238
2023-02-16 15:44:24,57,80,3569,8238
2023-02-16 15:45:22,57,80,3569,8263
2023-02-16 15:45:23,80,82,3569,8293
2023-02-16 15:45:29,80,82,3581,8305
2023-02-16 15:45:31,57,80,3581,8318
2023-02-16 15:45:35,57,82,3581,8318
2023-02-16 15:46:03,57,82,3581,8320
2023-02-16 15:46:53,57,80,3581,8320
2023-02-16 15:46:58,58,80,3581,8320
2023-02-16 15:47:17,65,80,3581,8320
2023-02-16 15:47:36,58,80,3581,8320
2023-02-16 15:47:44,70,80,3581,8320
2023-02-16 15:48:09,58,80,3581,8320
2023-02-16 15:48:17,75,80,3581,8320
2023-02-16 15:48:20,75,82,3581,8418
2023-02-16 15:48:33,58,82,3581,8418
2023-02-16 15:48:49,58,81,3581,8418
2023-02-16 15:48:53,58,79,3581,8418
2023-02-16 15:49:14,58,81,3581,8418
2023-02-16 15:49:14,58,77,3581,8418
2023-02-16 15:49:33,58,79,3581,8418
2023-02-16 15:49:33,60,79,3581,8418
2023-02-16 15:49:33,60,78,3581,8418
2023-02-16 15:49:35,60,79,3581,8418
2023-02-16 15:49:43,58,79,3581,8418
2023-02-16 15:49:46,58,80,3581,8418
2023-02-16 15:49:52,58,78,3581,8418
2023-02-16 15:49:53,58,80,3581,8418
2023-02-16 15:49:53,58,79,3581,8418
2023-02-16 15:49:59,58,72,3581,8418
2023-02-16 15:49:59,58,69,3581,8418
2023-02-16 15:50:02,58,77,3581,8418
2023-02-16 15:50:02,58,82,3581,8418
2023-02-16 15:51:35,58,79,3581,8418
2023-02-16 15:51:40,58,82,3581,8418
2023-02-16 15:51:40,58,81,3581,8418
2023-02-16 15:51:42,58,80,3581,8418
2023-02-16 15:51:43,58,81,3581,8418
2023-02-16 15:51:44,58,80,3581,8418
2023-02-16 15:51:45,58,82,3581,8418
2023-02-16 15:51:45,58,78,3581,8418
2023-02-16 15:51:50,58,77,3581,8418
2023-02-16 15:52:01,51,77,3581,8418
2023-02-16 15:52:23,51,74,3581,8418
2023-02-16 15:52:36,51,77,3581,8418
2023-02-16 15:52:36,51,75,3581,8418
2023-02-16 15:52:36,51,72,3581,8418
2023-02-16 15:52:39,51,75,3581,8418
2023-02-16 15:52:42,51,73,3581,8418
2023-02-16 15:52:46,51,75,3581,8418
2023-02-16 15:52:50,51,77,3581,8418
2023-02-16 15:53:12,51,82,3581,8418
2023-02-16 15:53:12,65,82,3581,8418
2023-02-16 15:53:19,51,82,3581,8418
2023-02-16 15:53:25,72,82,3581,8418
2023-02-16 15:53:31,51,82,3679,8516
2023-02-16 15:53:43,51,80,3679,8516
2023-02-16 15:54:03,2,80,3679,8516
2023-02-16 15:54:53,2,82,3679,8614
2023-02-16 15:54:54,80,82,3679,8614
2023-02-16 15:54:58,2,84,3679,8679
2023-02-16 15:55:05,2,89,3679,8734
2023-02-16 15:55:18,25,89,3679,8734
2023-02-16 15:55:31,80,89,3679,8734
2023-02-16 15:55:52,2,89,3679,8734
2023-02-16 15:55:56,2,89,3842,8897
2023-02-16 15:56:00,89,97,3929,8984
2023-02-16 15:56:23,55,97,3929,8984
2023-02-16 15:56:25,87,97,3929,8984
2023-02-16 15:56:48,87,97,3929,9539
2023-02-16 15:56:51,2,97,3929,9539
2023-02-16 15:57:00,82,97,3929,9539
2023-02-16 15:57:23,2,97,3929,9539
2023-02-16 15:57:27,2,96,3929,9539
2023-02-16 15:57:30,85,96,3929,9539
2023-02-16 15:58:18,85,98,4028,9638
2023-02-16 15:58:19,96,98,4028,9638
2023-02-16 15:58:30,85,98,4028,9638
2023-02-16 15:58:39,2,98,4028,9638
2023-02-16 15:58:50,89,98,4028,9638
2023-02-16 15:58:54,89,99,4028,9688
2023-02-16 15:59:21,89,100,4028,9787
2023-02-16 15:59:27,99,100,4028,9787
