datetime,bid,ask,open_interest,volume
2023-08-01 09:30:07,32,40,1467,1906
2023-08-01 09:30:07,33,40,1467,1906
2023-08-01 09:30:07,33,39,1467,1906
2023-08-01 09:30:08,32,39,1467,1906
2023-08-01 09:30:08,32,40,1467,1906
2023-08-01 09:30:09,32,39,1467,1906
2023-08-01 09:30:09,33,39,1467,1906
2023-08-01 09:30:11,33,40,1467,1906
2023-08-01 09:30:11,32,40,1467,1906
2023-08-01 09:30:12,33,40,1467,1906
2023-08-01 09:30:12,33,42,1475,1914
2023-08-01 09:30:13,32,42,1475,1914
2023-08-01 09:30:26,33,42,1475,1914
2023-08-01 09:30:27,33,41,1475,1914
2023-08-01 09:30:27,34,41,1475,1914
2023-08-01 09:30:28,34,40,1475,1914
2023-08-01 09:30:28,35,40,1475,1914
2023-08-01 09:30:29,35,39,1475,1914
2023-08-01 09:30:32,36,38,1475,1914
2023-08-01 09:30:38,35,38,1475,1914
2023-08-01 09:30:38,34,38,1475,1914
2023-08-01 09:30:38,32,42,1475,1914
2023-08-01 09:30:38,32,41,1475,1914
2023-08-01 09:30:39,32,40,1475,1914
2023-08-01 09:30:39,33,40,1475,1914
2023-08-01 09:31:24,32,40,1575,2014
2023-08-01 09:31:26,32,42,1575,2014
2023-08-01 09:31:27,33,42,1575,2014
2023-08-01 09:31:28,34,42,1575,2014
2023-08-01 09:31:29,35,42,1575,2014
2023-08-01 09:31:38,34,42,1675,2114
2023-08-01 09:31:51,33,42,1675,2114
2023-08-01 09:31:51,32,42,1675,2114
2023-08-01 09:31:54,33,42,1675,2114
2023-08-01 09:31:54,33,34,1675,2114
2023-08-01 09:31:55,33,42,1775,2214
2023-08-01 09:31:56,34,42,1775,2214
2023-08-01 09:31:57,35,42,1775,2214
2023-08-01 09:31:59,35,41,1775,2214
2023-08-01 09:31:59,36,41,1775,2214
2023-08-01 09:32:12,36,42,1775,2214
2023-08-01 09:32:22,36,41,1775,2214
2023-08-01 09:32:23,35,41,1775,2214
2023-08-01 09:32:23,34,42,1775,2214
2023-08-01 09:32:23,33,42,1775,2214
2023-08-01 09:32:24,33,42,1775,2214
2023-08-01 09:32:31,34,42,1775,2214
2023-08-01 09:32:32,35,42,1775,2214
2023-08-01 09:32:33,36,42,1775,2214
2023-08-01 09:33:11,36,45,1779,2293
2023-08-01 09:33:13,36,44,1779,2293
2023-08-01 09:33:14,36,45,1779,2293
2023-08-01 09:33:15,36,44,1779,2293
2023-08-01 09:33:17,36,43,1779,2293
2023-08-01 09:33:26,36,45,1779,2293
2023-08-01 09:33:28,36,44,1779,2293
2023-08-01 09:33:29,36,43,1779,2293
2023-08-01 09:33:36,36,45,1779,2293
2023-08-01 09:33:37,36,44,1779,2293
2023-08-01 09:33:40,36,45,1779,2293
2023-08-01 09:33:41,36,44,1779,2293
2023-08-01 09:33:46,36,41,1779,2293
2023-08-01 09:33:46,36,40,1779,2293
2023-08-01 09:33:47,36,41,1794,2308
2023-08-01 09:33:48,36,44,1839,2353
2023-08-01 09:33:48,39,44,1839,2353
2023-08-01 09:33:48,39,41,1839,2353
2023-08-01 09:33:49,39,44,1884,2398
2023-08-01 09:33:50,39,45,1884,2398
2023-08-01 09:33:50,39,41,1884,2398
2023-08-01 09:33:51,39,45,1929,2443
2023-08-01 09:33:55,39,44,1929,2443
2023-08-01 09:33:57,39,45,1929,2443
2023-08-01 09:33:59,39,44,1929,2443
2023-08-01 09:34:04,39,43,1929,2443
2023-08-01 09:34:04,36,43,1929,2443
2023-08-01 09:34:04,40,43,1929,2443
2023-08-01 09:34:12,40,45,1974,2488
2023-08-01 09:34:27,41,45,1974,2488
2023-08-01 09:34:28,42,45,1974,2488
2023-08-01 09:34:30,43,45,1974,2488
2023-08-01 09:34:32,42,45,1974,2588
2023-08-01 09:34:36,42,46,1990,2604
2023-08-01 09:34:51,42,45,1990,2604
2023-08-01 09:34:51,42,46,1990,2604
2023-08-01 09:34:57,43,46,1990,2604
2023-08-01 09:34:59,43,50,1990,2604
2023-08-01 09:34:59,43,47,1990,2604
2023-08-01 09:34:59,44,47,1990,2604
2023-08-01 09:34:59,44,46,1990,2604
2023-08-01 09:34:59,43,44,1990,2704
2023-08-01 09:35:00,42,44,1990,2704
2023-08-01 09:35:01,42,46,1990,2804
2023-08-01 09:35:03,42,47,1990,2804
2023-08-01 09:35:03,42,44,1990,2804
2023-08-01 09:35:04,42,45,1990,2854
2023-08-01 09:35:05,42,45,2379,3254
2023-08-01 09:35:06,42,47,2479,3354
2023-08-01 09:35:06,42,44,2479,3354
2023-08-01 09:35:07,43,44,2479,3354
2023-08-01 09:35:08,44,46,2629,3504
2023-08-01 09:35:08,44,46,3029,3904
2023-08-01 09:35:09,45,46,3029,3904
2023-08-01 09:35:09,45,47,3029,3904
2023-08-01 09:35:10,45,46,3029,3904
2023-08-01 09:35:10,44,46,3129,4004
2023-08-01 09:35:11,45,46,3129,4004
2023-08-01 09:35:13,44,46,3129,4304
2023-08-01 09:35:14,45,46,3129,4304
2023-08-01 09:35:16,44,46,3129,4504
2023-08-01 09:35:16,44,46,3529,4904
2023-08-01 09:35:16,44,47,3529,4904
2023-08-01 09:35:17,44,50,3529,4904
2023-08-01 09:35:17,44,48,3529,4904
2023-08-01 09:35:20,44,47,3529,4904
2023-08-01 09:35:24,43,47,3529,4904
2023-08-01 09:35:28,44,47,3529,4904
2023-08-01 09:35:29,45,47,3529,4904
2023-08-01 09:35:31,46,47,3529,4904
2023-08-01 09:35:34,45,47,3529,5104
2023-08-01 09:35:36,45,46,3529,5104
2023-08-01 09:35:37,45,47,3729,5304
2023-08-01 09:35:38,45,48,4029,5679
2023-08-01 09:36:08,45,47,4029,5679
2023-08-01 09:36:09,45,48,4029,5679
2023-08-01 09:36:43,45,49,4029,5679
2023-08-01 09:36:43,45,47,4029,5679
2023-08-01 09:36:50,45,49,4079,5729
2023-08-01 09:36:52,45,48,4079,5729
2023-08-01 09:36:55,46,48,4079,5729
2023-08-01 09:37:07,46,49,4079,5729
2023-08-01 09:37:15,47,49,4079,5729
2023-08-01 09:37:15,47,50,4079,5729
2023-08-01 09:37:15,47,49,4079,5729
2023-08-01 09:37:24,47,50,4079,5729
2023-08-01 09:37:24,47,49,4079,5729
2023-08-01 09:37:26,46,49,4079,5729
2023-08-01 09:37:33,46,48,4079,5729
2023-08-01 09:37:37,45,48,4079,5729
2023-08-01 09:37:37,47,48,4079,5729
2023-08-01 09:37:40,47,49,4079,5729
2023-08-01 09:37:44,45,49,4079,5729
2023-08-01 09:37:44,46,49,4079,5729
2023-08-01 09:37:45,46,48,4079,5729
2023-08-01 09:37:49,47,48,4079,5729
2023-08-01 09:37:51,46,48,4079,5729
2023-08-01 09:38:00,46,49,4079,5729
2023-08-01 09:38:00,46,48,4079,5729
2023-08-01 09:38:01,47,48,4079,5729
2023-08-01 09:38:05,46,48,4079,5729
2023-08-01 09:38:10,46,47,4079,5729
2023-08-01 09:38:23,46,49,4179,5829
2023-08-01 09:38:26,47,49,4179,5829
2023-08-01 09:38:27,47,48,4179,5829
2023-08-01 09:38:31,47,50,4179,5829
2023-08-01 09:38:31,47,48,4179,5829
2023-08-01 09:38:43,47,49,4179,5829
2023-08-01 09:38:43,47,48,4179,5829
2023-08-01 09:39:02,47,49,4179,5829
2023-08-01 09:39:02,47,49,4179,5879
2023-08-01 09:39:05,47,48,4179,5879
2023-08-01 09:39:05,46,47,4279,5979
2023-08-01 09:39:18,46,48,4279,5979
2023-08-01 09:39:18,46,48,4279,6129
2023-08-01 09:39:35,46,47,4279,6129
2023-08-01 09:39:58,46,48,4279,6129
2023-08-01 09:39:58,47,48,4279,6129
2023-08-01 09:39:59,47,49,4279,6129
2023-08-01 09:40:01,47,48,4279,6129
2023-08-01 09:40:13,47,49,4279,6129
2023-08-01 09:40:18,48,49,4279,6129
2023-08-01 09:40:20,48,50,4279,6129
2023-08-01 09:40:38,48,49,4279,6129
2023-08-01 09:40:50,48,50,4279,6129
2023-08-01 09:40:50,49,50,4279,6129
2023-08-01 09:40:54,46,50,3999,6409
2023-08-01 09:40:54,45,50,4099,6509
2023-08-01 09:40:55,45,49,4099,6509
2023-08-01 09:40:56,46,49,4099,6509
2023-08-01 09:40:57,47,49,4099,6509
2023-08-01 09:41:00,48,49,4099,6509
2023-08-01 09:41:01,47,49,4099,6509
2023-08-01 09:41:04,46,49,4099,6509
2023-08-01 09:41:13,47,49,4099,6509
2023-08-01 09:41:15,45,49,4099,6509
2023-08-01 09:41:16,44,49,4099,6509
2023-08-01 09:41:16,46,49,4099,6509
2023-08-01 09:41:25,46,50,4500,7010
2023-08-01 09:41:26,47,50,4500,7010
2023-08-01 09:41:26,47,49,4500,7010
2023-08-01 09:41:35,44,49,4500,7010
2023-08-01 09:41:35,44,50,4500,7010
2023-08-01 09:41:35,48,50,4500,7010
2023-08-01 09:41:38,44,50,4200,7310
2023-08-01 09:41:39,44,49,4200,7310
2023-08-01 09:41:39,45,49,4200,7310
2023-08-01 09:41:40,46,49,4200,7310
2023-08-01 09:41:41,46,48,4200,7310
2023-08-01 09:41:42,46,49,4200,7310
2023-08-01 09:41:47,46,48,4200,7310
2023-08-01 09:41:48,45,48,4200,7310
2023-08-01 09:41:48,45,47,4200,7310
2023-08-01 09:41:52,45,48,4200,7310
2023-08-01 09:41:52,45,49,4200,7310
2023-08-01 09:41:52,46,49,4200,7310
2023-08-01 09:42:03,46,48,4200,7310
2023-08-01 09:42:04,44,48,4200,7310
2023-08-01 09:42:06,45,48,4200,7310
2023-08-01 09:42:10,45,49,4200,7310
2023-08-01 09:42:10,46,49,4200,7310
2023-08-01 09:42:11,46,48,4200,7310
2023-08-01 09:42:13,46,49,4200,7310
2023-08-01 09:42:15,45,49,4200,7310
2023-08-01 09:42:17,45,48,4200,7310
2023-08-01 09:42:20,45,47,4200,7310
2023-08-01 09:42:23,45,48,4200,7310
2023-08-01 09:42:23,46,48,4200,7310
2023-08-01 09:42:40,45,48,4200,7310
2023-08-01 09:42:49,46,48,4200,7310
2023-08-01 09:43:09,45,48,4200,7310
2023-08-01 09:43:12,45,47,4200,7310
2023-08-01 09:43:13,45,48,4200,7310
2023-08-01 09:43:28,46,48,4200,7310
2023-08-01 09:44:15,45,48,4200,7310
2023-08-01 09:44:22,46,48,4200,7310
2023-08-01 09:44:25,45,48,4200,7310
2023-08-01 09:44:26,45,47,4200,7310
2023-08-01 09:44:29,46,47,4200,7310
2023-08-01 09:44:35,46,48,4200,7310
2023-08-01 09:44:41,45,48,4200,7310
2023-08-01 09:44:42,45,47,4200,7310
2023-08-01 09:44:43,45,48,4200,7310
2023-08-01 09:44:44,46,48,4200,7310
2023-08-01 09:44:49,44,48,4200,7310
2023-08-01 09:44:49,44,47,4200,7310
2023-08-01 09:44:53,44,48,4200,7310
2023-08-01 09:44:53,45,48,4200,7310
2023-08-01 09:44:53,45,47,4200,7310
2023-08-01 09:44:54,46,47,4200,7310
2023-08-01 09:45:02,45,47,4200,7310
2023-08-01 09:45:03,45,47,4200,7310
2023-08-01 09:45:04,46,47,4200,7310
2023-08-01 09:45:09,45,47,4200,7310
2023-08-01 09:45:10,44,47,4200,7310
2023-08-01 09:45:12,45,47,4200,7310
2023-08-01 09:45:13,46,47,4200,7310
2023-08-01 09:45:17,46,48,4200,7310
2023-08-01 09:45:20,45,48,4200,7310
2023-08-01 09:45:23,44,48,4200,7310
2023-08-01 09:45:23,44,47,4200,7310
2023-08-01 09:45:29,44,48,4200,7310
2023-08-01 09:45:29,45,48,4200,7310
2023-08-01 09:45:30,46,48,4200,7310
2023-08-01 09:45:32,47,48,4200,7310
2023-08-01 09:45:39,46,48,4200,7310
2023-08-01 09:46:03,45,48,4200,7310
2023-08-01 09:46:04,46,48,4200,7310
2023-08-01 09:46:07,46,49,4000,8310
2023-08-01 09:46:10,46,48,4000,8310
2023-08-01 09:46:16,46,47,4000,8310
2023-08-01 09:46:16,45,47,4000,8310
2023-08-01 09:46:20,46,47,4000,8310
2023-08-01 09:46:22,46,48,4000,8310
2023-08-01 09:46:25,47,48,4000,8310
2023-08-01 09:46:29,46,48,4000,8310
2023-08-01 09:46:34,43,48,4000,8310
2023-08-01 09:46:34,45,48,4000,8310
2023-08-01 09:46:34,45,47,4000,8310
2023-08-01 09:46:35,43,47,4000,8310
2023-08-01 09:46:35,43,48,4000,8310
2023-08-01 09:46:35,46,48,4000,8310
2023-08-01 09:46:46,46,47,4000,8310
2023-08-01 09:46:53,45,47,4000,8310
2023-08-01 09:46:58,46,47,4000,8310
2023-08-01 09:47:08,46,48,4000,8310
2023-08-01 09:47:15,46,47,4000,8310
2023-08-01 09:47:22,46,48,4000,8310
2023-08-01 09:47:25,47,48,4000,8310
2023-08-01 09:48:07,44,48,4000,8310
2023-08-01 09:48:07,46,48,4000,8310
2023-08-01 09:48:11,47,48,4000,8310
2023-08-01 09:48:13,46,48,4000,8310
2023-08-01 09:48:52,46,49,4000,8310
2023-08-01 09:48:52,47,49,4000,8310
2023-08-01 09:48:52,47,48,4000,8310
2023-08-01 09:48:53,47,49,4000,8310
2023-08-01 09:48:55,47,48,4000,8310
2023-08-01 09:48:56,47,49,4000,8310
2023-08-01 09:49:00,46,49,4000,8310
2023-08-01 09:49:00,48,49,4000,8310
2023-08-01 09:49:09,45,49,3700,8610
2023-08-01 09:49:10,45,48,3700,8610
2023-08-01 09:49:11,45,49,3700,8610
2023-08-01 09:49:16,45,48,3700,8610
2023-08-01 09:49:23,46,48,3700,8610
2023-08-01 09:49:25,46,49,3700,8610
2023-08-01 09:49:27,46,48,3700,8610
2023-08-01 09:49:29,45,48,3700,8610
2023-08-01 09:49:38,46,48,3700,8610
2023-08-01 09:49:39,45,48,3700,8610
2023-08-01 09:49:40,46,48,3700,8610
2023-08-01 09:49:44,45,48,3700,8610
2023-08-01 09:49:45,44,48,3700,8610
2023-08-01 09:49:48,45,48,3700,8610
2023-08-01 09:49:49,46,48,3700,8610
2023-08-01 09:49:54,46,49,3700,8610
2023-08-01 09:49:55,46,49,3730,8640
2023-08-01 09:49:56,47,49,3730,8640
2023-08-01 09:50:06,47,48,3730,8640
2023-08-01 09:50:09,47,49,3730,8640
2023-08-01 09:50:10,44,49,3700,8670
2023-08-01 09:50:12,45,49,3700,8670
2023-08-01 09:50:13,46,49,3700,8670
2023-08-01 09:50:15,46,48,3700,8670
2023-08-01 09:50:18,47,48,3700,8670
2023-08-01 09:50:27,46,48,3700,8670
2023-08-01 09:50:27,46,50,3700,8670
2023-08-01 09:50:28,46,49,3700,8670
2023-08-01 09:50:30,46,48,3700,8670
2023-08-01 09:50:31,46,49,3700,8670
2023-08-01 09:50:33,45,49,3700,8670
2023-08-01 09:50:33,45,48,3700,8670
2023-08-01 09:50:40,45,49,3700,8670
2023-08-01 09:50:40,46,49,3700,8670
2023-08-01 09:50:45,47,49,3700,8670
2023-08-01 09:50:50,47,50,3700,8670
2023-08-01 09:50:50,47,49,3700,8670
2023-08-01 09:50:54,46,49,3700,8670
2023-08-01 09:50:58,46,50,3700,8670
2023-08-01 09:51:01,46,49,3700,8670
2023-08-01 09:51:03,46,48,3700,8670
2023-08-01 09:51:04,46,49,3700,8670
2023-08-01 09:51:06,46,48,3700,8670
2023-08-01 09:51:08,46,49,3700,8670
2023-08-01 09:51:09,45,49,3700,8670
2023-08-01 09:51:10,45,48,3700,8670
2023-08-01 09:51:11,46,48,3700,8670
2023-08-01 09:51:13,46,49,3700,8670
2023-08-01 09:51:16,46,48,3700,8670
2023-08-01 09:51:17,45,48,3700,8670
2023-08-01 09:51:18,44,48,3700,8670
2023-08-01 09:51:20,45,48,3700,8670
2023-08-01 09:51:21,46,48,3700,8670
2023-08-01 09:51:27,45,48,3700,8670
2023-08-01 09:51:28,46,48,3700,8670
2023-08-01 09:51:29,45,48,3700,8670
2023-08-01 09:51:31,46,48,3700,8670
2023-08-01 09:51:42,45,48,3700,8670
2023-08-01 09:52:05,45,47,3700,8670
2023-08-01 09:52:06,45,48,3700,8670
2023-08-01 09:54:02,44,48,3700,8670
2023-08-01 09:54:08,45,48,3700,8670
2023-08-01 09:54:14,45,47,3700,8670
2023-08-01 09:54:15,45,48,3700,8670
2023-08-01 09:54:41,45,49,3700,8670
2023-08-01 09:54:48,46,49,3700,8670
2023-08-01 09:54:58,46,48,3700,8670
2023-08-01 09:54:59,46,49,3700,8670
2023-08-01 09:55:02,46,50,3700,8670
2023-08-01 09:55:09,46,49,3700,8670
2023-08-01 09:55:24,46,50,3700,8670
2023-08-01 09:55:25,46,49,3700,8670
2023-08-01 09:55:29,46,50,3700,8670
2023-08-01 09:55:33,46,49,3700,8670
2023-08-01 09:55:41,46,50,3700,8670
2023-08-01 09:55:42,46,49,3700,8670
2023-08-01 09:56:03,46,50,3700,8670
2023-08-01 09:56:09,46,49,3700,8670
2023-08-01 09:56:17,46,50,3700,8670
2023-08-01 09:56:18,46,49,3700,8670
2023-08-01 09:56:29,46,50,3700,8670
2023-08-01 09:56:29,47,50,3700,8670
2023-08-01 09:56:36,47,49,3700,8670
2023-08-01 09:56:37,47,50,3700,8670
2023-08-01 09:56:46,46,50,3700,8670
2023-08-01 09:56:53,47,50,3700,8670
2023-08-01 09:56:59,46,50,3700,8670
2023-08-01 09:57:08,46,49,3700,8670
2023-08-01 09:57:28,46,50,3700,8670
2023-08-01 09:57:34,46,49,3700,8670
2023-08-01 09:57:35,46,50,3700,8670
2023-08-01 09:57:36,46,49,3700,8670
2023-08-01 09:57:51,45,49,3700,8670
2023-08-01 09:57:55,46,49,3700,8670
2023-08-01 09:57:56,45,49,3700,8670
2023-08-01 09:58:01,46,49,3700,8670
2023-08-01 09:58:07,47,49,3700,8670
2023-08-01 09:58:08,47,50,3700,8670
2023-08-01 09:58:09,48,50,3700,8670
2023-08-01 09:58:12,48,49,3700,8670
2023-08-01 09:58:13,47,49,3700,8670
2023-08-01 09:58:14,47,50,3700,8670
2023-08-01 09:58:36,47,49,3700,8670
2023-08-01 09:58:37,47,50,3700,8670
2023-08-01 09:59:00,47,49,3700,8670
2023-08-01 09:59:02,47,50,3700,8670
2023-08-01 09:59:21,47,49,3700,8670
2023-08-01 09:59:23,47,50,3700,8670
2023-08-01 09:59:33,47,49,3700,8670
2023-08-01 09:59:34,47,48,3700,8670
2023-08-01 09:59:39,47,49,3700,8670
2023-08-01 09:59:39,47,50,3700,8670
2023-08-01 09:59:41,47,49,3700,8670
2023-08-01 09:59:48,47,50,3700,8670
2023-08-01 09:59:53,47,49,3700,8670
2023-08-01 09:59:54,47,50,3700,8670
2023-08-01 09:59:56,47,49,3700,8670
2023-08-01 09:59:57,47,48,3700,8670
2023-08-01 09:59:58,47,49,3700,8670
2023-08-01 10:00:02,46,49,3700,8670
2023-08-01 10:00:04,46,50,4000,8970
2023-08-01 10:00:04,47,50,4000,8970
2023-08-01 10:00:05,48,50,4000,8970
2023-08-01 10:00:09,47,50,4000,8970
2023-08-01 10:00:09,47,49,4000,8970
2023-08-01 10:00:13,47,50,4000,8970
2023-08-01 10:00:14,48,50,4000,8970
2023-08-01 10:00:17,49,50,4000,8970
2023-08-01 10:00:19,49,50,4013,8983
2023-08-01 10:00:32,49,52,4013,8983
2023-08-01 10:00:33,50,52,4013,8983
2023-08-01 10:00:33,50,51,4013,8983
2023-08-01 10:00:37,50,53,4018,8988
2023-08-01 10:00:41,50,52,4018,8988
2023-08-01 10:00:54,48,52,4018,8988
2023-08-01 10:00:54,49,52,4018,8988
2023-08-01 10:00:55,50,52,4018,8988
2023-08-01 10:01:20,50,51,4018,8988
2023-08-01 10:01:35,49,51,4018,8988
2023-08-01 10:01:36,48,51,4018,8988
2023-08-01 10:01:36,50,51,4018,8988
2023-08-01 10:01:40,48,51,4018,9288
2023-08-01 10:01:41,48,52,4018,9288
2023-08-01 10:01:41,49,52,4018,9288
2023-08-01 10:01:44,50,52,4018,9288
2023-08-01 10:01:45,49,52,4018,9288
2023-08-01 10:01:46,50,52,4018,9288
2023-08-01 10:01:51,51,52,4018,9288
2023-08-01 10:01:52,50,52,4018,9288
2023-08-01 10:01:54,49,52,4018,9288
2023-08-01 10:02:00,50,52,4018,9288
2023-08-01 10:02:01,51,52,4018,9288
2023-08-01 10:02:02,51,53,4018,9288
2023-08-01 10:02:03,50,53,4018,9288
2023-08-01 10:02:04,50,52,4018,9288
2023-08-01 10:02:10,50,53,4018,9288
2023-08-01 10:02:18,50,52,4018,9288
2023-08-01 10:02:22,50,53,4018,9288
2023-08-01 10:02:28,50,53,4018,9288
2023-08-01 10:02:53,49,53,4018,9288
2023-08-01 10:02:53,49,52,4018,9288
2023-08-01 10:02:57,50,52,4018,9288
2023-08-01 10:02:58,50,51,4018,9288
2023-08-01 10:03:09,50,52,4018,9288
2023-08-01 10:03:10,49,52,4018,9288
2023-08-01 10:03:16,49,51,4018,9288
2023-08-01 10:03:19,48,51,4018,9288
2023-08-01 10:03:19,48,50,4018,9288
2023-08-01 10:03:20,48,51,4018,9288
2023-08-01 10:03:28,49,51,4018,9288
2023-08-01 10:03:28,49,50,4018,9288
2023-08-01 10:03:33,49,51,4018,9288
2023-08-01 10:03:34,49,52,4018,9288
2023-08-01 10:03:34,49,51,4018,9288
2023-08-01 10:03:36,49,52,4018,9288
2023-08-01 10:03:36,49,51,4018,9288
2023-08-01 10:03:41,50,51,4018,9288
2023-08-01 10:03:45,50,52,4018,9288
2023-08-01 10:03:47,50,51,4018,9288
2023-08-01 10:03:51,50,52,4018,9288
2023-08-01 10:03:52,51,52,4018,9288
2023-08-01 10:03:53,51,53,4018,9288
2023-08-01 10:03:55,50,53,4018,9288
2023-08-01 10:03:56,51,53,4018,9288
2023-08-01 10:04:02,50,53,4018,9288
2023-08-01 10:04:04,51,53,4018,9288
2023-08-01 10:04:14,52,53,4018,9288
2023-08-01 10:04:15,51,53,4018,9288
2023-08-01 10:04:16,51,55,3918,9988
2023-08-01 10:04:17,51,54,3918,9988
2023-08-01 10:04:17,52,54,3918,9988
2023-08-01 10:04:29,52,54,3922,9992
2023-08-01 10:04:46,52,53,3922,9992
2023-08-01 10:04:47,52,54,3922,9992
2023-08-01 10:04:49,52,53,3922,9992
2023-08-01 10:04:58,52,54,3922,9992
2023-08-01 10:04:59,52,53,3922,9992
2023-08-01 10:05:15,52,55,3922,9992
2023-08-01 10:05:18,52,54,3922,9992
2023-08-01 10:05:19,52,53,3922,9992
2023-08-01 10:05:22,52,54,3922,9992
2023-08-01 10:05:28,52,53,3922,9992
2023-08-01 10:05:39,52,55,3922,9992
2023-08-01 10:05:41,52,54,3922,9992
2023-08-01 10:05:42,52,53,3922,9992
2023-08-01 10:05:54,52,54,3922,9992
2023-08-01 10:06:02,52,53,3922,9992
2023-08-01 10:06:12,52,54,3922,9992
2023-08-01 10:06:14,52,53,3922,9992
2023-08-01 10:06:27,52,53,3522,10392
2023-08-01 10:06:29,52,53,3522,10480
2023-08-01 10:06:33,50,53,3406,10596
2023-08-01 10:06:36,51,53,3406,10596
2023-08-01 10:06:37,50,53,3406,10596
2023-08-01 10:06:42,50,54,3406,10596
2023-08-01 10:06:45,51,54,3406,10596
2023-08-01 10:06:46,50,54,3406,10596
2023-08-01 10:06:47,50,53,3406,10596
2023-08-01 10:06:48,50,52,3406,10596
2023-08-01 10:06:54,50,53,3406,10596
2023-08-01 10:06:59,49,53,3406,10596
2023-08-01 10:06:59,49,52,3406,10596
2023-08-01 10:06:59,50,52,3406,10596
2023-08-01 10:07:00,48,52,3406,10596
2023-08-01 10:07:01,48,51,3406,10596
2023-08-01 10:07:01,49,51,3406,10596
2023-08-01 10:07:03,50,51,3406,10596
2023-08-01 10:07:08,49,51,3406,10596
2023-08-01 10:07:08,47,51,3406,10596
2023-08-01 10:07:10,48,51,3406,10596
2023-08-01 10:07:13,49,51,3406,10596
2023-08-01 10:07:15,48,51,3406,10596
2023-08-01 10:07:18,48,52,3406,10596
2023-08-01 10:07:18,48,51,3406,10596
2023-08-01 10:07:21,49,51,3406,10596
2023-08-01 10:07:24,48,51,3406,10596
2023-08-01 10:07:25,48,52,3406,10596
2023-08-01 10:07:28,49,52,3406,10596
2023-08-01 10:07:31,48,52,3406,10596
2023-08-01 10:07:31,49,52,3406,10596
2023-08-01 10:07:34,50,52,3406,10596
2023-08-01 10:07:38,49,52,3406,10596
2023-08-01 10:07:51,49,51,3406,10596
2023-08-01 10:07:52,49,52,3406,10596
2023-08-01 10:07:59,49,51,3406,10596
2023-08-01 10:08:00,49,52,3406,10596
2023-08-01 10:08:01,49,51,3406,10596
2023-08-01 10:08:05,49,52,3406,10596
2023-08-01 10:08:10,49,51,3406,10596
2023-08-01 10:08:11,49,52,3406,10596
2023-08-01 10:08:17,49,51,3406,10596
2023-08-01 10:08:21,49,52,3406,10596
2023-08-01 10:08:25,48,52,3406,10596
2023-08-01 10:08:29,49,52,3406,10596
2023-08-01 10:08:48,50,52,3406,10596
2023-08-01 10:08:49,50,53,3406,10596
2023-08-01 10:08:57,50,52,3406,10596
2023-08-01 10:08:58,50,51,3406,10596
2023-08-01 10:08:59,50,52,3406,10596
2023-08-01 10:09:06,50,53,3406,10596
2023-08-01 10:09:07,51,53,3406,10596
2023-08-01 10:09:08,50,53,3406,10596
2023-08-01 10:09:08,50,52,3406,10596
2023-08-01 10:09:10,50,53,3406,10596
2023-08-01 10:09:12,51,53,3406,10596
2023-08-01 10:09:13,50,53,3406,10596
2023-08-01 10:09:13,50,52,3406,10596
2023-08-01 10:09:14,50,53,3406,10596
2023-08-01 10:09:15,50,52,3406,10596
2023-08-01 10:09:16,49,52,3406,10596
2023-08-01 10:09:16,50,52,3406,10596
2023-08-01 10:09:19,49,52,3406,10596
2023-08-01 10:09:20,50,52,3406,10596
2023-08-01 10:09:30,50,51,3406,10596
2023-08-01 10:09:33,50,52,3406,10596
2023-08-01 10:09:36,49,52,3406,10596
2023-08-01 10:09:41,49,51,3406,10596
2023-08-01 10:09:47,49,52,3406,10596
2023-08-01 10:09:49,49,51,3406,10596
2023-08-01 10:09:50,49,52,3406,10596
2023-08-01 10:09:59,49,52,3411,10601
2023-08-01 10:09:59,49,51,3411,10601
2023-08-01 10:10:13,49,52,3411,10601
2023-08-01 10:10:13,49,50,3411,10601
2023-08-01 10:10:15,48,50,3411,10601
2023-08-01 10:10:16,49,50,3411,10601
2023-08-01 10:10:18,48,50,3411,10601
2023-08-01 10:10:20,49,50,3411,10601
2023-08-01 10:10:23,49,52,3411,10601
2023-08-01 10:10:23,49,51,3411,10601
2023-08-01 10:10:24,50,51,3411,10601
2023-08-01 10:10:31,49,51,3411,10601
2023-08-01 10:10:32,49,50,3411,10601
2023-08-01 10:10:33,48,50,3411,10601
2023-08-01 10:10:34,49,50,3411,10601
2023-08-01 10:10:41,48,50,3411,10601
2023-08-01 10:10:43,49,50,3411,10601
2023-08-01 10:10:51,47,50,3411,10601
2023-08-01 10:10:51,47,49,3411,10601
2023-08-01 10:10:53,48,49,3411,10601
2023-08-01 10:11:07,47,49,3411,10601
2023-08-01 10:11:09,48,49,3411,10601
2023-08-01 10:11:12,47,49,3411,10601
2023-08-01 10:11:15,47,48,3411,10601
2023-08-01 10:11:17,47,50,3411,10601
2023-08-01 10:11:17,47,49,3411,10601
2023-08-01 10:11:20,47,48,3411,10601
2023-08-01 10:11:21,47,49,3411,10601
2023-08-01 10:11:21,47,48,3411,10601
2023-08-01 10:11:31,45,48,3411,10601
2023-08-01 10:11:31,45,49,3411,10601
2023-08-01 10:11:31,45,47,3411,10601
2023-08-01 10:11:39,46,47,3411,10601
2023-08-01 10:11:40,46,49,3411,10606
2023-08-01 10:11:43,47,49,3411,10606
2023-08-01 10:11:47,46,49,3411,10606
2023-08-01 10:11:54,47,49,3411,10606
2023-08-01 10:11:55,46,49,3411,10606
2023-08-01 10:11:59,47,49,3411,10606
2023-08-01 10:12:01,46,49,3411,10606
2023-08-01 10:12:02,47,49,3411,10606
2023-08-01 10:12:11,46,49,3411,10606
2023-08-01 10:12:12,47,49,3411,10606
2023-08-01 10:12:14,46,49,3411,10606
2023-08-01 10:12:16,46,48,3411,10606
2023-08-01 10:12:22,47,48,3411,10606
2023-08-01 10:12:26,47,49,3711,10906
2023-08-01 10:12:35,48,49,3711,10906
2023-08-01 10:12:47,47,49,3711,10906
2023-08-01 10:12:50,46,49,3711,10906
2023-08-01 10:12:50,46,48,3711,10906
2023-08-01 10:12:50,47,48,3711,10906
2023-08-01 10:12:53,46,48,3711,10906
2023-08-01 10:13:01,44,48,3711,10906
2023-08-01 10:13:01,44,47,3711,10906
2023-08-01 10:13:01,43,47,3711,10906
2023-08-01 10:13:02,45,47,3711,10906
2023-08-01 10:13:07,45,46,3711,10906
2023-08-01 10:13:09,44,46,3711,10906
2023-08-01 10:13:11,43,46,3711,10906
2023-08-01 10:13:11,44,46,3711,10906
2023-08-01 10:13:11,45,46,3711,10906
2023-08-01 10:13:15,45,47,3711,10906
2023-08-01 10:13:25,45,46,3711,10906
2023-08-01 10:13:27,45,47,3711,10906
2023-08-01 10:13:32,44,47,3711,10906
2023-08-01 10:13:33,44,46,3711,10906
2023-08-01 10:13:34,44,45,3711,10906
2023-08-01 10:13:42,44,46,3711,10906
2023-08-01 10:13:48,44,45,3711,10906
2023-08-01 10:13:49,43,45,3711,10906
2023-08-01 10:13:51,43,44,3711,10906
2023-08-01 10:13:55,43,45,3711,10906
2023-08-01 10:13:56,43,44,3711,10906
2023-08-01 10:14:00,43,45,3711,10906
2023-08-01 10:14:03,43,46,3711,10906
2023-08-01 10:14:04,44,46,3711,10906
2023-08-01 10:14:05,43,46,3711,10906
2023-08-01 10:14:07,43,45,3711,10906
2023-08-01 10:14:09,43,44,3711,10906
2023-08-01 10:14:13,43,45,3711,10906
2023-08-01 10:14:17,41,45,3711,10906
2023-08-01 10:14:17,39,45,3711,10906
2023-08-01 10:14:17,39,44,3711,10906
2023-08-01 10:14:17,41,44,3711,10906
2023-08-01 10:14:19,41,43,3711,10906
2023-08-01 10:14:20,39,43,3711,10906
2023-08-01 10:14:20,38,43,3711,10906
2023-08-01 10:14:20,40,43,3711,10906
2023-08-01 10:14:21,38,43,3711,10906
2023-08-01 10:14:21,38,42,3711,10906
2023-08-01 10:14:21,37,42,3711,10906
2023-08-01 10:14:21,39,42,3711,10906
2023-08-01 10:14:24,39,41,3711,10906
2023-08-01 10:14:29,39,42,3711,10906
2023-08-01 10:14:29,38,42,3711,10906
2023-08-01 10:14:29,40,42,3711,10906
2023-08-01 10:14:35,38,42,3711,10906
2023-08-01 10:14:35,37,42,3711,10906
2023-08-01 10:14:35,39,42,3711,10906
2023-08-01 10:14:44,40,42,3711,10906
2023-08-01 10:14:45,39,42,3711,10906
2023-08-01 10:14:45,40,42,3711,10906
2023-08-01 10:14:53,40,43,3711,10906
2023-08-01 10:14:55,40,42,3711,10906
2023-08-01 10:14:59,39,42,3711,10906
2023-08-01 10:15:01,39,41,3711,10906
2023-08-01 10:15:06,38,41,3731,10926
2023-08-01 10:15:06,38,40,3731,10926
2023-08-01 10:15:08,38,39,3731,10926
2023-08-01 10:15:09,35,39,3731,10926
2023-08-01 10:15:09,37,39,3731,10926
2023-08-01 10:15:10,38,39,3731,10926
2023-08-01 10:15:16,37,39,3731,10926
2023-08-01 10:15:18,35,39,3731,10926
2023-08-01 10:15:18,34,39,3731,10926
2023-08-01 10:15:18,36,39,3731,10926
2023-08-01 10:15:19,36,38,3731,10926
2023-08-01 10:15:20,35,38,3731,10926
2023-08-01 10:15:20,37,38,3731,10926
2023-08-01 10:15:28,35,38,3731,10926
2023-08-01 10:15:28,34,38,3731,10926
2023-08-01 10:15:28,36,38,3731,10926
2023-08-01 10:15:30,36,39,3731,10926
2023-08-01 10:15:30,37,39,3731,10926
2023-08-01 10:15:32,37,38,3731,10926
2023-08-01 10:15:33,36,38,3731,10926
2023-08-01 10:15:37,36,39,3731,10926
2023-08-01 10:15:40,37,39,3731,10926
2023-08-01 10:15:41,37,40,3731,10926
2023-08-01 10:15:41,37,39,3731,10926
2023-08-01 10:15:46,38,39,3731,10926
2023-08-01 10:15:46,38,40,3731,10926
2023-08-01 10:15:48,36,40,3731,10926
2023-08-01 10:15:48,36,39,3731,10926
2023-08-01 10:15:48,37,39,3731,10926
2023-08-01 10:15:50,36,39,3731,10926
2023-08-01 10:15:50,38,39,3731,10926
2023-08-01 10:15:53,36,39,3731,10926
2023-08-01 10:15:53,36,40,3731,10926
2023-08-01 10:15:53,37,40,3731,10926
2023-08-01 10:15:56,37,39,3731,10926
2023-08-01 10:15:57,37,40,3731,10926
2023-08-01 10:16:01,38,40,3731,10926
2023-08-01 10:16:03,37,40,3731,10926
2023-08-01 10:16:09,38,40,3731,10926
2023-08-01 10:16:12,38,39,3731,10926
2023-08-01 10:16:15,38,40,3731,10926
2023-08-01 10:16:17,38,41,3731,10926
2023-08-01 10:16:18,38,40,3731,10926
2023-08-01 10:16:20,37,40,3731,10926
2023-08-01 10:16:24,37,39,3731,10926
2023-08-01 10:16:27,37,38,3731,10926
2023-08-01 10:16:30,37,39,3731,10926
2023-08-01 10:16:30,34,39,3731,10926
2023-08-01 10:16:30,36,39,3731,10926
2023-08-01 10:16:43,34,39,3731,10926
2023-08-01 10:16:43,34,38,3731,10926
2023-08-01 10:16:43,33,38,3731,10926
2023-08-01 10:16:43,35,38,3731,10926
2023-08-01 10:16:45,36,38,3731,10926
2023-08-01 10:16:46,35,38,3731,10926
2023-08-01 10:16:48,35,37,3731,10926
2023-08-01 10:16:56,35,38,3731,10926
2023-08-01 10:16:58,34,38,3731,10926
2023-08-01 10:16:58,33,38,3731,10926
2023-08-01 10:16:58,36,38,3731,10926
2023-08-01 10:16:59,36,39,3731,10926
2023-08-01 10:17:04,36,38,3731,10926
2023-08-01 10:17:08,36,39,3731,10926
2023-08-01 10:17:12,35,39,3731,10926
2023-08-01 10:17:12,37,39,3731,10926
2023-08-01 10:17:21,35,39,3731,10926
2023-08-01 10:17:21,35,40,3731,10926
2023-08-01 10:17:21,37,40,3731,10926
2023-08-01 10:17:21,38,40,3731,10926
2023-08-01 10:17:22,38,41,3731,10926
2023-08-01 10:17:27,39,41,3731,10926
2023-08-01 10:17:27,39,42,3731,10926
2023-08-01 10:17:28,40,42,3731,10926
2023-08-01 10:17:34,40,43,3731,10926
2023-08-01 10:17:44,40,42,3731,10926
2023-08-01 10:17:44,41,42,3731,10926
2023-08-01 10:17:48,40,42,3731,10926
2023-08-01 10:18:01,39,42,3731,10926
2023-08-01 10:18:01,39,41,3731,10926
2023-08-01 10:18:02,39,42,3731,10926
2023-08-01 10:18:22,40,42,3731,10926
2023-08-01 10:18:23,39,42,3731,10926
2023-08-01 10:18:24,40,42,3731,10926
2023-08-01 10:18:25,39,42,3731,10926
2023-08-01 10:18:26,39,42,3731,10926
2023-08-01 10:18:27,40,42,3731,10926
2023-08-01 10:18:30,39,42,3731,10926
2023-08-01 10:18:32,40,42,3731,10926
2023-08-01 10:18:33,39,42,3731,10926
2023-08-01 10:18:33,37,42,3731,10926
2023-08-01 10:18:33,36,42,3731,10926
2023-08-01 10:18:33,38,42,3731,10926
2023-08-01 10:18:34,38,41,3731,10926
2023-08-01 10:18:36,35,41,3731,10926
2023-08-01 10:18:36,37,41,3731,10926
2023-08-01 10:18:36,37,40,3731,10926
2023-08-01 10:18:38,37,39,3731,10926
2023-08-01 10:18:46,36,39,3731,10926
2023-08-01 10:18:46,36,38,3731,10926
2023-08-01 10:18:47,36,39,3731,10926
2023-08-01 10:18:48,37,39,3731,10926
2023-08-01 10:18:49,37,38,3731,10926
2023-08-01 10:18:49,36,38,3731,10926
2023-08-01 10:18:53,37,38,3731,10926
2023-08-01 10:18:56,35,37,3727,10930
2023-08-01 10:18:57,35,38,3727,10930
2023-08-01 10:18:57,33,38,3727,10930
2023-08-01 10:18:57,32,38,3727,10930
2023-08-01 10:18:57,32,37,3727,10930
2023-08-01 10:18:58,33,37,3727,10930
2023-08-01 10:18:58,34,37,3727,10930
2023-08-01 10:18:58,34,36,3727,10930
2023-08-01 10:18:58,33,36,3727,10930
2023-08-01 10:19:00,34,36,3727,10930
2023-08-01 10:19:02,34,35,3727,10930
2023-08-01 10:19:03,33,35,3727,10930
2023-08-01 10:19:03,33,34,3727,10930
2023-08-01 10:19:04,32,34,3727,10930
2023-08-01 10:19:06,33,34,3727,10930
2023-08-01 10:19:06,33,36,3727,10930
2023-08-01 10:19:06,33,35,3727,10930
2023-08-01 10:19:13,32,35,3727,10930
2023-08-01 10:19:15,32,33,3727,10930
2023-08-01 10:19:16,32,34,3727,10930
2023-08-01 10:19:21,33,34,3727,10930
2023-08-01 10:19:39,33,35,3727,10930
2023-08-01 10:19:39,32,35,3727,10930
2023-08-01 10:19:41,33,35,3727,10930
2023-08-01 10:19:42,33,34,3727,10930
2023-08-01 10:19:48,33,36,3727,10930
2023-08-01 10:19:48,34,36,3727,10930
2023-08-01 10:20:00,34,35,3727,10930
2023-08-01 10:20:09,33,35,3727,10930
2023-08-01 10:20:09,33,36,3727,10930
2023-08-01 10:20:10,33,35,3727,10930
2023-08-01 10:20:11,33,36,3727,10930
2023-08-01 10:20:12,33,35,3727,10930
2023-08-01 10:20:20,34,35,3727,10930
2023-08-01 10:20:22,33,35,3727,10930
2023-08-01 10:20:24,33,34,3727,10930
2023-08-01 10:20:28,33,35,3727,10930
2023-08-01 10:20:28,33,36,3727,10930
2023-08-01 10:20:29,34,36,3727,10930
2023-08-01 10:20:32,33,36,3727,10930
2023-08-01 10:20:33,33,35,3727,10930
2023-08-01 10:20:36,34,35,3727,10930
2023-08-01 10:20:39,34,37,3727,10930
2023-08-01 10:20:39,35,37,3727,10930
2023-08-01 10:20:43,34,37,3727,10930
2023-08-01 10:20:43,34,36,3727,10930
2023-08-01 10:20:49,34,37,3727,10930
2023-08-01 10:20:52,35,37,3727,10930
2023-08-01 10:20:59,35,36,3727,10930
2023-08-01 10:21:01,35,37,3727,10930
2023-08-01 10:21:02,33,37,3727,10930
2023-08-01 10:21:02,34,37,3727,10930
2023-08-01 10:21:03,35,37,3727,10930
2023-08-01 10:21:03,35,37,3737,10940
2023-08-01 10:21:04,35,36,3737,10940
2023-08-01 10:21:11,34,36,3737,10940
2023-08-01 10:21:17,34,35,3737,10940
2023-08-01 10:21:18,34,36,3787,10990
2023-08-01 10:21:18,34,35,3787,10990
2023-08-01 10:21:31,34,36,3787,10990
2023-08-01 10:21:31,34,35,3787,10990
2023-08-01 10:21:32,33,35,3787,10990
2023-08-01 10:21:38,34,35,3787,10990
2023-08-01 10:21:51,34,37,3787,10990
2023-08-01 10:21:51,34,36,3787,10990
2023-08-01 10:21:53,35,36,3787,10990
2023-08-01 10:21:55,34,36,3787,10990
2023-08-01 10:21:57,35,36,3787,10990
2023-08-01 10:21:59,35,37,3787,10990
2023-08-01 10:22:05,36,37,3787,10990
2023-08-01 10:22:06,35,37,3787,10990
2023-08-01 10:22:07,36,37,3787,10990
2023-08-01 10:22:07,36,38,3787,10990
2023-08-01 10:22:09,35,38,3787,10990
2023-08-01 10:22:10,35,37,3787,10990
2023-08-01 10:22:11,35,38,3787,10990
2023-08-01 10:22:17,35,37,3787,10990
2023-08-01 10:22:23,35,38,3787,10990
2023-08-01 10:22:24,35,37,3787,10990
2023-08-01 10:22:25,35,38,3787,10990
2023-08-01 10:22:28,36,38,3787,10990
2023-08-01 10:22:29,36,39,3787,10990
2023-08-01 10:22:39,35,39,3787,10990
2023-08-01 10:22:39,37,39,3787,10990
2023-08-01 10:22:47,37,40,3887,11090
2023-08-01 10:22:48,37,39,3887,11090
2023-08-01 10:22:49,35,39,3887,11090
2023-08-01 10:22:49,36,39,3887,11090
2023-08-01 10:22:56,35,39,3887,11090
2023-08-01 10:22:56,37,39,3887,11090
2023-08-01 10:23:01,35,39,3887,11090
2023-08-01 10:23:01,36,39,3887,11090
2023-08-01 10:23:03,36,38,3887,11090
2023-08-01 10:23:09,36,39,3887,11090
2023-08-01 10:23:10,36,38,3887,11090
2023-08-01 10:23:41,36,39,3887,11090
2023-08-01 10:23:43,35,39,3887,11090
2023-08-01 10:23:43,37,39,3887,11090
2023-08-01 10:23:49,35,39,3887,11090
2023-08-01 10:23:49,36,39,3887,11090
2023-08-01 10:24:01,36,38,3887,11090
2023-08-01 10:24:03,35,38,3887,11090
2023-08-01 10:24:07,35,37,3887,11090
2023-08-01 10:24:08,35,36,3887,11090
2023-08-01 10:24:13,34,36,3887,11090
2023-08-01 10:24:18,35,36,3887,11090
2023-08-01 10:24:26,35,37,3887,11090
2023-08-01 10:24:36,36,37,3887,11090
2023-08-01 10:24:48,36,38,3987,11190
2023-08-01 10:24:56,37,38,3987,11190
2023-08-01 10:24:58,36,38,3987,11190
2023-08-01 10:24:58,36,39,3987,11190
2023-08-01 10:24:59,37,39,3987,11190
2023-08-01 10:25:15,36,39,3987,11190
2023-08-01 10:25:16,37,39,3987,11190
2023-08-01 10:25:23,38,39,3987,11190
2023-08-01 10:25:25,37,39,3987,11190
2023-08-01 10:25:27,37,40,3987,11740
2023-08-01 10:25:29,37,39,3987,11740
2023-08-01 10:25:32,38,39,3987,11740
2023-08-01 10:25:37,37,39,3987,11740
2023-08-01 10:25:39,38,39,3987,11740
2023-08-01 10:25:40,37,39,3987,11740
2023-08-01 10:25:41,38,39,3987,11740
2023-08-01 10:25:44,37,39,3987,11740
2023-08-01 10:25:44,37,38,3987,11740
2023-08-01 10:25:45,36,38,3987,11740
2023-08-01 10:25:49,36,37,3987,11740
2023-08-01 10:25:51,36,38,3987,11740
2023-08-01 10:26:01,36,37,3987,11740
2023-08-01 10:26:13,36,39,3987,11740
2023-08-01 10:26:13,36,38,3987,11740
2023-08-01 10:26:14,37,38,3987,11740
2023-08-01 10:26:20,37,39,3987,11740
2023-08-01 10:26:23,36,39,3987,11740
2023-08-01 10:26:28,36,38,3987,11740
2023-08-01 10:26:30,37,38,3987,11740
2023-08-01 10:26:45,36,38,3987,11740
2023-08-01 10:26:49,37,38,3987,11740
2023-08-01 10:26:49,37,39,3987,11740
2023-08-01 10:26:55,36,39,3987,11740
2023-08-01 10:26:57,37,39,3987,11740
2023-08-01 10:26:59,36,39,3987,11740
2023-08-01 10:27:02,36,38,3987,11740
2023-08-01 10:27:10,36,37,3987,11740
2023-08-01 10:27:41,36,37,3865,11862
2023-08-01 10:27:47,36,39,3865,11862
2023-08-01 10:27:47,36,38,3865,11862
2023-08-01 10:27:48,37,38,3865,11862
2023-08-01 10:27:50,36,38,3865,11862
2023-08-01 10:27:54,36,40,3865,11862
2023-08-01 10:27:54,36,39,3865,11862
2023-08-01 10:27:56,37,39,3865,11862
2023-08-01 10:27:56,37,40,3865,11862
2023-08-01 10:27:56,37,39,3865,11862
2023-08-01 10:27:58,38,39,3865,11862
2023-08-01 10:27:59,37,39,3865,11862
2023-08-01 10:28:02,37,40,3865,11862
2023-08-01 10:28:03,38,40,3865,11862
2023-08-01 10:28:06,38,42,3865,11862
2023-08-01 10:28:06,38,41,3865,11862
2023-08-01 10:28:08,39,41,3865,11862
2023-08-01 10:28:11,36,41,3865,11862
2023-08-01 10:28:11,38,41,3865,11862
2023-08-01 10:28:15,38,40,3865,11862
2023-08-01 10:28:16,38,41,3865,11862
2023-08-01 10:28:17,38,40,3865,11862
2023-08-01 10:28:20,39,40,3865,11862
2023-08-01 10:28:21,37,40,3865,11862
2023-08-01 10:28:23,37,39,3865,11862
2023-08-01 10:28:26,38,39,3865,11862
2023-08-01 10:28:28,37,39,3865,11862
2023-08-01 10:28:33,37,38,3865,11862
2023-08-01 10:28:34,36,38,3865,11862
2023-08-01 10:28:41,36,39,3865,11862
2023-08-01 10:28:50,37,39,3865,11862
2023-08-01 10:28:51,38,39,3865,11862
2023-08-01 10:28:55,37,39,3865,11862
2023-08-01 10:28:58,38,39,3865,11862
2023-08-01 10:29:00,37,39,3865,11862
2023-08-01 10:29:14,37,40,3915,11912
2023-08-01 10:29:25,37,41,3915,11912
2023-08-01 10:29:26,38,41,3915,11912
2023-08-01 10:29:27,38,40,3915,11912
2023-08-01 10:29:35,38,41,3915,11912
2023-08-01 10:29:36,39,41,3915,11912
2023-08-01 10:29:46,38,41,3915,11912
2023-08-01 10:29:49,39,41,3915,11912
2023-08-01 10:29:59,38,41,3915,11912
2023-08-01 10:30:03,38,40,3915,11912
2023-08-01 10:30:20,38,39,3915,11912
2023-08-01 10:30:36,38,41,3915,11912
2023-08-01 10:30:36,38,40,3915,11912
2023-08-01 10:30:40,38,41,3915,11912
2023-08-01 10:30:40,38,40,3915,11912
2023-08-01 10:30:41,39,40,3915,11912
2023-08-01 10:30:41,39,42,3915,11912
2023-08-01 10:30:41,39,41,3915,11912
2023-08-01 10:30:43,38,41,3915,11912
2023-08-01 10:30:51,39,41,3915,11912
2023-08-01 10:30:57,38,41,3915,11912
2023-08-01 10:30:57,40,41,3915,11912
2023-08-01 10:30:57,40,43,3915,11912
2023-08-01 10:30:59,38,43,3915,11912
2023-08-01 10:30:59,38,42,3915,11912
2023-08-01 10:30:59,39,42,3915,11912
2023-08-01 10:31:03,39,41,3915,11912
2023-08-01 10:31:09,39,43,3915,11912
2023-08-01 10:31:10,39,42,3915,11912
2023-08-01 10:31:12,39,41,3915,11912
2023-08-01 10:31:15,38,41,3915,11912
2023-08-01 10:31:15,40,41,3915,11912
2023-08-01 10:31:17,40,42,3715,12112
2023-08-01 10:31:22,40,43,3715,12112
2023-08-01 10:31:27,38,43,3715,12112
2023-08-01 10:31:27,38,44,3715,12112
2023-08-01 10:31:27,38,43,3715,12112
2023-08-01 10:31:27,41,43,3715,12112
2023-08-01 10:31:27,41,43,3715,12187
2023-08-01 10:31:27,41,44,3715,12187
2023-08-01 10:31:37,38,44,3715,12187
2023-08-01 10:31:37,42,44,3715,12187
2023-08-01 10:31:44,42,45,3715,12187
2023-08-01 10:31:50,38,45,3715,12187
2023-08-01 10:31:50,41,45,3715,12187
2023-08-01 10:31:54,38,45,3715,12187
2023-08-01 10:31:54,42,45,3715,12187
2023-08-01 10:31:55,43,45,3715,12187
2023-08-01 10:31:56,44,45,3715,12187
2023-08-01 10:32:00,43,45,3715,12187
2023-08-01 10:32:01,42,45,3715,12187
2023-08-01 10:32:05,43,45,3715,12187
2023-08-01 10:32:07,42,45,3715,12187
2023-08-01 10:32:38,43,45,3715,12187
2023-08-01 10:32:39,43,46,3715,12187
2023-08-01 10:32:51,43,47,3715,12187
2023-08-01 10:33:02,43,46,3715,12187
2023-08-01 10:33:03,43,47,3715,12187
2023-08-01 10:33:03,43,46,3715,12187
2023-08-01 10:33:18,42,46,3715,12187
2023-08-01 10:33:21,43,46,3715,12187
2023-08-01 10:33:22,42,46,3715,12187
2023-08-01 10:33:27,43,46,3715,12187
2023-08-01 10:33:38,43,47,3715,12187
2023-08-01 10:33:41,42,47,3715,12187
2023-08-01 10:33:41,44,47,3715,12187
2023-08-01 10:33:57,44,48,3715,12187
2023-08-01 10:34:11,44,47,3715,12187
2023-08-01 10:34:12,40,47,3715,12187
2023-08-01 10:34:12,43,47,3715,12187
2023-08-01 10:34:13,44,47,3715,12187
2023-08-01 10:34:14,45,47,3715,12187
2023-08-01 10:34:15,44,47,3715,12187
2023-08-01 10:34:16,44,46,3715,12187
2023-08-01 10:34:17,45,46,3715,12187
2023-08-01 10:34:21,45,47,3715,12187
2023-08-01 10:34:25,45,47,3915,12387
2023-08-01 10:34:31,44,47,3915,12387
2023-08-01 10:34:37,44,46,3915,12387
2023-08-01 10:34:40,44,47,3915,12387
2023-08-01 10:34:42,44,46,3915,12387
2023-08-01 10:34:46,43,46,3915,12387
2023-08-01 10:34:49,39,46,3915,12387
2023-08-01 10:34:49,42,46,3915,12387
2023-08-01 10:34:49,42,45,3915,12387
2023-08-01 10:34:53,43,45,3915,12387
2023-08-01 10:34:54,44,45,3915,12387
2023-08-01 10:34:58,43,45,3915,12387
2023-08-01 10:35:01,42,45,3915,12387
2023-08-01 10:35:01,38,45,3915,12387
2023-08-01 10:35:01,41,45,3915,12387
2023-08-01 10:35:02,41,44,3915,12387
2023-08-01 10:35:04,42,44,3915,12387
2023-08-01 10:35:09,42,45,3915,12387
2023-08-01 10:35:12,39,45,3915,12387
2023-08-01 10:35:12,43,45,3915,12387
2023-08-01 10:35:12,43,46,3915,12387
2023-08-01 10:35:14,44,46,3915,12387
2023-08-01 10:35:18,44,47,3915,12387
2023-08-01 10:35:18,44,46,3915,12387
2023-08-01 10:35:25,43,46,3915,12387
2023-08-01 10:35:38,43,45,3915,12387
2023-08-01 10:35:39,43,46,3915,12387
2023-08-01 10:35:40,44,46,3915,12387
2023-08-01 10:35:51,44,46,3936,12408
2023-08-01 10:35:54,43,46,3936,12408
2023-08-01 10:35:57,44,46,3936,12408
2023-08-01 10:36:03,44,47,3936,12408
2023-08-01 10:36:07,44,48,3936,12408
2023-08-01 10:36:07,44,47,3936,12408
2023-08-01 10:36:10,45,47,3936,12408
2023-08-01 10:36:12,45,49,3936,12408
2023-08-01 10:36:12,45,48,3936,12408
2023-08-01 10:36:17,45,49,3936,12408
2023-08-01 10:36:40,45,48,3936,12408
2023-08-01 10:36:47,45,49,3936,12408
2023-08-01 10:36:50,46,49,3936,12408
2023-08-01 10:36:51,47,49,3936,12408
2023-08-01 10:36:57,47,48,3936,12408
2023-08-01 10:36:59,46,48,3936,12408
2023-08-01 10:37:05,46,49,3936,12408
2023-08-01 10:37:05,47,49,3936,12408
2023-08-01 10:37:06,48,49,3936,12408
2023-08-01 10:37:08,48,50,3936,12408
2023-08-01 10:37:09,49,50,3936,12408
2023-08-01 10:37:12,48,50,4036,12508
2023-08-01 10:37:18,46,50,4036,12508
2023-08-01 10:37:18,46,49,4036,12508
2023-08-01 10:37:20,46,48,4036,12508
2023-08-01 10:37:21,46,49,4036,12508
2023-08-01 10:37:23,47,49,4036,12508
2023-08-01 10:37:28,47,50,4036,12508
2023-08-01 10:37:29,46,50,4036,12508
2023-08-01 10:37:31,47,50,4036,12508
2023-08-01 10:37:35,47,49,4036,12508
2023-08-01 10:37:36,48,49,4036,12508
2023-08-01 10:37:40,47,49,4036,12508
2023-08-01 10:37:41,47,50,4036,12508
2023-08-01 10:37:57,47,51,4036,12508
2023-08-01 10:37:58,47,50,4036,12508
2023-08-01 10:38:01,47,49,4036,12508
2023-08-01 10:38:03,46,49,4036,12508
2023-08-01 10:38:04,47,49,4036,12508
2023-08-01 10:38:07,46,49,4036,12508
2023-08-01 10:38:10,47,49,4036,12508
2023-08-01 10:38:10,47,48,4036,12508
2023-08-01 10:38:12,47,49,4036,12508
2023-08-01 10:38:18,46,49,4036,12508
2023-08-01 10:38:19,47,49,4036,12508
2023-08-01 10:38:26,48,49,4036,12508
2023-08-01 10:38:27,47,49,4036,12508
2023-08-01 10:38:28,46,49,4036,12508
2023-08-01 10:38:28,46,48,4036,12508
2023-08-01 10:38:29,46,49,4036,12508
2023-08-01 10:38:33,46,48,4036,12508
2023-08-01 10:38:37,42,48,4036,12508
2023-08-01 10:38:37,45,48,4036,12508
2023-08-01 10:38:40,45,47,4036,12508
2023-08-01 10:38:41,45,48,4036,12508
2023-08-01 10:38:42,41,48,4136,13133
2023-08-01 10:38:43,42,48,4136,13133
2023-08-01 10:38:43,42,47,4136,13133
2023-08-01 10:38:44,43,47,4136,13133
2023-08-01 10:38:45,44,47,4136,13133
2023-08-01 10:39:02,43,47,4136,13133
2023-08-01 10:39:03,43,46,4136,13133
2023-08-01 10:39:13,43,47,4136,13133
2023-08-01 10:39:28,43,46,4136,13133
2023-08-01 10:39:33,43,47,4136,13133
2023-08-01 10:39:56,43,48,4136,13133
2023-08-01 10:40:00,43,47,4136,13133
2023-08-01 10:40:02,43,48,4136,13133
2023-08-01 10:40:03,42,48,4136,13133
2023-08-01 10:40:04,43,48,4136,13133
2023-08-01 10:40:08,43,49,4436,13433
2023-08-01 10:40:08,46,49,4436,13433
2023-08-01 10:40:08,46,48,4436,13433
2023-08-01 10:40:10,47,48,4436,13433
2023-08-01 10:40:14,47,49,4736,13733
2023-08-01 10:40:26,46,49,4736,13733
2023-08-01 10:40:28,46,48,4736,13733
2023-08-01 10:40:34,43,48,4736,13733
2023-08-01 10:40:34,45,48,4736,13733
2023-08-01 10:40:36,46,48,4736,13733
2023-08-01 10:40:38,45,48,4736,13733
2023-08-01 10:40:38,45,47,4736,13733
2023-08-01 10:40:39,43,47,4736,13733
2023-08-01 10:40:39,44,47,4736,13733
2023-08-01 10:40:45,45,47,4736,13733
2023-08-01 10:40:46,44,47,4736,13733
2023-08-01 10:40:59,44,47,4936,13933
2023-08-01 10:40:59,44,45,4936,13933
2023-08-01 10:41:04,45,47,4936,14133
2023-08-01 10:41:14,45,47,4936,14193
2023-08-01 10:41:15,45,47,4936,14373
2023-08-01 10:41:19,45,47,4936,14433
2023-08-01 10:41:31,46,47,4936,14433
2023-08-01 10:41:32,46,48,4936,14433
2023-08-01 10:41:34,45,48,4936,14433
2023-08-01 10:41:34,47,48,4936,14433
2023-08-01 10:41:35,47,49,4936,14433
2023-08-01 10:41:45,45,49,4936,14433
2023-08-01 10:41:45,48,49,4936,14433
2023-08-01 10:41:48,48,50,5136,14633
2023-08-01 10:41:51,48,51,5136,14633
2023-08-01 10:41:52,49,51,5136,14633
2023-08-01 10:42:02,49,52,5136,14633
2023-08-01 10:42:02,48,52,5136,14633
2023-08-01 10:42:02,50,52,5136,14633
2023-08-01 10:42:10,50,53,5336,14833
2023-08-01 10:42:12,51,53,5336,14833
2023-08-01 10:42:12,50,53,5336,14933
2023-08-01 10:42:17,50,52,5336,14933
2023-08-01 10:42:17,49,52,5336,15133
2023-08-01 10:42:24,50,52,5336,15133
2023-08-01 10:42:26,51,52,5336,15133
2023-08-01 10:42:27,49,52,5336,15133
2023-08-01 10:42:28,48,52,5336,15133
2023-08-01 10:42:28,50,52,5336,15133
2023-08-01 10:42:29,51,52,5336,15133
2023-08-01 10:42:31,50,52,5336,15133
2023-08-01 10:42:32,48,52,5336,15133
2023-08-01 10:42:34,49,52,5336,15133
2023-08-01 10:42:35,50,52,5336,15133
2023-08-01 10:42:37,50,51,5336,15133
2023-08-01 10:42:39,47,51,5336,15133
2023-08-01 10:42:43,48,51,5336,15133
2023-08-01 10:42:47,49,51,5336,15133
2023-08-01 10:42:49,48,51,5336,15133
2023-08-01 10:42:51,48,50,5336,15133
2023-08-01 10:42:52,46,50,5336,15133
2023-08-01 10:42:53,47,50,5336,15133
2023-08-01 10:42:55,48,50,5336,15133
2023-08-01 10:42:56,47,50,5336,15133
2023-08-01 10:42:56,49,50,5336,15133
2023-08-01 10:43:05,46,50,5116,15353
2023-08-01 10:43:07,46,49,5116,15353
2023-08-01 10:43:09,47,49,5116,15353
2023-08-01 10:43:10,46,49,5116,15353
2023-08-01 10:43:11,47,49,5116,15353
2023-08-01 10:43:12,46,49,5116,15353
2023-08-01 10:43:20,47,49,5116,15353
2023-08-01 10:43:22,48,49,5116,15353
2023-08-01 10:43:29,47,49,5116,15353
2023-08-01 10:43:31,45,49,5116,15353
2023-08-01 10:43:36,45,48,5116,15353
2023-08-01 10:43:38,46,48,5116,15353
2023-08-01 10:43:45,44,48,5116,15353
2023-08-01 10:43:46,45,48,5116,15353
2023-08-01 10:43:47,46,48,5116,15353
2023-08-01 10:43:48,46,49,5116,15353
2023-08-01 10:43:59,46,48,5116,15353
2023-08-01 10:44:00,45,48,5116,15353
2023-08-01 10:44:03,46,48,5116,15353
2023-08-01 10:44:04,46,49,5116,15353
2023-08-01 10:44:05,45,49,5116,15353
2023-08-01 10:44:08,45,48,5116,15353
2023-08-01 10:44:10,44,48,5116,15353
2023-08-01 10:44:11,44,47,5116,15353
2023-08-01 10:44:13,45,47,5116,15353
2023-08-01 10:44:16,45,48,5116,15353
2023-08-01 10:44:20,44,48,5116,15353
2023-08-01 10:44:21,44,47,5116,15353
2023-08-01 10:44:25,43,47,5116,15353
2023-08-01 10:44:27,43,46,5116,15353
2023-08-01 10:44:29,43,47,5116,15353
2023-08-01 10:44:31,44,47,5116,15353
2023-08-01 10:44:32,43,47,5116,15353
2023-08-01 10:44:34,44,47,5116,15353
2023-08-01 10:44:36,44,46,5116,15353
2023-08-01 10:44:41,44,46,5216,15453
2023-08-01 10:44:45,44,45,5216,15453
2023-08-01 10:44:46,42,45,5216,15453
2023-08-01 10:44:48,43,45,5216,15453
2023-08-01 10:44:53,44,46,5216,15453
2023-08-01 10:44:56,43,46,5216,15453
2023-08-01 10:45:04,44,46,5216,15453
2023-08-01 10:45:04,44,46,5221,15458
2023-08-01 10:45:07,44,47,5221,15458
2023-08-01 10:45:20,43,47,5221,15458
2023-08-01 10:45:21,44,47,5221,15458
2023-08-01 10:45:24,43,47,5221,15458
2023-08-01 10:45:25,44,47,5221,15458
2023-08-01 10:45:35,44,46,5221,15458
2023-08-01 10:45:36,43,46,5221,15458
2023-08-01 10:45:38,44,46,5221,15458
2023-08-01 10:45:44,44,47,5221,15458
2023-08-01 10:45:46,43,47,5221,15458
2023-08-01 10:45:52,43,46,5221,15458
2023-08-01 10:45:53,42,46,5221,15458
2023-08-01 10:45:54,43,46,5221,15458
2023-08-01 10:45:56,43,47,5221,15458
2023-08-01 10:45:56,44,47,5221,15458
2023-08-01 10:46:02,43,47,5221,15458
2023-08-01 10:46:05,44,47,5221,15458
2023-08-01 10:46:08,44,48,5221,15458
2023-08-01 10:46:11,44,47,5221,15458
2023-08-01 10:46:11,43,47,5221,15458
2023-08-01 10:46:14,44,47,5221,15458
2023-08-01 10:46:15,45,47,5221,15458
2023-08-01 10:46:21,45,46,5221,15458
2023-08-01 10:46:22,44,46,5221,15458
2023-08-01 10:46:22,43,46,5221,15458
2023-08-01 10:46:24,43,47,5221,15458
2023-08-01 10:46:24,43,46,5221,15458
2023-08-01 10:46:24,44,46,5221,15458
2023-08-01 10:46:24,44,47,5221,15458
2023-08-01 10:46:25,45,47,5221,15458
2023-08-01 10:46:28,44,47,5221,15458
2023-08-01 10:46:28,44,46,5221,15458
2023-08-01 10:46:29,44,47,5221,15458
2023-08-01 10:46:38,43,47,5221,15458
2023-08-01 10:46:39,44,47,5221,15458
2023-08-01 10:46:41,45,47,5221,15458
2023-08-01 10:46:42,44,47,5221,15458
2023-08-01 10:46:45,44,46,5221,15458
2023-08-01 10:46:46,44,47,5221,15458
2023-08-01 10:46:58,44,46,5221,15458
2023-08-01 10:46:59,43,46,5221,15458
2023-08-01 10:47:03,43,47,5221,15458
2023-08-01 10:47:04,44,47,5221,15458
2023-08-01 10:47:05,45,47,5221,15458
2023-08-01 10:47:10,46,47,5221,15458
2023-08-01 10:47:11,45,47,5221,15458
2023-08-01 10:47:12,45,48,5221,15458
2023-08-01 10:47:32,44,48,5221,15458
2023-08-01 10:47:33,44,47,5221,15458
2023-08-01 10:47:45,45,47,5221,15458
2023-08-01 10:47:50,44,47,5221,15458
2023-08-01 10:47:52,45,47,5221,15458
2023-08-01 10:47:53,45,48,5221,15458
2023-08-01 10:47:57,46,48,5221,15458
2023-08-01 10:47:59,47,48,5221,15458
2023-08-01 10:48:01,45,48,5221,15458
2023-08-01 10:48:02,44,47,5221,15458
2023-08-01 10:48:05,45,47,5221,15458
2023-08-01 10:48:07,45,48,5221,15458
2023-08-01 10:48:07,46,48,5221,15458
2023-08-01 10:48:08,45,48,5221,15458
2023-08-01 10:48:09,45,47,5221,15458
2023-08-01 10:48:11,45,48,5221,15458
2023-08-01 10:48:11,46,48,5221,15458
2023-08-01 10:48:18,45,48,5221,15458
2023-08-01 10:48:18,45,47,5221,15458
2023-08-01 10:48:20,45,48,5221,15458
2023-08-01 10:48:20,46,48,5221,15458
2023-08-01 10:48:25,45,48,5221,15458
2023-08-01 10:48:30,46,48,5221,15458
2023-08-01 10:48:31,45,48,5221,15458
2023-08-01 10:48:34,44,48,5221,15458
2023-08-01 10:48:34,44,47,5221,15458
2023-08-01 10:48:35,43,47,5221,15458
2023-08-01 10:48:35,44,47,5221,15458
2023-08-01 10:48:42,44,46,5221,15458
2023-08-01 10:48:44,44,47,5221,15458
2023-08-01 10:48:58,44,48,5221,15458
2023-08-01 10:49:02,44,47,5221,15458
2023-08-01 10:49:04,44,48,5221,15458
2023-08-01 10:49:10,45,48,5221,15458
2023-08-01 10:49:14,46,48,5221,15458
2023-08-01 10:49:28,47,48,5221,15458
2023-08-01 10:49:35,48,49,5221,15466
2023-08-01 10:49:37,48,50,5281,15526
2023-08-01 10:49:40,48,51,5289,15534
2023-08-01 10:49:41,49,51,5289,15534
2023-08-01 10:49:42,49,50,5289,15534
2023-08-01 10:49:42,49,50,5389,15634
2023-08-01 10:49:43,49,51,5389,15634
2023-08-01 10:49:52,48,51,5389,15634
2023-08-01 10:49:52,48,52,5389,15634
2023-08-01 10:49:52,50,52,5389,15634
2023-08-01 10:49:53,51,52,5389,15634
2023-08-01 10:49:56,50,52,5389,15634
2023-08-01 10:49:57,51,52,5389,15634
2023-08-01 10:50:00,50,52,5389,15634
2023-08-01 10:50:03,51,52,5389,15634
2023-08-01 10:50:05,50,52,5389,15634
2023-08-01 10:50:08,50,51,5389,15634
2023-08-01 10:50:09,50,52,5389,15634
2023-08-01 10:50:13,51,52,5389,15634
2023-08-01 10:50:17,50,52,5389,15634
2023-08-01 10:50:23,51,52,5389,15634
2023-08-01 10:50:24,51,53,5389,15634
2023-08-01 10:50:31,51,52,5389,15634
2023-08-01 10:50:32,51,53,5389,15634
2023-08-01 10:50:33,52,53,5389,15634
2023-08-01 10:50:36,51,53,5389,15634
2023-08-01 10:50:50,51,52,5389,15634
2023-08-01 10:50:51,51,53,5389,15634
2023-08-01 10:50:52,51,52,5389,15634
2023-08-01 10:50:52,48,52,5389,15634
2023-08-01 10:50:52,50,52,5389,15634
2023-08-01 10:50:55,51,52,5389,15634
2023-08-01 10:50:57,50,52,5589,15834
2023-08-01 10:50:58,51,52,5589,15834
2023-08-01 10:50:58,51,53,5589,15834
2023-08-01 10:51:11,52,53,5589,15834
2023-08-01 10:51:17,51,53,5589,15834
2023-08-01 10:51:24,52,53,5589,15834
2023-08-01 10:51:25,51,53,5589,15834
2023-08-01 10:51:44,51,52,5589,15834
2023-08-01 10:51:44,48,52,5589,15834
2023-08-01 10:51:44,50,52,5589,15834
2023-08-01 10:51:53,51,52,5589,15834
2023-08-01 10:51:54,50,52,5589,15834
2023-08-01 10:52:04,47,52,5589,15834
2023-08-01 10:52:04,49,52,5589,15834
2023-08-01 10:52:04,49,51,5589,15834
2023-08-01 10:52:10,48,51,5589,15834
2023-08-01 10:52:10,50,51,5589,15834
2023-08-01 10:52:13,50,52,5589,15834
2023-08-01 10:52:15,51,52,5589,15834
2023-08-01 10:52:17,50,52,5589,15834
2023-08-01 10:52:20,49,52,5589,15834
2023-08-01 10:52:20,50,52,5589,15834
2023-08-01 10:52:20,51,52,5589,15834
2023-08-01 10:52:23,51,53,5589,15834
2023-08-01 10:52:24,52,53,5589,15834
2023-08-01 10:52:28,51,53,5589,15834
2023-08-01 10:52:35,51,52,5589,15834
2023-08-01 10:52:38,50,52,5589,15834
2023-08-01 10:52:45,48,52,5589,15834
2023-08-01 10:52:45,51,52,5589,15834
2023-08-01 10:52:47,49,52,5489,15934
2023-08-01 10:52:50,48,52,5489,15934
2023-08-01 10:52:55,50,52,5489,15934
2023-08-01 10:52:57,48,52,5489,15934
2023-08-01 10:52:58,51,52,5489,15934
2023-08-01 10:52:59,49,52,5489,15934
2023-08-01 10:53:04,50,52,5489,15934
2023-08-01 10:53:05,50,53,5489,15934
2023-08-01 10:53:18,50,54,5489,15934
2023-08-01 10:53:21,51,54,5489,15934
2023-08-01 10:53:41,52,54,5489,15934
2023-08-01 10:53:52,53,54,5489,15934
2023-08-01 10:53:58,52,54,5489,15934
2023-08-01 10:53:59,53,54,5489,15934
2023-08-01 10:54:03,52,54,5489,15934
2023-08-01 10:54:09,53,54,5489,15934
2023-08-01 10:54:12,53,55,5689,16134
2023-08-01 10:54:15,51,55,5689,16134
2023-08-01 10:54:16,51,54,5689,16134
2023-08-01 10:54:16,52,54,5689,16134
2023-08-01 10:54:19,53,54,5689,16134
2023-08-01 10:54:22,52,54,5689,16134
2023-08-01 10:54:23,51,54,5689,16134
2023-08-01 10:54:24,51,53,5689,16134
2023-08-01 10:54:26,51,52,5689,16134
2023-08-01 10:54:36,51,53,5689,16134
2023-08-01 10:54:39,50,53,5689,16134
2023-08-01 10:54:43,51,53,5689,16134
2023-08-01 10:54:44,50,53,5689,16134
2023-08-01 10:54:46,51,53,5689,16134
2023-08-01 10:54:52,50,53,5689,16134
2023-08-01 10:54:56,51,53,5689,16134
2023-08-01 10:55:13,51,54,5689,16134
2023-08-01 10:55:21,52,54,5689,16134
2023-08-01 10:55:37,52,54,5689,16135
2023-08-01 10:55:38,52,55,5689,16135
2023-08-01 10:55:43,52,54,5689,16135
2023-08-01 10:55:45,51,54,5689,16135
2023-08-01 10:55:47,51,53,5689,16135
2023-08-01 10:55:48,51,52,5689,16135
2023-08-01 10:55:49,51,53,5689,16135
2023-08-01 10:55:54,51,54,5689,16135
2023-08-01 10:55:58,52,54,5689,16135
2023-08-01 10:56:04,52,55,5689,16135
2023-08-01 10:56:12,53,55,5689,16135
2023-08-01 10:56:15,53,56,5689,16135
2023-08-01 10:56:16,52,56,5689,16135
2023-08-01 10:56:16,52,55,5689,16135
2023-08-01 10:56:25,53,55,5689,16135
2023-08-01 10:56:26,53,56,5689,16135
2023-08-01 10:56:30,52,56,5689,16135
2023-08-01 10:56:30,52,55,5689,16135
2023-08-01 10:56:33,52,54,5689,16135
2023-08-01 10:56:39,51,54,5689,16135
2023-08-01 10:56:42,51,53,5689,16135
2023-08-01 10:57:03,50,53,5689,16135
2023-08-01 10:57:17,50,52,5689,16135
2023-08-01 10:57:19,51,52,5689,16135
2023-08-01 10:57:25,51,54,5689,16135
2023-08-01 10:57:25,51,53,5689,16135
2023-08-01 10:57:44,51,54,5689,16135
2023-08-01 10:57:49,52,54,5689,16135
2023-08-01 10:58:01,51,54,5689,16135
2023-08-01 10:58:01,51,53,5689,16135
2023-08-01 10:58:05,51,54,5689,16135
2023-08-01 10:58:06,51,53,5689,16135
2023-08-01 10:58:08,51,54,5689,16135
2023-08-01 10:58:10,51,53,5689,16135
2023-08-01 10:58:23,50,53,5689,16135
2023-08-01 10:58:25,50,52,5689,16135
2023-08-01 10:58:26,50,51,5689,16135
2023-08-01 10:58:30,47,51,5789,16235
2023-08-01 10:58:31,47,50,5789,16235
2023-08-01 10:58:32,47,49,5789,16235
2023-08-01 10:58:41,47,50,5789,16235
2023-08-01 10:58:42,47,49,5789,16235
2023-08-01 10:58:43,47,50,5789,16235
2023-08-01 10:58:55,48,50,5789,16235
2023-08-01 10:59:10,47,50,5789,16235
2023-08-01 10:59:13,47,49,5789,16235
2023-08-01 10:59:14,47,48,5789,16235
2023-08-01 10:59:17,46,48,5789,16235
2023-08-01 10:59:18,46,47,5789,16235
2023-08-01 10:59:19,46,48,5789,16235
2023-08-01 10:59:23,47,48,5789,16235
2023-08-01 10:59:24,46,48,5789,16235
2023-08-01 10:59:28,46,49,5789,16235
2023-08-01 10:59:29,47,49,5789,16235
2023-08-01 10:59:32,47,50,5789,16235
2023-08-01 10:59:32,48,50,5789,16235
2023-08-01 10:59:33,47,50,5789,16235
2023-08-01 10:59:46,47,49,5789,16235
2023-08-01 10:59:48,47,50,5789,16235
2023-08-01 10:59:59,48,50,5789,16235
2023-08-01 11:00:00,49,50,5789,16235
2023-08-01 11:00:01,49,52,5789,16235
2023-08-01 11:00:10,49,51,5789,16235
2023-08-01 11:00:17,48,51,5789,16235
2023-08-01 11:00:20,49,51,5789,16235
2023-08-01 11:00:23,49,52,5789,16235
2023-08-01 11:00:26,48,52,5789,16235
2023-08-01 11:00:26,48,51,5789,16235
2023-08-01 11:00:30,47,51,5789,16235
2023-08-01 11:00:31,48,51,5789,16235
2023-08-01 11:00:36,47,51,5789,16235
2023-08-01 11:00:38,48,51,5789,16235
2023-08-01 11:00:39,47,51,5789,16235
2023-08-01 11:00:40,48,51,5789,16235
2023-08-01 11:00:54,49,51,5789,16235
2023-08-01 11:00:55,48,51,5789,16235
2023-08-01 11:01:01,49,51,5789,16235
2023-08-01 11:01:01,49,52,5789,16235
2023-08-01 11:01:03,50,52,5789,16235
2023-08-01 11:01:09,49,52,5789,16235
2023-08-01 11:01:10,50,52,5789,16235
2023-08-01 11:01:23,49,52,5789,16235
2023-08-01 11:01:24,48,52,5789,16235
2023-08-01 11:01:24,48,51,5789,16235
2023-08-01 11:01:34,49,51,5789,16235
2023-08-01 11:01:43,49,52,5789,16235
2023-08-01 11:01:47,50,52,5789,16235
2023-08-01 11:02:32,49,52,5789,16235
2023-08-01 11:02:34,49,51,5789,16235
2023-08-01 11:02:39,48,51,5789,16235
2023-08-01 11:02:46,47,51,5789,16235
2023-08-01 11:02:46,47,50,5789,16235
2023-08-01 11:02:47,47,49,5789,16235
2023-08-01 11:03:00,47,48,5789,16235
2023-08-01 11:03:04,47,49,5789,16235
2023-08-01 11:03:11,47,50,5789,16235
2023-08-01 11:03:19,47,49,5789,16235
2023-08-01 11:03:23,47,48,5789,16235
2023-08-01 11:03:31,47,48,5849,16295
2023-08-01 11:03:31,47,48,5949,16395
2023-08-01 11:03:32,47,48,6009,16455
2023-08-01 11:03:32,44,48,6089,16535
2023-08-01 11:03:32,44,47,6089,16535
2023-08-01 11:03:42,45,47,6089,16535
2023-08-01 11:03:43,44,47,6089,16535
2023-08-01 11:03:45,45,47,6089,16535
2023-08-01 11:03:46,45,48,6089,16535
2023-08-01 11:03:51,44,48,6089,16535
2023-08-01 11:03:51,44,47,6089,16535
2023-08-01 11:04:02,43,47,6089,16535
2023-08-01 11:04:02,43,46,6089,16535
2023-08-01 11:04:03,44,46,6089,16535
2023-08-01 11:04:06,44,47,6089,16535
2023-08-01 11:04:31,45,47,6089,16535
2023-08-01 11:04:31,45,48,6089,16535
2023-08-01 11:04:41,45,49,6089,16535
2023-08-01 11:04:42,46,49,6089,16535
2023-08-01 11:04:44,45,49,6089,16535
2023-08-01 11:04:45,46,49,6089,16535
2023-08-01 11:04:46,45,49,6089,16535
2023-08-01 11:04:48,45,48,6089,16535
2023-08-01 11:04:56,44,48,6089,16535
2023-08-01 11:04:57,44,47,6089,16535
2023-08-01 11:04:59,45,47,6089,16535
2023-08-01 11:05:03,45,48,6089,16535
2023-08-01 11:05:11,45,49,6089,16535
2023-08-01 11:05:12,46,49,6089,16535
2023-08-01 11:05:18,46,49,6189,16635
2023-08-01 11:05:18,47,49,6189,16635
2023-08-01 11:05:25,45,49,6189,16635
2023-08-01 11:05:25,46,49,6189,16635
2023-08-01 11:05:28,46,48,6189,16635
2023-08-01 11:05:31,45,48,6189,16635
2023-08-01 11:05:38,46,48,6189,16635
2023-08-01 11:05:49,46,49,6189,16635
2023-08-01 11:05:50,47,49,6189,16635
2023-08-01 11:05:53,46,49,6189,16635
2023-08-01 11:06:01,47,49,6189,16635
2023-08-01 11:06:17,47,50,6189,16635
2023-08-01 11:06:31,48,50,6189,16635
2023-08-01 11:06:34,47,50,6189,16635
2023-08-01 11:06:36,48,50,6189,16635
2023-08-01 11:06:40,48,51,6189,16635
2023-08-01 11:07:03,48,50,6189,16635
2023-08-01 11:07:12,46,50,6189,16635
2023-08-01 11:07:12,47,50,6189,16635
2023-08-01 11:07:23,47,49,6189,16635
2023-08-01 11:07:23,46,49,6189,16635
2023-08-01 11:07:34,46,48,6189,16635
2023-08-01 11:07:35,45,48,6189,16635
2023-08-01 11:07:43,45,47,6189,16635
2023-08-01 11:07:44,44,47,6189,16635
2023-08-01 11:07:53,45,47,6189,16635
2023-08-01 11:07:53,45,48,6189,16635
2023-08-01 11:07:53,45,47,6189,16635
2023-08-01 11:08:10,44,47,6189,16635
2023-08-01 11:08:13,45,47,6189,16635
2023-08-01 11:08:14,44,47,6189,16635
2023-08-01 11:08:18,45,47,6189,16635
2023-08-01 11:08:25,44,47,6189,16635
2023-08-01 11:08:40,44,46,6189,16635
2023-08-01 11:08:49,43,46,6189,16635
2023-08-01 11:08:53,44,46,6189,16635
2023-08-01 11:09:03,44,47,6189,16635
2023-08-01 11:09:06,44,47,6169,16655
2023-08-01 11:09:06,45,47,6169,16655
2023-08-01 11:09:11,45,48,6169,16655
2023-08-01 11:09:21,46,48,6169,16655
2023-08-01 11:09:22,46,49,6169,16655
2023-08-01 11:09:25,47,49,6169,16655
2023-08-01 11:09:25,47,50,6169,16655
2023-08-01 11:09:25,47,49,6169,16655
2023-08-01 11:09:38,46,49,6169,16655
2023-08-01 11:10:00,47,49,6169,16655
2023-08-01 11:10:00,47,50,6169,16655
2023-08-01 11:10:10,48,50,6169,16655
2023-08-01 11:10:20,47,50,6169,16655
2023-08-01 11:10:24,46,50,6169,16655
2023-08-01 11:10:24,46,49,6169,16655
2023-08-01 11:10:40,47,49,6169,16655
2023-08-01 11:10:42,47,50,6169,16655
2023-08-01 11:11:08,47,49,6169,16655
2023-08-01 11:11:09,47,48,6169,16655
2023-08-01 11:11:10,47,49,6169,16655
2023-08-01 11:11:13,47,50,6169,16655
2023-08-01 11:11:14,47,49,6169,16655
2023-08-01 11:11:15,48,49,6169,16655
2023-08-01 11:11:16,48,51,6169,16655
2023-08-01 11:11:24,48,50,6169,16655
2023-08-01 11:11:26,48,51,6169,16655
2023-08-01 11:11:26,49,51,6169,16655
2023-08-01 11:11:38,49,52,6169,16655
2023-08-01 11:11:39,49,51,6169,16655
2023-08-01 11:11:46,48,51,6169,16655
2023-08-01 11:11:46,48,50,6169,16655
2023-08-01 11:12:12,47,50,6169,16655
2023-08-01 11:12:24,47,49,6169,16655
2023-08-01 11:12:31,46,49,6169,16655
2023-08-01 11:12:38,47,49,6169,16655
2023-08-01 11:12:38,47,50,6169,16655
2023-08-01 11:12:44,48,50,6169,16655
2023-08-01 11:13:06,48,51,6169,16655
2023-08-01 11:13:07,48,50,6169,16655
2023-08-01 11:13:09,48,51,6169,16655
2023-08-01 11:13:14,49,51,6169,16655
2023-08-01 11:13:16,49,50,6169,16655
2023-08-01 11:13:21,48,50,6169,16655
2023-08-01 11:13:29,48,51,6169,16655
2023-08-01 11:13:36,48,50,6169,16655
2023-08-01 11:13:37,48,49,6169,16655
2023-08-01 11:13:46,48,50,6169,16655
2023-08-01 11:13:54,47,50,6169,16655
2023-08-01 11:14:04,46,50,6069,16755
2023-08-01 11:14:04,46,49,6069,16755
2023-08-01 11:14:05,46,48,6069,16755
2023-08-01 11:14:21,45,48,6069,16755
2023-08-01 11:14:22,45,47,6069,16755
2023-08-01 11:14:25,45,46,6069,16755
2023-08-01 11:14:27,44,46,6049,16775
2023-08-01 11:14:28,44,45,6049,16775
2023-08-01 11:14:29,43,45,6049,16775
2023-08-01 11:14:30,43,44,6049,16775
2023-08-01 11:14:41,43,45,6049,16775
2023-08-01 11:15:15,43,46,6049,16775
2023-08-01 11:15:17,43,45,6049,16775
2023-08-01 11:15:18,43,44,6049,16775
2023-08-01 11:15:24,42,44,5849,16975
2023-08-01 11:15:44,42,45,5849,16975
2023-08-01 11:15:45,42,46,5849,16975
2023-08-01 11:15:45,43,46,5849,16975
2023-08-01 11:15:46,44,46,5849,16975
2023-08-01 11:15:46,44,46,5909,17035
2023-08-01 11:15:53,44,47,5909,17035
2023-08-01 11:15:56,44,48,5909,17035
2023-08-01 11:16:02,44,47,5909,17035
2023-08-01 11:16:08,44,46,5909,17035
2023-08-01 11:16:10,44,47,5909,17035
2023-08-01 11:16:11,44,46,5909,17035
2023-08-01 11:16:13,43,46,5909,17035
2023-08-01 11:16:14,42,46,5909,17035
2023-08-01 11:16:14,42,45,5909,17035
2023-08-01 11:16:38,41,45,5909,17035
2023-08-01 11:16:42,42,45,5909,17035
2023-08-01 11:16:43,41,45,5909,17035
2023-08-01 11:16:43,42,45,5909,17035
2023-08-01 11:16:50,42,44,5909,17035
2023-08-01 11:16:51,41,44,5909,17035
2023-08-01 11:17:07,41,43,5909,17035
2023-08-01 11:17:10,41,44,5909,17035
2023-08-01 11:17:19,42,44,5909,17035
2023-08-01 11:17:19,42,45,5909,17035
2023-08-01 11:17:31,43,45,5909,17035
2023-08-01 11:17:32,42,45,5909,17035
2023-08-01 11:17:33,43,45,5909,17035
2023-08-01 11:17:34,42,45,5909,17035
2023-08-01 11:17:49,42,44,5909,17035
2023-08-01 11:17:51,41,44,6009,17135
2023-08-01 11:17:53,41,43,6009,17135
2023-08-01 11:17:54,40,43,5809,17335
2023-08-01 11:17:59,40,42,5809,17335
2023-08-01 11:18:00,40,41,5809,17335
2023-08-01 11:18:06,40,41,5849,17375
2023-08-01 11:18:08,38,41,5849,17375
2023-08-01 11:18:10,38,42,5849,17375
2023-08-01 11:18:10,39,42,5849,17375
2023-08-01 11:18:10,39,43,5849,17375
2023-08-01 11:18:14,38,43,5849,17375
2023-08-01 11:18:14,38,42,5849,17375
2023-08-01 11:18:17,39,42,5849,17375
2023-08-01 11:18:22,38,42,5849,17375
2023-08-01 11:18:22,38,41,5849,17375
2023-08-01 11:18:26,39,41,5849,17375
2023-08-01 11:18:27,39,42,5849,17375
2023-08-01 11:18:29,39,41,5849,17375
2023-08-01 11:18:30,39,40,5849,17375
2023-08-01 11:18:32,38,40,5849,17375
2023-08-01 11:18:32,38,41,5849,17375
2023-08-01 11:18:36,38,40,5849,17375
2023-08-01 11:18:45,38,41,5849,17375
2023-08-01 11:18:47,38,40,5849,17375
2023-08-01 11:18:50,38,41,5849,17375
2023-08-01 11:19:00,39,41,5849,17375
2023-08-01 11:19:02,39,42,5849,17375
2023-08-01 11:19:04,38,42,5849,17375
2023-08-01 11:19:04,38,41,5849,17375
2023-08-01 11:19:06,39,41,5849,17375
2023-08-01 11:19:07,39,42,5849,17375
2023-08-01 11:19:08,40,42,5849,17375
2023-08-01 11:19:10,40,43,5849,17375
2023-08-01 11:19:12,40,42,5849,17375
2023-08-01 11:19:13,40,43,5849,17375
2023-08-01 11:19:14,39,43,5849,17375
2023-08-01 11:19:16,40,43,5849,17375
2023-08-01 11:19:16,40,42,5849,17375
2023-08-01 11:19:21,39,42,5849,17375
2023-08-01 11:19:22,40,42,5849,17375
2023-08-01 11:19:23,40,43,5849,17375
2023-08-01 11:19:23,40,44,5849,17375
2023-08-01 11:19:27,40,43,5849,17375
2023-08-01 11:19:31,40,42,5849,17375
2023-08-01 11:19:35,40,43,5849,17375
2023-08-01 11:19:46,40,44,5849,17375
2023-08-01 11:19:52,40,43,5849,17375
2023-08-01 11:20:10,41,43,5849,17375
2023-08-01 11:20:11,40,43,5849,17375
2023-08-01 11:20:18,40,42,5849,17375
2023-08-01 11:20:28,40,41,5849,17375
2023-08-01 11:20:29,39,41,5849,17375
2023-08-01 11:20:30,38,41,5849,17375
2023-08-01 11:20:37,38,40,5849,17375
2023-08-01 11:20:56,38,41,5849,17375
2023-08-01 11:20:58,38,40,5849,17375
2023-08-01 11:21:33,38,41,5849,17375
2023-08-01 11:21:36,39,41,5849,17375
2023-08-01 11:21:36,39,42,5849,17375
2023-08-01 11:21:37,40,42,5849,17375
2023-08-01 11:21:40,39,42,5849,17375
2023-08-01 11:21:47,38,42,5849,17375
2023-08-01 11:21:49,39,42,5849,17375
2023-08-01 11:21:52,38,42,5849,17375
2023-08-01 11:22:00,38,41,5849,17375
2023-08-01 11:22:32,39,41,5849,17375
2023-08-01 11:22:32,39,42,5849,17375
2023-08-01 11:22:33,38,42,5849,17375
2023-08-01 11:22:35,39,42,5849,17375
2023-08-01 11:22:40,39,43,5849,17375
2023-08-01 11:22:41,40,43,5849,17375
2023-08-01 11:22:43,39,43,5849,17375
2023-08-01 11:22:50,39,42,5849,17375
2023-08-01 11:23:03,39,43,5849,17375
2023-08-01 11:23:13,40,43,5849,17375
2023-08-01 11:23:15,39,43,5849,17375
2023-08-01 11:23:23,39,42,5849,17375
2023-08-01 11:23:25,38,42,5849,17375
2023-08-01 11:23:25,38,41,5849,17375
2023-08-01 11:23:43,39,41,5849,17375
2023-08-01 11:23:43,39,42,5849,17375
2023-08-01 11:23:45,38,42,5849,17375
2023-08-01 11:23:46,39,42,5849,17375
2023-08-01 11:23:48,38,42,5849,17375
2023-08-01 11:23:49,39,42,5849,17375
2023-08-01 11:24:13,39,41,5849,17375
2023-08-01 11:24:14,38,41,5849,17375
2023-08-01 11:24:15,39,41,5849,17375
2023-08-01 11:24:22,38,41,5849,17375
2023-08-01 11:24:27,39,41,5849,17375
2023-08-01 11:24:33,38,41,5849,17375
2023-08-01 11:24:42,38,40,5849,17375
2023-08-01 11:24:44,38,41,5849,17375
2023-08-01 11:24:45,39,41,5849,17375
2023-08-01 11:24:48,38,41,5849,17375
2023-08-01 11:24:59,39,41,5849,17375
2023-08-01 11:25:01,38,41,5849,17375
2023-08-01 11:25:02,38,40,5849,17375
2023-08-01 11:25:04,38,39,5849,17375
2023-08-01 11:25:10,38,41,5849,17375
2023-08-01 11:25:14,39,41,5849,17375
2023-08-01 11:25:16,38,41,5849,17375
2023-08-01 11:26:07,39,41,5849,17375
2023-08-01 11:26:09,39,42,5849,17375
2023-08-01 11:26:32,39,43,5849,17375
2023-08-01 11:26:41,40,43,5849,17375
2023-08-01 11:26:50,40,44,5849,17375
2023-08-01 11:26:59,41,44,5849,17375
2023-08-01 11:27:06,41,45,5849,17375
2023-08-01 11:27:10,42,45,5849,17375
2023-08-01 11:27:11,43,45,5849,17375
2023-08-01 11:27:13,43,46,5849,17375
2023-08-01 11:27:22,44,46,5849,17375
2023-08-01 11:27:23,44,47,5849,17375
2023-08-01 11:27:25,44,46,5849,17375
2023-08-01 11:27:35,44,47,5849,17375
2023-08-01 11:27:41,45,47,5849,17375
2023-08-01 11:27:41,45,48,5849,17375
2023-08-01 11:27:43,44,48,5849,17375
2023-08-01 11:27:43,44,47,5849,17375
2023-08-01 11:27:56,45,47,5849,17375
2023-08-01 11:27:57,46,48,6149,17675
2023-08-01 11:27:58,47,48,6149,17675
2023-08-01 11:28:25,47,49,6449,17975
2023-08-01 11:28:29,47,50,6749,18275
2023-08-01 11:28:30,47,50,7149,18675
2023-08-01 11:28:31,47,51,7249,18775
2023-08-01 11:28:33,47,52,7249,18775
2023-08-01 11:28:33,48,52,7249,18775
2023-08-01 11:29:02,48,51,7249,18775
2023-08-01 11:29:03,48,50,7249,18775
2023-08-01 11:29:09,48,51,7249,18775
2023-08-01 11:29:09,49,51,7249,18775
2023-08-01 11:29:12,48,51,7249,18775
2023-08-01 11:29:13,47,51,7249,18775
2023-08-01 11:29:13,47,50,7249,18775
2023-08-01 11:29:46,48,50,7249,18775
2023-08-01 11:29:48,47,50,7249,18775
2023-08-01 11:29:50,48,50,7249,18775
2023-08-01 11:29:53,47,50,7249,18775
2023-08-01 11:29:58,48,50,7249,18775
2023-08-01 11:29:59,48,51,7249,18775
2023-08-01 11:30:02,47,51,7249,18775
2023-08-01 11:30:02,47,50,7249,18775
2023-08-01 11:30:04,48,50,7249,18775
2023-08-01 11:30:07,48,52,7249,18775
2023-08-01 11:30:07,49,52,7249,18775
2023-08-01 11:30:07,49,53,7249,18775
2023-08-01 11:30:07,49,52,7249,18775
2023-08-01 11:30:09,50,52,7249,18775
2023-08-01 11:30:10,49,52,7249,18775
2023-08-01 11:30:14,49,51,7249,18775
2023-08-01 11:30:14,48,51,7249,18775
2023-08-01 11:30:16,47,51,7249,18775
2023-08-01 11:30:16,48,51,7249,18775
2023-08-01 11:30:17,47,51,7249,18775
2023-08-01 11:30:18,47,50,7249,18775
2023-08-01 11:30:21,48,50,7249,18775
2023-08-01 11:30:22,47,50,7249,18775
2023-08-01 11:30:24,46,50,7249,18775
2023-08-01 11:30:41,46,49,7249,18775
2023-08-01 11:30:46,45,49,7249,18775
2023-08-01 11:30:46,46,49,7249,18775
2023-08-01 11:30:47,46,50,7249,18775
2023-08-01 11:31:01,46,49,7249,18775
2023-08-01 11:31:07,45,49,7249,18775
2023-08-01 11:31:11,45,50,7249,18775
2023-08-01 11:31:11,45,49,7249,18775
2023-08-01 11:31:34,45,48,7249,18775
2023-08-01 11:31:39,44,48,7249,18775
2023-08-01 11:31:42,45,48,7249,18775
2023-08-01 11:32:13,44,48,7249,18775
2023-08-01 11:32:13,44,49,7249,18775
2023-08-01 11:32:13,44,48,7249,18775
2023-08-01 11:32:15,44,47,7249,18775
2023-08-01 11:32:19,43,47,7249,18775
2023-08-01 11:32:22,43,48,7249,18775
2023-08-01 11:32:22,43,46,7249,18775
2023-08-01 11:32:31,44,46,7249,18775
2023-08-01 11:32:31,44,48,7249,18775
2023-08-01 11:32:31,44,47,7249,18775
2023-08-01 11:32:35,43,47,7249,18775
2023-08-01 11:32:35,43,48,7249,18775
2023-08-01 11:32:35,43,47,7249,18775
2023-08-01 11:32:38,43,46,7249,18775
2023-08-01 11:32:44,42,46,7249,18775
2023-08-01 11:32:44,42,45,7249,18775
2023-08-01 11:32:52,42,47,7249,18775
2023-08-01 11:32:52,42,46,7249,18775
2023-08-01 11:32:59,43,46,7249,18775
2023-08-01 11:33:00,43,46,6849,19175
2023-08-01 11:33:02,43,47,6849,19175
2023-08-01 11:33:03,43,46,6849,19175
2023-08-01 11:33:09,43,45,6849,19175
2023-08-01 11:33:10,43,44,6449,19575
2023-08-01 11:33:11,42,44,6049,19975
2023-08-01 11:33:12,42,43,6049,19975
2023-08-01 11:33:24,42,43,5849,20175
2023-08-01 11:33:24,42,44,5849,20175
2023-08-01 11:33:28,42,45,5849,20175
2023-08-01 11:33:29,43,45,5849,20175
2023-08-01 11:33:38,42,45,5849,20175
2023-08-01 11:33:38,42,44,5849,20175
2023-08-01 11:33:44,42,45,5849,20175
2023-08-01 11:33:45,43,45,5849,20175
2023-08-01 11:33:46,42,45,5849,20175
2023-08-01 11:33:47,42,44,5849,20175
2023-08-01 11:33:58,42,44,5449,20575
2023-08-01 11:34:22,39,44,5349,20675
2023-08-01 11:34:23,40,44,5349,20675
2023-08-01 11:34:28,39,44,5349,20675
2023-08-01 11:34:29,40,44,5349,20675
2023-08-01 11:34:34,41,44,5349,20675
2023-08-01 11:34:41,40,44,5349,20675
2023-08-01 11:34:59,42,44,5349,20675
2023-08-01 11:35:03,42,45,5349,20675
2023-08-01 11:35:16,42,44,5349,20675
2023-08-01 11:35:18,42,45,5349,20675
2023-08-01 11:35:22,42,44,5349,20675
2023-08-01 11:35:23,42,43,5349,20675
2023-08-01 11:35:27,42,44,5349,20675
2023-08-01 11:35:38,42,45,5349,20675
2023-08-01 11:35:40,42,44,5349,20675
2023-08-01 11:35:41,42,43,5349,20675
2023-08-01 11:35:43,42,44,5349,20675
2023-08-01 11:35:44,42,44,5349,20675
2023-08-01 11:35:45,42,45,5349,20675
2023-08-01 11:35:46,42,44,5349,20675
2023-08-01 11:36:07,40,44,5349,20675
2023-08-01 11:36:09,41,44,5349,20675
2023-08-01 11:36:11,41,43,5349,20675
2023-08-01 11:36:12,39,43,5349,20675
2023-08-01 11:36:12,40,43,5349,20675
2023-08-01 11:36:13,41,43,5349,20675
2023-08-01 11:36:14,41,44,5349,20675
2023-08-01 11:36:20,41,45,5349,20675
2023-08-01 11:36:21,41,44,5349,20675
2023-08-01 11:36:24,40,44,5349,20675
2023-08-01 11:36:24,40,43,5349,20675
2023-08-01 11:36:28,41,43,5349,20675
2023-08-01 11:36:29,41,44,5349,20675
2023-08-01 11:36:40,42,44,5349,20675
2023-08-01 11:36:40,42,45,5349,20675
2023-08-01 11:36:41,42,44,5349,20675
2023-08-01 11:36:42,42,45,5349,20675
2023-08-01 11:36:43,43,45,5349,20675
2023-08-01 11:36:45,44,45,5349,20675
2023-08-01 11:36:46,44,46,5349,20675
2023-08-01 11:36:57,44,47,5349,20675
2023-08-01 11:37:02,44,46,5349,20675
2023-08-01 11:37:09,44,47,5349,20675
2023-08-01 11:37:15,44,48,5349,20675
2023-08-01 11:37:22,45,48,5349,20675
2023-08-01 11:37:31,45,49,5349,20675
2023-08-01 11:37:39,45,48,5349,20675
2023-08-01 11:37:42,44,48,5349,20675
2023-08-01 11:37:58,45,48,5349,20675
2023-08-01 11:37:59,46,48,5349,20675
2023-08-01 11:37:59,46,49,5349,20675
2023-08-01 11:38:02,45,49,5349,20675
2023-08-01 11:38:02,45,48,5349,20675
2023-08-01 11:38:06,44,48,5349,20675
2023-08-01 11:38:08,44,47,5349,20675
2023-08-01 11:38:10,44,48,5349,20675
2023-08-01 11:38:11,44,47,5349,20675
2023-08-01 11:38:32,43,47,5349,20675
2023-08-01 11:38:33,43,46,5349,20675
2023-08-01 11:38:54,43,47,5349,20675
2023-08-01 11:38:56,44,47,5349,20675
2023-08-01 11:39:10,43,47,5349,20675
2023-08-01 11:39:23,44,47,5349,20675
2023-08-01 11:39:32,44,48,5349,20675
2023-08-01 11:39:35,44,47,5349,20675
2023-08-01 11:39:38,44,48,5349,20675
2023-08-01 11:39:40,44,47,5349,20675
2023-08-01 11:39:41,44,48,5349,20675
2023-08-01 11:39:46,44,47,5349,20675
2023-08-01 11:39:51,44,48,5349,20675
2023-08-01 11:39:55,44,47,5349,20675
2023-08-01 11:39:59,46,47,5349,20675
2023-08-01 11:40:00,44,47,5349,20675
2023-08-01 11:40:01,46,47,5349,20675
2023-08-01 11:40:07,44,47,5349,20675
2023-08-01 11:40:09,43,47,5349,20675
2023-08-01 11:40:13,43,46,5349,20675
2023-08-01 11:40:23,43,47,5349,20675
2023-08-01 11:40:32,43,46,5349,20675
2023-08-01 11:41:19,43,47,5349,20675
2023-08-01 11:41:22,44,47,5349,20675
2023-08-01 11:41:24,45,47,5349,20675
2023-08-01 11:41:28,45,46,5349,20675
2023-08-01 11:41:31,43,46,5349,20675
2023-08-01 11:41:41,42,46,5349,20675
2023-08-01 11:41:42,42,45,5349,20675
2023-08-01 11:41:49,42,46,5349,20675
2023-08-01 11:41:50,43,46,5349,20675
2023-08-01 11:41:56,43,47,5349,20675
2023-08-01 11:42:11,43,46,5349,20675
2023-08-01 11:42:14,42,46,5349,20675
2023-08-01 11:42:18,43,46,5349,20675
2023-08-01 11:42:23,42,46,5349,20675
2023-08-01 11:42:24,43,46,5349,20675
2023-08-01 11:42:29,43,47,5349,20675
2023-08-01 11:42:30,44,47,5349,20675
2023-08-01 11:42:31,43,47,5349,20675
2023-08-01 11:43:08,43,46,5349,20675
2023-08-01 11:43:09,42,46,5349,20675
2023-08-01 11:43:13,42,45,5349,20675
2023-08-01 11:43:16,42,44,5349,20675
2023-08-01 11:43:21,42,43,5349,20675
2023-08-01 11:43:26,42,44,5349,20675
2023-08-01 11:43:31,42,43,5349,20675
2023-08-01 11:43:39,40,43,5349,20675
2023-08-01 11:43:39,39,43,5349,20675
2023-08-01 11:43:49,39,42,5349,20675
2023-08-01 11:43:52,39,43,5349,20675
2023-08-01 11:44:02,39,42,5349,20675
2023-08-01 11:44:06,38,42,5349,20675
2023-08-01 11:44:10,39,42,5349,20675
2023-08-01 11:44:12,38,42,5349,20675
2023-08-01 11:44:14,39,42,5349,20675
2023-08-01 11:44:38,39,41,5349,20675
2023-08-01 11:44:40,39,40,5349,20675
2023-08-01 11:44:41,39,41,5349,20675
2023-08-01 11:44:43,39,40,5349,20675
2023-08-01 11:44:46,39,41,5349,20675
2023-08-01 11:44:50,38,41,5349,20675
2023-08-01 11:44:50,38,40,5349,20675
2023-08-01 11:44:51,39,40,5349,20675
2023-08-01 11:44:55,38,40,5349,20675
2023-08-01 11:45:02,38,40,4949,21075
2023-08-01 11:45:32,38,40,4649,21375
2023-08-01 11:45:32,36,40,4649,21375
2023-08-01 11:45:41,37,40,4649,21375
2023-08-01 11:45:52,36,40,4649,21375
2023-08-01 11:45:53,37,40,4649,21375
2023-08-01 11:45:55,36,40,4649,21375
2023-08-01 11:46:07,37,40,4649,21375
2023-08-01 11:46:09,38,40,4649,21375
2023-08-01 11:46:12,36,40,4649,21375
2023-08-01 11:46:12,36,39,4649,21375
2023-08-01 11:46:13,36,38,4649,21375
2023-08-01 11:46:14,36,37,4649,21375
2023-08-01 11:46:17,36,39,4649,21375
2023-08-01 11:46:18,37,39,4649,21375
2023-08-01 11:46:20,37,40,4649,21375
2023-08-01 11:46:25,37,41,4649,21375
2023-08-01 11:46:27,37,40,4649,21375
2023-08-01 11:46:30,37,39,4649,21375
2023-08-01 11:46:39,37,41,4649,21375
2023-08-01 11:46:51,37,42,4649,21375
2023-08-01 11:46:52,38,42,4649,21375
2023-08-01 11:47:24,38,41,4649,21375
2023-08-01 11:47:25,38,40,4649,21375
2023-08-01 11:47:26,37,40,4649,21375
2023-08-01 11:47:26,38,40,4649,21375
2023-08-01 11:47:30,38,41,4649,21375
2023-08-01 11:47:48,37,41,4649,21375
2023-08-01 11:47:48,38,41,4649,21375
2023-08-01 11:47:50,38,42,4649,21375
2023-08-01 11:47:52,39,42,4649,21375
2023-08-01 11:47:57,39,43,4649,21375
2023-08-01 11:47:59,39,42,4649,21375
2023-08-01 11:48:07,37,42,4649,21375
2023-08-01 11:48:07,38,42,4649,21375
2023-08-01 11:48:11,38,41,4649,21375
2023-08-01 11:48:12,37,41,4649,21375
2023-08-01 11:48:15,38,41,4649,21375
2023-08-01 11:48:26,37,41,4649,21375
2023-08-01 11:48:58,38,41,4649,21375
2023-08-01 11:49:00,38,42,4649,21375
2023-08-01 11:49:11,38,41,4649,21375
2023-08-01 11:49:17,38,42,4649,21375
2023-08-01 11:49:32,38,41,4649,21375
2023-08-01 11:49:36,38,42,4649,21375
2023-08-01 11:49:41,38,41,4649,21375
2023-08-01 11:49:49,38,42,4649,21375
2023-08-01 11:49:54,37,42,4649,21375
2023-08-01 11:49:54,38,42,4649,21375
2023-08-01 11:50:01,38,41,4649,21375
2023-08-01 11:50:01,37,41,4649,21375
2023-08-01 11:50:01,38,41,4649,21375
2023-08-01 11:50:03,38,42,4649,21375
2023-08-01 11:50:04,38,41,4649,21375
2023-08-01 11:50:12,38,42,4649,21375
2023-08-01 11:50:17,37,42,4649,21375
2023-08-01 11:50:17,38,42,4649,21375
2023-08-01 11:50:23,39,42,4649,21375
2023-08-01 11:50:23,39,43,4649,21375
2023-08-01 11:50:30,39,42,4649,21375
2023-08-01 11:50:34,39,41,4649,21375
2023-08-01 11:50:34,39,42,4649,21375
2023-08-01 11:50:51,39,43,4649,21375
2023-08-01 11:50:52,40,43,4649,21375
2023-08-01 11:50:56,40,44,4649,21375
2023-08-01 11:50:58,41,44,4649,21375
2023-08-01 11:51:02,40,44,4649,21375
2023-08-01 11:51:02,41,44,4649,21375
2023-08-01 11:51:04,41,45,4649,21375
2023-08-01 11:51:07,41,44,4649,21375
2023-08-01 11:51:21,41,44,4549,21775
2023-08-01 11:51:21,42,44,4549,21775
2023-08-01 11:51:28,42,45,4549,21775
2023-08-01 11:51:28,41,45,4549,21775
2023-08-01 11:51:28,43,45,4549,21775
2023-08-01 11:51:41,43,46,4549,21775
2023-08-01 11:51:43,43,45,4549,21775
2023-08-01 11:51:57,43,46,4549,21775
2023-08-01 11:52:03,43,45,4549,21775
2023-08-01 11:52:05,43,44,4549,21775
2023-08-01 11:52:05,44,45,4449,21875
2023-08-01 11:52:08,44,45,4049,22275
2023-08-01 11:52:19,44,46,4049,22275
2023-08-01 11:52:23,44,45,4049,22275
2023-08-01 11:52:25,44,46,4049,22275
2023-08-01 11:52:29,44,45,4049,22275
2023-08-01 11:52:30,44,46,4049,22275
2023-08-01 11:52:35,44,45,4049,22275
2023-08-01 11:52:41,42,45,3896,22428
2023-08-01 11:52:53,40,45,3896,22428
2023-08-01 11:52:53,43,45,3896,22428
2023-08-01 11:52:55,43,46,3896,22428
2023-08-01 11:52:57,43,45,3896,22428
2023-08-01 11:52:59,43,46,3896,22428
2023-08-01 11:53:02,43,45,3896,22428
2023-08-01 11:53:04,43,46,3896,22428
2023-08-01 11:53:06,43,45,3896,22428
2023-08-01 11:53:12,43,46,3896,22428
2023-08-01 11:53:30,42,46,3896,22428
2023-08-01 11:53:30,44,46,3896,22428
2023-08-01 11:53:44,42,46,3896,22428
2023-08-01 11:53:44,42,45,3896,22428
2023-08-01 11:53:44,43,45,3896,22428
2023-08-01 11:53:49,43,46,3896,22428
2023-08-01 11:53:54,43,45,3896,22428
2023-08-01 11:53:56,43,44,3896,22428
2023-08-01 11:54:02,42,44,3896,22428
2023-08-01 11:54:21,42,45,3896,22428
2023-08-01 11:54:31,43,45,3896,22428
2023-08-01 11:54:37,42,45,3896,22428
2023-08-01 11:54:37,44,45,3896,22428
2023-08-01 11:54:38,44,46,3896,22428
2023-08-01 11:54:41,44,45,3896,22428
2023-08-01 11:54:51,44,46,3896,22428
2023-08-01 11:54:54,43,46,3896,22428
2023-08-01 11:54:54,45,46,3896,22428
2023-08-01 11:54:59,45,48,3896,22428
2023-08-01 11:55:01,43,48,3896,22428
2023-08-01 11:55:01,43,47,3896,22428
2023-08-01 11:55:01,44,47,3896,22428
2023-08-01 11:55:02,44,46,3896,22428
2023-08-01 11:55:05,43,46,3896,22428
2023-08-01 11:55:05,45,46,3896,22428
2023-08-01 11:55:06,45,48,3896,22428
2023-08-01 11:55:08,45,47,3896,22428
2023-08-01 11:55:11,45,48,3896,22428
2023-08-01 11:55:13,44,48,3896,22428
2023-08-01 11:55:13,46,48,3896,22428
2023-08-01 11:55:14,46,47,3896,22428
2023-08-01 11:55:15,48,49,3896,22728
2023-08-01 11:55:17,48,49,3996,22828
2023-08-01 11:55:17,48,49,4046,22878
2023-08-01 11:55:18,46,49,4046,23028
2023-08-01 11:55:20,45,49,4046,23028
2023-08-01 11:55:20,47,49,4046,23028
2023-08-01 11:55:41,45,49,4046,23028
2023-08-01 11:55:41,46,49,4046,23028
2023-08-01 11:55:57,46,48,4046,23028
2023-08-01 11:55:59,46,49,4046,23028
2023-08-01 11:56:00,46,48,4046,23028
2023-08-01 11:56:01,44,48,4046,23028
2023-08-01 11:56:01,45,48,4046,23028
2023-08-01 11:56:05,43,48,4046,23028
2023-08-01 11:56:05,44,48,4046,23028
2023-08-01 11:56:07,44,47,4046,23028
2023-08-01 11:56:27,42,47,4046,23028
2023-08-01 11:56:27,43,47,4046,23028
2023-08-01 11:56:29,44,47,4046,23028
2023-08-01 11:56:36,43,47,4046,23028
2023-08-01 11:56:48,44,47,4046,23028
2023-08-01 11:56:54,44,48,4046,23028
2023-08-01 11:56:54,43,48,4046,23028
2023-08-01 11:56:54,45,48,4046,23028
2023-08-01 11:56:58,45,47,4046,23028
2023-08-01 11:57:01,45,48,4046,23028
2023-08-01 11:57:03,45,47,4046,23028
2023-08-01 11:57:04,45,48,4046,23028
2023-08-01 11:57:11,44,48,4046,23028
2023-08-01 11:57:11,46,48,4046,23028
2023-08-01 11:57:13,44,48,4046,23028
2023-08-01 11:57:13,45,48,4046,23028
2023-08-01 11:57:16,45,47,4046,23028
2023-08-01 11:57:16,43,47,4046,23028
2023-08-01 11:57:16,44,47,4046,23028
2023-08-01 11:57:17,44,46,4046,23028
2023-08-01 11:57:18,43,46,4046,23028
2023-08-01 11:57:38,43,45,4046,23028
2023-08-01 11:57:41,43,46,4046,23028
2023-08-01 11:57:59,44,46,4046,23028
2023-08-01 11:58:03,44,47,4046,23028
2023-08-01 11:58:05,44,48,4046,23028
2023-08-01 11:58:06,42,48,4046,23028
2023-08-01 11:58:06,45,48,4046,23028
2023-08-01 11:58:07,46,48,4046,23028
2023-08-01 11:58:09,45,48,4046,23028
2023-08-01 11:58:10,45,47,4046,23028
2023-08-01 11:58:11,45,48,4046,23028
2023-08-01 11:58:13,45,47,4046,23028
2023-08-01 11:58:25,45,46,4046,23028
2023-08-01 11:58:35,42,46,4046,23028
2023-08-01 11:58:36,43,46,4046,23028
2023-08-01 11:58:37,43,45,4046,23028
2023-08-01 11:58:41,42,45,4046,23028
2023-08-01 11:58:44,43,45,4046,23028
2023-08-01 11:58:48,43,44,4046,23028
2023-08-01 11:58:49,43,45,4046,23028
2023-08-01 11:58:49,42,45,4046,23028
2023-08-01 11:58:50,42,44,4046,23028
2023-08-01 11:58:52,42,45,4046,23028
2023-08-01 11:59:00,42,44,4046,23028
2023-08-01 11:59:04,42,45,4046,23028
2023-08-01 11:59:04,43,45,4046,23028
2023-08-01 11:59:07,43,46,4046,23028
2023-08-01 11:59:20,43,45,4046,23028
2023-08-01 11:59:21,43,46,4046,23028
2023-08-01 11:59:24,43,45,4046,23028
2023-08-01 11:59:26,44,45,4046,23028
2023-08-01 11:59:31,44,47,4046,23028
2023-08-01 11:59:41,44,48,4046,23028
2023-08-01 11:59:42,44,47,4046,23028
2023-08-01 11:59:45,43,47,4046,23028
2023-08-01 11:59:45,45,47,4046,23028
2023-08-01 11:59:51,45,48,4046,23028
2023-08-01 12:00:11,43,48,4046,23028
2023-08-01 12:00:11,46,48,4046,23028
2023-08-01 12:00:17,46,49,4046,23028
2023-08-01 12:00:25,46,48,4046,23028
2023-08-01 12:00:43,46,49,4046,23028
2023-08-01 12:00:50,46,48,4046,23028
2023-08-01 12:01:00,46,49,4046,23028
2023-08-01 12:01:02,44,49,4046,23028
2023-08-01 12:01:02,47,49,4046,23028
2023-08-01 12:01:18,47,49,4068,23050
2023-08-01 12:01:28,45,49,4068,23050
2023-08-01 12:01:28,46,49,4068,23050
2023-08-01 12:01:29,46,48,4068,23050
2023-08-01 12:01:33,44,48,4068,23050
2023-08-01 12:01:33,45,48,4068,23050
2023-08-01 12:01:39,45,47,4068,23050
2023-08-01 12:01:39,43,47,4068,23050
2023-08-01 12:01:39,42,47,4068,23050
2023-08-01 12:01:39,44,47,4068,23050
2023-08-01 12:02:18,42,47,4068,23050
2023-08-01 12:02:18,45,47,4068,23050
2023-08-01 12:02:21,42,47,4068,23050
2023-08-01 12:02:21,44,47,4068,23050
2023-08-01 12:02:24,44,46,4068,23050
2023-08-01 12:02:24,42,46,4068,23050
2023-08-01 12:02:24,43,46,4068,23050
2023-08-01 12:02:47,43,47,4068,23050
2023-08-01 12:02:49,43,46,4068,23050
2023-08-01 12:02:54,43,47,4068,23050
2023-08-01 12:02:56,42,47,4068,23050
2023-08-01 12:02:56,44,47,4068,23050
2023-08-01 12:03:04,42,47,3768,23350
2023-08-01 12:03:22,42,46,3768,23350
2023-08-01 12:03:29,42,45,3768,23350
2023-08-01 12:03:31,42,46,3768,23350
2023-08-01 12:03:45,42,47,3768,23350
2023-08-01 12:03:49,42,46,3768,23350
2023-08-01 12:03:57,42,45,3768,23350
2023-08-01 12:04:03,42,44,3768,23350
2023-08-01 12:04:05,42,44,3768,23750
2023-08-01 12:04:10,42,45,3768,23750
2023-08-01 12:04:34,42,44,3768,23750
2023-08-01 12:04:38,40,44,3768,23850
2023-08-01 12:04:41,40,45,3768,23850
2023-08-01 12:05:10,41,45,3768,23850
2023-08-01 12:05:20,41,46,3768,23850
2023-08-01 12:05:28,41,45,3768,23850
2023-08-01 12:05:39,41,46,3768,23850
2023-08-01 12:05:41,42,46,3768,23850
2023-08-01 12:05:52,42,45,3768,23850
2023-08-01 12:05:57,40,45,3768,23850
2023-08-01 12:06:02,40,44,3768,23850
2023-08-01 12:06:03,40,43,3768,23850
2023-08-01 12:06:03,41,43,3768,23850
2023-08-01 12:06:04,40,43,3768,23850
2023-08-01 12:06:05,40,42,3768,23850
2023-08-01 12:06:08,40,43,3768,23850
2023-08-01 12:06:11,39,43,3768,23850
2023-08-01 12:06:11,40,43,3768,23850
2023-08-01 12:06:11,40,42,3768,23850
2023-08-01 12:06:16,40,41,3768,23850
2023-08-01 12:06:17,40,42,3768,23850
2023-08-01 12:06:28,39,42,3768,23850
2023-08-01 12:07:39,40,42,3768,23850
2023-08-01 12:07:56,39,42,3768,23850
2023-08-01 12:08:57,40,42,3768,23850
2023-08-01 12:09:14,40,43,3768,23850
2023-08-01 12:09:15,41,43,3768,23850
2023-08-01 12:09:18,41,44,3768,23850
2023-08-01 12:09:30,41,45,3768,23850
2023-08-01 12:09:38,42,45,3768,23850
2023-08-01 12:10:19,42,46,3768,23850
2023-08-01 12:10:19,41,46,3768,23850
2023-08-01 12:10:19,43,46,3768,23850
2023-08-01 12:10:32,43,47,3768,23850
2023-08-01 12:10:42,43,46,3768,23850
2023-08-01 12:11:08,43,47,3768,23850
2023-08-01 12:11:17,44,47,3768,23850
2023-08-01 12:11:40,44,48,3768,23850
2023-08-01 12:11:40,45,48,3768,23850
2023-08-01 12:11:48,44,48,3768,23850
2023-08-01 12:11:48,45,48,3768,23850
2023-08-01 12:11:54,44,48,3768,23850
2023-08-01 12:11:54,45,48,3768,23850
2023-08-01 12:12:09,44,48,3768,23850
2023-08-01 12:12:09,45,48,3768,23850
2023-08-01 12:12:12,45,49,3768,23850
2023-08-01 12:12:14,46,49,3768,23850
2023-08-01 12:12:29,46,48,3768,23850
2023-08-01 12:12:35,47,48,3768,23850
2023-08-01 12:12:43,47,49,3768,23850
2023-08-01 12:12:49,47,48,3768,23850
2023-08-01 12:12:56,45,48,3768,23850
2023-08-01 12:12:57,43,48,3768,23850
2023-08-01 12:12:57,44,48,3768,23850
2023-08-01 12:13:00,44,47,3768,23850
2023-08-01 12:13:00,43,47,3768,23850
2023-08-01 12:13:01,43,46,3768,23850
2023-08-01 12:13:03,43,47,3768,23850
2023-08-01 12:13:07,44,47,3768,23850
2023-08-01 12:13:20,44,48,3768,23850
2023-08-01 12:13:42,44,46,3768,23850
2023-08-01 12:13:53,43,46,3768,23850
2023-08-01 12:14:28,44,46,3768,23850
2023-08-01 12:14:48,44,48,3768,23872
2023-08-01 12:15:06,44,49,3768,23872
2023-08-01 12:15:06,45,49,3768,23872
2023-08-01 12:15:14,45,50,4068,24172
2023-08-01 12:15:14,46,50,4068,24172
2023-08-01 12:15:17,47,50,4068,24172
2023-08-01 12:15:18,47,49,4068,24172
2023-08-01 12:15:25,47,50,4068,24172
2023-08-01 12:15:37,47,49,4068,24172
2023-08-01 12:15:43,47,50,4068,24172
2023-08-01 12:15:44,48,50,4068,24172
2023-08-01 12:15:46,47,50,4068,24172
2023-08-01 12:15:51,47,49,4068,24172
2023-08-01 12:15:52,45,49,4068,24172
2023-08-01 12:15:52,46,49,4068,24172
2023-08-01 12:15:57,46,48,4068,24172
2023-08-01 12:16:06,46,49,4068,24172
2023-08-01 12:16:20,44,49,4068,24172
2023-08-01 12:16:20,47,49,4068,24172
2023-08-01 12:16:29,47,50,4068,24172
2023-08-01 12:16:33,47,49,4068,24172
2023-08-01 12:16:34,47,48,4068,24172
2023-08-01 12:16:41,47,49,4068,24172
2023-08-01 12:16:47,47,50,4068,24172
2023-08-01 12:16:48,48,50,4068,24172
2023-08-01 12:17:37,46,50,4068,24172
2023-08-01 12:17:37,47,50,4068,24172
2023-08-01 12:17:38,47,49,4068,24172
2023-08-01 12:17:40,47,48,4068,24172
2023-08-01 12:17:41,44,48,4068,24172
2023-08-01 12:17:41,46,48,4068,24172
2023-08-01 12:17:51,43,48,3768,24472
2023-08-01 12:17:56,43,47,3768,24472
2023-08-01 12:18:19,43,46,3768,24472
2023-08-01 12:18:20,41,46,3768,24472
2023-08-01 12:18:22,41,45,3768,24472
2023-08-01 12:18:22,40,45,3768,24472
2023-08-01 12:18:29,40,46,3768,24472
2023-08-01 12:18:29,41,46,3768,24472
2023-08-01 12:18:30,42,46,3768,24472
2023-08-01 12:18:37,41,46,3768,24472
2023-08-01 12:18:37,42,46,3768,24472
2023-08-01 12:18:55,41,46,3768,24472
2023-08-01 12:19:02,42,46,3768,24472
2023-08-01 12:19:04,41,46,3768,24472
2023-08-01 12:19:09,41,45,3768,24472
2023-08-01 12:19:09,40,45,3768,24472
2023-08-01 12:19:10,41,45,3768,24472
2023-08-01 12:19:12,42,45,3768,24472
2023-08-01 12:19:21,40,45,3768,24472
2023-08-01 12:19:22,41,45,3768,24472
2023-08-01 12:19:24,40,45,3768,24472
2023-08-01 12:19:26,41,45,3768,24472
2023-08-01 12:19:30,41,46,3768,24472
2023-08-01 12:19:32,41,45,3768,24472
2023-08-01 12:19:45,40,45,3768,24472
2023-08-01 12:19:46,41,45,3768,24472
2023-08-01 12:19:47,41,44,3768,24472
2023-08-01 12:19:50,40,44,3768,24472
2023-08-01 12:19:53,39,44,3768,24472
2023-08-01 12:19:55,39,43,3768,24472
2023-08-01 12:20:02,39,44,3768,24472
2023-08-01 12:20:03,40,44,3768,24472
2023-08-01 12:20:08,39,44,3768,24472
2023-08-01 12:20:08,39,43,3768,24472
2023-08-01 12:20:25,39,42,3768,24472
2023-08-01 12:20:29,37,42,3768,24472
2023-08-01 12:20:33,38,42,3768,24472
2023-08-01 12:20:41,37,42,3768,24472
2023-08-01 12:20:45,38,42,3768,24472
2023-08-01 12:20:48,39,42,3768,24472
2023-08-01 12:20:48,39,43,3768,24472
2023-08-01 12:20:55,39,42,3768,24472
2023-08-01 12:21:06,37,42,3768,24472
2023-08-01 12:21:06,37,41,3768,24472
2023-08-01 12:21:07,38,41,3768,24472
2023-08-01 12:21:10,37,41,3768,24472
2023-08-01 12:21:13,38,41,3768,24472
2023-08-01 12:21:15,38,42,3768,24472
2023-08-01 12:21:32,37,42,3768,24472
2023-08-01 12:21:32,37,41,3768,24472
2023-08-01 12:21:33,38,41,3768,24472
2023-08-01 12:21:34,37,41,3768,24472
2023-08-01 12:21:44,36,41,3768,24472
2023-08-01 12:21:44,36,40,3768,24472
2023-08-01 12:21:46,37,40,3768,24472
2023-08-01 12:21:49,37,39,3768,24472
2023-08-01 12:21:50,36,39,3768,24472
2023-08-01 12:21:54,37,39,3768,24472
2023-08-01 12:22:01,37,40,3768,24472
2023-08-01 12:22:03,36,40,3768,24472
2023-08-01 12:22:05,37,40,3768,24472
2023-08-01 12:22:16,36,40,3768,24472
2023-08-01 12:22:19,37,40,3768,24472
2023-08-01 12:22:24,37,41,3768,24472
2023-08-01 12:22:41,38,41,3768,24472
2023-08-01 12:22:42,37,41,3768,24472
2023-08-01 12:23:27,37,40,3768,24472
2023-08-01 12:23:35,37,41,3768,24472
2023-08-01 12:23:41,37,40,3768,24472
2023-08-01 12:23:47,37,39,3768,24472
2023-08-01 12:23:47,36,39,3768,24472
2023-08-01 12:24:01,36,38,3768,24472
2023-08-01 12:24:30,36,39,3768,24472
2023-08-01 12:24:50,36,40,3768,24472
2023-08-01 12:25:01,36,39,3768,24472
2023-08-01 12:25:03,37,39,3768,24472
2023-08-01 12:25:04,36,39,3768,24472
2023-08-01 12:25:04,36,40,3768,24472
2023-08-01 12:25:06,37,40,3768,24472
2023-08-01 12:25:11,36,40,3768,24472
2023-08-01 12:25:15,37,40,3768,24472
2023-08-01 12:25:23,37,41,3768,24472
2023-08-01 12:25:52,37,40,3768,24472
2023-08-01 12:25:54,37,41,3768,24472
2023-08-01 12:26:12,37,40,3768,24472
2023-08-01 12:26:13,36,40,3768,24472
2023-08-01 12:26:17,37,40,3768,24472
2023-08-01 12:26:33,36,40,3768,24472
2023-08-01 12:26:44,37,40,3768,24472
2023-08-01 12:26:48,38,40,3768,24472
2023-08-01 12:26:50,37,40,3768,24472
2023-08-01 12:26:59,36,40,3768,24472
2023-08-01 12:27:02,37,40,3768,24472
2023-08-01 12:27:04,37,39,3768,24472
2023-08-01 12:27:04,36,39,3768,24472
2023-08-01 12:27:26,37,39,3768,24472
2023-08-01 12:27:27,36,39,3768,24472
2023-08-01 12:27:28,36,38,3768,24472
2023-08-01 12:27:29,36,37,3768,24472
2023-08-01 12:27:37,36,38,3768,24472
2023-08-01 12:27:41,36,37,3768,24472
2023-08-01 12:27:43,36,38,3768,24472
2023-08-01 12:27:46,35,38,3768,24850
2023-08-01 12:27:46,35,37,3768,24850
2023-08-01 12:27:47,35,36,3768,24850
2023-08-01 12:27:55,31,36,3757,24861
2023-08-01 12:27:56,32,36,3757,24861
2023-08-01 12:27:57,33,36,3757,24861
2023-08-01 12:28:00,34,36,3757,24861
2023-08-01 12:28:07,33,36,3757,24861
2023-08-01 12:28:09,33,37,3757,24861
2023-08-01 12:28:16,33,36,3757,24861
2023-08-01 12:28:23,33,35,3757,24861
2023-08-01 12:28:28,33,36,3757,24861
2023-08-01 12:28:29,33,37,3757,24861
2023-08-01 12:28:36,33,36,3757,24861
2023-08-01 12:28:41,32,36,3757,24861
2023-08-01 12:28:43,33,36,3757,24861
2023-08-01 12:28:45,33,37,3757,24861
2023-08-01 12:28:45,34,37,3757,24861
2023-08-01 12:28:54,34,38,3757,24861
2023-08-01 12:28:55,34,37,3757,24861
2023-08-01 12:28:59,33,37,3757,24861
2023-08-01 12:29:06,33,38,3757,24861
2023-08-01 12:29:07,33,37,3757,24861
2023-08-01 12:29:11,33,38,3757,24861
2023-08-01 12:29:11,34,38,3757,24861
2023-08-01 12:29:15,34,39,3757,24861
2023-08-01 12:29:15,35,39,3757,24861
2023-08-01 12:29:30,36,39,3757,24861
2023-08-01 12:29:30,36,40,3757,24861
2023-08-01 12:29:35,35,40,3757,24861
2023-08-01 12:29:35,35,39,3757,24861
2023-08-01 12:29:48,35,38,3757,24861
2023-08-01 12:30:01,33,38,3757,24861
2023-08-01 12:30:01,33,37,3757,24861
2023-08-01 12:30:27,33,36,3757,24861
2023-08-01 12:30:45,33,35,3757,24861
2023-08-01 12:30:46,32,35,3757,24861
2023-08-01 12:30:49,30,35,3757,24861
2023-08-01 12:30:56,31,35,3757,24861
2023-08-01 12:30:57,32,35,3757,24861
2023-08-01 12:31:00,31,35,3757,24861
2023-08-01 12:31:01,30,35,3757,24861
2023-08-01 12:31:01,29,35,3757,24861
2023-08-01 12:31:01,29,34,3757,24861
2023-08-01 12:31:02,30,34,3757,24861
2023-08-01 12:31:03,31,34,3757,24861
2023-08-01 12:31:04,31,34,3758,24862
2023-08-01 12:31:12,29,34,3758,24862
2023-08-01 12:31:12,29,33,3758,24862
2023-08-01 12:31:13,28,33,3758,24862
2023-08-01 12:31:13,28,32,3758,24862
2023-08-01 12:31:17,29,32,3758,24862
2023-08-01 12:31:27,29,33,3758,24862
2023-08-01 12:31:28,29,32,3758,24862
2023-08-01 12:31:38,30,32,3758,24862
2023-08-01 12:31:39,30,33,3758,24862
2023-08-01 12:31:55,30,34,3758,24862
2023-08-01 12:32:04,30,34,3758,24863
2023-08-01 12:32:09,30,35,3758,24863
2023-08-01 12:32:15,30,34,3758,24863
2023-08-01 12:32:25,30,35,3758,24863
2023-08-01 12:32:38,31,35,3758,24863
2023-08-01 12:32:43,31,36,3758,24863
2023-08-01 12:32:45,32,36,3758,24863
2023-08-01 12:32:49,32,37,3758,24863
2023-08-01 12:32:51,33,37,3758,24863
2023-08-01 12:32:55,33,38,3758,24863
2023-08-01 12:33:17,35,38,3758,24863
2023-08-01 12:33:17,35,39,3758,24863
2023-08-01 12:33:22,35,40,3758,24863
2023-08-01 12:33:24,37,40,3758,24863
2023-08-01 12:33:25,37,41,3758,24863
2023-08-01 12:33:35,38,41,3758,24863
2023-08-01 12:33:39,37,41,3758,24863
2023-08-01 12:33:40,37,42,3758,24863
2023-08-01 12:33:43,37,41,3758,24863
2023-08-01 12:33:54,38,41,3758,24863
2023-08-01 12:33:54,38,42,3758,24863
2023-08-01 12:33:55,37,42,3758,24863
2023-08-01 12:33:56,38,42,3758,24863
2023-08-01 12:33:57,37,42,3758,24863
2023-08-01 12:33:57,37,41,3758,24863
2023-08-01 12:34:01,38,41,3758,24863
2023-08-01 12:34:02,37,41,3758,24863
2023-08-01 12:34:02,37,42,3758,24863
2023-08-01 12:34:05,38,42,3758,24863
2023-08-01 12:34:14,38,43,3758,24863
2023-08-01 12:34:31,38,42,3758,24863
2023-08-01 12:35:02,37,42,3758,24863
2023-08-01 12:35:03,38,42,3758,24863
2023-08-01 12:35:19,38,43,3758,24863
2023-08-01 12:35:37,38,42,3758,24863
2023-08-01 12:35:39,37,42,3758,24863
2023-08-01 12:35:40,37,41,3758,24863
2023-08-01 12:35:47,37,40,3758,24863
2023-08-01 12:35:51,37,41,4058,25163
2023-08-01 12:35:51,38,41,4058,25163
2023-08-01 12:35:53,38,42,4058,25163
2023-08-01 12:35:56,37,42,4058,25163
2023-08-01 12:35:56,39,42,4058,25163
2023-08-01 12:36:32,38,42,4058,25163
2023-08-01 12:36:32,38,43,4058,25163
2023-08-01 12:36:32,40,43,4058,25163
2023-08-01 12:36:40,38,43,4058,25163
2023-08-01 12:36:40,41,43,4058,25163
2023-08-01 12:36:49,41,44,4058,25163
2023-08-01 12:36:55,41,43,4058,25163
2023-08-01 12:36:56,41,42,4058,25163
2023-08-01 12:36:56,38,42,4058,25163
2023-08-01 12:36:56,40,42,4058,25163
2023-08-01 12:37:00,40,43,4058,25163
2023-08-01 12:37:02,38,43,4058,25163
2023-08-01 12:37:02,41,43,4058,25163
2023-08-01 12:37:11,41,44,4058,25163
2023-08-01 12:37:17,41,43,4058,25163
2023-08-01 12:37:23,38,43,4058,25163
2023-08-01 12:37:23,40,43,4058,25163
2023-08-01 12:37:30,37,43,4058,25163
2023-08-01 12:37:30,39,43,4058,25163
2023-08-01 12:37:35,37,43,4058,25163
2023-08-01 12:37:35,40,43,4058,25163
2023-08-01 12:37:41,37,43,4058,25163
2023-08-01 12:37:41,37,42,4058,25163
2023-08-01 12:37:41,39,42,4058,25163
2023-08-01 12:37:52,39,43,4058,25163
2023-08-01 12:37:59,37,43,4058,25163
2023-08-01 12:37:59,40,43,4058,25163
2023-08-01 12:38:17,37,43,4058,25163
2023-08-01 12:38:17,39,43,4058,25163
2023-08-01 12:38:19,37,43,4058,25163
2023-08-01 12:38:19,40,43,4058,25163
2023-08-01 12:38:33,37,43,4058,25163
2023-08-01 12:38:33,39,43,4058,25163
2023-08-01 12:38:49,39,42,4058,25163
2023-08-01 12:38:51,39,43,4058,25163
2023-08-01 12:38:54,37,43,4058,25163
2023-08-01 12:38:54,40,43,4058,25163
2023-08-01 12:39:40,37,43,4058,25163
2023-08-01 12:39:40,39,43,4058,25163
2023-08-01 12:39:45,39,42,4058,25163
2023-08-01 12:39:47,39,43,4058,25163
2023-08-01 12:40:02,37,43,4058,25163
2023-08-01 12:40:02,40,43,4058,25163
2023-08-01 12:40:16,38,43,4058,25163
2023-08-01 12:40:16,41,43,4058,25163
2023-08-01 12:40:19,41,44,4058,25163
2023-08-01 12:40:29,41,43,4058,25163
2023-08-01 12:40:33,41,44,4058,25163
2023-08-01 12:40:45,41,43,4058,25163
2023-08-01 12:40:51,41,44,4058,25163
2023-08-01 12:40:57,41,43,4058,25163
2023-08-01 12:40:58,38,43,4058,25163
2023-08-01 12:40:58,40,43,4058,25163
2023-08-01 12:41:23,38,43,4058,25163
2023-08-01 12:41:23,41,43,4058,25163
2023-08-01 12:41:39,38,43,4058,25163
2023-08-01 12:41:39,40,43,4058,25163
2023-08-01 12:42:08,38,43,4058,25163
2023-08-01 12:42:08,41,43,4058,25163
2023-08-01 12:42:14,41,44,4058,25163
2023-08-01 12:42:16,40,44,4058,25163
2023-08-01 12:42:16,42,44,4058,25163
2023-08-01 12:42:17,42,45,4058,25163
2023-08-01 12:42:21,42,44,4058,25163
2023-08-01 12:42:23,42,45,4058,25163
2023-08-01 12:42:25,42,44,4058,25163
2023-08-01 12:42:26,42,43,4058,25163
2023-08-01 12:42:27,40,43,4058,25163
2023-08-01 12:42:27,41,43,4058,25163
2023-08-01 12:42:56,41,44,4058,25163
2023-08-01 12:42:56,41,45,4058,25163
2023-08-01 12:43:01,41,44,4058,25163
2023-08-01 12:43:02,42,44,4058,25163
2023-08-01 12:43:10,42,45,4058,25163
2023-08-01 12:43:11,42,44,4058,25163
2023-08-01 12:43:17,42,45,4058,25163
2023-08-01 12:43:22,42,46,4058,25163
2023-08-01 12:43:23,42,45,4058,25163
2023-08-01 12:43:24,42,46,4058,25163
2023-08-01 12:43:24,43,46,4058,25163
2023-08-01 12:43:26,43,45,4058,25163
2023-08-01 12:43:30,43,46,4058,25163
2023-08-01 12:43:31,43,47,4058,25163
2023-08-01 12:43:36,43,46,4058,25163
2023-08-01 12:43:40,43,47,4058,25163
2023-08-01 12:43:41,42,47,4058,25163
2023-08-01 12:43:41,44,47,4058,25163
2023-08-01 12:43:48,44,46,4058,25163
2023-08-01 12:43:53,42,46,4058,25163
2023-08-01 12:43:53,43,46,4058,25163
2023-08-01 12:43:59,43,47,4058,25163
2023-08-01 12:44:00,43,46,4058,25163
2023-08-01 12:44:01,42,46,4058,25163
2023-08-01 12:44:01,44,46,4058,25163
2023-08-01 12:44:01,44,47,4058,25163
2023-08-01 12:44:15,44,48,4058,25163
2023-08-01 12:44:23,43,48,4058,25163
2023-08-01 12:44:23,45,48,4058,25163
2023-08-01 12:44:29,43,48,4058,25163
