datetime,bid,ask,open_interest,volume
2023-08-01 09:30:07,12,16,1355,2315
2023-08-01 09:30:07,12,15,1355,2320
2023-08-01 09:30:08,12,14,1355,2320
2023-08-01 09:30:08,9,14,1355,2665
2023-08-01 09:30:09,9,13,1355,2665
2023-08-01 09:30:10,9,12,1355,2665
2023-08-01 09:30:14,10,12,1355,2665
2023-08-01 09:30:16,10,13,1355,2665
2023-08-01 09:30:19,10,14,1355,2665
2023-08-01 09:30:19,10,15,1355,2665
2023-08-01 09:30:19,10,16,1355,2665
2023-08-01 09:30:22,10,15,1355,2665
2023-08-01 09:30:23,10,14,1355,2665
2023-08-01 09:30:24,10,13,1355,2665
2023-08-01 09:30:31,10,14,1355,2665
2023-08-01 09:30:32,10,15,1355,2665
2023-08-01 09:30:38,10,14,1355,2665
2023-08-01 09:30:40,10,13,1355,2665
2023-08-01 09:30:41,10,12,1355,2665
2023-08-01 09:30:42,9,12,1355,2665
2023-08-01 09:31:04,9,11,1355,2665
2023-08-01 09:31:26,9,12,1355,2665
2023-08-01 09:31:26,9,17,1355,2665
2023-08-01 09:31:27,9,16,1355,2665
2023-08-01 09:31:30,9,15,1355,2665
2023-08-01 09:32:10,10,15,1355,2665
2023-08-01 09:32:17,9,15,1355,2665
2023-08-01 09:32:25,7,15,1605,2915
2023-08-01 09:32:37,10,15,1605,2915
2023-08-01 09:32:38,7,15,1625,2935
2023-08-01 09:32:51,6,15,1625,2935
2023-08-01 09:33:06,7,15,1625,2935
2023-08-01 09:33:43,6,15,1625,2935
2023-08-01 09:33:46,10,15,1625,2935
2023-08-01 09:33:46,10,13,1625,2935
2023-08-01 09:33:47,6,13,1670,2980
2023-08-01 09:33:47,6,10,1670,2980
2023-08-01 09:34:03,8,10,1670,2980
2023-08-01 09:34:10,6,10,1715,3025
2023-08-01 09:34:26,7,10,1715,3025
2023-08-01 09:34:36,7,10,2115,3425
2023-08-01 09:34:37,7,9,2115,3425
2023-08-01 09:34:57,7,8,2115,3425
2023-08-01 09:34:57,6,8,2215,3525
2023-08-01 09:34:59,6,7,2215,3525
2023-08-01 09:35:00,6,8,2215,3525
2023-08-01 09:35:07,6,7,2215,3525
2023-08-01 09:35:21,6,8,2215,3525
2023-08-01 09:35:22,6,7,2215,3525
2023-08-01 09:35:28,6,8,2215,3525
2023-08-01 09:35:34,6,7,2215,3525
2023-08-01 09:36:17,5,7,2465,3775
2023-08-01 09:36:53,5,6,2465,3775
2023-08-01 09:37:14,4,6,2715,4025
2023-08-01 09:37:18,4,5,2715,4025
2023-08-01 09:37:23,4,6,2715,4025
2023-08-01 09:38:04,5,6,2715,4025
2023-08-01 09:38:11,5,7,2625,4115
2023-08-01 09:38:28,4,7,2625,4115
2023-08-01 09:38:29,4,6,2625,4115
2023-08-01 09:38:31,4,7,2625,4115
2023-08-01 09:38:31,4,6,2625,4115
2023-08-01 09:38:37,5,6,2625,4115
2023-08-01 09:38:43,5,8,2625,4115
2023-08-01 09:38:43,5,7,2625,4115
2023-08-01 09:39:05,5,8,2625,4115
2023-08-01 09:39:05,5,7,2625,4115
2023-08-01 09:39:18,5,9,2625,4115
2023-08-01 09:39:18,5,8,2625,4115
2023-08-01 09:39:34,6,8,2625,4115
2023-08-01 09:39:48,5,8,2625,4115
2023-08-01 09:39:55,5,7,2625,4115
2023-08-01 09:39:59,5,8,2625,4115
2023-08-01 09:39:59,5,7,2625,4115
2023-08-01 09:40:00,4,7,2625,4115
2023-08-01 09:40:01,4,8,2625,4115
2023-08-01 09:40:01,4,7,2625,4115
2023-08-01 09:40:10,5,7,2625,4115
2023-08-01 09:40:11,5,8,2625,4115
2023-08-01 09:40:11,5,7,2625,4115
2023-08-01 09:40:16,5,8,2625,4115
2023-08-01 09:40:16,5,7,2625,4115
2023-08-01 09:40:25,4,7,2625,4115
2023-08-01 09:40:25,4,6,2625,4115
2023-08-01 09:40:33,5,6,2625,4115
2023-08-01 09:40:38,5,7,2625,4115
2023-08-01 09:40:47,5,6,2625,4115
2023-08-01 09:40:50,4,6,2625,4115
2023-08-01 09:40:53,5,6,2625,4115
2023-08-01 09:40:54,4,6,2625,4215
2023-08-01 09:40:56,5,6,2625,4215
2023-08-01 09:41:00,4,6,2625,4215
2023-08-01 09:41:01,5,6,2625,4215
2023-08-01 09:41:15,5,7,2625,4215
2023-08-01 09:41:36,4,7,2625,4215
2023-08-01 09:41:41,5,7,2625,4215
2023-08-01 09:41:48,5,6,2625,4215
2023-08-01 09:41:50,5,6,2225,4615
2023-08-01 09:42:09,5,7,2125,4715
2023-08-01 09:42:18,5,8,2125,4715
2023-08-01 09:42:35,5,7,2125,4715
2023-08-01 09:42:38,4,7,2125,4715
2023-08-01 09:42:48,5,7,2125,4715
2023-08-01 09:43:58,5,8,2125,4715
2023-08-01 09:44:14,5,8,2125,4720
2023-08-01 09:44:26,5,7,2125,4720
2023-08-01 09:44:33,5,8,2125,4720
2023-08-01 09:44:57,6,8,2125,4720
2023-08-01 09:45:20,6,7,2125,4720
2023-08-01 09:45:22,6,8,2125,4720
2023-08-01 09:45:23,6,7,2125,4720
2023-08-01 09:45:30,6,8,2125,4720
2023-08-01 09:45:38,6,7,2125,4720
2023-08-01 09:45:52,6,8,2125,4720
2023-08-01 09:46:10,6,7,2125,4720
2023-08-01 09:46:12,6,8,2125,4720
2023-08-01 09:46:24,6,7,2125,4720
2023-08-01 09:46:31,6,8,2125,4720
2023-08-01 09:46:34,6,9,2125,4720
2023-08-01 09:46:39,6,8,2125,4720
2023-08-01 09:46:57,6,9,2125,4720
2023-08-01 09:47:06,6,8,2125,4720
2023-08-01 09:47:11,7,8,2125,4720
2023-08-01 09:47:11,7,8,2225,4820
2023-08-01 09:47:13,5,8,2415,5010
2023-08-01 09:48:07,5,7,2415,5010
2023-08-01 09:48:18,5,8,2415,5010
2023-08-01 09:48:53,5,7,2415,5010
2023-08-01 09:49:31,5,8,2415,5010
2023-08-01 09:49:51,5,8,2415,5025
2023-08-01 09:49:54,5,7,2415,5025
2023-08-01 09:50:53,5,6,2415,5025
2023-08-01 09:51:01,5,7,2415,5075
2023-08-01 09:51:18,5,8,2415,5075
2023-08-01 09:52:13,5,7,2415,5075
2023-08-01 09:52:17,5,8,2415,5075
2023-08-01 09:52:17,5,7,2415,5075
2023-08-01 09:53:39,5,8,2415,5075
2023-08-01 09:53:39,5,7,2415,5075
2023-08-01 09:53:53,5,8,2415,5075
2023-08-01 09:53:53,5,7,2415,5075
2023-08-01 09:54:02,5,8,2415,5075
2023-08-01 09:54:02,5,7,2415,5075
2023-08-01 09:54:09,6,7,2415,5075
2023-08-01 09:54:26,5,7,2415,5075
2023-08-01 09:54:35,5,8,2415,5075
2023-08-01 09:54:35,5,7,2415,5075
2023-08-01 09:54:51,5,6,2415,5075
2023-08-01 09:55:04,5,7,2415,5075
2023-08-01 09:55:04,5,6,2415,5075
2023-08-01 09:55:20,5,7,2415,5075
2023-08-01 09:55:20,5,6,2415,5075
2023-08-01 09:56:21,5,7,2415,5075
2023-08-01 09:56:21,5,6,2415,5075
2023-08-01 09:57:09,5,7,2415,5075
2023-08-01 09:57:09,5,6,2415,5075
2023-08-01 09:57:34,5,6,2815,5475
2023-08-01 09:57:35,4,6,2895,5555
2023-08-01 09:57:38,5,6,2895,5555
2023-08-01 09:57:39,4,6,2895,5555
2023-08-01 09:57:40,5,6,2895,5555
2023-08-01 09:57:43,4,6,2895,5555
2023-08-01 09:57:45,4,7,2895,5555
2023-08-01 09:57:45,4,6,2895,5555
2023-08-01 09:57:49,5,6,2895,5555
2023-08-01 09:58:01,4,6,2895,5555
2023-08-01 09:58:02,5,6,2895,5555
2023-08-01 09:58:12,4,6,2895,5555
2023-08-01 09:58:20,4,7,2895,5555
2023-08-01 09:58:20,4,6,2895,5555
2023-08-01 09:58:32,4,5,2895,5555
2023-08-01 09:58:49,4,6,2895,5555
2023-08-01 09:59:43,5,6,2895,5555
2023-08-01 09:59:50,4,6,2895,5555
2023-08-01 09:59:51,5,6,2895,5555
2023-08-01 09:59:53,4,6,2895,5555
2023-08-01 09:59:59,5,6,2895,5555
2023-08-01 09:59:59,5,7,2895,5555
2023-08-01 09:59:59,5,6,2895,5555
2023-08-01 10:00:00,5,6,2895,5605
2023-08-01 10:00:03,4,6,2895,5605
2023-08-01 10:00:07,4,7,2895,5605
2023-08-01 10:00:08,4,6,2895,5605
2023-08-01 10:00:10,5,6,2895,5605
2023-08-01 10:00:10,5,7,2895,5605
2023-08-01 10:00:10,5,6,2895,5605
2023-08-01 10:00:12,5,7,2895,5605
2023-08-01 10:00:12,5,6,2895,5605
2023-08-01 10:00:13,4,6,2895,5605
2023-08-01 10:00:13,4,7,2895,5605
2023-08-01 10:00:13,4,6,2895,5605
2023-08-01 10:00:14,4,7,2895,5605
2023-08-01 10:00:15,4,6,2895,5605
2023-08-01 10:00:16,4,5,2895,5605
2023-08-01 10:00:18,3,5,3145,5855
2023-08-01 10:00:19,3,4,3145,5855
2023-08-01 10:00:32,3,5,3145,5855
2023-08-01 10:00:35,3,5,3545,6255
2023-08-01 10:00:36,2,5,3645,6355
2023-08-01 10:00:51,2,4,3645,6355
2023-08-01 10:00:54,2,5,3645,6355
2023-08-01 10:00:54,2,4,3645,6355
2023-08-01 10:00:55,3,4,3645,6355
2023-08-01 10:00:56,3,5,3645,6355
2023-08-01 10:00:56,3,4,3645,6355
2023-08-01 10:01:10,2,4,3645,6355
2023-08-01 10:01:11,3,4,3645,6355
2023-08-01 10:01:14,2,4,3645,6355
2023-08-01 10:01:15,2,5,3645,6355
2023-08-01 10:01:15,2,4,3645,6355
2023-08-01 10:01:18,2,5,3645,6355
2023-08-01 10:01:18,2,4,3645,6355
2023-08-01 10:01:24,2,5,3645,6355
2023-08-01 10:01:25,3,5,3645,6355
2023-08-01 10:01:26,3,6,3645,6355
2023-08-01 10:01:26,3,5,3645,6355
2023-08-01 10:01:29,4,5,3645,6355
2023-08-01 10:01:35,3,5,3645,6355
2023-08-01 10:01:39,2,5,3645,6355
2023-08-01 10:01:41,2,6,3645,6355
2023-08-01 10:01:41,2,5,3645,6355
2023-08-01 10:01:41,2,4,3645,6355
2023-08-01 10:01:42,2,5,3645,6355
2023-08-01 10:01:42,2,4,3645,6355
2023-08-01 10:01:43,3,4,3645,6355
2023-08-01 10:01:44,2,4,3645,6355
2023-08-01 10:01:45,3,4,3645,6355
2023-08-01 10:01:46,3,5,3645,6355
2023-08-01 10:01:53,2,5,3645,6355
2023-08-01 10:01:54,3,5,3645,6355
2023-08-01 10:01:54,3,5,3799,6509
2023-08-01 10:01:54,3,4,3799,6509
2023-08-01 10:02:01,3,5,3799,6509
2023-08-01 10:02:49,3,4,3799,6509
2023-08-01 10:02:53,3,6,3799,6509
2023-08-01 10:02:53,3,5,3799,6509
2023-08-01 10:02:53,3,4,3799,6509
2023-08-01 10:02:56,3,5,3799,6909
2023-08-01 10:02:56,4,5,3799,6909
2023-08-01 10:02:56,4,6,3799,6909
2023-08-01 10:02:56,4,6,3799,6959
2023-08-01 10:02:56,4,5,3799,6959
2023-08-01 10:03:00,4,6,3799,6959
2023-08-01 10:03:00,4,5,3799,6959
2023-08-01 10:03:17,4,6,3799,6959
2023-08-01 10:03:17,4,5,3799,6959
2023-08-01 10:03:26,4,6,3799,6959
2023-08-01 10:03:26,4,5,3799,6959
2023-08-01 10:03:28,4,6,3799,6959
2023-08-01 10:03:28,4,5,3799,6959
2023-08-01 10:03:34,4,6,3799,6959
2023-08-01 10:03:34,4,5,3799,6959
2023-08-01 10:03:45,4,6,3799,6959
2023-08-01 10:03:45,4,5,3799,6959
2023-08-01 10:03:45,3,4,3799,7063
2023-08-01 10:03:47,3,6,3799,7063
2023-08-01 10:03:47,3,5,3799,7063
2023-08-01 10:03:47,3,4,3799,7063
2023-08-01 10:03:48,2,4,3799,7063
2023-08-01 10:03:53,3,4,3799,7063
2023-08-01 10:03:53,3,5,3799,7063
2023-08-01 10:03:56,2,5,3799,7063
2023-08-01 10:03:59,3,5,3799,7063
2023-08-01 10:04:03,2,5,3799,7063
2023-08-01 10:04:46,4,5,3799,7063
2023-08-01 10:04:47,2,5,3859,7123
2023-08-01 10:06:18,2,4,3859,7123
2023-08-01 10:06:20,3,4,3859,7123
2023-08-01 10:06:24,3,4,3859,7523
2023-08-01 10:06:27,2,4,3859,7523
2023-08-01 10:06:29,3,4,3859,7523
2023-08-01 10:06:31,3,4,3859,7611
2023-08-01 10:06:34,2,4,3859,7611
2023-08-01 10:06:35,3,4,3859,7611
2023-08-01 10:06:37,3,5,3859,7611
2023-08-01 10:06:37,3,4,3859,7611
2023-08-01 10:06:41,3,5,3859,7611
2023-08-01 10:06:41,3,4,3859,7611
2023-08-01 10:06:48,3,5,3859,7611
2023-08-01 10:06:48,3,4,3859,7611
2023-08-01 10:06:59,3,5,3859,7611
2023-08-01 10:07:00,3,6,3859,7611
2023-08-01 10:07:00,3,5,3859,7611
2023-08-01 10:07:06,3,6,3859,7611
2023-08-01 10:07:10,4,6,3859,7611
2023-08-01 10:07:15,3,6,3859,7611
2023-08-01 10:07:15,3,5,3859,7611
2023-08-01 10:07:18,3,6,3859,7611
2023-08-01 10:07:18,3,5,3859,7611
2023-08-01 10:07:23,2,5,3859,7611
2023-08-01 10:07:24,3,5,3859,7611
2023-08-01 10:07:24,3,6,3859,7611
2023-08-01 10:07:24,3,5,3859,7611
2023-08-01 10:07:30,4,5,3859,7611
2023-08-01 10:07:31,4,6,3859,7611
2023-08-01 10:07:31,4,5,3859,7611
2023-08-01 10:07:38,4,6,3859,7611
2023-08-01 10:07:45,4,5,3859,7611
2023-08-01 10:07:55,4,6,3859,7611
2023-08-01 10:08:01,4,5,3859,7611
2023-08-01 10:08:11,4,6,3859,7611
2023-08-01 10:08:23,4,5,3859,7611
2023-08-01 10:08:30,4,6,3859,7611
2023-08-01 10:08:30,4,5,3859,7611
2023-08-01 10:08:35,4,6,3859,7611
2023-08-01 10:08:41,5,6,3859,7611
2023-08-01 10:08:42,5,6,3859,8011
2023-08-01 10:08:44,4,6,3859,8111
2023-08-01 10:08:49,4,5,3859,8111
2023-08-01 10:08:50,4,6,3859,8111
2023-08-01 10:08:50,4,5,3859,8111
2023-08-01 10:10:50,4,5,3459,8511
2023-08-01 10:10:51,4,6,3359,8611
2023-08-01 10:11:06,4,7,3359,8611
2023-08-01 10:11:06,4,6,3359,8611
2023-08-01 10:11:12,5,6,3359,8611
2023-08-01 10:11:13,5,6,3364,8616
2023-08-01 10:11:15,4,6,3364,8616
2023-08-01 10:11:23,4,7,3364,8616
2023-08-01 10:11:23,4,6,3364,8616
2023-08-01 10:11:26,4,7,3364,8616
2023-08-01 10:11:28,5,7,3364,8616
2023-08-01 10:11:39,4,7,3364,8616
2023-08-01 10:11:48,5,7,3364,8616
2023-08-01 10:11:51,5,6,3364,8616
2023-08-01 10:11:54,4,6,3364,8616
2023-08-01 10:12:15,4,7,3364,8616
2023-08-01 10:12:30,4,6,3364,8616
2023-08-01 10:12:39,4,7,3364,8616
2023-08-01 10:13:01,5,7,3364,8616
2023-08-01 10:13:01,5,8,3364,8616
2023-08-01 10:13:44,6,8,3364,8616
2023-08-01 10:14:18,6,8,3364,9016
2023-08-01 10:14:19,6,8,3714,9366
2023-08-01 10:14:19,7,8,3714,9366
2023-08-01 10:14:19,7,8,3714,9766
2023-08-01 10:14:20,7,8,3714,10166
2023-08-01 10:14:20,7,8,3714,10366
2023-08-01 10:14:21,7,10,3964,10616
2023-08-01 10:14:21,8,10,3964,10616
2023-08-01 10:14:45,7,10,3964,10616
2023-08-01 10:14:45,8,10,3964,10616
2023-08-01 10:14:53,8,10,3850,10730
2023-08-01 10:15:01,9,10,3850,10730
2023-08-01 10:15:06,9,12,3865,10745
2023-08-01 10:15:08,10,12,3865,10745
2023-08-01 10:15:12,10,13,3865,10745
2023-08-01 10:15:18,10,12,3865,10745
2023-08-01 10:15:30,10,13,3865,10745
2023-08-01 10:15:32,11,13,3865,10745
2023-08-01 10:15:36,11,14,4165,11045
2023-08-01 10:15:37,11,13,4165,11045
2023-08-01 10:15:42,10,13,4165,11045
2023-08-01 10:15:42,10,12,4165,11045
2023-08-01 10:15:56,11,12,4165,11045
2023-08-01 10:15:57,10,12,4165,11345
2023-08-01 10:16:01,9,12,4165,11345
2023-08-01 10:16:03,10,12,4165,11345
2023-08-01 10:16:17,9,12,4165,11345
2023-08-01 10:16:19,10,12,4165,11345
2023-08-01 10:16:21,10,13,4165,11345
2023-08-01 10:16:43,11,13,4165,11345
2023-08-01 10:16:59,11,14,4165,11345
2023-08-01 10:16:59,11,13,4165,11345
2023-08-01 10:17:18,11,12,4165,11345
2023-08-01 10:17:21,11,12,4565,11745
2023-08-01 10:17:25,9,11,4665,11845
2023-08-01 10:17:27,9,10,4665,11845
2023-08-01 10:17:30,8,10,4965,12145
2023-08-01 10:18:34,8,11,4965,12145
2023-08-01 10:18:35,9,11,4965,12145
2023-08-01 10:18:39,9,12,4965,12145
2023-08-01 10:18:48,10,12,4965,12145
2023-08-01 10:18:57,10,14,4965,12145
2023-08-01 10:18:57,11,15,4965,12145
2023-08-01 10:18:58,11,14,4965,12145
2023-08-01 10:18:59,12,14,4965,12145
2023-08-01 10:19:03,12,15,4965,12145
2023-08-01 10:19:06,12,14,4965,12145
2023-08-01 10:19:08,11,14,4965,12145
2023-08-01 10:19:09,12,14,4965,12145
2023-08-01 10:19:13,12,15,4965,12145
2023-08-01 10:19:17,13,15,4965,12145
2023-08-01 10:19:19,12,15,4965,12145
2023-08-01 10:19:42,12,16,4965,12145
2023-08-01 10:19:42,12,14,4965,12145
2023-08-01 10:19:46,11,14,4965,12145
2023-08-01 10:19:49,11,13,4965,12145
2023-08-01 10:19:50,11,12,4965,12145
2023-08-01 10:19:51,10,12,4965,12145
2023-08-01 10:19:52,10,13,5065,12245
2023-08-01 10:19:54,10,12,5065,12245
2023-08-01 10:19:55,10,13,5165,12345
2023-08-01 10:20:03,11,13,5165,12345
2023-08-01 10:20:05,11,14,5165,12345
2023-08-01 10:20:09,11,13,5165,12345
2023-08-01 10:20:11,11,14,5165,12345
2023-08-01 10:20:13,11,14,5265,12518
2023-08-01 10:20:16,12,14,5265,12518
2023-08-01 10:20:17,12,16,5265,12745
2023-08-01 10:20:19,12,15,5265,12745
2023-08-01 10:20:20,12,14,5265,12745
2023-08-01 10:20:28,11,14,5265,12745
2023-08-01 10:20:39,10,14,5265,12745
2023-08-01 10:20:43,11,14,5265,12745
2023-08-01 10:20:50,12,14,5265,12745
2023-08-01 10:21:03,12,14,5265,12755
2023-08-01 10:21:20,12,16,5265,12780
2023-08-01 10:21:26,12,15,5265,12780
2023-08-01 10:21:27,12,16,5265,12780
2023-08-01 10:21:38,12,15,5265,12780
2023-08-01 10:22:05,11,15,5265,12970
2023-08-01 10:22:06,11,14,5265,12970
2023-08-01 10:22:16,11,15,5265,12970
2023-08-01 10:22:26,11,14,5265,12970
2023-08-01 10:22:35,10,14,5265,12970
2023-08-01 10:22:41,10,13,5265,12970
2023-08-01 10:22:49,11,13,5265,12970
2023-08-01 10:22:49,11,14,5265,12970
2023-08-01 10:24:01,12,14,5265,12970
2023-08-01 10:24:05,12,15,5265,12970
2023-08-01 10:24:06,11,15,5565,13270
2023-08-01 10:24:06,11,14,5565,13270
2023-08-01 10:24:06,12,14,5565,13270
2023-08-01 10:24:33,11,14,5865,13570
2023-08-01 10:24:48,11,15,5865,13570
2023-08-01 10:24:48,11,13,5865,13570
2023-08-01 10:24:55,10,13,5865,13570
2023-08-01 10:25:12,10,14,5865,13570
2023-08-01 10:25:12,10,12,5865,13570
2023-08-01 10:25:17,10,14,5865,13570
2023-08-01 10:25:17,10,13,5865,13570
2023-08-01 10:25:27,10,14,5865,13570
2023-08-01 10:25:27,10,12,5865,13570
2023-08-01 10:25:29,10,14,5865,13570
2023-08-01 10:25:29,10,13,5865,13570
2023-08-01 10:26:00,10,15,5865,13570
2023-08-01 10:26:00,10,14,5865,13570
2023-08-01 10:26:07,10,15,5865,13570
2023-08-01 10:26:07,10,13,5865,13570
2023-08-01 10:26:21,9,13,5865,13570
2023-08-01 10:26:27,10,13,5865,13570
2023-08-01 10:26:48,9,13,5865,13570
2023-08-01 10:26:52,9,14,5865,13570
2023-08-01 10:26:52,9,12,5865,13570
2023-08-01 10:27:00,9,14,5865,13570
2023-08-01 10:27:00,9,13,5865,13570
2023-08-01 10:27:01,10,13,5865,13570
2023-08-01 10:27:10,10,15,5865,13570
2023-08-01 10:27:10,10,14,5865,13570
2023-08-01 10:27:44,10,13,5865,13570
2023-08-01 10:27:49,9,13,5865,13570
2023-08-01 10:27:55,9,14,5865,13570
2023-08-01 10:27:55,9,12,5865,13570
2023-08-01 10:28:06,9,13,5865,13570
2023-08-01 10:28:06,9,11,5865,13570
2023-08-01 10:28:07,8,11,5865,13570
2023-08-01 10:28:08,7,11,5865,13570
2023-08-01 10:28:11,8,11,5865,13570
2023-08-01 10:28:17,8,13,5865,13570
2023-08-01 10:28:17,8,12,5865,13570
2023-08-01 10:28:23,9,12,5865,13570
2023-08-01 10:28:36,9,14,5865,13570
2023-08-01 10:28:36,9,13,5865,13570
2023-08-01 10:28:41,9,14,5865,13570
2023-08-01 10:28:41,9,12,5865,13570
2023-08-01 10:28:52,8,12,5865,13570
2023-08-01 10:29:26,8,13,5865,13570
2023-08-01 10:29:26,8,11,5865,13570
2023-08-01 10:29:35,7,11,5865,13570
2023-08-01 10:30:05,8,11,5865,13570
2023-08-01 10:30:08,7,11,5865,13570
2023-08-01 10:30:12,8,11,5865,13570
2023-08-01 10:30:18,8,13,5865,13570
2023-08-01 10:30:18,8,12,5865,13570
2023-08-01 10:30:36,8,13,5865,13570
2023-08-01 10:30:36,8,11,5865,13570
2023-08-01 10:30:40,7,11,5865,13570
2023-08-01 10:30:54,7,12,5865,13570
2023-08-01 10:30:54,7,10,5865,13570
2023-08-01 10:30:57,6,10,5865,13570
2023-08-01 10:31:02,7,10,5865,13570
2023-08-01 10:31:09,6,10,5865,13570
2023-08-01 10:31:11,7,10,5865,13570
2023-08-01 10:31:26,7,11,5865,13570
2023-08-01 10:31:26,7,10,5865,13570
2023-08-01 10:31:26,7,9,5865,13570
2023-08-01 10:31:27,6,9,5865,13570
2023-08-01 10:31:56,6,10,5865,13570
2023-08-01 10:31:56,6,8,5865,13570
2023-08-01 10:32:33,5,8,5865,13570
2023-08-01 10:32:53,4,8,5865,13570
2023-08-01 10:32:54,4,9,5865,13570
2023-08-01 10:32:54,4,7,5865,13570
2023-08-01 10:33:02,4,9,5865,13570
2023-08-01 10:33:02,4,8,5865,13570
2023-08-01 10:33:18,5,8,5865,13570
2023-08-01 10:33:21,4,8,5865,13570
2023-08-01 10:33:39,4,9,5865,13570
2023-08-01 10:33:39,4,7,5865,13570
2023-08-01 10:33:42,4,9,5865,14170
2023-08-01 10:33:42,4,8,5865,14170
2023-08-01 10:33:58,4,9,5865,14170
2023-08-01 10:33:58,4,8,5865,14170
2023-08-01 10:34:12,5,8,5865,14170
2023-08-01 10:34:12,5,9,5865,14170
2023-08-01 10:34:49,6,9,5865,14170
2023-08-01 10:34:49,6,10,5865,14170
2023-08-01 10:35:02,7,10,5865,14170
2023-08-01 10:35:09,6,10,5865,14170
2023-08-01 10:35:12,6,9,5865,14170
2023-08-01 10:35:35,6,9,5865,14343
2023-08-01 10:35:35,6,8,5865,14343
2023-08-01 10:36:02,6,9,5865,14343
2023-08-01 10:36:02,5,9,5865,14343
2023-08-01 10:36:02,5,7,5865,14343
2023-08-01 10:36:12,4,7,5865,14343
2023-08-01 10:36:13,4,8,5865,14343
2023-08-01 10:36:13,4,6,5865,14343
2023-08-01 10:36:28,4,8,5692,14516
2023-08-01 10:37:08,4,7,5692,14516
2023-08-01 10:37:12,4,8,5692,14516
2023-08-01 10:37:58,4,7,5692,14516
2023-08-01 10:38:01,4,8,5692,14516
2023-08-01 10:38:34,5,8,5692,14516
2023-08-01 10:39:02,5,9,5692,14516
2023-08-01 10:39:13,5,8,5692,14516
2023-08-01 10:39:28,5,9,5692,14516
2023-08-01 10:39:38,5,8,5692,14516
2023-08-01 10:40:03,4,8,5692,14516
2023-08-01 10:40:34,5,8,5692,14516
2023-08-01 10:40:53,5,9,5692,14516
2023-08-01 10:40:59,5,8,5692,14516
2023-08-01 10:40:59,5,7,5692,14516
2023-08-01 10:40:59,5,8,5692,14516
2023-08-01 10:41:05,5,7,5692,14516
2023-08-01 10:41:07,5,8,5692,14516
2023-08-01 10:41:08,5,7,5692,14516
2023-08-01 10:41:15,5,8,5692,14696
2023-08-01 10:41:32,5,7,5692,14696
2023-08-01 10:41:46,4,7,5692,14696
2023-08-01 10:41:52,4,6,5692,14696
2023-08-01 10:42:11,4,6,5692,15096
2023-08-01 10:42:26,3,4,5692,15196
2023-08-01 10:42:37,3,6,5692,15496
2023-08-01 10:42:38,4,6,5692,15496
2023-08-01 10:42:40,3,6,5692,15496
2023-08-01 10:42:41,4,6,5692,15496
2023-08-01 10:42:51,4,7,5692,15496
2023-08-01 10:42:56,4,6,5692,15496
2023-08-01 10:42:56,4,7,5692,15496
2023-08-01 10:43:03,4,6,5692,15496
2023-08-01 10:43:03,4,7,5692,15496
2023-08-01 10:44:11,4,8,5692,15496
2023-08-01 10:44:11,5,8,5692,15496
2023-08-01 10:44:42,5,8,5716,15520
2023-08-01 10:44:45,6,8,5716,15520
2023-08-01 10:44:50,5,8,5716,15520
2023-08-01 10:46:24,5,7,5716,15520
2023-08-01 10:46:24,5,8,5716,15520
2023-08-01 10:47:15,4,8,5716,15520
2023-08-01 10:47:17,5,8,5716,15520
2023-08-01 10:48:14,4,8,5716,15520
2023-08-01 10:48:35,5,8,5716,15520
2023-08-01 10:49:07,4,8,5716,15520
2023-08-01 10:49:12,4,7,5716,15520
2023-08-01 10:49:13,4,6,5716,15520
2023-08-01 10:49:24,4,7,5716,15520
2023-08-01 10:49:24,4,6,5716,15520
2023-08-01 10:49:28,4,7,5716,15520
2023-08-01 10:49:28,4,6,5716,15520
2023-08-01 10:49:35,3,6,5716,15520
2023-08-01 10:49:42,4,6,5716,15520
2023-08-01 10:49:43,3,6,5716,15520
2023-08-01 10:49:46,3,5,5716,15520
2023-08-01 10:49:52,3,6,5716,15520
2023-08-01 10:49:52,3,5,5716,15520
2023-08-01 10:50:17,3,6,5716,15520
2023-08-01 10:50:17,3,5,5716,15520
2023-08-01 10:50:24,3,6,5716,15520
2023-08-01 10:50:24,3,5,5716,15520
2023-08-01 10:50:26,3,6,5716,15520
2023-08-01 10:50:26,3,5,5716,15520
2023-08-01 10:52:04,3,6,5716,15520
2023-08-01 10:52:23,3,5,5716,15520
2023-08-01 10:52:29,3,6,5716,15520
2023-08-01 10:52:29,3,5,5716,15520
2023-08-01 10:52:35,3,6,5716,15520
2023-08-01 10:52:35,3,5,5716,15520
2023-08-01 10:52:50,4,5,5716,15520
2023-08-01 10:52:52,4,6,5716,15520
2023-08-01 10:53:01,4,5,5716,15520
2023-08-01 10:53:06,4,6,5716,15520
2023-08-01 10:53:06,4,5,5716,15520
2023-08-01 10:53:12,3,5,5796,15600
2023-08-01 10:53:16,3,6,5796,15600
2023-08-01 10:53:19,3,5,5796,15600
2023-08-01 10:53:55,3,5,6196,16000
2023-08-01 10:54:08,2,5,6296,16100
2023-08-01 10:54:37,2,6,6296,16100
2023-08-01 10:54:37,2,5,6296,16100
2023-08-01 10:54:54,3,5,6296,16100
2023-08-01 10:54:56,2,5,6296,16100
2023-08-01 10:55:13,3,5,6296,16100
2023-08-01 10:55:22,2,5,6296,16100
2023-08-01 10:56:11,3,5,6296,16100
2023-08-01 10:56:32,2,5,6296,16100
2023-08-01 10:56:40,3,5,6296,16100
2023-08-01 10:56:51,2,5,6296,16100
2023-08-01 10:57:09,3,5,6296,16100
2023-08-01 10:57:12,2,5,6296,16100
2023-08-01 10:57:14,3,5,6296,16100
2023-08-01 10:57:27,2,5,6296,16100
2023-08-01 10:57:31,3,5,6296,16100
2023-08-01 10:57:35,2,5,6296,16100
2023-08-01 10:57:42,3,5,6296,16100
2023-08-01 10:57:56,2,5,6296,16100
2023-08-01 10:58:21,3,5,6296,16100
2023-08-01 10:58:26,4,5,6296,16100
2023-08-01 10:58:26,4,6,6296,16100
2023-08-01 10:58:27,3,6,6296,16100
2023-08-01 10:58:32,4,6,6296,16100
2023-08-01 10:59:03,3,6,6296,16100
2023-08-01 10:59:12,4,6,6296,16100
2023-08-01 10:59:14,3,6,6296,16100
2023-08-01 10:59:16,4,6,6296,16100
2023-08-01 10:59:18,4,7,6296,16100
2023-08-01 10:59:31,4,6,6296,16100
2023-08-01 11:00:02,4,5,6296,16100
2023-08-01 11:00:10,4,6,6296,16100
2023-08-01 11:00:23,4,5,6296,16100
2023-08-01 11:00:26,4,6,6296,16100
2023-08-01 11:01:03,4,5,6296,16100
2023-08-01 11:01:24,4,6,6296,16100
2023-08-01 11:01:43,4,5,6296,16100
2023-08-01 11:01:47,4,6,6296,16100
2023-08-01 11:01:47,4,5,6296,16100
2023-08-01 11:02:28,4,6,6296,16100
2023-08-01 11:02:28,4,5,6296,16100
2023-08-01 11:02:34,4,6,6296,16100
2023-08-01 11:02:46,4,7,6296,16100
2023-08-01 11:02:46,4,6,6296,16100
2023-08-01 11:02:48,4,7,6296,16100
2023-08-01 11:02:48,4,6,6296,16100
2023-08-01 11:03:00,4,7,6296,16100
2023-08-01 11:03:11,4,6,6296,16100
2023-08-01 11:03:20,4,7,6296,16100
2023-08-01 11:03:52,5,7,6296,16100
2023-08-01 11:04:02,5,8,6296,16100
2023-08-01 11:04:06,5,7,6296,16100
2023-08-01 11:04:29,5,8,6296,16100
2023-08-01 11:04:29,5,7,6296,16100
2023-08-01 11:04:57,5,8,6296,16100
2023-08-01 11:04:57,5,7,6296,16100
2023-08-01 11:05:03,5,8,6296,16100
2023-08-01 11:05:03,5,7,6296,16100
2023-08-01 11:05:17,4,7,6296,16100
2023-08-01 11:05:26,5,7,6296,16100
2023-08-01 11:05:50,4,7,6296,16100
2023-08-01 11:05:56,5,7,6296,16100
2023-08-01 11:06:01,4,7,6296,16100
2023-08-01 11:06:17,4,6,6296,16100
2023-08-01 11:06:33,4,7,6296,16100
2023-08-01 11:06:33,4,6,6296,16100
2023-08-01 11:06:40,4,7,6296,16100
2023-08-01 11:06:40,4,6,6296,16100
2023-08-01 11:07:02,4,7,6296,16100
2023-08-01 11:07:02,4,6,6296,16100
2023-08-01 11:07:14,4,7,6296,16100
2023-08-01 11:07:14,4,6,6296,16100
2023-08-01 11:07:23,4,7,6296,16100
2023-08-01 11:07:23,4,6,6296,16100
2023-08-01 11:07:34,5,6,6296,16100
2023-08-01 11:07:34,5,7,6296,16100
2023-08-01 11:07:46,5,8,6296,16100
2023-08-01 11:07:46,5,7,6296,16100
2023-08-01 11:07:53,5,8,6296,16100
2023-08-01 11:07:53,5,7,6296,16100
2023-08-01 11:08:26,5,8,6296,16100
2023-08-01 11:08:26,5,7,6296,16100
2023-08-01 11:08:40,5,8,6296,16100
2023-08-01 11:09:03,5,7,6296,16100
2023-08-01 11:09:11,5,8,6296,16100
2023-08-01 11:09:11,5,7,6296,16100
2023-08-01 11:09:25,5,6,6296,16100
2023-08-01 11:09:38,5,7,6296,16100
2023-08-01 11:09:38,5,6,6296,16100
2023-08-01 11:10:00,5,7,6296,16100
2023-08-01 11:10:00,5,6,6296,16100
2023-08-01 11:10:04,4,6,6296,16100
2023-08-01 11:10:10,4,7,6296,16100
2023-08-01 11:10:10,4,6,6296,16100
2023-08-01 11:10:22,4,7,6296,16100
2023-08-01 11:10:22,4,6,6296,16100
2023-08-01 11:10:24,4,7,6296,16100
2023-08-01 11:10:24,4,6,6296,16100
2023-08-01 11:10:42,4,7,6296,16100
2023-08-01 11:10:42,4,6,6296,16100
2023-08-01 11:11:00,4,7,6296,16100
2023-08-01 11:11:00,4,6,6296,16100
2023-08-01 11:11:07,4,7,6296,16100
2023-08-01 11:11:07,4,6,6296,16100
2023-08-01 11:11:33,3,6,6472,16300
2023-08-01 11:12:17,4,6,6472,16300
2023-08-01 11:12:23,4,7,6472,16300
2023-08-01 11:12:23,4,6,6472,16300
2023-08-01 11:12:38,3,6,6472,16300
2023-08-01 11:12:38,3,7,6472,16300
2023-08-01 11:12:38,3,6,6472,16300
2023-08-01 11:13:03,3,5,6472,16300
2023-08-01 11:13:04,3,6,6472,16300
2023-08-01 11:14:05,3,7,6472,16300
2023-08-01 11:14:06,4,7,6472,16300
2023-08-01 11:14:07,4,6,6472,16300
2023-08-01 11:14:08,4,7,6472,16300
2023-08-01 11:14:21,4,6,6472,16300
2023-08-01 11:14:21,4,7,6472,16300
2023-08-01 11:14:24,4,6,6472,16300
2023-08-01 11:14:24,4,7,6472,16300
2023-08-01 11:14:45,4,8,6472,16300
2023-08-01 11:15:01,5,8,6472,16300
2023-08-01 11:15:44,5,7,6472,16300
2023-08-01 11:15:53,4,7,6472,16300
2023-08-01 11:15:56,4,6,6472,16300
2023-08-01 11:16:08,4,7,6472,16300
2023-08-01 11:16:17,4,8,6472,16300
2023-08-01 11:16:17,4,7,6472,16300
2023-08-01 11:16:21,5,7,6472,16300
2023-08-01 11:16:21,5,8,6472,16300
2023-08-01 11:16:21,5,7,6472,16300
2023-08-01 11:16:32,5,8,6522,16350
2023-08-01 11:17:07,6,8,6522,16350
2023-08-01 11:17:12,5,8,6522,16350
2023-08-01 11:17:30,5,7,6522,16350
2023-08-01 11:17:37,5,8,6522,16350
2023-08-01 11:17:37,5,7,6522,16350
2023-08-01 11:17:49,5,8,6522,16350
2023-08-01 11:18:05,6,8,6522,16350
2023-08-01 11:18:14,6,9,7146,17150
2023-08-01 11:18:15,7,9,7146,17150
2023-08-01 11:18:15,7,8,7146,17150
2023-08-01 11:18:29,7,10,7146,17150
2023-08-01 11:18:29,7,9,7146,17150
2023-08-01 11:18:39,8,9,7146,17150
2023-08-01 11:18:55,8,9,7146,17300
2023-08-01 11:18:56,7,9,7146,17300
2023-08-01 11:19:09,7,8,7146,17300
2023-08-01 11:19:37,6,8,7272,17500
2023-08-01 11:19:51,5,8,7572,17800
2023-08-01 11:19:53,5,7,7572,17800
2023-08-01 11:20:19,6,7,7572,17800
2023-08-01 11:20:19,6,8,7572,17800
2023-08-01 11:20:45,6,10,7272,18100
2023-08-01 11:20:47,6,9,7272,18100
2023-08-01 11:21:02,7,9,7272,18100
2023-08-01 11:21:06,7,10,7272,18100
2023-08-01 11:21:34,7,9,7272,18100
2023-08-01 11:21:34,6,9,7272,18100
2023-08-01 11:22:19,6,10,7272,18100
2023-08-01 11:22:20,7,10,7272,18100
2023-08-01 11:22:28,7,9,7272,18100
2023-08-01 11:22:31,6,9,7272,18100
2023-08-01 11:22:40,6,8,7272,18100
2023-08-01 11:22:48,6,9,7272,18100
2023-08-01 11:22:49,6,8,7272,18100
2023-08-01 11:22:55,6,9,7272,18100
2023-08-01 11:22:56,6,8,7272,18100
2023-08-01 11:22:59,6,9,7272,18100
2023-08-01 11:23:03,6,8,7272,18100
2023-08-01 11:23:23,6,9,7272,18100
2023-08-01 11:24:09,6,8,7272,18100
2023-08-01 11:24:12,6,9,7272,18100
2023-08-01 11:24:44,6,8,7272,18100
2023-08-01 11:24:47,6,9,7272,18100
2023-08-01 11:24:48,6,8,7272,18100
2023-08-01 11:24:57,6,9,7272,18100
2023-08-01 11:24:59,6,8,7272,18100
2023-08-01 11:25:01,6,9,7272,18100
2023-08-01 11:25:09,6,8,7272,18100
2023-08-01 11:25:12,6,9,7272,18100
2023-08-01 11:25:13,6,8,7272,18100
2023-08-01 11:25:16,6,9,7272,18100
2023-08-01 11:25:29,6,8,7272,18100
2023-08-01 11:25:42,6,9,7272,18100
2023-08-01 11:25:48,6,8,7272,18100
2023-08-01 11:25:53,6,9,7272,18100
2023-08-01 11:25:54,6,8,7272,18100
2023-08-01 11:26:16,5,8,7272,18100
2023-08-01 11:26:47,5,8,7672,18500
2023-08-01 11:26:47,5,7,7672,18500
2023-08-01 11:27:06,4,7,7772,18600
2023-08-01 11:27:06,4,6,7772,18600
2023-08-01 11:27:29,3,6,7772,18600
2023-08-01 11:27:29,3,5,7772,18600
2023-08-01 11:28:34,3,4,7772,18600
2023-08-01 11:28:38,2,4,7772,18600
2023-08-01 11:28:45,3,4,7772,18600
2023-08-01 11:29:06,3,5,7472,18900
2023-08-01 11:29:42,2,5,7472,18900
2023-08-01 11:29:51,3,5,7472,18900
2023-08-01 11:29:53,2,5,7472,18900
2023-08-01 11:29:56,3,5,7472,18900
2023-08-01 11:30:04,2,5,7472,18900
2023-08-01 11:30:05,3,5,7472,18900
2023-08-01 11:30:10,4,5,7472,18900
2023-08-01 11:30:14,3,5,7472,18900
2023-08-01 11:30:16,4,5,7472,18900
2023-08-01 11:30:20,3,5,7472,18900
2023-08-01 11:30:41,4,5,7472,18900
2023-08-01 11:30:46,3,5,7472,18900
2023-08-01 11:30:53,4,5,7472,18900
2023-08-01 11:30:57,3,5,7472,18900
2023-08-01 11:30:59,4,5,7472,18900
2023-08-01 11:31:34,4,6,7472,18900
2023-08-01 11:31:45,4,5,7472,18900
2023-08-01 11:31:46,4,6,7472,18900
2023-08-01 11:32:39,4,7,7472,18900
2023-08-01 11:32:40,4,6,7472,18900
2023-08-01 11:32:41,4,7,7472,18900
2023-08-01 11:32:55,5,7,7472,18900
2023-08-01 11:32:57,5,6,7472,18900
2023-08-01 11:32:59,4,6,7472,18900
2023-08-01 11:33:09,4,7,7472,18900
2023-08-01 11:33:23,4,6,7472,18900
2023-08-01 11:33:58,4,7,7472,18900
2023-08-01 11:34:56,4,6,7472,18900
2023-08-01 11:35:14,3,6,7472,18900
2023-08-01 11:35:20,4,6,7472,18900
2023-08-01 11:36:05,4,7,7472,18900
2023-08-01 11:36:14,4,6,7472,18900
2023-08-01 11:36:15,4,7,7472,18900
2023-08-01 11:36:19,4,6,7472,18900
2023-08-01 11:36:24,4,7,7472,18900
2023-08-01 11:36:35,4,6,7472,18900
2023-08-01 11:36:45,3,6,7472,18900
2023-08-01 11:37:10,3,5,7472,18900
2023-08-01 11:37:22,2,5,7472,18900
2023-08-01 11:37:29,3,5,7472,18900
2023-08-01 11:37:33,2,5,7472,18900
2023-08-01 11:37:41,3,5,7472,18900
2023-08-01 11:37:53,2,5,7472,18900
2023-08-01 11:37:56,3,5,7472,18900
2023-08-01 11:38:02,2,5,7472,18900
2023-08-01 11:38:06,3,5,7472,18900
2023-08-01 11:38:27,4,5,7472,18900
2023-08-01 11:38:30,3,5,7472,18900
2023-08-01 11:38:31,4,5,7472,18900
2023-08-01 11:38:32,3,5,7472,18900
2023-08-01 11:38:32,3,6,7472,18900
2023-08-01 11:38:40,4,6,7472,18900
2023-08-01 11:38:42,3,6,7472,18900
2023-08-01 11:38:43,4,6,7472,18900
2023-08-01 11:38:53,4,5,7472,18900
2023-08-01 11:39:00,3,5,7472,18900
2023-08-01 11:39:08,4,5,7472,18900
2023-08-01 11:39:16,3,5,7472,18900
2023-08-01 11:39:17,4,5,7472,18900
2023-08-01 11:39:22,3,5,7472,18900
2023-08-01 11:39:40,2,5,7472,18900
2023-08-01 11:39:58,3,5,7472,18900
2023-08-01 11:40:32,3,6,7472,18900
2023-08-01 11:40:33,4,6,7472,18900
2023-08-01 11:40:38,4,5,7472,18900
2023-08-01 11:40:39,4,6,7472,18900
2023-08-01 11:40:41,3,6,7472,18900
2023-08-01 11:40:41,3,5,7472,18900
2023-08-01 11:40:42,3,6,7472,18900
2023-08-01 11:40:47,4,6,7472,18900
2023-08-01 11:40:57,3,6,7472,18900
2023-08-01 11:40:58,4,6,7472,18900
2023-08-01 11:41:03,3,6,7472,18900
2023-08-01 11:41:08,4,6,7472,18900
2023-08-01 11:41:16,3,6,7472,18900
2023-08-01 11:41:17,3,5,7472,18900
2023-08-01 11:41:27,3,6,7472,18900
2023-08-01 11:41:35,4,6,7472,18900
2023-08-01 11:41:41,3,6,7472,18900
2023-08-01 11:41:42,4,6,7472,18900
2023-08-01 11:41:43,3,6,7472,18900
2023-08-01 11:41:44,4,6,7472,18900
2023-08-01 11:41:50,3,6,7472,18900
2023-08-01 11:41:56,3,5,7472,18900
2023-08-01 11:42:05,4,5,7472,18900
2023-08-01 11:42:10,4,6,7472,18900
2023-08-01 11:42:14,3,6,7472,18900
2023-08-01 11:42:29,3,5,7472,18900
2023-08-01 11:42:29,4,5,7472,18900
2023-08-01 11:42:31,3,5,7472,18900
2023-08-01 11:42:55,4,5,7472,18900
2023-08-01 11:42:59,4,6,7472,18900
2023-08-01 11:43:01,3,6,7472,18900
2023-08-01 11:43:02,3,5,7472,18900
2023-08-01 11:43:08,3,6,7472,18900
2023-08-01 11:43:12,4,6,7472,18900
2023-08-01 11:43:16,3,6,7472,18900
2023-08-01 11:43:39,4,6,7472,18900
2023-08-01 11:43:40,4,7,7472,18900
2023-08-01 11:45:00,4,8,7472,18900
2023-08-01 11:45:00,5,8,7472,18900
2023-08-01 11:45:03,5,7,7472,18900
2023-08-01 11:45:06,5,8,7472,18900
2023-08-01 11:45:08,5,7,7472,18900
2023-08-01 11:45:09,5,8,7472,18900
2023-08-01 11:45:10,5,7,7472,18900
2023-08-01 11:45:30,5,8,7472,18900
2023-08-01 11:46:25,5,7,7472,18900
2023-08-01 11:46:34,5,8,7472,18900
2023-08-01 11:46:35,5,7,7472,18900
2023-08-01 11:46:51,4,7,7472,18900
2023-08-01 11:47:52,4,6,7472,18900
2023-08-01 11:48:00,4,7,7472,18900
2023-08-01 11:48:03,4,6,7472,18900
2023-08-01 11:48:05,4,7,7472,18900
2023-08-01 11:50:21,4,6,7472,18900
2023-08-01 11:50:31,4,7,7472,18900
2023-08-01 11:50:35,4,6,7472,18900
2023-08-01 11:50:38,4,7,7472,18900
2023-08-01 11:50:44,4,6,7472,18900
2023-08-01 11:50:56,3,6,7472,18900
2023-08-01 11:51:36,3,5,7472,18900
2023-08-01 11:51:41,3,6,7472,18900
2023-08-01 11:51:46,3,5,7472,18900
2023-08-01 11:51:49,3,6,7472,18900
2023-08-01 11:51:50,3,5,7472,18900
2023-08-01 11:52:03,3,6,7472,18900
2023-08-01 11:52:06,4,6,7472,18900
2023-08-01 11:52:10,3,6,7472,18900
2023-08-01 11:53:30,3,5,7472,18900
2023-08-01 11:53:37,3,6,7472,18900
2023-08-01 11:53:38,3,5,7472,18900
2023-08-01 11:53:42,3,6,7472,18900
2023-08-01 11:54:36,3,5,7472,18900
2023-08-01 11:55:15,3,4,7472,18900
2023-08-01 11:55:17,3,5,7472,18900
2023-08-01 11:55:30,2,5,7472,18900
2023-08-01 11:55:34,3,5,7472,18900
2023-08-01 11:55:55,2,5,7472,18900
2023-08-01 11:56:00,3,5,7472,18900
2023-08-01 11:56:01,4,5,7472,18900
2023-08-01 11:56:05,3,5,7472,18900
2023-08-01 11:56:55,2,5,7472,18900
2023-08-01 11:57:17,3,5,7472,18900
2023-08-01 11:57:18,3,6,7472,18900
2023-08-01 11:57:27,3,5,7472,18900
2023-08-01 11:57:30,3,6,7472,18900
2023-08-01 11:57:33,3,5,7472,18900
2023-08-01 11:57:38,3,6,7472,18900
2023-08-01 11:57:39,4,6,7472,18900
2023-08-01 11:57:40,3,6,7472,18900
2023-08-01 11:57:50,3,5,7472,18900
2023-08-01 11:58:25,3,6,7472,18900
2023-08-01 11:59:10,3,5,7472,18900
2023-08-01 11:59:12,3,6,7472,18900
2023-08-01 11:59:13,3,5,7472,18900
2023-08-01 11:59:15,3,6,7472,18900
2023-08-01 11:59:23,3,5,7472,18900
2023-08-01 11:59:47,2,5,7472,18900
2023-08-01 12:00:00,3,5,7472,18900
2023-08-01 12:00:07,4,5,7472,18900
2023-08-01 12:00:13,3,5,7472,18900
2023-08-01 12:00:36,3,4,7472,18900
2023-08-01 12:00:52,2,4,7472,18900
2023-08-01 12:00:57,3,4,7472,18900
2023-08-01 12:01:08,2,4,7472,18900
2023-08-01 12:01:17,3,4,7472,18900
2023-08-01 12:01:28,2,4,7472,18900
2023-08-01 12:01:31,3,4,7472,18900
2023-08-01 12:01:37,3,5,7472,18900
2023-08-01 12:02:30,4,5,7472,18900
2023-08-01 12:02:42,4,6,7472,18900
2023-08-01 12:02:44,4,5,7472,18900
2023-08-01 12:02:55,3,5,7472,18900
2023-08-01 12:03:06,4,5,7472,18900
2023-08-01 12:03:07,3,5,7472,18900
2023-08-01 12:03:11,4,5,7472,18900
2023-08-01 12:03:13,3,5,7472,18900
2023-08-01 12:03:19,4,5,7472,18900
2023-08-01 12:03:28,4,6,7472,18900
2023-08-01 12:03:31,4,5,7472,18900
2023-08-01 12:03:38,3,5,7472,18900
2023-08-01 12:03:56,4,5,7472,18900
2023-08-01 12:03:57,4,6,7472,18900
2023-08-01 12:05:11,4,5,7472,18900
2023-08-01 12:05:12,3,5,7472,18900
2023-08-01 12:05:57,3,6,7472,18900
2023-08-01 12:06:29,4,6,7472,18900
2023-08-01 12:07:25,3,6,7472,18900
2023-08-01 12:09:35,3,5,7472,18900
2023-08-01 12:09:36,3,6,7472,18900
2023-08-01 12:09:37,3,5,7472,18900
2023-08-01 12:10:23,2,5,7472,18900
2023-08-01 12:10:42,3,5,7472,18900
2023-08-01 12:10:50,2,5,7472,18900
2023-08-01 12:11:01,3,5,7472,18900
2023-08-01 12:11:03,2,5,7472,18900
2023-08-01 12:11:46,3,5,7472,18900
2023-08-01 12:12:01,2,5,7472,18900
2023-08-01 12:12:10,2,4,7472,18900
2023-08-01 12:12:11,3,4,7472,18900
2023-08-01 12:12:14,2,4,7472,18900
2023-08-01 12:12:20,3,4,7472,18900
2023-08-01 12:12:21,2,4,7472,18900
2023-08-01 12:12:24,3,4,7472,18900
2023-08-01 12:12:32,2,4,7472,18900
2023-08-01 12:12:39,3,4,7472,18900
2023-08-01 12:12:41,2,4,7472,18900
2023-08-01 12:12:53,3,4,7472,18900
2023-08-01 12:12:57,3,5,7472,18900
2023-08-01 12:13:14,2,5,7472,18900
2023-08-01 12:13:27,2,4,7472,18900
2023-08-01 12:13:35,3,4,7472,18900
2023-08-01 12:13:37,2,4,7472,18900
2023-08-01 12:13:39,3,4,7472,18900
2023-08-01 12:13:53,3,5,7472,18900
2023-08-01 12:13:54,2,5,7472,18900
2023-08-01 12:13:55,3,5,7472,18900
2023-08-01 12:14:26,2,5,7472,18900
2023-08-01 12:14:28,2,4,7472,18900
2023-08-01 12:14:39,3,4,7472,18900
2023-08-01 12:15:11,2,4,7472,18900
2023-08-01 12:15:37,3,4,7472,18900
2023-08-01 12:15:40,2,4,7472,18900
2023-08-01 12:15:51,3,4,7472,18900
2023-08-01 12:16:02,2,4,7472,18900
2023-08-01 12:16:03,3,4,7472,18900
2023-08-01 12:16:22,2,4,7472,18900
2023-08-01 12:17:39,3,4,7472,18900
2023-08-01 12:17:41,2,4,7472,18900
2023-08-01 12:17:49,3,4,7472,18900
2023-08-01 12:17:50,3,5,7272,19100
2023-08-01 12:18:22,3,6,7272,19100
2023-08-01 12:18:28,3,5,7272,19100
2023-08-01 12:19:04,3,5,7272,19110
2023-08-01 12:19:09,3,6,7272,19110
2023-08-01 12:19:17,4,6,7272,19110
2023-08-01 12:19:21,3,6,7272,19110
2023-08-01 12:19:28,3,5,7272,19110
2023-08-01 12:19:32,3,6,7272,19110
2023-08-01 12:19:49,4,6,7272,19110
2023-08-01 12:19:56,3,6,7272,19110
2023-08-01 12:20:25,4,6,7272,19110
2023-08-01 12:20:26,4,7,7272,19110
2023-08-01 12:20:27,4,6,7272,19110
2023-08-01 12:20:28,4,7,7272,19110
2023-08-01 12:20:36,4,6,7272,19110
2023-08-01 12:20:50,3,6,7272,19110
2023-08-01 12:21:01,3,7,7272,19110
2023-08-01 12:21:03,3,6,7272,19110
2023-08-01 12:21:06,4,6,7272,19110
2023-08-01 12:21:06,4,7,7272,19110
2023-08-01 12:21:16,4,6,7272,19110
2023-08-01 12:21:23,4,7,7272,19110
2023-08-01 12:21:49,5,7,7272,19110
2023-08-01 12:21:50,5,8,7272,19110
2023-08-01 12:21:51,5,7,7272,19110
2023-08-01 12:21:54,5,8,7272,19110
2023-08-01 12:21:55,5,7,7272,19110
2023-08-01 12:22:08,4,7,7272,19110
2023-08-01 12:23:47,4,8,7272,19110
2023-08-01 12:23:47,5,8,7272,19110
2023-08-01 12:25:12,5,7,7272,19110
2023-08-01 12:25:24,4,7,7272,19110
2023-08-01 12:27:04,5,7,7272,19110
2023-08-01 12:27:46,6,8,7272,19110
2023-08-01 12:28:49,6,8,7672,19510
2023-08-01 12:28:50,5,8,7672,19510
2023-08-01 12:28:51,5,7,7672,19510
2023-08-01 12:29:17,4,7,7672,19510
2023-08-01 12:29:17,4,6,7672,19510
2023-08-01 12:29:50,4,8,7672,19510
2023-08-01 12:29:50,4,7,7672,19510
2023-08-01 12:30:42,4,8,7672,19510
2023-08-01 12:30:44,5,8,7672,19510
2023-08-01 12:31:01,6,8,7672,19510
2023-08-01 12:31:12,6,9,7672,19510
2023-08-01 12:31:12,6,8,7672,19510
2023-08-01 12:31:15,6,9,7972,19810
2023-08-01 12:31:16,6,10,7972,19810
2023-08-01 12:31:18,6,9,7972,19810
2023-08-01 12:32:07,6,8,7972,19810
2023-08-01 12:32:41,5,8,7972,19810
2023-08-01 12:32:44,5,7,7972,19810
2023-08-01 12:32:55,4,7,7972,19810
2023-08-01 12:32:56,4,8,7972,19810
2023-08-01 12:32:56,4,6,7972,19810
2023-08-01 12:33:23,4,7,7972,19810
2023-08-01 12:33:23,4,5,7972,19810
2023-08-01 12:33:35,3,5,7972,19810
2023-08-01 12:34:17,3,6,7972,19810
2023-08-01 12:34:17,3,4,7972,19810
2023-08-01 12:35:34,3,5,7672,20110
2023-08-01 12:35:35,4,5,7672,20110
2023-08-01 12:35:38,4,6,7672,20110
2023-08-01 12:35:41,3,6,7672,20110
2023-08-01 12:35:47,4,6,7672,20110
2023-08-01 12:35:51,3,6,7672,20110
2023-08-01 12:36:35,3,5,7672,20110
2023-08-01 12:36:56,3,6,7672,20110
2023-08-01 12:36:57,3,5,7672,20110
2023-08-01 12:37:24,3,6,7672,20110
2023-08-01 12:37:43,3,5,7672,20110
2023-08-01 12:37:46,3,6,7672,20110
2023-08-01 12:38:51,3,5,7672,20110
2023-08-01 12:39:45,3,6,7672,20110
2023-08-01 12:39:48,3,5,7672,20110
2023-08-01 12:40:44,2,5,7672,20110
2023-08-01 12:40:52,3,5,7672,20110
2023-08-01 12:40:58,2,5,7672,20110
2023-08-01 12:41:00,3,5,7672,20110
2023-08-01 12:41:02,2,5,7672,20110
2023-08-01 12:41:04,3,5,7672,20110
2023-08-01 12:41:27,2,5,7672,20110
2023-08-01 12:41:34,3,5,7672,20110
2023-08-01 12:42:11,2,5,7672,20110
2023-08-01 12:42:15,3,5,7672,20110
2023-08-01 12:42:23,2,5,7672,20110
2023-08-01 12:42:25,3,5,7672,20110
2023-08-01 12:43:04,2,5,7672,20110
2023-08-01 12:43:11,3,5,7672,20110
2023-08-01 12:43:19,2,5,7672,20110
2023-08-01 12:43:22,2,4,7672,20110
2023-08-01 12:43:23,3,4,7672,20110
2023-08-01 12:43:30,2,4,7672,20110
2023-08-01 12:50:53,3,4,7672,20110
2023-08-01 12:50:56,2,4,7672,20110
2023-08-01 12:50:59,3,4,7672,20110
2023-08-01 12:51:01,3,5,7672,20110
2023-08-01 12:51:13,3,4,7672,20110
2023-08-01 12:51:25,2,4,7672,20110
2023-08-01 12:54:14,2,3,7672,20110
2023-08-01 12:55:32,2,4,7672,20110
2023-08-01 12:55:44,2,3,7672,20110
2023-08-01 12:59:15,2,3,7672,20310
2023-08-01 13:00:55,2,3,7856,20510
2023-08-01 13:00:56,1,3,7956,20610
2023-08-01 13:00:56,1,2,7956,20610
2023-08-01 13:08:01,1,2,8052,20706
2023-08-01 13:09:21,1,3,8052,20706
2023-08-01 13:33:09,1,3,8152,20806
2023-08-01 13:33:09,1,3,8232,20886
2023-08-01 13:33:09,1,3,8302,20956
2023-08-01 13:39:15,1,4,8302,20956
2023-08-01 13:39:55,1,3,8302,20956
2023-08-01 13:39:59,1,4,8302,20956
2023-08-01 13:40:17,1,3,8302,20956
2023-08-01 13:46:11,1,2,8302,20956
2023-08-01 13:46:11,1,3,8302,20956
2023-08-01 13:47:41,1,2,8302,20956
2023-08-01 14:01:49,1,2,8447,21101
2023-08-01 14:15:55,1,2,8497,21151
2023-08-01 14:20:13,1,2,8567,21221
2023-08-01 14:21:07,1,2,8637,21291
2023-08-01 14:30:03,1,2,8637,22091
2023-08-01 14:38:13,1,2,8737,22191
2023-08-01 14:38:25,1,2,8897,22391
2023-08-01 14:42:05,1,2,8897,22416
2023-08-01 14:48:14,1,2,8897,22501
2023-08-01 14:56:06,1,2,8897,22506
2023-08-01 14:56:07,1,2,8897,22551
2023-08-01 14:56:07,1,2,8897,22596
2023-08-01 14:56:09,1,2,8897,22696
2023-08-01 14:56:10,1,2,8942,22796
2023-08-01 15:02:22,0,1,9147,23001
