datetime,bid,ask,open_interest,volume
2023-11-22 09:30:01,22,34,0,0
2023-11-22 09:30:01,0,34,0,0
2023-11-22 09:30:01,0,41,0,0
2023-11-22 09:30:11,10,41,0,0
2023-11-22 09:31:00,10,27,0,0
2023-11-22 09:31:00,10,25,0,0
2023-11-22 09:31:00,21,25,0,0
2023-11-22 09:31:00,22,25,0,0
2023-11-22 09:31:03,21,25,0,0
2023-11-22 09:31:03,22,25,0,0
2023-11-22 09:31:04,21,25,0,0
2023-11-22 09:31:04,22,25,0,0
2023-11-22 09:31:04,22,24,0,0
2023-11-22 09:31:06,21,24,0,0
2023-11-22 09:31:06,22,24,0,0
2023-11-22 09:31:07,21,24,0,0
2023-11-22 09:31:09,21,23,0,0
2023-11-22 09:31:13,21,24,0,0
2023-11-22 09:31:15,22,24,0,0
2023-11-22 09:31:18,22,25,0,0
2023-11-22 09:31:19,22,24,0,0
2023-11-22 09:31:21,21,24,0,0
2023-11-22 09:31:23,21,23,0,0
2023-11-22 09:31:32,21,24,0,0
2023-11-22 09:31:35,21,23,0,0
2023-11-22 09:31:46,20,23,0,0
2023-11-22 09:32:03,20,22,0,0
2023-11-22 09:32:07,20,21,0,0
2023-11-22 09:32:10,19,21,0,0
2023-11-22 09:32:48,19,20,0,0
2023-11-22 09:32:58,19,20,114,114
2023-11-22 09:33:01,19,21,114,114
2023-11-22 09:33:07,19,22,114,114
2023-11-22 09:33:10,20,22,114,114
2023-11-22 09:33:18,19,22,114,114
2023-11-22 09:33:18,19,21,114,114
2023-11-22 09:33:49,19,20,114,114
2023-11-22 09:33:51,19,21,114,114
2023-11-22 09:33:55,19,20,114,114
2023-11-22 09:34:11,18,20,114,114
2023-11-22 09:34:17,17,20,114,114
2023-11-22 09:34:17,17,19,114,114
2023-11-22 09:34:33,17,18,114,114
2023-11-22 09:34:36,17,18,294,294
2023-11-22 09:34:41,16,18,294,294
2023-11-22 09:34:43,16,18,354,354
2023-11-22 09:34:50,16,17,354,354
2023-11-22 09:34:50,16,17,457,457
2023-11-22 09:34:51,15,17,457,457
2023-11-22 09:35:06,15,16,457,457
2023-11-22 09:35:11,15,16,517,517
2023-11-22 09:35:17,15,17,517,517
2023-11-22 09:35:17,15,16,517,517
2023-11-22 09:35:19,14,16,517,517
2023-11-22 09:35:19,14,15,517,517
2023-11-22 09:35:24,14,16,517,517
2023-11-22 09:35:24,14,15,517,517
2023-11-22 09:35:34,13,15,517,517
2023-11-22 09:35:34,13,14,517,517
2023-11-22 09:35:38,13,15,517,517
2023-11-22 09:35:39,13,14,517,517
2023-11-22 09:35:52,13,15,517,517
2023-11-22 09:35:54,13,14,517,517
2023-11-22 09:35:58,13,15,517,517
2023-11-22 09:36:00,13,14,517,517
2023-11-22 09:36:01,13,15,517,517
2023-11-22 09:36:02,13,14,517,517
2023-11-22 09:36:05,13,15,517,517
2023-11-22 09:36:07,13,14,517,517
2023-11-22 09:36:11,13,15,517,517
2023-11-22 09:36:12,13,14,517,517
2023-11-22 09:36:14,13,15,517,517
2023-11-22 09:36:14,13,14,517,517
2023-11-22 09:36:26,12,14,517,517
2023-11-22 09:36:28,12,13,517,517
2023-11-22 09:36:30,11,13,517,517
2023-11-22 09:36:42,11,12,517,517
2023-11-22 09:36:44,11,13,517,517
2023-11-22 09:36:44,11,12,517,517
2023-11-22 09:37:01,10,12,517,517
2023-11-22 09:37:01,10,11,517,517
2023-11-22 09:37:06,10,12,517,517
2023-11-22 09:37:16,10,11,517,517
2023-11-22 09:37:17,10,12,517,517
2023-11-22 09:37:36,10,11,517,517
2023-11-22 09:37:38,10,12,517,517
2023-11-22 09:37:48,10,11,517,517
2023-11-22 09:37:49,10,12,517,517
2023-11-22 09:38:21,10,11,517,517
2023-11-22 09:38:26,10,12,517,517
2023-11-22 09:38:27,10,11,517,517
2023-11-22 09:38:37,10,12,517,517
2023-11-22 09:38:46,11,12,517,517
2023-11-22 09:38:48,11,13,517,517
2023-11-22 09:38:52,11,12,517,517
2023-11-22 09:39:06,11,13,517,517
2023-11-22 09:39:08,11,12,517,517
2023-11-22 09:39:13,11,13,517,517
2023-11-22 09:39:20,12,13,517,517
2023-11-22 09:39:20,12,14,517,517
2023-11-22 09:39:31,12,13,517,517
2023-11-22 09:39:32,11,13,517,517
2023-11-22 09:39:33,11,12,517,517
2023-11-22 09:39:34,11,12,609,609
2023-11-22 09:39:41,11,12,663,663
2023-11-22 09:39:42,11,14,717,717
2023-11-22 09:39:42,11,13,717,717
2023-11-22 09:39:43,12,13,717,717
2023-11-22 09:39:48,11,13,717,717
2023-11-22 09:39:53,12,13,717,717
2023-11-22 09:39:54,11,12,771,771
2023-11-22 09:39:54,11,12,885,885
2023-11-22 09:39:55,11,12,939,939
2023-11-22 09:39:56,11,12,993,993
2023-11-22 09:39:56,11,12,1243,1243
2023-11-22 09:39:57,11,12,1297,1297
2023-11-22 09:39:57,11,12,1547,1547
2023-11-22 09:39:58,11,12,1601,1601
2023-11-22 09:39:59,11,12,1655,1655
2023-11-22 09:39:59,11,12,1905,1905
2023-11-22 09:39:59,11,14,1905,1905
2023-11-22 09:39:59,12,14,1905,1905
2023-11-22 09:40:14,13,14,1905,1905
2023-11-22 09:40:22,13,15,1905,1905
2023-11-22 09:40:38,14,15,1905,1905
2023-11-22 09:40:49,13,15,1905,1905
2023-11-22 09:40:49,14,15,1905,1905
2023-11-22 09:41:02,13,15,1905,1905
2023-11-22 09:41:08,13,14,1905,1905
2023-11-22 09:41:10,12,14,1905,1905
2023-11-22 09:41:29,12,13,1905,1905
2023-11-22 09:41:30,12,14,1905,1905
2023-11-22 09:41:31,12,13,1905,1905
2023-11-22 09:41:41,12,14,1905,1905
2023-11-22 09:41:57,12,13,1905,1905
2023-11-22 09:42:44,12,14,1905,1905
2023-11-22 09:42:54,12,15,1905,1905
2023-11-22 09:42:59,13,15,1905,1905
2023-11-22 09:43:06,12,15,1905,1905
2023-11-22 09:43:06,12,14,1905,1905
2023-11-22 09:43:09,12,15,1905,1905
2023-11-22 09:43:09,12,14,1905,1905
2023-11-22 09:43:09,13,14,1905,1905
2023-11-22 09:43:09,13,15,1905,1905
2023-11-22 09:43:16,12,15,1905,1905
2023-11-22 09:43:17,13,15,1905,1905
2023-11-22 09:43:41,13,14,1905,1905
2023-11-22 09:43:47,13,15,1905,1905
2023-11-22 09:43:54,13,14,1905,1905
2023-11-22 09:43:57,13,15,1905,1905
2023-11-22 09:43:57,13,14,1905,1905
2023-11-22 09:43:58,12,14,1905,1905
2023-11-22 09:44:14,12,13,1905,1905
2023-11-22 09:44:19,12,14,1905,1905
2023-11-22 09:44:20,12,13,1905,1905
2023-11-22 09:44:21,12,14,1905,1905
2023-11-22 09:44:29,13,14,1905,1905
2023-11-22 09:44:30,13,15,1905,1905
2023-11-22 09:44:41,13,14,1905,1905
2023-11-22 09:44:53,13,15,1977,2091
2023-11-22 09:44:53,13,14,1977,2091
2023-11-22 09:44:54,13,15,1977,2091
2023-11-22 09:45:01,12,15,1977,2091
2023-11-22 09:45:03,12,15,1977,2091
2023-11-22 09:45:05,12,14,1977,2091
2023-11-22 09:45:06,12,15,1977,2091
2023-11-22 09:45:08,13,15,1977,2091
2023-11-22 09:45:26,14,15,1977,2091
2023-11-22 09:45:36,13,15,1977,2091
2023-11-22 09:45:40,12,15,1977,2091
2023-11-22 09:45:41,13,15,1977,2091
2023-11-22 09:45:57,14,15,1977,2091
2023-11-22 09:45:59,13,15,1977,2091
2023-11-22 09:46:15,12,15,1977,2091
2023-11-22 09:46:17,13,15,1977,2091
2023-11-22 09:46:21,13,14,1977,2091
2023-11-22 09:46:22,13,15,1977,2091
2023-11-22 09:46:40,14,15,1977,2091
2023-11-22 09:46:59,14,16,1977,2091
2023-11-22 09:47:06,15,16,1977,2091
2023-11-22 09:47:08,15,17,1977,2091
2023-11-22 09:47:09,15,17,1977,2341
2023-11-22 09:47:33,16,17,1977,2341
2023-11-22 09:47:34,15,17,1977,2341
2023-11-22 09:47:53,15,17,1977,2591
2023-11-22 09:47:53,16,17,1977,2591
2023-11-22 09:47:58,16,17,2127,2841
2023-11-22 09:47:59,16,18,2300,3014
2023-11-22 09:47:59,16,17,2300,3014
2023-11-22 09:48:01,15,17,2500,3214
2023-11-22 09:48:09,15,18,2500,3214
2023-11-22 09:48:09,15,17,2500,3214
2023-11-22 09:48:20,15,16,2500,3214
2023-11-22 09:48:22,15,17,2500,3214
2023-11-22 09:48:24,15,16,2500,3214
2023-11-22 09:48:29,14,16,2500,3214
2023-11-22 09:48:43,14,15,2500,3214
2023-11-22 09:48:51,14,16,2500,3214
2023-11-22 09:48:54,14,15,2500,3214
2023-11-22 09:48:57,14,16,2500,3214
2023-11-22 09:48:58,15,16,2500,3214
2023-11-22 09:49:04,14,16,2500,3214
2023-11-22 09:49:07,14,15,2500,3214
2023-11-22 09:49:08,14,16,2500,3214
2023-11-22 09:49:09,15,16,2500,3214
2023-11-22 09:49:17,14,16,2500,3214
2023-11-22 09:49:19,15,16,2500,3214
2023-11-22 09:49:29,14,16,2500,3214
2023-11-22 09:49:40,15,16,2500,3214
2023-11-22 09:49:40,15,17,2500,3214
2023-11-22 09:49:40,15,16,2500,3214
2023-11-22 09:49:50,15,17,2500,3214
2023-11-22 09:50:01,15,16,2500,3214
2023-11-22 09:50:03,15,17,2500,3214
2023-11-22 09:50:03,15,16,2500,3214
2023-11-22 09:50:04,14,16,2500,3214
2023-11-22 09:50:16,15,16,2500,3214
2023-11-22 09:50:17,15,17,2500,3214
2023-11-22 09:50:17,15,16,2500,3214
2023-11-22 09:50:18,15,17,2500,3214
2023-11-22 09:50:25,16,17,2500,3214
2023-11-22 09:50:25,16,18,2500,3214
2023-11-22 09:50:26,16,17,2500,3214
2023-11-22 09:50:28,16,18,2500,3214
2023-11-22 09:50:44,17,18,2500,3214
2023-11-22 09:50:45,17,19,2500,3414
2023-11-22 09:50:51,17,18,2500,3414
2023-11-22 09:50:51,17,19,2500,3414
2023-11-22 09:50:52,18,19,2500,3414
2023-11-22 09:50:52,18,19,2694,3608
2023-11-22 09:50:53,17,19,2694,3608
2023-11-22 09:50:53,17,18,2694,3608
2023-11-22 09:50:54,17,19,2700,3614
2023-11-22 09:50:58,18,19,2700,3614
2023-11-22 09:51:09,18,20,2700,3814
2023-11-22 09:51:14,19,20,2700,3814
2023-11-22 09:51:18,18,20,2700,3814
2023-11-22 09:51:24,18,20,2700,4064
2023-11-22 09:51:25,19,20,2700,4064
2023-11-22 09:51:27,19,20,2950,4314
2023-11-22 09:51:28,19,21,2950,4314
2023-11-22 09:51:28,19,20,2950,4314
2023-11-22 09:51:32,18,20,2950,4314
2023-11-22 09:51:50,18,19,2950,4314
2023-11-22 09:51:51,18,20,3053,4417
2023-11-22 09:51:57,19,20,3053,4417
2023-11-22 09:52:00,19,21,3245,4609
2023-11-22 09:52:00,19,20,3245,4609
2023-11-22 09:52:00,19,21,3245,4609
2023-11-22 09:52:01,20,21,3245,4609
2023-11-22 09:52:01,20,22,3245,4609
2023-11-22 09:52:02,21,22,3245,4609
2023-11-22 09:52:02,21,22,3310,4859
2023-11-22 09:52:03,21,23,3310,4859
2023-11-22 09:52:04,22,23,3310,4859
2023-11-22 09:52:06,22,24,3310,4859
2023-11-22 09:52:11,23,24,3310,4859
2023-11-22 09:52:11,23,24,3560,5109
2023-11-22 09:52:12,23,25,3560,5109
2023-11-22 09:52:13,24,25,3560,5109
2023-11-22 09:52:13,24,25,3560,5109
2023-11-22 09:52:13,24,26,3560,5109
2023-11-22 09:52:14,25,26,3560,5109
2023-11-22 09:52:15,25,27,3560,5109
2023-11-22 09:52:16,26,27,3560,5109
2023-11-22 09:52:16,26,27,3695,5509
2023-11-22 09:52:16,26,28,3695,5509
2023-11-22 09:52:17,27,28,3695,5509
2023-11-22 09:52:26,26,28,3695,5509
2023-11-22 09:52:30,27,28,3695,5509
2023-11-22 09:52:36,27,28,3695,5709
2023-11-22 09:52:37,27,29,3695,5709
2023-11-22 09:52:37,27,29,3695,5889
2023-11-22 09:52:38,27,28,3695,5889
2023-11-22 09:52:39,27,28,3839,6053
2023-11-22 09:52:46,27,29,3839,6053
2023-11-22 09:52:46,27,28,3839,6053
2023-11-22 09:52:48,27,29,3839,6053
2023-11-22 09:52:49,26,29,3839,6053
2023-11-22 09:52:51,26,28,3839,6053
2023-11-22 09:52:56,26,29,3839,6053
2023-11-22 09:52:57,27,29,3839,6053
2023-11-22 09:52:57,27,29,3959,6173
2023-11-22 09:53:15,28,29,3959,6173
2023-11-22 09:53:15,28,30,3959,6173
2023-11-22 09:53:16,29,30,3959,6173
2023-11-22 09:53:16,29,30,4065,6279
2023-11-22 09:53:26,29,31,4065,6279
2023-11-22 09:53:37,30,31,4065,6279
2023-11-22 09:53:40,30,32,4065,6279
2023-11-22 09:53:46,31,32,4065,6279
2023-11-22 09:54:41,30,32,4065,6279
2023-11-22 09:54:48,29,30,4765,7164
2023-11-22 09:54:55,29,31,4765,7164
2023-11-22 09:54:55,30,31,4765,7164
2023-11-22 09:55:15,30,32,4765,7164
2023-11-22 09:55:15,31,32,4765,7164
2023-11-22 09:55:21,30,32,4765,7164
2023-11-22 09:55:21,31,32,4765,7164
2023-11-22 09:55:28,30,31,4605,7324
2023-11-22 09:55:32,30,32,4605,7324
2023-11-22 09:55:32,30,32,4605,7351
2023-11-22 09:55:39,31,32,4605,7351
2023-11-22 09:55:43,31,32,4605,7411
2023-11-22 09:56:13,31,33,4605,7411
2023-11-22 09:56:13,32,33,4605,7411
2023-11-22 09:57:05,31,33,4605,7411
2023-11-22 09:57:10,31,32,4605,7411
2023-11-22 09:57:15,30,32,4605,7411
2023-11-22 09:57:16,30,31,4605,7411
2023-11-22 09:57:32,30,31,4605,7661
2023-11-22 09:57:33,30,32,4605,7911
2023-11-22 09:58:08,30,31,4605,7911
2023-11-22 09:58:13,30,32,4605,7911
2023-11-22 09:58:41,29,32,4605,7911
2023-11-22 09:58:45,30,31,4605,7911
2023-11-22 09:58:51,29,31,4605,7911
2023-11-22 09:58:53,30,31,4605,7911
2023-11-22 09:58:55,29,31,4605,7911
2023-11-22 09:58:56,30,31,4605,7911
2023-11-22 09:58:58,29,31,4605,7911
2023-11-22 09:58:58,30,31,4605,7911
2023-11-22 09:59:03,29,31,4605,7911
2023-11-22 09:59:03,30,31,4605,7911
2023-11-22 09:59:04,30,32,4605,7911
2023-11-22 09:59:10,30,31,4605,7911
2023-11-22 09:59:10,29,31,4605,7911
2023-11-22 09:59:13,30,31,4605,7911
2023-11-22 09:59:17,29,31,4605,7911
2023-11-22 09:59:26,29,30,4605,7911
2023-11-22 09:59:37,29,31,4605,7911
2023-11-22 09:59:57,30,31,4605,7911
2023-11-22 10:00:00,30,32,4605,7911
2023-11-22 10:00:01,30,31,4605,7911
2023-11-22 10:00:01,29,31,4605,7911
2023-11-22 10:00:05,30,31,4605,7911
2023-11-22 10:00:06,29,31,4605,7911
2023-11-22 10:00:07,30,31,4605,7911
2023-11-22 10:00:09,30,32,4605,7911
2023-11-22 10:00:23,30,33,4605,7911
2023-11-22 10:00:24,31,33,4605,7911
2023-11-22 10:00:42,32,33,4605,7911
2023-11-22 10:00:48,32,34,4605,8111
2023-11-22 10:00:54,33,34,4605,8111
2023-11-22 10:00:59,33,35,4605,8111
2023-11-22 10:01:17,33,36,4605,8311
2023-11-22 10:01:18,34,36,4605,8311
2023-11-22 10:01:22,35,36,4605,8311
2023-11-22 10:01:22,35,36,4605,8561
2023-11-22 10:01:33,35,37,4605,8561
2023-11-22 10:01:33,36,37,4605,8561
2023-11-22 10:01:33,36,37,4605,8741
2023-11-22 10:01:39,35,37,4605,8741
2023-11-22 10:01:40,35,37,4707,8843
2023-11-22 10:01:42,35,36,4707,8843
2023-11-22 10:01:43,34,35,4707,8913
2023-11-22 10:02:04,34,35,4827,9033
2023-11-22 10:02:04,34,35,5077,9283
2023-11-22 10:02:18,34,36,5145,9351
2023-11-22 10:02:25,34,37,5145,9351
2023-11-22 10:02:55,35,37,5145,9351
2023-11-22 10:03:01,35,36,5145,9351
2023-11-22 10:03:02,34,36,5145,9351
2023-11-22 10:03:11,34,37,5145,9351
2023-11-22 10:03:12,35,37,5145,9351
2023-11-22 10:03:29,36,37,5145,9351
2023-11-22 10:04:05,36,37,5145,9480
2023-11-22 10:04:20,35,37,5145,9480
2023-11-22 10:04:20,36,37,5145,9480
2023-11-22 10:05:12,35,37,5145,9480
2023-11-22 10:05:12,36,37,5145,9480
2023-11-22 10:05:15,35,37,5145,9480
2023-11-22 10:05:26,36,37,5145,9480
2023-11-22 10:06:08,35,37,5145,9480
2023-11-22 10:06:08,36,37,5145,9480
2023-11-22 10:06:30,35,37,5145,9480
2023-11-22 10:06:30,36,37,5145,9480
2023-11-22 10:07:31,35,37,5145,9480
2023-11-22 10:07:31,36,37,5145,9480
2023-11-22 10:07:35,35,37,5145,9480
2023-11-22 10:07:35,36,37,5145,9480
2023-11-22 10:08:36,36,38,5145,9480
2023-11-22 10:08:36,37,38,5145,9480
2023-11-22 10:10:52,37,38,4958,9680
2023-11-22 10:11:51,36,38,4958,9680
2023-11-22 10:11:51,37,38,4958,9680
2023-11-22 10:12:10,36,38,4958,9680
2023-11-22 10:12:10,37,38,4958,9680
2023-11-22 10:12:15,37,38,5018,9740
2023-11-22 10:12:15,36,38,5018,9740
2023-11-22 10:12:16,37,38,5018,9740
2023-11-22 10:12:19,36,38,5018,9740
2023-11-22 10:12:20,37,38,5018,9740
2023-11-22 10:12:23,36,38,5018,9740
2023-11-22 10:12:23,37,38,5018,9740
2023-11-22 10:12:24,36,37,5018,9894
2023-11-22 10:12:25,36,38,5018,9894
2023-11-22 10:12:31,37,38,5018,9894
2023-11-22 10:12:45,36,38,5018,9894
2023-11-22 10:12:56,36,37,5018,9894
2023-11-22 10:12:56,35,37,5018,9894
2023-11-22 10:13:02,36,37,5018,9894
2023-11-22 10:13:03,36,38,5018,9894
2023-11-22 10:13:19,37,38,5018,9894
2023-11-22 10:13:21,37,38,5018,10144
2023-11-22 10:13:24,37,38,5255,10394
2023-11-22 10:13:25,37,39,5255,10394
2023-11-22 10:13:26,38,39,5255,10394
2023-11-22 10:13:26,37,39,5255,10394
2023-11-22 10:13:27,38,39,5255,10394
2023-11-22 10:13:27,37,39,5255,10394
2023-11-22 10:13:29,38,39,5255,10394
2023-11-22 10:14:00,37,39,5255,10394
2023-11-22 10:14:10,38,39,5255,10394
2023-11-22 10:14:11,37,39,5255,10394
2023-11-22 10:14:12,38,39,5255,10394
2023-11-22 10:14:31,38,40,5255,10394
2023-11-22 10:14:31,39,40,5255,10394
2023-11-22 10:14:34,38,40,5255,10394
2023-11-22 10:14:34,39,40,5255,10394
2023-11-22 10:14:54,38,40,5255,10394
2023-11-22 10:14:56,39,40,5255,10394
2023-11-22 10:14:58,38,40,5255,10394
2023-11-22 10:15:09,39,40,5255,10394
2023-11-22 10:15:19,38,40,5255,10394
2023-11-22 10:15:19,38,39,5255,10394
2023-11-22 10:16:17,39,40,5255,10454
2023-11-22 10:17:05,39,41,5255,10454
2023-11-22 10:17:05,40,41,5255,10454
2023-11-22 10:18:06,41,42,5255,10463
2023-11-22 10:19:05,40,42,5255,10463
2023-11-22 10:19:05,41,42,5255,10463
2023-11-22 10:19:30,40,42,5255,10463
2023-11-22 10:19:54,40,41,5255,10463
2023-11-22 10:20:07,40,42,5255,10463
2023-11-22 10:20:11,39,42,5255,10463
2023-11-22 10:20:11,40,42,5255,10463
2023-11-22 10:20:21,41,42,5255,10463
2023-11-22 10:20:35,40,42,5255,10463
2023-11-22 10:20:38,40,41,5255,10463
2023-11-22 10:20:39,40,41,5315,10523
2023-11-22 10:20:45,39,41,5315,10523
2023-11-22 10:20:45,40,41,5315,10523
2023-11-22 10:20:58,39,41,5315,10523
2023-11-22 10:20:58,40,41,5315,10523
2023-11-22 10:21:06,40,41,5438,10646
2023-11-22 10:21:06,39,41,5438,10646
2023-11-22 10:21:31,38,41,5438,10646
2023-11-22 10:21:31,38,40,5438,10646
2023-11-22 10:21:50,38,39,5438,10646
2023-11-22 10:21:58,38,40,5438,10646
2023-11-22 10:21:58,38,39,5438,10646
2023-11-22 10:22:00,38,39,5438,10706
2023-11-22 10:22:01,37,39,5438,10706
2023-11-22 10:22:08,37,38,5438,10706
2023-11-22 10:22:12,37,39,5638,10906
2023-11-22 10:22:19,37,38,5638,10906
2023-11-22 10:22:22,37,39,5638,10906
2023-11-22 10:22:29,37,38,5638,10906
2023-11-22 10:23:16,36,38,5638,10906
2023-11-22 10:23:16,36,37,5638,10906
2023-11-22 10:23:21,36,38,5638,10906
2023-11-22 10:23:21,36,37,5638,10906
2023-11-22 10:23:39,36,37,5638,10966
2023-11-22 10:23:43,35,37,5638,10966
2023-11-22 10:23:43,35,36,5638,10966
2023-11-22 10:23:46,35,37,5638,10966
2023-11-22 10:23:46,35,36,5638,10966
2023-11-22 10:23:57,35,37,5638,10966
2023-11-22 10:23:57,35,36,5638,10966
2023-11-22 10:24:09,35,37,5638,10966
2023-11-22 10:24:18,35,36,5638,10966
2023-11-22 10:24:19,35,36,5638,11042
2023-11-22 10:24:24,34,36,5638,11042
2023-11-22 10:24:52,34,36,5638,11102
2023-11-22 10:24:53,34,35,5638,11102
2023-11-22 10:24:57,33,35,5638,11102
2023-11-22 10:24:57,33,34,5638,11102
2023-11-22 10:25:01,33,34,5638,11352
2023-11-22 10:25:03,33,35,5728,11602
2023-11-22 10:25:03,33,34,5728,11602
2023-11-22 10:25:04,33,34,5978,11852
2023-11-22 10:25:05,33,35,6156,12030
2023-11-22 10:25:06,33,34,6156,12030
2023-11-22 10:25:09,33,35,6350,12224
2023-11-22 10:25:11,33,34,6350,12224
2023-11-22 10:25:13,33,35,6350,12224
2023-11-22 10:25:35,34,35,6350,12224
2023-11-22 10:25:36,34,36,6350,12224
2023-11-22 10:25:45,33,36,6350,12224
2023-11-22 10:25:50,34,36,6350,12224
2023-11-22 10:26:06,34,35,6350,12224
2023-11-22 10:26:06,33,35,6350,12224
2023-11-22 10:26:26,33,34,6350,12224
2023-11-22 10:26:26,33,35,6350,12224
2023-11-22 10:26:27,33,34,6350,12224
2023-11-22 10:26:33,33,35,6350,12224
2023-11-22 10:26:37,33,34,6350,12224
2023-11-22 10:26:46,33,35,6350,12224
2023-11-22 10:27:06,33,36,6350,12224
2023-11-22 10:27:07,33,35,6350,12224
2023-11-22 10:27:11,33,36,6350,12224
2023-11-22 10:27:12,34,36,6350,12224
2023-11-22 10:27:27,34,37,6350,12224
2023-11-22 10:27:28,35,37,6350,12224
2023-11-22 10:27:30,34,37,6350,12224
2023-11-22 10:27:30,35,37,6350,12224
2023-11-22 10:27:32,34,37,6350,12224
2023-11-22 10:27:33,35,37,6350,12224
2023-11-22 10:27:44,35,38,6350,12224
2023-11-22 10:27:45,36,38,6350,12224
2023-11-22 10:27:50,35,38,6350,12224
2023-11-22 10:27:50,36,38,6350,12224
2023-11-22 10:27:56,37,38,6350,12224
2023-11-22 10:28:02,37,39,6350,12224
2023-11-22 10:28:04,38,39,6350,12224
2023-11-22 10:28:09,37,39,6350,12224
2023-11-22 10:28:16,38,39,6350,12224
2023-11-22 10:28:16,37,39,6350,12224
2023-11-22 10:28:17,38,39,6350,12224
2023-11-22 10:28:30,37,39,6350,12224
2023-11-22 10:28:30,38,39,6350,12224
2023-11-22 10:28:47,37,39,6350,12224
2023-11-22 10:28:47,38,39,6350,12224
2023-11-22 10:28:49,37,39,6350,12224
2023-11-22 10:29:06,37,38,6350,12224
2023-11-22 10:29:13,37,38,6350,12284
2023-11-22 10:29:14,36,38,6350,12284
2023-11-22 10:29:20,35,38,6350,12284
2023-11-22 10:29:22,35,37,6350,12284
2023-11-22 10:29:38,35,36,6350,12284
2023-11-22 10:29:39,35,37,6350,12284
2023-11-22 10:29:39,35,36,6350,12284
2023-11-22 10:29:49,34,36,6350,12284
2023-11-22 10:30:05,34,35,6350,12284
2023-11-22 10:30:06,34,36,6350,12284
2023-11-22 10:30:07,34,35,6350,12284
2023-11-22 10:30:19,33,35,6350,12284
2023-11-22 10:30:24,33,34,6350,12284
2023-11-22 10:30:27,31,34,6350,12284
2023-11-22 10:30:27,31,33,6350,12284
2023-11-22 10:30:43,31,32,6350,12284
2023-11-22 10:30:48,31,32,6298,12534
2023-11-22 10:30:49,30,32,6298,12534
2023-11-22 10:30:49,30,31,6298,12534
2023-11-22 10:30:52,30,32,6298,12534
2023-11-22 10:30:53,30,31,6298,12534
2023-11-22 10:31:05,30,31,6548,12784
2023-11-22 10:31:07,30,32,6652,12888
2023-11-22 10:31:11,30,33,6654,13088
2023-11-22 10:31:13,30,32,6654,13088
2023-11-22 10:31:19,30,33,6654,13088
2023-11-22 10:31:19,30,32,6654,13088
2023-11-22 10:31:22,30,31,6654,13088
2023-11-22 10:31:23,31,32,6821,13257
2023-11-22 10:31:23,31,33,6821,13257
2023-11-22 10:31:23,31,32,6821,13257
2023-11-22 10:31:25,31,33,6956,13392
2023-11-22 10:31:26,31,32,6956,13392
2023-11-22 10:31:27,31,33,6956,13392
2023-11-22 10:31:28,31,32,6956,13392
2023-11-22 10:31:31,31,33,7139,13575
2023-11-22 10:31:37,31,32,7139,13575
2023-11-22 10:31:41,30,32,7139,13575
2023-11-22 10:31:43,31,32,7139,13575
2023-11-22 10:31:44,31,33,7267,13703
2023-11-22 10:31:56,31,32,7267,13703
2023-11-22 10:31:57,30,32,7267,13703
2023-11-22 10:32:12,30,31,7267,13703
2023-11-22 10:32:14,29,31,7267,13703
2023-11-22 10:32:26,29,30,7267,13703
2023-11-22 10:32:37,29,30,7517,13953
2023-11-22 10:32:37,29,31,7517,13953
2023-11-22 10:32:58,29,32,7517,13953
2023-11-22 10:33:05,29,31,7517,13953
2023-11-22 10:33:11,30,31,7517,13953
2023-11-22 10:33:11,29,31,7517,13953
2023-11-22 10:33:13,29,32,7517,13953
2023-11-22 10:33:13,29,31,7517,13953
2023-11-22 10:33:26,30,31,7517,13953
2023-11-22 10:33:27,30,32,7517,13953
2023-11-22 10:33:27,29,32,7517,13953
2023-11-22 10:33:27,29,31,7517,13953
2023-11-22 10:33:27,30,31,7517,13953
2023-11-22 10:33:28,30,32,7517,13953
2023-11-22 10:33:35,30,31,7517,13953
2023-11-22 10:33:36,29,31,7517,13953
2023-11-22 10:33:54,29,32,7517,13953
2023-11-22 10:33:54,29,31,7517,13953
2023-11-22 10:34:04,29,30,7517,13953
2023-11-22 10:34:10,29,30,7677,14113
2023-11-22 10:34:11,28,30,7677,14113
2023-11-22 10:34:13,27,30,7677,14113
2023-11-22 10:34:20,27,29,7677,14113
2023-11-22 10:34:21,27,30,7677,14113
2023-11-22 10:34:21,27,29,7677,14113
2023-11-22 10:34:21,27,30,7677,14113
2023-11-22 10:34:23,27,29,7677,14113
2023-11-22 10:34:24,28,29,7677,14113
2023-11-22 10:34:24,28,30,7677,14113
2023-11-22 10:34:27,28,29,7677,14113
2023-11-22 10:34:27,28,29,7777,14213
2023-11-22 10:34:28,28,30,7777,14313
2023-11-22 10:34:35,27,30,7777,14313
2023-11-22 10:34:35,27,29,7777,14313
2023-11-22 10:34:57,27,28,7777,14313
2023-11-22 10:35:06,27,28,7897,14433
2023-11-22 10:35:07,26,28,7897,14433
2023-11-22 10:35:28,26,27,7897,14433
2023-11-22 10:35:30,26,28,7897,14433
2023-11-22 10:35:31,26,27,7897,14433
2023-11-22 10:35:34,26,27,7957,14493
2023-11-22 10:35:35,25,27,7957,14633
2023-11-22 10:35:38,24,27,7957,14633
2023-11-22 10:35:42,24,26,7957,14633
2023-11-22 10:35:48,24,27,7957,14633
2023-11-22 10:35:48,24,26,7957,14633
2023-11-22 10:35:49,25,26,7957,14633
2023-11-22 10:35:49,25,27,7957,14633
2023-11-22 10:35:59,24,27,7957,14633
2023-11-22 10:35:59,24,26,7957,14633
2023-11-22 10:36:02,24,27,7957,14633
2023-11-22 10:36:03,25,27,7957,14633
2023-11-22 10:36:09,25,26,7957,14633
2023-11-22 10:36:10,25,27,7957,14633
2023-11-22 10:36:13,25,26,7957,14633
2023-11-22 10:36:15,25,27,7957,14633
2023-11-22 10:36:20,25,26,7957,14633
2023-11-22 10:36:21,24,26,7957,14633
2023-11-22 10:36:36,24,25,7957,14633
2023-11-22 10:36:42,23,25,7957,14833
2023-11-22 10:36:44,23,24,7957,14833
2023-11-22 10:36:48,23,25,7957,14833
2023-11-22 10:36:48,23,24,7957,14833
2023-11-22 10:37:13,23,25,7957,14833
2023-11-22 10:37:45,23,26,7957,14833
2023-11-22 10:37:45,23,25,7957,14833
2023-11-22 10:37:46,24,25,7957,14833
2023-11-22 10:37:47,23,25,7957,14833
2023-11-22 10:38:19,23,26,7957,14833
2023-11-22 10:38:20,24,26,7957,14833
2023-11-22 10:38:21,25,26,7957,14833
2023-11-22 10:38:21,25,26,8017,14893
2023-11-22 10:38:21,25,27,8017,14953
2023-11-22 10:38:23,25,28,8017,15153
2023-11-22 10:38:30,26,28,8017,15153
2023-11-22 10:38:44,26,28,8067,15403
2023-11-22 10:38:48,26,28,8180,15653
2023-11-22 10:38:57,26,27,8180,15653
2023-11-22 10:39:01,26,28,8180,15653
2023-11-22 10:39:19,27,28,8180,15653
2023-11-22 10:39:26,27,29,8180,15653
2023-11-22 10:39:32,27,28,8180,15653
2023-11-22 10:39:32,27,29,8180,15653
2023-11-22 10:39:56,27,28,8180,15653
2023-11-22 10:39:59,27,29,8180,15653
2023-11-22 10:40:01,27,28,8180,15653
2023-11-22 10:40:02,27,29,8180,15653
2023-11-22 10:40:05,27,28,8180,15653
2023-11-22 10:40:16,26,28,8180,15653
2023-11-22 10:40:18,25,28,8180,15653
2023-11-22 10:40:19,26,28,8180,15653
2023-11-22 10:40:20,25,28,8180,15653
2023-11-22 10:40:23,25,27,8180,15653
2023-11-22 10:40:37,26,27,8180,15653
2023-11-22 10:40:42,25,27,8180,15653
2023-11-22 10:40:54,24,27,8180,15653
2023-11-22 10:40:54,24,26,8180,15653
2023-11-22 10:40:55,24,27,8180,15653
2023-11-22 10:40:58,24,26,8180,15653
2023-11-22 10:41:06,23,26,8180,15653
2023-11-22 10:41:09,23,25,8180,15653
2023-11-22 10:41:22,23,24,8180,15653
2023-11-22 10:41:22,23,25,8180,15653
2023-11-22 10:41:23,23,24,8180,15653
2023-11-22 10:41:26,23,25,8180,15653
2023-11-22 10:41:29,23,26,8180,15653
2023-11-22 10:41:30,23,25,8180,15653
2023-11-22 10:41:30,23,26,8180,15653
2023-11-22 10:41:30,23,25,8180,15653
2023-11-22 10:41:33,23,26,8180,15653
2023-11-22 10:41:35,24,26,8180,15653
2023-11-22 10:41:38,24,27,8180,15653
2023-11-22 10:41:39,24,26,8180,15653
2023-11-22 10:41:47,25,26,8180,15653
2023-11-22 10:41:47,25,27,8180,15653
2023-11-22 10:41:50,25,27,8230,15903
2023-11-22 10:41:50,26,27,8230,15903
2023-11-22 10:41:50,26,28,8230,15903
2023-11-22 10:41:56,26,28,8240,15963
2023-11-22 10:42:04,26,29,8240,15963
2023-11-22 10:42:06,26,28,8240,15963
2023-11-22 10:42:12,26,29,8240,15963
2023-11-22 10:42:15,27,29,8240,15963
2023-11-22 10:42:20,28,29,8240,15963
2023-11-22 10:42:24,28,30,8240,15963
2023-11-22 10:42:29,29,30,8240,15963
2023-11-22 10:42:29,29,30,8300,16023
2023-11-22 10:42:31,29,31,8300,16083
2023-11-22 10:42:42,28,31,8300,16083
2023-11-22 10:42:51,29,31,8300,16083
2023-11-22 10:43:05,29,30,8300,16083
2023-11-22 10:43:06,28,30,8300,16083
2023-11-22 10:43:18,27,30,8300,16083
2023-11-22 10:43:22,27,29,8300,16083
2023-11-22 10:43:30,26,29,8300,16083
2023-11-22 10:43:32,26,28,8300,16083
2023-11-22 10:43:32,26,29,8300,16083
2023-11-22 10:43:33,26,28,8300,16083
2023-11-22 10:43:34,26,29,8300,16083
2023-11-22 10:43:34,26,28,8300,16083
2023-11-22 10:44:01,26,27,8300,16083
2023-11-22 10:44:04,26,28,8300,16083
2023-11-22 10:44:05,26,27,8300,16083
2023-11-22 10:44:06,26,28,8300,16083
2023-11-22 10:44:15,26,29,8300,16083
2023-11-22 10:44:20,26,28,8300,16083
2023-11-22 10:44:23,26,29,8300,16083
2023-11-22 10:44:23,26,28,8300,16083
2023-11-22 10:44:32,27,28,8300,16083
2023-11-22 10:44:32,27,28,8300,16143
2023-11-22 10:44:34,26,28,8300,16143
2023-11-22 10:44:34,26,29,8300,16143
2023-11-22 10:44:34,26,28,8300,16143
2023-11-22 10:44:35,27,28,8300,16143
2023-11-22 10:44:35,26,28,8300,16293
2023-11-22 10:44:39,27,28,8300,16293
2023-11-22 10:44:41,27,29,8300,16293
2023-11-22 10:44:48,27,30,8300,16293
2023-11-22 10:44:54,28,30,8300,16293
2023-11-22 10:44:56,27,30,8300,16293
2023-11-22 10:44:58,27,29,8300,16293
2023-11-22 10:45:14,26,29,8300,16293
2023-11-22 10:45:15,26,28,8300,16293
2023-11-22 10:45:19,26,29,8300,16293
2023-11-22 10:45:22,26,28,8300,16293
2023-11-22 10:45:23,26,29,8300,16293
2023-11-22 10:45:23,26,28,8300,16293
2023-11-22 10:45:26,26,29,8300,16293
2023-11-22 10:45:26,26,28,8300,16293
2023-11-22 10:45:32,27,28,8300,16293
2023-11-22 10:45:33,27,29,8300,16293
2023-11-22 10:45:34,27,28,8300,16293
2023-11-22 10:45:35,26,28,8300,16293
2023-11-22 10:45:37,26,27,8300,16293
2023-11-22 10:45:42,27,29,8414,16407
2023-11-22 10:45:42,27,28,8414,16407
2023-11-22 10:45:42,26,28,8500,16493
2023-11-22 10:45:47,27,28,8500,16493
2023-11-22 10:45:48,27,29,8500,16493
2023-11-22 10:45:54,27,30,8500,16493
2023-11-22 10:45:58,27,29,8500,16493
2023-11-22 10:46:00,27,30,8500,16493
2023-11-22 10:46:01,28,30,8500,16493
2023-11-22 10:46:20,29,30,8500,16493
2023-11-22 10:46:28,29,30,8750,16743
2023-11-22 10:46:28,29,31,8750,16743
2023-11-22 10:46:33,30,31,8750,16743
2023-11-22 10:46:33,30,32,8750,16943
2023-11-22 10:46:34,31,32,8750,16943
2023-11-22 10:46:34,31,33,8750,16943
2023-11-22 10:46:54,30,33,8750,16943
2023-11-22 10:46:58,30,32,8750,16943
2023-11-22 10:47:06,30,33,8750,16943
2023-11-22 10:47:07,30,32,8750,16943
2023-11-22 10:47:08,30,33,8750,16943
2023-11-22 10:47:09,31,33,8750,16943
2023-11-22 10:47:10,31,32,8750,16943
2023-11-22 10:47:10,30,32,8750,16943
2023-11-22 10:47:23,29,32,8750,16943
2023-11-22 10:47:25,29,31,8750,16943
2023-11-22 10:47:41,30,31,8750,16943
2023-11-22 10:47:41,30,32,8750,16943
2023-11-22 10:47:49,30,31,8750,16943
2023-11-22 10:47:50,29,31,8750,16943
2023-11-22 10:48:11,30,31,8750,16943
2023-11-22 10:48:12,29,31,8750,16943
2023-11-22 10:48:12,29,32,8750,16943
2023-11-22 10:48:12,29,31,8750,16943
2023-11-22 10:48:13,30,31,8750,16943
2023-11-22 10:48:15,30,32,8750,16943
2023-11-22 10:48:19,30,31,8750,16943
2023-11-22 10:48:20,29,31,8750,16943
2023-11-22 10:48:25,29,32,8750,16943
2023-11-22 10:48:25,29,31,8750,16943
2023-11-22 10:48:26,30,31,8750,16943
2023-11-22 10:48:28,30,32,8750,16943
2023-11-22 10:48:36,30,33,8750,16943
2023-11-22 10:48:38,30,32,8750,16943
2023-11-22 10:49:00,30,33,8750,16943
2023-11-22 10:49:00,30,32,8750,16943
2023-11-22 10:49:08,31,32,8750,16943
2023-11-22 10:49:08,31,33,8750,16943
2023-11-22 10:49:08,31,32,8750,16943
2023-11-22 10:49:08,31,33,8750,16943
2023-11-22 10:49:14,32,33,8750,16943
2023-11-22 10:49:18,31,33,8750,16943
2023-11-22 10:49:38,32,33,8750,16943
2023-11-22 10:49:48,31,33,8750,16943
2023-11-22 10:49:54,32,33,8750,16943
2023-11-22 10:49:59,32,33,9000,17193
2023-11-22 10:50:00,32,33,9150,17443
2023-11-22 10:50:03,32,34,9150,17443
2023-11-22 10:50:06,32,33,9150,17443
2023-11-22 10:50:06,31,33,9150,17443
2023-11-22 10:50:15,32,33,9150,17443
2023-11-22 10:50:15,32,34,9150,17443
2023-11-22 10:50:33,32,33,9150,17443
2023-11-22 10:50:34,31,34,9150,17443
2023-11-22 10:50:35,32,34,9150,17443
2023-11-22 10:50:36,31,34,9150,17443
2023-11-22 10:50:37,32,34,9150,17443
2023-11-22 10:50:43,31,34,9150,17443
2023-11-22 10:51:16,31,32,9150,17443
2023-11-22 10:51:17,30,32,9150,17443
2023-11-22 10:51:22,29,32,9150,17443
2023-11-22 10:51:33,30,32,9150,17443
2023-11-22 10:51:47,30,33,9150,17443
2023-11-22 10:51:48,31,33,9150,17443
2023-11-22 10:51:48,32,33,9150,17443
2023-11-22 10:51:48,32,34,9150,17443
2023-11-22 10:51:53,32,34,9270,17563
2023-11-22 10:51:56,33,34,9270,17563
2023-11-22 10:51:57,33,35,9270,17563
2023-11-22 10:52:04,34,35,9270,17563
2023-11-22 10:52:04,34,36,9330,17763
2023-11-22 10:52:08,35,36,9330,17763
2023-11-22 10:52:08,35,37,9330,17763
2023-11-22 10:52:08,36,37,9330,17763
2023-11-22 10:52:08,36,37,9330,17769
2023-11-22 10:52:15,36,38,9530,17969
2023-11-22 10:52:23,37,38,9530,17969
2023-11-22 10:52:23,37,38,9530,18029
2023-11-22 10:52:24,36,38,9530,18029
2023-11-22 10:52:24,37,38,9530,18029
2023-11-22 10:52:29,37,39,9530,18029
2023-11-22 10:52:35,38,39,9530,18029
2023-11-22 10:52:38,38,40,9530,18029
2023-11-22 10:52:38,38,39,9530,18029
2023-11-22 10:52:38,38,40,9530,18029
2023-11-22 10:52:39,39,40,9530,18029
2023-11-22 10:52:39,39,40,9530,18059
2023-11-22 10:52:52,39,41,9530,18059
2023-11-22 10:52:54,40,41,9530,18059
2023-11-22 10:52:55,40,41,9530,18254
2023-11-22 10:52:59,39,41,9530,18254
2023-11-22 10:53:08,39,42,9530,18254
2023-11-22 10:53:08,40,42,9530,18254
2023-11-22 10:53:18,41,42,9530,18254
2023-11-22 10:53:19,41,43,9530,18254
2023-11-22 10:53:25,42,43,9530,18254
2023-11-22 10:53:29,42,44,9530,18254
2023-11-22 10:53:35,43,44,9530,18254
2023-11-22 10:53:36,43,44,9530,18374
2023-11-22 10:53:38,43,45,9530,18374
2023-11-22 10:53:52,44,45,9530,18374
2023-11-22 10:53:53,44,45,9530,18434
2023-11-22 10:53:54,43,45,9530,18503
2023-11-22 10:53:54,44,45,9530,18503
2023-11-22 10:53:56,43,45,9530,18503
2023-11-22 10:53:58,44,45,9530,18503
2023-11-22 10:53:58,43,45,9530,18503
2023-11-22 10:54:05,44,45,9530,18503
2023-11-22 10:54:05,43,45,9530,18628
2023-11-22 10:54:05,44,45,9530,18628
2023-11-22 10:54:07,44,45,9549,18787
2023-11-22 10:54:13,43,45,9549,18787
2023-11-22 10:54:15,43,44,9549,18787
2023-11-22 10:54:22,43,45,9549,18787
2023-11-22 10:54:25,43,44,9549,18787
2023-11-22 10:54:28,42,44,9549,18793
2023-11-22 10:54:35,42,43,9549,18793
2023-11-22 10:54:44,41,43,9549,18793
2023-11-22 10:54:54,42,43,9549,18793
2023-11-22 10:55:03,41,43,9549,18793
2023-11-22 10:55:17,41,43,9630,18893
2023-11-22 10:55:24,41,44,9630,18893
2023-11-22 10:55:24,41,43,9630,18893
2023-11-22 10:55:44,41,42,9630,18893
2023-11-22 10:55:51,41,43,9630,18893
2023-11-22 10:55:51,41,42,9630,18893
2023-11-22 10:55:53,40,42,9630,18893
2023-11-22 10:56:07,40,43,9630,18893
2023-11-22 10:56:08,40,42,9630,18893
2023-11-22 10:56:09,40,41,9630,18893
2023-11-22 10:56:10,40,42,9630,18893
2023-11-22 10:56:21,40,43,9630,18893
2023-11-22 10:56:22,40,42,9630,18893
2023-11-22 10:56:26,40,41,9630,18893
2023-11-22 10:56:31,40,42,9630,18893
2023-11-22 10:56:34,41,42,9630,18893
2023-11-22 10:56:34,41,43,9630,18893
2023-11-22 10:56:36,41,44,9630,18893
2023-11-22 10:56:41,42,44,9630,18893
2023-11-22 10:56:51,42,43,9630,18893
2023-11-22 10:56:51,42,44,9630,18893
2023-11-22 10:56:52,42,43,9630,18893
2023-11-22 10:56:57,41,43,9630,18893
2023-11-22 10:56:58,41,44,9630,18893
2023-11-22 10:56:58,41,43,9630,18893
2023-11-22 10:57:02,42,43,9630,18893
2023-11-22 10:57:04,41,43,9630,18893
2023-11-22 10:57:06,42,43,9630,18893
2023-11-22 10:57:08,42,44,9630,18893
2023-11-22 10:57:35,43,44,9630,18893
2023-11-22 10:57:52,42,44,9630,18893
2023-11-22 10:58:03,41,44,9630,18893
2023-11-22 10:58:06,41,43,9630,18893
2023-11-22 10:58:10,41,44,9630,18893
2023-11-22 10:58:12,41,43,9630,18893
2023-11-22 10:59:18,41,42,9630,18893
2023-11-22 10:59:20,41,43,9630,18893
2023-11-22 10:59:23,41,42,9630,18893
2023-11-22 10:59:25,40,42,9630,18893
2023-11-22 10:59:57,41,42,9630,18893
2023-11-22 11:00:02,41,43,9630,18893
2023-11-22 11:00:05,41,44,9630,18893
2023-11-22 11:00:16,42,44,9630,18893
2023-11-22 11:00:32,42,43,9630,18893
2023-11-22 11:00:32,41,43,9630,18893
2023-11-22 11:00:37,40,43,9630,18893
2023-11-22 11:00:46,40,42,9630,18893
2023-11-22 11:01:03,40,42,9880,19143
2023-11-22 11:01:03,40,43,9880,19143
2023-11-22 11:01:04,41,43,9880,19143
2023-11-22 11:01:08,41,44,9880,19143
2023-11-22 11:01:10,41,43,9880,19143
2023-11-22 11:01:14,40,43,9880,19143
2023-11-22 11:01:14,41,43,9880,19143
2023-11-22 11:01:16,40,43,9880,19143
2023-11-22 11:01:18,40,42,9880,19143
2023-11-22 11:01:34,40,41,9880,19143
2023-11-22 11:01:37,39,41,9880,19143
2023-11-22 11:01:47,39,40,9880,19143
2023-11-22 11:01:59,39,40,9880,19331
2023-11-22 11:02:00,38,40,9880,19331
2023-11-22 11:02:00,38,39,9880,19331
2023-11-22 11:02:10,38,39,9880,19391
2023-11-22 11:02:19,38,39,9880,19451
2023-11-22 11:02:25,37,39,9880,19451
2023-11-22 11:02:25,37,38,9880,19451
2023-11-22 11:02:38,37,38,9880,19511
2023-11-22 11:02:43,37,38,9950,19631
2023-11-22 11:02:44,36,38,9950,19631
2023-11-22 11:02:44,36,37,9950,19631
2023-11-22 11:02:46,35,37,9950,19631
2023-11-22 11:02:49,34,37,9950,19631
2023-11-22 11:02:58,34,36,9950,19631
2023-11-22 11:03:02,34,35,9950,19631
2023-11-22 11:03:23,34,36,9950,19631
2023-11-22 11:03:33,34,37,9950,19631
2023-11-22 11:03:34,34,36,9950,19631
2023-11-22 11:03:36,34,37,9950,19631
2023-11-22 11:03:37,34,36,9950,19631
2023-11-22 11:03:37,34,37,9950,19631
2023-11-22 11:03:38,34,36,9950,19631
2023-11-22 11:03:38,34,37,9950,19631
2023-11-22 11:03:39,34,36,9950,19631
2023-11-22 11:03:39,34,36,9950,19631
2023-11-22 11:03:39,34,37,9950,19631
2023-11-22 11:03:39,34,36,9950,19631
2023-11-22 11:03:40,34,37,10075,19756
2023-11-22 11:03:41,35,37,10075,19756
2023-11-22 11:03:41,35,36,10075,19756
2023-11-22 11:03:41,35,37,10075,19756
2023-11-22 11:03:44,34,37,10075,19756
2023-11-22 11:03:44,34,36,10075,19756
2023-11-22 11:03:48,34,37,10075,19756
2023-11-22 11:03:48,35,37,10075,19756
2023-11-22 11:03:48,35,36,10075,19756
2023-11-22 11:03:49,35,37,10075,19756
2023-11-22 11:03:56,35,37,10325,20006
2023-11-22 11:03:56,36,37,10325,20006
2023-11-22 11:03:56,36,37,10325,20189
2023-11-22 11:04:05,34,37,10325,20189
2023-11-22 11:04:05,35,37,10325,20189
2023-11-22 11:04:05,35,36,10325,20189
2023-11-22 11:04:10,35,37,10469,20333
2023-11-22 11:04:10,34,37,10469,20333
2023-11-22 11:04:10,35,37,10469,20333
2023-11-22 11:04:15,36,37,10469,20393
2023-11-22 11:04:16,36,38,10469,20393
2023-11-22 11:04:17,35,38,10469,20393
2023-11-22 11:04:17,37,38,10469,20393
2023-11-22 11:04:43,35,38,10469,20400
2023-11-22 11:04:43,35,37,10469,20400
2023-11-22 11:04:54,34,37,10469,20400
2023-11-22 11:05:00,34,36,10469,20400
2023-11-22 11:05:12,34,35,10469,20400
2023-11-22 11:05:12,34,36,10469,20400
2023-11-22 11:05:13,34,35,10469,20400
2023-11-22 11:05:13,34,36,10469,20400
2023-11-22 11:05:14,34,35,10469,20400
2023-11-22 11:05:17,34,36,10469,20400
2023-11-22 11:05:23,35,36,10469,20400
2023-11-22 11:05:23,35,37,10469,20400
2023-11-22 11:05:24,34,37,10469,20400
2023-11-22 11:05:29,35,37,10469,20400
2023-11-22 11:05:39,34,37,10469,20400
2023-11-22 11:05:39,35,37,10469,20400
2023-11-22 11:05:43,35,38,10469,20400
2023-11-22 11:05:43,35,37,10469,20400
2023-11-22 11:05:44,35,38,10469,20400
2023-11-22 11:05:50,35,37,10469,20400
2023-11-22 11:05:51,35,38,10469,20400
2023-11-22 11:05:52,35,37,10469,20400
2023-11-22 11:05:58,34,37,10469,20400
2023-11-22 11:06:06,34,36,10469,20400
2023-11-22 11:06:20,34,35,10469,20400
2023-11-22 11:06:40,34,36,10469,20400
2023-11-22 11:06:44,34,35,10469,20400
2023-11-22 11:07:05,34,36,10469,20400
2023-11-22 11:07:15,34,37,10469,20400
2023-11-22 11:07:18,35,37,10469,20400
2023-11-22 11:07:20,34,37,10469,20400
2023-11-22 11:07:20,34,36,10469,20400
2023-11-22 11:07:25,35,36,10469,20400
2023-11-22 11:07:26,35,37,10469,20400
2023-11-22 11:07:28,35,38,10469,20400
2023-11-22 11:07:32,36,38,10469,20400
2023-11-22 11:07:34,35,38,10469,20400
2023-11-22 11:07:35,35,37,10469,20400
2023-11-22 11:07:40,35,38,10469,20400
2023-11-22 11:07:42,35,37,10469,20400
2023-11-22 11:07:45,36,37,10469,20400
2023-11-22 11:07:45,36,38,10469,20400
2023-11-22 11:07:51,37,38,10469,20400
2023-11-22 11:07:51,37,38,10649,20650
2023-11-22 11:07:52,37,40,10649,20650
2023-11-22 11:07:54,37,39,10649,20650
2023-11-22 11:07:59,36,39,10649,20650
2023-11-22 11:08:01,37,39,10649,20650
2023-11-22 11:08:09,37,40,10649,20650
2023-11-22 11:08:09,38,40,10649,20650
2023-11-22 11:08:10,37,40,10649,20650
2023-11-22 11:08:11,37,39,10649,20650
2023-11-22 11:08:34,37,38,10649,20650
2023-11-22 11:08:35,36,38,10649,20650
2023-11-22 11:08:57,36,37,10649,20650
2023-11-22 11:09:05,35,37,10649,20650
2023-11-22 11:09:07,36,37,10649,20650
2023-11-22 11:09:09,36,38,10649,20650
2023-11-22 11:09:21,36,39,10649,20650
2023-11-22 11:09:22,36,38,10649,20650
2023-11-22 11:09:31,36,39,10649,20650
2023-11-22 11:09:31,36,38,10649,20650
2023-11-22 11:09:39,36,39,10774,20775
2023-11-22 11:09:39,36,38,10774,20775
2023-11-22 11:09:42,36,39,10774,20775
2023-11-22 11:09:47,37,39,10774,20775
2023-11-22 11:09:53,37,38,10774,20775
2023-11-22 11:09:54,37,39,10774,20775
2023-11-22 11:09:55,37,39,10774,20875
2023-11-22 11:09:55,37,38,10774,20875
2023-11-22 11:10:03,37,39,10774,20975
2023-11-22 11:10:07,37,40,10774,20975
2023-11-22 11:10:07,37,39,10774,20975
2023-11-22 11:10:13,37,40,10774,20975
2023-11-22 11:10:13,37,39,10774,20975
2023-11-22 11:10:26,38,39,10774,20975
2023-11-22 11:10:28,38,40,10774,20975
2023-11-22 11:10:52,38,39,10774,20975
2023-11-22 11:10:55,37,39,10774,20975
2023-11-22 11:11:03,36,39,10774,20975
2023-11-22 11:11:12,36,38,10774,20975
2023-11-22 11:11:28,36,37,10774,20975
2023-11-22 11:11:29,36,38,10774,20975
2023-11-22 11:11:29,36,37,10774,20975
2023-11-22 11:11:31,36,38,10774,20975
2023-11-22 11:11:46,36,39,10774,20975
2023-11-22 11:11:48,37,39,10774,20975
2023-11-22 11:11:52,36,39,10774,20975
2023-11-22 11:11:57,37,39,10774,20975
2023-11-22 11:12:02,37,38,10774,20975
2023-11-22 11:12:02,36,38,10774,20975
2023-11-22 11:12:07,36,39,10774,20975
2023-11-22 11:12:15,37,39,10774,20975
2023-11-22 11:12:22,36,39,10774,20975
2023-11-22 11:12:23,36,38,10774,20975
2023-11-22 11:12:33,35,38,10774,20975
2023-11-22 11:12:40,35,37,10774,20975
2023-11-22 11:12:45,34,37,10774,20975
2023-11-22 11:12:48,34,36,10774,20975
2023-11-22 11:13:01,34,35,10774,20975
2023-11-22 11:13:04,34,35,10774,21076
2023-11-22 11:13:06,34,35,10815,21196
2023-11-22 11:13:16,34,35,10914,21295
2023-11-22 11:13:17,33,35,10914,21295
2023-11-22 11:13:17,33,34,10914,21295
2023-11-22 11:13:18,33,35,10914,21295
2023-11-22 11:13:18,33,34,10914,21295
2023-11-22 11:13:18,33,35,10914,21295
2023-11-22 11:13:19,33,34,10914,21295
2023-11-22 11:13:19,33,35,10914,21295
2023-11-22 11:13:22,33,34,10914,21295
2023-11-22 11:13:25,33,35,10914,21295
2023-11-22 11:13:26,33,34,10914,21295
2023-11-22 11:13:28,32,34,10914,21295
2023-11-22 11:13:42,32,33,10914,21295
2023-11-22 11:13:50,32,34,10914,21295
2023-11-22 11:13:51,32,33,10914,21295
2023-11-22 11:13:52,32,34,11047,21428
2023-11-22 11:13:52,32,33,11047,21428
2023-11-22 11:13:54,31,33,11047,21428
2023-11-22 11:14:21,32,33,11047,21428
2023-11-22 11:14:22,32,34,11047,21428
2023-11-22 11:14:25,32,33,11047,21428
2023-11-22 11:14:28,32,34,11047,21428
2023-11-22 11:14:41,32,34,11157,21678
2023-11-22 11:14:41,33,34,11157,21678
2023-11-22 11:14:41,33,35,11157,21678
2023-11-22 11:15:13,33,36,11157,21678
2023-11-22 11:15:16,34,36,11157,21678
2023-11-22 11:15:16,34,36,11259,21780
2023-11-22 11:15:16,34,36,11361,21882
2023-11-22 11:15:16,34,35,11361,21882
2023-11-22 11:15:22,34,36,11361,22086
2023-11-22 11:15:29,35,36,11361,22086
2023-11-22 11:15:30,35,37,11561,22286
2023-11-22 11:15:41,34,37,11561,22286
2023-11-22 11:15:42,34,36,11561,22286
2023-11-22 11:15:43,34,37,11561,22286
2023-11-22 11:15:47,34,36,11561,22286
2023-11-22 11:15:48,34,37,11561,22286
2023-11-22 11:15:50,34,36,11561,22286
2023-11-22 11:15:50,35,36,11561,22286
2023-11-22 11:15:50,35,37,11561,22286
2023-11-22 11:15:51,35,36,11561,22286
2023-11-22 11:15:51,35,37,11561,22286
2023-11-22 11:15:52,35,36,11561,22286
2023-11-22 11:15:53,35,37,11684,22409
2023-11-22 11:15:54,35,36,11684,22409
2023-11-22 11:15:54,35,37,11684,22409
2023-11-22 11:15:55,35,37,11934,22659
2023-11-22 11:15:55,35,38,11934,22659
2023-11-22 11:15:56,36,38,11934,22659
2023-11-22 11:16:08,35,38,11934,22659
2023-11-22 11:16:09,36,38,11934,22659
2023-11-22 11:16:12,37,38,11934,22659
2023-11-22 11:16:17,37,39,11934,22659
2023-11-22 11:16:20,37,39,12184,22909
2023-11-22 11:16:21,38,39,12184,22909
2023-11-22 11:16:24,38,40,12334,23059
2023-11-22 11:16:24,38,39,12334,23059
2023-11-22 11:16:25,38,40,12334,23059
2023-11-22 11:16:35,39,40,12334,23059
2023-11-22 11:16:38,39,41,12334,23059
2023-11-22 11:16:38,39,40,12334,23059
2023-11-22 11:16:41,38,40,12334,23059
2023-11-22 11:16:44,37,40,12334,23059
2023-11-22 11:16:46,37,39,12334,23059
2023-11-22 11:16:51,37,38,12334,23059
2023-11-22 11:16:51,37,38,12334,23119
2023-11-22 11:16:57,36,38,12334,23119
2023-11-22 11:17:03,35,38,12134,23319
2023-11-22 11:17:03,35,37,12134,23319
2023-11-22 11:17:06,35,36,12134,23319
2023-11-22 11:17:06,34,36,12134,23319
2023-11-22 11:17:15,34,35,12134,23319
2023-11-22 11:17:17,33,35,11955,23498
2023-11-22 11:17:20,33,36,11955,23498
2023-11-22 11:17:20,34,36,11955,23498
2023-11-22 11:17:23,35,36,11955,23498
2023-11-22 11:17:23,35,38,11955,23498
2023-11-22 11:17:23,35,37,11955,23498
2023-11-22 11:17:23,35,38,11955,23498
2023-11-22 11:17:24,36,38,11955,23498
2023-11-22 11:17:40,36,39,11955,23498
2023-11-22 11:17:40,36,38,11955,23498
2023-11-22 11:17:40,37,38,11955,23498
2023-11-22 11:17:41,36,38,11955,23498
2023-11-22 11:17:42,37,38,11955,23498
2023-11-22 11:17:42,36,38,11955,23498
2023-11-22 11:17:42,37,38,11955,23498
2023-11-22 11:17:44,36,38,11955,23498
2023-11-22 11:17:57,37,38,11955,23498
2023-11-22 11:17:57,37,39,11955,23498
2023-11-22 11:18:02,36,39,11955,23498
2023-11-22 11:18:02,36,38,11955,23498
2023-11-22 11:18:03,36,39,12109,23652
2023-11-22 11:18:03,37,39,12109,23652
2023-11-22 11:18:06,36,39,12109,23652
2023-11-22 11:18:06,36,38,12109,23652
2023-11-22 11:18:15,36,39,12109,23652
2023-11-22 11:18:18,36,38,12109,23652
2023-11-22 11:18:19,36,39,12109,23652
2023-11-22 11:18:19,36,38,12109,23652
2023-11-22 11:18:21,36,39,12109,23652
2023-11-22 11:18:23,37,39,12109,23652
2023-11-22 11:18:24,37,38,12109,23652
2023-11-22 11:18:24,36,38,12109,23652
2023-11-22 11:18:42,37,38,12109,23652
2023-11-22 11:18:43,36,38,12109,23652
2023-11-22 11:18:44,37,38,12109,23652
2023-11-22 11:18:46,37,39,12109,23652
2023-11-22 11:18:48,37,38,12109,23652
2023-11-22 11:19:00,37,39,12109,23652
2023-11-22 11:19:21,38,39,12109,23652
2023-11-22 11:19:23,38,39,12359,23902
2023-11-22 11:19:24,38,40,12359,23902
2023-11-22 11:19:31,39,40,12359,23902
2023-11-22 11:19:33,39,41,12559,24102
2023-11-22 11:19:49,39,40,12559,24102
2023-11-22 11:19:49,39,41,12559,24102
2023-11-22 11:19:52,39,40,12559,24102
2023-11-22 11:19:54,39,41,12559,24102
2023-11-22 11:19:56,39,40,12559,24102
2023-11-22 11:19:57,39,41,12559,24102
2023-11-22 11:19:58,39,40,12559,24102
2023-11-22 11:20:10,39,41,12559,24102
2023-11-22 11:20:10,39,40,12559,24102
2023-11-22 11:20:15,39,41,12559,24102
2023-11-22 11:20:25,39,40,12559,24102
2023-11-22 11:20:33,39,41,12559,24102
2023-11-22 11:20:34,39,40,12559,24102
2023-11-22 11:20:35,39,41,12559,24102
2023-11-22 11:20:36,38,41,12559,24102
2023-11-22 11:20:37,38,40,12559,24102
2023-11-22 11:20:43,39,40,12559,24102
2023-11-22 11:20:44,39,41,12559,24102
2023-11-22 11:20:45,39,40,12559,24102
2023-11-22 11:20:46,39,41,12559,24102
2023-11-22 11:20:50,39,40,12559,24102
2023-11-22 11:20:53,38,40,12559,24102
2023-11-22 11:21:03,39,40,12559,24102
2023-11-22 11:21:11,38,40,12559,24102
2023-11-22 11:21:22,38,41,12559,24102
2023-11-22 11:21:22,38,40,12559,24102
2023-11-22 11:21:29,38,39,12559,24102
2023-11-22 11:21:31,38,40,12559,24102
2023-11-22 11:21:56,38,39,12559,24102
2023-11-22 11:21:57,38,40,12559,24102
2023-11-22 11:22:12,38,39,12559,24102
2023-11-22 11:22:14,38,40,12559,24102
2023-11-22 11:22:20,38,39,12559,24102
2023-11-22 11:22:23,37,39,12559,24102
2023-11-22 11:22:41,37,38,12559,24102
2023-11-22 11:22:47,36,38,12559,24102
2023-11-22 11:23:22,37,38,12559,24102
2023-11-22 11:23:22,37,39,12559,24102
2023-11-22 11:23:28,36,39,12559,24102
2023-11-22 11:23:32,37,39,12559,24102
2023-11-22 11:23:48,37,38,12559,24102
2023-11-22 11:23:51,36,38,12559,24102
2023-11-22 11:23:58,36,39,12559,24102
2023-11-22 11:23:58,36,38,12559,24102
2023-11-22 11:24:04,35,38,12559,24102
2023-11-22 11:24:06,35,37,12559,24102
2023-11-22 11:24:16,35,38,12559,24102
2023-11-22 11:24:16,35,37,12559,24102
2023-11-22 11:24:17,35,38,12559,24102
2023-11-22 11:24:17,35,37,12559,24102
2023-11-22 11:24:21,36,37,12559,24102
2023-11-22 11:24:22,36,38,12559,24102
2023-11-22 11:24:51,36,37,12559,24102
2023-11-22 11:24:52,35,37,12559,24102
2023-11-22 11:25:01,36,37,12559,24102
2023-11-22 11:25:01,36,38,12559,24102
2023-11-22 11:25:16,36,39,12559,24102
2023-11-22 11:25:17,37,39,12559,24102
2023-11-22 11:25:26,36,39,12559,24102
2023-11-22 11:25:28,37,39,12559,24102
2023-11-22 11:25:34,36,39,12559,24102
2023-11-22 11:25:34,36,38,12559,24102
2023-11-22 11:25:42,35,38,12359,24302
2023-11-22 11:25:52,36,38,12359,24302
2023-11-22 11:25:52,36,37,12359,24302
2023-11-22 11:25:58,36,38,12359,24302
2023-11-22 11:26:03,36,39,12359,24302
2023-11-22 11:26:08,36,38,12359,24302
2023-11-22 11:26:51,36,39,12359,24302
2023-11-22 11:26:51,36,38,12359,24302
2023-11-22 11:26:51,36,39,12359,24302
2023-11-22 11:26:55,36,38,12359,24302
2023-11-22 11:27:06,37,38,12359,24302
2023-11-22 11:27:08,36,38,12359,24302
2023-11-22 11:27:10,37,38,12359,24302
2023-11-22 11:27:11,37,39,12359,24302
2023-11-22 11:27:40,38,39,12359,24302
2023-11-22 11:27:41,37,39,12359,24302
2023-11-22 11:27:55,36,39,12359,24302
2023-11-22 11:27:56,37,39,12359,24302
2023-11-22 11:27:57,38,39,12359,24302
2023-11-22 11:27:57,38,39,12609,24552
2023-11-22 11:27:57,38,40,12609,24552
2023-11-22 11:28:13,39,40,12609,24552
2023-11-22 11:28:28,38,40,12609,24552
2023-11-22 11:28:43,39,40,12609,24552
2023-11-22 11:28:44,38,40,12609,24552
2023-11-22 11:28:44,39,40,12609,24552
2023-11-22 11:28:46,38,40,12609,24552
2023-11-22 11:28:55,39,40,12609,24552
2023-11-22 11:28:56,38,40,12609,24552
2023-11-22 11:29:09,37,40,12609,24552
2023-11-22 11:29:15,38,40,12609,24552
2023-11-22 11:29:18,38,39,12609,24552
2023-11-22 11:29:18,37,39,12609,24552
2023-11-22 11:29:31,38,39,12609,24552
2023-11-22 11:29:32,37,39,12609,24552
2023-11-22 11:29:49,36,39,12609,24552
2023-11-22 11:29:52,36,38,12609,24552
2023-11-22 11:29:55,35,38,12609,24552
2023-11-22 11:30:00,35,37,12609,24552
2023-11-22 11:30:01,34,37,12609,24552
2023-11-22 11:30:12,34,36,12609,24552
2023-11-22 11:30:37,34,35,12609,24552
2023-11-22 11:30:40,34,35,12359,24802
2023-11-22 11:30:40,33,35,12359,24802
2023-11-22 11:30:58,33,34,12359,24802
2023-11-22 11:31:15,32,34,12159,25002
2023-11-22 11:31:21,32,33,12159,25002
2023-11-22 11:31:22,32,34,12159,25002
2023-11-22 11:31:23,32,33,12159,25002
2023-11-22 11:31:45,32,34,12159,25002
2023-11-22 11:31:49,33,34,12159,25002
2023-11-22 11:31:49,33,35,12159,25002
2023-11-22 11:31:58,32,35,12159,25002
2023-11-22 11:32:01,33,35,12159,25002
2023-11-22 11:32:19,33,34,12159,25002
2023-11-22 11:32:19,32,34,12159,25002
2023-11-22 11:32:35,33,34,12159,25002
2023-11-22 11:32:36,32,34,12159,25002
2023-11-22 11:33:17,32,33,12159,25002
2023-11-22 11:33:22,31,33,12159,25002
2023-11-22 11:33:35,31,32,12159,25002
2023-11-22 11:33:35,31,33,12159,25002
2023-11-22 11:33:36,31,32,12159,25002
2023-11-22 11:33:36,31,33,12159,25002
2023-11-22 11:33:50,31,32,12159,25002
2023-11-22 11:33:52,31,33,12159,25002
2023-11-22 11:34:10,31,32,12159,25002
2023-11-22 11:34:24,31,33,12159,25002
2023-11-22 11:34:27,31,34,12159,25002
2023-11-22 11:34:40,32,34,12159,25002
2023-11-22 11:34:45,32,33,12159,25002
2023-11-22 11:34:48,32,34,12159,25002
2023-11-22 11:34:58,32,35,12159,25002
2023-11-22 11:35:02,33,35,12159,25002
2023-11-22 11:35:07,34,35,12159,25002
2023-11-22 11:35:09,33,35,12159,25002
2023-11-22 11:35:18,34,35,12159,25002
2023-11-22 11:35:19,33,35,12159,25002
2023-11-22 11:35:45,33,35,12409,25252
2023-11-22 11:35:50,34,35,12409,25252
2023-11-22 11:35:51,34,36,12539,25382
2023-11-22 11:35:52,34,35,12539,25382
2023-11-22 11:35:53,34,36,12662,25505
2023-11-22 11:36:10,34,37,12662,25505
2023-11-22 11:36:10,35,37,12662,25505
2023-11-22 11:36:14,35,36,12662,25505
2023-11-22 11:36:19,34,36,12662,25505
2023-11-22 11:36:24,33,36,12662,25505
2023-11-22 11:36:24,34,36,12662,25505
2023-11-22 11:36:25,33,36,12662,25505
2023-11-22 11:36:30,34,36,12662,25505
2023-11-22 11:36:31,33,36,12662,25505
2023-11-22 11:36:32,34,36,12662,25505
2023-11-22 11:36:49,34,35,12662,25505
2023-11-22 11:36:51,34,36,12662,25505
2023-11-22 11:36:54,33,36,12662,25505
2023-11-22 11:36:54,34,36,12662,25505
2023-11-22 11:36:54,34,35,12662,25505
2023-11-22 11:37:00,34,36,12662,25505
2023-11-22 11:37:18,35,36,12662,25505
2023-11-22 11:37:19,35,37,12662,25505
2023-11-22 11:37:25,34,37,12662,25505
2023-11-22 11:37:28,35,37,12662,25505
2023-11-22 11:37:34,35,36,12662,25505
2023-11-22 11:37:40,34,36,12662,25505
2023-11-22 11:37:40,35,37,12662,25505
2023-11-22 11:37:40,35,36,12662,25505
2023-11-22 11:37:42,35,37,12662,25505
2023-11-22 11:37:54,35,36,12662,25505
2023-11-22 11:37:54,35,37,12662,25505
2023-11-22 11:38:06,35,36,12662,25505
2023-11-22 11:38:08,35,37,12662,25505
2023-11-22 11:38:10,35,36,12662,25505
2023-11-22 11:38:14,34,36,12662,25505
2023-11-22 11:38:26,33,36,12662,25505
2023-11-22 11:38:31,33,35,12662,25505
2023-11-22 11:38:39,33,34,12662,25505
2023-11-22 11:38:39,32,34,12662,25505
2023-11-22 11:38:39,32,35,12662,25505
2023-11-22 11:38:40,33,35,12662,25505
2023-11-22 11:38:58,33,34,12662,25505
2023-11-22 11:38:58,33,35,12662,25505
2023-11-22 11:39:09,33,36,12662,25505
2023-11-22 11:39:12,33,36,12662,25505
2023-11-22 11:39:12,33,35,12662,25505
2023-11-22 11:39:13,33,36,12662,25505
2023-11-22 11:39:15,34,36,12662,25505
2023-11-22 11:39:16,33,36,12662,25505
2023-11-22 11:39:17,34,36,12662,25505
2023-11-22 11:39:19,34,35,12662,25505
2023-11-22 11:39:19,33,36,12662,25505
2023-11-22 11:39:21,33,35,12662,25505
2023-11-22 11:39:22,33,36,12662,25505
2023-11-22 11:39:22,33,35,12662,25505
2023-11-22 11:39:22,34,35,12662,25505
2023-11-22 11:39:23,34,36,12662,25505
2023-11-22 11:39:24,34,35,12662,25505
2023-11-22 11:39:24,34,35,12662,25614
2023-11-22 11:39:40,34,36,12662,25614
2023-11-22 11:39:53,34,37,12662,25614
2023-11-22 11:39:54,34,36,12662,25614
2023-11-22 11:40:09,35,36,12662,25614
2023-11-22 11:40:12,34,36,12662,25614
2023-11-22 11:40:14,34,37,12662,25614
2023-11-22 11:40:14,34,36,12662,25614
2023-11-22 11:40:14,35,36,12662,25614
2023-11-22 11:40:23,34,36,12662,25614
2023-11-22 11:40:28,33,36,12662,25614
2023-11-22 11:40:41,34,36,12662,25614
2023-11-22 11:40:46,33,36,12662,25614
2023-11-22 11:40:46,33,35,12662,25614
2023-11-22 11:41:17,34,35,12662,25614
2023-11-22 11:41:17,34,35,12662,25753
2023-11-22 11:41:17,33,35,12662,25753
2023-11-22 11:41:18,33,36,12662,25753
2023-11-22 11:41:18,33,35,12662,25753
2023-11-22 11:41:25,34,35,12662,25753
2023-11-22 11:41:29,33,35,12662,25753
2023-11-22 11:41:29,34,35,12662,25753
2023-11-22 11:41:30,33,35,12662,25753
2023-11-22 11:41:50,33,34,12662,25753
2023-11-22 11:41:53,33,35,12662,25753
2023-11-22 11:41:58,33,34,12662,25753
2023-11-22 11:42:01,32,34,12662,25753
2023-11-22 11:42:01,32,35,12662,25753
2023-11-22 11:42:01,32,34,12662,25753
2023-11-22 11:42:01,33,34,12662,25753
2023-11-22 11:42:03,32,34,12662,25753
2023-11-22 11:42:14,33,34,12662,25753
2023-11-22 11:42:16,32,34,12662,25753
2023-11-22 11:42:16,32,35,12662,25753
2023-11-22 11:42:16,33,35,12662,25753
2023-11-22 11:42:16,33,34,12662,25753
2023-11-22 11:42:17,33,35,12662,25753
2023-11-22 11:42:18,33,36,12662,25753
2023-11-22 11:42:25,33,35,12662,25753
2023-11-22 11:42:27,32,35,12662,25753
2023-11-22 11:42:29,33,35,12662,25753
2023-11-22 11:42:43,33,36,12662,25753
2023-11-22 11:42:44,33,35,12662,25753
2023-11-22 11:42:52,32,35,12662,25753
2023-11-22 11:42:58,32,34,12662,25753
2023-11-22 11:43:01,31,34,12662,25753
2023-11-22 11:43:10,31,33,12662,25753
2023-11-22 11:43:11,31,34,12662,25753
2023-11-22 11:43:11,31,33,12662,25753
2023-11-22 11:43:20,31,32,12662,25753
2023-11-22 11:43:22,31,33,12662,25753
2023-11-22 11:43:22,31,32,12662,25753
2023-11-22 11:43:26,31,33,12662,25753
2023-11-22 11:43:26,31,32,12662,25753
2023-11-22 11:43:54,30,32,12462,25953
2023-11-22 11:44:02,30,32,12036,26508
2023-11-22 11:44:03,29,32,12036,26508
2023-11-22 11:44:03,29,31,12036,26508
2023-11-22 11:44:19,30,31,12036,26508
2023-11-22 11:44:26,30,32,12036,26508
2023-11-22 11:44:26,29,32,12036,26508
2023-11-22 11:44:26,30,32,12036,26508
2023-11-22 11:44:29,29,31,12036,26508
2023-11-22 11:44:29,29,31,12036,26508
2023-11-22 11:44:29,30,31,12036,26508
2023-11-22 11:44:34,29,31,12036,26508
2023-11-22 11:44:50,29,30,12036,26508
2023-11-22 11:45:13,28,30,12036,26508
2023-11-22 11:45:45,28,29,12036,26508
2023-11-22 11:45:53,28,30,12036,26508
2023-11-22 11:45:54,28,29,12036,26508
2023-11-22 11:45:55,28,30,12036,26508
2023-11-22 11:46:01,28,31,12223,26695
2023-11-22 11:46:03,28,29,12223,26695
2023-11-22 11:46:04,28,29,12473,26945
2023-11-22 11:46:06,28,29,12723,27195
2023-11-22 11:46:08,28,29,12973,27445
2023-11-22 11:46:08,28,29,13223,27695
2023-11-22 11:46:10,28,29,13473,27945
2023-11-22 11:46:11,28,29,13723,28195
2023-11-22 11:46:13,28,29,13973,28445
2023-11-22 11:46:15,28,29,14173,28645
2023-11-22 11:46:15,28,32,14223,28695
2023-11-22 11:46:15,29,32,14223,28695
2023-11-22 11:46:16,29,31,14223,28695
2023-11-22 11:46:17,30,31,14223,28695
2023-11-22 11:46:18,29,31,14223,28695
2023-11-22 11:46:18,30,31,14223,28695
2023-11-22 11:46:18,29,31,14223,28695
2023-11-22 11:46:31,30,31,14223,28695
2023-11-22 11:46:34,29,31,14223,28695
2023-11-22 11:46:35,30,31,14223,28695
2023-11-22 11:46:36,29,31,14223,28695
2023-11-22 11:46:43,29,30,14223,28695
2023-11-22 11:46:44,28,30,14223,28695
2023-11-22 11:46:59,29,30,14223,28695
2023-11-22 11:47:00,28,30,14223,28695
2023-11-22 11:47:00,29,30,14223,28695
2023-11-22 11:47:07,28,30,14223,28695
2023-11-22 11:47:12,29,30,14223,28695
2023-11-22 11:47:13,29,31,14223,28695
2023-11-22 11:47:14,29,30,14223,28695
2023-11-22 11:47:16,29,31,14223,28695
2023-11-22 11:47:29,30,31,14223,28695
2023-11-22 11:47:30,29,31,14223,28695
2023-11-22 11:47:31,30,31,14223,28695
2023-11-22 11:47:35,29,31,14223,28695
2023-11-22 11:47:35,30,31,14223,28695
2023-11-22 11:47:36,29,31,14223,28695
2023-11-22 11:47:40,30,31,14223,28695
2023-11-22 11:47:47,29,31,14223,28695
2023-11-22 11:47:50,29,30,14223,28695
2023-11-22 11:47:59,28,30,14223,28695
2023-11-22 11:48:11,29,30,14223,28695
2023-11-22 11:48:12,28,30,14223,28695
2023-11-22 11:48:30,28,29,14223,28695
2023-11-22 11:48:41,28,30,14223,28695
2023-11-22 11:49:16,28,29,14223,28695
2023-11-22 11:49:22,27,29,14223,28695
2023-11-22 11:49:23,28,29,14223,28695
2023-11-22 11:49:26,28,30,14223,28695
2023-11-22 11:49:31,28,29,14223,28695
2023-11-22 11:49:46,28,30,14223,28695
2023-11-22 11:49:48,28,29,14223,28695
2023-11-22 11:49:53,28,30,14223,28695
2023-11-22 11:49:55,28,29,14223,28695
2023-11-22 11:49:56,28,30,14223,28695
2023-11-22 11:50:11,28,29,14223,28695
2023-11-22 11:50:18,28,30,14223,28695
2023-11-22 11:50:25,29,30,14223,28695
2023-11-22 11:50:26,29,31,14223,28695
2023-11-22 11:50:28,30,31,14223,28695
2023-11-22 11:50:28,30,32,14223,28695
2023-11-22 11:50:31,31,32,14223,28695
2023-11-22 11:50:40,30,32,14223,28695
2023-11-22 11:50:43,30,31,14223,28695
2023-11-22 11:50:45,29,31,14223,28695
2023-11-22 11:50:55,28,31,14223,28695
2023-11-22 11:50:55,28,30,14223,28695
2023-11-22 11:50:59,29,30,14223,28695
2023-11-22 11:51:00,28,30,14223,28695
2023-11-22 11:51:02,29,30,14223,28695
2023-11-22 11:51:07,28,30,14223,28695
2023-11-22 11:51:07,29,30,14223,28695
2023-11-22 11:51:08,29,31,14223,28695
2023-11-22 11:51:14,29,30,14223,28695
2023-11-22 11:51:18,28,30,14223,28695
2023-11-22 11:51:18,29,30,14223,28695
2023-11-22 11:51:38,29,31,14223,28695
2023-11-22 11:51:44,29,30,14223,28695
2023-11-22 11:51:46,28,30,14223,28695
2023-11-22 11:51:46,29,30,14223,28695
2023-11-22 11:52:03,29,31,14223,28695
2023-11-22 11:52:05,29,30,14223,28695
2023-11-22 11:52:07,29,31,14223,28695
2023-11-22 11:52:09,29,30,14223,28695
2023-11-22 11:52:13,28,30,14223,28695
2023-11-22 11:52:13,29,30,14223,28695
2023-11-22 11:52:15,29,31,14223,28695
2023-11-22 11:52:16,28,31,14223,28695
2023-11-22 11:52:16,29,31,14223,28695
2023-11-22 11:52:19,29,30,14223,28695
2023-11-22 11:52:20,29,31,14223,28695
2023-11-22 11:52:21,29,30,14223,28695
2023-11-22 11:52:25,29,31,14223,28695
2023-11-22 11:52:29,29,30,14223,28695
2023-11-22 11:52:33,28,30,14223,28695
2023-11-22 11:52:40,28,29,14223,28695
2023-11-22 11:52:40,27,29,14223,28695
2023-11-22 11:52:48,28,29,14223,28695
2023-11-22 11:53:08,28,30,14223,28695
2023-11-22 11:53:12,28,29,14223,28695
2023-11-22 11:53:20,27,29,14223,28695
2023-11-22 11:53:20,28,29,14223,28695
2023-11-22 11:53:31,27,29,14223,28695
2023-11-22 11:53:31,28,29,14223,28695
2023-11-22 11:53:40,28,30,14223,28695
2023-11-22 11:53:40,29,30,14223,28695
2023-11-22 11:53:53,28,30,14223,28695
2023-11-22 11:53:53,29,30,14223,28695
2023-11-22 11:53:59,29,31,14223,28695
2023-11-22 11:53:59,30,31,14223,28695
2023-11-22 11:54:16,30,32,14223,28895
2023-11-22 11:54:23,31,32,14223,28895
2023-11-22 11:54:26,31,33,14223,28895
2023-11-22 11:54:32,31,32,14223,28895
2023-11-22 11:54:35,30,32,14223,28895
2023-11-22 11:54:36,31,32,14223,28895
2023-11-22 11:54:36,30,32,14223,28895
2023-11-22 11:54:39,31,32,14223,28895
2023-11-22 11:54:52,31,33,14223,28895
2023-11-22 11:54:53,31,32,14223,28895
2023-11-22 11:54:56,31,33,14223,28895
2023-11-22 11:54:58,32,33,14223,28895
2023-11-22 11:54:59,30,33,14223,28895
2023-11-22 11:54:59,31,33,14223,28895
2023-11-22 11:54:59,31,33,14223,28895
2023-11-22 11:54:59,32,33,14223,28895
2023-11-22 11:55:00,31,33,14223,28895
2023-11-22 11:55:03,32,33,14223,28895
2023-11-22 11:55:04,31,33,14223,28895
2023-11-22 11:55:06,32,33,14223,28895
2023-11-22 11:55:19,31,32,14094,29088
2023-11-22 11:55:20,31,33,14094,29088
2023-11-22 11:55:21,30,33,14094,29088
2023-11-22 11:55:21,31,33,14094,29088
2023-11-22 11:55:23,32,33,14094,29088
2023-11-22 11:55:24,31,33,14094,29088
2023-11-22 11:55:30,32,33,14094,29088
2023-11-22 11:55:31,32,34,14294,29288
2023-11-22 11:55:33,31,34,14294,29288
2023-11-22 11:55:36,32,34,14294,29288
2023-11-22 11:55:41,31,34,14294,29288
2023-11-22 11:55:41,31,33,14294,29288
2023-11-22 11:55:47,30,33,14294,29288
2023-11-22 11:55:57,30,32,14294,29288
2023-11-22 11:55:57,29,32,14294,29288
2023-11-22 11:56:10,29,31,14294,29288
2023-11-22 11:56:11,29,32,14294,29288
2023-11-22 11:56:11,29,31,14294,29288
2023-11-22 11:56:29,29,32,14294,29288
2023-11-22 11:56:29,29,31,14294,29288
2023-11-22 11:56:46,29,30,14294,29288
2023-11-22 11:56:49,29,31,14294,29288
2023-11-22 11:56:50,29,30,14294,29288
2023-11-22 11:56:54,29,31,14294,29288
2023-11-22 11:57:02,29,32,14294,29288
2023-11-22 11:57:02,29,31,14294,29288
2023-11-22 11:57:03,29,32,14294,29288
2023-11-22 11:57:09,30,32,14294,29288
2023-11-22 11:57:09,30,33,14294,29288
2023-11-22 11:57:16,29,33,14294,29288
2023-11-22 11:57:17,29,32,14294,29288
2023-11-22 11:57:19,30,32,14294,29288
2023-11-22 11:57:29,29,32,14294,29288
2023-11-22 11:57:29,30,32,14294,29288
2023-11-22 11:57:30,29,32,14294,29288
2023-11-22 11:57:33,29,32,14294,29288
2023-11-22 11:57:33,29,31,14294,29288
2023-11-22 11:57:37,28,31,14294,29288
2023-11-22 11:57:46,29,31,14294,29288
2023-11-22 11:57:51,29,30,14294,29288
2023-11-22 11:57:54,28,30,14294,29288
2023-11-22 11:58:15,29,30,14294,29288
2023-11-22 11:58:16,28,30,14294,29288
2023-11-22 11:58:26,27,30,14294,29288
2023-11-22 11:58:27,28,30,14294,29288
2023-11-22 11:58:32,27,30,14294,29288
2023-11-22 11:58:33,28,30,14294,29288
2023-11-22 11:58:33,27,30,14294,29288
2023-11-22 11:58:33,27,29,14294,29288
2023-11-22 11:58:37,27,29,14044,29538
2023-11-22 11:58:38,26,29,14044,29538
2023-11-22 11:58:38,26,28,14044,29538
2023-11-22 11:59:07,26,27,14044,29538
2023-11-22 11:59:14,25,27,14044,29538
2023-11-22 11:59:28,25,26,14044,29538
2023-11-22 11:59:39,25,27,14044,29538
2023-11-22 11:59:46,25,26,14044,29538
2023-11-22 12:00:25,24,26,14030,29738
2023-11-22 12:00:44,25,26,14030,29738
2023-11-22 12:00:44,25,27,14030,29738
2023-11-22 12:00:47,24,27,14030,29738
2023-11-22 12:00:47,25,27,14030,29738
2023-11-22 12:00:51,24,27,14030,29738
2023-11-22 12:00:52,25,27,14030,29738
2023-11-22 12:00:53,24,27,14030,29738
2023-11-22 12:00:55,25,27,14030,29738
2023-11-22 12:01:04,24,27,14030,29738
2023-11-22 12:01:04,25,27,14030,29738
2023-11-22 12:01:07,25,26,14030,29738
2023-11-22 12:01:08,24,26,14030,29738
2023-11-22 12:01:17,24,27,14030,29738
2023-11-22 12:01:17,24,26,14030,29738
2023-11-22 12:01:23,25,26,14030,29738
2023-11-22 12:01:24,25,27,14030,29738
2023-11-22 12:01:37,25,28,14030,29738
2023-11-22 12:01:37,25,27,14030,29738
2023-11-22 12:01:37,25,28,14030,29738
2023-11-22 12:01:40,26,28,14030,29738
2023-11-22 12:01:41,25,28,14030,29738
2023-11-22 12:01:41,26,28,14030,29738
2023-11-22 12:02:00,26,27,14030,29738
2023-11-22 12:02:03,25,28,14030,29738
2023-11-22 12:02:04,25,27,14030,29738
2023-11-22 12:02:07,24,27,14030,29738
2023-11-22 12:02:21,24,26,14030,29738
2023-11-22 12:02:25,24,25,14030,29738
2023-11-22 12:02:35,24,26,14030,29738
2023-11-22 12:02:37,24,25,14030,29738
2023-11-22 12:02:38,23,25,14030,29738
2023-11-22 12:02:38,24,25,14030,29738
2023-11-22 12:02:42,24,25,13780,29988
2023-11-22 12:02:44,23,25,13780,29988
2023-11-22 12:02:44,24,25,13780,29988
2023-11-22 12:02:49,24,25,13780,30018
2023-11-22 12:02:54,24,26,13780,30018
2023-11-22 12:03:10,24,25,13780,30018
2023-11-22 12:03:13,24,26,13780,30018
2023-11-22 12:03:17,23,26,13780,30018
2023-11-22 12:03:17,24,26,13780,30018
2023-11-22 12:03:29,24,27,13780,30018
2023-11-22 12:03:29,24,26,13780,30018
2023-11-22 12:03:29,25,26,13780,30018
2023-11-22 12:03:49,25,27,13780,30018
2023-11-22 12:03:51,25,28,13780,30018
2023-11-22 12:03:51,26,28,13780,30018
2023-11-22 12:04:05,25,28,13780,30018
2023-11-22 12:04:05,26,28,13780,30018
2023-11-22 12:04:11,25,28,13780,30018
2023-11-22 12:04:11,25,27,13780,30018
2023-11-22 12:04:16,24,27,13780,30018
2023-11-22 12:04:16,25,27,13780,30018
2023-11-22 12:04:16,24,27,13780,30018
2023-11-22 12:04:19,25,27,13780,30018
2023-11-22 12:04:21,24,27,13780,30018
2023-11-22 12:04:21,25,27,13780,30018
2023-11-22 12:04:25,24,27,13780,30018
2023-11-22 12:04:28,25,27,13780,30018
2023-11-22 12:04:32,25,26,13780,30018
2023-11-22 12:04:33,24,26,13780,30018
2023-11-22 12:04:45,25,26,13780,30018
2023-11-22 12:04:47,24,26,13780,30018
2023-11-22 12:05:05,24,26,13530,30268
2023-11-22 12:05:06,24,25,13530,30268
2023-11-22 12:05:06,23,25,13530,30268
2023-11-22 12:05:45,24,25,13530,30268
2023-11-22 12:05:46,23,25,13530,30268
2023-11-22 12:05:47,24,25,13530,30268
2023-11-22 12:06:04,23,25,13530,30268
2023-11-22 12:06:26,23,24,13530,30268
2023-11-22 12:06:27,22,24,13530,30268
2023-11-22 12:07:05,22,23,13530,30268
2023-11-22 12:07:15,21,23,13530,30268
2023-11-22 12:07:23,22,23,13530,30268
2023-11-22 12:07:27,22,24,13530,30268
2023-11-22 12:07:53,21,24,13530,30268
2023-11-22 12:07:53,22,24,13530,30268
2023-11-22 12:07:56,21,24,13530,30268
2023-11-22 12:07:56,22,24,13530,30268
2023-11-22 12:08:26,22,23,13530,30268
2023-11-22 12:08:30,21,23,13530,30268
2023-11-22 12:08:39,20,23,13530,30268
2023-11-22 12:08:40,20,22,13530,30268
2023-11-22 12:08:40,20,22,13480,30518
2023-11-22 12:08:40,19,22,13480,30518
2023-11-22 12:08:41,19,21,13480,30518
2023-11-22 12:08:56,20,21,13480,30518
2023-11-22 12:09:16,19,21,13480,30518
2023-11-22 12:09:16,20,21,13480,30518
2023-11-22 12:09:20,20,22,13480,30518
2023-11-22 12:09:26,19,22,13480,30518
2023-11-22 12:09:26,20,22,13480,30518
2023-11-22 12:09:39,20,21,13480,30518
2023-11-22 12:09:39,19,21,13303,30695
2023-11-22 12:09:39,20,21,13303,30695
2023-11-22 12:09:40,19,21,13303,30695
2023-11-22 12:09:41,20,21,13303,30695
2023-11-22 12:09:43,19,21,13156,30842
2023-11-22 12:09:56,19,20,13156,30842
2023-11-22 12:10:02,19,21,13156,30842
2023-11-22 12:10:03,19,20,13156,30842
2023-11-22 12:10:03,18,19,13053,30945
2023-11-22 12:10:04,18,20,13053,30945
2023-11-22 12:10:06,18,21,13053,30945
2023-11-22 12:10:06,18,20,13053,30945
2023-11-22 12:10:07,18,21,13053,30945
2023-11-22 12:10:19,18,20,13053,30945
2023-11-22 12:10:29,18,21,13053,30945
2023-11-22 12:10:34,18,20,13053,30945
2023-11-22 12:11:00,19,20,13053,30945
2023-11-22 12:11:02,18,20,13053,30945
2023-11-22 12:11:05,18,19,13053,30945
2023-11-22 12:12:21,18,21,13153,31045
2023-11-22 12:12:21,19,21,13153,31045
2023-11-22 12:12:23,19,22,13153,31045
2023-11-22 12:12:37,20,22,13153,31045
2023-11-22 12:12:46,20,21,13153,31045
2023-11-22 12:12:49,20,22,13153,31045
2023-11-22 12:12:50,20,21,13153,31045
2023-11-22 12:12:54,19,21,13153,31045
2023-11-22 12:12:59,19,22,13153,31045
2023-11-22 12:12:59,19,21,13153,31045
2023-11-22 12:13:00,18,21,13153,31045
2023-11-22 12:13:00,19,21,13153,31045
2023-11-22 12:13:13,18,21,13153,31045
2023-11-22 12:13:13,18,20,13153,31045
2023-11-22 12:13:14,18,21,13153,31045
2023-11-22 12:13:14,18,20,13153,31045
2023-11-22 12:13:17,19,20,13153,31045
2023-11-22 12:13:17,19,21,13153,31045
2023-11-22 12:13:22,19,20,13153,31045
2023-11-22 12:13:24,18,20,13153,31045
2023-11-22 12:13:33,19,20,13153,31045
2023-11-22 12:13:37,19,21,13153,31045
2023-11-22 12:13:38,19,21,13153,31158
2023-11-22 12:13:40,19,20,13153,31158
2023-11-22 12:13:43,19,21,13153,31158
2023-11-22 12:14:04,20,21,13153,31158
2023-11-22 12:14:05,20,22,13153,31158
2023-11-22 12:14:10,20,23,13153,31158
2023-11-22 12:14:12,21,23,13153,31158
2023-11-22 12:14:13,21,24,13153,31158
2023-11-22 12:14:14,22,24,13153,31158
2023-11-22 12:14:14,22,25,13153,31158
2023-11-22 12:14:23,22,25,13153,31408
2023-11-22 12:14:24,23,25,13153,31408
2023-11-22 12:14:26,23,26,13270,31558
2023-11-22 12:14:26,24,26,13270,31558
2023-11-22 12:14:29,24,25,13270,31558
2023-11-22 12:14:31,24,26,13270,31558
2023-11-22 12:14:32,25,26,13270,31558
2023-11-22 12:14:33,25,27,13392,31680
2023-11-22 12:14:36,25,28,13592,31880
2023-11-22 12:14:37,26,28,13592,31880
2023-11-22 12:14:40,26,27,13592,31880
2023-11-22 12:14:40,26,28,13592,31880
2023-11-22 12:14:41,26,27,13592,31880
2023-11-22 12:14:46,26,28,13592,31880
2023-11-22 12:14:49,26,27,13592,31880
2023-11-22 12:14:49,26,28,13592,31880
2023-11-22 12:14:50,26,27,13592,31880
2023-11-22 12:14:50,26,28,13692,31980
2023-11-22 12:14:51,26,27,13692,31980
2023-11-22 12:14:52,26,28,13870,32158
2023-11-22 12:14:53,26,27,13870,32158
2023-11-22 12:14:54,26,28,14028,32316
2023-11-22 12:14:56,27,28,14028,32316
2023-11-22 12:14:56,27,28,14028,32376
2023-11-22 12:14:57,26,28,14028,32376
2023-11-22 12:15:00,27,28,14028,32376
2023-11-22 12:15:01,27,30,14028,32376
2023-11-22 12:15:01,27,29,14028,32376
2023-11-22 12:15:01,27,30,14028,32376
2023-11-22 12:15:02,28,30,14028,32376
2023-11-22 12:15:03,28,29,14028,32376
2023-11-22 12:15:07,27,29,14028,32376
2023-11-22 12:15:07,27,28,14028,32376
2023-11-22 12:15:08,26,28,14028,32376
2023-11-22 12:15:19,25,28,14028,32376
2023-11-22 12:15:22,25,27,14028,32376
2023-11-22 12:15:29,24,27,14028,32576
2023-11-22 12:15:29,24,26,14028,32576
2023-11-22 12:15:31,24,27,14028,32576
2023-11-22 12:15:34,24,26,14028,32576
2023-11-22 12:15:49,23,26,14028,32576
2023-11-22 12:15:51,23,25,14028,32576
2023-11-22 12:16:13,24,25,14028,32576
2023-11-22 12:16:13,23,25,14028,32576
2023-11-22 12:16:14,24,25,14028,32576
2023-11-22 12:16:14,24,27,14028,32576
2023-11-22 12:16:18,24,28,14028,32576
2023-11-22 12:16:18,24,27,14028,32576
2023-11-22 12:16:20,25,27,14028,32576
2023-11-22 12:16:27,25,28,14028,32576
2023-11-22 12:16:31,25,27,14028,32576
2023-11-22 12:16:37,24,27,14028,32576
2023-11-22 12:16:49,24,26,14028,32576
2023-11-22 12:16:49,25,26,14028,32576
2023-11-22 12:16:50,25,27,14028,32576
2023-11-22 12:16:51,25,26,14028,32576
2023-11-22 12:17:06,24,26,14028,32576
2023-11-22 12:17:06,24,27,14028,32576
2023-11-22 12:17:06,24,26,14028,32576
2023-11-22 12:17:06,25,26,14028,32576
2023-11-22 12:17:06,24,26,14028,32576
2023-11-22 12:17:26,25,26,14028,32576
2023-11-22 12:17:26,25,26,14028,32696
2023-11-22 12:17:26,24,25,14028,32766
2023-11-22 12:17:27,24,26,14084,32822
2023-11-22 12:17:36,25,26,14084,32822
2023-11-22 12:17:41,24,26,14084,32822
2023-11-22 12:17:42,25,26,14084,32822
2023-11-22 12:17:42,24,26,14084,32822
2023-11-22 12:17:43,25,26,14084,32822
2023-11-22 12:17:44,24,26,14084,32822
2023-11-22 12:17:48,25,26,14084,32822
2023-11-22 12:17:48,25,27,14084,32822
2023-11-22 12:17:48,25,26,14084,32822
2023-11-22 12:17:49,25,26,14334,33072
2023-11-22 12:17:51,25,28,14334,33072
2023-11-22 12:17:51,25,27,14334,33072
2023-11-22 12:17:59,24,27,14334,33072
2023-11-22 12:18:00,24,26,14334,33072
2023-11-22 12:18:00,23,26,14334,33072
2023-11-22 12:18:00,23,25,14334,33072
2023-11-22 12:18:01,23,26,14334,33072
2023-11-22 12:18:01,23,25,14334,33072
2023-11-22 12:18:45,24,25,14334,33072
2023-11-22 12:18:45,24,25,14334,33192
2023-11-22 12:18:45,23,25,14334,33192
2023-11-22 12:18:48,24,25,14334,33192
2023-11-22 12:19:14,24,25,14584,33442
2023-11-22 12:19:14,24,26,14584,33442
2023-11-22 12:19:25,24,25,14584,33442
2023-11-22 12:19:27,23,25,14584,33442
2023-11-22 12:19:43,23,24,14584,33442
2023-11-22 12:19:46,22,24,14584,33442
2023-11-22 12:19:48,22,23,14584,33442
2023-11-22 12:19:54,22,24,14584,33442
2023-11-22 12:19:57,22,23,14584,33442
2023-11-22 12:19:59,22,24,14584,33442
2023-11-22 12:20:02,22,23,14584,33442
2023-11-22 12:20:27,21,23,14584,33442
2023-11-22 12:20:59,22,23,14584,33442
2023-11-22 12:21:00,21,23,14584,33442
2023-11-22 12:21:03,22,23,14584,33442
2023-11-22 12:21:19,21,23,14584,33442
2023-11-22 12:21:19,22,23,14584,33442
2023-11-22 12:21:22,21,23,14584,33442
2023-11-22 12:21:39,22,23,14584,33442
2023-11-22 12:21:49,22,25,14584,33442
2023-11-22 12:21:51,22,24,14584,33442
2023-11-22 12:22:02,23,24,14584,33442
2023-11-22 12:22:02,22,24,14584,33582
2023-11-22 12:22:02,22,23,14584,33582
2023-11-22 12:22:17,21,23,14584,33582
2023-11-22 12:23:01,22,23,14584,33582
2023-11-22 12:23:08,21,23,14584,33582
2023-11-22 12:24:49,21,22,14584,33582
2023-11-22 12:24:50,20,22,14584,33582
2023-11-22 12:24:56,20,23,14584,33582
2023-11-22 12:25:02,20,22,14584,33582
2023-11-22 12:25:02,20,23,14584,33582
2023-11-22 12:25:03,20,22,14584,33582
2023-11-22 12:25:09,21,22,14584,33582
2023-11-22 12:25:09,21,23,14584,33582
2023-11-22 12:25:11,21,22,14584,33582
2023-11-22 12:25:11,20,22,14584,33582
2023-11-22 12:25:13,20,23,14584,33582
2023-11-22 12:25:21,20,23,14584,33582
2023-11-22 12:25:22,20,22,14584,33582
2023-11-22 12:25:25,20,23,14584,33582
2023-11-22 12:25:25,21,23,14584,33582
2023-11-22 12:25:27,20,23,14584,33582
2023-11-22 12:25:27,21,23,14584,33582
2023-11-22 12:25:27,20,23,14584,33582
2023-11-22 12:25:27,20,22,14584,33582
2023-11-22 12:25:38,20,23,14584,33582
2023-11-22 12:25:38,20,22,14584,33582
2023-11-22 12:25:51,20,21,14584,33582
2023-11-22 12:25:54,20,22,14584,33582
2023-11-22 12:25:55,20,21,14584,33582
2023-11-22 12:26:17,19,21,14584,33582
2023-11-22 12:26:33,19,20,14584,33582
2023-11-22 12:26:40,19,21,14584,33582
2023-11-22 12:26:40,19,20,14584,33582
2023-11-22 12:26:41,19,21,14584,33582
2023-11-22 12:27:01,19,22,14584,33582
2023-11-22 12:27:01,20,22,14584,33582
2023-11-22 12:27:02,20,23,14584,33582
2023-11-22 12:27:16,19,23,14584,33582
2023-11-22 12:27:16,19,22,14584,33582
2023-11-22 12:27:17,20,22,14584,33582
2023-11-22 12:27:25,19,22,14584,33582
2023-11-22 12:27:29,19,21,14584,33582
2023-11-22 12:27:31,19,22,14709,33707
2023-11-22 12:27:31,20,22,14709,33707
2023-11-22 12:27:31,20,21,14709,33707
2023-11-22 12:27:32,20,22,14709,33707
2023-11-22 12:27:32,20,21,14709,33707
2023-11-22 12:27:46,19,21,14709,33724
2023-11-22 12:27:48,19,20,14709,33724
2023-11-22 12:27:49,19,21,14709,33724
2023-11-22 12:27:52,19,20,14709,33724
2023-11-22 12:27:56,19,21,14709,33724
2023-11-22 12:27:58,19,20,14709,33724
2023-11-22 12:28:01,19,21,14709,33724
2023-11-22 12:28:12,19,22,14709,33724
2023-11-22 12:28:17,20,22,14709,33724
2023-11-22 12:28:20,20,21,14709,33724
2023-11-22 12:28:21,20,22,14709,33724
2023-11-22 12:28:24,20,23,14709,33724
2023-11-22 12:28:32,21,23,14709,33724
2023-11-22 12:28:35,20,23,14709,33724
2023-11-22 12:28:37,21,23,14709,33724
2023-11-22 12:28:37,20,23,14709,33724
2023-11-22 12:28:40,21,23,14709,33724
2023-11-22 12:28:41,21,22,14709,33724
2023-11-22 12:28:43,20,22,14709,33724
2023-11-22 12:29:04,20,23,14709,33724
2023-11-22 12:29:17,20,22,14709,33724
2023-11-22 12:29:18,20,23,14709,33724
2023-11-22 12:29:18,20,22,14709,33724
2023-11-22 12:29:32,20,23,14709,33724
2023-11-22 12:29:32,20,22,14709,33724
2023-11-22 12:29:49,20,23,14709,33724
2023-11-22 12:29:49,20,22,14709,33724
2023-11-22 12:29:53,21,22,14709,33724
2023-11-22 12:29:54,20,22,14709,33724
2023-11-22 12:29:55,21,22,14709,33724
2023-11-22 12:29:59,20,22,14709,33724
2023-11-22 12:29:59,20,23,14709,33724
2023-11-22 12:29:59,21,23,14709,33724
2023-11-22 12:29:59,21,22,14709,33724
2023-11-22 12:30:00,21,23,14709,33724
2023-11-22 12:30:15,21,22,14709,33724
2023-11-22 12:30:25,21,23,14709,33724
2023-11-22 12:30:26,21,22,14709,33724
2023-11-22 12:30:28,20,22,14709,33724
2023-11-22 12:30:33,21,22,14709,33724
2023-11-22 12:30:35,21,23,14709,33724
2023-11-22 12:31:25,22,23,14709,33724
2023-11-22 12:31:26,21,23,14709,33724
2023-11-22 12:31:27,22,23,14709,33724
2023-11-22 12:31:35,22,25,14849,33864
2023-11-22 12:31:45,23,25,14849,33864
2023-11-22 12:31:46,22,25,14849,33864
2023-11-22 12:31:46,23,25,14849,33864
2023-11-22 12:31:51,23,24,14849,33864
2023-11-22 12:31:52,23,25,14849,33864
2023-11-22 12:32:23,23,26,14849,33864
2023-11-22 12:32:24,24,26,14849,33864
2023-11-22 12:32:25,23,26,14849,33864
2023-11-22 12:32:30,23,25,14849,33864
2023-11-22 12:32:31,23,26,14849,33864
2023-11-22 12:32:31,23,25,14849,33864
2023-11-22 12:32:35,24,25,14849,33864
2023-11-22 12:32:35,24,25,14849,33864
2023-11-22 12:32:37,24,26,14849,33864
2023-11-22 12:32:40,24,25,14849,33864
2023-11-22 12:32:49,24,26,14849,33864
2023-11-22 12:33:17,25,26,14849,33864
2023-11-22 12:33:24,24,26,14849,33864
2023-11-22 12:33:27,25,26,14849,33864
2023-11-22 12:33:29,25,27,15049,34064
2023-11-22 12:33:30,25,29,15049,34064
2023-11-22 12:33:30,26,29,15049,34064
2023-11-22 12:33:30,27,29,15049,34064
2023-11-22 12:33:31,28,29,15049,34064
2023-11-22 12:33:31,28,30,15049,34064
2023-11-22 12:33:37,28,31,15249,34264
2023-11-22 12:33:46,28,30,15249,34264
2023-11-22 12:33:47,28,29,15249,34264
2023-11-22 12:33:54,28,30,15249,34264
2023-11-22 12:33:58,28,29,15249,34264
2023-11-22 12:33:59,27,29,15249,34264
2023-11-22 12:34:17,26,29,15249,34264
2023-11-22 12:34:23,26,28,15249,34264
2023-11-22 12:34:25,26,28,15124,34389
2023-11-22 12:34:28,25,28,15124,34389
2023-11-22 12:34:33,26,28,15124,34389
2023-11-22 12:34:33,26,27,15124,34389
2023-11-22 12:34:33,25,27,15124,34389
2023-11-22 12:34:35,25,28,15124,34389
2023-11-22 12:34:35,26,28,15124,34389
2023-11-22 12:34:43,25,28,15124,34389
2023-11-22 12:34:43,25,29,15124,34389
2023-11-22 12:34:43,26,29,15124,34389
2023-11-22 12:34:46,26,27,15124,34389
2023-11-22 12:34:54,25,27,15124,34389
2023-11-22 12:35:08,25,28,15124,34389
2023-11-22 12:35:08,25,27,15124,34389
2023-11-22 12:35:15,26,27,15124,34389
2023-11-22 12:35:17,25,27,15124,34389
2023-11-22 12:35:30,25,28,15124,34389
2023-11-22 12:35:30,25,27,15124,34389
2023-11-22 12:35:32,26,27,15124,34389
2023-11-22 12:35:36,26,28,15124,34389
2023-11-22 12:35:50,25,28,15124,34389
2023-11-22 12:35:50,25,27,15124,34389
2023-11-22 12:35:52,25,28,15124,34389
2023-11-22 12:35:52,26,28,15124,34389
2023-11-22 12:36:01,25,28,15124,34389
2023-11-22 12:36:12,23,27,15124,34389
2023-11-22 12:36:18,23,26,15124,34389
2023-11-22 12:36:24,24,26,15124,34389
2023-11-22 12:36:24,24,27,15124,34389
2023-11-22 12:36:25,24,26,15124,34389
2023-11-22 12:36:42,24,25,15124,34389
2023-11-22 12:36:47,23,25,15124,34389
2023-11-22 12:36:49,24,25,15124,34389
2023-11-22 12:36:54,24,26,15124,34389
2023-11-22 12:36:55,24,25,15124,34389
2023-11-22 12:36:57,24,26,15124,34389
2023-11-22 12:37:14,24,25,15124,34389
2023-11-22 12:37:16,23,25,15124,34389
2023-11-22 12:37:17,24,25,15124,34389
2023-11-22 12:37:17,24,26,15124,34389
2023-11-22 12:37:37,24,25,15124,34389
2023-11-22 12:37:43,24,26,15124,34389
2023-11-22 12:37:43,23,26,15124,34389
2023-11-22 12:37:43,24,26,15124,34389
2023-11-22 12:37:43,24,25,15124,34389
2023-11-22 12:37:46,23,25,15124,34389
2023-11-22 12:37:55,24,25,15124,34389
2023-11-22 12:37:56,23,25,15124,34389
2023-11-22 12:37:58,24,25,15124,34389
2023-11-22 12:37:59,24,25,15221,34486
2023-11-22 12:38:00,24,26,15221,34486
2023-11-22 12:38:31,24,25,15221,34486
2023-11-22 12:38:33,24,26,15221,34486
2023-11-22 12:38:34,24,25,15221,34486
2023-11-22 12:38:37,24,26,15221,34486
2023-11-22 12:38:42,24,25,15221,34486
2023-11-22 12:38:44,23,25,15221,34486
2023-11-22 12:39:05,24,25,15221,34486
2023-11-22 12:39:06,23,25,15221,34486
2023-11-22 12:39:08,24,25,15221,34486
2023-11-22 12:39:09,24,26,15221,34486
2023-11-22 12:39:20,23,26,15221,34486
2023-11-22 12:39:20,24,26,15221,34486
2023-11-22 12:39:47,24,25,15221,34486
2023-11-22 12:40:01,24,26,15221,34486
2023-11-22 12:40:09,24,27,15221,34486
2023-11-22 12:40:12,25,27,15221,34486
2023-11-22 12:40:12,25,28,15221,34486
2023-11-22 12:40:28,26,28,15221,34486
2023-11-22 12:40:33,26,27,15221,34486
2023-11-22 12:40:39,25,27,15221,34486
2023-11-22 12:40:39,25,27,15221,34486
2023-11-22 12:40:39,26,27,15221,34486
2023-11-22 12:40:42,25,27,15221,34486
2023-11-22 12:40:49,26,27,15221,34486
2023-11-22 12:40:51,26,28,15221,34486
2023-11-22 12:40:52,25,28,15221,34486
2023-11-22 12:40:52,26,28,15221,34486
2023-11-22 12:40:55,26,27,15221,34486
2023-11-22 12:40:59,25,27,15221,34486
2023-11-22 12:41:04,26,27,15221,34486
2023-11-22 12:41:15,26,28,15221,34486
2023-11-22 12:41:26,26,29,15221,34486
2023-11-22 12:41:28,27,29,15221,34486
2023-11-22 12:41:29,27,30,15221,34486
2023-11-22 12:41:42,27,29,15221,34486
2023-11-22 12:41:43,27,30,15221,34486
2023-11-22 12:41:44,27,29,15221,34486
2023-11-22 12:41:46,27,29,15221,34486
2023-11-22 12:41:50,28,29,15221,34486
2023-11-22 12:41:54,28,30,15221,34486
2023-11-22 12:42:07,27,30,15221,34486
2023-11-22 12:42:07,28,30,15221,34486
2023-11-22 12:42:09,27,30,15221,34486
2023-11-22 12:42:09,27,29,15221,34486
2023-11-22 12:42:18,28,29,15221,34486
2023-11-22 12:42:19,28,30,15221,34486
2023-11-22 12:42:24,28,31,15221,34486
2023-11-22 12:42:30,28,30,15221,34486
2023-11-22 12:42:31,28,31,15221,34486
2023-11-22 12:42:34,28,30,15221,34486
2023-11-22 12:42:52,29,30,15221,34486
2023-11-22 12:42:54,28,30,15221,34486
2023-11-22 12:42:56,28,31,15221,34486
2023-11-22 12:42:56,28,30,15221,34486
2023-11-22 12:42:56,29,30,15221,34486
2023-11-22 12:42:59,28,30,15221,34486
2023-11-22 12:42:59,29,30,15221,34486
2023-11-22 12:43:01,29,31,15221,34486
2023-11-22 12:43:04,29,32,15221,34486
2023-11-22 12:43:16,30,32,15221,34486
2023-11-22 12:43:24,31,32,15221,34486
2023-11-22 12:43:24,31,34,15221,34486
2023-11-22 12:43:32,31,33,15221,34486
2023-11-22 12:43:33,31,34,15221,34486
2023-11-22 12:43:37,32,34,15221,34486
2023-11-22 12:43:37,32,35,15421,34686
2023-11-22 12:43:38,33,35,15421,34686
2023-11-22 12:43:43,33,34,15421,34686
2023-11-22 12:43:44,32,34,15421,34686
2023-11-22 12:43:47,32,35,15421,34686
2023-11-22 12:43:47,32,34,15421,34686
2023-11-22 12:43:57,32,33,15421,34686
2023-11-22 12:43:58,31,33,15421,34686
2023-11-22 12:44:02,31,34,15421,34686
2023-11-22 12:44:03,32,34,15421,34686
2023-11-22 12:44:06,31,34,15421,34686
2023-11-22 12:44:08,32,34,15421,34686
2023-11-22 12:44:09,31,34,15421,34686
2023-11-22 12:44:09,31,33,15421,34686
2023-11-22 12:44:12,31,34,15539,34804
2023-11-22 12:44:13,31,33,15539,34804
2023-11-22 12:44:13,32,33,15539,34804
2023-11-22 12:44:14,32,34,15722,34987
2023-11-22 12:44:14,32,33,15722,34987
2023-11-22 12:44:15,31,33,15722,34987
2023-11-22 12:44:18,32,33,15722,34987
2023-11-22 12:44:20,31,33,15722,34987
2023-11-22 12:44:22,32,33,15722,34987
2023-11-22 12:44:22,32,34,15722,34987
2023-11-22 12:44:23,33,34,15722,34987
2023-11-22 12:44:23,33,35,15722,34987
2023-11-22 12:44:23,33,34,15722,34987
2023-11-22 12:44:23,33,34,15625,35084
2023-11-22 12:44:25,32,34,15625,35084
2023-11-22 12:44:28,32,34,15875,35334
2023-11-22 12:44:28,32,35,15875,35334
2023-11-22 12:44:28,32,34,15875,35334
2023-11-22 12:44:29,33,34,15875,35334
2023-11-22 12:44:29,33,35,15929,35388
2023-11-22 12:44:31,33,36,15929,35388
2023-11-22 12:44:34,33,35,15929,35388
2023-11-22 12:44:39,33,34,15929,35388
2023-11-22 12:44:42,33,35,15929,35388
2023-11-22 12:44:44,33,34,15929,35388
2023-11-22 12:44:53,32,34,15929,35388
2023-11-22 12:45:04,33,34,15929,35388
2023-11-22 12:45:04,33,35,15929,35388
2023-11-22 12:45:04,33,36,15929,35388
2023-11-22 12:45:04,33,35,15929,35388
2023-11-22 12:45:14,33,36,15929,35388
2023-11-22 12:45:18,33,35,15929,35388
2023-11-22 12:45:21,34,35,15929,35388
2023-11-22 12:45:26,33,35,15929,35388
2023-11-22 12:45:41,33,36,15929,35388
2023-11-22 12:45:41,33,35,15929,35388
2023-11-22 12:45:52,33,36,15929,35388
2023-11-22 12:45:59,33,35,15929,35388
2023-11-22 12:46:04,32,35,15929,35388
2023-11-22 12:46:07,32,34,15929,35388
2023-11-22 12:46:13,33,34,15929,35388
2023-11-22 12:46:13,33,35,15929,35388
2023-11-22 12:46:13,33,36,15929,35388
2023-11-22 12:46:14,33,35,15929,35388
2023-11-22 12:46:18,33,34,15929,35388
2023-11-22 12:46:19,33,35,15929,35388
2023-11-22 12:46:20,33,34,15929,35388
2023-11-22 12:46:34,32,34,15929,35388
2023-11-22 12:46:36,32,35,15929,35388
2023-11-22 12:46:36,32,34,15929,35388
2023-11-22 12:46:40,32,33,15929,35388
2023-11-22 12:46:41,32,34,15929,35388
2023-11-22 12:46:42,32,33,15929,35388
2023-11-22 12:46:45,32,34,15929,35388
2023-11-22 12:46:46,32,35,15929,35388
2023-11-22 12:46:46,32,34,15929,35388
2023-11-22 12:46:52,32,33,15929,35388
2023-11-22 12:46:53,32,34,15929,35388
2023-11-22 12:46:55,32,33,15929,35388
2023-11-22 12:46:56,32,34,15929,35388
2023-11-22 12:46:56,32,33,15929,35388
2023-11-22 12:46:56,32,34,15929,35388
2023-11-22 12:46:56,32,33,15929,35388
2023-11-22 12:46:59,32,34,15929,35388
2023-11-22 12:47:17,32,36,15929,35388
2023-11-22 12:47:17,32,34,15929,35388
2023-11-22 12:47:17,32,36,15929,35388
2023-11-22 12:47:17,32,34,15929,35388
2023-11-22 12:47:17,32,36,15929,35388
2023-11-22 12:47:17,32,34,15929,35388
2023-11-22 12:47:17,32,36,15929,35388
2023-11-22 12:47:18,32,34,15929,35388
2023-11-22 12:47:18,32,36,15929,35388
2023-11-22 12:47:18,32,34,15929,35388
2023-11-22 12:47:18,32,36,15929,35388
2023-11-22 12:47:18,32,35,15929,35388
2023-11-22 12:47:18,32,34,15929,35388
2023-11-22 12:47:24,33,34,15929,35388
2023-11-22 12:47:26,32,34,15929,35388
2023-11-22 12:47:27,33,34,15929,35388
2023-11-22 12:47:31,32,34,15929,35388
2023-11-22 12:47:44,31,34,15929,35388
2023-11-22 12:47:47,31,33,15929,35388
2023-11-22 12:47:48,31,34,15929,35388
2023-11-22 12:47:48,31,33,15929,35388
2023-11-22 12:47:54,31,34,15929,35388
2023-11-22 12:47:54,31,33,15929,35388
2023-11-22 12:48:03,32,33,15929,35388
2023-11-22 12:48:03,32,34,15929,35388
2023-11-22 12:48:09,32,35,15929,35388
2023-11-22 12:48:09,32,34,15929,35388
2023-11-22 12:48:10,32,36,15929,35388
2023-11-22 12:48:10,32,35,15929,35388
2023-11-22 12:48:10,32,34,15929,35388
2023-11-22 12:48:11,32,36,15929,35388
2023-11-22 12:48:12,33,36,15929,35388
2023-11-22 12:48:14,34,36,15929,35388
2023-11-22 12:48:18,33,36,15929,35388
2023-11-22 12:48:24,34,36,15929,35388
2023-11-22 12:48:24,35,36,15929,35388
2023-11-22 12:48:24,35,38,15929,35388
2023-11-22 12:48:24,35,37,15929,35388
2023-11-22 12:48:24,35,38,15929,35388
2023-11-22 12:48:24,35,37,15929,35388
2023-11-22 12:48:25,35,38,15929,35388
2023-11-22 12:48:25,35,37,15929,35388
2023-11-22 12:48:25,35,38,15929,35388
2023-11-22 12:48:25,35,37,15929,35388
2023-11-22 12:48:27,36,37,15929,35388
2023-11-22 12:48:27,36,39,15929,35388
2023-11-22 12:48:27,36,38,15929,35388
2023-11-22 12:48:35,35,38,15929,35388
2023-11-22 12:48:40,35,37,15929,35388
2023-11-22 12:48:41,35,36,15929,35388
2023-11-22 12:48:42,35,37,15929,35388
2023-11-22 12:48:42,35,36,15929,35388
2023-11-22 12:48:43,35,37,15929,35388
2023-11-22 12:48:48,35,36,15929,35388
2023-11-22 12:48:50,35,37,15929,35388
2023-11-22 12:48:50,35,36,15929,35388
2023-11-22 12:49:02,35,38,15929,35388
2023-11-22 12:49:02,35,37,15929,35388
2023-11-22 12:49:22,36,37,15929,35388
2023-11-22 12:49:22,36,39,15929,35388
2023-11-22 12:49:22,36,38,15929,35388
2023-11-22 12:49:31,36,37,15929,35388
2023-11-22 12:49:35,36,38,15929,35388
2023-11-22 12:49:38,36,37,15929,35388
2023-11-22 12:49:41,36,38,15929,35388
2023-11-22 12:49:43,36,37,15929,35388
2023-11-22 12:49:48,36,38,15929,35388
2023-11-22 12:49:50,36,37,15929,35388
2023-11-22 12:49:52,36,38,15929,35388
2023-11-22 12:49:52,36,38,15929,35388
2023-11-22 12:49:52,36,37,15929,35388
2023-11-22 12:49:53,36,37,15929,35588
2023-11-22 12:50:05,36,38,15929,35588
2023-11-22 12:50:05,36,37,15929,35588
2023-11-22 12:50:09,36,38,15929,35588
2023-11-22 12:50:09,36,37,15929,35588
2023-11-22 12:50:15,36,38,15929,35588
2023-11-22 12:50:32,36,37,15929,35588
2023-11-22 12:50:35,36,38,15929,35588
2023-11-22 12:50:35,36,37,15929,35588
2023-11-22 12:50:39,35,37,15929,35588
2023-11-22 12:50:51,35,36,15929,35588
2023-11-22 12:50:53,35,37,15929,35588
2023-11-22 12:50:56,35,36,15929,35588
2023-11-22 12:51:06,34,36,15929,35588
2023-11-22 12:51:21,34,35,15929,35588
2023-11-22 12:51:22,33,35,15929,35588
2023-11-22 12:51:46,32,35,15929,35588
2023-11-22 12:51:48,32,34,15929,35588
2023-11-22 12:51:51,32,35,15929,35588
2023-11-22 12:51:51,32,34,15929,35588
2023-11-22 12:52:07,33,34,15929,35588
2023-11-22 12:52:09,33,35,15929,35588
2023-11-22 12:52:11,33,36,15929,35588
2023-11-22 12:52:11,33,35,15929,35588
2023-11-22 12:52:13,33,36,15929,35588
2023-11-22 12:52:17,33,37,15929,35588
2023-11-22 12:52:24,33,36,15929,35588
2023-11-22 12:52:25,34,36,15929,35588
2023-11-22 12:52:28,33,36,15929,35588
2023-11-22 12:52:29,34,36,15929,35588
2023-11-22 12:52:30,33,36,15929,35588
2023-11-22 12:52:31,32,35,15929,35588
2023-11-22 12:52:34,32,34,15929,35588
2023-11-22 12:52:34,31,34,15929,35588
2023-11-22 12:52:39,31,33,15929,35588
2023-11-22 12:52:41,30,33,15729,35788
2023-11-22 12:52:49,30,32,15729,35788
2023-11-22 12:52:50,31,32,15729,35788
2023-11-22 12:52:53,30,32,15729,35788
2023-11-22 12:52:58,30,31,15729,35788
2023-11-22 12:52:58,30,32,15729,35788
2023-11-22 12:53:07,30,33,15729,35788
2023-11-22 12:53:07,31,33,15729,35788
2023-11-22 12:53:11,30,33,15729,35788
2023-11-22 12:53:12,30,32,15729,35788
2023-11-22 12:53:14,30,33,15729,35788
2023-11-22 12:53:15,30,32,15729,35788
2023-11-22 12:53:24,29,32,15729,35788
2023-11-22 12:53:27,29,31,15729,35788
2023-11-22 12:53:34,30,31,15729,35788
2023-11-22 12:53:34,29,31,15729,35788
2023-11-22 12:53:51,28,31,15729,35788
2023-11-22 12:53:51,29,31,15729,35788
2023-11-22 12:53:51,29,31,15729,35788
2023-11-22 12:53:51,30,31,15729,35788
2023-11-22 12:53:52,30,31,15729,35905
2023-11-22 12:53:52,29,31,15729,35905
2023-11-22 12:53:54,30,31,15729,35905
2023-11-22 12:53:59,30,32,15729,35905
2023-11-22 12:54:02,30,33,15729,35905
2023-11-22 12:54:17,31,33,15729,35905
2023-11-22 12:54:21,30,33,15729,35905
2023-11-22 12:54:21,31,33,15729,35905
2023-11-22 12:54:33,31,33,15809,35985
2023-11-22 12:54:38,31,34,15809,35985
2023-11-22 12:54:38,31,33,15809,35985
2023-11-22 12:54:45,31,34,15809,35985
2023-11-22 12:54:45,31,33,15809,35985
2023-11-22 12:54:48,32,33,15809,35985
2023-11-22 12:54:49,31,33,15809,35985
2023-11-22 12:54:50,32,33,15809,35985
2023-11-22 12:55:02,31,33,15809,35985
2023-11-22 12:55:02,31,34,15809,35985
2023-11-22 12:55:02,31,33,15809,35985
2023-11-22 12:55:02,32,33,15809,35985
2023-11-22 12:55:07,32,34,15809,35985
2023-11-22 12:55:36,32,33,15809,35985
2023-11-22 12:55:37,31,33,15659,36135
2023-11-22 12:55:40,30,33,15659,36135
2023-11-22 12:55:42,31,33,15659,36135
2023-11-22 12:55:44,31,34,15659,36135
2023-11-22 12:55:52,31,33,15659,36135
2023-11-22 12:56:03,30,33,15659,36135
2023-11-22 12:56:03,31,34,15659,36135
2023-11-22 12:56:03,31,33,15659,36135
2023-11-22 12:56:05,30,33,15659,36135
2023-11-22 12:56:08,31,33,15659,36135
2023-11-22 12:56:08,31,32,15659,36135
2023-11-22 12:56:10,31,33,15659,36135
2023-11-22 12:56:11,31,32,15659,36135
2023-11-22 12:56:13,30,32,15659,36135
2023-11-22 12:56:22,31,32,15659,36135
2023-11-22 12:56:22,31,33,15659,36135
2023-11-22 12:56:22,31,34,15659,36135
2023-11-22 12:56:30,32,34,15659,36135
2023-11-22 12:56:32,31,34,15659,36135
2023-11-22 12:56:36,32,34,15659,36135
2023-11-22 12:56:38,32,36,15659,36135
2023-11-22 12:56:38,32,35,15659,36135
2023-11-22 12:56:38,32,36,15659,36135
2023-11-22 12:56:39,33,36,15659,36135
2023-11-22 12:56:39,33,35,15659,36135
2023-11-22 12:56:39,33,36,15659,36135
2023-11-22 12:56:40,33,35,15659,36135
2023-11-22 12:56:40,33,36,15659,36135
2023-11-22 12:56:48,33,37,15659,36135
2023-11-22 12:56:49,34,37,15659,36135
2023-11-22 12:56:50,35,37,15659,36135
2023-11-22 12:56:50,35,38,15659,36135
2023-11-22 12:56:53,34,38,15659,36135
2023-11-22 12:56:58,33,38,15659,36135
2023-11-22 12:56:58,33,37,15659,36135
2023-11-22 12:57:04,34,37,15659,36135
2023-11-22 12:57:04,34,36,15659,36135
2023-11-22 12:57:05,33,36,15659,36135
2023-11-22 12:57:12,32,36,15659,36135
2023-11-22 12:57:14,32,35,15659,36135
2023-11-22 12:57:20,31,35,15659,36135
2023-11-22 12:57:23,32,35,15659,36135
2023-11-22 12:57:27,32,34,15659,36135
2023-11-22 12:57:34,32,35,15659,36135
2023-11-22 12:57:34,31,34,15659,36135
2023-11-22 12:57:34,32,34,15659,36135
2023-11-22 12:57:41,31,34,15659,36135
2023-11-22 12:57:41,32,34,15659,36135
2023-11-22 12:57:43,31,34,15659,36135
2023-11-22 12:57:46,30,34,15659,36135
2023-11-22 12:57:52,31,33,15659,36135
2023-11-22 12:57:56,30,33,15659,36135
2023-11-22 12:57:56,31,33,15659,36135
2023-11-22 12:58:12,30,33,15659,36135
2023-11-22 12:58:21,30,32,15659,36135
2023-11-22 12:58:22,29,32,15659,36135
2023-11-22 12:58:26,28,32,15659,36135
2023-11-22 12:58:31,29,32,15659,36135
2023-11-22 12:58:31,28,32,15659,36135
2023-11-22 12:58:32,28,31,15659,36135
2023-11-22 12:58:34,29,31,15659,36135
2023-11-22 12:58:37,28,31,15659,36135
2023-11-22 12:58:42,29,31,15659,36135
2023-11-22 12:58:44,29,30,15659,36135
2023-11-22 12:58:46,28,30,15659,36135
2023-11-22 12:58:57,29,30,15659,36135
2023-11-22 12:59:01,29,31,15659,36135
2023-11-22 12:59:28,28,31,15659,36135
2023-11-22 12:59:28,29,31,15659,36135
2023-11-22 12:59:28,29,30,15659,36135
2023-11-22 12:59:29,28,30,15659,36135
2023-11-22 13:00:04,28,31,15659,36135
2023-11-22 13:00:04,28,30,15659,36135
2023-11-22 13:00:04,28,31,15659,36135
2023-11-22 13:00:07,28,30,15659,36135
2023-11-22 13:00:26,27,30,15659,36135
2023-11-22 13:00:27,27,29,15659,36135
2023-11-22 13:00:31,27,30,15659,36135
2023-11-22 13:00:41,27,29,15659,36135
2023-11-22 13:00:41,28,29,15659,36135
2023-11-22 13:00:42,27,29,15659,36135
2023-11-22 13:00:50,28,29,15659,36135
2023-11-22 13:00:51,28,30,15659,36135
2023-11-22 13:00:56,28,31,15659,36135
2023-11-22 13:01:00,27,31,15659,36135
2023-11-22 13:01:00,28,31,15659,36135
2023-11-22 13:01:03,28,30,15659,36135
2023-11-22 13:01:20,29,30,15659,36135
2023-11-22 13:01:26,28,31,15659,36135
2023-11-22 13:01:32,28,30,15659,36135
2023-11-22 13:01:34,27,30,15659,36135
2023-11-22 13:01:48,28,30,15659,36135
2023-11-22 13:01:50,28,29,15659,36135
2023-11-22 13:01:51,28,30,15659,36135
2023-11-22 13:01:51,27,30,15659,36135
2023-11-22 13:01:51,28,30,15659,36135
2023-11-22 13:01:51,28,29,15659,36135
2023-11-22 13:01:54,28,30,15659,36135
2023-11-22 13:02:00,28,29,15659,36135
2023-11-22 13:02:01,27,29,15659,36135
2023-11-22 13:02:21,26,29,15659,36135
2023-11-22 13:02:23,26,28,15659,36135
2023-11-22 13:02:49,26,29,15659,36135
2023-11-22 13:02:49,26,28,15659,36135
2023-11-22 13:02:53,26,29,15659,36135
2023-11-22 13:02:53,26,28,15659,36135
2023-11-22 13:03:00,27,28,15659,36135
2023-11-22 13:03:01,26,28,15474,36320
2023-11-22 13:03:04,27,28,15474,36320
2023-11-22 13:03:04,27,29,15474,36320
2023-11-22 13:03:06,27,30,15474,36320
2023-11-22 13:03:22,28,30,15474,36320
2023-11-22 13:03:44,28,31,15474,36320
2023-11-22 13:03:49,28,30,15474,36320
2023-11-22 13:04:03,29,30,15474,36320
2023-11-22 13:04:07,28,30,15474,36320
2023-11-22 13:04:07,28,31,15474,36320
2023-11-22 13:04:07,28,30,15474,36320
2023-11-22 13:04:10,29,31,15474,36320
2023-11-22 13:04:11,28,31,15474,36320
2023-11-22 13:04:11,29,31,15474,36320
2023-11-22 13:04:18,29,30,15474,36320
2023-11-22 13:04:30,29,31,15474,36320
2023-11-22 13:04:51,30,31,15474,36320
2023-11-22 13:04:52,30,32,15474,36320
2023-11-22 13:04:58,29,32,15474,36320
2023-11-22 13:04:58,30,33,15474,36320
2023-11-22 13:04:58,30,32,15474,36320
2023-11-22 13:05:03,29,32,15474,36320
2023-11-22 13:05:04,30,32,15474,36320
2023-11-22 13:05:05,29,32,15474,36320
2023-11-22 13:05:05,29,32,15474,36320
2023-11-22 13:05:19,29,32,15474,36320
2023-11-22 13:05:20,28,31,15474,36320
2023-11-22 13:05:27,27,31,15474,36320
2023-11-22 13:05:32,27,30,15474,36320
2023-11-22 13:05:36,26,30,15474,36320
2023-11-22 13:05:36,27,30,15474,36320
2023-11-22 13:05:43,27,29,15474,36320
2023-11-22 13:05:48,26,29,15474,36320
2023-11-22 13:05:50,27,29,15474,36320
2023-11-22 13:05:51,26,29,15474,36320
2023-11-22 13:05:59,26,28,15474,36320
2023-11-22 13:06:10,25,28,15474,36320
2023-11-22 13:06:12,26,28,15474,36320
2023-11-22 13:06:17,26,27,15474,36320
2023-11-22 13:06:21,25,27,15474,36320
2023-11-22 13:06:22,26,27,15474,36320
2023-11-22 13:06:23,25,27,15474,36320
2023-11-22 13:06:42,26,27,15474,36320
2023-11-22 13:06:47,25,27,15474,36320
2023-11-22 13:06:51,25,26,15474,36320
2023-11-22 13:06:51,24,26,15474,36320
2023-11-22 13:06:58,23,26,15474,36320
2023-11-22 13:07:07,23,25,15474,36320
2023-11-22 13:07:08,24,25,15474,36320
2023-11-22 13:07:08,24,26,15474,36320
2023-11-22 13:07:18,24,25,15474,36320
2023-11-22 13:07:19,24,26,15474,36320
2023-11-22 13:07:19,24,25,15474,36320
2023-11-22 13:07:19,24,26,15474,36320
2023-11-22 13:07:33,24,27,15474,36320
2023-11-22 13:07:34,24,26,15474,36320
2023-11-22 13:07:43,23,26,15474,36320
2023-11-22 13:07:43,24,26,15474,36320
2023-11-22 13:07:43,23,26,15474,36320
2023-11-22 13:07:48,24,26,15474,36320
2023-11-22 13:07:50,23,26,15474,36320
2023-11-22 13:07:50,24,26,15474,36320
2023-11-22 13:08:03,24,26,15224,36570
2023-11-22 13:08:03,24,25,15224,36570
2023-11-22 13:08:05,23,25,15070,36724
2023-11-22 13:08:07,24,25,15070,36724
2023-11-22 13:08:09,24,26,15070,36724
2023-11-22 13:08:25,24,25,15070,36724
2023-11-22 13:08:26,24,26,15070,36724
2023-11-22 13:08:27,24,25,15070,36724
2023-11-22 13:08:30,23,25,15070,36724
2023-11-22 13:08:31,23,25,14955,36974
2023-11-22 13:08:32,22,25,14955,36974
2023-11-22 13:08:33,22,24,14955,36974
2023-11-22 13:08:46,23,24,14955,36974
2023-11-22 13:08:47,22,24,14955,37083
2023-11-22 13:08:47,23,24,14955,37083
2023-11-22 13:08:48,22,24,14819,37219
2023-11-22 13:08:49,22,24,14769,37469
2023-11-22 13:08:50,22,23,14769,37469
2023-11-22 13:08:51,22,23,14519,37719
2023-11-22 13:08:52,21,23,14519,37719
2023-11-22 13:09:12,22,23,14519,37719
2023-11-22 13:09:13,21,23,14519,37719
2023-11-22 13:09:14,22,23,14519,37719
2023-11-22 13:09:16,21,23,14519,37719
2023-11-22 13:09:27,22,23,14519,37719
2023-11-22 13:09:55,21,23,14519,37719
2023-11-22 13:09:55,22,23,14519,37719
2023-11-22 13:10:09,21,23,14519,37719
2023-11-22 13:10:09,22,23,14519,37719
2023-11-22 13:10:28,21,23,14519,37719
2023-11-22 13:10:28,22,23,14519,37719
2023-11-22 13:10:43,22,24,14519,37719
2023-11-22 13:11:02,21,24,14519,37719
2023-11-22 13:11:02,22,24,14519,37719
2023-11-22 13:11:03,22,23,14519,37719
2023-11-22 13:11:03,21,23,14519,37719
2023-11-22 13:11:12,20,23,14519,37719
2023-11-22 13:11:12,21,23,14519,37719
2023-11-22 13:11:15,20,23,14519,37719
2023-11-22 13:11:16,20,22,14519,37719
2023-11-22 13:11:26,21,22,14519,37719
2023-11-22 13:11:29,20,22,14519,37719
2023-11-22 13:11:29,21,22,14519,37719
2023-11-22 13:11:38,21,22,14519,37729
2023-11-22 13:11:52,21,22,14519,37838
2023-11-22 13:11:52,20,22,14519,37838
2023-11-22 13:12:07,20,22,14519,37943
2023-11-22 13:12:17,20,21,14519,37943
2023-11-22 13:12:19,20,21,14519,38003
2023-11-22 13:12:23,20,22,14519,38003
2023-11-22 13:12:26,20,21,14519,38003
2023-11-22 13:12:27,20,22,14519,38003
2023-11-22 13:12:28,20,21,14519,38003
2023-11-22 13:12:31,19,21,14519,38003
2023-11-22 13:13:02,20,21,14519,38003
2023-11-22 13:13:04,20,21,14526,38063
