datetime,bid,ask,open_interest,volume
2023-12-04 09:30:23,26,43,10,10
2023-12-04 09:30:44,33,43,10,10
2023-12-04 09:30:47,33,46,10,10
2023-12-04 09:30:47,33,99,10,10
2023-12-04 09:31:00,33,38,10,10
2023-12-04 09:31:00,34,38,10,10
2023-12-04 09:31:00,35,38,10,10
2023-12-04 09:31:01,35,37,10,10
2023-12-04 09:31:02,35,38,10,10
2023-12-04 09:31:18,36,38,10,10
2023-12-04 09:31:27,35,38,10,10
2023-12-04 09:31:32,35,37,10,10
2023-12-04 09:31:44,34,37,10,10
2023-12-04 09:31:44,35,37,10,10
2023-12-04 09:31:45,34,37,10,10
2023-12-04 09:31:45,35,37,10,10
2023-12-04 09:31:55,34,37,10,10
2023-12-04 09:32:02,35,37,10,10
2023-12-04 09:32:07,34,37,10,10
2023-12-04 09:32:13,34,36,10,10
2023-12-04 09:32:16,34,37,10,10
2023-12-04 09:32:25,35,37,10,10
2023-12-04 09:32:31,34,37,10,10
2023-12-04 09:32:32,35,37,10,10
2023-12-04 09:32:44,34,37,10,10
2023-12-04 09:32:44,35,37,10,10
2023-12-04 09:32:48,34,37,10,10
2023-12-04 09:32:58,35,37,10,10
2023-12-04 09:33:14,34,37,10,10
2023-12-04 09:33:15,35,37,10,10
2023-12-04 09:33:24,35,38,10,10
2023-12-04 09:34:27,35,39,10,10
2023-12-04 09:34:36,36,39,10,10
2023-12-04 09:34:52,37,39,260,260
2023-12-04 09:35:00,37,39,510,510
2023-12-04 09:35:00,38,39,510,510
2023-12-04 09:35:49,37,39,510,510
2023-12-04 09:36:06,36,39,510,510
2023-12-04 09:36:17,37,39,510,510
2023-12-04 09:37:10,38,39,510,510
2023-12-04 09:37:22,37,39,510,510
2023-12-04 09:37:22,38,39,510,510
2023-12-04 09:37:27,37,39,510,510
2023-12-04 09:37:27,38,39,510,510
2023-12-04 09:38:11,37,39,510,510
2023-12-04 09:38:11,38,39,510,510
2023-12-04 09:38:12,37,39,510,510
2023-12-04 09:38:14,38,39,510,510
2023-12-04 09:38:29,37,39,510,510
2023-12-04 09:38:29,38,39,510,510
2023-12-04 09:39:10,37,39,510,510
2023-12-04 09:39:50,38,39,510,510
2023-12-04 09:39:50,37,39,636,636
2023-12-04 09:39:50,38,39,636,636
2023-12-04 09:40:19,37,39,636,636
2023-12-04 09:40:20,38,39,636,636
2023-12-04 09:40:37,37,39,636,636
2023-12-04 09:41:42,38,39,636,636
2023-12-04 09:41:58,37,39,636,636
2023-12-04 09:41:58,38,39,636,636
2023-12-04 09:42:03,37,39,636,636
2023-12-04 09:42:04,38,39,636,636
2023-12-04 09:42:05,36,39,636,636
2023-12-04 09:42:05,36,38,636,636
2023-12-04 09:42:07,37,38,636,636
2023-12-04 09:42:10,36,38,636,636
2023-12-04 09:42:13,37,38,636,636
2023-12-04 09:42:29,37,39,696,696
2023-12-04 09:42:55,37,40,696,696
2023-12-04 09:42:57,38,40,696,696
2023-12-04 09:43:44,38,39,696,696
2023-12-04 09:43:56,37,39,696,696
2023-12-04 09:44:20,37,38,696,696
2023-12-04 09:44:21,36,38,696,696
2023-12-04 09:44:22,37,38,696,696
2023-12-04 09:44:22,37,39,696,696
2023-12-04 09:44:25,36,39,696,696
2023-12-04 09:44:26,37,39,696,696
2023-12-04 09:44:26,37,38,696,696
2023-12-04 09:44:26,36,38,696,696
2023-12-04 09:44:27,36,39,696,696
2023-12-04 09:44:32,36,38,696,696
2023-12-04 09:44:33,36,39,696,696
2023-12-04 09:44:33,36,38,696,696
2023-12-04 09:45:07,37,38,696,696
2023-12-04 09:45:08,37,38,696,774
2023-12-04 09:45:15,37,39,696,774
2023-12-04 09:45:15,37,40,696,774
2023-12-04 09:45:20,37,39,696,774
2023-12-04 09:45:37,37,40,696,774
2023-12-04 09:45:44,38,40,696,774
2023-12-04 09:46:04,37,40,696,774
2023-12-04 09:46:11,37,39,696,774
2023-12-04 09:46:18,38,39,696,774
2023-12-04 09:46:21,38,40,696,774
2023-12-04 09:46:21,37,40,696,774
2023-12-04 09:46:24,37,39,696,774
2023-12-04 09:46:27,37,40,696,774
2023-12-04 09:46:35,37,39,696,774
2023-12-04 09:46:53,37,40,696,774
2023-12-04 09:46:54,37,39,696,774
2023-12-04 09:46:55,37,40,696,774
2023-12-04 09:46:59,37,39,696,774
2023-12-04 09:47:06,37,40,696,774
2023-12-04 09:47:14,38,40,696,774
2023-12-04 09:47:16,37,40,696,774
2023-12-04 09:47:20,38,40,696,774
2023-12-04 09:47:25,37,40,696,774
2023-12-04 09:47:36,37,39,696,774
2023-12-04 09:47:39,37,40,696,774
2023-12-04 09:47:42,38,40,696,774
2023-12-04 09:47:47,37,40,696,774
2023-12-04 09:47:48,38,40,696,774
2023-12-04 09:47:48,38,39,696,774
2023-12-04 09:47:49,37,39,696,774
2023-12-04 09:47:50,38,39,696,774
2023-12-04 09:47:52,37,39,696,774
2023-12-04 09:47:57,37,40,696,774
2023-12-04 09:47:59,37,39,696,774
2023-12-04 09:48:00,37,40,696,774
2023-12-04 09:48:13,37,39,696,774
2023-12-04 09:48:14,37,40,696,774
2023-12-04 09:48:14,37,39,696,774
2023-12-04 09:48:15,37,40,696,774
2023-12-04 09:48:17,37,39,696,774
2023-12-04 09:48:18,37,40,696,774
2023-12-04 09:48:23,37,39,696,774
2023-12-04 09:48:25,37,40,696,774
2023-12-04 09:48:29,37,39,696,774
2023-12-04 09:48:39,37,40,696,774
2023-12-04 09:48:46,37,39,696,774
2023-12-04 09:48:58,37,40,696,774
2023-12-04 09:49:02,38,40,696,774
2023-12-04 09:49:05,37,40,696,774
2023-12-04 09:49:12,38,40,696,774
2023-12-04 09:49:43,37,40,696,774
2023-12-04 09:50:02,37,39,696,774
2023-12-04 09:50:05,36,39,696,774
2023-12-04 09:50:21,37,39,696,774
2023-12-04 09:50:23,36,39,696,774
2023-12-04 09:50:24,37,39,696,774
2023-12-04 09:50:27,36,39,696,774
2023-12-04 09:50:52,36,38,696,774
2023-12-04 09:50:52,36,38,696,774
2023-12-04 09:50:55,35,38,696,774
2023-12-04 09:50:58,36,38,696,774
2023-12-04 09:50:59,35,38,696,774
2023-12-04 09:51:04,35,37,696,774
2023-12-04 09:51:26,36,37,696,774
2023-12-04 09:51:27,36,38,696,774
2023-12-04 09:51:54,36,39,696,774
2023-12-04 09:51:58,37,39,696,774
2023-12-04 09:52:13,37,40,696,774
2023-12-04 09:52:18,38,40,696,774
2023-12-04 09:52:28,39,40,696,774
2023-12-04 09:52:47,39,41,796,874
2023-12-04 09:53:20,40,41,796,874
2023-12-04 09:53:46,39,41,796,1074
2023-12-04 09:53:46,39,40,796,1074
2023-12-04 09:53:47,39,41,796,1074
2023-12-04 09:53:50,40,41,796,1074
2023-12-04 09:54:26,40,42,796,1074
2023-12-04 09:55:07,41,42,796,1074
2023-12-04 09:55:17,40,42,796,1074
2023-12-04 09:55:26,41,42,796,1074
2023-12-04 09:56:55,40,42,796,1074
2023-12-04 09:56:57,41,42,796,1074
2023-12-04 09:57:13,40,42,796,1074
2023-12-04 09:57:16,41,42,796,1074
2023-12-04 09:57:55,40,42,796,1074
2023-12-04 09:58:28,40,41,796,1074
2023-12-04 09:58:31,39,41,796,1074
2023-12-04 09:58:31,39,40,796,1074
2023-12-04 09:58:32,39,42,796,1074
2023-12-04 09:58:46,40,42,796,1074
2023-12-04 09:58:55,39,42,796,1074
2023-12-04 09:59:16,40,42,796,1074
2023-12-04 09:59:17,39,42,796,1074
2023-12-04 09:59:26,39,41,796,1074
2023-12-04 09:59:58,39,42,796,1074
2023-12-04 10:00:03,40,42,796,1074
2023-12-04 10:00:04,39,42,796,1074
2023-12-04 10:00:06,40,42,796,1074
2023-12-04 10:00:09,39,42,796,1074
2023-12-04 10:00:09,39,41,796,1074
2023-12-04 10:00:11,39,40,796,1074
2023-12-04 10:00:11,39,41,796,1074
2023-12-04 10:00:11,39,40,796,1074
2023-12-04 10:00:11,39,40,670,1274
2023-12-04 10:00:14,39,41,670,1274
2023-12-04 10:00:50,39,42,670,1274
2023-12-04 10:00:51,40,42,670,1274
2023-12-04 10:00:59,41,42,670,1274
2023-12-04 10:01:08,40,42,670,1274
2023-12-04 10:01:17,41,42,670,1274
2023-12-04 10:01:19,40,42,670,1274
2023-12-04 10:01:19,41,42,670,1274
2023-12-04 10:01:21,40,42,670,1274
2023-12-04 10:01:31,41,42,670,1274
2023-12-04 10:01:48,40,42,670,1274
2023-12-04 10:01:49,39,42,670,1274
2023-12-04 10:01:51,40,42,670,1274
2023-12-04 10:01:56,39,42,670,1274
2023-12-04 10:02:07,40,42,670,1274
2023-12-04 10:02:23,40,41,670,1274
2023-12-04 10:02:30,39,41,670,1274
2023-12-04 10:02:33,40,41,670,1274
2023-12-04 10:02:39,39,41,670,1274
2023-12-04 10:02:40,40,41,670,1274
2023-12-04 10:02:44,39,41,670,1274
2023-12-04 10:02:46,39,40,670,1274
2023-12-04 10:02:46,38,40,670,1274
2023-12-04 10:02:47,39,40,670,1274
2023-12-04 10:02:47,38,40,670,1274
2023-12-04 10:03:02,39,40,670,1274
2023-12-04 10:03:05,39,41,670,1274
2023-12-04 10:03:10,39,42,670,1274
2023-12-04 10:03:25,39,41,670,1274
2023-12-04 10:03:27,39,42,670,1274
2023-12-04 10:03:31,40,42,670,1274
2023-12-04 10:03:40,41,42,670,1274
2023-12-04 10:03:49,41,43,670,1274
2023-12-04 10:04:06,42,43,670,1274
2023-12-04 10:04:12,42,44,670,1274
2023-12-04 10:04:23,43,44,670,1274
2023-12-04 10:04:54,43,45,670,1274
2023-12-04 10:05:14,43,45,820,1424
2023-12-04 10:05:15,44,45,820,1424
2023-12-04 10:06:44,43,45,820,1424
2023-12-04 10:07:12,43,44,820,1424
2023-12-04 10:07:13,43,45,820,1424
2023-12-04 10:07:22,44,45,820,1424
2023-12-04 10:07:56,43,45,820,1424
2023-12-04 10:08:30,42,45,820,1424
2023-12-04 10:08:36,42,44,820,1424
2023-12-04 10:09:01,42,45,820,1424
2023-12-04 10:09:09,43,45,820,1424
2023-12-04 10:09:19,42,45,820,1424
2023-12-04 10:09:19,43,45,820,1424
2023-12-04 10:09:42,42,45,820,1424
2023-12-04 10:09:53,43,45,820,1424
2023-12-04 10:09:55,42,45,820,1424
2023-12-04 10:10:00,42,44,820,1424
2023-12-04 10:10:00,42,45,820,1424
2023-12-04 10:10:02,42,44,820,1424
2023-12-04 10:10:04,41,44,820,1424
2023-12-04 10:10:07,42,44,820,1424
2023-12-04 10:10:20,42,45,820,1424
2023-12-04 10:10:27,43,45,820,1424
2023-12-04 10:10:30,43,44,820,1424
2023-12-04 10:10:31,43,45,820,1424
2023-12-04 10:10:43,43,44,820,1424
2023-12-04 10:10:44,42,44,820,1424
2023-12-04 10:11:19,41,44,820,1424
2023-12-04 10:11:32,42,44,820,1424
2023-12-04 10:11:51,43,44,820,1424
2023-12-04 10:11:52,42,44,820,1424
2023-12-04 10:11:59,41,44,820,1424
2023-12-04 10:12:01,41,43,820,1424
2023-12-04 10:12:48,41,42,820,1424
2023-12-04 10:13:11,41,43,820,1424
2023-12-04 10:13:21,41,42,820,1424
2023-12-04 10:13:29,41,43,820,1424
2023-12-04 10:13:41,41,42,820,1424
2023-12-04 10:14:19,40,42,820,1424
2023-12-04 10:14:21,40,41,820,1424
2023-12-04 10:14:34,39,41,820,1424
2023-12-04 10:14:35,39,40,820,1424
2023-12-04 10:15:29,38,40,820,1424
2023-12-04 10:15:44,38,39,820,1424
2023-12-04 10:15:48,38,40,820,1424
2023-12-04 10:15:55,38,39,820,1424
2023-12-04 10:15:56,37,39,820,1424
2023-12-04 10:15:58,37,38,820,1424
2023-12-04 10:16:00,36,38,820,1424
2023-12-04 10:16:02,35,38,820,1424
2023-12-04 10:16:02,35,37,820,1424
2023-12-04 10:16:37,35,38,820,1424
2023-12-04 10:16:49,35,37,820,1424
2023-12-04 10:16:52,35,36,820,1424
2023-12-04 10:16:54,34,36,820,1424
2023-12-04 10:17:17,34,37,820,1424
2023-12-04 10:17:23,35,37,820,1424
2023-12-04 10:17:27,34,37,820,1424
2023-12-04 10:17:34,34,37,946,1624
2023-12-04 10:17:35,35,37,946,1624
2023-12-04 10:17:41,35,38,946,1624
2023-12-04 10:17:43,35,37,946,1624
2023-12-04 10:17:49,35,36,946,1624
2023-12-04 10:17:49,34,36,946,1624
2023-12-04 10:18:15,35,36,946,1624
2023-12-04 10:18:19,34,36,946,1624
2023-12-04 10:18:45,34,36,1146,1824
2023-12-04 10:18:51,34,37,1146,1824
2023-12-04 10:18:51,35,37,1146,1824
2023-12-04 10:19:03,34,37,1146,1824
2023-12-04 10:19:04,34,36,1146,1824
2023-12-04 10:19:31,34,35,1146,1824
2023-12-04 10:19:32,34,36,1146,1824
2023-12-04 10:19:34,34,35,1146,1824
2023-12-04 10:19:34,33,35,1146,1824
2023-12-04 10:19:51,33,34,1146,1824
2023-12-04 10:19:54,33,35,1146,1824
2023-12-04 10:19:54,33,34,1146,1824
2023-12-04 10:19:57,33,35,1146,1824
2023-12-04 10:19:57,33,34,1146,1824
2023-12-04 10:20:12,33,35,1146,1824
2023-12-04 10:20:13,34,35,1146,1824
2023-12-04 10:20:16,34,36,1146,1824
2023-12-04 10:20:30,35,36,1146,1824
2023-12-04 10:20:31,35,37,1146,1824
2023-12-04 10:20:36,35,36,1146,1824
2023-12-04 10:21:08,34,35,1146,1824
2023-12-04 10:21:18,33,34,1146,1824
2023-12-04 10:21:20,33,35,1146,1824
2023-12-04 10:21:21,33,34,1146,1824
2023-12-04 10:21:22,33,35,1146,1824
2023-12-04 10:21:23,33,34,1146,1824
2023-12-04 10:21:44,33,35,1146,1824
2023-12-04 10:21:45,34,35,1146,1824
2023-12-04 10:21:47,33,35,1146,1824
2023-12-04 10:22:02,33,34,1146,1824
2023-12-04 10:22:21,33,35,1146,1824
2023-12-04 10:22:26,33,34,1146,1824
2023-12-04 10:22:27,32,34,1146,1824
2023-12-04 10:22:34,32,33,1146,1824
2023-12-04 10:22:37,31,33,1146,1824
2023-12-04 10:22:48,31,32,1146,1824
2023-12-04 10:22:50,30,32,1146,1824
2023-12-04 10:22:50,30,31,1146,1824
2023-12-04 10:22:51,29,31,1146,1824
2023-12-04 10:22:53,27,29,1146,2024
2023-12-04 10:23:10,27,28,1146,2024
2023-12-04 10:23:12,26,28,1146,2024
2023-12-04 10:23:13,26,28,1146,2084
2023-12-04 10:23:15,25,28,1146,2084
2023-12-04 10:23:29,25,26,1146,2084
2023-12-04 10:23:32,25,27,1146,2084
2023-12-04 10:23:32,25,26,1146,2084
2023-12-04 10:23:33,24,26,1146,2084
2023-12-04 10:24:10,24,25,1146,2084
2023-12-04 10:24:11,24,26,1146,2084
2023-12-04 10:24:12,24,25,1146,2084
2023-12-04 10:24:24,24,25,996,2234
2023-12-04 10:24:25,23,25,996,2234
2023-12-04 10:24:25,23,24,996,2234
2023-12-04 10:24:31,22,24,996,2234
2023-12-04 10:24:35,21,24,996,2234
2023-12-04 10:24:35,21,22,996,2234
2023-12-04 10:24:35,21,22,996,2297
2023-12-04 10:24:36,20,22,996,2297
2023-12-04 10:25:01,21,22,996,2297
2023-12-04 10:25:05,20,22,996,2297
2023-12-04 10:25:06,21,22,996,2297
2023-12-04 10:25:08,20,22,996,2297
2023-12-04 10:25:15,21,22,996,2297
2023-12-04 10:25:17,21,23,996,2297
2023-12-04 10:25:17,21,24,996,2297
2023-12-04 10:25:18,21,23,996,2297
2023-12-04 10:25:25,21,22,996,2297
2023-12-04 10:25:25,20,22,996,2297
2023-12-04 10:25:38,20,21,996,2297
2023-12-04 10:25:49,19,21,996,2297
2023-12-04 10:25:52,19,21,1196,2497
2023-12-04 10:26:01,19,20,1196,2497
2023-12-04 10:26:01,19,21,1196,2497
2023-12-04 10:26:04,19,20,1196,2497
2023-12-04 10:26:28,19,21,1196,2497
2023-12-04 10:26:30,19,22,1196,2497
2023-12-04 10:26:33,19,21,1196,2497
2023-12-04 10:26:40,19,20,1196,2497
2023-12-04 10:26:42,19,21,1196,2497
2023-12-04 10:26:54,19,20,1196,2497
2023-12-04 10:26:54,18,20,1196,2497
2023-12-04 10:26:55,18,19,1196,2497
2023-12-04 10:26:55,18,20,1196,2497
2023-12-04 10:26:56,18,19,1196,2497
2023-12-04 10:26:56,18,20,1196,2497
2023-12-04 10:26:57,18,19,1196,2497
2023-12-04 10:27:01,17,19,1196,2497
2023-12-04 10:27:12,17,18,1196,2497
2023-12-04 10:27:28,17,19,1196,2497
2023-12-04 10:27:30,17,18,1196,2497
2023-12-04 10:27:43,17,19,1196,2497
2023-12-04 10:27:44,17,18,1196,2497
2023-12-04 10:28:14,17,19,1196,2497
2023-12-04 10:28:14,17,18,1196,2497
2023-12-04 10:28:19,17,19,1196,2612
2023-12-04 10:28:19,17,18,1196,2612
2023-12-04 10:28:29,17,19,1196,2612
2023-12-04 10:28:29,17,18,1196,2612
2023-12-04 10:28:30,17,18,1235,2862
2023-12-04 10:28:56,16,18,1235,2862
2023-12-04 10:29:06,16,17,1235,2862
2023-12-04 10:29:16,16,18,1348,2975
2023-12-04 10:29:17,16,17,1348,2975
2023-12-04 10:29:28,16,18,1348,2975
2023-12-04 10:29:28,16,17,1348,2975
2023-12-04 10:29:31,16,18,1348,2975
2023-12-04 10:29:35,16,19,1348,2975
2023-12-04 10:29:46,17,18,1348,2975
2023-12-04 10:29:46,17,19,1348,2975
2023-12-04 10:29:49,17,18,1348,2975
2023-12-04 10:29:53,17,19,1348,2975
2023-12-04 10:29:54,17,18,1348,2975
2023-12-04 10:29:55,17,19,1348,2975
2023-12-04 10:29:55,17,18,1348,2975
2023-12-04 10:30:01,16,18,1348,2975
2023-12-04 10:30:01,16,17,1348,2975
2023-12-04 10:30:06,16,19,1348,2975
2023-12-04 10:30:06,16,17,1348,2975
2023-12-04 10:30:29,16,19,1348,2975
2023-12-04 10:30:29,16,18,1348,2975
2023-12-04 10:30:30,17,18,1348,2975
2023-12-04 10:30:30,17,19,1348,2975
2023-12-04 10:30:36,17,20,1348,2975
2023-12-04 10:30:43,17,19,1348,2975
2023-12-04 10:30:45,17,18,1348,2975
2023-12-04 10:30:54,17,19,1348,2975
2023-12-04 10:30:54,17,18,1348,2975
2023-12-04 10:30:55,17,19,1348,2975
2023-12-04 10:30:56,17,18,1348,2975
2023-12-04 10:30:56,17,20,1348,2975
2023-12-04 10:30:56,17,19,1348,2975
2023-12-04 10:31:08,17,18,1348,2975
2023-12-04 10:31:13,16,18,1348,2975
2023-12-04 10:31:14,17,18,1348,2975
2023-12-04 10:31:16,16,18,1348,2975
2023-12-04 10:31:27,16,19,1348,2975
2023-12-04 10:31:27,16,18,1348,2975
2023-12-04 10:31:33,16,17,1348,2975
2023-12-04 10:31:37,16,18,1348,2975
2023-12-04 10:31:51,16,17,1348,2975
2023-12-04 10:32:08,16,17,1468,3095
2023-12-04 10:32:18,16,18,1468,3095
2023-12-04 10:32:22,16,19,1468,3095
2023-12-04 10:32:22,17,19,1468,3095
2023-12-04 10:32:32,18,19,1468,3095
2023-12-04 10:32:36,18,20,1468,3095
2023-12-04 10:32:53,18,19,1468,3095
2023-12-04 10:32:56,18,20,1468,3095
2023-12-04 10:32:56,18,19,1468,3095
2023-12-04 10:33:02,18,20,1468,3095
2023-12-04 10:33:11,17,20,1468,3095
2023-12-04 10:33:11,17,19,1468,3095
2023-12-04 10:33:21,16,19,1468,3095
2023-12-04 10:33:22,17,19,1468,3095
2023-12-04 10:33:26,16,19,1468,3095
2023-12-04 10:33:26,17,19,1468,3095
2023-12-04 10:33:34,17,18,1468,3095
2023-12-04 10:33:43,16,18,1468,3095
2023-12-04 10:33:44,16,17,1468,3095
2023-12-04 10:33:47,15,16,1485,3112
2023-12-04 10:34:25,15,16,1685,3312
2023-12-04 10:34:27,14,16,1685,3362
2023-12-04 10:34:49,14,15,1685,3362
2023-12-04 10:34:53,13,15,1685,3362
2023-12-04 10:35:13,13,16,1685,3362
2023-12-04 10:35:17,13,15,1685,3362
2023-12-04 10:35:45,14,15,1685,3362
2023-12-04 10:35:45,14,16,1685,3362
2023-12-04 10:35:48,13,16,1685,3362
2023-12-04 10:36:05,13,15,1685,3362
2023-12-04 10:36:11,14,15,1685,3362
2023-12-04 10:36:12,13,15,1685,3362
2023-12-04 10:36:12,14,15,1685,3362
2023-12-04 10:36:12,13,15,1685,3362
2023-12-04 10:37:09,13,14,1685,3362
2023-12-04 10:37:10,13,15,1685,3362
2023-12-04 10:37:10,13,14,1685,3362
2023-12-04 10:37:17,13,15,1685,3362
2023-12-04 10:38:02,13,16,1685,3362
2023-12-04 10:38:07,14,16,1685,3362
2023-12-04 10:38:15,15,16,1685,3362
2023-12-04 10:38:21,15,17,1685,3362
2023-12-04 10:38:28,16,17,1685,3362
2023-12-04 10:38:37,16,18,2285,3962
2023-12-04 10:38:39,17,18,2285,3962
2023-12-04 10:38:43,17,19,2285,3962
2023-12-04 10:38:53,18,19,2285,3962
2023-12-04 10:39:03,18,19,2485,4162
2023-12-04 10:39:04,18,19,2685,4362
2023-12-04 10:39:08,18,19,2685,4612
2023-12-04 10:39:11,16,19,2685,4612
2023-12-04 10:39:11,16,18,2685,4612
2023-12-04 10:39:20,16,17,2685,4612
2023-12-04 10:39:25,15,17,2685,4612
2023-12-04 10:39:36,14,17,2685,4612
2023-12-04 10:39:37,15,17,2685,4612
2023-12-04 10:40:18,16,17,2685,4612
2023-12-04 10:40:19,16,19,2685,4612
2023-12-04 10:40:37,16,18,2685,4612
2023-12-04 10:40:45,15,18,2685,4612
2023-12-04 10:40:49,16,18,2685,4612
2023-12-04 10:40:52,15,18,2685,4612
2023-12-04 10:41:02,15,17,2685,4612
2023-12-04 10:41:14,15,18,3285,5212
2023-12-04 10:41:14,16,18,3285,5212
2023-12-04 10:41:29,16,19,3915,5842
2023-12-04 10:41:29,16,18,3915,5842
2023-12-04 10:41:42,16,19,3915,5842
2023-12-04 10:41:44,17,19,3915,5842
2023-12-04 10:41:45,16,19,3915,5842
2023-12-04 10:41:49,17,19,3915,5842
2023-12-04 10:41:54,16,19,3915,5842
2023-12-04 10:42:03,17,19,3915,5842
2023-12-04 10:42:05,16,19,3915,5842
2023-12-04 10:42:10,17,19,3915,5842
2023-12-04 10:42:28,17,19,3665,6092
2023-12-04 10:42:30,16,19,3415,6342
2023-12-04 10:42:32,16,18,3415,6342
2023-12-04 10:42:47,17,18,3415,6342
2023-12-04 10:42:49,16,18,3415,6342
2023-12-04 10:42:50,16,19,3415,6342
2023-12-04 10:42:50,17,19,3415,6342
2023-12-04 10:42:51,16,19,3415,6342
2023-12-04 10:42:52,17,19,3415,6342
2023-12-04 10:43:07,17,18,3415,6342
2023-12-04 10:43:07,17,18,3415,6462
2023-12-04 10:43:17,16,18,3415,6683
2023-12-04 10:43:17,16,19,3415,6683
2023-12-04 10:43:28,17,19,3415,6683
2023-12-04 10:43:37,16,19,3415,6683
2023-12-04 10:43:58,17,19,3415,6683
2023-12-04 10:44:22,16,19,3415,6683
2023-12-04 10:44:32,17,19,3415,6683
2023-12-04 10:44:42,16,19,3415,6683
2023-12-04 10:44:49,16,19,3415,6883
2023-12-04 10:44:50,16,18,3415,6883
2023-12-04 10:45:07,17,18,3415,6883
2023-12-04 10:45:09,16,18,3415,6883
2023-12-04 10:45:14,17,18,3415,6883
2023-12-04 10:45:18,16,18,3415,6883
2023-12-04 10:45:23,15,18,3415,7083
2023-12-04 10:45:25,16,18,3415,7083
2023-12-04 10:45:26,15,18,3415,7083
2023-12-04 10:45:43,16,18,3415,7083
2023-12-04 10:45:59,15,18,3415,7083
2023-12-04 10:46:15,14,18,3415,7083
2023-12-04 10:46:51,14,17,3415,7100
2023-12-04 10:46:52,14,16,3415,7100
2023-12-04 10:46:52,14,15,3415,7100
2023-12-04 10:46:55,14,16,3415,7100
2023-12-04 10:46:56,15,16,3415,7100
2023-12-04 10:46:59,15,17,3415,7100
2023-12-04 10:47:03,14,17,3415,7100
2023-12-04 10:47:11,14,16,3415,7100
2023-12-04 10:47:32,15,16,3415,7100
2023-12-04 10:47:34,14,16,3415,7100
2023-12-04 10:47:38,15,16,3415,7100
2023-12-04 10:47:39,15,17,3415,7100
2023-12-04 10:47:51,14,17,3415,7100
2023-12-04 10:47:52,15,17,3415,7100
2023-12-04 10:47:55,14,17,3415,7100
2023-12-04 10:47:56,15,17,3415,7100
2023-12-04 10:47:57,14,17,3415,7100
2023-12-04 10:48:07,14,16,3415,7100
2023-12-04 10:48:26,15,16,3415,7100
2023-12-04 10:48:31,15,17,3415,7100
2023-12-04 10:48:49,14,17,3415,7100
2023-12-04 10:49:00,15,17,3415,7100
2023-12-04 10:49:11,15,17,3415,7155
2023-12-04 10:49:12,14,17,3415,7155
2023-12-04 10:49:14,15,17,3415,7155
2023-12-04 10:49:33,14,17,3415,7155
2023-12-04 10:50:02,14,16,3415,7155
2023-12-04 10:50:08,13,16,3415,7155
2023-12-04 10:50:19,14,16,3415,7155
2023-12-04 10:50:29,13,16,3415,7155
2023-12-04 10:50:34,13,15,3415,7155
2023-12-04 10:50:34,13,14,3415,7155
2023-12-04 10:50:37,13,15,3415,7155
2023-12-04 10:50:59,13,14,3415,7155
2023-12-04 10:51:00,13,14,3415,7245
2023-12-04 10:51:00,12,14,3415,7355
2023-12-04 10:51:05,12,13,3415,7355
2023-12-04 10:51:08,12,13,3435,7375
2023-12-04 10:51:14,12,13,3475,7415
2023-12-04 10:51:57,12,13,3475,7615
2023-12-04 10:52:04,12,14,3563,7703
2023-12-04 10:52:04,12,13,3563,7703
2023-12-04 10:52:05,12,14,3563,7703
2023-12-04 10:52:05,12,13,3563,7703
2023-12-04 10:52:10,12,14,3666,7806
2023-12-04 10:52:10,12,13,3666,7806
2023-12-04 10:52:14,12,14,3851,7991
2023-12-04 10:52:15,12,13,3851,7991
2023-12-04 10:52:25,12,14,3851,7991
2023-12-04 10:52:34,12,13,3851,7991
2023-12-04 10:52:35,12,14,3851,7991
2023-12-04 10:52:36,12,13,3851,7991
2023-12-04 10:52:59,12,14,3851,7991
2023-12-04 10:52:59,12,13,3851,7991
2023-12-04 10:53:17,12,14,3851,7991
2023-12-04 10:53:35,11,12,4041,8181
2023-12-04 10:53:46,10,12,4041,8181
2023-12-04 10:53:52,10,11,4041,8181
2023-12-04 10:54:06,10,12,4041,8181
2023-12-04 10:54:06,10,11,4041,8181
2023-12-04 10:54:08,10,11,4043,8183
2023-12-04 10:54:17,10,12,4043,8183
2023-12-04 10:54:23,10,11,4043,8183
2023-12-04 10:54:36,10,12,4043,8183
2023-12-04 10:54:36,10,11,4043,8183
2023-12-04 10:54:37,10,12,4043,8183
2023-12-04 10:54:49,10,11,4043,8183
2023-12-04 10:54:52,10,12,4043,8183
2023-12-04 10:55:07,10,11,4043,8183
2023-12-04 10:55:28,11,12,4043,8326
2023-12-04 10:55:36,11,12,4043,8328
2023-12-04 10:55:46,11,12,4043,8528
2023-12-04 10:55:51,12,14,4043,8593
2023-12-04 10:55:52,11,14,4043,8593
2023-12-04 10:56:04,11,13,4043,8593
2023-12-04 10:56:04,11,12,4043,8593
2023-12-04 10:56:24,11,13,4043,8593
2023-12-04 10:56:27,11,12,4043,8593
2023-12-04 10:56:47,11,13,4043,8593
2023-12-04 10:56:47,11,12,4043,8593
2023-12-04 10:56:57,11,13,4043,8593
2023-12-04 10:57:01,11,12,4043,8593
2023-12-04 10:57:05,11,13,4043,8593
2023-12-04 10:57:08,11,12,4043,8593
2023-12-04 10:57:32,11,13,4177,8727
2023-12-04 10:57:32,11,12,4177,8727
2023-12-04 10:57:46,11,12,4301,8927
2023-12-04 10:57:47,11,12,4301,9127
2023-12-04 10:57:49,11,12,4301,9327
2023-12-04 10:57:50,11,12,4377,9527
2023-12-04 10:57:52,11,12,4577,9727
2023-12-04 10:57:53,11,12,4777,9927
2023-12-04 10:57:54,10,12,4777,9927
2023-12-04 10:57:55,10,12,4977,10127
2023-12-04 10:57:55,10,11,4977,10127
2023-12-04 10:57:56,10,11,5177,10327
2023-12-04 10:57:58,10,11,5377,10527
2023-12-04 10:57:59,10,11,5577,10727
2023-12-04 10:58:00,10,11,5775,10927
2023-12-04 10:58:02,10,11,5775,11127
2023-12-04 10:58:03,10,11,5868,11327
2023-12-04 10:58:05,10,11,6068,11527
2023-12-04 10:58:06,10,11,6268,11727
2023-12-04 10:58:08,10,11,6468,11927
2023-12-04 10:58:09,10,11,6668,12127
2023-12-04 10:58:10,9,10,6766,12225
2023-12-04 10:58:11,9,11,6868,12327
2023-12-04 10:58:13,9,10,6868,12327
2023-12-04 10:58:14,9,11,7068,12527
2023-12-04 10:58:14,10,11,7068,12527
2023-12-04 10:58:15,10,11,7140,12727
2023-12-04 10:58:18,10,11,7340,12927
2023-12-04 10:58:31,9,11,7340,12927
2023-12-04 10:58:31,9,10,7340,12927
2023-12-04 10:58:32,9,11,7540,13127
2023-12-04 10:58:32,10,11,7540,13127
2023-12-04 10:58:32,9,10,7540,13239
2023-12-04 10:58:33,9,11,7628,13327
2023-12-04 10:58:33,10,11,7628,13327
2023-12-04 10:58:37,10,11,7878,13577
2023-12-04 10:58:42,9,11,7878,13577
2023-12-04 10:59:09,9,11,7878,13827
2023-12-04 10:59:09,10,11,7878,13827
2023-12-04 10:59:10,10,11,7878,14077
2023-12-04 10:59:12,10,11,8128,14327
2023-12-04 10:59:17,10,11,8378,14577
2023-12-04 10:59:19,10,12,8378,14577
2023-12-04 10:59:35,10,12,8378,14827
2023-12-04 10:59:38,10,12,8378,15077
2023-12-04 10:59:40,10,12,8442,15327
2023-12-04 10:59:58,9,12,8442,15327
2023-12-04 10:59:59,10,12,8442,15327
2023-12-04 11:00:01,9,12,8442,15327
2023-12-04 11:00:02,9,11,8442,15327
2023-12-04 11:00:11,10,11,8442,15327
2023-12-04 11:00:14,9,11,8442,15327
2023-12-04 11:00:14,10,11,8442,15327
2023-12-04 11:00:15,9,11,8442,15327
2023-12-04 11:00:15,10,11,8442,15327
2023-12-04 11:00:16,10,12,8442,15327
2023-12-04 11:00:47,9,12,8442,15327
2023-12-04 11:00:53,10,12,8442,15327
2023-12-04 11:01:06,10,11,8442,15327
2023-12-04 11:01:14,9,11,8442,15327
2023-12-04 11:01:17,10,11,8442,15327
2023-12-04 11:01:18,9,11,8442,15327
2023-12-04 11:01:18,9,12,8442,15327
2023-12-04 11:01:18,9,11,8442,15327
2023-12-04 11:01:18,10,11,8442,15327
2023-12-04 11:01:39,9,11,8442,15327
2023-12-04 11:02:05,10,11,8442,15327
2023-12-04 11:02:07,9,11,8442,15327
2023-12-04 11:02:15,10,11,8442,15327
2023-12-04 11:02:15,9,11,8442,15327
2023-12-04 11:02:16,10,11,8442,15327
2023-12-04 11:02:20,9,11,8442,15327
2023-12-04 11:02:20,10,11,8442,15327
2023-12-04 11:02:21,9,11,8442,15327
2023-12-04 11:02:25,10,11,8442,15327
2023-12-04 11:02:27,9,11,8442,15327
2023-12-04 11:02:51,8,11,8306,16327
2023-12-04 11:02:51,8,10,8306,16327
2023-12-04 11:03:03,8,9,8306,16327
2023-12-04 11:03:03,8,9,8246,16387
2023-12-04 11:03:07,8,10,8246,16387
2023-12-04 11:03:23,9,10,8246,16387
2023-12-04 11:03:52,8,10,8246,16387
2023-12-04 11:04:00,8,9,8246,16387
2023-12-04 11:04:07,8,10,8246,16387
2023-12-04 11:04:21,9,10,8246,16387
2023-12-04 11:04:23,8,10,8246,16387
2023-12-04 11:04:23,9,10,8246,16387
2023-12-04 11:05:28,9,11,8246,16387
2023-12-04 11:05:43,10,11,8246,16387
2023-12-04 11:05:44,10,12,8246,16601
2023-12-04 11:05:54,10,13,8246,16601
2023-12-04 11:06:01,10,12,8246,16601
2023-12-04 11:06:38,10,11,8246,16601
2023-12-04 11:06:44,10,12,8246,16601
2023-12-04 11:07:09,10,11,8246,16601
2023-12-04 11:07:18,10,12,8246,16601
2023-12-04 11:07:29,10,11,8246,16601
2023-12-04 11:07:32,10,12,8246,16601
2023-12-04 11:08:11,10,11,8246,16601
2023-12-04 11:08:12,10,12,8246,16601
2023-12-04 11:08:33,10,11,8246,16601
2023-12-04 11:08:36,10,12,8246,16601
2023-12-04 11:08:37,10,11,8246,16601
2023-12-04 11:08:39,10,12,8246,16601
2023-12-04 11:08:56,10,11,8246,16601
2023-12-04 11:09:25,9,11,8246,16601
2023-12-04 11:10:09,8,11,8246,16601
2023-12-04 11:10:09,9,11,8246,16601
2023-12-04 11:11:00,9,10,8246,16601
2023-12-04 11:11:04,8,10,8246,16601
2023-12-04 11:11:21,8,9,8246,16601
2023-12-04 11:11:51,8,10,8246,16801
2023-12-04 11:12:18,8,11,8246,16801
2023-12-04 11:12:27,8,10,8246,16801
2023-12-04 11:12:59,8,11,8246,16801
2023-12-04 11:13:03,8,10,8246,16801
2023-12-04 11:13:29,9,10,8246,16801
2023-12-04 11:13:32,8,10,8246,16801
2023-12-04 11:13:38,9,10,8246,16801
2023-12-04 11:13:39,8,10,8246,16801
2023-12-04 11:13:46,9,10,8246,16801
2023-12-04 11:13:47,8,10,8246,16801
2023-12-04 11:13:48,9,10,8246,16801
2023-12-04 11:13:52,9,11,8246,16801
2023-12-04 11:14:04,9,12,8246,16801
2023-12-04 11:14:15,9,11,8246,16801
2023-12-04 11:14:19,10,11,8246,16801
2023-12-04 11:14:29,10,12,8246,16801
2023-12-04 11:14:38,10,13,8246,16801
2023-12-04 11:14:52,10,12,8246,16801
2023-12-04 11:14:52,10,13,8246,16801
2023-12-04 11:14:53,11,13,8246,16801
2023-12-04 11:14:54,11,12,8246,16801
2023-12-04 11:14:54,11,13,8246,16801
2023-12-04 11:15:00,10,13,8246,16801
2023-12-04 11:15:00,10,12,8246,16801
2023-12-04 11:15:01,11,12,8246,16801
2023-12-04 11:15:01,10,12,8246,16801
2023-12-04 11:15:02,11,12,8246,16801
2023-12-04 11:15:07,11,13,8359,16914
2023-12-04 11:15:07,11,12,8359,16914
2023-12-04 11:15:08,11,13,8534,17089
2023-12-04 11:16:06,10,13,8534,17089
2023-12-04 11:16:07,11,13,8534,17089
2023-12-04 11:16:11,10,13,8534,17089
2023-12-04 11:16:12,11,13,8534,17089
2023-12-04 11:16:39,11,14,8534,17289
2023-12-04 11:16:39,12,14,8534,17289
2023-12-04 11:16:55,12,13,8534,17289
2023-12-04 11:16:56,12,14,8534,17289
2023-12-04 11:16:59,12,13,8534,17289
2023-12-04 11:16:59,12,14,8534,17289
2023-12-04 11:18:30,12,13,8534,17289
2023-12-04 11:18:32,12,14,8534,17289
2023-12-04 11:18:36,12,13,8534,17289
2023-12-04 11:18:59,12,14,8534,17289
2023-12-04 11:19:12,13,14,8534,17289
2023-12-04 11:19:20,13,15,8534,17289
2023-12-04 11:19:25,13,14,8534,17289
2023-12-04 11:19:32,12,14,8734,17489
2023-12-04 11:19:38,12,13,8734,17489
2023-12-04 11:20:02,11,13,8734,17489
2023-12-04 11:20:21,12,13,8734,17489
2023-12-04 11:20:28,12,14,8734,17489
2023-12-04 11:20:55,12,15,8734,17489
2023-12-04 11:20:56,13,15,8734,17489
2023-12-04 11:20:56,13,14,8734,17489
2023-12-04 11:20:57,13,15,8734,17489
2023-12-04 11:21:00,13,14,8734,17489
2023-12-04 11:21:00,12,14,8734,17489
2023-12-04 11:21:01,12,13,8734,17489
2023-12-04 11:21:05,12,14,8734,17489
2023-12-04 11:21:07,12,13,8734,17489
2023-12-04 11:21:24,12,13,8984,17739
2023-12-04 11:21:31,11,13,8984,17739
2023-12-04 11:22:08,10,13,8984,17739
2023-12-04 11:22:09,10,12,8984,17739
2023-12-04 11:22:21,11,12,8984,17739
2023-12-04 11:22:27,10,12,8984,17869
2023-12-04 11:23:32,10,12,8984,17869
2023-12-04 11:23:38,11,12,8984,17869
2023-12-04 11:23:40,11,13,8984,17869
2023-12-04 11:23:41,12,13,8984,17869
2023-12-04 11:23:44,12,13,9234,18119
2023-12-04 11:23:45,12,14,9234,18119
2023-12-04 11:23:53,12,15,9234,18119
2023-12-04 11:24:01,13,15,9234,18119
2023-12-04 11:24:11,14,15,9234,18119
2023-12-04 11:24:11,14,15,9284,18369
2023-12-04 11:24:12,14,16,9434,18519
2023-12-04 11:24:17,15,16,9434,18519
2023-12-04 11:24:20,15,17,9434,18519
2023-12-04 11:24:28,15,16,9434,18519
2023-12-04 11:24:50,15,16,9634,18719
2023-12-04 11:24:51,14,16,9634,18719
2023-12-04 11:24:51,14,15,9634,18719
2023-12-04 11:24:59,13,15,9634,18719
2023-12-04 11:24:59,13,14,9634,18719
2023-12-04 11:25:00,12,14,9834,18919
2023-12-04 11:25:03,12,13,9834,18919
2023-12-04 11:26:29,12,14,9834,18919
2023-12-04 11:26:38,12,13,9834,18919
2023-12-04 11:27:04,12,14,9834,18919
2023-12-04 11:27:16,13,14,9834,18919
2023-12-04 11:27:18,13,15,9834,18919
2023-12-04 11:27:27,13,16,9834,18919
2023-12-04 11:27:27,13,15,9834,18919
2023-12-04 11:27:30,14,15,9834,18919
2023-12-04 11:27:30,14,16,9834,18919
2023-12-04 11:27:34,14,17,9834,18919
2023-12-04 11:27:47,14,16,9834,18919
2023-12-04 11:27:53,15,16,9834,18919
2023-12-04 11:27:53,15,17,9971,19056
2023-12-04 11:27:53,15,16,9971,19056
2023-12-04 11:27:54,15,17,10129,19214
2023-12-04 11:27:55,15,16,10129,19214
2023-12-04 11:28:10,15,17,10129,19214
2023-12-04 11:28:23,15,16,10129,19214
2023-12-04 11:28:36,15,17,10129,19214
2023-12-04 11:29:41,16,17,10129,19214
2023-12-04 11:29:41,16,18,10129,19214
2023-12-04 11:30:03,16,17,10129,19214
2023-12-04 11:30:03,15,17,10129,19214
2023-12-04 11:30:07,15,18,10129,19214
2023-12-04 11:30:22,15,17,10129,19214
2023-12-04 11:30:26,15,18,10129,19214
2023-12-04 11:30:30,15,17,10129,19214
2023-12-04 11:30:31,15,18,10129,19214
2023-12-04 11:30:32,16,18,10129,19214
2023-12-04 11:30:41,16,19,10129,19214
2023-12-04 11:30:42,16,18,10129,19214
2023-12-04 11:30:45,16,19,10129,19214
2023-12-04 11:30:46,16,18,10129,19214
2023-12-04 11:30:47,16,19,10129,19214
2023-12-04 11:30:48,16,18,10129,19214
2023-12-04 11:30:50,17,18,10129,19214
2023-12-04 11:30:55,17,19,10289,19374
2023-12-04 11:30:55,17,18,10289,19374
2023-12-04 11:31:01,16,18,10289,19374
2023-12-04 11:31:07,15,18,10289,19374
2023-12-04 11:31:20,15,17,10289,19374
2023-12-04 11:31:23,16,17,10289,19374
2023-12-04 11:31:27,15,17,10289,19374
2023-12-04 11:31:29,15,18,10289,19374
2023-12-04 11:31:29,15,17,10289,19374
2023-12-04 11:31:37,16,17,10289,19374
2023-12-04 11:31:37,16,19,10289,19374
2023-12-04 11:31:37,16,18,10289,19374
2023-12-04 11:31:38,16,19,10289,19374
2023-12-04 11:31:53,17,19,10289,19374
2023-12-04 11:32:33,18,19,10289,19374
2023-12-04 11:33:33,18,20,10289,19374
2023-12-04 11:34:39,18,19,10289,19374
2023-12-04 11:34:39,18,20,10289,19374
2023-12-04 11:34:42,18,19,10289,19374
2023-12-04 11:35:28,17,19,10289,19374
2023-12-04 11:35:38,17,18,10289,19374
2023-12-04 11:35:38,17,19,10289,19374
2023-12-04 11:35:39,17,18,10289,19374
2023-12-04 11:35:42,17,19,10289,19374
2023-12-04 11:35:45,17,18,10289,19374
2023-12-04 11:35:56,17,19,10289,19374
2023-12-04 11:36:03,17,18,10289,19374
2023-12-04 11:36:09,17,19,10289,19374
2023-12-04 11:36:13,17,20,10289,19374
2023-12-04 11:36:14,17,19,10289,19374
2023-12-04 11:36:16,17,20,10289,19374
2023-12-04 11:36:26,18,20,10289,19374
2023-12-04 11:36:41,19,20,10289,19374
2023-12-04 11:36:42,19,21,10289,19374
2023-12-04 11:38:02,19,20,10289,19374
2023-12-04 11:38:03,18,20,10289,19374
2023-12-04 11:38:03,18,21,10289,19374
2023-12-04 11:38:13,19,21,10289,19374
2023-12-04 11:38:29,19,20,10289,19374
2023-12-04 11:38:35,18,20,10289,19374
2023-12-04 11:38:46,19,20,10289,19374
2023-12-04 11:38:51,19,21,10289,19374
2023-12-04 11:39:02,19,20,10289,19374
2023-12-04 11:39:16,18,20,10289,19374
2023-12-04 11:39:24,19,20,10289,19374
2023-12-04 11:39:24,19,21,10289,19374
2023-12-04 11:39:26,19,20,10289,19374
2023-12-04 11:39:31,19,21,10289,19374
2023-12-04 11:39:40,19,20,10289,19374
2023-12-04 11:39:41,19,21,10289,19374
2023-12-04 11:39:46,19,20,10289,19374
2023-12-04 11:39:47,18,20,10289,19374
2023-12-04 11:39:51,19,20,10289,19374
2023-12-04 11:39:51,19,21,10289,19374
2023-12-04 11:39:51,19,20,10289,19374
2023-12-04 11:39:54,19,21,10289,19374
2023-12-04 11:40:03,19,22,10289,19374
2023-12-04 11:40:16,20,22,10289,19374
2023-12-04 11:40:24,21,22,10289,19374
2023-12-04 11:40:32,21,23,10289,19374
2023-12-04 11:40:59,21,22,10289,19374
2023-12-04 11:41:06,21,23,10289,19374
2023-12-04 11:41:09,21,22,10289,19374
2023-12-04 11:41:15,20,22,10289,19374
2023-12-04 11:42:01,20,21,10289,19374
2023-12-04 11:42:05,20,22,10289,19374
2023-12-04 11:42:14,20,23,10289,19374
2023-12-04 11:42:18,20,22,10289,19374
2023-12-04 11:42:43,20,21,10289,19374
2023-12-04 11:42:45,20,22,10289,19374
2023-12-04 11:42:45,20,21,10289,19374
2023-12-04 11:42:51,20,22,10289,19374
2023-12-04 11:42:52,20,21,10289,19374
2023-12-04 11:42:54,20,22,10289,19374
2023-12-04 11:42:55,20,21,10289,19374
2023-12-04 11:42:56,20,22,10289,19374
2023-12-04 11:43:01,20,21,10289,19374
2023-12-04 11:43:05,20,23,10289,19374
2023-12-04 11:43:05,20,22,10289,19374
2023-12-04 11:43:23,20,23,10289,19374
2023-12-04 11:43:34,20,22,10289,19374
2023-12-04 11:44:13,20,21,10289,19374
2023-12-04 11:44:30,20,22,10289,19374
2023-12-04 11:44:30,20,21,10289,19374
2023-12-04 11:44:43,19,21,10289,19374
2023-12-04 11:44:46,19,22,10289,19374
2023-12-04 11:44:46,19,21,10289,19374
2023-12-04 11:44:57,19,20,10289,19374
2023-12-04 11:45:02,19,21,10289,19374
2023-12-04 11:45:09,19,22,10289,19374
2023-12-04 11:45:12,20,22,10289,19374
2023-12-04 11:45:12,20,23,10289,19374
2023-12-04 11:45:26,21,23,10289,19374
2023-12-04 11:45:45,22,23,10289,19374
2023-12-04 11:45:51,22,24,10289,19374
2023-12-04 11:45:54,22,23,10289,19374
2023-12-04 11:45:57,22,24,10289,19374
2023-12-04 11:45:57,22,23,10289,19374
2023-12-04 11:45:58,22,24,10289,19374
2023-12-04 11:46:08,22,25,10289,19374
2023-12-04 11:46:14,22,24,10289,19374
2023-12-04 11:46:15,22,25,10289,19374
2023-12-04 11:46:15,22,24,10289,19374
2023-12-04 11:46:15,22,25,10289,19374
2023-12-04 11:46:15,22,24,10289,19374
2023-12-04 11:46:44,22,25,10289,19374
2023-12-04 11:46:51,22,24,10289,19374
2023-12-04 11:46:54,23,24,10289,19374
2023-12-04 11:46:56,22,24,10289,19374
2023-12-04 11:46:56,22,25,10289,19374
2023-12-04 11:46:56,22,24,10289,19374
2023-12-04 11:46:56,23,24,10289,19374
2023-12-04 11:46:58,23,25,10289,19374
2023-12-04 11:47:03,23,26,10289,19374
2023-12-04 11:47:09,24,27,10289,19374
2023-12-04 11:47:09,25,27,10289,19374
2023-12-04 11:47:15,24,27,10289,19374
2023-12-04 11:47:17,25,27,10289,19374
2023-12-04 11:47:19,25,27,10289,19624
2023-12-04 11:47:19,25,28,10289,19624
2023-12-04 11:47:20,26,28,10289,19624
2023-12-04 11:48:15,27,28,10289,19624
2023-12-04 11:48:15,27,29,10289,19624
2023-12-04 11:48:29,27,28,10289,19624
2023-12-04 11:48:35,27,29,10289,19624
2023-12-04 11:48:35,27,28,10289,19624
2023-12-04 11:48:48,26,28,10289,19624
2023-12-04 11:49:00,24,28,10289,19624
2023-12-04 11:49:01,25,28,10289,19624
2023-12-04 11:49:05,25,27,10289,19624
2023-12-04 11:49:40,26,27,10289,19624
2023-12-04 11:49:40,26,29,10289,19624
2023-12-04 11:49:40,26,28,10289,19624
2023-12-04 11:49:49,26,29,10289,19624
2023-12-04 11:49:49,26,28,10289,19624
2023-12-04 11:49:50,25,28,10289,19624
2023-12-04 11:49:50,25,27,10289,19624
2023-12-04 11:50:01,25,28,10289,19624
2023-12-04 11:50:02,26,28,10289,19624
2023-12-04 11:50:09,26,29,10289,19624
2023-12-04 11:50:17,26,28,10289,19624
2023-12-04 11:50:24,26,29,10289,19624
2023-12-04 11:50:26,27,29,10289,19624
2023-12-04 11:50:47,28,29,10289,19624
2023-12-04 11:50:48,28,30,10289,19624
2023-12-04 11:50:52,28,31,10289,19624
2023-12-04 11:50:53,29,31,10289,19624
2023-12-04 11:50:56,29,32,10289,19824
2023-12-04 11:50:57,30,32,10289,19824
2023-12-04 11:51:02,29,32,10289,19824
2023-12-04 11:51:10,29,31,10289,19824
2023-12-04 11:51:19,30,31,10289,19824
2023-12-04 11:51:19,30,32,10289,19824
2023-12-04 11:51:44,31,32,10289,19824
2023-12-04 11:51:44,31,33,10289,19824
2023-12-04 11:51:53,30,33,10289,19824
2023-12-04 11:51:53,30,32,10289,19824
2023-12-04 11:52:00,31,32,10289,19824
2023-12-04 11:52:00,31,33,10289,19824
2023-12-04 11:52:04,31,34,10289,19824
2023-12-04 11:52:08,33,34,10289,19824
2023-12-04 11:52:11,31,34,10289,19824
2023-12-04 11:52:13,32,34,10289,19824
2023-12-04 11:52:19,32,33,10289,19824
2023-12-04 11:52:24,32,34,10289,19824
2023-12-04 11:52:44,32,35,10289,20024
2023-12-04 11:52:45,33,35,10289,20024
2023-12-04 11:52:46,33,34,10289,20024
2023-12-04 11:53:00,32,34,10289,20024
2023-12-04 11:53:12,33,34,10289,20024
2023-12-04 11:53:13,33,35,10289,20024
2023-12-04 11:53:31,33,34,10289,20024
2023-12-04 11:53:34,33,34,10389,20124
2023-12-04 11:53:36,33,35,10389,20124
2023-12-04 11:53:36,33,34,10389,20124
2023-12-04 11:53:41,33,35,10389,20124
2023-12-04 11:53:41,33,34,10389,20124
2023-12-04 11:54:05,33,35,10389,20124
2023-12-04 11:54:07,33,34,10389,20124
2023-12-04 11:54:18,33,35,10389,20124
2023-12-04 11:54:18,33,34,10389,20124
2023-12-04 11:54:24,33,35,10389,20124
2023-12-04 11:54:24,33,34,10389,20124
2023-12-04 11:54:26,33,35,10389,20124
2023-12-04 11:54:26,33,34,10389,20124
2023-12-04 11:54:28,32,34,10389,20124
2023-12-04 11:54:40,31,34,10389,20124
2023-12-04 11:54:47,31,33,10389,20124
2023-12-04 11:54:54,30,33,10389,20124
2023-12-04 11:55:14,31,33,10389,20124
2023-12-04 11:55:16,31,34,10389,20124
2023-12-04 11:55:26,31,35,10389,20124
2023-12-04 11:55:26,32,35,10389,20124
2023-12-04 11:55:34,32,34,10389,20124
2023-12-04 11:55:38,32,35,10389,20124
2023-12-04 11:55:38,32,34,10389,20124
2023-12-04 11:55:39,32,35,10389,20124
2023-12-04 11:55:39,32,34,10389,20124
2023-12-04 11:55:42,32,35,10389,20124
2023-12-04 11:55:43,32,34,10389,20124
2023-12-04 11:55:52,32,35,10389,20124
2023-12-04 11:55:52,32,34,10389,20124
2023-12-04 11:55:58,31,34,10389,20124
2023-12-04 11:56:12,31,33,10389,20124
2023-12-04 11:56:13,32,33,10389,20124
2023-12-04 11:56:13,32,34,10389,20124
2023-12-04 11:56:18,32,35,10389,20124
2023-12-04 11:56:22,33,35,10389,20124
2023-12-04 11:56:24,33,36,10389,20124
2023-12-04 11:56:24,34,36,10389,20124
2023-12-04 11:56:42,34,35,10389,20124
2023-12-04 11:56:44,34,36,10389,20124
2023-12-04 11:56:46,34,35,10389,20124
2023-12-04 11:57:12,34,36,10389,20124
2023-12-04 11:57:26,34,37,10389,20124
2023-12-04 11:57:28,35,37,10389,20124
2023-12-04 11:57:31,34,37,10389,20124
2023-12-04 11:57:33,34,36,10389,20124
2023-12-04 11:57:34,34,37,10389,20124
2023-12-04 11:57:35,34,36,10389,20124
2023-12-04 11:57:36,35,36,10389,20124
2023-12-04 11:57:37,35,37,10389,20124
2023-12-04 11:57:44,35,38,10389,20124
2023-12-04 11:57:47,36,38,10389,20124
2023-12-04 11:57:53,37,38,10389,20124
2023-12-04 11:57:53,37,39,10389,20124
2023-12-04 11:57:54,37,40,10389,20124
2023-12-04 11:57:55,38,40,10389,20124
2023-12-04 11:57:57,38,40,10589,20324
2023-12-04 11:57:57,39,40,10589,20324
2023-12-04 11:57:57,39,41,10589,20324
2023-12-04 11:57:57,39,42,10589,20324
2023-12-04 11:57:59,39,42,10585,20328
2023-12-04 11:58:08,40,42,10585,20328
2023-12-04 11:58:20,41,42,10585,20328
2023-12-04 11:58:25,41,43,10585,20328
2023-12-04 11:58:27,42,43,10585,20328
2023-12-04 11:58:28,41,43,10585,20328
2023-12-04 11:58:48,41,43,10585,20528
2023-12-04 11:58:49,41,44,10585,20528
2023-12-04 11:59:00,42,44,10585,20528
2023-12-04 11:59:00,41,44,10785,20728
2023-12-04 11:59:02,42,44,10785,20728
2023-12-04 11:59:03,42,44,10785,20789
2023-12-04 11:59:09,42,45,10785,20789
2023-12-04 11:59:12,43,45,10785,20789
2023-12-04 11:59:12,43,45,10949,20953
2023-12-04 11:59:13,42,45,10949,20953
2023-12-04 11:59:20,43,45,10949,20953
2023-12-04 11:59:23,44,45,10949,20953
2023-12-04 11:59:23,43,45,11049,21053
2023-12-04 11:59:35,42,45,11049,21053
2023-12-04 11:59:41,43,45,11049,21053
2023-12-04 11:59:42,42,45,11049,21053
2023-12-04 11:59:49,42,44,11049,21053
2023-12-04 11:59:55,42,44,11049,21053
2023-12-04 12:00:02,42,45,11049,21053
2023-12-04 12:00:07,43,45,11049,21053
2023-12-04 12:00:21,42,45,11049,21053
2023-12-04 12:00:22,43,45,11049,21053
2023-12-04 12:00:23,42,45,11049,21053
2023-12-04 12:00:25,42,44,11049,21053
2023-12-04 12:00:28,41,44,11049,21053
2023-12-04 12:00:29,41,43,11049,21053
2023-12-04 12:00:33,40,43,11049,21053
2023-12-04 12:00:35,40,42,11049,21053
2023-12-04 12:00:38,39,42,11049,21053
2023-12-04 12:00:39,39,41,11049,21053
2023-12-04 12:00:42,39,40,11049,21053
2023-12-04 12:00:42,37,40,11049,21053
2023-12-04 12:00:44,38,40,11049,21053
2023-12-04 12:00:47,38,41,11049,21053
2023-12-04 12:00:50,39,41,11049,21053
2023-12-04 12:00:50,39,42,11049,21053
2023-12-04 12:01:07,39,41,11049,21053
2023-12-04 12:01:09,39,42,11049,21053
2023-12-04 12:01:11,40,42,11049,21053
2023-12-04 12:01:15,39,42,11049,21053
2023-12-04 12:01:35,39,41,11049,21053
2023-12-04 12:01:37,40,41,11049,21053
2023-12-04 12:01:38,40,41,11049,21053
2023-12-04 12:01:39,40,42,11049,21053
2023-12-04 12:01:41,39,42,11049,21053
2023-12-04 12:01:42,39,43,11049,21053
2023-12-04 12:01:42,40,43,11049,21053
2023-12-04 12:02:01,41,43,11049,21053
2023-12-04 12:02:13,40,43,11049,21053
2023-12-04 12:02:14,40,42,11049,21053
2023-12-04 12:02:15,39,42,11049,21053
2023-12-04 12:02:19,40,42,11049,21053
2023-12-04 12:02:22,39,42,11049,21053
2023-12-04 12:02:23,40,42,11049,21053
2023-12-04 12:02:24,40,43,11049,21053
2023-12-04 12:02:30,40,42,11049,21053
2023-12-04 12:02:30,40,43,11049,21053
2023-12-04 12:02:38,40,42,11049,21053
2023-12-04 12:02:38,39,42,11049,21053
2023-12-04 12:02:56,40,42,11049,21053
2023-12-04 12:03:02,40,42,11049,21053
2023-12-04 12:03:29,40,43,11049,21053
2023-12-04 12:03:34,41,43,11049,21053
2023-12-04 12:03:39,40,43,11049,21053
2023-12-04 12:03:40,40,42,11049,21053
2023-12-04 12:03:55,40,43,11049,21053
2023-12-04 12:04:00,40,42,11049,21053
2023-12-04 12:04:01,40,43,11049,21053
2023-12-04 12:04:07,40,44,11049,21053
2023-12-04 12:04:13,40,43,11049,21053
2023-12-04 12:04:31,40,42,11049,21053
2023-12-04 12:04:38,40,43,11049,21053
2023-12-04 12:04:38,40,42,11049,21053
2023-12-04 12:04:43,40,43,11049,21053
2023-12-04 12:04:48,40,44,11049,21053
2023-12-04 12:04:57,40,43,11049,21053
2023-12-04 12:05:02,41,43,11049,21053
2023-12-04 12:05:05,41,44,11049,21053
2023-12-04 12:05:14,41,43,11049,21053
2023-12-04 12:05:14,40,43,11049,21053
2023-12-04 12:05:20,40,42,11049,21053
2023-12-04 12:05:21,39,42,11049,21053
2023-12-04 12:05:33,39,41,11049,21053
2023-12-04 12:05:35,38,41,11049,21053
2023-12-04 12:05:50,39,41,11049,21053
2023-12-04 12:05:56,39,42,11049,21053
2023-12-04 12:06:06,40,42,11049,21053
2023-12-04 12:06:09,40,43,11049,21053
2023-12-04 12:06:17,41,43,11049,21053
2023-12-04 12:06:19,41,44,11049,21053
2023-12-04 12:06:20,42,44,11049,21053
2023-12-04 12:06:23,42,45,11049,21053
2023-12-04 12:06:24,43,45,11049,21053
2023-12-04 12:06:40,43,46,11049,21053
2023-12-04 12:06:40,44,46,11049,21053
2023-12-04 12:06:42,43,46,11049,21053
2023-12-04 12:06:42,44,46,11049,21053
2023-12-04 12:06:46,43,46,11049,21053
2023-12-04 12:06:48,43,45,11049,21053
2023-12-04 12:06:57,42,45,11049,21053
2023-12-04 12:06:58,42,44,11049,21053
2023-12-04 12:07:02,41,44,11049,21053
2023-12-04 12:07:02,41,43,11049,21053
2023-12-04 12:07:03,40,43,11049,21053
2023-12-04 12:07:20,40,42,11049,21053
2023-12-04 12:08:26,40,43,11049,21053
2023-12-04 12:08:33,41,43,11049,21053
2023-12-04 12:08:34,42,43,11049,21053
2023-12-04 12:08:34,42,44,11049,21053
2023-12-04 12:08:35,42,45,11049,21053
2023-12-04 12:08:44,43,45,11049,21053
2023-12-04 12:09:02,42,45,11049,21053
2023-12-04 12:09:03,42,44,11049,21053
2023-12-04 12:09:34,41,44,11049,21053
2023-12-04 12:09:37,42,44,11049,21053
2023-12-04 12:09:42,41,44,11049,21053
2023-12-04 12:09:42,42,44,11049,21053
2023-12-04 12:09:51,41,44,11049,21053
2023-12-04 12:09:51,41,43,11049,21053
2023-12-04 12:09:53,40,43,11049,21053
2023-12-04 12:09:57,41,43,11049,21053
2023-12-04 12:09:58,40,43,11049,21053
2023-12-04 12:10:05,41,43,11049,21053
2023-12-04 12:10:08,41,44,11049,21053
2023-12-04 12:10:08,41,43,11049,21053
2023-12-04 12:10:08,41,44,11049,21053
2023-12-04 12:10:25,42,44,11049,21053
2023-12-04 12:10:28,41,44,11049,21053
2023-12-04 12:10:34,41,43,11049,21053
2023-12-04 12:10:34,40,43,11049,21053
2023-12-04 12:10:42,41,43,11049,21053
2023-12-04 12:11:05,40,43,11049,21053
2023-12-04 12:11:19,41,43,11049,21053
2023-12-04 12:11:19,41,42,11049,21053
2023-12-04 12:11:23,40,42,11049,21053
2023-12-04 12:11:47,40,43,11049,21053
2023-12-04 12:11:53,41,43,11049,21053
2023-12-04 12:11:53,41,44,11049,21053
2023-12-04 12:12:02,42,44,11049,21053
2023-12-04 12:12:03,42,45,11049,21053
2023-12-04 12:12:20,43,45,11049,21053
2023-12-04 12:12:20,43,44,11049,21053
2023-12-04 12:12:20,42,44,11049,21169
2023-12-04 12:12:20,43,44,11049,21169
2023-12-04 12:12:22,43,44,11049,21243
2023-12-04 12:12:24,43,45,11049,21243
2023-12-04 12:12:38,43,44,11049,21243
2023-12-04 12:12:38,43,45,11049,21243
2023-12-04 12:12:39,43,45,11049,21382
2023-12-04 12:12:39,43,44,11049,21382
2023-12-04 12:12:39,42,44,11049,21382
2023-12-04 12:12:40,43,44,11049,21382
2023-12-04 12:12:40,43,45,11049,21382
2023-12-04 12:12:58,42,45,11049,21382
2023-12-04 12:13:00,42,44,11049,21382
2023-12-04 12:13:20,42,45,11049,21382
2023-12-04 12:13:32,43,45,11049,21382
2023-12-04 12:13:47,42,45,11049,21382
2023-12-04 12:13:49,43,45,11049,21382
2023-12-04 12:13:52,42,45,11049,21382
2023-12-04 12:14:01,42,44,11049,21382
2023-12-04 12:14:03,42,45,11049,21382
2023-12-04 12:14:03,43,45,11049,21382
2023-12-04 12:14:03,43,45,11049,21505
2023-12-04 12:14:04,43,44,11049,21505
2023-12-04 12:14:05,43,45,11049,21505
2023-12-04 12:14:17,42,45,11049,21505
2023-12-04 12:14:20,43,45,11049,21505
2023-12-04 12:14:37,43,46,11049,21505
2023-12-04 12:14:44,44,46,11049,21505
2023-12-04 12:14:50,43,46,11049,21505
2023-12-04 12:14:51,44,46,11049,21505
2023-12-04 12:14:52,44,45,11049,21505
2023-12-04 12:14:52,43,45,11049,21505
2023-12-04 12:14:53,44,45,11049,21505
2023-12-04 12:14:54,44,46,11049,21505
2023-12-04 12:15:05,45,46,11049,21505
2023-12-04 12:15:05,45,47,11049,21505
2023-12-04 12:15:05,44,47,11249,21705
2023-12-04 12:15:06,45,47,11249,21705
2023-12-04 12:15:07,46,47,11249,21705
2023-12-04 12:15:07,46,48,11249,21705
2023-12-04 12:15:19,45,48,11249,21705
2023-12-04 12:15:24,45,47,11249,21705
2023-12-04 12:15:34,45,48,11249,21705
2023-12-04 12:15:36,46,48,11249,21705
2023-12-04 12:15:55,47,48,11249,21705
2023-12-04 12:15:55,47,49,11249,21705
2023-12-04 12:16:05,47,50,11249,21705
2023-12-04 12:16:09,48,50,11249,21705
2023-12-04 12:16:13,48,51,11249,21705
2023-12-04 12:16:13,49,51,11249,21705
2023-12-04 12:16:34,49,50,11249,21705
2023-12-04 12:16:34,48,50,11249,21705
2023-12-04 12:16:44,47,50,11249,21705
2023-12-04 12:16:45,48,50,11249,21705
2023-12-04 12:16:48,47,50,11249,21705
2023-12-04 12:16:51,48,50,11249,21705
2023-12-04 12:17:03,48,51,11249,21705
2023-12-04 12:17:15,49,51,11249,21705
2023-12-04 12:17:26,48,51,11249,21705
2023-12-04 12:17:30,48,50,11249,21705
2023-12-04 12:17:49,48,49,11249,21705
2023-12-04 12:17:49,47,49,11249,21705
2023-12-04 12:17:50,46,49,11249,21705
2023-12-04 12:18:06,47,49,11249,21705
2023-12-04 12:18:07,46,49,11249,21705
2023-12-04 12:18:08,47,49,11249,21705
2023-12-04 12:18:10,46,49,11249,21705
2023-12-04 12:18:11,47,49,11249,21705
2023-12-04 12:18:17,47,50,11249,21705
2023-12-04 12:18:28,48,50,11249,21705
2023-12-04 12:19:07,47,50,11249,21705
2023-12-04 12:19:09,48,50,11249,21705
2023-12-04 12:19:33,47,50,11249,21705
2023-12-04 12:19:42,48,50,11249,21705
2023-12-04 12:19:49,48,49,11249,21705
2023-12-04 12:19:50,46,49,11249,21705
2023-12-04 12:19:50,47,49,11249,21705
2023-12-04 12:19:57,46,49,11249,21705
2023-12-04 12:20:07,47,49,11249,21705
2023-12-04 12:20:10,47,50,11249,21705
2023-12-04 12:20:18,46,50,11249,21705
2023-12-04 12:20:18,46,49,11249,21705
2023-12-04 12:20:26,46,48,11249,21705
2023-12-04 12:20:33,46,49,11249,21705
2023-12-04 12:20:38,47,49,11249,21705
2023-12-04 12:20:39,47,48,11249,21705
2023-12-04 12:20:39,46,48,11249,21705
2023-12-04 12:20:39,47,48,11249,21705
2023-12-04 12:20:41,47,49,11249,21705
2023-12-04 12:20:49,47,48,11249,21705
2023-12-04 12:20:53,46,48,11249,21705
2023-12-04 12:21:02,46,49,11249,21705
2023-12-04 12:21:04,47,49,11249,21705
2023-12-04 12:21:05,46,49,11249,21705
2023-12-04 12:21:05,46,48,11249,21705
2023-12-04 12:21:09,46,49,11249,21705
2023-12-04 12:21:17,47,49,11249,21705
2023-12-04 12:21:22,46,49,11249,21705
2023-12-04 12:21:26,47,49,11249,21705
2023-12-04 12:21:26,46,49,11249,21705
2023-12-04 12:21:27,47,49,11249,21705
2023-12-04 12:21:27,46,49,11249,21705
2023-12-04 12:21:32,46,48,11249,21705
2023-12-04 12:21:48,45,48,11249,21705
2023-12-04 12:21:48,45,47,11249,21705
2023-12-04 12:21:59,44,47,11249,21705
2023-12-04 12:22:07,45,47,11249,21705
2023-12-04 12:22:08,44,47,11249,21705
2023-12-04 12:22:21,45,47,11249,21705
2023-12-04 12:22:25,45,46,11249,21705
2023-12-04 12:22:27,45,47,11249,21705
2023-12-04 12:22:29,45,46,11249,21705
2023-12-04 12:22:29,45,47,11249,21705
2023-12-04 12:22:58,44,47,11249,21705
2023-12-04 12:22:58,45,47,11249,21705
2023-12-04 12:23:09,45,48,11249,21705
2023-12-04 12:23:12,46,48,11249,21705
2023-12-04 12:23:12,46,49,11249,21705
2023-12-04 12:23:29,47,49,11249,21705
2023-12-04 12:23:58,46,49,11249,21705
2023-12-04 12:24:02,46,48,11249,21705
2023-12-04 12:24:02,45,48,11249,21705
2023-12-04 12:24:04,44,48,11249,21705
2023-12-04 12:24:04,44,47,11249,21705
2023-12-04 12:24:11,44,46,11249,21705
2023-12-04 12:25:06,45,46,11249,21705
2023-12-04 12:25:07,45,47,11249,21705
2023-12-04 12:25:07,44,47,11249,21705
2023-12-04 12:25:07,44,46,11249,21705
2023-12-04 12:25:07,45,46,11249,21705
2023-12-04 12:25:09,44,46,11249,21705
2023-12-04 12:25:09,44,47,11249,21705
2023-12-04 12:25:14,45,47,11249,21705
2023-12-04 12:25:20,45,48,11249,21705
2023-12-04 12:25:38,46,48,11249,21705
2023-12-04 12:25:43,46,47,11249,21705
2023-12-04 12:25:43,45,47,11249,21705
2023-12-04 12:25:44,44,47,11249,21705
2023-12-04 12:26:00,45,47,11249,21705
2023-12-04 12:26:00,44,47,11249,21705
2023-12-04 12:26:01,45,47,11249,21705
2023-12-04 12:26:06,45,48,11249,21705
2023-12-04 12:26:13,46,48,11249,21705
2023-12-04 12:26:13,46,49,11249,21705
2023-12-04 12:26:16,47,49,11249,21705
2023-12-04 12:26:19,47,50,11249,21705
2023-12-04 12:26:21,48,50,11249,21705
2023-12-04 12:26:34,48,51,11249,21705
2023-12-04 12:26:40,49,51,11249,21705
2023-12-04 12:27:02,50,51,11249,21705
2023-12-04 12:27:04,49,51,11249,21705
2023-12-04 12:27:06,49,52,11249,21905
2023-12-04 12:27:07,50,52,11249,21905
2023-12-04 12:27:39,50,53,11249,21905
2023-12-04 12:27:40,51,53,11249,21905
2023-12-04 12:27:49,52,53,11249,21905
2023-12-04 12:27:52,52,54,11249,21905
2023-12-04 12:27:56,53,54,11249,21905
2023-12-04 12:27:56,53,54,11282,21938
2023-12-04 12:27:58,53,55,11282,21938
2023-12-04 12:28:07,54,55,11282,21938
2023-12-04 12:28:09,54,55,11482,22138
2023-12-04 12:28:09,54,56,11482,22138
2023-12-04 12:28:42,53,56,11482,22138
2023-12-04 12:28:45,53,55,11482,22138
2023-12-04 12:28:58,52,55,11482,22138
2023-12-04 12:29:01,52,54,11482,22138
2023-12-04 12:29:03,51,54,11482,22138
2023-12-04 12:29:09,51,53,11482,22138
2023-12-04 12:29:10,51,52,11482,22138
2023-12-04 12:29:10,50,52,11482,22138
2023-12-04 12:29:14,50,53,11482,22138
2023-12-04 12:29:17,51,53,11482,22138
2023-12-04 12:29:26,50,53,11482,22138
2023-12-04 12:29:26,50,52,11482,22138
2023-12-04 12:29:31,50,53,11482,22138
2023-12-04 12:29:31,51,53,11482,22138
2023-12-04 12:29:32,51,52,11482,22138
2023-12-04 12:29:36,50,52,11482,22138
2023-12-04 12:29:43,51,52,11482,22138
2023-12-04 12:29:49,51,53,11482,22138
2023-12-04 12:30:16,52,53,11482,22138
2023-12-04 12:30:17,51,53,11482,22138
2023-12-04 12:30:17,50,53,11482,22138
2023-12-04 12:30:17,51,53,11482,22138
2023-12-04 12:30:23,52,53,11482,22138
2023-12-04 12:30:23,52,54,11482,22138
2023-12-04 12:30:25,52,53,11482,22138
2023-12-04 12:30:25,51,53,11482,22138
2023-12-04 12:30:33,51,52,11482,22138
2023-12-04 12:30:43,51,53,11482,22138
2023-12-04 12:30:46,51,55,11482,22138
2023-12-04 12:30:46,52,55,11482,22138
2023-12-04 12:30:50,52,54,11482,22138
2023-12-04 12:31:11,52,53,11482,22138
2023-12-04 12:31:11,52,54,11482,22138
2023-12-04 12:31:12,53,54,11482,22138
2023-12-04 12:31:43,53,54,11482,22138
2023-12-04 12:32:13,53,54,11482,22338
2023-12-04 12:32:24,54,56,11582,22438
2023-12-04 12:32:33,55,56,11582,22438
2023-12-04 12:32:33,55,57,11582,22438
2023-12-04 12:32:50,56,57,11582,22438
2023-12-04 12:33:13,56,58,11582,22438
2023-12-04 12:33:30,57,58,11582,22438
2023-12-04 12:33:49,57,59,11582,22438
2023-12-04 12:33:54,58,59,11582,22438
2023-12-04 12:33:55,58,60,11582,22438
2023-12-04 12:34:04,59,60,11582,22438
2023-12-04 12:34:07,59,61,11582,22438
2023-12-04 12:34:43,59,60,11582,22438
2023-12-04 12:34:43,58,60,11582,22438
2023-12-04 12:34:59,58,59,11582,22438
2023-12-04 12:34:59,57,59,11582,22438
2023-12-04 12:35:11,57,60,11582,22438
2023-12-04 12:35:13,58,60,11582,22438
2023-12-04 12:35:24,58,59,11582,22438
2023-12-04 12:35:26,57,59,11582,22438
2023-12-04 12:36:22,58,59,11582,22438
2023-12-04 12:36:24,57,59,11582,22438
2023-12-04 12:36:34,58,59,11582,22438
2023-12-04 12:36:37,57,59,11582,22438
2023-12-04 12:36:49,56,59,11582,22438
2023-12-04 12:36:49,56,58,11582,22438
2023-12-04 12:36:59,55,58,11582,22438
2023-12-04 12:36:59,55,57,11582,22438
2023-12-04 12:37:03,54,57,11582,22438
2023-12-04 12:37:08,54,56,11582,22438
2023-12-04 12:37:10,54,55,11582,22438
2023-12-04 12:37:11,53,55,11582,22438
2023-12-04 12:37:25,54,55,11582,22438
2023-12-04 12:37:30,54,56,11582,22438
2023-12-04 12:37:48,53,56,11582,22438
2023-12-04 12:37:54,54,56,11582,22438
2023-12-04 12:38:29,55,56,11582,22438
2023-12-04 12:38:31,55,56,11582,22471
2023-12-04 12:38:31,54,56,11582,22471
2023-12-04 12:38:34,55,56,11582,22471
2023-12-04 12:38:35,54,56,11582,22471
2023-12-04 12:38:38,55,56,11582,22471
2023-12-04 12:38:57,54,56,11582,22471
2023-12-04 12:38:57,55,56,11582,22471
2023-12-04 12:39:05,55,57,11582,22471
2023-12-04 12:39:21,55,58,11582,22471
2023-12-04 12:39:22,56,58,11582,22471
2023-12-04 12:39:24,55,58,11582,22471
2023-12-04 12:39:24,56,58,11582,22471
2023-12-04 12:39:43,56,59,11582,22471
2023-12-04 12:39:51,57,59,11582,22471
2023-12-04 12:40:18,57,58,11582,22471
2023-12-04 12:40:33,57,59,11582,22471
2023-12-04 12:40:58,58,59,11582,22471
2023-12-04 12:41:14,58,60,11582,22471
2023-12-04 12:41:31,59,60,11582,22471
2023-12-04 12:41:36,59,61,11582,22471
2023-12-04 12:41:46,59,60,11582,22471
2023-12-04 12:41:48,58,60,11582,22471
2023-12-04 12:41:48,59,61,11582,22471
2023-12-04 12:41:48,59,60,11582,22471
2023-12-04 12:42:05,58,60,11582,22471
2023-12-04 12:42:05,59,60,11582,22471
2023-12-04 12:42:08,58,60,11582,22471
2023-12-04 12:42:21,59,60,11582,22471
2023-12-04 12:42:24,58,60,11582,22471
2023-12-04 12:42:24,59,60,11582,22471
2023-12-04 12:42:26,59,61,11582,22471
2023-12-04 12:42:45,60,61,11582,22471
2023-12-04 12:42:48,59,61,11582,22471
2023-12-04 12:42:48,60,61,11582,22471
2023-12-04 12:43:03,59,61,11582,22471
2023-12-04 12:43:15,60,61,11582,22471
2023-12-04 12:43:15,59,61,11582,22471
2023-12-04 12:43:15,60,61,11582,22471
2023-12-04 12:43:25,59,61,11656,22671
2023-12-04 12:43:25,60,61,11656,22671
2023-12-04 12:44:00,59,61,11656,22671
2023-12-04 12:44:01,60,61,11656,22671
2023-12-04 12:44:02,59,61,11656,22671
2023-12-04 12:44:07,60,61,11656,22671
2023-12-04 12:44:16,59,61,11788,22933
2023-12-04 12:44:16,60,61,11788,22933
2023-12-04 12:44:20,59,61,11788,22933
2023-12-04 12:44:20,60,61,11788,22933
2023-12-04 12:44:26,59,61,11788,22933
2023-12-04 12:44:26,60,61,11788,22933
2023-12-04 12:44:29,59,61,11788,22933
2023-12-04 12:44:31,60,61,11788,22933
2023-12-04 12:44:37,59,61,11788,22933
2023-12-04 12:44:37,60,61,11788,22933
2023-12-04 12:45:09,59,61,11788,22933
2023-12-04 12:45:09,60,61,11788,22933
2023-12-04 12:45:11,59,61,11788,22933
2023-12-04 12:46:49,59,60,11788,22933
2023-12-04 12:46:53,59,61,11788,22933
2023-12-04 12:47:14,59,60,11788,22933
2023-12-04 12:47:17,58,60,11788,22933
2023-12-04 12:47:28,59,60,11788,22933
2023-12-04 12:47:54,58,60,11788,22933
2023-12-04 12:47:59,59,60,11788,22933
2023-12-04 12:48:05,59,61,11788,22933
2023-12-04 12:48:06,59,60,11788,22933
2023-12-04 12:48:26,59,60,11821,22966
2023-12-04 12:48:37,58,60,11821,22966
2023-12-04 12:48:46,58,59,11821,22966
2023-12-04 12:48:51,58,60,11821,22966
2023-12-04 12:49:07,59,60,11821,22966
2023-12-04 12:49:08,58,60,11821,22966
2023-12-04 12:49:08,59,60,11821,22966
2023-12-04 12:49:33,58,60,11821,22966
2023-12-04 12:49:39,58,59,11821,22966
2023-12-04 12:50:12,57,59,11821,22966
2023-12-04 12:50:20,57,58,11821,22966
2023-12-04 12:50:24,57,59,11821,22966
2023-12-04 12:50:26,58,59,11821,22966
2023-12-04 12:51:13,58,61,11821,22966
2023-12-04 12:51:13,58,60,11821,22966
2023-12-04 12:51:27,59,60,11821,22966
2023-12-04 12:51:37,60,61,11821,22972
2023-12-04 12:53:12,60,62,11821,22972
2023-12-04 12:53:33,61,62,11821,22972
2023-12-04 12:53:50,61,63,11821,22972
2023-12-04 12:54:26,60,63,11821,22972
2023-12-04 12:54:30,60,62,11821,22972
2023-12-04 12:55:15,60,63,11821,22972
2023-12-04 12:55:24,61,63,11821,22972
2023-12-04 12:56:02,60,63,11821,22972
2023-12-04 12:56:05,60,62,11821,22972
2023-12-04 12:56:05,60,63,11821,22972
2023-12-04 12:56:10,60,62,11821,22972
2023-12-04 12:56:33,60,61,11821,22972
2023-12-04 12:57:07,60,62,11821,22972
2023-12-04 12:57:28,61,62,11821,22972
2023-12-04 12:57:28,61,63,11821,22972
2023-12-04 12:57:34,62,63,11821,22972
2023-12-04 12:57:34,62,64,11821,22972
2023-12-04 12:59:28,63,64,11821,22972
2023-12-04 13:00:35,62,64,11821,22972
2023-12-04 13:00:43,61,64,11821,22972
2023-12-04 13:00:57,62,64,11821,22972
2023-12-04 13:00:57,62,63,11821,22972
2023-12-04 13:01:14,61,63,11821,22972
2023-12-04 13:01:38,62,63,11821,22972
2023-12-04 13:01:39,61,63,11821,22972
2023-12-04 13:01:40,62,63,11821,22972
2023-12-04 13:01:45,61,63,11821,22972
2023-12-04 13:02:18,62,63,11821,22972
2023-12-04 13:02:21,61,63,11821,22972
2023-12-04 13:02:42,61,62,11821,22972
2023-12-04 13:02:47,61,63,11821,22972
2023-12-04 13:02:49,61,62,11821,22972
2023-12-04 13:02:51,60,62,11821,22972
2023-12-04 13:03:22,60,61,11821,22972
2023-12-04 13:03:27,60,62,11821,22972
2023-12-04 13:03:28,60,61,11821,22972
2023-12-04 13:03:32,60,62,11821,22972
2023-12-04 13:03:33,60,61,11821,22972
2023-12-04 13:04:02,58,60,11821,22991
2023-12-04 13:04:03,59,60,11821,22991
2023-12-04 13:04:05,58,60,11821,22991
2023-12-04 13:04:07,59,60,11821,22991
2023-12-04 13:04:13,58,60,11821,22991
2023-12-04 13:04:17,59,60,11821,22991
2023-12-04 13:04:29,58,60,11821,22991
2023-12-04 13:04:31,59,60,11821,22991
2023-12-04 13:04:39,58,60,11821,22991
2023-12-04 13:04:40,59,60,11821,22991
2023-12-04 13:04:54,59,61,11821,22991
2023-12-04 13:05:23,60,61,11821,22991
2023-12-04 13:05:24,59,61,11821,22991
2023-12-04 13:05:24,60,61,11821,22991
2023-12-04 13:05:28,60,62,11821,22991
2023-12-04 13:05:30,60,61,11821,22991
2023-12-04 13:05:34,59,61,11821,22991
2023-12-04 13:05:37,60,61,11821,22991
2023-12-04 13:05:44,60,62,11821,22991
2023-12-04 13:05:47,60,61,11821,22991
2023-12-04 13:05:48,60,62,11821,22991
2023-12-04 13:06:48,61,62,11821,22991
2023-12-04 13:07:02,60,62,11821,22991
2023-12-04 13:07:02,60,63,11821,22991
2023-12-04 13:07:02,60,62,11821,22991
2023-12-04 13:07:02,61,62,11821,22991
2023-12-04 13:07:19,60,62,11821,22991
2023-12-04 13:07:22,59,62,11821,22991
2023-12-04 13:07:24,59,61,11821,22991
2023-12-04 13:07:37,59,60,11821,22991
2023-12-04 13:07:37,58,60,11821,22991
2023-12-04 13:07:38,59,60,11821,22991
2023-12-04 13:07:38,58,60,11821,22991
2023-12-04 13:07:41,59,60,11821,22991
2023-12-04 13:07:42,58,60,11821,22991
2023-12-04 13:07:55,59,60,11821,22991
2023-12-04 13:08:02,59,61,11821,22991
2023-12-04 13:08:04,60,61,11821,22991
2023-12-04 13:08:12,59,61,11821,22991
2023-12-04 13:08:16,59,60,11821,22991
2023-12-04 13:08:32,59,61,11821,22991
2023-12-04 13:08:37,59,61,11821,23041
2023-12-04 13:08:58,58,61,11821,23041
2023-12-04 13:08:58,59,61,11821,23041
2023-12-04 13:09:03,59,60,11821,23041
2023-12-04 13:09:04,58,60,11821,23041
2023-12-04 13:09:11,57,60,11821,23041
2023-12-04 13:09:13,57,59,11821,23041
2023-12-04 13:09:14,57,60,11821,23041
2023-12-04 13:09:20,58,60,11821,23041
2023-12-04 13:09:26,58,59,11821,23041
2023-12-04 13:09:28,58,60,11821,23041
2023-12-04 13:09:32,58,59,11821,23041
2023-12-04 13:09:40,58,60,11821,23041
2023-12-04 13:10:03,59,60,11821,23041
2023-12-04 13:10:04,58,60,11821,23041
2023-12-04 13:10:04,59,60,11821,23041
2023-12-04 13:10:06,59,61,11821,23041
2023-12-04 13:10:11,59,62,11821,23041
2023-12-04 13:10:20,59,61,11821,23041
2023-12-04 13:10:21,59,62,11821,23041
2023-12-04 13:10:23,60,62,11821,23041
2023-12-04 13:10:25,60,61,11821,23041
2023-12-04 13:10:28,60,62,11821,23041
2023-12-04 13:10:39,60,61,11821,23041
2023-12-04 13:10:39,59,61,11821,23041
2023-12-04 13:10:56,60,61,11821,23041
2023-12-04 13:10:58,59,61,11821,23041
2023-12-04 13:10:59,60,61,11821,23041
2023-12-04 13:11:00,59,61,11821,23041
2023-12-04 13:11:35,59,62,11821,23041
2023-12-04 13:11:51,60,62,11821,23041
2023-12-04 13:12:29,59,62,11821,23041
2023-12-04 13:12:34,60,62,11821,23041
2023-12-04 13:12:36,59,61,11821,23041
2023-12-04 13:12:40,60,61,11821,23041
2023-12-04 13:12:42,60,62,11821,23041
2023-12-04 13:12:44,60,61,11821,23041
2023-12-04 13:12:51,59,61,11821,23041
2023-12-04 13:12:54,60,61,11821,23041
2023-12-04 13:12:56,59,61,11821,23041
2023-12-04 13:12:57,60,61,11821,23041
2023-12-04 13:13:15,60,62,11821,23041
2023-12-04 13:13:34,60,61,11821,23041
2023-12-04 13:13:35,59,62,11821,23041
2023-12-04 13:13:35,59,61,11821,23041
2023-12-04 13:13:36,59,62,11821,23041
2023-12-04 13:13:41,59,61,11821,23041
2023-12-04 13:13:50,59,62,11821,23041
2023-12-04 13:13:51,59,61,11821,23041
2023-12-04 13:13:53,60,61,11821,23041
2023-12-04 13:13:55,59,61,11821,23041
2023-12-04 13:13:56,60,61,11821,23041
2023-12-04 13:13:58,60,62,11821,23041
2023-12-04 13:13:59,60,61,11821,23041
2023-12-04 13:13:59,59,61,11821,23041
2023-12-04 13:14:07,60,61,11821,23041
2023-12-04 13:14:13,60,62,11821,23041
2023-12-04 13:14:13,59,62,11821,23041
2023-12-04 13:14:13,60,62,11821,23041
2023-12-04 13:14:13,60,61,11821,23041
2023-12-04 13:14:15,59,61,11821,23041
2023-12-04 13:14:16,59,62,11821,23041
2023-12-04 13:14:16,59,61,11821,23041
2023-12-04 13:14:16,60,61,11821,23041
2023-12-04 13:14:24,59,61,11821,23041
2023-12-04 13:14:24,59,62,11821,23041
2023-12-04 13:14:24,60,62,11821,23041
2023-12-04 13:14:24,60,61,11821,23041
2023-12-04 13:14:27,59,61,11821,23041
2023-12-04 13:14:29,60,61,11821,23041
2023-12-04 13:14:35,60,62,11821,23041
2023-12-04 13:14:44,59,62,11821,23041
2023-12-04 13:14:46,59,61,11821,23041
2023-12-04 13:14:49,58,61,11821,23041
2023-12-04 13:14:58,58,60,11821,23041
2023-12-04 13:15:00,58,61,11821,23041
2023-12-04 13:15:01,58,60,11821,23041
2023-12-04 13:15:02,58,61,11821,23041
2023-12-04 13:15:05,59,61,11821,23041
2023-12-04 13:15:37,60,61,11821,23041
2023-12-04 13:15:38,60,62,11821,23041
2023-12-04 13:15:52,59,62,11821,23041
2023-12-04 13:15:55,59,61,11821,23041
2023-12-04 13:15:55,60,61,11821,23041
2023-12-04 13:15:55,59,61,11821,23041
2023-12-04 13:15:55,60,61,11821,23041
2023-12-04 13:15:56,59,60,11700,23162
2023-12-04 13:16:05,59,60,11700,23162
2023-12-04 13:16:11,59,62,11750,23212
2023-12-04 13:16:22,60,62,11750,23212
2023-12-04 13:17:02,59,62,11750,23212
2023-12-04 13:17:03,60,62,11750,23212
2023-12-04 13:17:10,61,62,11750,23212
2023-12-04 13:17:10,61,62,11810,23272
2023-12-04 13:17:10,61,63,11810,23272
2023-12-04 13:17:15,60,63,11810,23272
2023-12-04 13:17:26,60,62,11810,23272
2023-12-04 13:17:37,59,62,11810,23272
2023-12-04 13:17:47,59,61,11810,23272
2023-12-04 13:17:47,58,61,11810,23272
2023-12-04 13:17:54,58,60,11810,23272
2023-12-04 13:17:57,57,60,11810,23272
2023-12-04 13:18:05,58,60,11810,23272
2023-12-04 13:18:06,58,61,11810,23272
2023-12-04 13:18:13,59,61,11810,23272
2023-12-04 13:18:21,58,61,11810,23272
2023-12-04 13:18:23,59,61,11810,23272
2023-12-04 13:18:44,59,60,11810,23272
2023-12-04 13:18:46,59,61,11810,23272
2023-12-04 13:18:54,59,60,11810,23272
2023-12-04 13:18:56,58,60,11810,23272
2023-12-04 13:18:59,58,61,11810,23272
2023-12-04 13:19:05,59,61,11810,23272
2023-12-04 13:19:09,59,62,11810,23272
2023-12-04 13:19:24,60,62,11810,23272
2023-12-04 13:19:39,59,62,11810,23272
2023-12-04 13:19:39,60,62,11810,23272
2023-12-04 13:19:41,59,62,11810,23272
2023-12-04 13:19:48,60,62,11810,23272
2023-12-04 13:20:08,60,61,11810,23272
2023-12-04 13:20:12,59,61,11810,23272
2023-12-04 13:20:22,59,62,11810,23272
2023-12-04 13:20:24,60,62,11810,23272
2023-12-04 13:20:29,60,63,11810,23272
2023-12-04 13:20:30,60,62,11810,23272
2023-12-04 13:20:35,60,63,11810,23272
2023-12-04 13:20:55,60,62,11810,23272
2023-12-04 13:20:56,59,62,11810,23272
2023-12-04 13:20:58,59,61,11810,23272
2023-12-04 13:21:02,58,61,11810,23272
2023-12-04 13:21:06,58,60,11810,23272
2023-12-04 13:21:11,57,60,11810,23272
2023-12-04 13:21:16,57,60,11810,23522
2023-12-04 13:21:19,57,59,11810,23522
2023-12-04 13:21:27,56,59,11810,23522
2023-12-04 13:21:30,56,58,11810,23522
2023-12-04 13:21:31,55,58,11810,23522
2023-12-04 13:21:34,55,57,11810,23522
2023-12-04 13:21:48,56,57,11810,23522
2023-12-04 13:21:49,56,58,11810,23522
2023-12-04 13:21:50,56,57,11810,23522
2023-12-04 13:21:52,56,58,11810,23522
2023-12-04 13:22:02,55,58,11810,23522
2023-12-04 13:22:07,56,58,11810,23522
2023-12-04 13:22:18,57,58,11810,23522
2023-12-04 13:22:19,55,58,11810,23522
2023-12-04 13:22:19,56,58,11810,23522
2023-12-04 13:22:20,55,58,11810,23522
2023-12-04 13:22:25,55,56,11810,23522
2023-12-04 13:22:50,55,56,11810,23722
2023-12-04 13:22:54,55,56,11949,23861
2023-12-04 13:22:54,54,55,11949,24022
2023-12-04 13:22:55,54,56,11949,24022
2023-12-04 13:23:12,54,55,11949,24022
2023-12-04 13:23:15,54,55,11949,24372
2023-12-04 13:23:15,54,56,11949,24372
2023-12-04 13:23:16,54,55,11949,24372
2023-12-04 13:23:17,54,56,11949,24372
2023-12-04 13:23:17,54,55,11949,24372
2023-12-04 13:23:18,53,54,11949,24522
2023-12-04 13:23:25,53,54,11949,24872
2023-12-04 13:23:43,53,55,11949,24872
2023-12-04 13:23:44,53,55,11949,24872
2023-12-04 13:23:45,53,54,11949,24872
2023-12-04 13:23:54,53,55,11949,24872
2023-12-04 13:23:54,53,54,11949,24872
2023-12-04 13:24:04,53,55,11949,24872
2023-12-04 13:24:04,53,54,11949,24872
2023-12-04 13:24:05,53,55,11949,24872
2023-12-04 13:24:07,53,54,11949,24872
2023-12-04 13:24:09,53,55,11949,24872
2023-12-04 13:24:11,53,54,11949,24872
2023-12-04 13:24:15,53,55,11949,24872
2023-12-04 13:24:17,53,54,11949,24872
2023-12-04 13:24:21,53,55,11949,24872
2023-12-04 13:24:22,53,54,11949,24872
2023-12-04 13:24:56,52,53,11949,25022
2023-12-04 13:24:57,52,54,11949,25022
2023-12-04 13:25:06,52,53,11949,25022
2023-12-04 13:25:13,52,53,11949,25222
2023-12-04 13:25:13,52,53,12129,25402
2023-12-04 13:25:21,52,54,12129,25402
2023-12-04 13:25:26,51,54,12129,25522
2023-12-04 13:25:36,51,53,12129,25522
2023-12-04 13:25:42,51,52,12129,25522
2023-12-04 13:25:42,51,52,12129,25872
2023-12-04 13:25:44,50,52,12129,26022
2023-12-04 13:25:45,50,52,12189,26082
2023-12-04 13:26:00,49,52,12189,26522
2023-12-04 13:26:10,48,52,12189,26522
2023-12-04 13:26:10,48,50,12189,26522
2023-12-04 13:26:11,48,49,12189,26522
2023-12-04 13:26:11,46,49,12189,26522
2023-12-04 13:26:13,46,50,12189,26522
2023-12-04 13:26:15,47,50,12189,26522
2023-12-04 13:26:17,48,50,12189,26522
2023-12-04 13:26:20,47,50,12189,26522
2023-12-04 13:26:32,47,49,12189,26522
2023-12-04 13:26:46,47,48,12189,26522
2023-12-04 13:26:49,46,48,12189,26522
2023-12-04 13:26:58,47,48,12189,26522
2023-12-04 13:26:59,47,49,12189,26522
2023-12-04 13:26:59,47,48,12189,26522
2023-12-04 13:27:00,47,49,12189,26522
2023-12-04 13:27:01,47,48,12189,26522
2023-12-04 13:27:04,47,49,12189,26522
2023-12-04 13:27:08,48,49,12189,26522
2023-12-04 13:27:11,47,49,12189,26522
2023-12-04 13:27:36,47,48,12189,26522
2023-12-04 13:27:42,47,49,12189,26522
2023-12-04 13:27:43,47,48,12189,26522
2023-12-04 13:27:45,47,49,12189,26522
2023-12-04 13:27:47,46,49,12189,26522
2023-12-04 13:27:53,46,48,12189,26522
2023-12-04 13:28:00,46,49,12189,26522
2023-12-04 13:28:00,46,48,12189,26522
2023-12-04 13:28:10,46,49,12189,26522
2023-12-04 13:28:10,46,48,12189,26522
2023-12-04 13:28:20,46,49,12189,26522
2023-12-04 13:28:21,46,48,12189,26522
2023-12-04 13:28:21,46,49,12386,26719
2023-12-04 13:28:22,46,48,12386,26719
2023-12-04 13:28:23,46,49,12386,26719
2023-12-04 13:28:25,46,48,12386,26719
2023-12-04 13:28:28,46,49,12386,26719
2023-12-04 13:28:28,46,48,12386,26719
2023-12-04 13:28:48,47,48,12386,26719
2023-12-04 13:28:53,46,48,12386,26719
2023-12-04 13:28:59,46,49,12386,26719
2023-12-04 13:29:02,45,49,12386,26719
2023-12-04 13:29:02,45,48,12386,26719
2023-12-04 13:29:10,45,47,12386,26719
2023-12-04 13:29:15,45,48,12386,26719
2023-12-04 13:29:22,45,47,12386,26719
2023-12-04 13:29:22,45,46,12386,26719
2023-12-04 13:29:36,44,46,12386,26719
2023-12-04 13:29:38,44,47,12386,26719
2023-12-04 13:29:42,43,47,12386,26719
2023-12-04 13:30:00,43,46,12386,26719
2023-12-04 13:30:00,43,45,12386,26719
2023-12-04 13:30:00,43,44,12386,26719
2023-12-04 13:30:01,42,44,12386,26719
2023-12-04 13:30:01,41,44,12386,26719
2023-12-04 13:30:18,41,43,12386,26719
2023-12-04 13:30:19,41,46,12386,26719
2023-12-04 13:30:22,42,46,12386,26719
2023-12-04 13:30:23,41,46,12386,26719
2023-12-04 13:30:28,42,46,12386,26719
2023-12-04 13:30:35,42,45,12386,26719
2023-12-04 13:30:36,42,47,12386,26719
2023-12-04 13:30:36,42,45,12386,26719
2023-12-04 13:30:36,42,47,12386,26719
2023-12-04 13:30:36,42,46,12386,26719
2023-12-04 13:30:36,42,45,12386,26719
2023-12-04 13:30:47,42,46,12386,26719
2023-12-04 13:30:47,42,44,12386,26719
2023-12-04 13:30:53,41,44,12386,26719
2023-12-04 13:30:55,41,45,12386,26719
2023-12-04 13:30:58,41,44,12386,26719
2023-12-04 13:30:59,41,45,12386,26719
2023-12-04 13:31:03,41,46,12386,26719
2023-12-04 13:31:04,41,45,12386,26719
2023-12-04 13:31:07,41,44,12386,26719
2023-12-04 13:31:10,41,43,12386,26719
2023-12-04 13:31:19,41,45,12386,26719
2023-12-04 13:31:19,41,44,12386,26719
2023-12-04 13:31:25,41,45,12386,26719
2023-12-04 13:31:26,41,44,12386,26719
2023-12-04 13:31:26,41,45,12386,26719
2023-12-04 13:31:35,41,44,12386,26719
2023-12-04 13:31:37,42,44,12386,26719
2023-12-04 13:31:38,41,44,12386,26719
2023-12-04 13:31:38,42,44,12386,26719
2023-12-04 13:31:45,41,44,12386,26719
2023-12-04 13:31:46,42,44,12386,26719
2023-12-04 13:31:48,42,45,12386,26719
2023-12-04 13:31:49,43,45,12386,26719
2023-12-04 13:31:54,42,45,12386,26719
2023-12-04 13:31:55,43,45,12386,26719
2023-12-04 13:31:55,43,47,12386,27719
2023-12-04 13:31:55,43,46,12386,27719
2023-12-04 13:31:57,43,47,12386,27719
2023-12-04 13:32:00,42,47,12386,27719
2023-12-04 13:32:05,43,47,12386,27719
2023-12-04 13:32:06,42,47,12386,27719
2023-12-04 13:32:08,42,48,12530,29241
2023-12-04 13:32:08,42,46,12530,29241
2023-12-04 13:32:09,44,46,12530,29241
2023-12-04 13:32:09,45,46,12530,29241
2023-12-04 13:32:10,44,46,12530,29241
2023-12-04 13:32:11,44,46,12880,29591
2023-12-04 13:32:11,44,48,12880,29591
2023-12-04 13:32:19,44,47,12880,29591
2023-12-04 13:32:19,44,46,12880,29591
2023-12-04 13:32:22,44,47,13037,29748
2023-12-04 13:32:23,44,46,13037,29748
2023-12-04 13:32:26,44,47,13037,29748
2023-12-04 13:32:30,42,47,13037,29748
2023-12-04 13:32:54,42,45,13037,29748
2023-12-04 13:32:54,42,44,13037,29748
2023-12-04 13:32:54,41,44,13037,29748
2023-12-04 13:33:10,42,44,13037,29748
2023-12-04 13:33:27,42,47,13037,29748
2023-12-04 13:33:27,42,46,13037,29748
2023-12-04 13:33:27,42,45,13037,29748
2023-12-04 13:33:33,43,45,13037,29748
2023-12-04 13:33:34,43,46,13037,29748
2023-12-04 13:33:35,43,45,13037,29748
2023-12-04 13:33:35,43,46,13037,29748
2023-12-04 13:33:43,44,46,13037,29748
2023-12-04 13:33:45,43,46,13037,29748
2023-12-04 13:33:48,43,48,13037,29748
2023-12-04 13:33:48,43,47,13037,29748
2023-12-04 13:33:51,43,46,13037,29748
2023-12-04 13:33:52,44,46,13037,29748
2023-12-04 13:33:54,44,48,13037,29748
2023-12-04 13:33:54,44,47,13037,29748
2023-12-04 13:33:55,44,46,13037,29748
2023-12-04 13:33:56,44,48,13037,29748
2023-12-04 13:33:56,44,47,13037,29748
2023-12-04 13:33:58,45,47,13037,29748
2023-12-04 13:33:58,45,48,13037,29748
2023-12-04 13:33:59,44,48,13037,29748
2023-12-04 13:34:09,45,48,13037,29748
2023-12-04 13:34:11,46,48,13037,29748
2023-12-04 13:34:14,46,48,13037,30098
2023-12-04 13:34:17,47,48,13037,30098
2023-12-04 13:34:17,47,48,13037,30448
2023-12-04 13:34:20,47,50,13037,30748
2023-12-04 13:34:25,46,50,13037,30748
2023-12-04 13:34:28,46,49,13037,30748
2023-12-04 13:34:30,47,49,13037,30748
2023-12-04 13:34:32,46,49,13037,30748
2023-12-04 13:34:33,47,49,13037,30748
2023-12-04 13:34:37,46,49,13037,30748
2023-12-04 13:34:39,46,48,13037,30748
2023-12-04 13:34:45,45,48,13037,30748
2023-12-04 13:34:45,45,49,13037,30748
2023-12-04 13:34:45,45,48,13037,30748
2023-12-04 13:34:46,44,48,13037,30748
2023-12-04 13:34:48,43,48,13037,30748
2023-12-04 13:34:58,43,47,13037,30748
2023-12-04 13:35:01,42,47,13037,30748
2023-12-04 13:35:06,42,46,13037,30748
2023-12-04 13:35:07,43,46,13037,30748
2023-12-04 13:35:08,43,48,13037,30748
2023-12-04 13:35:12,43,47,13037,30748
2023-12-04 13:35:13,44,47,13037,30748
2023-12-04 13:35:15,44,48,13037,30748
2023-12-04 13:35:15,44,47,13037,30748
2023-12-04 13:35:15,44,48,13037,30748
2023-12-04 13:35:18,43,48,13037,30748
2023-12-04 13:35:21,43,47,13037,30748
2023-12-04 13:35:22,43,48,13037,30748
2023-12-04 13:35:24,43,47,13037,30748
2023-12-04 13:35:25,44,47,13037,30748
2023-12-04 13:35:40,44,48,13037,30748
2023-12-04 13:35:46,44,49,13037,30748
2023-12-04 13:35:48,45,49,13037,30748
2023-12-04 13:35:48,45,48,13037,30748
2023-12-04 13:35:58,46,48,13037,30748
2023-12-04 13:36:00,45,48,13037,30748
2023-12-04 13:36:02,45,48,13037,30748
2023-12-04 13:36:03,45,49,13037,30748
2023-12-04 13:36:03,46,49,13037,30748
2023-12-04 13:36:05,46,48,13037,30748
2023-12-04 13:36:05,46,49,13037,30748
2023-12-04 13:36:06,46,48,13037,30748
2023-12-04 13:36:07,46,49,13037,30748
2023-12-04 13:36:09,46,48,13037,30748
2023-12-04 13:36:11,47,48,13037,30748
2023-12-04 13:36:11,47,49,13037,30748
2023-12-04 13:36:29,48,49,13037,30748
2023-12-04 13:36:32,48,49,13015,30948
2023-12-04 13:36:34,49,52,13015,30998
2023-12-04 13:36:36,49,53,13015,30998
2023-12-04 13:36:39,50,53,13015,30998
2023-12-04 13:36:43,50,54,13015,30998
2023-12-04 13:36:50,50,55,13015,30998
2023-12-04 13:36:50,51,55,13015,30998
2023-12-04 13:36:55,52,55,13015,30998
2023-12-04 13:36:58,53,55,13015,30998
2023-12-04 13:37:00,52,55,13015,30998
2023-12-04 13:37:01,53,55,13015,30998
2023-12-04 13:37:04,53,56,13015,30998
2023-12-04 13:37:04,55,56,13015,30998
2023-12-04 13:37:20,54,56,13015,30998
2023-12-04 13:37:27,54,56,13065,31248
2023-12-04 13:37:33,54,57,13065,31248
2023-12-04 13:37:33,54,56,13065,31248
2023-12-04 13:37:47,54,57,13065,31248
2023-12-04 13:37:48,53,57,13065,31248
2023-12-04 13:37:53,52,57,13065,31248
2023-12-04 13:37:53,52,56,13065,31248
2023-12-04 13:37:55,51,56,13065,31248
2023-12-04 13:37:55,51,55,13065,31248
2023-12-04 13:37:56,51,56,13065,31248
2023-12-04 13:37:58,52,56,13065,31248
2023-12-04 13:38:04,52,55,13065,31248
2023-12-04 13:38:06,52,56,13065,31248
2023-12-04 13:38:06,52,54,13065,31248
2023-12-04 13:38:07,51,54,13065,31248
2023-12-04 13:38:10,52,54,13065,31248
2023-12-04 13:38:20,52,56,13065,31248
2023-12-04 13:38:20,52,55,13065,31248
2023-12-04 13:38:21,52,56,13065,31248
2023-12-04 13:38:21,52,54,13065,31248
2023-12-04 13:38:22,51,54,13065,31248
2023-12-04 13:38:28,50,54,13065,31248
2023-12-04 13:38:35,50,53,13065,31248
2023-12-04 13:38:38,49,53,13065,31248
2023-12-04 13:38:38,50,53,13065,31248
2023-12-04 13:38:49,50,52,13065,31248
2023-12-04 13:38:49,49,52,13065,31248
2023-12-04 13:38:50,48,52,13065,31248
2023-12-04 13:38:50,49,52,13065,31248
2023-12-04 13:38:51,48,52,13065,31248
2023-12-04 13:38:51,49,52,13065,31248
2023-12-04 13:38:52,48,52,13065,31248
2023-12-04 13:38:52,49,52,13065,31248
2023-12-04 13:38:56,48,52,13065,31248
2023-12-04 13:38:57,49,52,13065,31248
2023-12-04 13:39:02,50,52,13065,31248
2023-12-04 13:39:04,50,53,13065,31248
2023-12-04 13:39:08,50,52,13065,31248
2023-12-04 13:39:22,48,52,13065,31248
2023-12-04 13:39:22,49,52,13065,31248
2023-12-04 13:39:30,48,52,13065,31248
2023-12-04 13:39:39,48,51,13065,31248
2023-12-04 13:39:40,49,51,13065,31248
2023-12-04 13:39:43,48,51,13065,31248
2023-12-04 13:39:44,49,51,13065,31248
2023-12-04 13:39:47,49,52,13065,31248
2023-12-04 13:39:48,49,51,13065,31248
2023-12-04 13:39:56,48,51,13065,31248
2023-12-04 13:39:57,49,51,13065,31248
2023-12-04 13:40:03,49,52,13065,31248
2023-12-04 13:40:05,49,51,13065,31248
2023-12-04 13:40:05,49,52,13065,31248
2023-12-04 13:40:14,49,53,13065,31248
2023-12-04 13:40:16,50,53,13065,31248
2023-12-04 13:40:27,50,54,13065,31248
2023-12-04 13:40:32,50,53,13065,31248
2023-12-04 13:40:33,51,53,13065,31248
2023-12-04 13:40:36,50,53,13065,31248
2023-12-04 13:40:36,51,53,13065,31248
2023-12-04 13:40:46,49,53,13065,31248
2023-12-04 13:40:46,50,53,13065,31248
2023-12-04 13:40:53,50,52,13065,31248
2023-12-04 13:40:55,50,53,13065,31248
2023-12-04 13:40:58,50,52,13065,31248
2023-12-04 13:41:01,49,52,13065,31248
2023-12-04 13:41:03,50,52,13065,31248
2023-12-04 13:41:03,49,52,13065,31248
2023-12-04 13:41:04,49,51,13065,31248
2023-12-04 13:41:04,48,51,13065,31248
2023-12-04 13:41:05,47,51,13065,31248
2023-12-04 13:41:06,47,50,13065,31248
2023-12-04 13:41:10,47,49,13065,31248
2023-12-04 13:41:14,46,49,13065,31248
2023-12-04 13:41:36,47,49,13065,31248
2023-12-04 13:41:50,47,48,13065,31248
2023-12-04 13:41:50,46,48,13065,31248
2023-12-04 13:41:58,45,48,13065,31248
2023-12-04 13:42:01,46,48,13065,31248
2023-12-04 13:42:02,46,49,13065,31248
2023-12-04 13:42:03,47,49,13065,31248
2023-12-04 13:42:04,47,50,13065,31248
2023-12-04 13:42:16,47,50,13111,31294
2023-12-04 13:42:19,48,50,13111,31294
2023-12-04 13:42:28,47,50,13111,31294
2023-12-04 13:42:28,48,50,13111,31294
2023-12-04 13:42:31,48,49,13111,31294
2023-12-04 13:42:31,47,49,13111,31294
2023-12-04 13:42:31,46,49,13111,31294
2023-12-04 13:42:31,47,49,13111,31294
2023-12-04 13:42:49,46,49,13111,31294
2023-12-04 13:42:50,46,48,13111,31294
2023-12-04 13:42:55,45,48,13111,31294
2023-12-04 13:43:00,45,47,13111,31294
2023-12-04 13:43:01,44,47,13111,31294
2023-12-04 13:43:06,44,48,13111,31294
2023-12-04 13:43:06,45,48,13111,31294
2023-12-04 13:43:12,46,48,13111,31294
2023-12-04 13:43:13,45,48,13111,31294
2023-12-04 13:43:15,46,48,13111,31294
2023-12-04 13:43:17,45,48,13111,31294
2023-12-04 13:43:18,46,48,13111,31294
2023-12-04 13:43:21,45,48,13111,31294
2023-12-04 13:43:21,46,48,13111,31294
2023-12-04 13:43:39,46,47,13111,31294
2023-12-04 13:43:39,44,47,13111,31294
2023-12-04 13:43:39,45,47,13111,31294
2023-12-04 13:43:42,45,48,13111,31294
2023-12-04 13:43:45,45,47,13111,31294
2023-12-04 13:44:17,45,48,13111,31294
2023-12-04 13:44:21,45,49,13111,31294
2023-12-04 13:44:21,46,49,13111,31294
2023-12-04 13:44:36,47,49,13111,31294
2023-12-04 13:44:36,46,49,13111,31294
2023-12-04 13:44:38,47,49,13111,31294
2023-12-04 13:44:40,46,49,13111,31294
2023-12-04 13:44:40,47,49,13111,31294
2023-12-04 13:44:48,46,49,13111,31294
2023-12-04 13:44:50,46,48,13111,31294
2023-12-04 13:44:51,46,49,13111,31294
2023-12-04 13:44:53,47,49,13111,31294
2023-12-04 13:44:58,47,48,13111,31294
2023-12-04 13:44:58,45,48,13111,31294
2023-12-04 13:44:58,46,48,13111,31294
2023-12-04 13:45:18,47,48,13111,31294
2023-12-04 13:45:19,47,49,13111,31294
2023-12-04 13:45:31,46,49,13111,31294
2023-12-04 13:45:31,47,49,13111,31294
2023-12-04 13:45:32,46,49,13111,31294
2023-12-04 13:45:33,46,50,13111,31294
2023-12-04 13:45:33,47,50,13111,31294
2023-12-04 13:45:35,47,49,13111,31294
2023-12-04 13:45:44,46,49,13111,31294
2023-12-04 13:45:48,46,48,13111,31294
2023-12-04 13:45:51,45,48,13111,31294
2023-12-04 13:46:05,45,47,13111,31294
2023-12-04 13:46:08,46,47,13111,31294
2023-12-04 13:46:09,46,48,13111,31294
2023-12-04 13:46:17,45,48,13111,31294
2023-12-04 13:46:21,46,48,13111,31294
2023-12-04 13:46:21,46,50,13111,31294
2023-12-04 13:46:21,46,49,13111,31294
2023-12-04 13:46:22,47,49,13111,31294
2023-12-04 13:46:22,47,50,13111,31294
2023-12-04 13:46:38,48,50,13111,31294
2023-12-04 13:46:43,49,50,13111,31294
2023-12-04 13:46:59,49,51,13111,31294
2023-12-04 13:47:00,49,50,13111,31294
2023-12-04 13:47:04,49,51,13111,31294
2023-12-04 13:47:11,49,52,13111,31294
2023-12-04 13:47:13,50,52,13111,31294
2023-12-04 13:47:14,50,53,13111,31294
2023-12-04 13:47:19,51,53,13111,31294
2023-12-04 13:47:21,50,53,13111,31294
2023-12-04 13:47:31,51,53,13111,31294
2023-12-04 13:47:33,51,52,13111,31294
2023-12-04 13:47:33,50,52,13111,31294
2023-12-04 13:47:36,49,52,13111,31294
2023-12-04 13:47:49,50,52,13111,31294
2023-12-04 13:47:57,50,51,13111,31294
2023-12-04 13:47:57,49,51,13111,31294
2023-12-04 13:48:02,48,51,13111,31294
2023-12-04 13:48:03,49,51,13111,31294
2023-12-04 13:48:10,50,51,13111,31294
2023-12-04 13:48:10,50,52,13111,31294
2023-12-04 13:48:10,50,53,13111,31294
2023-12-04 13:48:10,50,52,13111,31294
2023-12-04 13:48:27,49,52,13111,31294
2023-12-04 13:48:27,50,52,13111,31294
2023-12-04 13:48:41,49,52,13111,31294
2023-12-04 13:48:42,49,51,13111,31294
2023-12-04 13:48:48,49,52,13111,31294
2023-12-04 13:48:51,50,52,13111,31294
2023-12-04 13:49:01,49,52,13111,31294
2023-12-04 13:49:02,50,52,13111,31294
2023-12-04 13:49:36,49,52,13111,31294
2023-12-04 13:49:39,49,51,13111,31294
2023-12-04 13:49:41,48,51,13111,31294
2023-12-04 13:49:45,47,51,13111,31294
2023-12-04 13:49:45,47,50,13111,31294
2023-12-04 13:49:53,46,50,13111,31294
2023-12-04 13:49:53,46,49,13111,31294
2023-12-04 13:50:07,47,49,13111,31294
2023-12-04 13:50:08,46,49,13111,31294
2023-12-04 13:50:08,47,49,13111,31294
2023-12-04 13:50:25,48,49,13111,31294
2023-12-04 13:50:26,46,49,13111,31294
2023-12-04 13:50:26,47,49,13111,31294
2023-12-04 13:50:32,47,50,13111,31294
2023-12-04 13:50:46,48,50,13111,31294
2023-12-04 13:50:47,48,49,13111,31294
2023-12-04 13:50:47,46,49,13111,31294
2023-12-04 13:50:47,47,49,13111,31294
2023-12-04 13:51:02,46,49,13111,31294
2023-12-04 13:51:03,47,49,13111,31294
2023-12-04 13:51:03,46,49,13111,31294
2023-12-04 13:51:04,47,49,13111,31294
2023-12-04 13:51:04,46,49,13111,31294
2023-12-04 13:51:05,47,49,13111,31294
2023-12-04 13:51:05,46,49,13111,31294
2023-12-04 13:51:06,47,49,13111,31294
2023-12-04 13:51:19,46,49,13111,31294
2023-12-04 13:51:19,47,49,13111,31294
2023-12-04 13:51:27,47,50,13111,31294
2023-12-04 13:51:33,47,49,13111,31294
2023-12-04 13:51:37,46,49,13111,31294
2023-12-04 13:51:38,47,49,13111,31294
2023-12-04 13:51:38,46,49,13111,31294
2023-12-04 13:51:39,47,49,13111,31294
2023-12-04 13:51:40,46,49,13111,31294
2023-12-04 13:51:41,47,49,13111,31294
2023-12-04 13:51:42,46,49,13111,31294
2023-12-04 13:51:46,47,49,13111,31294
2023-12-04 13:51:47,46,49,13111,31294
2023-12-04 13:51:47,47,49,13111,31294
2023-12-04 13:51:59,46,49,13111,31294
2023-12-04 13:52:05,47,49,13111,31294
2023-12-04 13:52:10,47,50,13111,31294
2023-12-04 13:52:21,47,49,13111,31294
2023-12-04 13:52:27,47,50,13111,31294
2023-12-04 13:52:35,48,50,13111,31294
2023-12-04 13:52:36,48,49,13111,31294
2023-12-04 13:52:40,48,50,13111,31294
2023-12-04 13:52:50,48,51,13111,31294
2023-12-04 13:52:57,48,50,13111,31294
2023-12-04 13:52:58,47,50,13111,31294
2023-12-04 13:52:58,48,50,13111,31294
2023-12-04 13:53:01,47,50,13111,31294
2023-12-04 13:53:03,47,49,13111,31294
2023-12-04 13:53:05,46,49,13111,31294
2023-12-04 13:53:18,47,49,13111,31294
2023-12-04 13:53:29,47,50,13111,31294
2023-12-04 13:53:30,48,50,13111,31294
2023-12-04 13:53:38,48,50,13111,31294
2023-12-04 13:53:40,48,51,13111,31294
2023-12-04 13:53:47,49,51,13111,31294
2023-12-04 13:53:55,49,52,13111,31294
2023-12-04 13:54:00,50,52,13111,31294
2023-12-04 13:54:03,50,53,13111,31294
2023-12-04 13:54:07,50,52,13111,31294
2023-12-04 13:54:15,49,52,13111,31294
2023-12-04 13:54:17,49,51,13111,31294
2023-12-04 13:54:18,48,51,13111,31294
2023-12-04 13:54:22,49,51,13111,31294
2023-12-04 13:54:30,48,51,13111,31294
2023-12-04 13:54:33,48,50,13111,31294
2023-12-04 13:54:35,47,50,13111,31294
2023-12-04 13:54:40,48,50,13111,31294
2023-12-04 13:54:42,48,51,13111,31294
2023-12-04 13:54:45,48,50,13111,31294
2023-12-04 13:54:55,48,49,13111,31294
2023-12-04 13:54:57,48,50,13111,31294
2023-12-04 13:55:09,48,51,13111,31294
2023-12-04 13:55:16,49,51,13111,31294
2023-12-04 13:55:28,50,51,13111,31294
2023-12-04 13:55:28,49,51,13111,31294
2023-12-04 13:55:28,50,51,13111,31294
2023-12-04 13:55:29,48,51,13111,31294
2023-12-04 13:55:29,49,51,13111,31294
2023-12-04 13:55:31,49,50,13111,31294
2023-12-04 13:55:31,48,50,13111,31294
2023-12-04 13:55:32,47,50,13111,31294
2023-12-04 13:55:45,47,49,13111,31294
2023-12-04 13:55:46,47,50,13111,31294
2023-12-04 13:55:52,48,50,13111,31294
2023-12-04 13:56:19,47,50,13111,31294
2023-12-04 13:56:19,48,50,13111,31294
2023-12-04 13:56:29,47,50,13111,31294
2023-12-04 13:56:30,47,49,13111,31294
2023-12-04 13:56:36,46,49,13111,31294
2023-12-04 13:56:41,46,50,13111,31294
2023-12-04 13:56:41,46,49,13111,31294
2023-12-04 13:56:41,46,48,13111,31294
2023-12-04 13:56:43,45,48,13111,31294
2023-12-04 13:56:53,44,48,13111,31294
2023-12-04 13:56:53,44,47,13111,31294
2023-12-04 13:56:57,44,46,13111,31294
2023-12-04 13:56:59,44,47,13111,31294
2023-12-04 13:57:10,45,47,13111,31294
2023-12-04 13:57:18,45,46,13111,31294
2023-12-04 13:57:18,45,47,13111,31294
2023-12-04 13:57:18,44,47,13111,31294
2023-12-04 13:57:18,45,47,13111,31294
2023-12-04 13:57:21,44,47,13111,31294
2023-12-04 13:57:24,45,47,13111,31294
2023-12-04 13:57:51,44,47,13111,31294
2023-12-04 13:57:53,44,46,13111,31294
2023-12-04 13:57:56,43,46,13111,31294
2023-12-04 13:58:10,44,46,13111,31294
2023-12-04 13:58:21,44,47,13111,31294
2023-12-04 13:58:24,44,46,13111,31294
2023-12-04 13:58:29,44,47,13111,31340
2023-12-04 13:58:31,43,47,13111,31340
2023-12-04 13:58:31,44,47,13111,31340
2023-12-04 13:58:34,44,46,13111,31340
2023-12-04 13:58:41,43,46,13111,31340
2023-12-04 13:58:41,43,47,13111,31340
2023-12-04 13:58:41,44,47,13111,31340
2023-12-04 13:58:41,44,46,13111,31340
2023-12-04 13:58:42,43,46,13111,31340
2023-12-04 13:58:51,44,46,13111,31340
2023-12-04 13:58:52,44,47,13111,31340
2023-12-04 13:58:54,43,47,13111,31340
2023-12-04 13:58:59,43,46,13111,31340
2023-12-04 13:59:01,44,46,13111,31340
2023-12-04 13:59:02,43,46,13111,31340
2023-12-04 13:59:06,43,45,13111,31340
2023-12-04 13:59:19,43,46,13111,31340
2023-12-04 13:59:19,43,45,13111,31340
2023-12-04 13:59:23,42,45,13111,31340
2023-12-04 13:59:23,43,45,13111,31340
2023-12-04 13:59:23,42,45,13111,31340
2023-12-04 13:59:47,42,44,13111,31340
2023-12-04 13:59:55,42,45,13227,31456
2023-12-04 13:59:55,42,44,13227,31456
2023-12-04 13:59:56,42,45,13227,31456
2023-12-04 13:59:56,42,44,13227,31456
2023-12-04 14:00:05,42,45,13227,31456
2023-12-04 14:00:06,42,44,13227,31456
2023-12-04 14:00:07,42,45,13227,31456
2023-12-04 14:00:11,42,44,13227,31456
2023-12-04 14:00:14,42,45,13227,31456
2023-12-04 14:00:15,42,44,13227,31456
2023-12-04 14:00:17,42,45,13227,31456
2023-12-04 14:00:19,43,45,13227,31456
2023-12-04 14:00:19,43,46,13227,31456
2023-12-04 14:00:20,43,47,13227,31456
2023-12-04 14:00:28,43,46,13227,31456
2023-12-04 14:00:36,44,46,13227,31456
2023-12-04 14:00:39,43,46,13227,31456
2023-12-04 14:00:47,42,46,13227,31456
2023-12-04 14:00:49,42,45,13227,31456
2023-12-04 14:00:52,42,44,13227,31456
2023-12-04 14:00:53,42,45,13227,31456
2023-12-04 14:01:06,42,44,13227,31456
2023-12-04 14:01:06,41,44,13227,31456
2023-12-04 14:01:13,41,45,13227,31456
2023-12-04 14:01:17,41,44,13227,31456
2023-12-04 14:01:26,40,44,13227,31456
2023-12-04 14:01:26,40,43,13227,31456
2023-12-04 14:01:28,39,43,13227,31456
2023-12-04 14:01:28,39,42,13227,31456
2023-12-04 14:01:30,38,42,13227,31456
2023-12-04 14:01:30,38,41,13227,31456
2023-12-04 14:01:38,38,42,13227,31456
2023-12-04 14:01:42,38,41,13227,31456
2023-12-04 14:01:44,37,41,13227,31456
2023-12-04 14:01:45,37,40,13227,31456
2023-12-04 14:01:45,37,39,13227,31456
2023-12-04 14:01:45,36,39,13227,31456
2023-12-04 14:01:48,36,38,13227,31456
2023-12-04 14:01:48,35,38,13227,31456
2023-12-04 14:01:52,35,37,13227,31456
2023-12-04 14:01:53,35,37,13227,31706
2023-12-04 14:01:58,34,37,13227,31706
2023-12-04 14:01:59,35,37,13227,31706
2023-12-04 14:02:01,35,37,13403,31882
2023-12-04 14:02:02,35,38,13403,31882
2023-12-04 14:02:03,34,38,13403,31882
2023-12-04 14:02:05,34,37,13403,31882
2023-12-04 14:02:05,35,36,13403,31882
2023-12-04 14:02:06,34,36,13403,31882
2023-12-04 14:02:06,34,37,13403,31882
2023-12-04 14:02:06,34,38,13403,31882
2023-12-04 14:02:06,35,38,13403,31882
2023-12-04 14:02:06,35,37,13403,31882
2023-12-04 14:02:06,35,36,13403,31882
2023-12-04 14:02:16,34,36,13403,31882
2023-12-04 14:02:24,33,36,13403,31882
2023-12-04 14:02:30,32,36,13403,31882
2023-12-04 14:02:31,33,36,13403,31882
2023-12-04 14:02:43,34,36,13403,31882
2023-12-04 14:02:44,33,36,13403,31882
2023-12-04 14:02:45,34,36,13403,31882
2023-12-04 14:02:47,33,36,13403,31882
2023-12-04 14:02:56,32,36,13403,31882
2023-12-04 14:02:58,32,35,13403,31882
2023-12-04 14:02:58,32,34,13403,31882
2023-12-04 14:03:02,32,35,13403,31882
2023-12-04 14:03:11,31,34,13403,31882
2023-12-04 14:03:11,31,34,13603,32082
2023-12-04 14:03:11,31,33,13603,32082
2023-12-04 14:03:18,30,33,13603,32082
2023-12-04 14:03:28,31,33,13603,32082
2023-12-04 14:03:42,32,33,13603,32082
2023-12-04 14:03:47,31,33,13603,32082
2023-12-04 14:03:47,31,34,13827,32306
2023-12-04 14:03:47,31,33,13827,32306
2023-12-04 14:03:47,31,34,13827,32306
2023-12-04 14:03:47,31,33,13827,32306
2023-12-04 14:03:51,32,33,13827,32306
2023-12-04 14:03:52,30,33,13827,32306
2023-12-04 14:03:52,31,33,13827,32306
2023-12-04 14:03:56,32,33,13827,32306
2023-12-04 14:03:58,30,33,13827,32306
2023-12-04 14:03:58,31,33,13827,32306
2023-12-04 14:04:00,30,33,13827,32306
2023-12-04 14:04:03,30,32,13827,32306
2023-12-04 14:04:06,29,32,13827,32306
2023-12-04 14:04:06,29,31,13827,32306
2023-12-04 14:04:07,28,31,13827,32306
2023-12-04 14:04:13,28,30,13827,32306
2023-12-04 14:04:25,27,30,13827,32306
2023-12-04 14:04:30,27,29,13827,32306
2023-12-04 14:04:30,26,29,13827,32306
2023-12-04 14:04:30,26,28,13827,32306
2023-12-04 14:04:34,25,28,13827,32306
2023-12-04 14:04:50,26,28,13827,32306
2023-12-04 14:04:53,26,27,13827,32306
2023-12-04 14:04:53,25,26,13632,32501
2023-12-04 14:04:53,23,26,13632,32501
2023-12-04 14:04:53,23,25,13632,32501
2023-12-04 14:04:54,24,25,13632,32501
2023-12-04 14:05:07,25,26,13827,32696
2023-12-04 14:05:08,24,26,13827,32696
2023-12-04 14:05:18,25,26,13827,32696
2023-12-04 14:05:18,25,28,13934,32803
2023-12-04 14:05:29,26,28,13934,32803
2023-12-04 14:05:31,26,29,13934,32803
2023-12-04 14:05:31,26,30,13934,32803
2023-12-04 14:05:31,26,29,13934,32803
2023-12-04 14:05:32,27,29,13934,32803
2023-12-04 14:05:34,27,31,13934,32803
2023-12-04 14:05:34,27,30,13934,32803
2023-12-04 14:05:35,28,30,13934,32803
2023-12-04 14:05:35,28,30,13934,33153
2023-12-04 14:05:39,27,30,13934,33153
2023-12-04 14:05:39,30,31,13934,33229
2023-12-04 14:05:42,26,30,13934,33353
2023-12-04 14:05:45,26,29,13934,33353
2023-12-04 14:05:51,25,29,13934,33353
2023-12-04 14:06:00,26,29,13934,33353
2023-12-04 14:06:00,26,30,13934,33353
2023-12-04 14:06:07,26,29,13934,33353
2023-12-04 14:06:09,25,29,13934,33353
2023-12-04 14:06:11,25,28,13934,33353
2023-12-04 14:06:12,25,29,13934,33353
2023-12-04 14:06:14,26,29,13934,33353
2023-12-04 14:06:15,26,28,13934,33353
2023-12-04 14:06:17,25,28,13934,33353
2023-12-04 14:06:18,25,29,13934,33353
2023-12-04 14:06:20,24,29,13934,33353
2023-12-04 14:06:20,24,28,13934,33353
2023-12-04 14:06:28,24,27,13934,33353
2023-12-04 14:06:33,23,27,13934,33353
2023-12-04 14:06:36,23,26,13934,33353
2023-12-04 14:06:42,22,26,13934,33353
2023-12-04 14:06:43,22,25,13934,33353
2023-12-04 14:06:54,22,24,13934,33353
2023-12-04 14:06:54,21,24,13934,33353
2023-12-04 14:07:01,21,23,13934,33353
2023-12-04 14:07:01,21,24,13934,33353
2023-12-04 14:07:02,21,23,13934,33353
2023-12-04 14:07:03,21,25,13934,33353
2023-12-04 14:07:03,21,24,13934,33353
2023-12-04 14:07:06,22,24,13934,33353
2023-12-04 14:07:10,21,24,13934,33353
2023-12-04 14:07:14,21,23,13934,33353
2023-12-04 14:07:19,22,23,13934,33353
2023-12-04 14:07:19,22,25,13934,33353
2023-12-04 14:07:19,22,24,13934,33353
2023-12-04 14:07:19,22,25,13934,33353
2023-12-04 14:07:19,22,24,13934,33353
2023-12-04 14:07:21,22,24,13934,33553
2023-12-04 14:07:29,22,25,13934,33553
2023-12-04 14:07:36,23,25,13934,33553
2023-12-04 14:07:39,23,26,13934,33553
2023-12-04 14:07:39,23,27,13934,33553
2023-12-04 14:07:39,23,26,13934,33553
2023-12-04 14:07:44,23,27,13934,33553
2023-12-04 14:07:44,23,25,13934,33553
2023-12-04 14:07:54,22,25,13934,33553
2023-12-04 14:07:55,22,24,13934,33553
2023-12-04 14:08:04,22,25,13934,33553
2023-12-04 14:08:04,22,26,13934,33553
2023-12-04 14:08:04,22,25,13934,33553
2023-12-04 14:08:06,23,25,13934,33553
2023-12-04 14:08:13,24,25,13934,33553
2023-12-04 14:08:13,24,26,13934,33553
2023-12-04 14:08:14,23,26,13934,33553
2023-12-04 14:08:30,23,25,13934,33553
2023-12-04 14:08:30,24,25,13934,33553
2023-12-04 14:08:30,24,26,13934,33553
2023-12-04 14:08:46,25,26,13934,33553
2023-12-04 14:08:47,25,26,13934,33753
2023-12-04 14:08:47,25,29,13934,33753
2023-12-04 14:08:48,25,28,13934,33753
2023-12-04 14:08:57,25,27,13934,33753
2023-12-04 14:09:13,25,26,13934,33753
2023-12-04 14:09:19,25,27,13934,33753
2023-12-04 14:09:21,25,26,13934,33753
2023-12-04 14:09:24,25,27,13934,33753
2023-12-04 14:09:24,25,26,13934,33753
2023-12-04 14:09:24,25,27,13934,33753
2023-12-04 14:09:26,25,26,13934,33753
2023-12-04 14:09:29,25,27,13934,33753
2023-12-04 14:09:35,25,26,13934,33753
2023-12-04 14:09:39,25,27,13934,33753
2023-12-04 14:09:43,25,26,13934,33753
2023-12-04 14:09:48,25,27,13934,33753
2023-12-04 14:09:49,25,26,13934,33753
2023-12-04 14:09:51,25,27,14041,33860
2023-12-04 14:09:51,25,26,14041,33860
2023-12-04 14:09:54,25,27,14041,33860
2023-12-04 14:09:54,25,26,14041,33860
2023-12-04 14:09:54,25,27,14344,34163
2023-12-04 14:09:55,25,28,14344,34163
2023-12-04 14:09:55,25,27,14344,34163
2023-12-04 14:09:58,25,28,14344,34163
2023-12-04 14:10:02,25,27,14344,34163
2023-12-04 14:10:06,25,28,14344,34163
2023-12-04 14:10:12,25,27,14344,34163
2023-12-04 14:10:13,25,26,14344,34163
2023-12-04 14:10:13,25,28,14344,34163
2023-12-04 14:10:13,25,27,14344,34163
2023-12-04 14:10:29,25,29,14344,34163
2023-12-04 14:10:29,25,28,14344,34163
2023-12-04 14:10:32,25,29,14344,34163
2023-12-04 14:10:35,26,29,14344,34163
2023-12-04 14:10:39,26,30,14344,34163
2023-12-04 14:10:40,28,30,14344,34163
2023-12-04 14:10:40,28,31,14344,34163
2023-12-04 14:10:41,30,31,14344,34163
2023-12-04 14:10:41,30,33,14344,34163
2023-12-04 14:10:41,30,32,14344,34163
2023-12-04 14:10:41,30,33,14344,34163
2023-12-04 14:10:41,30,32,14344,34163
2023-12-04 14:10:41,30,33,14344,34163
2023-12-04 14:10:44,31,33,14344,34163
2023-12-04 14:10:45,31,34,14344,34163
2023-12-04 14:10:47,30,34,14344,34163
2023-12-04 14:10:47,30,33,14344,34163
2023-12-04 14:10:49,31,33,14344,34163
2023-12-04 14:10:52,30,33,14344,34163
2023-12-04 14:10:57,31,33,14344,34163
2023-12-04 14:10:57,31,34,14344,34163
2023-12-04 14:11:07,32,34,14344,34163
2023-12-04 14:11:07,32,35,14344,34163
2023-12-04 14:11:21,33,35,14344,34163
2023-12-04 14:11:23,32,35,14344,34163
2023-12-04 14:11:24,33,35,14344,34163
2023-12-04 14:11:24,32,35,14344,34163
2023-12-04 14:11:25,33,35,14344,34163
2023-12-04 14:11:25,32,35,14344,34163
2023-12-04 14:11:38,33,35,14344,34163
2023-12-04 14:11:40,32,35,14344,34163
2023-12-04 14:11:41,33,35,14344,34163
2023-12-04 14:11:46,34,35,14344,34163
2023-12-04 14:11:46,34,35,14469,34288
2023-12-04 14:11:46,34,36,14469,34288
2023-12-04 14:11:46,34,37,14469,34288
2023-12-04 14:11:46,34,38,14469,34288
2023-12-04 14:11:51,35,38,14469,34288
2023-12-04 14:11:55,36,38,14469,34288
2023-12-04 14:11:55,36,39,14469,34288
2023-12-04 14:12:01,35,39,14469,34288
2023-12-04 14:12:02,36,39,14469,34288
2023-12-04 14:12:07,37,39,14469,34288
2023-12-04 14:12:13,37,40,14469,34288
2023-12-04 14:12:14,39,40,14469,34288
2023-12-04 14:12:19,39,41,14469,34288
2023-12-04 14:12:20,40,41,14469,34288
2023-12-04 14:12:22,40,42,14469,34288
2023-12-04 14:12:26,40,43,14469,34288
2023-12-04 14:12:26,42,43,14469,34288
2023-12-04 14:12:28,42,44,14469,34288
2023-12-04 14:12:30,43,44,14469,34288
2023-12-04 14:12:35,43,44,14469,34488
2023-12-04 14:12:38,42,44,14469,34688
2023-12-04 14:12:43,42,43,14469,34688
2023-12-04 14:12:46,43,44,14654,34873
2023-12-04 14:12:46,43,45,14654,34873
2023-12-04 14:12:47,42,45,14654,34873
2023-12-04 14:12:48,41,45,14654,34873
2023-12-04 14:12:51,41,44,14654,34873
2023-12-04 14:13:00,41,45,14654,34873
2023-12-04 14:13:01,41,44,14654,34873
2023-12-04 14:13:03,42,44,14654,34873
2023-12-04 14:13:04,41,44,14654,34873
2023-12-04 14:13:05,42,44,14654,34873
2023-12-04 14:13:10,42,45,14654,34873
2023-12-04 14:13:12,42,46,14654,34873
2023-12-04 14:13:16,42,45,14654,34873
2023-12-04 14:13:20,42,44,14654,34873
2023-12-04 14:13:22,41,44,14654,34873
2023-12-04 14:13:24,42,44,14654,34873
2023-12-04 14:13:25,42,45,14654,34873
2023-12-04 14:13:28,43,45,14654,34873
2023-12-04 14:13:29,43,46,14654,34873
2023-12-04 14:13:33,43,47,14654,34873
2023-12-04 14:13:33,44,47,14654,34873
2023-12-04 14:13:38,43,47,14654,34873
2023-12-04 14:13:40,43,46,14654,34873
