datetime,bid,ask,open_interest,volume
2023-12-04 09:30:27,3,15,680,700
2023-12-04 09:30:27,3,99,680,700
2023-12-04 09:30:29,0,99,680,700
2023-12-04 09:31:00,0,10,680,700
2023-12-04 09:31:00,6,10,680,700
2023-12-04 09:31:00,8,10,680,700
2023-12-04 09:31:07,8,10,682,702
2023-12-04 09:31:32,9,10,682,702
2023-12-04 09:31:41,9,11,682,702
2023-12-04 09:31:44,9,12,682,702
2023-12-04 09:31:45,10,12,682,702
2023-12-04 09:31:47,9,12,682,702
2023-12-04 09:31:53,10,12,682,702
2023-12-04 09:32:27,9,12,682,702
2023-12-04 09:32:30,10,12,682,702
2023-12-04 09:32:32,9,12,682,702
2023-12-04 09:32:44,10,12,682,702
2023-12-04 09:33:00,9,12,682,702
2023-12-04 09:33:03,9,11,682,702
2023-12-04 09:33:04,9,12,682,702
2023-12-04 09:33:11,10,12,682,702
2023-12-04 09:33:17,9,12,682,702
2023-12-04 09:33:21,9,11,682,702
2023-12-04 09:33:27,9,10,682,702
2023-12-04 09:33:28,9,11,682,702
2023-12-04 09:33:45,8,11,682,902
2023-12-04 09:33:46,8,10,682,902
2023-12-04 09:33:59,8,10,682,1152
2023-12-04 09:34:00,8,9,682,1152
2023-12-04 09:34:39,7,9,682,1152
2023-12-04 09:34:49,7,8,682,1152
2023-12-04 09:34:51,6,8,682,1152
2023-12-04 09:34:59,6,7,682,1152
2023-12-04 09:35:12,6,8,682,1152
2023-12-04 09:35:24,6,9,682,1152
2023-12-04 09:35:27,6,9,1280,1750
2023-12-04 09:35:28,5,9,1280,1750
2023-12-04 09:35:40,7,9,1280,1750
2023-12-04 09:35:54,8,9,1280,1750
2023-12-04 09:35:55,8,10,1280,1750
2023-12-04 09:36:23,7,10,1280,1750
2023-12-04 09:36:26,7,9,1280,1750
2023-12-04 09:36:39,7,8,1280,1750
2023-12-04 09:36:59,7,9,1280,1750
2023-12-04 09:37:02,7,8,1280,1750
2023-12-04 09:37:18,7,9,1280,1750
2023-12-04 09:37:25,7,8,1280,1750
2023-12-04 09:37:29,7,9,1280,1750
2023-12-04 09:37:41,7,8,1280,1750
2023-12-04 09:37:53,7,9,1280,1750
2023-12-04 09:38:40,7,8,1280,1750
2023-12-04 09:38:58,6,8,1280,1750
2023-12-04 09:39:08,6,7,1280,1750
2023-12-04 09:39:46,6,8,1280,1750
2023-12-04 09:40:01,6,9,1280,1750
2023-12-04 09:40:02,7,9,1280,1750
2023-12-04 09:40:10,6,9,1280,1750
2023-12-04 09:40:10,6,8,1280,1750
2023-12-04 09:40:31,6,9,1280,1750
2023-12-04 09:40:35,7,9,1280,1750
2023-12-04 09:40:45,7,8,1280,1750
2023-12-04 09:40:46,6,8,1280,1750
2023-12-04 09:40:47,6,9,1280,1750
2023-12-04 09:40:52,6,8,1280,1750
2023-12-04 09:41:02,6,9,1280,1750
2023-12-04 09:41:08,7,9,1280,1750
2023-12-04 09:41:30,7,10,1280,1750
2023-12-04 09:41:37,7,9,1280,1750
2023-12-04 09:41:42,7,10,1280,1750
2023-12-04 09:41:42,7,9,1280,1750
2023-12-04 09:41:58,7,10,1280,1750
2023-12-04 09:41:58,7,9,1280,1750
2023-12-04 09:41:59,8,9,1280,1750
2023-12-04 09:41:59,8,10,1280,1750
2023-12-04 09:42:01,7,10,1280,1750
2023-12-04 09:42:01,7,9,1280,1750
2023-12-04 09:42:03,8,9,1280,1750
2023-12-04 09:42:03,8,10,1280,1750
2023-12-04 09:42:28,7,10,1280,1750
2023-12-04 09:42:31,8,10,1280,1750
2023-12-04 09:42:38,7,10,1280,1750
2023-12-04 09:42:41,7,9,1280,1750
2023-12-04 09:42:54,7,8,1280,1750
2023-12-04 09:42:59,6,8,1280,1750
2023-12-04 09:43:26,6,9,1280,1750
2023-12-04 09:43:33,7,9,1280,1750
2023-12-04 09:43:43,7,10,1280,1750
2023-12-04 09:43:54,8,10,1280,1750
2023-12-04 09:44:14,9,10,1280,1750
2023-12-04 09:44:26,9,11,1280,1750
2023-12-04 09:45:15,9,10,1280,1750
2023-12-04 09:45:17,8,10,1280,1750
2023-12-04 09:45:20,8,11,1280,1750
2023-12-04 09:45:20,8,10,1280,1750
2023-12-04 09:45:21,8,11,1280,1750
2023-12-04 09:45:22,8,10,1280,1750
2023-12-04 09:45:24,8,11,1280,1750
2023-12-04 09:45:29,9,11,1280,1750
2023-12-04 09:45:35,9,10,1280,1750
2023-12-04 09:45:35,9,11,1280,2050
2023-12-04 09:45:38,9,10,1280,2050
2023-12-04 09:45:44,8,10,1280,2050
2023-12-04 09:46:04,8,11,1280,2050
2023-12-04 09:46:14,8,10,1280,2050
2023-12-04 09:46:14,9,10,1280,2050
2023-12-04 09:46:18,8,10,1280,2050
2023-12-04 09:46:21,8,11,1280,2050
2023-12-04 09:46:37,9,11,1280,2050
2023-12-04 09:47:22,8,11,1280,2050
2023-12-04 09:47:32,9,11,1280,2050
2023-12-04 09:47:44,8,11,1280,2050
2023-12-04 09:47:48,8,10,1280,2050
2023-12-04 09:47:49,9,10,1280,2050
2023-12-04 09:47:56,9,11,1280,2050
2023-12-04 09:47:56,9,10,1280,2050
2023-12-04 09:48:01,9,11,1280,2050
2023-12-04 09:48:01,9,10,1280,2050
2023-12-04 09:48:18,9,11,1280,2050
2023-12-04 09:49:02,9,10,1280,2050
2023-12-04 09:49:02,8,10,1280,2050
2023-12-04 09:49:04,8,11,1280,2050
2023-12-04 09:49:05,9,11,1280,2050
2023-12-04 09:49:12,8,11,1280,2050
2023-12-04 09:49:13,8,10,1280,2050
2023-12-04 09:49:43,8,11,1280,2050
2023-12-04 09:50:03,9,11,1280,2050
2023-12-04 09:50:12,10,11,1280,2050
2023-12-04 09:50:21,9,11,1280,2050
2023-12-04 09:50:30,10,11,1280,2050
2023-12-04 09:50:53,10,12,1280,2050
2023-12-04 09:51:03,11,12,1280,2050
2023-12-04 09:51:22,11,12,1282,2052
2023-12-04 09:51:27,10,12,1282,2052
2023-12-04 09:51:58,9,12,1282,2052
2023-12-04 09:52:01,9,11,1282,2052
2023-12-04 09:52:16,8,11,1282,2052
2023-12-04 09:52:16,8,10,1282,2052
2023-12-04 09:52:28,8,9,1282,2052
2023-12-04 09:52:32,8,9,1342,2112
2023-12-04 09:52:47,7,9,1342,2112
2023-12-04 09:53:46,7,9,1542,2312
2023-12-04 09:53:46,7,9,1742,2512
2023-12-04 09:53:47,7,8,1742,2512
2023-12-04 09:53:59,6,8,1742,2512
2023-12-04 09:54:49,6,7,1742,2512
2023-12-04 09:55:07,6,7,1921,2691
2023-12-04 09:55:08,5,7,1921,2691
2023-12-04 09:55:17,6,7,1921,2691
2023-12-04 09:55:17,6,8,1921,2691
2023-12-04 09:55:22,6,7,1921,2691
2023-12-04 09:55:24,5,7,1921,2691
2023-12-04 09:56:54,5,8,1921,2691
2023-12-04 09:56:58,5,7,1921,2691
2023-12-04 09:57:01,6,7,1921,2691
2023-12-04 09:57:10,6,8,1921,2691
2023-12-04 09:57:11,6,7,1921,2691
2023-12-04 09:57:13,6,8,1921,2691
2023-12-04 09:57:17,6,7,1921,2691
2023-12-04 09:57:23,6,8,1921,2691
2023-12-04 09:57:24,6,7,1921,2691
2023-12-04 09:57:54,6,8,1921,2691
2023-12-04 09:58:07,6,9,1921,2691
2023-12-04 09:58:07,6,8,1921,2691
2023-12-04 09:58:18,6,9,1921,2691
2023-12-04 09:58:20,6,8,1921,2691
2023-12-04 09:58:22,6,9,1921,2691
2023-12-04 09:58:28,7,9,1921,2691
2023-12-04 09:58:31,8,9,1921,2691
2023-12-04 09:58:32,7,9,1921,2691
2023-12-04 09:58:33,6,9,1921,2691
2023-12-04 09:58:37,7,9,1921,2691
2023-12-04 09:58:39,6,9,1921,2691
2023-12-04 09:59:27,7,9,1921,2691
2023-12-04 09:59:40,8,9,1921,2691
2023-12-04 09:59:58,7,9,1921,2691
2023-12-04 10:00:02,6,9,1921,2691
2023-12-04 10:00:09,7,9,1921,2691
2023-12-04 10:00:10,7,8,1921,2691
2023-12-04 10:00:12,7,9,2057,2827
2023-12-04 10:00:12,7,8,2057,2827
2023-12-04 10:00:15,7,9,2189,2959
2023-12-04 10:00:15,7,8,2189,2959
2023-12-04 10:00:15,7,9,2189,2959
2023-12-04 10:00:40,8,9,2189,2959
2023-12-04 10:00:50,7,9,2189,2959
2023-12-04 10:00:56,7,8,2189,2959
2023-12-04 10:00:57,6,8,2189,2959
2023-12-04 10:01:13,7,8,2189,2959
2023-12-04 10:01:17,6,8,2189,2959
2023-12-04 10:01:21,6,7,2189,2959
2023-12-04 10:01:24,6,8,2189,2959
2023-12-04 10:01:27,7,8,2189,2959
2023-12-04 10:01:29,7,9,2189,2959
2023-12-04 10:01:29,6,9,2189,2959
2023-12-04 10:01:42,7,9,2189,2959
2023-12-04 10:01:45,6,9,2189,2959
2023-12-04 10:01:45,8,9,2189,2959
2023-12-04 10:01:50,8,9,2189,3019
2023-12-04 10:02:03,7,9,2189,3019
2023-12-04 10:02:03,8,9,2189,3019
2023-12-04 10:02:23,7,9,2189,3019
2023-12-04 10:02:36,7,10,2189,3019
2023-12-04 10:02:45,8,10,2189,3019
2023-12-04 10:02:54,9,10,2189,3019
2023-12-04 10:03:05,7,9,2021,3187
2023-12-04 10:03:06,7,10,2021,3187
2023-12-04 10:03:10,7,9,2021,3187
2023-12-04 10:03:11,8,9,2021,3187
2023-12-04 10:03:22,8,10,2021,3187
2023-12-04 10:03:22,8,9,2021,3187
2023-12-04 10:03:36,8,9,2021,3387
2023-12-04 10:03:36,8,9,2082,3488
2023-12-04 10:03:37,7,9,2082,3488
2023-12-04 10:03:39,7,8,2082,3488
2023-12-04 10:03:40,6,8,2082,3488
2023-12-04 10:03:49,6,7,2082,3488
2023-12-04 10:04:08,6,7,2142,3548
2023-12-04 10:04:09,6,7,2172,3578
2023-12-04 10:04:12,5,7,2332,3738
2023-12-04 10:04:18,5,6,2332,3738
2023-12-04 10:04:38,5,6,2508,3914
2023-12-04 10:04:45,4,6,2582,3988
2023-12-04 10:05:02,4,5,2582,3988
2023-12-04 10:05:14,4,6,2582,4788
2023-12-04 10:05:28,4,5,2582,4788
2023-12-04 10:05:28,4,6,2582,4788
2023-12-04 10:05:29,4,5,2582,4788
2023-12-04 10:05:41,4,6,2582,4788
2023-12-04 10:05:42,4,5,2582,4788
2023-12-04 10:05:43,4,6,2582,4788
2023-12-04 10:05:43,4,5,2582,4788
2023-12-04 10:05:50,4,6,2582,4788
2023-12-04 10:05:50,4,5,2582,4788
2023-12-04 10:05:51,4,6,2582,4788
2023-12-04 10:06:31,5,6,2582,4788
2023-12-04 10:06:32,4,6,2582,4788
2023-12-04 10:06:42,5,6,2582,4788
2023-12-04 10:06:45,4,6,2582,4788
2023-12-04 10:06:53,4,7,2582,4788
2023-12-04 10:06:59,5,7,2582,4788
2023-12-04 10:07:03,4,7,2582,4788
2023-12-04 10:07:04,4,6,2582,4788
2023-12-04 10:07:04,4,7,2582,4788
2023-12-04 10:07:05,4,6,2582,4788
2023-12-04 10:07:51,4,7,2582,4788
2023-12-04 10:08:03,5,7,2582,4788
2023-12-04 10:08:03,4,7,2582,4788
2023-12-04 10:08:04,5,7,2582,4788
2023-12-04 10:08:25,4,7,2582,4788
2023-12-04 10:08:25,5,7,2582,4788
2023-12-04 10:08:33,5,8,2582,4788
2023-12-04 10:08:35,6,8,2582,4788
2023-12-04 10:09:22,6,7,2582,4788
2023-12-04 10:09:40,6,8,2582,4788
2023-12-04 10:09:45,6,7,2582,4788
2023-12-04 10:09:56,6,8,2582,4788
2023-12-04 10:10:23,6,7,2582,4788
2023-12-04 10:10:43,6,8,2582,4788
2023-12-04 10:11:00,6,7,2582,4788
2023-12-04 10:11:02,6,8,2582,4788
2023-12-04 10:11:03,6,7,2582,4788
2023-12-04 10:11:04,6,8,2582,4788
2023-12-04 10:11:05,6,7,2582,4788
2023-12-04 10:11:07,6,8,2582,4788
2023-12-04 10:11:47,6,7,2582,4788
2023-12-04 10:11:58,6,8,2582,4788
2023-12-04 10:12:07,7,8,2582,4788
2023-12-04 10:12:08,7,9,2582,4788
2023-12-04 10:12:09,7,8,2582,4788
2023-12-04 10:12:09,7,9,2582,4788
2023-12-04 10:12:17,7,8,2582,4788
2023-12-04 10:12:19,6,8,2582,4788
2023-12-04 10:12:22,7,8,2582,4788
2023-12-04 10:12:31,7,9,2582,4788
2023-12-04 10:12:31,7,8,2582,4788
2023-12-04 10:12:38,7,9,2582,4788
2023-12-04 10:13:57,8,9,2582,4788
2023-12-04 10:14:08,7,9,2582,4788
2023-12-04 10:14:08,7,8,2582,4788
2023-12-04 10:14:15,7,9,2582,4788
2023-12-04 10:14:22,7,10,2582,4788
2023-12-04 10:14:30,7,9,2582,4788
2023-12-04 10:14:30,7,10,2582,4788
2023-12-04 10:14:31,7,9,2582,4788
2023-12-04 10:14:31,7,10,2582,4788
2023-12-04 10:14:32,7,9,2582,4788
2023-12-04 10:14:32,7,10,2582,4788
2023-12-04 10:14:34,8,10,2582,4788
2023-12-04 10:14:34,9,10,2582,4788
2023-12-04 10:15:27,9,11,2582,4788
2023-12-04 10:15:37,10,11,2582,4788
2023-12-04 10:15:41,9,11,2582,4788
2023-12-04 10:15:45,10,11,2582,4788
2023-12-04 10:15:56,10,12,2582,4788
2023-12-04 10:15:58,11,12,2582,4788
2023-12-04 10:16:00,11,13,2582,4788
2023-12-04 10:16:04,11,14,2582,4788
2023-12-04 10:16:04,12,14,2582,4788
2023-12-04 10:16:26,12,13,2582,4788
2023-12-04 10:16:27,12,14,2582,4788
2023-12-04 10:16:31,12,13,2582,4788
2023-12-04 10:16:42,12,14,2582,4788
2023-12-04 10:16:46,12,13,2582,4788
2023-12-04 10:16:48,12,14,2582,4788
2023-12-04 10:16:56,13,14,2582,4788
2023-12-04 10:16:58,13,15,2582,4788
2023-12-04 10:17:17,13,14,2582,4788
2023-12-04 10:17:17,12,14,2582,4788
2023-12-04 10:17:20,12,14,2582,5088
2023-12-04 10:17:26,13,14,2582,5088
2023-12-04 10:17:41,11,14,2582,5088
2023-12-04 10:17:41,12,14,2582,5088
2023-12-04 10:17:47,11,14,2582,5088
2023-12-04 10:17:47,13,14,2582,5088
2023-12-04 10:17:47,11,14,2582,5088
2023-12-04 10:17:47,13,14,2582,5088
2023-12-04 10:17:47,11,14,2582,5088
2023-12-04 10:17:47,13,14,2582,5088
2023-12-04 10:17:52,12,14,2582,5088
2023-12-04 10:17:56,12,15,2582,5088
2023-12-04 10:17:56,13,15,2582,5088
2023-12-04 10:18:04,12,15,2582,5088
2023-12-04 10:18:04,13,15,2582,5088
2023-12-04 10:18:05,12,15,2582,5088
2023-12-04 10:18:05,13,15,2582,5088
2023-12-04 10:18:14,13,14,2582,5088
2023-12-04 10:18:15,12,14,2582,5088
2023-12-04 10:18:16,13,14,2582,5088
2023-12-04 10:18:19,13,15,2582,5088
2023-12-04 10:18:21,14,15,2582,5088
2023-12-04 10:18:24,12,15,2582,5088
2023-12-04 10:18:24,14,15,2582,5088
2023-12-04 10:18:50,14,15,2582,5288
2023-12-04 10:18:50,12,15,2582,5288
2023-12-04 10:18:50,13,15,2582,5288
2023-12-04 10:18:51,13,14,2582,5288
2023-12-04 10:18:55,12,14,2582,5288
2023-12-04 10:18:58,11,14,2582,5288
2023-12-04 10:19:00,12,14,2582,5288
2023-12-04 10:19:03,12,15,2582,5288
2023-12-04 10:19:06,13,15,2582,5288
2023-12-04 10:19:07,12,15,2582,5288
2023-12-04 10:19:15,13,15,2582,5288
2023-12-04 10:19:23,14,15,2582,5288
2023-12-04 10:20:13,13,15,2582,5288
2023-12-04 10:20:31,13,14,2582,5288
2023-12-04 10:20:33,13,15,2582,5288
2023-12-04 10:20:33,12,15,2582,5288
2023-12-04 10:20:33,13,15,2582,5288
2023-12-04 10:20:37,12,15,2582,5288
2023-12-04 10:20:37,13,15,2582,5288
2023-12-04 10:21:09,14,15,2582,5288
2023-12-04 10:21:13,13,15,2582,5288
2023-12-04 10:21:15,14,15,2582,5288
2023-12-04 10:22:27,14,16,2582,5288
2023-12-04 10:22:34,15,16,2582,5288
2023-12-04 10:22:45,15,17,2582,5288
2023-12-04 10:22:50,16,17,2582,5288
2023-12-04 10:22:50,16,18,2582,5288
2023-12-04 10:22:52,17,18,2582,5288
2023-12-04 10:22:52,17,19,2582,5288
2023-12-04 10:22:53,18,19,2582,5288
2023-12-04 10:22:53,18,20,2582,5288
2023-12-04 10:22:59,19,20,2582,5288
2023-12-04 10:23:01,18,20,2582,5288
2023-12-04 10:23:10,19,20,2582,5288
2023-12-04 10:23:12,19,21,2582,5488
2023-12-04 10:23:12,20,21,2582,5488
2023-12-04 10:23:15,20,23,2582,5488
2023-12-04 10:23:15,21,23,2582,5488
2023-12-04 10:24:06,21,24,2582,5488
2023-12-04 10:24:06,22,24,2582,5488
2023-12-04 10:24:12,22,25,2582,5488
2023-12-04 10:24:23,22,24,2582,5488
2023-12-04 10:24:24,22,25,2582,5488
2023-12-04 10:24:24,23,25,2582,5488
2023-12-04 10:24:34,23,26,2582,5488
2023-12-04 10:24:34,24,26,2582,5488
2023-12-04 10:24:35,24,27,2582,5488
2023-12-04 10:24:35,25,27,2582,5488
2023-12-04 10:24:36,26,27,2582,5488
2023-12-04 10:24:41,26,28,2582,5488
2023-12-04 10:24:41,27,28,2582,5488
2023-12-04 10:24:51,26,28,2582,5488
2023-12-04 10:24:52,27,28,2582,5488
2023-12-04 10:24:52,26,28,2582,5488
2023-12-04 10:24:53,27,28,2582,5488
2023-12-04 10:24:54,26,28,2582,5488
2023-12-04 10:25:04,25,28,2582,5488
2023-12-04 10:25:13,25,27,2582,5488
2023-12-04 10:25:25,26,27,2582,5488
2023-12-04 10:25:25,26,28,2582,5488
2023-12-04 10:25:36,27,28,2582,5488
2023-12-04 10:25:49,27,29,2582,5488
2023-12-04 10:26:00,28,29,2582,5488
2023-12-04 10:26:01,27,29,2582,5488
2023-12-04 10:26:02,27,30,2582,5488
2023-12-04 10:26:02,28,30,2582,5488
2023-12-04 10:26:08,29,30,2582,5488
2023-12-04 10:26:10,28,30,2582,5488
2023-12-04 10:26:20,29,30,2582,5488
2023-12-04 10:26:26,28,30,2582,5488
2023-12-04 10:26:27,29,30,2582,5488
2023-12-04 10:26:27,28,30,2582,5488
2023-12-04 10:26:28,28,29,2582,5488
2023-12-04 10:26:28,27,29,2582,5488
2023-12-04 10:26:36,27,30,2582,5488
2023-12-04 10:26:42,28,30,2582,5488
2023-12-04 10:26:51,29,30,2582,5488
2023-12-04 10:27:00,29,31,2582,5488
2023-12-04 10:27:01,30,31,2582,5488
2023-12-04 10:27:01,30,32,2582,5488
2023-12-04 10:27:11,30,31,2582,5488
2023-12-04 10:27:12,29,31,2582,5488
2023-12-04 10:27:14,29,32,2582,5488
2023-12-04 10:27:17,30,32,2582,5488
2023-12-04 10:27:23,31,32,2582,5488
2023-12-04 10:27:24,30,32,2582,5488
2023-12-04 10:27:24,31,32,2582,5488
2023-12-04 10:27:26,30,32,2582,5488
2023-12-04 10:27:26,31,32,2582,5488
2023-12-04 10:27:27,30,32,2582,5488
2023-12-04 10:27:27,31,32,2582,5488
2023-12-04 10:27:28,30,32,2582,5488
2023-12-04 10:27:42,29,32,2582,5488
2023-12-04 10:27:44,30,32,2582,5488
2023-12-04 10:28:00,29,32,2582,5488
2023-12-04 10:28:12,30,32,2582,5488
2023-12-04 10:28:14,29,32,2582,5488
2023-12-04 10:28:16,29,31,2582,5488
2023-12-04 10:28:17,29,32,2582,5488
2023-12-04 10:28:19,29,31,2582,5488
2023-12-04 10:28:39,29,32,2582,5488
2023-12-04 10:28:47,30,32,2582,5488
2023-12-04 10:28:54,31,32,2582,5488
2023-12-04 10:28:56,31,33,2582,5488
2023-12-04 10:29:12,32,33,2582,5488
2023-12-04 10:29:18,31,33,2582,5488
2023-12-04 10:29:32,31,32,2582,5488
2023-12-04 10:29:36,29,32,2582,5488
2023-12-04 10:29:48,30,32,2582,5488
2023-12-04 10:29:49,29,32,2582,5488
2023-12-04 10:29:52,30,32,2582,5488
2023-12-04 10:29:52,29,32,2582,5488
2023-12-04 10:29:53,30,32,2582,5488
2023-12-04 10:29:56,29,32,2582,5488
2023-12-04 10:30:00,30,32,2582,5488
2023-12-04 10:30:06,31,32,2582,5488
2023-12-04 10:30:06,30,32,2582,5488
2023-12-04 10:30:06,31,32,2582,5488
2023-12-04 10:30:15,31,33,2582,5488
2023-12-04 10:30:15,30,33,2582,5488
2023-12-04 10:30:16,31,33,2582,5488
2023-12-04 10:30:17,30,33,2582,5488
2023-12-04 10:30:20,30,32,2582,5488
2023-12-04 10:30:24,30,33,2582,5488
2023-12-04 10:30:29,30,32,2582,5488
2023-12-04 10:30:30,29,32,2582,5488
2023-12-04 10:30:35,29,31,2582,5488
2023-12-04 10:30:41,29,32,2582,5488
2023-12-04 10:30:43,30,32,2582,5488
2023-12-04 10:30:43,31,32,2582,5488
2023-12-04 10:30:56,29,31,2602,5631
2023-12-04 10:30:57,29,32,2602,5631
2023-12-04 10:31:01,30,32,2602,5631
2023-12-04 10:31:01,31,32,2602,5631
2023-12-04 10:31:17,31,33,2602,5631
2023-12-04 10:31:27,30,33,2602,5631
2023-12-04 10:31:37,31,33,2602,5631
2023-12-04 10:31:41,30,33,2602,5631
2023-12-04 10:31:43,30,33,2602,5631
2023-12-04 10:31:44,31,33,2602,5631
2023-12-04 10:31:48,30,33,2602,5631
2023-12-04 10:31:51,31,33,2602,5631
2023-12-04 10:32:06,32,33,2602,5631
2023-12-04 10:32:06,32,34,2602,5631
2023-12-04 10:32:08,33,34,2602,5631
2023-12-04 10:32:10,32,34,2602,5631
2023-12-04 10:32:10,31,34,2602,5631
2023-12-04 10:32:12,32,34,2602,5631
2023-12-04 10:32:13,31,34,2602,5631
2023-12-04 10:32:17,32,34,2602,5631
2023-12-04 10:32:18,32,33,2602,5631
2023-12-04 10:32:18,31,33,2602,5631
2023-12-04 10:32:22,30,33,2602,5631
2023-12-04 10:32:22,30,32,2602,5631
2023-12-04 10:32:28,29,32,2602,5631
2023-12-04 10:32:32,29,31,2602,5631
2023-12-04 10:33:08,29,32,2602,5631
2023-12-04 10:33:18,30,32,2602,5631
2023-12-04 10:33:32,30,33,2602,5631
2023-12-04 10:33:37,31,33,2602,5631
2023-12-04 10:33:43,31,34,2602,5631
2023-12-04 10:33:44,32,34,2602,5631
2023-12-04 10:33:46,33,34,2602,5631
2023-12-04 10:33:54,33,35,2602,5631
2023-12-04 10:34:01,34,35,2602,5631
2023-12-04 10:34:02,34,35,2802,5831
2023-12-04 10:34:02,34,36,2802,5831
2023-12-04 10:34:11,33,36,2802,5831
2023-12-04 10:34:11,33,35,2802,5831
2023-12-04 10:34:22,33,36,2802,5831
2023-12-04 10:34:22,34,36,2802,5831
2023-12-04 10:34:48,34,36,3002,6031
2023-12-04 10:34:48,35,36,3002,6031
2023-12-04 10:34:55,35,37,3002,6031
2023-12-04 10:35:05,35,37,3202,6231
2023-12-04 10:35:10,34,37,3202,6231
2023-12-04 10:35:11,34,36,3202,6231
2023-12-04 10:35:17,35,36,3202,6231
2023-12-04 10:35:19,35,37,3202,6231
2023-12-04 10:35:40,34,37,3202,6231
2023-12-04 10:35:42,35,37,3202,6231
2023-12-04 10:35:44,34,37,3202,6231
2023-12-04 10:35:45,34,36,3202,6231
2023-12-04 10:35:51,34,37,3202,6231
2023-12-04 10:35:52,35,37,3202,6231
2023-12-04 10:35:53,36,37,3202,6231
2023-12-04 10:35:53,36,37,3262,6291
2023-12-04 10:36:03,35,37,3352,6381
2023-12-04 10:36:11,35,37,3552,6581
2023-12-04 10:36:28,35,37,3752,6781
2023-12-04 10:36:40,36,37,3752,6781
2023-12-04 10:36:42,35,37,3752,6781
2023-12-04 10:36:59,34,37,3752,6781
2023-12-04 10:36:59,36,37,3752,6781
2023-12-04 10:37:02,34,37,3752,6781
2023-12-04 10:37:02,35,37,3752,6781
2023-12-04 10:37:09,34,37,3752,6781
2023-12-04 10:37:09,35,37,3752,6781
2023-12-04 10:37:09,36,37,3752,6781
2023-12-04 10:37:36,35,37,3752,6781
2023-12-04 10:38:03,35,36,3752,6781
2023-12-04 10:38:07,34,36,3752,6781
2023-12-04 10:38:07,33,36,3752,6781
2023-12-04 10:38:07,34,36,3752,6781
2023-12-04 10:38:09,34,35,3752,6781
2023-12-04 10:38:17,33,35,3752,6781
2023-12-04 10:38:34,33,34,3752,6781
2023-12-04 10:38:39,32,34,3752,6781
2023-12-04 10:38:39,32,33,3752,6781
2023-12-04 10:38:56,32,34,3752,6781
2023-12-04 10:39:03,33,34,3752,6781
2023-12-04 10:39:16,33,35,3752,6781
2023-12-04 10:39:17,32,35,3752,6781
2023-12-04 10:39:17,33,35,3752,6781
2023-12-04 10:39:17,34,35,3752,6781
2023-12-04 10:39:29,34,36,3752,6781
2023-12-04 10:39:35,35,36,3752,6781
2023-12-04 10:40:03,34,36,3752,6781
2023-12-04 10:40:03,34,35,3752,6781
2023-12-04 10:40:03,33,35,3752,6781
2023-12-04 10:40:03,34,35,3752,6781
2023-12-04 10:40:09,34,36,3752,6781
2023-12-04 10:40:15,34,35,3752,6781
2023-12-04 10:40:18,33,35,3752,6781
2023-12-04 10:40:18,32,35,3752,6781
2023-12-04 10:40:18,33,35,3752,6781
2023-12-04 10:40:19,33,34,3752,6781
2023-12-04 10:40:42,33,35,3752,6781
2023-12-04 10:40:45,32,35,3752,6781
2023-12-04 10:40:45,33,35,3752,6781
2023-12-04 10:40:45,34,35,3752,6781
2023-12-04 10:40:48,32,35,3752,6781
2023-12-04 10:40:48,33,35,3752,6781
2023-12-04 10:40:54,32,35,3752,6781
2023-12-04 10:40:54,33,35,3752,6781
2023-12-04 10:40:54,34,35,3752,6781
2023-12-04 10:41:02,34,36,3752,6781
2023-12-04 10:41:05,34,35,3752,6781
2023-12-04 10:41:06,34,36,3752,6781
2023-12-04 10:41:10,34,35,3752,6781
2023-12-04 10:41:14,34,35,3752,6981
2023-12-04 10:41:29,34,35,3752,7111
2023-12-04 10:41:42,32,35,3752,7111
2023-12-04 10:41:42,33,35,3752,7111
2023-12-04 10:42:00,33,34,3752,7111
2023-12-04 10:42:01,33,35,3752,7111
2023-12-04 10:42:01,34,35,3752,7111
2023-12-04 10:42:10,32,35,3752,7111
2023-12-04 10:42:10,33,35,3752,7111
2023-12-04 10:42:10,33,34,3752,7111
2023-12-04 10:42:27,33,35,3752,7111
2023-12-04 10:42:31,32,35,3752,7111
2023-12-04 10:42:31,34,35,3752,7111
2023-12-04 10:42:35,32,35,3752,7111
2023-12-04 10:42:35,33,35,3752,7111
2023-12-04 10:42:35,33,34,3752,7111
2023-12-04 10:43:12,33,34,3752,7231
2023-12-04 10:43:17,33,34,3643,7761
2023-12-04 10:43:29,31,34,3643,7761
2023-12-04 10:43:29,32,34,3643,7761
2023-12-04 10:43:29,32,33,3643,7761
2023-12-04 10:45:00,32,34,3643,7761
2023-12-04 10:45:00,33,34,3643,7761
2023-12-04 10:45:02,32,34,3643,7761
2023-12-04 10:45:21,31,34,3643,7761
2023-12-04 10:45:21,32,34,3643,7761
2023-12-04 10:45:21,33,34,3643,7761
2023-12-04 10:45:22,33,35,3643,7761
2023-12-04 10:45:37,34,35,3643,7761
2023-12-04 10:45:38,33,35,3643,7761
2023-12-04 10:45:43,33,34,3643,7761
2023-12-04 10:46:02,33,35,3643,7761
2023-12-04 10:46:02,33,34,3643,7761
2023-12-04 10:46:02,33,35,3643,7761
2023-12-04 10:46:07,32,35,3643,7761
2023-12-04 10:46:07,34,35,3643,7761
2023-12-04 10:46:15,34,36,3643,7761
2023-12-04 10:46:33,35,36,3643,7761
2023-12-04 10:46:55,34,36,3643,7761
2023-12-04 10:46:57,34,35,3643,7761
2023-12-04 10:47:03,34,36,3643,7761
2023-12-04 10:47:11,35,36,3643,7761
2023-12-04 10:47:30,34,36,3643,7761
2023-12-04 10:47:30,33,36,3643,7761
2023-12-04 10:47:30,34,36,3643,7761
2023-12-04 10:47:38,34,35,3643,7761
2023-12-04 10:47:57,34,36,3643,7761
2023-12-04 10:48:07,35,36,3643,7761
2023-12-04 10:48:25,34,36,3643,7761
2023-12-04 10:48:25,33,36,3643,7761
2023-12-04 10:48:25,34,36,3643,7761
2023-12-04 10:48:26,34,35,3643,7761
2023-12-04 10:48:52,34,36,3643,7761
2023-12-04 10:49:00,34,35,3643,7761
2023-12-04 10:49:05,32,35,3643,7761
2023-12-04 10:49:05,33,35,3643,7761
2023-12-04 10:49:08,32,35,3643,7761
2023-12-04 10:49:08,33,35,3643,7761
2023-12-04 10:49:08,34,35,3643,7761
2023-12-04 10:49:08,34,35,3643,7766
2023-12-04 10:49:11,34,35,3643,7821
2023-12-04 10:49:35,34,36,3643,7821
2023-12-04 10:49:49,34,35,3643,7821
2023-12-04 10:50:06,34,36,3643,7821
2023-12-04 10:50:06,35,36,3643,7821
2023-12-04 10:50:34,35,37,3643,7821
2023-12-04 10:50:34,34,37,3643,7821
2023-12-04 10:50:34,36,37,3643,7821
2023-12-04 10:50:57,36,38,3643,7821
2023-12-04 10:50:57,37,38,3643,7821
2023-12-04 10:51:00,36,38,3643,7911
2023-12-04 10:51:00,36,38,3643,8001
2023-12-04 10:51:01,37,38,3643,8001
2023-12-04 10:51:04,37,39,3643,8001
2023-12-04 10:51:31,36,39,3643,8001
2023-12-04 10:51:33,36,38,3643,8001
2023-12-04 10:51:57,36,37,3643,8001
2023-12-04 10:52:08,35,37,3643,8001
2023-12-04 10:52:17,35,38,3643,8001
2023-12-04 10:52:17,35,37,3643,8001
2023-12-04 10:52:18,35,38,3643,8001
2023-12-04 10:52:23,36,38,3643,8001
2023-12-04 10:52:39,35,38,3643,8001
2023-12-04 10:52:40,36,38,3643,8001
2023-12-04 10:52:59,35,38,3643,8001
2023-12-04 10:52:59,36,38,3643,8001
2023-12-04 10:53:26,36,39,3643,8001
2023-12-04 10:53:32,37,39,3643,8001
2023-12-04 10:53:32,36,39,3643,8001
2023-12-04 10:53:33,37,39,3643,8001
2023-12-04 10:53:33,36,39,3643,8001
2023-12-04 10:53:34,37,39,3643,8001
2023-12-04 10:53:35,38,39,3643,8001
2023-12-04 10:53:35,38,39,3793,8151
2023-12-04 10:53:35,38,40,3793,8151
2023-12-04 10:53:43,39,40,3793,8151
2023-12-04 10:53:43,39,40,3793,8155
2023-12-04 10:53:44,39,40,3794,8156
2023-12-04 10:53:46,39,41,3794,8156
2023-12-04 10:53:53,38,41,3794,8156
2023-12-04 10:53:58,39,40,3794,8156
2023-12-04 10:53:59,38,40,3794,8156
2023-12-04 10:54:06,39,40,3794,8156
2023-12-04 10:54:06,38,40,3794,8156
2023-12-04 10:54:06,39,40,3794,8156
2023-12-04 10:54:12,38,40,3794,8156
2023-12-04 10:54:14,39,40,3794,8156
2023-12-04 10:54:17,39,41,3794,8156
2023-12-04 10:54:17,40,41,3794,8156
2023-12-04 10:54:36,39,41,3794,8156
2023-12-04 10:54:36,40,41,3794,8156
2023-12-04 10:54:40,39,41,3794,8156
2023-12-04 10:54:40,40,41,3794,8156
2023-12-04 10:54:46,39,41,3794,8156
2023-12-04 10:54:46,40,41,3794,8156
2023-12-04 10:54:47,39,41,3794,8156
2023-12-04 10:54:47,40,41,3794,8156
2023-12-04 10:55:03,39,41,3794,8156
2023-12-04 10:55:06,40,41,3794,8156
2023-12-04 10:55:07,38,41,3794,8156
2023-12-04 10:55:07,38,40,3794,8156
2023-12-04 10:55:09,39,40,3794,8156
2023-12-04 10:55:10,38,40,3794,8156
2023-12-04 10:55:11,39,40,3794,8156
2023-12-04 10:55:12,38,40,3794,8156
2023-12-04 10:55:12,39,40,3794,8156
2023-12-04 10:55:13,38,40,3794,8156
2023-12-04 10:55:15,39,40,3794,8156
2023-12-04 10:55:16,38,40,3794,8156
2023-12-04 10:55:17,39,40,3794,8156
2023-12-04 10:55:20,38,40,3794,8156
2023-12-04 10:55:25,39,40,3794,8156
2023-12-04 10:55:28,38,40,3794,8156
2023-12-04 10:55:28,38,39,3794,8156
2023-12-04 10:55:29,37,39,3794,8156
2023-12-04 10:55:39,37,38,3794,8156
2023-12-04 10:55:48,36,38,3794,8156
2023-12-04 10:55:49,37,38,3794,8156
2023-12-04 10:55:50,36,38,3794,8156
2023-12-04 10:55:56,37,38,3794,8156
2023-12-04 10:56:15,37,39,3794,8156
2023-12-04 10:56:17,37,40,3794,8156
2023-12-04 10:56:17,37,39,3794,8156
2023-12-04 10:56:17,37,38,3794,8300
2023-12-04 10:56:21,37,39,3794,8300
2023-12-04 10:56:21,38,39,3794,8300
2023-12-04 10:56:47,37,39,3794,8300
2023-12-04 10:56:47,38,39,3794,8300
2023-12-04 10:57:41,36,39,3794,8300
2023-12-04 10:57:41,36,38,3794,8300
2023-12-04 10:57:41,37,38,3794,8300
2023-12-04 10:57:45,36,38,3794,8300
2023-12-04 10:57:48,37,38,3794,8300
2023-12-04 10:58:01,37,39,3794,8300
2023-12-04 10:58:01,37,40,3794,8300
2023-12-04 10:58:01,37,39,3794,8300
2023-12-04 10:58:05,38,39,3794,8300
2023-12-04 10:58:07,37,39,3794,8300
2023-12-04 10:58:10,38,39,3794,8300
2023-12-04 10:58:15,37,39,3794,8300
2023-12-04 10:58:15,37,38,3794,8300
2023-12-04 10:58:51,37,39,3794,8300
2023-12-04 10:58:51,38,39,3794,8300
2023-12-04 10:58:53,37,39,3794,8300
2023-12-04 10:58:53,38,39,3794,8300
2023-12-04 10:59:09,37,39,3794,8300
2023-12-04 10:59:09,37,38,3794,8300
2023-12-04 10:59:17,36,38,3794,8300
2023-12-04 10:59:19,37,38,3794,8300
2023-12-04 10:59:26,36,38,3794,8300
2023-12-04 10:59:30,36,37,3794,8300
2023-12-04 10:59:48,36,38,3794,8300
2023-12-04 10:59:53,37,38,3794,8300
2023-12-04 11:00:17,36,38,3794,8300
2023-12-04 11:00:21,36,37,3794,8300
2023-12-04 11:00:43,36,38,3794,8300
2023-12-04 11:00:46,37,38,3794,8300
2023-12-04 11:00:51,36,38,3794,8300
2023-12-04 11:01:00,37,38,3794,8300
2023-12-04 11:01:40,37,39,3794,8300
2023-12-04 11:01:43,38,39,3794,8300
2023-12-04 11:01:48,37,39,3794,8300
2023-12-04 11:01:50,38,39,3794,8300
2023-12-04 11:01:51,37,39,3794,8300
2023-12-04 11:01:58,37,40,3794,8300
2023-12-04 11:01:58,37,39,3794,8300
2023-12-04 11:01:58,37,38,3794,8300
2023-12-04 11:02:27,38,39,3788,8306
2023-12-04 11:02:34,38,40,3788,8306
2023-12-04 11:02:38,38,39,3788,8306
2023-12-04 11:02:41,38,40,3788,8306
2023-12-04 11:02:51,39,40,3788,8306
2023-12-04 11:02:56,39,41,3788,8306
2023-12-04 11:03:14,40,41,3788,8306
2023-12-04 11:03:18,39,41,3788,8306
2023-12-04 11:03:25,39,40,3788,8306
2023-12-04 11:03:28,38,40,3788,8306
2023-12-04 11:03:33,39,40,3788,8306
2023-12-04 11:03:38,39,41,3788,8306
2023-12-04 11:04:03,40,41,3788,8306
2023-12-04 11:04:06,39,41,3788,8306
2023-12-04 11:04:30,38,41,3788,8306
2023-12-04 11:04:38,38,40,3788,8306
2023-12-04 11:04:42,39,40,3788,8306
2023-12-04 11:04:46,39,41,3788,8306
2023-12-04 11:04:47,39,40,3788,8306
2023-12-04 11:04:48,38,40,3788,8306
2023-12-04 11:04:52,39,40,3788,8306
2023-12-04 11:04:54,38,40,3788,8306
2023-12-04 11:05:05,39,40,3788,8306
2023-12-04 11:05:07,39,41,3788,8306
2023-12-04 11:05:19,39,40,3788,8306
2023-12-04 11:05:21,38,41,3788,8306
2023-12-04 11:05:22,38,40,3788,8306
2023-12-04 11:05:31,38,39,3788,8306
2023-12-04 11:05:44,36,39,3788,8306
2023-12-04 11:05:47,36,38,3788,8306
2023-12-04 11:05:54,36,37,3788,8306
2023-12-04 11:05:54,35,37,3788,8306
2023-12-04 11:06:01,35,38,3788,8306
2023-12-04 11:06:02,36,38,3788,8306
2023-12-04 11:06:02,36,38,3788,8366
2023-12-04 11:06:09,36,39,3788,8366
2023-12-04 11:06:13,36,38,3788,8366
2023-12-04 11:06:19,36,39,3788,8366
2023-12-04 11:06:19,36,39,3788,8366
2023-12-04 11:06:19,36,38,3788,8366
2023-12-04 11:06:22,36,37,3788,8366
2023-12-04 11:06:30,36,39,3788,8366
2023-12-04 11:06:30,36,38,3788,8366
2023-12-04 11:06:31,36,39,3788,8366
2023-12-04 11:06:34,36,38,3788,8366
2023-12-04 11:06:36,37,38,3788,8366
2023-12-04 11:06:36,37,39,3788,8366
2023-12-04 11:06:45,36,39,3788,8366
2023-12-04 11:06:48,36,38,3788,8366
2023-12-04 11:06:55,36,39,3788,8366
2023-12-04 11:06:55,36,38,3788,8366
2023-12-04 11:06:56,36,39,3788,8366
2023-12-04 11:07:01,36,38,3788,8366
2023-12-04 11:07:09,37,38,3788,8366
2023-12-04 11:07:09,37,39,3788,8366
2023-12-04 11:07:15,36,39,3788,8366
2023-12-04 11:07:15,37,39,3788,8366
2023-12-04 11:07:19,36,39,3788,8366
2023-12-04 11:07:24,37,39,3788,8366
2023-12-04 11:07:36,36,39,3788,8366
2023-12-04 11:07:36,36,38,3788,8366
2023-12-04 11:07:42,36,39,3788,8366
2023-12-04 11:07:44,37,39,3788,8366
2023-12-04 11:07:49,37,38,3788,8366
2023-12-04 11:07:50,36,38,3788,8366
2023-12-04 11:07:59,37,38,3788,8366
2023-12-04 11:08:00,37,39,3788,8366
2023-12-04 11:08:12,36,39,3788,8366
2023-12-04 11:08:12,36,38,3788,8366
2023-12-04 11:08:33,36,39,3788,8366
2023-12-04 11:08:34,37,39,3788,8366
2023-12-04 11:08:36,36,39,3788,8366
2023-12-04 11:08:37,37,39,3788,8366
2023-12-04 11:08:38,36,39,3788,8366
2023-12-04 11:08:42,36,38,3788,8366
2023-12-04 11:08:48,36,39,3788,8366
2023-12-04 11:08:53,36,38,3788,8366
2023-12-04 11:08:59,36,39,3788,8366
2023-12-04 11:09:01,37,39,3788,8366
2023-12-04 11:09:13,37,38,3788,8366
2023-12-04 11:09:13,36,38,3788,8366
2023-12-04 11:09:16,37,38,3788,8366
2023-12-04 11:09:17,37,39,3788,8366
2023-12-04 11:09:18,37,38,3788,8366
2023-12-04 11:09:19,37,39,3788,8366
2023-12-04 11:09:29,37,40,3788,8366
2023-12-04 11:09:32,38,40,3788,8366
2023-12-04 11:09:44,37,40,3788,8366
2023-12-04 11:09:54,38,40,3788,8366
2023-12-04 11:10:20,37,40,3788,8366
2023-12-04 11:10:36,38,40,3788,8366
2023-12-04 11:11:01,39,40,3788,8366
2023-12-04 11:11:02,39,41,3788,8366
2023-12-04 11:11:02,38,41,3788,8366
2023-12-04 11:11:02,39,41,3788,8366
2023-12-04 11:11:08,38,41,3788,8366
2023-12-04 11:11:17,39,41,3788,8366
2023-12-04 11:11:20,40,41,3788,8366
2023-12-04 11:11:25,40,42,3788,8366
2023-12-04 11:11:39,41,42,3788,8366
2023-12-04 11:11:44,40,42,3788,8366
2023-12-04 11:11:48,40,41,3788,8366
2023-12-04 11:11:53,39,41,3788,8366
2023-12-04 11:12:05,39,42,3788,8366
2023-12-04 11:12:05,40,42,3788,8366
2023-12-04 11:12:11,40,41,3788,8366
2023-12-04 11:12:11,39,41,3788,8366
2023-12-04 11:12:16,38,41,3788,8366
2023-12-04 11:12:27,39,41,3788,8366
2023-12-04 11:12:39,39,42,3788,8366
2023-12-04 11:12:53,39,41,3788,8366
2023-12-04 11:12:57,38,41,3788,8366
2023-12-04 11:13:03,39,41,3788,8366
2023-12-04 11:13:04,39,42,3788,8366
2023-12-04 11:13:05,39,41,3788,8366
2023-12-04 11:13:50,38,41,3788,8366
2023-12-04 11:13:54,38,40,3788,8366
2023-12-04 11:13:58,37,40,3788,8366
2023-12-04 11:14:04,37,39,3788,8366
2023-12-04 11:14:05,36,39,3788,8366
2023-12-04 11:14:12,37,39,3788,8366
2023-12-04 11:14:13,36,39,3788,8366
2023-12-04 11:14:14,37,39,3788,8366
2023-12-04 11:14:19,37,38,3788,8366
2023-12-04 11:14:19,36,38,3788,8366
2023-12-04 11:14:20,37,38,3788,8366
2023-12-04 11:14:21,36,38,3788,8366
2023-12-04 11:14:22,37,38,3788,8366
2023-12-04 11:14:26,36,38,3788,8366
2023-12-04 11:14:37,36,37,3788,8366
2023-12-04 11:14:37,35,37,3788,8366
2023-12-04 11:14:53,35,36,3788,8366
2023-12-04 11:14:53,35,37,3788,8366
2023-12-04 11:14:54,35,36,3788,8366
2023-12-04 11:15:54,34,36,3788,8366
2023-12-04 11:15:56,34,35,3788,8366
2023-12-04 11:16:03,34,36,3788,8366
2023-12-04 11:16:06,34,37,3788,8366
2023-12-04 11:16:16,34,36,3788,8366
2023-12-04 11:16:24,34,35,3788,8366
2023-12-04 11:16:25,34,36,3788,8366
2023-12-04 11:16:26,34,35,3788,8366
2023-12-04 11:16:28,34,36,3788,8366
2023-12-04 11:16:29,34,35,3788,8366
2023-12-04 11:16:31,34,36,3788,8366
2023-12-04 11:16:36,34,35,3788,8366
2023-12-04 11:16:41,33,35,3788,8366
2023-12-04 11:16:42,33,34,3788,8366
2023-12-04 11:16:42,33,35,3788,8366
2023-12-04 11:16:54,33,34,3788,8366
2023-12-04 11:17:35,33,35,3788,8366
2023-12-04 11:17:35,33,34,3788,8366
2023-12-04 11:17:36,33,35,3788,8366
2023-12-04 11:17:37,33,34,3788,8366
2023-12-04 11:17:58,33,35,3788,8366
2023-12-04 11:17:58,33,34,3788,8366
2023-12-04 11:19:11,33,34,3788,8609
2023-12-04 11:19:12,32,34,3788,8609
2023-12-04 11:19:12,32,33,3788,8609
2023-12-04 11:19:17,32,34,3788,8609
2023-12-04 11:19:18,32,33,3788,8609
2023-12-04 11:19:25,32,34,3788,8609
2023-12-04 11:19:25,32,33,3788,8609
2023-12-04 11:19:29,32,34,3788,8609
2023-12-04 11:19:39,32,35,3788,8609
2023-12-04 11:19:41,32,34,3788,8609
2023-12-04 11:19:45,33,34,3788,8609
2023-12-04 11:19:45,33,35,3788,8609
2023-12-04 11:19:52,33,34,3788,8609
2023-12-04 11:19:55,33,35,3788,8609
2023-12-04 11:20:02,33,34,3788,8609
2023-12-04 11:20:02,33,35,3788,8609
2023-12-04 11:20:03,33,34,3788,8609
2023-12-04 11:20:11,32,34,3788,8609
2023-12-04 11:20:26,32,33,3788,8609
2023-12-04 11:20:34,32,34,3788,8609
2023-12-04 11:20:39,32,33,3788,8609
2023-12-04 11:20:40,32,34,3788,8609
2023-12-04 11:20:40,32,33,3788,8609
2023-12-04 11:20:57,31,33,3788,8609
2023-12-04 11:20:57,31,32,3788,8609
2023-12-04 11:21:01,31,33,3788,8609
2023-12-04 11:21:08,31,34,3788,8609
2023-12-04 11:21:09,32,34,3788,8609
2023-12-04 11:21:23,32,33,3788,8609
2023-12-04 11:21:25,32,33,3788,8609
2023-12-04 11:21:30,32,34,3788,8609
2023-12-04 11:21:34,32,35,3788,8609
2023-12-04 11:21:35,33,35,3788,8609
2023-12-04 11:21:48,33,34,3788,8609
2023-12-04 11:21:52,32,34,3788,8609
2023-12-04 11:21:59,33,34,3788,8609
2023-12-04 11:22:02,33,35,3788,8609
2023-12-04 11:22:02,33,34,3788,8609
2023-12-04 11:22:06,33,35,3788,8609
2023-12-04 11:22:08,34,35,3788,8609
2023-12-04 11:22:08,34,36,3788,8609
2023-12-04 11:22:21,34,35,3788,8609
2023-12-04 11:22:37,34,36,3788,8609
2023-12-04 11:22:38,34,35,3788,8609
2023-12-04 11:22:45,34,36,3788,8609
2023-12-04 11:22:46,35,36,3788,8609
2023-12-04 11:22:47,35,37,3788,8609
2023-12-04 11:22:51,35,36,3788,8609
2023-12-04 11:23:27,34,36,3788,8609
2023-12-04 11:23:34,34,35,3788,8609
2023-12-04 11:23:38,32,35,3788,8609
2023-12-04 11:23:40,32,34,3788,8609
2023-12-04 11:23:41,32,33,3788,8609
2023-12-04 11:23:41,31,33,3788,8609
2023-12-04 11:23:44,31,32,3788,8609
2023-12-04 11:23:57,30,32,3788,8609
2023-12-04 11:24:06,30,31,3788,8609
2023-12-04 11:24:10,29,31,3788,8609
2023-12-04 11:24:11,29,30,3788,8609
2023-12-04 11:24:15,28,30,3788,8609
2023-12-04 11:24:17,27,30,3962,9009
2023-12-04 11:24:18,27,29,3962,9009
2023-12-04 11:24:25,27,30,3962,9009
2023-12-04 11:24:25,27,29,3962,9009
2023-12-04 11:24:28,27,28,3962,9009
2023-12-04 11:24:31,27,28,4562,9609
2023-12-04 11:24:33,27,29,4562,9609
2023-12-04 11:24:42,27,28,4562,9609
2023-12-04 11:24:50,27,28,4562,9859
2023-12-04 11:24:51,27,29,4562,9859
2023-12-04 11:24:51,27,28,4562,9859
2023-12-04 11:24:51,27,30,4562,9859
2023-12-04 11:24:51,27,29,4562,9859
2023-12-04 11:24:52,28,29,4562,9859
2023-12-04 11:24:53,28,30,4562,9859
2023-12-04 11:24:56,28,31,4562,9859
2023-12-04 11:24:59,29,31,4562,9859
2023-12-04 11:25:05,29,32,4562,9859
2023-12-04 11:25:05,29,31,4562,9859
2023-12-04 11:25:06,29,32,4562,9859
2023-12-04 11:25:08,30,32,4562,9859
2023-12-04 11:25:23,30,31,4562,9859
2023-12-04 11:25:31,29,31,4562,9859
2023-12-04 11:25:36,30,31,4562,9859
2023-12-04 11:25:36,30,32,4562,9859
2023-12-04 11:25:52,30,31,4562,9859
2023-12-04 11:25:59,30,32,4562,9859
2023-12-04 11:25:59,30,31,4562,9859
2023-12-04 11:26:03,30,32,4562,9859
2023-12-04 11:26:12,30,31,4562,9859
2023-12-04 11:26:23,29,31,4562,9859
2023-12-04 11:26:27,30,31,4562,9859
2023-12-04 11:26:28,29,31,4562,9859
2023-12-04 11:26:29,30,31,4562,9859
2023-12-04 11:26:39,29,31,4562,9859
2023-12-04 11:26:40,30,31,4562,9859
2023-12-04 11:26:49,30,32,4562,9859
2023-12-04 11:26:53,30,31,4562,9859
2023-12-04 11:26:54,30,32,4562,9859
2023-12-04 11:26:55,30,31,4562,9859
2023-12-04 11:27:00,29,31,4562,9859
2023-12-04 11:27:16,29,30,4562,9859
2023-12-04 11:27:20,28,30,4562,9859
2023-12-04 11:27:30,28,31,4562,9859
2023-12-04 11:27:30,28,30,4562,9859
2023-12-04 11:27:30,27,30,4562,9859
2023-12-04 11:27:30,27,29,4562,9859
2023-12-04 11:27:35,27,30,4562,9859
2023-12-04 11:27:35,27,28,4562,9859
2023-12-04 11:28:54,26,28,4562,9859
2023-12-04 11:28:54,26,27,4562,9859
2023-12-04 11:29:42,25,27,4562,9859
2023-12-04 11:29:42,25,26,4562,9859
2023-12-04 11:29:49,25,27,4562,9859
2023-12-04 11:29:50,25,26,4562,9859
2023-12-04 11:30:03,26,27,4562,10047
2023-12-04 11:30:03,26,28,4562,10047
2023-12-04 11:30:07,25,28,4562,10047
2023-12-04 11:30:10,26,28,4562,10047
2023-12-04 11:30:13,25,28,4562,10047
2023-12-04 11:30:13,25,27,4562,10047
2023-12-04 11:30:24,25,26,4562,10047
2023-12-04 11:30:52,24,26,4562,10047
2023-12-04 11:30:52,24,25,4562,10047
2023-12-04 11:31:01,24,26,4562,10047
2023-12-04 11:31:03,24,27,4562,10047
2023-12-04 11:31:04,24,26,4562,10047
2023-12-04 11:31:06,24,27,4562,10047
2023-12-04 11:31:07,25,27,4562,10047
2023-12-04 11:31:23,25,26,4562,10047
2023-12-04 11:31:24,24,26,4562,10047
2023-12-04 11:31:27,25,26,4562,10047
2023-12-04 11:31:29,25,27,4562,10047
2023-12-04 11:31:29,25,26,4562,10047
2023-12-04 11:31:37,24,26,4562,10047
2023-12-04 11:31:40,24,27,4562,10047
2023-12-04 11:31:40,24,25,4562,10047
2023-12-04 11:32:12,23,25,4562,10047
2023-12-04 11:32:12,23,24,4562,10047
2023-12-04 11:33:34,22,24,4562,10047
2023-12-04 11:33:34,22,23,4562,10047
2023-12-04 11:34:26,22,24,4562,10047
2023-12-04 11:34:42,22,23,4562,10047
2023-12-04 11:34:55,22,24,4562,10203
2023-12-04 11:34:55,22,23,4562,10203
2023-12-04 11:35:12,22,24,4562,10516
2023-12-04 11:35:12,22,23,4562,10516
2023-12-04 11:35:20,22,24,4562,10640
2023-12-04 11:35:20,22,23,4562,10640
2023-12-04 11:35:23,22,24,4562,10755
2023-12-04 11:35:23,22,23,4562,10755
2023-12-04 11:35:25,22,24,4562,10755
2023-12-04 11:35:31,23,24,4562,10755
2023-12-04 11:35:38,23,25,4562,10755
2023-12-04 11:35:38,23,24,4562,10755
2023-12-04 11:35:38,23,25,4562,10755
2023-12-04 11:35:39,23,24,4562,10755
2023-12-04 11:36:13,22,24,4562,10755
2023-12-04 11:36:13,22,23,4562,10755
2023-12-04 11:36:40,22,24,4562,10755
2023-12-04 11:36:40,22,23,4562,10755
2023-12-04 11:36:40,20,22,4562,10955
2023-12-04 11:36:47,20,21,4562,10955
2023-12-04 11:36:48,20,22,4562,10955
2023-12-04 11:36:49,20,21,4562,10955
2023-12-04 11:36:57,20,22,4562,10955
2023-12-04 11:36:57,20,21,4562,10955
2023-12-04 11:38:03,21,22,4562,11136
2023-12-04 11:38:04,21,23,4562,11136
2023-12-04 11:38:05,21,22,4562,11136
2023-12-04 11:38:07,20,22,4562,11136
2023-12-04 11:38:29,20,21,4562,11136
2023-12-04 11:38:35,20,22,4562,11136
2023-12-04 11:38:47,20,21,4562,11136
2023-12-04 11:39:02,20,23,4562,11136
2023-12-04 11:39:02,20,22,4562,11136
2023-12-04 11:39:03,20,21,4562,11136
2023-12-04 11:39:13,20,22,4562,11136
2023-12-04 11:39:14,20,21,4562,11136
2023-12-04 11:39:15,20,22,4562,11136
2023-12-04 11:39:24,20,21,4562,11136
2023-12-04 11:39:47,20,22,4562,11136
2023-12-04 11:39:49,20,21,4562,11136
2023-12-04 11:39:50,20,22,4562,11136
2023-12-04 11:39:51,20,21,4562,11136
2023-12-04 11:40:03,19,21,4562,11136
2023-12-04 11:40:03,19,20,4562,11136
2023-12-04 11:40:08,19,21,4562,11136
2023-12-04 11:40:12,19,20,4562,11136
2023-12-04 11:40:32,18,20,4562,11136
2023-12-04 11:40:32,18,19,4562,11136
2023-12-04 11:41:35,18,20,4562,11136
2023-12-04 11:41:36,18,19,4562,11136
2023-12-04 11:42:01,18,20,4562,11136
2023-12-04 11:42:05,18,19,4562,11136
2023-12-04 11:44:02,18,20,4562,11136
2023-12-04 11:44:03,18,19,4562,11136
2023-12-04 11:44:15,18,20,4562,11136
2023-12-04 11:45:09,18,19,4562,11136
2023-12-04 11:45:26,17,19,4562,11136
2023-12-04 11:45:26,17,18,4562,11136
2023-12-04 11:45:49,16,18,4562,11136
2023-12-04 11:45:49,16,17,4562,11136
2023-12-04 11:46:37,15,17,4562,11136
2023-12-04 11:46:37,15,16,4562,11136
2023-12-04 11:46:59,14,16,4562,11136
2023-12-04 11:47:00,14,15,4562,11136
2023-12-04 11:47:07,13,15,4562,11136
2023-12-04 11:47:09,13,14,4562,11136
2023-12-04 11:47:20,12,14,4562,11136
2023-12-04 11:47:37,12,13,4562,11136
2023-12-04 11:47:37,12,14,4562,11136
2023-12-04 11:47:48,12,13,4562,11136
2023-12-04 11:48:49,12,14,4562,11136
2023-12-04 11:49:20,12,13,4562,11136
2023-12-04 11:50:26,12,13,4562,11336
2023-12-04 11:50:26,11,12,4562,11386
2023-12-04 11:50:49,10,12,4562,11386
2023-12-04 11:50:49,10,11,4562,11386
2023-12-04 11:50:57,9,11,4562,11386
2023-12-04 11:50:57,9,10,4562,11386
2023-12-04 11:50:58,9,11,4562,11386
2023-12-04 11:51:15,10,11,4562,11386
2023-12-04 11:51:16,9,11,4562,11386
2023-12-04 11:51:19,9,10,4562,11386
2023-12-04 11:53:14,9,10,4562,11586
2023-12-04 11:53:19,7,9,4562,11636
2023-12-04 11:53:20,8,9,4562,11636
2023-12-04 11:53:27,7,9,4562,11636
2023-12-04 11:53:28,8,9,4562,11636
2023-12-04 11:53:36,7,9,4562,11636
2023-12-04 11:53:36,8,9,4562,11636
2023-12-04 11:53:41,7,9,4562,11636
2023-12-04 11:53:41,8,9,4562,11636
2023-12-04 11:54:26,7,9,4562,11636
2023-12-04 11:54:26,8,9,4562,11636
2023-12-04 11:54:32,8,10,4562,11636
2023-12-04 11:54:56,9,10,4562,11636
2023-12-04 11:55:04,8,10,4562,11636
2023-12-04 11:55:18,8,9,4562,11636
2023-12-04 11:55:18,7,9,4562,11636
2023-12-04 11:55:20,8,9,4562,11636
2023-12-04 11:55:26,7,9,4562,11636
2023-12-04 11:55:32,8,9,4562,11636
2023-12-04 11:55:51,7,9,4562,11765
2023-12-04 11:55:51,8,9,4562,11765
2023-12-04 11:55:52,7,9,4562,11765
2023-12-04 11:55:52,8,9,4562,11765
2023-12-04 11:56:18,7,9,4562,11765
2023-12-04 11:56:22,7,8,4562,11765
2023-12-04 11:56:29,6,8,4562,11765
2023-12-04 11:56:36,7,8,4562,11765
2023-12-04 11:57:16,6,8,4562,11765
2023-12-04 11:57:16,7,8,4562,11765
2023-12-04 11:57:27,6,8,4562,11765
2023-12-04 11:57:28,7,8,4562,11765
2023-12-04 11:57:37,6,8,4562,11765
2023-12-04 11:57:37,7,8,4562,11765
2023-12-04 11:57:41,6,8,4562,11765
2023-12-04 11:57:41,6,7,4562,11765
2023-12-04 11:57:57,5,6,4562,12015
2023-12-04 11:57:57,4,6,4562,12015
2023-12-04 11:58:10,4,5,4562,12015
2023-12-04 12:00:32,4,6,4562,12015
2023-12-04 12:00:45,5,6,4562,12015
2023-12-04 12:04:05,4,6,4562,12015
2023-12-04 12:04:05,5,6,4562,12015
2023-12-04 12:04:38,4,6,4562,12015
2023-12-04 12:04:38,5,6,4562,12015
2023-12-04 12:05:28,5,7,4562,12015
2023-12-04 12:05:56,5,6,4562,12015
2023-12-04 12:06:09,4,6,4562,12015
2023-12-04 12:06:13,5,6,4562,12015
2023-12-04 12:06:15,4,6,4562,12015
2023-12-04 12:06:19,5,6,4562,12015
2023-12-04 12:06:19,4,6,4562,12015
2023-12-04 12:06:21,4,5,4562,12015
2023-12-04 12:07:01,4,6,4562,12015
2023-12-04 12:07:14,5,6,4562,12015
2023-12-04 12:08:34,4,6,4562,12015
2023-12-04 12:08:34,4,5,4562,12015
2023-12-04 12:09:53,4,6,4562,12015
2023-12-04 12:09:53,5,6,4562,12015
2023-12-04 12:10:14,4,6,4562,12015
2023-12-04 12:10:14,4,5,4562,12015
2023-12-04 12:10:31,4,6,4562,12015
2023-12-04 12:10:31,5,6,4562,12015
2023-12-04 12:10:42,4,6,4562,12015
2023-12-04 12:10:42,5,6,4562,12015
2023-12-04 12:11:53,4,6,4562,12015
2023-12-04 12:12:00,5,6,4562,12015
2023-12-04 12:12:00,4,6,4562,12015
2023-12-04 12:12:01,4,5,4562,12015
2023-12-04 12:12:38,3,5,4949,12402
2023-12-04 12:12:38,4,5,4949,12402
2023-12-04 12:12:55,3,5,5137,12590
2023-12-04 12:12:55,4,5,5137,12590
2023-12-04 12:14:46,4,5,5197,12650
2023-12-04 12:15:05,4,5,5397,12850
2023-12-04 12:15:05,3,5,5397,12850
2023-12-04 12:15:05,4,5,5397,12850
2023-12-04 12:15:06,3,5,5397,12850
2023-12-04 12:15:06,3,6,5397,12850
2023-12-04 12:15:06,3,4,5397,12850
2023-12-04 12:15:55,3,4,5492,12945
2023-12-04 12:16:05,3,4,5552,13005
2023-12-04 12:16:07,3,4,5579,13032
2023-12-04 12:22:37,2,4,6094,13547
2023-12-04 12:22:37,3,4,6094,13547
2023-12-04 12:22:58,2,4,6094,13547
2023-12-04 12:22:58,3,4,6094,13547
2023-12-04 12:24:07,2,4,6094,13547
2023-12-04 12:24:07,3,4,6094,13547
2023-12-04 12:25:07,2,4,6094,13547
2023-12-04 12:25:07,3,4,6094,13547
2023-12-04 12:26:16,2,4,6094,13547
2023-12-04 12:26:19,2,3,6094,13547
2023-12-04 12:27:21,2,3,6069,13572
2023-12-04 12:32:49,2,3,6126,13772
2023-12-04 12:33:48,2,3,6326,13972
2023-12-04 12:33:54,2,3,6426,14172
2023-12-04 12:33:57,2,3,6426,14232
2023-12-04 12:43:25,2,3,6426,14432
2023-12-04 12:44:16,2,3,6426,14694
2023-12-04 12:51:38,1,3,6426,14694
2023-12-04 12:51:51,1,2,6426,14694
2023-12-04 13:21:50,1,3,6826,15319
2023-12-04 13:22:54,1,3,6965,15458
2023-12-04 13:24:50,1,3,7265,15758
2023-12-04 13:43:34,1,3,7365,15858
2023-12-04 14:01:30,1,4,7365,15858
2023-12-04 14:01:43,2,4,7365,15858
2023-12-04 14:02:01,3,4,7365,15858
2023-12-04 14:02:01,3,4,7479,15972
2023-12-04 14:02:01,2,4,7541,16148
2023-12-04 14:02:02,3,4,7541,16148
2023-12-04 14:02:03,2,4,7723,16330
2023-12-04 14:02:03,3,4,7723,16330
2023-12-04 14:02:05,3,4,7830,16437
2023-12-04 14:02:06,2,4,7830,16437
2023-12-04 14:02:06,3,4,7830,16437
2023-12-04 14:03:11,3,4,8030,16637
2023-12-04 14:03:11,3,4,8030,16637
2023-12-04 14:03:47,3,4,8254,16861
2023-12-04 14:04:06,2,4,8254,16861
2023-12-04 14:04:06,3,4,8254,16861
2023-12-04 14:04:13,3,5,8254,16861
2023-12-04 14:04:24,4,5,8254,16861
2023-12-04 14:04:27,3,5,8254,16861
2023-12-04 14:04:27,4,5,8254,16861
2023-12-04 14:04:53,4,6,8254,16861
2023-12-04 14:04:53,4,6,8394,17056
2023-12-04 14:05:06,3,6,8394,17056
2023-12-04 14:05:24,3,5,8394,17056
2023-12-04 14:05:32,2,5,8394,17056
2023-12-04 14:05:40,3,5,8394,17056
2023-12-04 14:06:34,3,6,8394,17056
2023-12-04 14:06:36,4,6,8394,17056
2023-12-04 14:06:49,4,6,8494,17156
2023-12-04 14:06:54,5,6,8494,17156
2023-12-04 14:07:19,4,6,8494,17156
2023-12-04 14:07:39,4,5,8494,17156
2023-12-04 14:07:43,4,6,8494,17156
2023-12-04 14:07:55,5,6,8494,17156
2023-12-04 14:08:05,4,6,8494,17156
2023-12-04 14:08:21,4,5,8494,17156
2023-12-04 14:08:47,3,5,8494,17156
2023-12-04 14:08:48,4,5,8494,17156
2023-12-04 14:09:24,4,6,8494,17156
2023-12-04 14:09:24,4,5,8494,17156
2023-12-04 14:09:54,4,5,8494,17459
2023-12-04 14:09:55,3,5,8494,17459
2023-12-04 14:09:58,3,6,8494,17459
2023-12-04 14:10:02,4,6,8494,17459
2023-12-04 14:10:05,3,6,8494,17459
2023-12-04 14:10:12,3,5,8494,17459
2023-12-04 14:10:40,3,4,8494,17459
2023-12-04 14:10:41,2,4,8494,17459
2023-12-04 14:10:41,3,4,8494,17459
2023-12-04 14:10:41,2,4,8494,17459
2023-12-04 14:10:48,2,5,8494,17459
2023-12-04 14:10:49,2,4,8494,17459
2023-12-04 14:10:51,2,5,8494,17459
2023-12-04 14:10:57,2,4,8494,17459
2023-12-04 14:11:09,1,4,8494,17459
2023-12-04 14:11:46,1,3,8494,17459
2023-12-04 14:13:51,1,2,8494,17459
2023-12-04 14:33:20,1,2,8694,17659
2023-12-04 14:36:38,1,2,8704,17669
2023-12-04 14:37:46,1,2,8813,17778
2023-12-04 14:40:36,1,2,8823,17788
2023-12-04 14:50:53,1,2,9173,18138
2023-12-04 14:58:39,1,2,9278,18243
2023-12-04 14:59:49,1,2,9628,18593
2023-12-04 15:05:21,1,2,9652,18617
2023-12-04 15:24:38,1,2,9642,18627
2023-12-04 15:27:27,1,2,9642,18777
2023-12-04 15:28:29,0,2,9642,19683
2023-12-04 15:32:32,0,1,9642,19683
