datetime,bid,ask,open_interest,volume
2023-09-05 09:30:23,12,34,1523,1923
2023-09-05 09:31:00,32,34,1523,1923
2023-09-05 09:31:00,33,34,1523,1923
2023-09-05 09:31:01,33,36,1523,2923
2023-09-05 09:32:13,32,36,1523,2923
2023-09-05 09:32:13,33,36,1523,2923
2023-09-05 09:32:31,33,35,1523,2923
2023-09-05 09:32:57,32,35,1523,2923
2023-09-05 09:32:57,33,35,1523,2923
2023-09-05 09:33:06,32,35,1523,2923
2023-09-05 09:33:06,33,35,1523,2923
2023-09-05 09:34:39,32,35,1523,2923
2023-09-05 09:34:54,32,35,1593,2993
2023-09-05 09:35:01,32,34,1593,2993
2023-09-05 09:35:24,32,35,1593,2993
2023-09-05 09:35:35,32,35,1738,3138
2023-09-05 09:35:36,32,34,1738,3138
2023-09-05 09:35:41,32,35,1738,3138
2023-09-05 09:36:45,34,35,1738,3138
2023-09-05 09:37:52,33,35,1838,3238
2023-09-05 09:38:25,34,35,1838,3238
2023-09-05 09:38:26,34,35,1858,3258
2023-09-05 09:39:35,33,35,1913,3313
2023-09-05 09:41:01,32,35,1913,3313
2023-09-05 09:41:14,33,35,1913,3313
2023-09-05 09:42:04,33,36,1913,3313
2023-09-05 09:42:13,33,36,1913,3313
2023-09-05 09:42:43,33,35,1913,3313
2023-09-05 09:42:43,33,36,1913,3313
2023-09-05 09:43:12,33,35,1913,3313
2023-09-05 09:43:13,33,36,1913,3313
2023-09-05 09:43:14,33,35,1913,3313
2023-09-05 09:43:22,33,36,1913,3590
2023-09-05 09:44:26,33,35,1913,3590
2023-09-05 09:44:30,33,36,1913,3590
2023-09-05 09:45:51,35,36,1913,3590
2023-09-05 09:46:06,35,36,2113,3790
2023-09-05 09:46:10,33,36,2135,3812
2023-09-05 09:49:39,34,36,2135,3812
2023-09-05 09:49:43,33,36,2135,3812
2023-09-05 09:49:46,34,36,2135,3812
2023-09-05 09:49:50,33,36,2135,3812
2023-09-05 09:49:54,35,36,2135,3812
2023-09-05 09:50:07,35,36,2210,3887
2023-09-05 09:50:12,33,36,2210,3887
2023-09-05 09:50:49,33,35,2210,3887
2023-09-05 09:50:50,33,36,2210,3887
2023-09-05 09:51:07,33,35,2210,3887
2023-09-05 09:51:12,33,36,2210,3887
2023-09-05 09:51:20,33,35,2210,3887
2023-09-05 09:51:22,33,36,2210,3887
2023-09-05 09:51:24,33,35,2210,3887
2023-09-05 09:51:25,33,36,2210,3887
2023-09-05 09:51:36,33,35,2210,3887
2023-09-05 09:51:36,33,36,2210,3887
2023-09-05 09:51:39,33,35,2210,3887
2023-09-05 09:51:39,33,36,2210,3887
2023-09-05 09:51:40,33,35,2210,3887
2023-09-05 09:51:42,33,36,2210,3887
2023-09-05 09:52:03,33,35,2210,3887
2023-09-05 09:52:07,33,36,2210,3887
2023-09-05 09:52:07,33,35,2210,3887
2023-09-05 09:52:08,33,36,2210,3887
2023-09-05 09:52:10,33,35,2210,3887
2023-09-05 09:52:13,33,36,2210,3887
2023-09-05 09:52:14,33,35,2210,3887
2023-09-05 09:52:15,33,36,2210,3887
2023-09-05 09:52:16,33,35,2210,3887
2023-09-05 09:52:18,33,36,2210,3887
2023-09-05 09:53:10,33,35,2210,3887
2023-09-05 09:53:11,33,36,2210,3887
2023-09-05 09:53:12,33,35,2210,3887
2023-09-05 09:53:13,33,36,2210,3887
2023-09-05 09:55:21,33,35,2210,3887
2023-09-05 09:55:25,33,36,2210,3887
2023-09-05 09:55:45,33,35,2210,3887
2023-09-05 09:55:48,33,36,2210,3887
2023-09-05 09:55:56,34,36,2210,3887
2023-09-05 09:55:59,33,36,2210,3887
2023-09-05 09:56:00,34,36,2210,3887
2023-09-05 09:56:00,34,35,2210,3887
2023-09-05 09:56:02,34,36,2210,3887
2023-09-05 09:56:08,33,36,2210,3887
2023-09-05 09:56:23,34,36,2210,3887
2023-09-05 09:56:33,33,36,2210,3887
2023-09-05 09:58:10,33,35,2210,3887
2023-09-05 09:58:11,33,36,2210,3887
2023-09-05 09:58:13,33,35,2210,3887
2023-09-05 09:58:30,34,35,2210,3887
2023-09-05 09:58:34,33,35,2210,3887
2023-09-05 09:58:56,33,36,2210,3887
2023-09-05 09:58:58,33,35,2210,3887
2023-09-05 09:59:09,33,36,2210,3887
2023-09-05 09:59:20,34,36,2210,3887
2023-09-05 10:00:00,34,36,2344,4021
2023-09-05 10:00:01,35,36,2344,4021
2023-09-05 10:00:03,35,36,2344,4221
2023-09-05 10:00:04,35,36,2344,4421
2023-09-05 10:00:11,34,36,2544,4621
2023-09-05 10:00:12,34,35,2544,4621
2023-09-05 10:00:16,34,36,2544,4621
2023-09-05 10:03:00,35,36,2544,4621
2023-09-05 10:04:57,34,36,2544,4621
2023-09-05 10:05:54,35,36,2544,4621
2023-09-05 10:05:55,34,36,2544,4621
2023-09-05 10:05:56,35,36,2544,4621
2023-09-05 10:06:01,34,36,2544,4621
2023-09-05 10:06:02,34,37,2544,4621
2023-09-05 10:06:03,35,37,2544,4621
2023-09-05 10:06:17,36,37,2544,4621
2023-09-05 10:07:16,36,38,2544,4621
2023-09-05 10:09:50,37,38,2544,4621
2023-09-05 10:12:37,37,39,2544,4621
2023-09-05 10:12:37,37,38,2544,4621
2023-09-05 10:12:38,37,39,2544,4621
2023-09-05 10:12:39,37,38,2544,4621
2023-09-05 10:12:42,37,39,2544,4621
2023-09-05 10:12:45,37,38,2544,4621
2023-09-05 10:12:52,37,39,2544,4621
2023-09-05 10:12:58,37,38,2544,4621
2023-09-05 10:13:02,37,39,2544,4621
2023-09-05 10:13:44,37,38,2544,4621
2023-09-05 10:13:47,37,39,2544,4621
2023-09-05 10:13:48,37,38,2544,4621
2023-09-05 10:13:50,37,39,2544,4621
2023-09-05 10:13:51,37,38,2544,4621
2023-09-05 10:13:56,37,39,2544,4621
2023-09-05 10:14:43,36,39,3359,5436
2023-09-05 10:14:44,36,38,3359,5436
2023-09-05 10:14:44,37,38,3359,5436
2023-09-05 10:15:52,36,37,3374,5451
2023-09-05 10:15:52,36,37,3389,5466
2023-09-05 10:15:52,36,38,3389,5466
2023-09-05 10:15:53,37,38,3389,5466
2023-09-05 10:18:24,37,38,3389,5666
2023-09-05 10:24:42,37,38,3389,5866
2023-09-05 10:24:45,36,38,3389,5866
2023-09-05 10:24:45,37,38,3389,5866
2023-09-05 10:24:45,36,38,3389,6066
2023-09-05 10:24:46,36,39,3389,6066
2023-09-05 10:25:04,36,38,3389,6066
2023-09-05 10:26:03,36,37,3389,6066
2023-09-05 10:26:04,36,38,3389,6066
2023-09-05 10:26:04,36,37,3389,6066
2023-09-05 10:26:05,36,38,3389,6066
2023-09-05 10:26:19,36,39,3389,6066
2023-09-05 10:26:24,37,39,3389,6066
2023-09-05 10:27:25,38,39,3389,6066
2023-09-05 10:27:27,38,40,3389,6066
2023-09-05 10:28:17,39,40,3389,6066
2023-09-05 10:30:06,39,41,3389,6066
2023-09-05 10:33:06,39,41,3389,6216
2023-09-05 10:34:55,40,41,3389,6216
2023-09-05 10:35:48,39,41,3389,6216
2023-09-05 10:36:21,40,41,3389,6216
2023-09-05 10:38:50,39,41,3389,6216
2023-09-05 10:39:02,40,41,3389,6216
2023-09-05 10:40:26,39,41,3389,6216
2023-09-05 10:40:42,40,41,3389,6216
2023-09-05 10:41:42,40,42,3389,6216
2023-09-05 10:44:40,39,42,3389,6216
2023-09-05 10:45:04,39,41,3389,6216
2023-09-05 10:45:12,39,42,3389,6216
2023-09-05 10:45:14,39,41,3389,6216
2023-09-05 10:45:16,39,42,3389,6216
2023-09-05 10:45:19,39,41,3389,6216
2023-09-05 10:45:21,39,42,3389,6216
2023-09-05 10:45:23,39,41,3389,6216
2023-09-05 10:45:25,39,42,3389,6216
2023-09-05 10:45:55,40,42,3389,6216
2023-09-05 10:45:56,39,42,3389,6216
2023-09-05 10:46:00,40,42,3389,6216
2023-09-05 10:46:38,39,42,3389,6216
2023-09-05 10:46:39,40,42,3389,6216
2023-09-05 10:46:41,39,42,3389,6216
2023-09-05 10:46:42,40,42,3389,6216
2023-09-05 10:46:48,39,42,3389,6216
2023-09-05 10:46:52,40,42,3389,6216
2023-09-05 10:47:12,41,42,3389,6216
2023-09-05 10:48:20,40,42,3389,6216
2023-09-05 10:48:30,39,42,3389,6216
2023-09-05 10:48:57,39,41,3389,6216
2023-09-05 10:49:04,39,40,3389,6216
2023-09-05 10:49:08,39,40,3589,6416
2023-09-05 10:49:09,38,40,3589,6416
2023-09-05 10:49:16,38,39,3589,6416
2023-09-05 10:49:21,37,39,3589,6416
2023-09-05 10:49:36,37,38,3589,6416
2023-09-05 10:49:36,36,38,3589,6416
2023-09-05 10:50:02,36,39,3589,6416
2023-09-05 10:50:05,37,39,3589,6416
2023-09-05 10:50:09,37,38,3589,6416
2023-09-05 10:50:26,37,39,3589,6416
2023-09-05 10:51:05,36,39,3589,6416
2023-09-05 10:51:06,37,39,3589,6416
2023-09-05 10:51:29,36,39,3589,6416
2023-09-05 10:51:29,37,39,3589,6416
2023-09-05 10:51:32,37,38,3589,6416
2023-09-05 10:51:35,36,38,3589,6416
2023-09-05 10:51:36,37,38,3589,6416
2023-09-05 10:51:37,36,38,3589,6416
2023-09-05 10:51:44,36,39,3589,6416
2023-09-05 10:51:45,37,39,3589,6416
2023-09-05 10:51:55,37,38,3589,6416
2023-09-05 10:52:12,36,38,3589,6416
2023-09-05 10:52:17,36,37,3589,6416
2023-09-05 10:52:19,35,37,3589,6416
2023-09-05 10:52:35,35,36,3589,6416
2023-09-05 10:52:40,34,36,3589,6416
2023-09-05 10:52:40,35,36,3589,6416
2023-09-05 10:52:50,34,36,3589,6616
2023-09-05 10:52:51,34,35,3589,6616
2023-09-05 10:53:15,34,36,3589,6616
2023-09-05 10:53:35,35,36,3589,6616
2023-09-05 10:53:36,34,36,3589,6616
2023-09-05 10:53:41,35,36,3589,6616
2023-09-05 10:54:08,35,37,3589,6616
2023-09-05 10:54:33,36,37,3589,6616
2023-09-05 10:54:34,35,37,3589,6616
2023-09-05 10:54:36,36,37,3589,6616
2023-09-05 10:54:38,35,37,3589,6616
2023-09-05 10:54:41,36,37,3589,6616
2023-09-05 10:54:43,35,37,3589,6616
2023-09-05 10:54:44,36,37,3589,6616
2023-09-05 10:54:46,36,38,3589,6616
2023-09-05 10:55:11,36,39,3589,6616
2023-09-05 10:55:14,37,39,3589,6616
2023-09-05 10:56:29,38,39,3589,6616
2023-09-05 10:56:31,38,40,3589,6616
2023-09-05 10:56:40,38,39,3589,6616
2023-09-05 10:56:40,37,39,3589,6616
2023-09-05 10:56:42,36,39,3589,6616
2023-09-05 10:56:42,37,39,3589,6616
2023-09-05 10:56:47,37,38,3589,6616
2023-09-05 10:56:53,37,39,3589,6616
2023-09-05 10:57:24,37,40,3589,6616
2023-09-05 10:57:24,37,39,3589,6616
2023-09-05 10:57:43,37,40,3589,6616
2023-09-05 10:57:58,37,39,3589,6616
2023-09-05 10:58:13,36,39,3589,6616
2023-09-05 10:58:16,36,37,3589,6616
2023-09-05 10:58:23,36,37,3589,6826
2023-09-05 10:58:26,36,38,3589,6826
2023-09-05 10:58:36,36,39,3589,6826
2023-09-05 10:58:39,37,39,3589,6826
2023-09-05 10:58:49,37,40,3589,6826
2023-09-05 10:58:54,38,40,3589,6826
2023-09-05 11:00:07,37,40,3589,6826
2023-09-05 11:00:08,37,39,3589,6826
2023-09-05 11:00:16,37,40,3589,6826
2023-09-05 11:00:34,37,39,3589,6826
2023-09-05 11:00:39,36,39,3589,6826
2023-09-05 11:00:57,36,38,3589,6826
2023-09-05 11:01:01,35,38,3589,6826
2023-09-05 11:01:06,35,37,3589,6826
2023-09-05 11:01:28,34,37,3589,6826
2023-09-05 11:01:38,34,36,3589,6826
2023-09-05 11:01:40,34,37,3589,6826
2023-09-05 11:01:48,34,36,3589,6826
2023-09-05 11:02:00,34,37,3589,6826
2023-09-05 11:02:04,34,36,3589,6826
2023-09-05 11:02:12,33,36,3589,6826
2023-09-05 11:02:13,33,35,3589,6826
2023-09-05 11:02:28,33,34,3589,6826
2023-09-05 11:02:29,33,35,3589,6826
2023-09-05 11:02:31,32,35,3589,6826
2023-09-05 11:02:33,32,34,3589,6826
2023-09-05 11:02:52,32,33,3589,6826
2023-09-05 11:02:53,31,33,3589,6826
2023-09-05 11:03:16,31,34,3589,6826
2023-09-05 11:03:21,31,33,3589,6826
2023-09-05 11:03:22,31,34,3589,6826
2023-09-05 11:03:26,31,33,3589,6826
2023-09-05 11:03:27,31,34,3589,6826
2023-09-05 11:03:31,32,34,3589,6826
2023-09-05 11:03:33,31,34,3589,6826
2023-09-05 11:03:33,31,33,3589,6826
2023-09-05 11:03:34,31,34,3589,6826
2023-09-05 11:03:44,31,33,3589,6826
2023-09-05 11:03:51,31,32,3589,6826
2023-09-05 11:03:54,30,32,3589,6826
2023-09-05 11:04:17,30,31,3589,6826
2023-09-05 11:04:20,29,31,3589,6826
2023-09-05 11:04:21,28,31,3589,6826
2023-09-05 11:04:21,29,31,3589,6826
2023-09-05 11:04:23,29,30,3589,6826
2023-09-05 11:04:46,28,30,3589,6826
2023-09-05 11:04:46,27,30,3589,6826
2023-09-05 11:04:47,27,29,3589,6826
2023-09-05 11:04:47,28,29,3589,6826
2023-09-05 11:05:19,28,30,3589,6826
2023-09-05 11:05:25,28,29,3589,6826
2023-09-05 11:05:33,27,29,3589,6826
2023-09-05 11:05:52,27,28,3589,6826
2023-09-05 11:06:11,26,27,3589,6951
2023-09-05 11:06:11,25,27,3589,6951
2023-09-05 11:06:12,25,28,3589,7151
2023-09-05 11:07:15,24,28,3589,7151
2023-09-05 11:07:15,24,27,3589,7151
2023-09-05 11:07:17,24,26,3589,7151
2023-09-05 11:07:23,24,27,3589,7151
2023-09-05 11:07:57,24,26,3589,7151
2023-09-05 11:08:06,24,26,3265,7475
2023-09-05 11:08:42,23,26,3265,7475
2023-09-05 11:08:42,23,27,2946,7794
2023-09-05 11:08:43,23,26,2946,7794
2023-09-05 11:09:12,22,26,2946,7794
2023-09-05 11:09:13,22,24,2946,7794
2023-09-05 11:09:14,21,24,2946,7794
2023-09-05 11:09:25,22,24,2946,7794
2023-09-05 11:09:31,22,26,2946,7794
2023-09-05 11:09:42,23,26,2946,7794
2023-09-05 11:09:43,23,27,2337,8716
2023-09-05 11:09:44,23,26,2337,8716
2023-09-05 11:09:53,25,26,2187,8866
2023-09-05 11:09:55,25,28,2187,8866
2023-09-05 11:09:56,25,27,2187,8866
2023-09-05 11:09:57,25,26,2187,8866
2023-09-05 11:10:04,25,27,2187,8866
2023-09-05 11:10:08,25,26,2187,8866
2023-09-05 11:10:11,25,27,2187,8866
2023-09-05 11:10:12,26,27,2187,8866
2023-09-05 11:10:18,25,27,2187,8866
2023-09-05 11:10:19,25,26,2187,8866
2023-09-05 11:10:40,25,27,2187,8972
2023-09-05 11:10:41,25,26,2187,8972
2023-09-05 11:10:43,25,26,2379,9172
2023-09-05 11:10:44,23,26,2379,9196
2023-09-05 11:10:48,24,26,2379,9196
2023-09-05 11:11:07,25,26,2379,9196
2023-09-05 11:11:26,25,26,2379,9396
2023-09-05 11:11:27,25,26,2379,9596
2023-09-05 11:11:28,23,26,2379,9740
2023-09-05 11:13:07,22,26,2379,9740
2023-09-05 11:13:40,23,26,2379,9740
2023-09-05 11:14:26,24,26,2379,9740
2023-09-05 11:14:53,24,27,2379,9740
2023-09-05 11:14:58,24,26,2379,9740
2023-09-05 11:14:59,24,27,2379,9740
2023-09-05 11:15:04,24,26,2379,9740
2023-09-05 11:15:14,24,27,2379,9740
2023-09-05 11:15:14,25,27,2379,9740
2023-09-05 11:15:16,25,26,2379,9740
2023-09-05 11:15:19,25,27,2379,9740
2023-09-05 11:15:20,25,26,2379,9740
2023-09-05 11:15:26,25,27,2502,9863
2023-09-05 11:15:29,25,26,2502,9863
2023-09-05 11:15:34,24,26,2502,9863
2023-09-05 11:15:49,23,26,2502,9863
2023-09-05 11:16:25,23,27,2502,9863
2023-09-05 11:16:25,24,27,2502,9863
2023-09-05 11:16:30,24,26,2502,9863
2023-09-05 11:16:42,23,26,2502,9863
2023-09-05 11:18:27,24,26,2502,9863
2023-09-05 11:18:46,24,27,2502,9863
2023-09-05 11:18:46,25,27,2502,9863
2023-09-05 11:18:50,24,27,2502,9863
2023-09-05 11:18:51,25,27,2502,9863
2023-09-05 11:18:57,25,29,2502,9863
2023-09-05 11:18:58,25,28,2502,9863
2023-09-05 11:18:59,25,27,2502,9863
2023-09-05 11:19:44,24,27,2502,9863
2023-09-05 11:19:49,25,27,2502,9863
2023-09-05 11:19:50,24,27,2502,9863
2023-09-05 11:20:37,24,28,2502,9863
2023-09-05 11:20:38,24,27,2502,9863
2023-09-05 11:20:43,24,26,2502,9863
2023-09-05 11:20:50,23,26,2502,9863
2023-09-05 11:21:06,24,26,2502,9863
2023-09-05 11:21:13,23,26,2502,9863
2023-09-05 11:21:19,24,26,2502,9863
2023-09-05 11:21:20,24,27,2502,9863
2023-09-05 11:21:23,24,26,2502,9863
2023-09-05 11:21:25,23,26,2502,9863
2023-09-05 11:21:33,23,27,2502,9863
2023-09-05 11:21:33,24,27,2502,9863
2023-09-05 11:21:33,24,28,2502,9863
2023-09-05 11:21:33,24,27,2502,9863
2023-09-05 11:21:33,24,28,2502,9863
2023-09-05 11:21:34,24,27,2502,9863
2023-09-05 11:21:35,25,27,2502,9863
2023-09-05 11:21:38,25,26,2502,9863
2023-09-05 11:21:40,25,27,2502,9863
2023-09-05 11:21:43,25,26,2502,9863
2023-09-05 11:21:47,25,27,2502,9863
2023-09-05 11:21:51,25,29,2502,9863
2023-09-05 11:21:51,26,29,2502,9863
2023-09-05 11:21:51,26,28,2502,9863
2023-09-05 11:21:53,26,29,2502,9863
2023-09-05 11:21:55,27,29,2502,9863
2023-09-05 11:21:56,27,31,2502,9863
2023-09-05 11:21:56,27,30,2502,9863
2023-09-05 11:21:56,27,31,2502,9863
2023-09-05 11:21:57,27,30,2502,9863
2023-09-05 11:21:58,28,30,2502,9863
2023-09-05 11:21:58,28,29,2502,9863
2023-09-05 11:21:59,28,30,2502,9863
2023-09-05 11:22:00,28,32,2502,9863
2023-09-05 11:22:02,28,31,2502,9863
2023-09-05 11:22:03,28,30,2502,9863
2023-09-05 11:22:15,29,30,2502,9863
2023-09-05 11:22:21,29,31,2502,9863
2023-09-05 11:22:27,29,30,2502,9863
2023-09-05 11:22:30,28,30,2502,9863
2023-09-05 11:22:53,28,31,2502,9863
2023-09-05 11:22:53,28,32,2502,9863
2023-09-05 11:22:54,28,31,2502,9863
2023-09-05 11:22:56,28,30,2502,9863
2023-09-05 11:23:21,28,29,2502,9863
2023-09-05 11:23:46,28,29,2702,10063
2023-09-05 11:24:01,28,29,2902,10263
2023-09-05 11:24:16,28,31,2902,10263
2023-09-05 11:24:17,28,30,2902,10263
2023-09-05 11:24:22,28,31,2902,10263
2023-09-05 11:24:25,28,30,2902,10263
2023-09-05 11:25:15,28,33,2902,10263
2023-09-05 11:25:15,29,33,2902,10263
2023-09-05 11:25:21,29,33,2902,10263
2023-09-05 11:25:21,30,33,2902,10263
2023-09-05 11:25:22,30,34,2902,10263
2023-09-05 11:25:22,30,31,2902,10263
2023-09-05 11:25:25,30,31,3502,10863
2023-09-05 11:25:28,30,34,3502,10863
2023-09-05 11:25:32,30,33,3502,10863
2023-09-05 11:25:36,30,32,3502,10863
2023-09-05 11:25:43,29,32,3502,10863
2023-09-05 11:25:46,29,31,3502,10863
2023-09-05 11:26:08,30,31,3502,10863
2023-09-05 11:26:16,30,31,3627,10988
2023-09-05 11:26:26,29,31,3627,10988
2023-09-05 11:26:45,30,31,3627,10988
2023-09-05 11:27:04,30,31,3827,11188
2023-09-05 11:27:05,30,31,4077,11438
2023-09-05 11:27:15,30,31,4477,11838
2023-09-05 11:27:17,30,32,4502,11863
2023-09-05 11:27:26,30,31,4502,11863
2023-09-05 11:27:28,30,31,4502,12113
2023-09-05 11:27:29,30,31,4502,12363
2023-09-05 11:27:30,31,32,4502,12463
2023-09-05 11:28:09,30,32,4502,12463
2023-09-05 11:28:10,31,32,4502,12463
2023-09-05 11:28:12,30,32,4502,12463
2023-09-05 11:28:14,31,32,4502,12463
2023-09-05 11:28:29,31,32,4502,12663
2023-09-05 11:28:32,31,32,4302,12863
2023-09-05 11:28:33,31,34,4302,13063
2023-09-05 11:28:34,32,34,4302,13063
2023-09-05 11:28:58,33,34,4302,13063
2023-09-05 11:29:17,33,35,4302,13063
2023-09-05 11:29:29,34,35,4302,13063
2023-09-05 11:29:32,33,35,4302,13063
2023-09-05 11:29:43,34,35,4302,13063
2023-09-05 11:29:55,34,36,4302,13063
2023-09-05 11:30:13,33,36,4302,13063
2023-09-05 11:30:36,34,36,4302,13063
2023-09-05 11:30:37,33,36,4302,13063
2023-09-05 11:30:37,33,37,4302,13063
2023-09-05 11:30:37,34,37,4302,13063
2023-09-05 11:30:37,35,37,4302,13063
2023-09-05 11:30:42,35,38,4302,13063
2023-09-05 11:30:42,36,38,4302,13063
2023-09-05 11:30:44,35,38,4302,13063
2023-09-05 11:30:45,36,38,4302,13063
2023-09-05 11:30:49,35,38,4302,13063
2023-09-05 11:31:07,36,38,4302,13063
2023-09-05 11:31:19,35,38,4302,13063
2023-09-05 11:31:20,36,38,4302,13063
2023-09-05 11:31:26,37,38,4302,13063
2023-09-05 11:31:27,36,38,4302,13063
2023-09-05 11:31:31,37,38,4302,13063
2023-09-05 11:31:32,36,38,4302,13063
2023-09-05 11:31:49,36,40,4302,13063
2023-09-05 11:31:49,37,40,4302,13063
2023-09-05 11:31:51,36,40,4302,13063
2023-09-05 11:31:55,37,40,4302,13063
2023-09-05 11:31:58,36,40,4302,13063
2023-09-05 11:32:03,37,40,4302,13063
2023-09-05 11:32:04,36,40,4302,13063
2023-09-05 11:32:05,37,40,4302,13063
2023-09-05 11:32:07,36,40,4302,13063
2023-09-05 11:32:08,37,40,4302,13063
2023-09-05 11:32:12,37,39,4302,13063
2023-09-05 11:32:13,37,40,4302,13063
2023-09-05 11:32:29,37,39,4302,13063
2023-09-05 11:32:30,36,39,4302,13063
2023-09-05 11:32:31,37,39,4302,13063
2023-09-05 11:32:35,36,39,4302,13063
2023-09-05 11:32:39,37,39,4302,13063
2023-09-05 11:32:40,36,39,4302,13063
2023-09-05 11:33:11,36,38,4302,13063
2023-09-05 11:33:12,35,38,4302,13063
2023-09-05 11:33:19,36,38,4302,13063
2023-09-05 11:33:21,35,38,4302,13063
2023-09-05 11:33:22,36,38,4302,13063
2023-09-05 11:33:25,36,39,4302,13063
2023-09-05 11:33:26,36,39,4252,13113
2023-09-05 11:33:34,37,39,4252,13113
2023-09-05 11:33:37,37,40,4252,13113
2023-09-05 11:33:40,37,39,4252,13113
2023-09-05 11:33:42,37,40,4252,13113
2023-09-05 11:33:43,38,40,4252,13113
2023-09-05 11:33:49,37,40,4252,13113
2023-09-05 11:34:12,38,40,4252,13113
2023-09-05 11:34:20,37,40,4252,13113
2023-09-05 11:34:21,38,40,4252,13113
2023-09-05 11:34:34,37,40,4252,13113
2023-09-05 11:34:35,37,39,4252,13113
2023-09-05 11:34:53,37,40,4252,13113
2023-09-05 11:34:56,37,39,4252,13113
2023-09-05 11:34:58,37,40,4252,13113
2023-09-05 11:34:58,38,40,4252,13113
2023-09-05 11:35:01,37,40,4252,13113
2023-09-05 11:35:09,38,40,4252,13113
2023-09-05 11:35:34,37,40,4252,13113
2023-09-05 11:35:35,37,39,4252,13113
2023-09-05 11:35:36,37,40,4252,13113
2023-09-05 11:35:36,38,40,4252,13113
2023-09-05 11:35:37,37,40,4252,13113
2023-09-05 11:35:44,37,38,4252,13113
2023-09-05 11:36:03,38,40,4268,13129
2023-09-05 11:36:04,39,40,4268,13129
2023-09-05 11:36:06,38,40,4268,13129
2023-09-05 11:36:27,37,40,4268,13129
2023-09-05 11:36:28,37,39,4268,13129
2023-09-05 11:36:28,38,39,4268,13129
2023-09-05 11:36:29,37,39,4268,13129
2023-09-05 11:36:30,38,39,4268,13129
2023-09-05 11:36:31,38,40,4268,13129
2023-09-05 11:37:36,39,40,4268,13129
2023-09-05 11:37:39,38,40,4268,13129
2023-09-05 11:37:39,38,41,4268,13129
2023-09-05 11:37:41,39,41,4268,13129
2023-09-05 11:37:43,40,41,4268,13129
2023-09-05 11:37:45,40,42,4268,13129
2023-09-05 11:38:00,41,42,4268,13129
2023-09-05 11:38:00,41,43,4268,13129
2023-09-05 11:38:03,42,43,4268,13129
2023-09-05 11:38:03,42,44,4268,13129
2023-09-05 11:38:08,41,44,4268,13129
2023-09-05 11:38:33,41,43,4268,13129
2023-09-05 11:39:47,41,44,4268,13129
2023-09-05 11:40:21,41,43,4268,13129
2023-09-05 11:40:22,41,44,4268,13129
2023-09-05 11:40:31,41,43,4268,13129
2023-09-05 11:40:34,41,44,4268,13129
2023-09-05 11:40:52,41,43,4268,13129
2023-09-05 11:41:03,41,44,4268,13129
2023-09-05 11:41:59,42,44,4268,13129
2023-09-05 11:42:41,41,44,4268,13129
2023-09-05 11:43:38,42,44,4268,13129
2023-09-05 11:43:56,41,44,4268,13129
2023-09-05 11:43:57,42,44,4268,13129
2023-09-05 11:43:58,41,44,4268,13129
2023-09-05 11:44:05,42,44,4268,13129
2023-09-05 11:44:06,41,44,4268,13129
2023-09-05 11:44:25,42,44,4268,13129
2023-09-05 11:44:32,41,44,4268,13129
2023-09-05 11:44:35,42,44,4268,13129
2023-09-05 11:44:42,41,44,4268,13129
2023-09-05 11:45:20,41,43,4268,13129
2023-09-05 11:45:25,40,43,4268,13129
2023-09-05 11:45:42,40,42,4268,13129
2023-09-05 11:45:51,40,43,4268,13129
2023-09-05 11:46:12,40,44,4268,13129
2023-09-05 11:46:12,41,44,4268,13129
2023-09-05 11:46:51,42,44,4268,13129
2023-09-05 11:47:08,41,44,4268,13129
2023-09-05 11:47:41,41,43,4268,13129
2023-09-05 11:47:46,40,43,4268,13129
2023-09-05 11:47:48,40,42,4268,13129
2023-09-05 11:48:03,39,42,4268,13129
2023-09-05 11:48:07,40,42,4268,13129
2023-09-05 11:48:11,39,42,4268,13129
2023-09-05 11:48:12,40,42,4268,13129
2023-09-05 11:48:13,39,42,4268,13129
2023-09-05 11:48:23,39,41,4268,13129
2023-09-05 11:48:28,39,40,4268,13129
2023-09-05 11:48:46,39,40,4195,13202
2023-09-05 11:48:48,38,40,4195,13202
2023-09-05 11:48:49,39,40,4195,13202
2023-09-05 11:48:56,38,40,4195,13202
2023-09-05 11:48:59,39,40,4195,13202
2023-09-05 11:49:07,38,40,4195,13202
2023-09-05 11:49:08,39,40,4195,13202
2023-09-05 11:49:11,38,40,4195,13202
2023-09-05 11:49:38,39,40,4195,13202
2023-09-05 11:49:43,39,41,4195,13202
2023-09-05 11:49:56,38,41,4195,13202
2023-09-05 11:49:57,39,41,4195,13202
2023-09-05 11:49:58,38,41,4195,13202
2023-09-05 11:49:59,39,41,4195,13202
2023-09-05 11:50:01,38,41,4195,13202
2023-09-05 11:50:03,39,41,4195,13202
2023-09-05 11:50:04,38,41,4195,13202
2023-09-05 11:50:05,39,41,4195,13202
2023-09-05 11:50:06,39,42,4195,13202
2023-09-05 11:50:15,39,41,4195,13202
2023-09-05 11:50:18,39,42,4195,13202
2023-09-05 11:50:22,40,42,4195,13202
2023-09-05 11:50:23,39,42,4195,13202
2023-09-05 11:50:24,39,41,4195,13202
2023-09-05 11:50:32,38,41,4195,13202
2023-09-05 11:50:35,39,41,4195,13202
2023-09-05 11:50:47,39,40,4195,13202
2023-09-05 11:51:19,39,41,4195,13202
2023-09-05 11:51:38,38,41,4195,13202
2023-09-05 11:51:38,38,40,4195,13202
2023-09-05 11:51:41,38,41,4195,13202
2023-09-05 11:51:43,39,41,4195,13202
2023-09-05 11:51:50,38,41,4195,13202
2023-09-05 11:51:51,39,41,4195,13202
2023-09-05 11:51:53,40,41,4195,13202
2023-09-05 11:51:54,39,41,4195,13202
2023-09-05 11:52:01,40,41,4195,13202
2023-09-05 11:52:05,39,41,4195,13202
2023-09-05 11:52:28,39,42,4195,13202
2023-09-05 11:52:29,40,42,4195,13202
2023-09-05 11:52:44,40,43,4195,13202
2023-09-05 11:53:03,40,44,4195,13202
2023-09-05 11:53:03,41,44,4195,13202
2023-09-05 11:53:07,42,44,4195,13202
2023-09-05 11:53:13,43,44,4195,13202
2023-09-05 11:53:14,42,44,4195,13202
2023-09-05 11:53:17,43,44,4195,13202
2023-09-05 11:53:18,42,44,4195,13202
2023-09-05 11:53:20,43,44,4195,13202
2023-09-05 11:53:38,42,44,4195,13202
2023-09-05 11:53:39,41,44,4195,13202
2023-09-05 11:53:40,42,44,4195,13202
2023-09-05 11:54:13,43,44,4195,13202
2023-09-05 11:54:19,42,44,4195,13202
2023-09-05 11:54:29,43,44,4195,13202
2023-09-05 11:54:54,42,44,4195,13202
2023-09-05 11:54:56,43,44,4195,13202
2023-09-05 11:54:59,42,44,4195,13202
2023-09-05 11:55:00,43,44,4195,13202
2023-09-05 11:55:14,42,44,4195,13202
2023-09-05 11:55:17,43,44,4195,13202
2023-09-05 11:55:18,42,44,4195,13202
2023-09-05 11:55:21,43,44,4195,13202
2023-09-05 11:55:27,42,44,4195,13202
2023-09-05 11:55:28,43,44,4195,13202
2023-09-05 11:55:43,42,44,4195,13202
2023-09-05 11:55:44,43,44,4195,13202
2023-09-05 11:55:46,42,44,4195,13202
2023-09-05 11:55:47,43,44,4195,13202
2023-09-05 11:55:48,42,44,4195,13202
2023-09-05 11:55:49,43,44,4195,13202
2023-09-05 11:55:51,42,44,4195,13202
2023-09-05 11:55:51,42,43,4195,13202
2023-09-05 11:55:51,41,43,4195,13202
2023-09-05 11:55:54,42,43,4195,13202
2023-09-05 11:56:17,41,43,4195,13202
2023-09-05 11:56:18,42,43,4195,13202
2023-09-05 11:56:19,41,43,4195,13202
2023-09-05 11:56:21,42,43,4195,13202
2023-09-05 11:56:31,41,42,4017,13380
2023-09-05 11:56:32,41,43,4017,13380
2023-09-05 11:56:33,42,43,4017,13380
2023-09-05 11:56:38,41,43,4017,13380
2023-09-05 11:56:44,42,43,4017,13380
2023-09-05 11:56:48,41,43,4017,13380
2023-09-05 11:56:48,41,42,4017,13380
2023-09-05 11:57:09,41,43,4017,13380
2023-09-05 11:57:11,41,42,4017,13380
2023-09-05 11:57:15,41,43,4017,13380
2023-09-05 11:57:24,42,43,4017,13380
2023-09-05 11:57:31,41,43,4017,13380
2023-09-05 11:57:32,42,43,4017,13380
2023-09-05 11:57:35,42,44,4017,13380
2023-09-05 11:57:40,43,44,4017,13380
2023-09-05 11:58:05,43,45,3817,13580
2023-09-05 11:58:05,44,45,3817,13580
2023-09-05 11:58:07,44,46,3817,13580
2023-09-05 11:58:08,45,46,3817,13580
2023-09-05 11:58:37,44,45,3692,13705
2023-09-05 11:58:42,42,45,3692,13705
2023-09-05 11:58:43,43,45,3692,13705
2023-09-05 11:58:47,44,45,3692,13705
2023-09-05 11:58:48,43,45,3692,13705
2023-09-05 11:58:49,44,45,3692,13705
2023-09-05 11:58:58,43,45,3692,13705
2023-09-05 11:59:00,44,45,3692,13705
2023-09-05 11:59:01,43,45,3692,13705
2023-09-05 11:59:03,44,45,3692,13705
2023-09-05 11:59:04,44,46,3692,13705
2023-09-05 11:59:07,43,46,3692,13705
2023-09-05 11:59:08,44,46,3692,13705
2023-09-05 11:59:09,45,46,3692,13705
2023-09-05 11:59:11,44,46,3692,13705
2023-09-05 11:59:12,44,45,3692,13705
2023-09-05 11:59:17,44,46,3692,13705
2023-09-05 11:59:19,44,45,3692,13705
2023-09-05 11:59:27,43,45,3692,13705
2023-09-05 11:59:27,42,45,3692,13705
2023-09-05 11:59:28,43,45,3692,13705
2023-09-05 11:59:37,43,44,3692,13705
2023-09-05 11:59:46,42,44,3692,13705
2023-09-05 11:59:48,43,44,3692,13705
2023-09-05 12:00:03,42,44,3692,13705
2023-09-05 12:00:04,43,45,3692,13705
2023-09-05 12:00:10,44,45,3692,13705
2023-09-05 12:00:13,43,45,3692,13705
2023-09-05 12:00:18,42,45,3692,13705
2023-09-05 12:00:18,42,44,3692,13705
2023-09-05 12:00:19,42,43,3692,13705
2023-09-05 12:00:28,41,43,3692,13705
2023-09-05 12:00:30,41,42,3692,13705
2023-09-05 12:00:36,40,42,3692,13705
2023-09-05 12:00:37,41,42,3692,13705
2023-09-05 12:00:39,40,42,3692,13705
2023-09-05 12:00:39,40,41,3692,13705
2023-09-05 12:01:08,39,41,3692,13705
2023-09-05 12:01:08,39,40,3692,13705
2023-09-05 12:01:08,38,40,3692,13705
2023-09-05 12:01:09,39,40,3692,13705
2023-09-05 12:01:18,38,40,3692,13705
2023-09-05 12:01:18,38,39,3692,13705
2023-09-05 12:01:24,38,40,3692,13705
2023-09-05 12:01:25,39,40,3692,13705
2023-09-05 12:01:53,39,41,3692,13705
2023-09-05 12:01:55,39,40,3692,13705
2023-09-05 12:02:01,38,40,3692,13705
2023-09-05 12:02:01,38,39,3692,13705
2023-09-05 12:02:14,38,40,3692,13705
2023-09-05 12:02:15,38,39,3692,13705
2023-09-05 12:02:16,38,40,3692,13705
2023-09-05 12:02:19,39,40,3692,13705
2023-09-05 12:02:26,39,41,3692,13705
2023-09-05 12:02:28,39,40,3692,13705
2023-09-05 12:02:31,39,41,3692,13705
2023-09-05 12:02:34,39,40,3692,13705
2023-09-05 12:02:35,39,41,3692,13705
2023-09-05 12:02:41,39,40,3692,13705
2023-09-05 12:02:44,39,41,3692,13705
2023-09-05 12:02:56,39,40,3692,13705
2023-09-05 12:02:58,39,41,3692,13705
2023-09-05 12:03:18,39,40,3692,13705
2023-09-05 12:03:35,38,40,3692,13705
2023-09-05 12:03:35,38,39,3692,13705
2023-09-05 12:03:45,37,39,3692,13705
2023-09-05 12:03:57,37,38,3692,13705
2023-09-05 12:04:00,37,39,3692,13705
2023-09-05 12:04:01,38,39,3692,13705
2023-09-05 12:04:28,38,40,3692,13705
2023-09-05 12:04:38,38,41,3692,13705
2023-09-05 12:04:41,39,41,3692,13705
2023-09-05 12:04:43,39,42,3692,13705
2023-09-05 12:04:43,40,42,3692,13705
2023-09-05 12:04:52,40,43,3692,13705
2023-09-05 12:04:54,41,43,3692,13705
2023-09-05 12:05:06,41,42,3692,13705
2023-09-05 12:05:10,40,42,3692,13705
2023-09-05 12:05:10,39,42,3692,13705
2023-09-05 12:05:11,40,42,3692,13705
2023-09-05 12:05:16,40,41,3692,13705
2023-09-05 12:05:18,39,41,3692,13705
2023-09-05 12:05:18,39,42,3692,13705
2023-09-05 12:05:20,40,42,3692,13705
2023-09-05 12:05:34,40,43,3692,13705
2023-09-05 12:05:35,40,42,3692,13705
2023-09-05 12:05:49,40,43,3692,13705
2023-09-05 12:05:50,41,43,3692,13705
2023-09-05 12:05:53,40,43,3692,13705
2023-09-05 12:05:53,40,42,3692,13705
2023-09-05 12:05:55,40,43,3692,13705
2023-09-05 12:05:55,41,43,3692,13705
2023-09-05 12:06:02,40,43,3692,13705
2023-09-05 12:06:03,41,43,3692,13705
2023-09-05 12:06:05,41,44,3692,13705
2023-09-05 12:06:06,42,44,3692,13705
2023-09-05 12:06:52,41,44,3692,13705
2023-09-05 12:06:55,41,43,3692,13705
2023-09-05 12:06:58,41,44,3692,13705
2023-09-05 12:07:00,41,43,3692,13705
2023-09-05 12:07:06,41,42,3692,13705
2023-09-05 12:07:17,40,42,3692,13705
2023-09-05 12:07:17,39,42,3692,13705
2023-09-05 12:07:18,39,41,3692,13705
2023-09-05 12:07:20,40,41,3692,13705
2023-09-05 12:07:22,39,41,3692,13705
2023-09-05 12:07:22,39,40,3692,13705
2023-09-05 12:07:22,38,40,3692,13705
2023-09-05 12:07:24,39,40,3692,13705
2023-09-05 12:07:33,39,41,3692,13705
2023-09-05 12:07:52,39,40,3692,13705
2023-09-05 12:08:02,38,40,3692,13705
2023-09-05 12:08:10,39,40,3692,13705
2023-09-05 12:08:13,39,41,3692,13705
2023-09-05 12:08:19,39,42,3692,13705
2023-09-05 12:08:22,40,42,3692,13705
2023-09-05 12:08:33,39,42,3692,13705
2023-09-05 12:08:33,39,41,3692,13705
2023-09-05 12:08:40,39,40,3692,13705
2023-09-05 12:08:52,39,41,3692,13705
2023-09-05 12:08:54,39,40,3692,13705
2023-09-05 12:09:01,39,41,3692,13705
2023-09-05 12:09:06,39,40,3692,13705
2023-09-05 12:09:10,39,41,3692,13705
2023-09-05 12:09:39,39,40,3692,13705
2023-09-05 12:09:40,39,41,3692,13705
2023-09-05 12:09:45,39,40,3692,13705
2023-09-05 12:09:49,38,40,3692,13705
2023-09-05 12:09:50,39,40,3692,13705
2023-09-05 12:09:52,38,40,3692,13705
2023-09-05 12:09:56,39,40,3692,13705
2023-09-05 12:10:01,38,40,3692,13705
2023-09-05 12:10:04,38,39,3692,13705
2023-09-05 12:10:10,38,40,3692,13705
2023-09-05 12:10:16,38,39,3692,13705
2023-09-05 12:10:22,37,39,3692,13705
2023-09-05 12:10:50,36,39,3692,13705
2023-09-05 12:10:50,37,39,3692,13705
2023-09-05 12:10:51,38,39,3692,13705
2023-09-05 12:11:00,37,39,3692,13705
2023-09-05 12:11:01,38,39,3692,13705
2023-09-05 12:11:08,37,39,3692,13705
2023-09-05 12:11:15,38,39,3692,13705
2023-09-05 12:11:20,37,39,3692,13705
2023-09-05 12:11:26,38,39,3692,13705
2023-09-05 12:11:27,37,39,3692,13705
2023-09-05 12:11:37,36,39,3692,13705
2023-09-05 12:11:37,36,38,3692,13705
2023-09-05 12:11:56,35,38,3692,13705
2023-09-05 12:11:57,36,38,3692,13705
2023-09-05 12:12:01,35,38,3692,13705
2023-09-05 12:12:02,36,38,3692,13705
2023-09-05 12:13:11,37,38,3692,13705
2023-09-05 12:13:19,36,38,3692,13705
2023-09-05 12:13:28,37,38,3692,13705
2023-09-05 12:13:29,36,38,3692,13705
2023-09-05 12:13:30,36,37,3692,13705
2023-09-05 12:13:36,35,37,3692,13705
2023-09-05 12:13:36,35,36,3692,13705
2023-09-05 12:13:36,34,36,3692,13705
2023-09-05 12:13:37,35,36,3692,13705
2023-09-05 12:13:52,34,36,3692,13705
2023-09-05 12:13:58,33,36,3692,13705
2023-09-05 12:13:58,34,36,3692,13705
2023-09-05 12:14:03,35,36,3692,13705
2023-09-05 12:14:04,34,36,3692,13705
2023-09-05 12:14:23,35,36,3692,13705
2023-09-05 12:14:26,34,36,3692,13705
2023-09-05 12:14:27,35,36,3692,13705
2023-09-05 12:14:31,34,36,3692,13705
2023-09-05 12:14:32,35,36,3692,13705
2023-09-05 12:14:34,35,37,3692,13705
2023-09-05 12:14:44,35,36,3692,13705
2023-09-05 12:14:53,34,36,3692,13705
2023-09-05 12:14:57,34,35,3692,13705
2023-09-05 12:15:05,34,36,3692,13705
2023-09-05 12:15:08,35,36,3692,13705
2023-09-05 12:15:09,34,36,3692,13705
2023-09-05 12:15:10,34,35,3692,13705
2023-09-05 12:15:23,33,35,3692,13705
2023-09-05 12:15:24,34,35,3692,13705
2023-09-05 12:15:28,34,36,3692,13705
2023-09-05 12:15:33,35,36,3692,13705
2023-09-05 12:15:51,35,37,3692,13705
2023-09-05 12:15:52,35,36,3692,13705
2023-09-05 12:15:53,35,37,3692,13705
2023-09-05 12:16:03,35,36,3692,13705
2023-09-05 12:16:03,34,36,3692,13705
2023-09-05 12:16:04,35,36,3692,13705
2023-09-05 12:16:16,33,36,3692,13705
2023-09-05 12:16:17,34,36,3692,13705
2023-09-05 12:16:19,35,36,3692,13705
2023-09-05 12:16:50,34,36,3692,13705
2023-09-05 12:17:01,33,36,3692,13705
2023-09-05 12:17:02,34,36,3692,13705
2023-09-05 12:17:03,35,36,3692,13705
2023-09-05 12:17:06,34,36,3692,13705
2023-09-05 12:17:12,35,36,3692,13705
2023-09-05 12:17:32,34,36,3692,13705
2023-09-05 12:17:41,34,37,3692,13705
2023-09-05 12:17:42,35,37,3692,13705
2023-09-05 12:17:43,35,38,3692,13705
2023-09-05 12:17:45,36,38,3692,13705
2023-09-05 12:18:04,37,38,3692,13705
2023-09-05 12:18:10,37,39,3692,13705
2023-09-05 12:18:11,37,38,3692,13705
2023-09-05 12:18:12,37,39,3692,13705
2023-09-05 12:18:28,37,38,3692,13705
2023-09-05 12:18:29,37,39,3692,13705
2023-09-05 12:18:30,37,38,3692,13705
2023-09-05 12:18:31,36,38,3692,13705
2023-09-05 12:18:37,35,38,3692,13705
2023-09-05 12:18:37,35,37,3692,13705
2023-09-05 12:18:53,36,37,3692,13705
2023-09-05 12:18:54,35,37,3692,13705
2023-09-05 12:19:09,34,37,3692,13705
2023-09-05 12:19:13,34,36,3692,13705
2023-09-05 12:19:19,33,36,3692,13705
2023-09-05 12:19:26,33,35,3692,13705
2023-09-05 12:19:27,33,36,3692,13705
2023-09-05 12:19:28,33,35,3692,13705
2023-09-05 12:19:31,33,36,3692,13705
2023-09-05 12:19:32,33,35,3692,13705
2023-09-05 12:19:37,32,35,3692,13705
2023-09-05 12:19:38,32,33,3692,13705
2023-09-05 12:19:39,31,33,3692,13705
2023-09-05 12:19:54,32,33,3692,13705
2023-09-05 12:20:03,31,33,3692,13705
2023-09-05 12:20:15,31,32,3692,13705
2023-09-05 12:20:17,31,33,3692,13705
2023-09-05 12:20:59,32,33,3692,13705
2023-09-05 12:21:37,31,33,3692,13705
2023-09-05 12:21:44,32,33,3692,13705
2023-09-05 12:21:58,31,33,3692,13705
2023-09-05 12:22:00,31,32,3692,13705
2023-09-05 12:22:05,31,33,3692,13705
2023-09-05 12:22:06,31,32,3692,13705
2023-09-05 12:22:22,31,33,3692,13705
2023-09-05 12:22:24,32,33,3692,13705
2023-09-05 12:22:25,31,33,3692,13705
2023-09-05 12:22:35,31,32,3692,13705
2023-09-05 12:22:37,30,32,3692,13705
2023-09-05 12:22:45,29,32,3692,13705
2023-09-05 12:22:45,30,32,3692,13705
2023-09-05 12:22:49,30,31,3692,13705
2023-09-05 12:22:50,30,32,3692,13705
2023-09-05 12:23:01,30,31,3692,13705
2023-09-05 12:23:08,30,32,3692,13705
2023-09-05 12:23:12,30,31,3692,13705
2023-09-05 12:23:13,30,32,3692,13705
2023-09-05 12:23:20,30,31,3692,13705
2023-09-05 12:23:21,30,32,3692,13705
2023-09-05 12:23:32,30,31,3692,13705
2023-09-05 12:23:42,29,31,3692,13705
2023-09-05 12:23:58,29,32,3692,13705
2023-09-05 12:24:00,29,31,3692,13705
2023-09-05 12:24:01,29,32,3692,13705
2023-09-05 12:24:09,30,32,3692,13705
2023-09-05 12:24:43,30,33,3692,13705
2023-09-05 12:24:43,31,33,3692,13705
2023-09-05 12:25:01,31,32,3692,13705
2023-09-05 12:25:02,31,33,3692,13705
2023-09-05 12:25:35,32,33,3692,13705
2023-09-05 12:25:51,32,35,3692,13705
2023-09-05 12:25:54,33,35,3692,13705
2023-09-05 12:26:00,33,34,3692,13705
2023-09-05 12:26:09,33,35,3692,13705
2023-09-05 12:26:25,33,34,3692,13705
2023-09-05 12:26:28,32,34,3692,13705
2023-09-05 12:26:30,31,34,3692,13705
2023-09-05 12:26:30,31,33,3692,13705
2023-09-05 12:26:34,31,34,3692,13705
2023-09-05 12:26:35,31,33,3692,13705
2023-09-05 12:26:57,31,34,3692,13705
2023-09-05 12:27:00,32,34,3692,13705
2023-09-05 12:27:03,32,35,3692,13705
2023-09-05 12:27:04,33,35,3692,13705
2023-09-05 12:27:06,33,36,3692,13705
2023-09-05 12:27:07,34,36,3692,13705
2023-09-05 12:27:25,34,35,3692,13705
2023-09-05 12:27:37,34,36,3692,13705
2023-09-05 12:28:21,35,36,3692,13705
2023-09-05 12:28:41,35,38,3692,13705
2023-09-05 12:28:55,35,37,3692,13705
2023-09-05 12:28:56,34,37,3692,13705
2023-09-05 12:28:56,35,37,3692,13705
2023-09-05 12:29:12,35,36,3692,13705
2023-09-05 12:29:12,34,36,3692,13705
2023-09-05 12:29:13,34,37,3692,13705
2023-09-05 12:29:16,35,37,3692,13705
2023-09-05 12:29:17,34,37,3692,13705
2023-09-05 12:29:19,35,37,3692,13705
2023-09-05 12:29:21,34,37,3692,13705
2023-09-05 12:29:32,34,36,3692,13705
2023-09-05 12:29:44,33,36,3692,13705
2023-09-05 12:30:08,34,36,3692,13705
2023-09-05 12:30:11,33,36,3692,13705
2023-09-05 12:30:12,34,36,3692,13705
2023-09-05 12:30:24,33,36,3692,13705
2023-09-05 12:30:24,34,36,3692,13705
2023-09-05 12:30:40,34,35,3692,13705
2023-09-05 12:30:42,32,35,3692,13705
2023-09-05 12:30:42,33,35,3692,13705
2023-09-05 12:30:53,33,34,3692,13705
2023-09-05 12:30:59,33,35,3692,13705
2023-09-05 12:31:27,33,34,3692,13705
2023-09-05 12:31:27,32,34,3692,13705
2023-09-05 12:31:55,32,33,3692,13705
2023-09-05 12:31:55,31,33,3692,13705
2023-09-05 12:32:32,31,34,3692,13705
2023-09-05 12:32:37,31,33,3692,13705
2023-09-05 12:32:56,30,33,3692,13705
2023-09-05 12:32:56,30,32,3692,13705
2023-09-05 12:32:56,31,32,3692,13705
2023-09-05 12:33:06,31,33,3692,13705
2023-09-05 12:33:26,31,34,3692,13705
2023-09-05 12:33:37,32,34,3692,13705
2023-09-05 12:34:01,32,35,3692,13705
2023-09-05 12:34:04,33,35,3692,13705
2023-09-05 12:34:13,33,34,3692,13705
2023-09-05 12:34:14,33,35,3692,13705
2023-09-05 12:34:16,33,34,3692,13705
2023-09-05 12:34:16,32,34,3692,13705
2023-09-05 12:34:32,31,34,3692,13705
2023-09-05 12:34:49,31,33,3692,13705
2023-09-05 12:34:57,31,34,3692,13705
2023-09-05 12:35:02,32,34,3692,13705
2023-09-05 12:35:18,31,34,3692,13705
2023-09-05 12:35:19,31,33,3692,13705
2023-09-05 12:35:23,31,34,3692,13705
2023-09-05 12:35:27,31,33,3692,13705
2023-09-05 12:35:58,31,32,3692,13705
2023-09-05 12:36:02,30,32,3692,13705
2023-09-05 12:36:33,30,31,3692,13705
2023-09-05 12:36:33,29,31,3692,13705
2023-09-05 12:36:36,28,31,3692,13705
2023-09-05 12:37:17,28,30,3692,13705
2023-09-05 12:37:17,27,30,3692,13705
2023-09-05 12:37:17,28,30,3692,13705
2023-09-05 12:37:36,27,30,3692,13705
2023-09-05 12:37:39,27,29,3692,13705
2023-09-05 12:37:41,27,30,3692,13705
2023-09-05 12:37:42,27,29,3692,13705
2023-09-05 12:37:46,27,30,3692,13705
2023-09-05 12:37:52,27,29,3692,13705
2023-09-05 12:37:56,26,29,3692,13705
2023-09-05 12:38:26,26,28,3692,13705
2023-09-05 12:38:28,26,29,3692,13705
2023-09-05 12:39:15,27,29,3692,13705
2023-09-05 12:39:16,26,29,3692,13705
2023-09-05 12:39:52,27,29,3692,13705
2023-09-05 12:39:56,27,30,3692,13705
2023-09-05 12:40:19,27,29,3692,13705
2023-09-05 12:40:21,27,30,3692,13705
2023-09-05 12:40:24,27,29,3692,13705
2023-09-05 12:40:27,27,30,3692,13705
2023-09-05 12:40:28,27,29,3692,13705
2023-09-05 12:40:29,26,29,3692,13705
2023-09-05 12:40:29,27,29,3692,13705
2023-09-05 12:40:46,27,30,3692,13705
2023-09-05 12:41:20,27,29,3692,13705
2023-09-05 12:41:25,27,30,3692,13705
2023-09-05 12:41:29,27,29,3692,13705
2023-09-05 12:41:30,27,30,3692,13705
2023-09-05 12:41:34,28,30,3692,13705
2023-09-05 12:41:36,28,31,3692,13705
2023-09-05 12:41:40,29,31,3692,13705
2023-09-05 12:41:46,29,32,3692,13705
2023-09-05 12:41:50,30,32,3692,13705
2023-09-05 12:41:51,29,32,3692,13705
2023-09-05 12:42:03,29,31,3692,13705
2023-09-05 12:42:06,28,31,3692,13705
2023-09-05 12:42:44,29,31,3692,13705
2023-09-05 12:42:47,29,32,3692,13705
2023-09-05 12:42:50,29,31,3692,13705
2023-09-05 12:42:51,29,32,3692,13705
2023-09-05 12:43:17,29,31,3692,13705
2023-09-05 12:43:23,28,31,3692,13705
2023-09-05 12:43:34,29,31,3692,13705
2023-09-05 12:43:36,28,31,3692,13705
2023-09-05 12:44:07,28,29,3692,13705
2023-09-05 12:44:08,27,29,3692,13705
2023-09-05 12:44:08,28,29,3692,13705
2023-09-05 12:44:31,27,29,3692,13705
2023-09-05 12:44:37,27,28,3692,13705
2023-09-05 12:44:44,26,28,3692,13705
2023-09-05 12:45:01,26,29,3692,13705
2023-09-05 12:45:02,26,28,3692,13705
2023-09-05 12:45:18,25,28,3692,13705
2023-09-05 12:45:18,26,28,3692,13705
2023-09-05 12:45:23,26,27,3692,13705
2023-09-05 12:45:24,26,28,3692,13705
2023-09-05 12:45:51,25,28,3692,13705
2023-09-05 12:45:51,26,28,3692,13705
2023-09-05 12:45:55,26,27,3692,13705
2023-09-05 12:46:04,25,27,3692,13705
2023-09-05 12:46:32,25,26,3692,13705
2023-09-05 12:46:33,25,27,3692,13705
2023-09-05 12:47:05,24,27,3692,13705
2023-09-05 12:47:05,25,27,3692,13705
2023-09-05 12:47:22,25,26,3692,13705
2023-09-05 12:47:30,24,26,3692,13705
2023-09-05 12:47:56,24,27,3692,13705
2023-09-05 12:47:56,25,27,3692,13705
2023-09-05 12:48:03,26,27,3692,13705
2023-09-05 12:48:09,26,28,3692,13705
2023-09-05 12:49:09,26,29,3692,13705
2023-09-05 12:49:10,27,29,3692,13705
2023-09-05 12:49:23,27,28,3692,13705
2023-09-05 12:49:24,27,29,3692,13705
2023-09-05 12:49:27,27,28,3692,13705
2023-09-05 12:49:30,27,29,3692,13705
2023-09-05 12:49:34,27,28,3692,13705
2023-09-05 12:49:35,27,29,3692,13705
2023-09-05 12:49:38,27,28,3692,13705
2023-09-05 12:49:47,26,28,3692,13705
2023-09-05 12:50:10,26,29,3692,13705
2023-09-05 12:50:10,27,29,3692,13705
2023-09-05 12:50:17,28,29,3692,13705
2023-09-05 12:50:20,28,30,3692,13705
2023-09-05 12:50:22,29,30,3692,13705
2023-09-05 12:50:26,28,30,3692,13705
2023-09-05 12:51:19,27,30,3692,13705
2023-09-05 12:51:19,28,30,3692,13705
2023-09-05 12:51:36,28,29,3692,13705
2023-09-05 12:51:37,28,30,3692,13705
2023-09-05 12:51:38,28,29,3692,13705
2023-09-05 12:51:48,28,30,3692,13705
2023-09-05 12:51:49,29,30,3692,13705
2023-09-05 12:51:50,28,30,3692,13705
2023-09-05 12:51:51,29,30,3692,13705
2023-09-05 12:51:52,28,30,3692,13705
2023-09-05 12:51:52,28,29,3692,13705
2023-09-05 12:51:59,26,29,3692,13705
2023-09-05 12:51:59,27,29,3692,13705
2023-09-05 12:52:10,27,28,3692,13705
2023-09-05 12:52:12,26,28,3692,13705
2023-09-05 12:52:12,27,28,3692,13705
2023-09-05 12:52:46,25,28,3692,13705
2023-09-05 12:52:46,26,28,3692,13705
2023-09-05 12:53:40,26,27,3692,13705
2023-09-05 12:53:41,26,28,3692,13705
2023-09-05 12:53:42,26,27,3692,13705
2023-09-05 12:53:46,25,28,3692,13705
2023-09-05 12:53:47,26,28,3692,13705
2023-09-05 12:53:55,26,27,3692,13705
2023-09-05 12:53:56,26,28,3692,13705
2023-09-05 12:54:04,26,27,3692,13705
2023-09-05 12:54:11,26,28,3692,13705
2023-09-05 12:54:12,26,27,3692,13705
2023-09-05 12:54:13,26,28,3692,13705
2023-09-05 12:54:15,27,28,3692,13705
2023-09-05 12:54:18,27,29,3692,13705
2023-09-05 12:54:33,27,28,3692,13705
2023-09-05 12:54:38,27,29,3692,13705
2023-09-05 12:54:40,27,28,3692,13705
2023-09-05 12:54:43,27,29,3692,13705
2023-09-05 12:55:15,26,29,3692,13705
2023-09-05 12:55:16,27,29,3692,13705
2023-09-05 12:55:16,27,28,3692,13705
2023-09-05 12:55:23,27,29,3692,13705
2023-09-05 12:56:01,27,28,3692,13705
2023-09-05 12:56:02,26,28,3692,13705
2023-09-05 12:56:31,26,29,3692,13705
2023-09-05 12:56:31,27,29,3692,13705
2023-09-05 12:56:34,28,29,3692,13705
2023-09-05 12:56:52,28,30,3692,13705
2023-09-05 12:57:02,28,29,3692,13705
2023-09-05 12:57:05,27,29,3692,13705
2023-09-05 12:57:05,28,29,3692,13705
2023-09-05 12:57:07,28,30,3692,13705
2023-09-05 12:57:17,28,29,3692,13705
2023-09-05 12:57:27,26,29,3692,13705
2023-09-05 12:57:27,27,29,3692,13705
2023-09-05 12:57:33,27,28,3692,13705
2023-09-05 12:57:34,26,28,3692,13705
2023-09-05 12:57:54,26,29,3692,13705
2023-09-05 12:57:57,26,28,3692,13705
2023-09-05 12:58:06,26,29,3692,13705
2023-09-05 12:58:06,27,29,3692,13705
2023-09-05 12:58:11,28,29,3692,13705
2023-09-05 12:58:43,28,30,3692,13705
2023-09-05 12:58:48,28,29,3692,13705
2023-09-05 12:58:54,28,30,3692,13705
2023-09-05 12:58:56,28,29,3692,13705
2023-09-05 12:59:12,26,29,3692,13705
2023-09-05 12:59:12,27,29,3692,13705
2023-09-05 12:59:17,27,28,3692,13705
2023-09-05 12:59:21,26,28,3692,13705
2023-09-05 12:59:21,27,28,3692,13705
2023-09-05 12:59:36,27,29,3692,13705
2023-09-05 12:59:42,28,29,3692,13705
2023-09-05 13:00:08,27,29,3692,13705
2023-09-05 13:00:08,28,29,3692,13705
2023-09-05 13:00:09,28,30,3692,13705
2023-09-05 13:00:10,29,30,3692,13705
2023-09-05 13:00:14,28,29,3590,13856
2023-09-05 13:00:15,28,30,3590,13856
2023-09-05 13:00:20,29,30,3590,13856
2023-09-05 13:00:21,28,30,3590,13856
2023-09-05 13:00:22,28,31,3590,13856
2023-09-05 13:00:22,29,31,3590,13856
2023-09-05 13:00:22,30,31,3590,13856
2023-09-05 13:00:24,29,31,3590,13856
2023-09-05 13:00:24,30,31,3590,13856
2023-09-05 13:00:31,29,31,3590,13856
2023-09-05 13:00:33,28,31,3590,13856
2023-09-05 13:00:38,28,30,3590,13856
2023-09-05 13:01:07,28,31,3590,13856
2023-09-05 13:01:15,28,30,3590,13856
2023-09-05 13:01:17,28,31,3590,13856
2023-09-05 13:01:25,29,31,3590,13856
2023-09-05 13:01:25,30,31,3590,13856
2023-09-05 13:01:53,30,35,3590,13856
2023-09-05 13:01:53,30,33,3590,13856
2023-09-05 13:01:55,31,33,3590,13856
2023-09-05 13:02:02,32,33,3590,13856
2023-09-05 13:02:03,30,32,3590,14034
2023-09-05 13:02:04,30,33,3590,14034
2023-09-05 13:02:05,31,33,3590,14034
2023-09-05 13:02:07,30,33,3590,14034
2023-09-05 13:02:11,29,33,3590,14034
2023-09-05 13:02:16,29,32,3590,14034
2023-09-05 13:02:19,29,33,3590,14034
2023-09-05 13:02:20,30,33,3590,14034
2023-09-05 13:02:26,30,34,3590,14034
2023-09-05 13:02:26,30,35,3590,14034
2023-09-05 13:02:26,31,35,3590,14034
2023-09-05 13:02:27,31,36,3590,14034
2023-09-05 13:02:27,32,36,3590,14034
2023-09-05 13:03:03,33,36,3590,14034
2023-09-05 13:03:09,32,36,3590,14034
2023-09-05 13:03:15,32,35,3590,14034
2023-09-05 13:03:17,32,36,3590,14034
2023-09-05 13:03:20,32,35,3590,14034
2023-09-05 13:03:26,32,34,3590,14034
2023-09-05 13:03:26,31,34,3590,14034
2023-09-05 13:03:43,31,36,3590,14034
2023-09-05 13:03:43,32,36,3590,14034
2023-09-05 13:03:44,32,35,3590,14034
2023-09-05 13:03:45,32,36,3590,14034
2023-09-05 13:03:55,32,35,3590,14034
2023-09-05 13:03:56,32,36,3590,14034
2023-09-05 13:03:57,32,35,3590,14034
2023-09-05 13:04:02,32,36,3590,14034
2023-09-05 13:04:12,33,36,3590,14034
2023-09-05 13:04:14,32,36,3590,14034
2023-09-05 13:04:15,33,36,3590,14034
2023-09-05 13:04:53,33,37,3590,14034
2023-09-05 13:05:05,33,36,3590,14034
2023-09-05 13:05:14,33,37,3590,14034
2023-09-05 13:05:16,33,36,3590,14034
2023-09-05 13:05:19,33,37,3590,14034
2023-09-05 13:05:27,33,36,3590,14034
2023-09-05 13:05:44,33,37,3590,14034
2023-09-05 13:05:55,34,37,3590,14034
2023-09-05 13:06:17,34,38,3590,14034
2023-09-05 13:06:18,34,37,3590,14034
2023-09-05 13:06:19,34,38,3590,14034
2023-09-05 13:06:21,34,37,3590,14034
2023-09-05 13:06:51,33,37,3590,14034
2023-09-05 13:06:55,34,37,3590,14034
2023-09-05 13:07:03,34,38,3590,14034
2023-09-05 13:07:04,34,37,3590,14034
2023-09-05 13:07:12,34,38,3590,14034
2023-09-05 13:07:16,34,37,3590,14034
2023-09-05 13:07:25,34,38,3590,14034
2023-09-05 13:07:26,35,38,3590,14034
2023-09-05 13:07:29,36,38,3590,14034
2023-09-05 13:07:42,35,38,3590,14034
2023-09-05 13:07:50,34,38,3590,14034
2023-09-05 13:07:51,35,38,3590,14034
2023-09-05 13:07:56,34,38,3590,14034
2023-09-05 13:08:03,34,37,3590,14034
2023-09-05 13:08:15,34,38,3590,14034
2023-09-05 13:08:17,34,37,3590,14034
2023-09-05 13:08:19,34,38,3590,14034
2023-09-05 13:08:20,35,38,3590,14034
2023-09-05 13:08:21,34,38,3590,14034
2023-09-05 13:08:22,34,37,3590,14034
2023-09-05 13:08:25,34,38,3590,14034
2023-09-05 13:08:25,35,38,3590,14034
2023-09-05 13:08:27,35,37,3590,14034
2023-09-05 13:08:28,35,38,3590,14034
2023-09-05 13:08:29,35,37,3590,14034
2023-09-05 13:08:39,35,38,3590,14034
2023-09-05 13:08:41,35,37,3590,14034
2023-09-05 13:08:42,35,38,3590,14034
2023-09-05 13:08:44,35,37,3590,14034
2023-09-05 13:08:47,35,38,3590,14034
2023-09-05 13:09:02,36,38,3590,14034
2023-09-05 13:09:14,35,38,3590,14034
2023-09-05 13:09:15,36,38,3590,14034
2023-09-05 13:09:30,36,40,3590,14034
2023-09-05 13:09:30,37,40,3590,14034
2023-09-05 13:09:31,37,39,3590,14034
2023-09-05 13:09:34,37,40,3590,14034
2023-09-05 13:09:47,38,40,3590,14034
2023-09-05 13:09:49,38,43,3590,14034
2023-09-05 13:09:49,38,42,3590,14034
2023-09-05 13:10:02,38,43,3590,14034
2023-09-05 13:10:04,38,42,3590,14034
2023-09-05 13:10:14,39,42,3590,14034
2023-09-05 13:10:15,38,42,3590,14034
2023-09-05 13:10:17,39,42,3590,14034
2023-09-05 13:10:22,38,42,3590,14034
2023-09-05 13:10:34,39,42,3590,14034
2023-09-05 13:10:37,39,43,3590,14034
2023-09-05 13:10:38,39,42,3590,14034
2023-09-05 13:10:41,39,43,3590,14034
2023-09-05 13:10:51,40,43,3590,14034
2023-09-05 13:11:02,40,44,3590,14034
2023-09-05 13:11:10,41,44,3590,14034
2023-09-05 13:11:13,40,44,3590,14034
2023-09-05 13:11:17,41,44,3590,14034
2023-09-05 13:11:39,41,44,3590,14077
2023-09-05 13:11:40,42,44,3590,14077
2023-09-05 13:11:43,41,44,3590,14077
2023-09-05 13:11:57,40,44,3590,14077
2023-09-05 13:11:58,41,44,3590,14077
2023-09-05 13:12:00,42,44,3590,14077
2023-09-05 13:12:01,41,44,3590,14077
2023-09-05 13:12:22,40,44,3590,14077
2023-09-05 13:12:29,40,43,3590,14077
2023-09-05 13:12:48,39,43,3590,14077
2023-09-05 13:12:50,39,42,3590,14077
2023-09-05 13:12:50,39,41,3590,14077
2023-09-05 13:12:50,38,41,3590,14077
2023-09-05 13:12:59,38,40,3590,14077
2023-09-05 13:12:59,37,40,3590,14077
2023-09-05 13:13:08,36,40,3590,14077
2023-09-05 13:13:29,36,39,3590,14077
2023-09-05 13:13:30,35,39,3590,14077
2023-09-05 13:13:31,36,39,3590,14077
2023-09-05 13:13:33,36,40,3590,14077
2023-09-05 13:13:49,36,39,3590,14077
2023-09-05 13:13:50,36,40,3590,14077
2023-09-05 13:13:51,36,39,3590,14077
2023-09-05 13:13:52,36,40,3590,14077
2023-09-05 13:13:55,37,40,3590,14077
2023-09-05 13:14:03,37,41,3590,14077
2023-09-05 13:14:04,37,40,3590,14077
2023-09-05 13:14:07,37,41,3590,14077
2023-09-05 13:14:11,37,40,3590,14077
2023-09-05 13:14:13,37,41,3590,14077
2023-09-05 13:14:16,38,41,3590,14077
2023-09-05 13:14:22,38,40,3590,14077
2023-09-05 13:14:22,37,40,3590,14077
2023-09-05 13:15:23,36,40,3590,14077
2023-09-05 13:15:41,37,40,3590,14077
2023-09-05 13:15:45,36,40,3590,14077
2023-09-05 13:15:48,37,40,3590,14077
2023-09-05 13:15:58,37,41,3590,14077
2023-09-05 13:16:01,38,41,3590,14077
2023-09-05 13:16:32,39,41,3590,14077
2023-09-05 13:16:46,38,41,3590,14077
2023-09-05 13:16:58,39,41,3590,14077
2023-09-05 13:17:02,39,43,3590,14077
2023-09-05 13:17:10,40,43,3590,14077
2023-09-05 13:17:11,39,43,3590,14077
2023-09-05 13:17:13,40,43,3590,14077
2023-09-05 13:17:14,39,43,3590,14077
2023-09-05 13:17:16,39,44,3590,14077
2023-09-05 13:17:16,40,44,3590,14077
2023-09-05 13:17:24,40,43,3590,14077
2023-09-05 13:17:25,40,44,3590,14077
2023-09-05 13:17:26,40,43,3590,14077
2023-09-05 13:17:27,40,44,3590,14077
2023-09-05 13:17:28,40,43,3590,14077
2023-09-05 13:17:29,39,43,3590,14077
2023-09-05 13:17:46,39,41,3590,14077
2023-09-05 13:17:46,38,41,3590,14077
2023-09-05 13:18:18,38,40,3590,14077
2023-09-05 13:18:18,37,40,3590,14077
2023-09-05 13:18:27,37,41,3590,14077
2023-09-05 13:18:43,38,41,3590,14077
2023-09-05 13:19:10,39,41,3590,14077
2023-09-05 13:19:52,39,43,3590,14077
2023-09-05 13:20:32,40,43,3590,14077
2023-09-05 13:20:32,40,44,3590,14077
2023-09-05 13:20:33,41,44,3590,14077
2023-09-05 13:20:34,41,45,3590,14077
2023-09-05 13:20:35,42,45,3590,14077
2023-09-05 13:20:35,43,45,3590,14077
2023-09-05 13:20:41,42,45,3590,14077
2023-09-05 13:21:11,42,44,3590,14077
2023-09-05 13:21:11,41,44,3590,14077
2023-09-05 13:21:17,41,45,3590,14077
2023-09-05 13:21:19,41,44,3590,14077
2023-09-05 13:21:25,41,45,3590,14077
2023-09-05 13:21:30,42,45,3590,14077
2023-09-05 13:21:38,41,45,3590,14077
2023-09-05 13:21:42,41,44,3590,14077
2023-09-05 13:21:45,40,44,3590,14077
2023-09-05 13:21:53,40,43,3590,14077
2023-09-05 13:21:57,39,43,3590,14077
2023-09-05 13:22:10,39,41,3590,14077
2023-09-05 13:22:11,38,41,3590,14077
2023-09-05 13:22:16,37,41,3590,14077
2023-09-05 13:22:20,37,40,3590,14077
2023-09-05 13:22:36,36,40,3590,14077
2023-09-05 13:22:37,36,39,3590,14077
2023-09-05 13:22:39,35,39,3590,14077
2023-09-05 13:22:45,35,38,3590,14077
2023-09-05 13:22:47,35,39,3590,14077
2023-09-05 13:23:05,36,39,3590,14077
2023-09-05 13:23:12,36,40,3590,14077
2023-09-05 13:23:19,36,39,3590,14077
2023-09-05 13:23:31,36,40,3590,14077
2023-09-05 13:23:48,36,39,3590,14077
2023-09-05 13:24:13,36,40,3590,14077
2023-09-05 13:24:37,37,40,3590,14077
2023-09-05 13:25:06,37,39,3590,14077
2023-09-05 13:25:07,37,40,3590,14077
2023-09-05 13:25:12,36,40,3590,14077
2023-09-05 13:25:14,36,39,3590,14077
2023-09-05 13:25:17,36,40,3590,14077
2023-09-05 13:25:27,37,40,3590,14077
2023-09-05 13:25:31,37,41,3590,14077
2023-09-05 13:25:31,38,41,3590,14077
2023-09-05 13:26:09,39,41,3590,14077
2023-09-05 13:26:20,39,44,3590,14077
2023-09-05 13:26:20,39,43,3590,14077
2023-09-05 13:26:21,40,43,3590,14077
2023-09-05 13:26:21,40,44,3590,14077
2023-09-05 13:26:54,41,44,3590,14077
2023-09-05 13:26:58,41,45,3590,14077
2023-09-05 13:27:01,41,44,3590,14077
2023-09-05 13:27:02,41,45,3590,14077
2023-09-05 13:27:04,41,44,3590,14077
2023-09-05 13:27:12,41,45,3590,14077
2023-09-05 13:27:15,41,44,3590,14077
2023-09-05 13:27:19,41,45,3590,14077
2023-09-05 13:27:33,42,45,3590,14077
2023-09-05 13:27:42,41,45,3590,14077
2023-09-05 13:27:53,41,44,3590,14077
2023-09-05 13:28:08,41,45,3590,14077
2023-09-05 13:28:09,41,44,3590,14077
2023-09-05 13:28:25,40,44,3590,14077
2023-09-05 13:28:50,41,44,3590,14077
2023-09-05 13:28:58,40,44,3590,14077
2023-09-05 13:29:03,41,44,3590,14077
2023-09-05 13:29:09,40,44,3590,14077
2023-09-05 13:29:16,41,44,3590,14077
2023-09-05 13:29:17,41,45,3590,14077
2023-09-05 13:29:22,41,44,3590,14077
2023-09-05 13:29:36,41,45,3590,14077
2023-09-05 13:29:46,42,45,3590,14077
2023-09-05 13:30:08,41,45,3590,14077
2023-09-05 13:30:13,41,46,3590,14077
2023-09-05 13:30:13,42,46,3590,14077
2023-09-05 13:30:13,43,46,3590,14077
2023-09-05 13:30:18,44,46,3590,14077
2023-09-05 13:30:21,43,46,3590,14077
2023-09-05 13:30:28,42,46,3590,14077
2023-09-05 13:30:29,42,45,3590,14077
2023-09-05 13:30:41,42,46,3590,14077
2023-09-05 13:30:45,42,45,3590,14077
2023-09-05 13:30:47,42,46,3590,14077
2023-09-05 13:30:48,43,46,3590,14077
2023-09-05 13:30:51,44,46,3590,14077
2023-09-05 13:30:54,44,49,3590,14077
2023-09-05 13:30:54,44,48,3590,14077
2023-09-05 13:30:56,45,48,3590,14077
2023-09-05 13:30:57,44,48,3590,14077
2023-09-05 13:30:59,45,48,3590,14077
2023-09-05 13:31:00,44,48,3590,14077
2023-09-05 13:31:07,44,47,3590,14077
2023-09-05 13:31:17,43,47,3590,14077
2023-09-05 13:31:18,44,47,3590,14077
2023-09-05 13:31:24,43,47,3590,14077
2023-09-05 13:31:25,44,47,3590,14077
2023-09-05 13:31:26,43,47,3590,14077
2023-09-05 13:31:31,43,45,3590,14077
2023-09-05 13:31:31,42,45,3590,14077
2023-09-05 13:31:34,41,45,3590,14077
2023-09-05 13:31:41,41,44,3590,14077
2023-09-05 13:31:41,41,43,3590,14077
2023-09-05 13:31:41,40,43,3590,14077
2023-09-05 13:31:55,40,41,3590,14077
2023-09-05 13:32:15,40,45,3621,14108
2023-09-05 13:32:15,41,45,3621,14108
2023-09-05 13:32:18,42,45,3621,14108
2023-09-05 13:33:09,41,45,3621,14108
2023-09-05 13:33:10,41,44,3621,14108
2023-09-05 13:33:11,40,44,3621,14108
2023-09-05 13:33:12,41,44,3621,14108
2023-09-05 13:33:21,40,44,3621,14108
2023-09-05 13:33:26,40,43,3621,14108
2023-09-05 13:33:32,39,43,3621,14108
2023-09-05 13:33:32,38,43,3621,14108
2023-09-05 13:33:33,38,42,3621,14108
2023-09-05 13:33:34,38,43,3621,14108
2023-09-05 13:33:40,39,43,3621,14108
2023-09-05 13:34:00,39,42,3621,14108
2023-09-05 13:34:01,39,43,3621,14108
2023-09-05 13:34:04,40,43,3621,14108
2023-09-05 13:34:05,40,44,3621,14108
2023-09-05 13:34:22,41,44,3621,14108
2023-09-05 13:34:50,41,45,3621,14108
2023-09-05 13:34:55,42,45,3621,14108
2023-09-05 13:35:03,44,45,3621,14108
2023-09-05 13:35:33,42,45,3621,14220
2023-09-05 13:35:56,41,45,3621,14220
2023-09-05 13:36:02,41,44,3621,14220
2023-09-05 13:36:04,40,44,3621,14220
2023-09-05 13:36:08,40,43,3621,14220
2023-09-05 13:36:08,39,43,3621,14220
2023-09-05 13:36:21,40,43,3621,14220
2023-09-05 13:36:21,40,44,3621,14220
2023-09-05 13:36:30,39,44,3621,14220
2023-09-05 13:36:31,39,43,3621,14220
2023-09-05 13:36:48,38,43,3621,14220
2023-09-05 13:36:48,38,42,3621,14220
2023-09-05 13:37:04,39,42,3621,14220
2023-09-05 13:37:04,39,43,3621,14220
2023-09-05 13:37:31,39,42,3621,14220
2023-09-05 13:37:32,38,42,3621,14220
2023-09-05 13:37:48,38,41,3621,14220
2023-09-05 13:37:56,38,42,3621,14220
2023-09-05 13:37:57,38,41,3621,14220
2023-09-05 13:38:00,38,42,3621,14220
2023-09-05 13:38:01,38,41,3621,14220
2023-09-05 13:38:05,37,41,3621,14220
2023-09-05 13:38:17,38,41,3621,14220
2023-09-05 13:38:18,38,42,3621,14220
2023-09-05 13:38:19,38,41,3621,14220
2023-09-05 13:38:23,38,41,3636,14235
2023-09-05 13:38:23,38,40,3636,14235
2023-09-05 13:38:33,37,40,3636,14235
2023-09-05 13:38:35,37,41,3636,14235
2023-09-05 13:38:35,37,39,3636,14235
2023-09-05 13:38:41,37,40,3636,14235
2023-09-05 13:38:41,36,40,3636,14235
2023-09-05 13:38:41,36,38,3636,14235
2023-09-05 13:39:09,35,38,3636,14235
2023-09-05 13:39:11,35,40,3636,14235
2023-09-05 13:39:11,35,39,3636,14235
2023-09-05 13:39:11,35,37,3636,14235
2023-09-05 13:39:43,35,40,3636,14235
2023-09-05 13:39:43,35,38,3636,14235
2023-09-05 13:39:48,36,38,3636,14235
2023-09-05 13:39:59,36,40,3636,14235
2023-09-05 13:39:59,36,41,3636,14235
2023-09-05 13:39:59,36,39,3636,14235
2023-09-05 13:40:00,37,39,3636,14235
2023-09-05 13:40:07,36,39,3636,14235
2023-09-05 13:40:23,37,39,3636,14235
2023-09-05 13:40:26,36,39,3636,14235
2023-09-05 13:40:32,37,39,3636,14235
2023-09-05 13:40:43,36,39,3636,14235
2023-09-05 13:40:54,37,39,3636,14235
2023-09-05 13:40:57,36,39,3636,14235
2023-09-05 13:41:10,36,40,3636,14235
2023-09-05 13:41:10,36,38,3636,14235
2023-09-05 13:41:13,35,38,3636,14235
2023-09-05 13:41:18,35,40,3636,14235
2023-09-05 13:41:18,35,37,3636,14235
2023-09-05 13:41:46,34,37,3636,14235
2023-09-05 13:41:48,34,39,3636,14235
2023-09-05 13:41:48,34,36,3636,14235
2023-09-05 13:41:49,34,39,3636,14235
2023-09-05 13:41:49,34,38,3636,14235
2023-09-05 13:41:49,34,35,3636,14235
2023-09-05 13:41:49,33,35,3636,14235
2023-09-05 13:42:03,33,37,3636,14235
2023-09-05 13:42:03,33,36,3636,14235
2023-09-05 13:42:07,33,37,3636,14235
2023-09-05 13:42:07,33,35,3636,14235
2023-09-05 13:42:08,33,35,3636,14278
2023-09-05 13:42:12,32,35,3636,14278
2023-09-05 13:42:15,32,36,3636,14278
2023-09-05 13:42:15,32,34,3636,14278
2023-09-05 13:42:34,32,37,3636,14278
2023-09-05 13:42:34,32,35,3636,14278
2023-09-05 13:42:42,33,35,3636,14278
2023-09-05 13:42:48,32,35,3636,14278
2023-09-05 13:42:50,32,36,3636,14278
2023-09-05 13:42:50,32,34,3636,14278
2023-09-05 13:42:55,31,34,3636,14278
2023-09-05 13:42:55,32,34,3636,14278
2023-09-05 13:42:59,31,34,3636,14278
2023-09-05 13:43:00,31,33,3636,14278
2023-09-05 13:43:21,31,36,3636,14278
2023-09-05 13:43:21,31,34,3636,14278
2023-09-05 13:43:25,32,34,3636,14278
2023-09-05 13:43:34,32,37,3636,14278
2023-09-05 13:43:34,32,35,3636,14278
2023-09-05 13:43:35,33,35,3636,14278
2023-09-05 13:43:43,33,37,3636,14278
2023-09-05 13:43:43,33,36,3636,14278
2023-09-05 13:43:43,34,36,3636,14278
2023-09-05 13:43:47,35,36,3636,14278
2023-09-05 13:43:48,35,39,3636,14278
2023-09-05 13:43:48,35,37,3636,14278
2023-09-05 13:43:56,34,37,3636,14278
2023-09-05 13:43:58,34,39,3636,14278
2023-09-05 13:43:58,34,36,3636,14278
2023-09-05 13:44:03,33,36,3636,14278
2023-09-05 13:44:16,34,36,3636,14278
2023-09-05 13:44:18,34,39,3636,14278
2023-09-05 13:44:18,34,40,3636,14278
2023-09-05 13:44:18,34,37,3636,14278
2023-09-05 13:44:19,35,37,3636,14278
2023-09-05 13:44:27,34,37,3636,14278
2023-09-05 13:44:32,34,39,3636,14278
2023-09-05 13:44:32,34,36,3636,14278
2023-09-05 13:44:42,33,36,3636,14278
2023-09-05 13:44:49,33,37,3636,14278
2023-09-05 13:44:49,33,35,3636,14278
2023-09-05 13:44:59,32,35,3636,14278
2023-09-05 13:45:00,32,34,3636,14278
2023-09-05 13:45:09,31,34,3636,14278
2023-09-05 13:45:11,31,35,3636,14278
2023-09-05 13:45:11,31,33,3636,14278
2023-09-05 13:45:24,30,33,3636,14278
2023-09-05 13:45:26,30,35,3636,14278
2023-09-05 13:45:26,30,32,3636,14278
2023-09-05 13:45:26,29,32,3636,14278
2023-09-05 13:45:26,30,32,3636,14278
2023-09-05 13:45:46,30,35,3636,14278
2023-09-05 13:45:46,30,33,3636,14278
2023-09-05 13:45:47,31,33,3636,14278
2023-09-05 13:46:07,30,33,3636,14278
2023-09-05 13:46:09,30,35,3636,14278
2023-09-05 13:46:09,30,32,3636,14278
2023-09-05 13:46:22,31,32,3636,14278
2023-09-05 13:46:23,31,35,3636,14278
2023-09-05 13:46:23,31,33,3636,14278
2023-09-05 13:46:39,31,36,3636,14278
2023-09-05 13:46:39,31,34,3636,14278
2023-09-05 13:46:55,31,36,3636,14278
2023-09-05 13:46:55,31,33,3636,14278
2023-09-05 13:47:04,31,36,3636,14278
2023-09-05 13:47:04,31,34,3636,14278
2023-09-05 13:47:04,32,34,3636,14278
2023-09-05 13:47:06,33,34,3636,14278
2023-09-05 13:47:07,33,37,3636,14278
2023-09-05 13:47:07,33,35,3636,14278
2023-09-05 13:47:11,34,35,3636,14278
2023-09-05 13:47:12,34,37,3636,14278
2023-09-05 13:47:12,34,36,3636,14278
2023-09-05 13:47:19,34,39,3636,14278
2023-09-05 13:47:19,34,37,3636,14278
2023-09-05 13:47:20,35,37,3636,14278
2023-09-05 13:47:21,36,37,3636,14278
2023-09-05 13:47:33,35,37,3636,14278
2023-09-05 13:47:33,35,40,3636,14278
2023-09-05 13:47:33,35,38,3636,14278
2023-09-05 13:47:34,36,38,3636,14278
2023-09-05 13:47:35,37,38,3636,14278
2023-09-05 13:48:00,37,41,3636,14278
2023-09-05 13:48:00,37,39,3636,14278
2023-09-05 13:48:20,37,40,3636,14278
2023-09-05 13:48:20,37,38,3636,14278
2023-09-05 13:48:23,37,41,3636,14278
2023-09-05 13:48:23,37,39,3636,14278
2023-09-05 13:49:17,37,40,3636,14278
2023-09-05 13:49:17,37,38,3636,14278
2023-09-05 13:49:18,36,38,3636,14278
2023-09-05 13:49:18,35,38,3636,14278
2023-09-05 13:49:19,36,38,3636,14278
2023-09-05 13:49:25,36,40,3636,14278
2023-09-05 13:49:25,36,37,3636,14278
2023-09-05 13:49:32,36,40,3636,14278
2023-09-05 13:49:32,36,38,3636,14278
2023-09-05 13:49:33,37,38,3636,14278
2023-09-05 13:49:52,36,38,3636,14278
2023-09-05 13:49:52,36,40,3636,14278
2023-09-05 13:49:52,36,39,3636,14278
2023-09-05 13:49:52,36,37,3636,14278
2023-09-05 13:50:02,36,40,3636,14278
2023-09-05 13:50:02,36,39,3636,14278
2023-09-05 13:50:02,36,38,3636,14278
2023-09-05 13:50:03,37,38,3636,14278
2023-09-05 13:50:06,36,38,3636,14278
2023-09-05 13:50:07,37,38,3636,14278
2023-09-05 13:50:08,36,38,3636,14278
2023-09-05 13:50:08,36,40,3636,14278
2023-09-05 13:50:08,36,39,3636,14278
2023-09-05 13:50:08,36,37,3636,14278
2023-09-05 13:50:09,35,37,3636,14278
2023-09-05 13:50:11,34,37,3636,14278
2023-09-05 13:50:11,35,37,3636,14278
2023-09-05 13:50:22,35,39,3636,14278
2023-09-05 13:50:22,35,38,3636,14278
2023-09-05 13:50:22,35,36,3636,14278
2023-09-05 13:50:26,33,36,3636,14278
2023-09-05 13:50:26,34,36,3636,14278
2023-09-05 13:50:33,33,36,3636,14278
2023-09-05 13:50:35,33,37,3636,14278
2023-09-05 13:50:35,33,35,3636,14278
2023-09-05 13:51:10,33,37,3636,14278
2023-09-05 13:51:10,33,36,3636,14278
2023-09-05 13:51:33,32,36,3636,14278
2023-09-05 13:51:34,33,36,3636,14278
2023-09-05 13:51:40,33,37,3636,14278
2023-09-05 13:51:40,33,35,3636,14278
2023-09-05 13:51:46,32,35,3636,14278
2023-09-05 13:51:46,33,35,3636,14278
2023-09-05 13:52:33,33,37,3636,14278
2023-09-05 13:52:33,33,36,3636,14278
2023-09-05 13:52:33,33,34,3636,14278
2023-09-05 13:52:38,31,34,3636,14278
2023-09-05 13:52:38,32,34,3636,14278
2023-09-05 13:52:43,32,33,3636,14278
2023-09-05 13:53:10,32,36,3636,14278
2023-09-05 13:53:10,32,34,3636,14278
2023-09-05 13:53:14,32,36,3636,14278
2023-09-05 13:53:14,32,33,3636,14278
2023-09-05 13:53:27,31,33,3636,14278
2023-09-05 13:53:31,32,33,3636,14278
2023-09-05 13:53:31,32,36,3636,14278
2023-09-05 13:53:31,32,34,3636,14278
2023-09-05 13:53:36,33,34,3636,14278
2023-09-05 13:53:39,32,34,3636,14278
2023-09-05 13:54:06,32,36,3636,14278
2023-09-05 13:54:06,32,33,3636,14278
2023-09-05 13:54:10,31,33,3636,14278
2023-09-05 13:54:31,31,35,3636,14278
2023-09-05 13:54:31,31,34,3636,14278
2023-09-05 13:54:31,31,32,3636,14278
2023-09-05 13:54:37,30,32,3636,14278
2023-09-05 13:54:37,30,31,3636,14278
2023-09-05 13:54:40,29,31,3636,14278
2023-09-05 13:54:40,30,31,3636,14278
2023-09-05 13:54:56,29,31,3636,14278
2023-09-05 13:55:01,29,30,3636,14278
2023-09-05 13:55:11,28,30,3636,14278
2023-09-05 13:55:16,28,32,3636,14278
2023-09-05 13:55:16,28,29,3636,14278
2023-09-05 13:55:27,28,32,3636,14278
2023-09-05 13:55:27,28,30,3636,14278
2023-09-05 13:55:37,29,30,3636,14278
2023-09-05 13:55:38,28,30,3636,14278
2023-09-05 13:55:39,29,30,3636,14278
2023-09-05 13:55:54,29,33,3636,14278
2023-09-05 13:55:54,29,31,3636,14278
2023-09-05 13:55:56,29,33,3636,14278
2023-09-05 13:55:56,29,30,3636,14278
2023-09-05 13:56:05,28,30,3636,14278
2023-09-05 13:56:06,29,30,3636,14278
2023-09-05 13:56:12,29,33,3636,14278
2023-09-05 13:56:12,29,31,3636,14278
2023-09-05 13:56:17,29,33,3636,14278
2023-09-05 13:56:17,29,30,3636,14278
2023-09-05 13:56:21,28,30,3636,14278
2023-09-05 13:56:25,28,33,3636,14278
2023-09-05 13:56:25,28,31,3636,14278
2023-09-05 13:56:26,29,31,3636,14278
2023-09-05 13:56:34,30,31,3636,14278
2023-09-05 13:56:36,30,33,3636,14278
2023-09-05 13:56:36,30,32,3636,14278
2023-09-05 13:57:17,31,32,3636,14278
2023-09-05 13:57:23,31,35,3636,14278
2023-09-05 13:57:23,31,36,3636,14278
2023-09-05 13:57:23,31,33,3636,14278
2023-09-05 13:57:26,30,33,3636,14278
2023-09-05 13:57:26,31,33,3636,14278
2023-09-05 13:57:33,31,36,3636,14278
2023-09-05 13:57:33,31,34,3636,14278
2023-09-05 13:57:39,32,34,3636,14278
2023-09-05 13:57:56,32,37,3636,14278
2023-09-05 13:57:56,32,35,3636,14278
2023-09-05 13:57:56,33,35,3636,14278
2023-09-05 13:58:10,33,34,3636,14278
2023-09-05 13:58:10,31,34,3636,14278
2023-09-05 13:58:10,33,34,3636,14278
2023-09-05 13:58:21,31,34,3636,14278
2023-09-05 13:58:21,32,34,3636,14278
2023-09-05 13:58:24,32,35,3636,14278
2023-09-05 13:58:24,32,33,3636,14278
2023-09-05 13:58:46,31,33,3636,14278
2023-09-05 13:59:03,31,32,3636,14278
2023-09-05 13:59:18,30,32,3636,14278
2023-09-05 13:59:19,30,33,3636,14278
2023-09-05 13:59:19,30,31,3636,14278
2023-09-05 13:59:33,28,31,3636,14278
2023-09-05 13:59:34,28,33,3636,14278
2023-09-05 13:59:34,28,30,3636,14278
2023-09-05 14:00:01,28,29,3636,14278
2023-09-05 14:00:08,27,29,3636,14278
2023-09-05 14:00:10,27,30,3636,14278
2023-09-05 14:00:10,27,28,3636,14278
2023-09-05 14:00:23,25,28,3636,14278
2023-09-05 14:00:23,26,28,3636,14278
2023-09-05 14:00:25,26,27,3636,14278
2023-09-05 14:00:26,25,27,3636,14278
2023-09-05 14:00:26,26,27,3636,14278
2023-09-05 14:00:55,26,28,3636,14278
2023-09-05 14:00:55,25,28,3636,14278
2023-09-05 14:00:55,26,28,3636,14278
2023-09-05 14:01:04,26,27,3636,14278
2023-09-05 14:01:04,25,27,3636,14278
2023-09-05 14:01:04,26,27,3636,14278
2023-09-05 14:01:15,26,28,3636,14278
2023-09-05 14:01:15,25,28,3636,14278
2023-09-05 14:01:15,26,28,3636,14278
2023-09-05 14:01:20,27,28,3636,14278
2023-09-05 14:01:23,26,28,3636,14278
2023-09-05 14:01:23,28,29,3494,14420
2023-09-05 14:01:34,28,32,3494,14420
2023-09-05 14:01:34,28,30,3494,14420
2023-09-05 14:01:49,28,29,3494,14420
2023-09-05 14:01:53,27,29,3494,14420
2023-09-05 14:02:02,26,29,3494,14420
2023-09-05 14:02:03,26,28,3494,14420
2023-09-05 14:02:06,25,28,3494,14420
2023-09-05 14:02:30,25,27,3494,14420
2023-09-05 14:02:31,24,27,3494,14420
2023-09-05 14:02:34,24,28,3494,14420
2023-09-05 14:02:34,24,26,3494,14420
2023-09-05 14:03:13,24,28,3494,14420
2023-09-05 14:03:13,24,27,3494,14420
2023-09-05 14:03:38,25,27,3494,14420
2023-09-05 14:03:41,24,27,3494,14420
2023-09-05 14:03:42,25,27,3494,14420
2023-09-05 14:03:43,26,27,3494,14420
2023-09-05 14:03:46,25,27,3494,14420
2023-09-05 14:03:49,24,27,3494,14420
2023-09-05 14:04:08,24,26,3494,14420
2023-09-05 14:05:00,25,26,3494,14420
2023-09-05 14:05:02,24,26,3494,14420
2023-09-05 14:05:08,25,26,3494,14420
2023-09-05 14:05:08,25,29,3494,14420
2023-09-05 14:05:08,25,27,3494,14420
2023-09-05 14:05:11,24,27,3494,14420
2023-09-05 14:05:12,25,27,3494,14420
2023-09-05 14:05:18,24,27,3494,14420
2023-09-05 14:05:19,25,27,3494,14420
2023-09-05 14:05:23,24,27,3494,14420
2023-09-05 14:05:25,24,29,3494,14420
2023-09-05 14:05:25,24,26,3494,14420
2023-09-05 14:05:43,25,26,3494,14420
2023-09-05 14:05:43,25,29,3494,14420
2023-09-05 14:05:43,25,27,3494,14420
2023-09-05 14:05:48,25,29,3494,14420
2023-09-05 14:05:48,25,28,3494,14420
2023-09-05 14:06:16,26,28,3494,14420
2023-09-05 14:06:36,25,29,3494,14420
2023-09-05 14:06:39,25,28,3494,14420
2023-09-05 14:07:02,25,29,3494,14435
2023-09-05 14:07:02,26,29,3494,14435
2023-09-05 14:07:03,27,29,3494,14435
2023-09-05 14:07:55,28,29,3494,14435
2023-09-05 14:07:57,28,29,3619,14560
2023-09-05 14:07:57,28,34,3636,14577
2023-09-05 14:08:01,29,34,3636,14577
2023-09-05 14:08:03,30,34,3636,14577
2023-09-05 14:08:04,31,34,3636,14577
2023-09-05 14:08:23,30,34,3636,14577
2023-09-05 14:08:27,29,34,3636,14577
2023-09-05 14:08:27,28,34,3636,14577
2023-09-05 14:08:27,28,33,3636,14577
2023-09-05 14:08:28,29,33,3636,14577
2023-09-05 14:08:30,28,33,3636,14577
2023-09-05 14:08:30,27,33,3636,14577
2023-09-05 14:08:31,28,33,3636,14577
2023-09-05 14:08:33,28,32,3636,14577
2023-09-05 14:08:34,28,33,3636,14577
2023-09-05 14:08:38,29,33,3636,14577
2023-09-05 14:08:39,29,34,3636,14577
2023-09-05 14:08:55,29,33,3636,14577
2023-09-05 14:09:00,28,33,3636,14577
2023-09-05 14:09:02,29,33,3636,14577
2023-09-05 14:09:09,29,32,3636,14577
2023-09-05 14:09:14,29,33,3636,14577
2023-09-05 14:09:16,29,32,3636,14577
2023-09-05 14:09:17,29,33,3636,14577
2023-09-05 14:09:21,28,33,3636,14577
2023-09-05 14:09:25,28,32,3636,14577
2023-09-05 14:09:46,28,31,3636,14577
2023-09-05 14:09:46,27,31,3636,14577
2023-09-05 14:09:49,27,30,3636,14577
2023-09-05 14:09:52,27,31,3636,14577
2023-09-05 14:09:54,28,31,3636,14577
2023-09-05 14:10:10,28,33,3636,14577
2023-09-05 14:10:15,28,32,3636,14577
2023-09-05 14:10:23,28,33,3636,14577
2023-09-05 14:10:39,29,33,3636,14577
2023-09-05 14:10:42,29,34,3636,14577
2023-09-05 14:10:42,30,34,3636,14577
2023-09-05 14:11:17,30,33,3636,14577
2023-09-05 14:11:17,29,33,3636,14577
2023-09-05 14:11:20,28,33,3636,14577
2023-09-05 14:11:29,28,32,3636,14577
2023-09-05 14:11:30,28,31,3636,14577
2023-09-05 14:11:30,27,31,3636,14577
2023-09-05 14:11:35,27,30,3636,14577
2023-09-05 14:11:35,26,30,3636,14577
2023-09-05 14:11:37,26,29,3636,14577
2023-09-05 14:11:54,26,30,3636,14577
2023-09-05 14:11:56,27,30,3636,14577
2023-09-05 14:11:59,26,30,3636,14577
2023-09-05 14:12:02,26,31,3636,14577
2023-09-05 14:12:03,27,31,3636,14577
2023-09-05 14:12:09,26,31,3636,14577
2023-09-05 14:12:11,27,31,3636,14577
2023-09-05 14:12:29,26,31,3636,14577
2023-09-05 14:12:36,27,31,3636,14577
2023-09-05 14:12:41,26,31,3636,14577
2023-09-05 14:12:43,27,31,3636,14577
2023-09-05 14:12:51,27,30,3636,14577
2023-09-05 14:12:51,26,30,3636,14577
2023-09-05 14:12:53,25,30,3636,14577
2023-09-05 14:13:01,25,29,3636,14577
2023-09-05 14:13:02,25,28,3636,14577
2023-09-05 14:13:36,25,30,3636,14577
2023-09-05 14:13:37,25,29,3636,14577
2023-09-05 14:13:50,25,30,3636,14577
2023-09-05 14:13:51,25,29,3636,14577
2023-09-05 14:13:51,26,29,3636,14577
2023-09-05 14:13:55,25,29,3636,14577
2023-09-05 14:13:57,25,28,3636,14577
2023-09-05 14:14:02,25,29,3636,14577
2023-09-05 14:14:03,25,28,3636,14577
2023-09-05 14:14:09,25,29,3636,14577
2023-09-05 14:14:10,26,29,3636,14577
2023-09-05 14:14:17,26,31,3636,14577
2023-09-05 14:14:18,26,30,3636,14577
2023-09-05 14:14:22,26,31,3636,14577
2023-09-05 14:14:30,26,30,3636,14577
2023-09-05 14:14:39,26,29,3636,14577
2023-09-05 14:14:41,26,28,3636,14577
2023-09-05 14:14:42,25,28,3636,14577
2023-09-05 14:14:44,26,28,3636,14577
2023-09-05 14:14:54,26,29,3636,14577
2023-09-05 14:14:59,25,29,3636,14577
2023-09-05 14:15:00,25,28,3636,14577
2023-09-05 14:15:04,24,28,3636,14577
2023-09-05 14:15:43,25,28,3636,14577
2023-09-05 14:15:45,25,29,3636,14577
2023-09-05 14:15:50,25,28,3636,14577
2023-09-05 14:15:52,25,29,3636,14577
2023-09-05 14:16:07,25,28,3636,14577
2023-09-05 14:16:13,25,29,3636,14577
2023-09-05 14:16:17,25,30,3636,14577
2023-09-05 14:16:17,25,29,3636,14577
2023-09-05 14:16:18,25,30,3636,14577
2023-09-05 14:16:20,26,30,3636,14577
2023-09-05 14:16:24,26,29,3636,14577
2023-09-05 14:16:24,25,29,3636,14577
2023-09-05 14:16:32,24,29,3636,14577
2023-09-05 14:16:36,24,28,3636,14577
2023-09-05 14:16:36,23,28,3636,14577
2023-09-05 14:16:42,23,27,3636,14577
2023-09-05 14:17:10,22,27,3636,14577
2023-09-05 14:17:11,22,26,3636,14577
2023-09-05 14:17:13,22,27,3636,14577
2023-09-05 14:17:14,22,26,3636,14577
2023-09-05 14:17:19,22,25,3636,14577
2023-09-05 14:17:25,21,25,3636,14577
2023-09-05 14:17:26,21,24,3636,14577
2023-09-05 14:17:54,21,23,3636,14577
2023-09-05 14:17:56,21,22,3636,14577
2023-09-05 14:18:05,19,22,3621,14592
2023-09-05 14:18:08,19,21,3621,14592
2023-09-05 14:18:09,19,20,3621,14592
2023-09-05 14:18:09,18,20,3621,14692
2023-09-05 14:18:10,18,19,3621,14692
2023-09-05 14:18:18,17,19,3738,14842
2023-09-05 14:18:27,17,20,3738,14842
2023-09-05 14:18:28,17,19,3738,14842
2023-09-05 14:18:29,17,20,3738,14842
2023-09-05 14:18:46,17,19,3738,14842
2023-09-05 14:18:47,17,20,3738,14842
2023-09-05 14:18:50,17,19,3738,14842
2023-09-05 14:19:34,16,19,3838,14967
2023-09-05 14:19:48,16,18,3838,14967
2023-09-05 14:20:02,15,18,3988,15117
2023-09-05 14:20:15,15,17,3988,15117
2023-09-05 14:20:17,15,18,3988,15117
2023-09-05 14:20:26,15,17,3988,15117
2023-09-05 14:20:38,15,18,3988,15117
2023-09-05 14:21:09,16,18,3988,15117
2023-09-05 14:21:47,15,18,3988,15117
2023-09-05 14:21:52,16,18,3988,15117
2023-09-05 14:21:59,15,18,3988,15117
2023-09-05 14:23:04,15,17,3988,15117
2023-09-05 14:23:05,15,18,3988,15117
2023-09-05 14:23:28,16,18,3988,15117
2023-09-05 14:23:31,15,18,3988,15117
2023-09-05 14:24:25,15,17,3988,15117
2023-09-05 14:25:56,15,18,3988,15117
2023-09-05 14:27:23,15,17,3988,15117
2023-09-05 14:27:31,15,17,4188,15317
2023-09-05 14:27:32,15,16,4188,15317
2023-09-05 14:27:32,14,16,4238,15367
2023-09-05 14:27:34,13,16,4238,15367
2023-09-05 14:27:42,13,17,4238,15367
2023-09-05 14:27:44,13,16,4238,15367
2023-09-05 14:27:45,13,15,4238,15367
2023-09-05 14:28:39,12,15,4238,15392
2023-09-05 14:28:55,12,14,4238,15392
2023-09-05 14:28:58,12,14,4438,15592
2023-09-05 14:28:59,11,14,4488,15642
2023-09-05 14:28:59,9,14,4488,15642
2023-09-05 14:29:03,10,13,4488,15642
2023-09-05 14:29:03,9,13,4488,15642
2023-09-05 14:29:04,9,12,4488,15642
2023-09-05 14:29:25,9,11,4488,15642
2023-09-05 14:29:36,9,11,4489,15643
2023-09-05 14:32:06,10,11,4489,15643
2023-09-05 14:32:37,11,15,4490,15644
2023-09-05 14:32:37,11,16,4490,15644
2023-09-05 14:32:37,11,15,4490,15644
2023-09-05 14:32:37,11,16,4490,15644
2023-09-05 14:32:38,11,15,4490,15644
2023-09-05 14:32:39,12,15,4490,15644
2023-09-05 14:32:49,12,14,4490,15644
2023-09-05 14:32:52,12,15,4490,15644
2023-09-05 14:33:04,12,14,4490,15644
2023-09-05 14:33:05,12,15,4490,15644
2023-09-05 14:33:06,12,14,4490,15644
2023-09-05 14:33:06,11,14,4490,15644
2023-09-05 14:33:15,11,15,4490,15644
2023-09-05 14:33:19,11,14,4490,15644
2023-09-05 14:33:27,11,15,4490,15644
2023-09-05 14:33:31,12,15,4490,15644
2023-09-05 14:33:57,12,14,4490,15644
2023-09-05 14:33:57,11,14,4490,15644
2023-09-05 14:34:50,11,15,4490,15644
2023-09-05 14:35:01,12,15,4490,15644
2023-09-05 14:35:13,12,17,4490,15644
2023-09-05 14:35:14,12,16,4490,15644
2023-09-05 14:35:14,13,16,4490,15644
2023-09-05 14:35:17,13,18,4490,15644
2023-09-05 14:35:18,13,17,4490,15644
2023-09-05 14:35:21,13,16,4490,15644
2023-09-05 14:35:36,13,17,4490,15644
2023-09-05 14:35:37,14,17,4490,15644
2023-09-05 14:35:45,14,18,4490,15644
2023-09-05 14:35:50,15,18,4490,15644
2023-09-05 14:35:51,14,18,4490,15644
2023-09-05 14:35:57,14,17,4490,15644
2023-09-05 14:36:17,13,17,4490,15644
2023-09-05 14:36:30,14,17,4490,15644
2023-09-05 14:36:45,13,17,4490,15644
2023-09-05 14:36:48,14,17,4490,15644
2023-09-05 14:37:02,13,17,4490,15644
2023-09-05 14:37:22,14,17,4490,15644
2023-09-05 14:37:54,14,18,4490,15644
2023-09-05 14:38:09,14,17,4490,15644
2023-09-05 14:38:14,14,18,4490,15644
2023-09-05 14:38:19,15,18,4490,15644
2023-09-05 14:38:22,14,18,4490,15644
2023-09-05 14:38:23,14,17,4490,15644
2023-09-05 14:38:30,13,17,4490,15644
2023-09-05 14:38:43,13,18,4490,15644
2023-09-05 14:38:43,13,17,4490,15644
2023-09-05 14:38:54,14,17,4490,15644
2023-09-05 14:38:54,14,18,4490,15644
2023-09-05 14:38:55,14,19,4490,15644
2023-09-05 14:38:56,15,19,4490,15644
2023-09-05 14:38:58,16,19,4490,15644
2023-09-05 14:38:59,15,19,4490,15644
2023-09-05 14:39:06,16,19,4490,15644
2023-09-05 14:39:13,16,21,4490,15644
2023-09-05 14:39:13,16,20,4490,15644
2023-09-05 14:39:14,17,20,4490,15644
2023-09-05 14:39:18,16,20,4490,15644
2023-09-05 14:39:18,17,20,4490,15644
2023-09-05 14:39:25,17,19,4490,15644
2023-09-05 14:39:25,15,19,4490,15644
2023-09-05 14:39:39,15,19,4490,15644
2023-09-05 14:39:44,16,19,4490,15644
2023-09-05 14:39:50,15,19,4490,15644
2023-09-05 14:39:51,15,18,4490,15644
2023-09-05 14:39:55,14,18,4490,15644
2023-09-05 14:40:01,15,18,4490,15644
2023-09-05 14:40:05,15,19,4490,15644
2023-09-05 14:41:00,16,19,4490,15644
2023-09-05 14:41:01,15,19,4490,15644
2023-09-05 14:41:34,14,19,4490,15644
2023-09-05 14:41:37,15,19,4490,15644
2023-09-05 14:41:43,15,18,4490,15644
2023-09-05 14:41:46,15,19,4490,15644
2023-09-05 14:41:47,15,18,4490,15644
2023-09-05 14:41:51,14,18,4490,15644
2023-09-05 14:44:05,15,18,4490,15644
2023-09-05 14:44:12,15,19,4490,15644
2023-09-05 14:44:32,15,18,4490,15644
2023-09-05 14:44:35,15,19,4490,15644
2023-09-05 14:44:42,15,18,4490,15644
2023-09-05 14:44:46,14,18,4490,15644
2023-09-05 14:44:58,15,18,4490,15644
2023-09-05 14:45:00,15,19,4490,15644
2023-09-05 14:45:00,15,18,4490,15644
2023-09-05 14:45:05,12,18,4490,15644
2023-09-05 14:45:05,14,18,4490,15644
2023-09-05 14:45:16,12,18,4490,15644
2023-09-05 14:45:16,15,18,4490,15644
2023-09-05 14:45:16,15,19,4490,15644
2023-09-05 14:45:39,15,18,4490,15644
2023-09-05 14:45:42,15,19,4490,15644
2023-09-05 14:45:53,15,18,4490,15644
2023-09-05 14:46:00,13,18,4490,15644
2023-09-05 14:46:00,14,18,4490,15644
2023-09-05 14:46:00,14,17,4490,15644
2023-09-05 14:46:29,14,18,4490,15644
2023-09-05 14:46:39,14,17,4490,15644
2023-09-05 14:46:53,11,17,4490,15644
2023-09-05 14:46:53,13,17,4490,15644
2023-09-05 14:47:16,13,16,4490,15644
2023-09-05 14:47:17,13,15,4490,15644
2023-09-05 14:47:22,13,14,4490,15644
2023-09-05 14:47:22,12,14,4490,15644
2023-09-05 14:47:32,12,16,4490,15644
2023-09-05 14:47:32,12,15,4490,15644
2023-09-05 14:47:32,10,15,4490,15644
2023-09-05 14:47:32,11,15,4490,15644
2023-09-05 14:47:33,11,14,4490,15644
2023-09-05 14:47:34,11,13,4490,15644
2023-09-05 14:47:39,9,13,4490,15644
2023-09-05 14:47:39,10,13,4490,15644
2023-09-05 14:47:41,10,12,4490,15644
2023-09-05 14:47:52,10,13,4490,15644
2023-09-05 14:47:56,10,12,4490,15644
2023-09-05 14:47:58,10,13,4490,15644
2023-09-05 14:48:49,10,12,4490,15644
2023-09-05 14:48:53,11,12,4490,15644
2023-09-05 14:49:03,10,12,4490,15644
2023-09-05 14:49:18,10,13,4490,15644
2023-09-05 14:49:18,10,12,4490,15644
2023-09-05 14:49:31,10,11,4490,15644
2023-09-05 14:49:37,10,12,4490,15644
2023-09-05 14:49:37,10,11,4490,15644
2023-09-05 14:49:58,10,12,4490,15644
2023-09-05 14:49:58,10,13,4490,15644
2023-09-05 14:49:58,10,12,4490,15644
2023-09-05 14:50:18,11,12,4490,15644
2023-09-05 14:51:13,10,12,4556,15710
2023-09-05 14:51:13,10,12,4622,15776
2023-09-05 14:51:14,10,12,4732,15886
2023-09-05 14:51:21,10,11,4732,15886
2023-09-05 14:51:21,9,10,4778,15932
2023-09-05 14:51:38,9,10,4978,16132
2023-09-05 14:51:38,8,9,4928,16231
2023-09-05 14:51:39,8,10,4928,16231
2023-09-05 14:52:16,8,9,4928,16231
2023-09-05 14:53:02,8,9,4939,16242
2023-09-05 14:53:11,7,9,5028,16331
2023-09-05 14:53:41,7,9,5029,16332
2023-09-05 14:53:52,8,9,5029,16332
2023-09-05 14:57:35,8,9,5030,16333
2023-09-05 14:58:03,7,8,5030,16344
2023-09-05 14:58:04,7,9,5030,16344
2023-09-05 14:58:05,7,8,5030,16344
2023-09-05 14:58:13,7,9,5030,16344
2023-09-05 14:58:13,7,8,5030,16344
2023-09-05 14:58:31,7,8,5141,16455
2023-09-05 14:58:39,6,7,5141,16493
2023-09-05 14:58:40,6,8,5141,16493
2023-09-05 14:58:46,6,7,5141,16493
2023-09-05 14:59:27,6,7,5324,16693
2023-09-05 14:59:28,6,7,5374,16818
2023-09-05 14:59:56,4,7,5374,16843
2023-09-05 15:00:32,5,7,5374,16843
2023-09-05 15:00:36,4,7,5374,16843
2023-09-05 15:00:43,5,7,5374,16843
2023-09-05 15:00:47,5,6,5374,16843
2023-09-05 15:01:06,7,9,5374,16845
2023-09-05 15:01:27,8,9,5374,16845
2023-09-05 15:01:30,7,9,5374,16845
2023-09-05 15:01:46,8,9,5374,16845
2023-09-05 15:02:38,9,12,5374,16846
2023-09-05 15:02:42,8,12,5374,16846
2023-09-05 15:02:46,8,11,5374,16846
2023-09-05 15:03:23,8,12,5374,16846
2023-09-05 15:03:59,8,11,5374,16846
2023-09-05 15:04:14,7,11,5374,16846
2023-09-05 15:04:14,7,10,5374,16846
2023-09-05 15:04:21,7,9,5374,16846
2023-09-05 15:04:23,7,10,5374,16846
2023-09-05 15:04:57,7,9,5374,16846
2023-09-05 15:05:53,8,9,5374,16846
2023-09-05 15:05:58,8,9,5262,16958
2023-09-05 15:05:59,7,9,5262,16958
2023-09-05 15:06:03,8,9,5262,16958
2023-09-05 15:06:25,8,9,5263,16959
2023-09-05 15:07:45,9,12,5263,16960
2023-09-05 15:07:48,9,13,5263,16960
2023-09-05 15:07:48,9,11,5263,16960
2023-09-05 15:07:50,8,11,5263,16960
2023-09-05 15:08:19,8,13,5263,16960
2023-09-05 15:08:19,8,12,5263,16960
2023-09-05 15:08:19,9,12,5263,16960
2023-09-05 15:08:22,9,13,5263,16960
2023-09-05 15:08:22,9,11,5263,16960
2023-09-05 15:08:30,8,11,5263,16960
2023-09-05 15:08:48,8,13,5263,16960
2023-09-05 15:08:48,8,12,5263,16960
2023-09-05 15:08:48,8,10,5263,16960
2023-09-05 15:08:59,7,10,5263,16960
2023-09-05 15:08:59,8,10,5263,16960
2023-09-05 15:09:06,8,11,5263,16960
2023-09-05 15:09:06,8,9,5263,16960
2023-09-05 15:09:14,8,11,5263,16960
2023-09-05 15:09:14,8,12,5263,16960
2023-09-05 15:09:14,8,10,5263,16960
2023-09-05 15:09:16,8,12,5263,16960
2023-09-05 15:09:16,8,13,5263,16960
2023-09-05 15:09:16,8,11,5263,16960
2023-09-05 15:09:39,8,10,5263,16960
2023-09-05 15:09:55,8,11,5263,16960
2023-09-05 15:10:06,9,11,5263,16960
2023-09-05 15:10:12,10,11,5263,16960
2023-09-05 15:10:23,9,11,5263,16960
2023-09-05 15:10:36,10,11,5263,16960
2023-09-05 15:11:00,11,14,5263,16961
2023-09-05 15:11:02,12,14,5263,16961
2023-09-05 15:11:05,12,17,5263,16961
2023-09-05 15:11:05,12,15,5263,16961
2023-09-05 15:11:08,12,17,5263,16961
2023-09-05 15:11:08,12,14,5263,16961
2023-09-05 15:11:22,12,15,5263,16961
2023-09-05 15:11:22,12,16,5263,16961
2023-09-05 15:11:28,12,14,5263,16961
2023-09-05 15:11:39,11,14,5263,16961
2023-09-05 15:11:39,13,14,5263,16961
2023-09-05 15:11:56,14,16,5263,16962
2023-09-05 15:12:02,14,18,5263,16962
2023-09-05 15:12:02,14,19,5263,16962
2023-09-05 15:12:02,14,17,5263,16962
2023-09-05 15:12:02,15,17,5263,16962
2023-09-05 15:12:03,15,19,5263,16962
2023-09-05 15:12:03,15,21,5263,16962
2023-09-05 15:12:03,15,20,5263,16962
2023-09-05 15:12:03,15,18,5263,16962
2023-09-05 15:12:03,16,18,5263,16962
2023-09-05 15:12:04,16,20,5263,16962
2023-09-05 15:12:04,15,20,5263,16962
2023-09-05 15:12:04,15,22,5263,16962
2023-09-05 15:12:04,15,19,5263,16962
2023-09-05 15:12:04,17,19,5263,16962
2023-09-05 15:12:05,18,19,5263,16962
2023-09-05 15:12:05,18,21,5263,16962
2023-09-05 15:12:05,18,20,5263,16962
2023-09-05 15:12:07,18,22,5263,16962
2023-09-05 15:12:07,18,21,5263,16962
2023-09-05 15:12:08,19,21,5263,16962
2023-09-05 15:12:15,19,23,5263,16962
2023-09-05 15:12:15,19,22,5263,16962
2023-09-05 15:12:16,20,22,5263,16962
2023-09-05 15:12:17,21,22,5263,16962
2023-09-05 15:12:17,21,25,5263,16962
2023-09-05 15:12:17,21,24,5263,16962
2023-09-05 15:12:17,21,25,5263,16962
2023-09-05 15:12:24,21,24,5263,16962
2023-09-05 15:12:25,21,23,5263,16962
2023-09-05 15:12:29,20,23,5263,16962
2023-09-05 15:12:29,20,25,5263,16962
2023-09-05 15:12:29,20,24,5263,16962
2023-09-05 15:12:29,19,24,5263,16962
2023-09-05 15:12:29,19,22,5263,16962
2023-09-05 15:12:29,20,22,5263,16962
2023-09-05 15:12:45,20,23,5263,16962
2023-09-05 15:12:46,21,23,5263,16962
2023-09-05 15:12:48,22,23,5263,16962
2023-09-05 15:13:02,22,24,5263,16962
2023-09-05 15:13:29,22,27,5263,16962
2023-09-05 15:13:29,22,25,5263,16962
2023-09-05 15:13:34,22,26,5263,16963
2023-09-05 15:13:40,22,28,5263,16963
2023-09-05 15:13:40,23,28,5263,16963
2023-09-05 15:13:41,23,27,5263,16963
2023-09-05 15:13:45,23,26,5263,16963
2023-09-05 15:13:55,23,26,5272,16972
2023-09-05 15:13:57,23,27,5272,16972
2023-09-05 15:13:58,24,27,5272,16972
2023-09-05 15:13:59,23,27,5272,16972
2023-09-05 15:14:02,23,28,5272,16972
2023-09-05 15:14:02,24,28,5272,16972
2023-09-05 15:14:05,24,27,5272,16972
2023-09-05 15:14:06,23,27,5272,16972
2023-09-05 15:14:13,22,27,5272,16972
2023-09-05 15:14:13,21,27,5272,16972
2023-09-05 15:14:13,22,27,5272,16972
2023-09-05 15:14:17,22,26,5272,16972
2023-09-05 15:14:18,22,27,5272,16972
2023-09-05 15:14:23,23,27,5272,16972
2023-09-05 15:14:24,22,27,5272,16972
2023-09-05 15:14:26,23,27,5272,16972
2023-09-05 15:14:32,22,27,5272,16972
2023-09-05 15:14:33,23,27,5272,16972
2023-09-05 15:14:34,22,27,5272,16972
2023-09-05 15:14:43,23,27,5272,16972
2023-09-05 15:14:47,22,27,5272,16972
2023-09-05 15:14:51,22,26,5272,16972
2023-09-05 15:14:51,21,26,5272,16972
2023-09-05 15:15:02,22,26,5272,16972
2023-09-05 15:15:02,22,27,5272,16972
2023-09-05 15:15:10,22,26,5272,16972
2023-09-05 15:15:10,21,26,5272,16972
2023-09-05 15:15:17,21,27,5272,16972
2023-09-05 15:15:17,21,25,5272,16972
2023-09-05 15:15:18,21,26,5272,16972
2023-09-05 15:15:22,21,27,5272,16972
2023-09-05 15:15:24,22,27,5272,16972
2023-09-05 15:15:32,22,25,5272,16972
2023-09-05 15:15:32,21,25,5272,16972
2023-09-05 15:15:33,21,24,5272,16972
2023-09-05 15:15:36,20,24,5272,16972
2023-09-05 15:15:40,20,23,5272,16972
2023-09-05 15:15:44,19,23,5272,16972
2023-09-05 15:16:02,20,23,5272,16972
2023-09-05 15:16:20,20,24,5272,16972
2023-09-05 15:16:20,21,25,5272,16972
2023-09-05 15:16:20,21,27,5272,16972
2023-09-05 15:16:20,21,26,5272,16972
2023-09-05 15:16:20,21,27,5272,16972
2023-09-05 15:16:21,22,27,5272,16972
2023-09-05 15:16:21,22,26,5272,16972
2023-09-05 15:16:22,22,25,5272,16972
2023-09-05 15:16:30,21,25,5272,16972
2023-09-05 15:16:39,20,25,5272,16972
2023-09-05 15:16:48,20,24,5272,16972
2023-09-05 15:16:48,19,24,5272,16972
2023-09-05 15:16:50,19,23,5272,16972
2023-09-05 15:16:59,18,23,5272,16972
2023-09-05 15:17:01,17,23,5272,16972
2023-09-05 15:17:04,17,22,5272,16972
2023-09-05 15:17:05,17,21,5272,16972
2023-09-05 15:17:10,18,21,5272,16972
2023-09-05 15:17:16,19,21,5272,16972
2023-09-05 15:17:18,19,23,5272,16972
2023-09-05 15:17:19,19,22,5272,16972
2023-09-05 15:17:21,19,23,5272,16972
2023-09-05 15:17:41,19,25,5272,16972
2023-09-05 15:17:42,21,25,5272,16972
2023-09-05 15:17:44,21,27,5272,16972
2023-09-05 15:17:44,22,27,5272,16972
2023-09-05 15:17:47,23,27,5272,16972
2023-09-05 15:17:48,22,27,5272,16972
2023-09-05 15:17:48,22,26,5272,16972
2023-09-05 15:18:22,21,26,5272,16972
2023-09-05 15:18:22,22,26,5272,16972
2023-09-05 15:18:33,21,26,5272,16972
2023-09-05 15:19:02,22,26,5272,16972
2023-09-05 15:19:08,22,25,5272,16972
2023-09-05 15:19:16,22,27,5272,16972
2023-09-05 15:19:16,22,26,5272,16972
2023-09-05 15:19:22,22,25,5272,16972
2023-09-05 15:19:31,21,25,5272,16972
2023-09-05 15:20:03,20,25,5272,16972
2023-09-05 15:20:03,20,24,5272,16972
2023-09-05 15:20:04,20,23,5272,16972
2023-09-05 15:20:04,20,22,5272,16972
2023-09-05 15:20:05,18,22,5272,16972
2023-09-05 15:20:07,18,21,5272,16972
2023-09-05 15:20:08,18,23,5272,16972
2023-09-05 15:20:08,18,22,5272,16972
2023-09-05 15:20:08,18,23,5272,16972
2023-09-05 15:20:10,19,23,5272,16972
2023-09-05 15:20:10,19,22,5272,16972
2023-09-05 15:20:13,18,22,5272,16972
2023-09-05 15:20:27,17,22,5272,16972
2023-09-05 15:20:29,17,21,5272,16972
2023-09-05 15:20:30,17,22,5272,16972
2023-09-05 15:20:30,17,20,5272,16972
2023-09-05 15:20:30,16,20,5272,16972
2023-09-05 15:20:32,16,19,5272,16972
2023-09-05 15:20:50,16,18,5272,16972
2023-09-05 15:20:59,15,18,5272,16972
2023-09-05 15:21:02,16,18,5272,16972
2023-09-05 15:22:01,15,18,5272,16972
2023-09-05 15:22:01,14,18,5272,16972
2023-09-05 15:22:10,13,18,5272,16972
2023-09-05 15:22:10,13,17,5272,16972
2023-09-05 15:22:10,12,17,5272,16972
2023-09-05 15:22:57,13,17,5272,16972
2023-09-05 15:23:21,14,17,5272,16972
2023-09-05 15:23:21,14,18,5272,16972
2023-09-05 15:24:03,15,18,5272,16972
2023-09-05 15:24:17,14,18,5272,16972
2023-09-05 15:24:40,15,18,5272,16972
2023-09-05 15:24:43,15,19,5272,16972
2023-09-05 15:24:45,15,21,5272,16972
2023-09-05 15:24:45,15,20,5272,16972
2023-09-05 15:24:45,16,20,5272,16972
2023-09-05 15:24:51,16,19,5272,16972
2023-09-05 15:24:51,16,18,5272,16972
2023-09-05 15:24:56,14,18,5272,16972
2023-09-05 15:24:56,15,18,5272,16972
2023-09-05 15:25:10,14,18,5272,16972
2023-09-05 15:25:23,14,18,5304,17073
2023-09-05 15:25:23,14,19,5304,17073
2023-09-05 15:25:43,15,19,5304,17073
2023-09-05 15:25:47,16,19,5304,17073
2023-09-05 15:25:47,16,19,5379,17349
2023-09-05 15:26:05,15,19,5379,17349
2023-09-05 15:26:05,16,19,5379,17349
2023-09-05 15:26:07,16,18,5379,17349
2023-09-05 15:26:11,16,19,5379,17349
2023-09-05 15:26:11,15,19,5379,17349
2023-09-05 15:26:11,16,19,5379,17349
2023-09-05 15:26:14,16,22,5379,17349
2023-09-05 15:26:14,17,22,5379,17349
2023-09-05 15:26:14,17,23,5379,17349
2023-09-05 15:26:14,17,21,5379,17349
2023-09-05 15:26:14,17,20,5379,17349
2023-09-05 15:26:14,18,20,5379,17349
2023-09-05 15:26:21,16,20,5379,17349
2023-09-05 15:26:21,17,20,5379,17349
2023-09-05 15:26:22,17,19,5379,17349
2023-09-05 15:26:30,17,20,5379,17349
2023-09-05 15:26:39,18,20,5379,17349
2023-09-05 15:26:40,18,21,5379,17349
2023-09-05 15:26:43,17,21,5379,17349
2023-09-05 15:26:43,19,21,5379,17349
2023-09-05 15:26:49,18,21,5379,17349
2023-09-05 15:26:49,19,21,5379,17349
2023-09-05 15:26:50,20,21,5379,17349
2023-09-05 15:26:54,21,25,5380,17350
2023-09-05 15:26:54,21,27,5380,17350
2023-09-05 15:26:54,21,30,5380,17350
2023-09-05 15:26:54,21,26,5380,17350
2023-09-05 15:26:54,21,27,5380,17350
2023-09-05 15:26:54,23,27,5380,17350
2023-09-05 15:26:55,23,29,5380,17350
2023-09-05 15:26:55,23,28,5380,17350
2023-09-05 15:26:56,24,28,5380,17350
2023-09-05 15:26:57,25,28,5380,17350
2023-09-05 15:27:14,24,28,5380,17350
2023-09-05 15:27:14,24,27,5380,17350
2023-09-05 15:27:15,24,26,5380,17350
2023-09-05 15:27:15,22,26,5380,17350
2023-09-05 15:27:15,23,26,5380,17350
2023-09-05 15:27:23,24,26,5380,17350
2023-09-05 15:27:24,23,26,5380,17350
2023-09-05 15:27:28,23,25,5380,17350
2023-09-05 15:27:28,21,25,5380,17350
2023-09-05 15:27:28,22,25,5380,17350
2023-09-05 15:27:42,22,26,5380,17350
2023-09-05 15:27:42,22,27,5380,17350
2023-09-05 15:27:42,22,26,5380,17350
2023-09-05 15:27:42,20,24,5380,17350
2023-09-05 15:27:42,21,24,5380,17350
2023-09-05 15:27:55,21,26,5380,17350
2023-09-05 15:27:55,21,25,5380,17350
2023-09-05 15:27:55,21,22,5380,17350
2023-09-05 15:27:55,18,22,5380,17350
2023-09-05 15:27:56,19,22,5380,17350
2023-09-05 15:28:01,19,21,5380,17350
2023-09-05 15:28:03,19,24,5380,17350
2023-09-05 15:28:03,19,22,5380,17350
2023-09-05 15:28:09,19,21,5380,17350
2023-09-05 15:28:09,17,21,5380,17350
2023-09-05 15:28:09,18,21,5380,17350
2023-09-05 15:28:16,19,21,5380,17350
2023-09-05 15:28:23,19,24,5380,17350
2023-09-05 15:28:23,19,23,5380,17350
2023-09-05 15:28:23,19,22,5380,17350
2023-09-05 15:28:33,20,22,5380,17350
2023-09-05 15:28:35,20,21,5380,17350
2023-09-05 15:28:35,19,21,5380,17350
2023-09-05 15:28:50,19,20,5380,17350
2023-09-05 15:28:50,18,20,5380,17350
2023-09-05 15:29:01,18,22,5380,17350
2023-09-05 15:29:01,18,21,5380,17350
2023-09-05 15:29:02,19,21,5380,17350
2023-09-05 15:29:08,18,21,5380,17350
2023-09-05 15:29:10,19,21,5380,17350
2023-09-05 15:29:13,18,21,5380,17350
2023-09-05 15:29:13,18,23,5380,17350
2023-09-05 15:29:13,18,20,5380,17350
2023-09-05 15:29:20,18,23,5380,17350
2023-09-05 15:29:20,18,21,5380,17350
2023-09-05 15:29:27,19,21,5380,17350
2023-09-05 15:29:29,19,24,5380,17350
2023-09-05 15:29:29,19,22,5380,17350
2023-09-05 15:29:38,18,22,5380,17350
2023-09-05 15:29:38,18,25,5380,17350
2023-09-05 15:29:38,18,22,5380,17350
2023-09-05 15:29:39,18,20,5380,17350
2023-09-05 15:29:39,18,19,5380,17350
2023-09-05 15:29:39,15,19,5380,17350
2023-09-05 15:29:40,16,19,5380,17350
2023-09-05 15:29:41,16,18,5380,17350
2023-09-05 15:29:55,15,18,5380,17350
2023-09-05 15:30:02,16,18,5380,17350
2023-09-05 15:30:03,15,18,5380,17350
2023-09-05 15:30:06,16,18,5380,17350
2023-09-05 15:30:08,15,18,5380,17350
2023-09-05 15:30:11,13,18,5380,17350
2023-09-05 15:30:11,13,17,5380,17350
2023-09-05 15:30:11,14,17,5380,17350
2023-09-05 15:30:20,14,18,5380,17350
2023-09-05 15:30:20,14,16,5380,17350
2023-09-05 15:30:20,13,16,5380,17350
2023-09-05 15:30:27,14,16,5380,17350
2023-09-05 15:30:28,14,18,5380,17350
2023-09-05 15:30:28,14,17,5380,17350
2023-09-05 15:30:33,13,17,5380,17350
2023-09-05 15:30:33,13,18,5380,17350
2023-09-05 15:30:33,13,16,5380,17350
2023-09-05 15:30:38,13,18,5380,17350
2023-09-05 15:30:38,13,15,5380,17350
2023-09-05 15:30:42,11,15,5380,17350
2023-09-05 15:30:42,12,15,5380,17350
2023-09-05 15:30:44,13,15,5380,17350
2023-09-05 15:30:54,12,15,5380,17350
2023-09-05 15:30:56,12,17,5380,17350
2023-09-05 15:30:56,12,14,5380,17350
2023-09-05 15:31:05,11,14,5380,17350
2023-09-05 15:31:11,11,13,5380,17350
2023-09-05 15:31:11,9,13,5380,17350
2023-09-05 15:31:11,10,13,5380,17350
2023-09-05 15:31:13,10,12,5380,17350
2023-09-05 15:31:14,9,12,5380,17350
2023-09-05 15:31:28,10,12,5380,17350
2023-09-05 15:31:37,10,15,5380,17350
2023-09-05 15:31:37,10,13,5380,17350
2023-09-05 15:31:58,10,16,5380,17350
2023-09-05 15:31:58,10,17,5380,17350
2023-09-05 15:31:58,10,14,5380,17350
2023-09-05 15:31:58,11,14,5380,17350
2023-09-05 15:32:07,11,13,5380,17350
2023-09-05 15:32:07,10,13,5380,17350
2023-09-05 15:32:30,10,16,5380,17350
2023-09-05 15:32:30,10,14,5380,17350
2023-09-05 15:32:35,11,14,5380,17350
2023-09-05 15:32:43,10,14,5380,17350
2023-09-05 15:32:43,10,13,5380,17350
2023-09-05 15:32:52,9,13,5380,17350
2023-09-05 15:32:52,9,12,5380,17350
2023-09-05 15:33:00,9,13,5380,17350
2023-09-05 15:33:01,9,12,5380,17350
2023-09-05 15:33:18,10,12,5380,17350
2023-09-05 15:33:19,10,14,5380,17350
2023-09-05 15:33:19,10,13,5380,17350
2023-09-05 15:33:24,9,13,5380,17350
2023-09-05 15:33:28,10,13,5380,17350
2023-09-05 15:33:40,11,13,5380,17350
2023-09-05 15:33:42,11,16,5380,17350
2023-09-05 15:33:42,11,14,5380,17350
2023-09-05 15:33:47,10,14,5380,17350
2023-09-05 15:33:47,11,14,5380,17350
2023-09-05 15:34:14,11,17,5380,17350
2023-09-05 15:34:14,11,15,5380,17350
2023-09-05 15:34:15,11,14,5380,17350
2023-09-05 15:34:23,10,14,5380,17350
2023-09-05 15:34:33,11,14,5380,17350
2023-09-05 15:34:38,11,17,5380,17350
2023-09-05 15:34:38,11,18,5380,17350
2023-09-05 15:34:38,11,17,5380,17350
2023-09-05 15:34:38,11,15,5380,17350
2023-09-05 15:34:38,12,15,5380,17350
2023-09-05 15:34:44,12,14,5380,17350
2023-09-05 15:34:46,10,14,5380,17350
2023-09-05 15:34:46,11,14,5380,17350
2023-09-05 15:34:53,11,13,5380,17350
2023-09-05 15:34:53,10,13,5380,17350
2023-09-05 15:35:07,10,14,5380,17350
2023-09-05 15:35:14,10,13,5380,17350
2023-09-05 15:35:17,10,14,5380,17350
2023-09-05 15:35:17,11,14,5380,17350
2023-09-05 15:35:24,11,13,5380,17350
2023-09-05 15:35:30,10,13,5380,17350
2023-09-05 15:35:48,11,13,5380,17350
2023-09-05 15:35:53,11,14,5380,17350
2023-09-05 15:35:57,11,13,5380,17350
2023-09-05 15:36:00,9,13,5380,17350
2023-09-05 15:36:00,10,13,5380,17350
2023-09-05 15:36:02,10,14,5380,17350
2023-09-05 15:36:02,10,12,5380,17350
2023-09-05 15:36:03,9,12,5380,17350
2023-09-05 15:36:08,9,14,5380,17350
2023-09-05 15:36:08,9,13,5380,17350
2023-09-05 15:36:08,9,11,5380,17350
2023-09-05 15:36:08,7,11,5380,17350
2023-09-05 15:36:08,8,11,5380,17350
2023-09-05 15:36:12,8,10,5380,17350
2023-09-05 15:36:31,7,10,5380,17350
2023-09-05 15:36:37,6,10,5380,17350
2023-09-05 15:36:37,6,9,5380,17350
2023-09-05 15:36:56,6,10,5380,17350
2023-09-05 15:36:56,5,10,5380,17350
2023-09-05 15:36:56,5,8,5380,17350
2023-09-05 15:36:58,6,8,5380,17350
2023-09-05 15:36:58,6,10,5380,17350
2023-09-05 15:36:58,6,9,5380,17350
2023-09-05 15:37:10,6,12,5380,17350
2023-09-05 15:37:10,7,12,5380,17350
2023-09-05 15:37:10,7,10,5380,17350
2023-09-05 15:37:29,8,10,5380,17350
2023-09-05 15:37:30,8,13,5380,17350
2023-09-05 15:37:30,8,11,5380,17350
2023-09-05 15:37:33,8,14,5380,17350
2023-09-05 15:37:33,8,13,5380,17350
2023-09-05 15:37:33,8,10,5380,17350
2023-09-05 15:37:46,6,10,5380,17350
2023-09-05 15:37:46,7,10,5380,17350
2023-09-05 15:37:54,7,13,5380,17350
2023-09-05 15:37:54,7,14,5380,17350
2023-09-05 15:37:54,7,11,5380,17350
2023-09-05 15:38:08,8,11,5380,17350
2023-09-05 15:38:10,8,14,5380,17350
2023-09-05 15:38:10,8,12,5380,17350
2023-09-05 15:38:25,9,12,5380,17350
2023-09-05 15:38:32,9,11,5380,17350
2023-09-05 15:38:32,7,11,5380,17350
2023-09-05 15:38:32,8,11,5380,17350
2023-09-05 15:38:33,7,11,5380,17350
2023-09-05 15:38:33,8,11,5380,17350
2023-09-05 15:38:35,8,12,5380,17350
2023-09-05 15:38:35,8,10,5380,17350
2023-09-05 15:38:37,6,10,5380,17350
2023-09-05 15:38:37,7,10,5380,17350
2023-09-05 15:38:45,7,12,5380,17350
2023-09-05 15:38:45,6,12,5380,17350
2023-09-05 15:38:54,6,12,5380,17350
2023-09-05 15:38:54,6,11,5380,17350
2023-09-05 15:38:54,6,8,5380,17350
2023-09-05 15:38:55,5,8,5380,17350
2023-09-05 15:39:01,5,7,5380,17350
2023-09-05 15:39:12,4,7,5380,17350
2023-09-05 15:39:12,4,8,5380,17350
2023-09-05 15:39:12,4,6,5380,17350
2023-09-05 15:39:20,4,8,5380,17350
2023-09-05 15:39:20,4,5,5380,17350
2023-09-05 15:40:28,4,5,5380,17425
2023-09-05 15:40:38,3,4,5555,17600
2023-09-05 15:42:26,2,3,6055,18100
2023-09-05 15:43:42,1,3,6055,18250
2023-09-05 15:44:01,1,2,6055,18250
2023-09-05 15:44:22,0,2,6055,18250
2023-09-05 15:45:26,0,1,6055,18250
2023-09-05 15:45:55,1,2,6056,18251
2023-09-05 15:46:57,1,2,6057,18252
2023-09-05 15:47:11,1,3,6058,18253
2023-09-05 15:47:12,2,3,6058,18253
2023-09-05 15:47:13,3,4,6058,18254
2023-09-05 15:47:14,2,4,6058,18254
2023-09-05 15:47:15,3,4,6058,18254
2023-09-05 15:47:40,3,7,6059,18255
2023-09-05 15:48:01,2,7,6059,18255
2023-09-05 15:48:03,2,6,6059,18255
2023-09-05 15:48:07,1,6,6059,18255
2023-09-05 15:48:12,2,6,6059,18255
2023-09-05 15:48:23,3,6,6059,18255
2023-09-05 15:48:31,2,6,6059,18386
2023-09-05 15:48:32,3,6,6059,18386
2023-09-05 15:48:35,2,6,6059,18485
2023-09-05 15:48:35,3,6,6059,18485
2023-09-05 15:48:40,2,6,6059,18622
2023-09-05 15:48:40,3,6,6059,18622
2023-09-05 15:48:43,2,6,6059,18783
2023-09-05 15:48:44,3,6,6059,18783
2023-09-05 15:48:50,3,7,6059,18783
2023-09-05 15:48:55,4,7,6059,18783
2023-09-05 15:48:56,4,8,6059,18783
2023-09-05 15:49:16,5,8,6059,18783
2023-09-05 15:49:19,5,11,6059,18783
2023-09-05 15:49:19,5,10,6059,18783
2023-09-05 15:49:20,5,9,6059,18783
2023-09-05 15:49:21,5,10,6059,18783
2023-09-05 15:49:21,4,10,6059,18783
2023-09-05 15:49:21,6,10,6059,18783
2023-09-05 15:49:23,4,10,6059,18783
2023-09-05 15:49:23,7,10,6059,18783
2023-09-05 15:49:24,7,13,6059,18783
2023-09-05 15:49:24,7,12,6059,18783
2023-09-05 15:49:25,8,12,6059,18783
2023-09-05 15:49:26,9,12,6059,18783
2023-09-05 15:49:28,8,12,6059,18783
2023-09-05 15:49:28,8,15,6059,18783
2023-09-05 15:49:28,9,15,6059,18783
2023-09-05 15:49:28,9,14,6059,18783
2023-09-05 15:49:29,9,13,6059,18783
2023-09-05 15:49:32,9,12,6059,18783
2023-09-05 15:49:32,10,12,6059,18783
2023-09-05 15:49:36,8,12,6059,18783
