datetime,bid,ask,open_interest,volume
2023-07-13 09:30:12,36,42,765,767
2023-07-13 09:31:00,43,50,798,800
2023-07-13 09:31:00,43,46,798,800
2023-07-13 09:31:00,44,46,798,800
2023-07-13 09:31:07,43,46,798,800
2023-07-13 09:31:07,44,46,798,800
2023-07-13 09:31:09,43,46,798,800
2023-07-13 09:31:09,44,46,798,800
2023-07-13 09:31:15,43,46,798,800
2023-07-13 09:31:15,44,46,798,800
2023-07-13 09:31:25,43,46,798,800
2023-07-13 09:31:30,44,46,798,800
2023-07-13 09:31:31,43,46,798,800
2023-07-13 09:31:32,44,46,798,800
2023-07-13 09:31:33,43,46,798,800
2023-07-13 09:31:35,44,46,798,800
2023-07-13 09:31:36,43,46,798,800
2023-07-13 09:32:02,44,46,798,800
2023-07-13 09:32:09,43,46,798,800
2023-07-13 09:32:11,44,46,798,800
2023-07-13 09:32:23,44,46,958,960
2023-07-13 09:32:24,43,46,958,960
2023-07-13 09:32:28,44,46,958,960
2023-07-13 09:32:30,43,46,958,960
2023-07-13 09:32:32,44,46,958,960
2023-07-13 09:32:33,43,46,958,960
2023-07-13 09:32:35,44,46,958,960
2023-07-13 09:32:42,43,46,958,960
2023-07-13 09:32:50,44,46,958,960
2023-07-13 09:32:54,43,46,958,960
2023-07-13 09:33:15,43,45,958,960
2023-07-13 09:33:20,43,46,958,960
2023-07-13 09:33:21,43,45,958,960
2023-07-13 09:34:00,43,45,966,968
2023-07-13 09:34:05,43,45,1033,1035
2023-07-13 09:34:07,42,45,1033,1035
2023-07-13 09:34:11,43,45,1033,1035
2023-07-13 09:34:17,44,45,1033,1035
2023-07-13 09:34:29,43,45,1033,1035
2023-07-13 09:34:31,44,45,1033,1035
2023-07-13 09:34:35,43,45,1033,1035
2023-07-13 09:34:36,44,45,1033,1035
2023-07-13 09:34:38,43,45,1033,1035
2023-07-13 09:35:21,42,45,1033,1035
2023-07-13 09:35:21,42,44,1033,1035
2023-07-13 09:35:30,43,44,1033,1035
2023-07-13 09:35:31,42,44,1033,1035
2023-07-13 09:35:43,43,44,1033,1035
2023-07-13 09:35:45,42,44,1033,1035
2023-07-13 09:35:46,43,44,1033,1035
2023-07-13 09:35:48,42,44,1033,1035
2023-07-13 09:36:20,42,44,1035,1037
2023-07-13 09:36:30,43,44,1035,1037
2023-07-13 09:36:31,42,44,1035,1037
2023-07-13 09:36:32,42,44,1035,1037
2023-07-13 09:36:33,43,44,1035,1037
2023-07-13 09:36:34,42,44,1035,1037
2023-07-13 09:36:34,43,44,1035,1037
2023-07-13 09:36:35,42,44,1035,1037
2023-07-13 09:36:36,43,44,1035,1037
2023-07-13 09:36:37,42,44,1035,1037
2023-07-13 09:36:38,43,44,1035,1037
2023-07-13 09:36:45,43,44,1185,1237
2023-07-13 09:36:45,43,45,1185,1237
2023-07-13 09:36:46,44,45,1185,1237
2023-07-13 09:36:55,43,45,1185,1237
2023-07-13 09:36:58,44,45,1185,1237
2023-07-13 09:37:01,43,45,1185,1237
2023-07-13 09:37:08,45,46,1212,1264
2023-07-13 09:37:08,45,46,1214,1266
2023-07-13 09:37:08,45,46,1216,1268
2023-07-13 09:37:10,43,46,1216,1364
2023-07-13 09:37:10,43,45,1216,1364
2023-07-13 09:37:12,42,45,1216,1364
2023-07-13 09:37:27,43,45,1216,1364
2023-07-13 09:37:30,42,45,1216,1364
2023-07-13 09:37:31,43,45,1216,1364
2023-07-13 09:37:32,42,45,1216,1364
2023-07-13 09:37:43,43,45,1216,1364
2023-07-13 09:37:44,42,45,1216,1364
2023-07-13 09:37:55,43,45,1216,1364
2023-07-13 09:37:56,42,45,1216,1364
2023-07-13 09:37:56,43,45,1216,1364
2023-07-13 09:38:53,43,44,1216,1364
2023-07-13 09:38:56,42,44,1216,1391
2023-07-13 09:39:20,43,44,1216,1391
2023-07-13 09:39:51,44,45,1353,1528
2023-07-13 09:39:51,43,45,1416,1591
2023-07-13 09:39:56,44,45,1416,1591
2023-07-13 09:40:07,43,45,1416,1591
2023-07-13 09:40:08,44,45,1416,1591
2023-07-13 09:40:10,43,45,1416,1591
2023-07-13 09:41:13,43,45,1476,1678
2023-07-13 09:41:27,43,45,1494,1696
2023-07-13 09:42:40,44,45,1494,1696
2023-07-13 09:42:43,43,45,1494,1696
2023-07-13 09:42:43,44,45,1494,1696
2023-07-13 09:42:59,43,45,1494,1696
2023-07-13 09:43:04,44,45,1494,1696
2023-07-13 09:43:32,45,46,1521,1723
2023-07-13 09:43:36,44,46,1521,1723
2023-07-13 09:43:55,45,46,1521,1723
2023-07-13 09:43:56,44,46,1521,1723
2023-07-13 09:44:18,45,46,1521,1723
2023-07-13 09:44:27,44,46,1521,1723
2023-07-13 09:44:29,45,46,1521,1723
2023-07-13 09:44:32,45,47,1521,1723
2023-07-13 09:44:33,44,47,1521,1723
2023-07-13 09:44:43,45,47,1521,1723
2023-07-13 09:44:46,44,47,1521,1723
2023-07-13 09:44:50,45,47,1521,1723
2023-07-13 09:44:55,44,47,1521,1723
2023-07-13 09:44:56,45,47,1521,1723
2023-07-13 09:44:57,44,47,1521,1723
2023-07-13 09:45:22,44,46,1521,1723
2023-07-13 09:45:23,44,47,1521,1723
2023-07-13 09:45:24,44,46,1521,1723
2023-07-13 09:45:25,44,47,1521,1723
2023-07-13 09:45:26,44,46,1521,1723
2023-07-13 09:45:28,44,47,1521,1723
2023-07-13 09:45:29,44,46,1521,1723
2023-07-13 09:45:30,43,47,1521,1723
2023-07-13 09:45:31,44,47,1521,1723
2023-07-13 09:45:34,43,47,1521,1723
2023-07-13 09:45:35,44,47,1521,1723
2023-07-13 09:45:37,43,47,1521,1723
2023-07-13 09:45:39,44,47,1521,1723
2023-07-13 09:45:51,44,46,1521,1723
2023-07-13 09:45:51,43,46,1521,1723
2023-07-13 09:46:00,43,47,1521,1723
2023-07-13 09:46:01,44,47,1521,1723
2023-07-13 09:46:02,44,46,1521,1723
2023-07-13 09:46:02,43,46,1521,1723
2023-07-13 09:46:03,43,47,1521,1723
2023-07-13 09:46:07,43,46,1521,1723
2023-07-13 09:46:12,43,47,1521,1723
2023-07-13 09:46:15,44,47,1521,1723
2023-07-13 09:46:27,43,47,1521,1723
2023-07-13 09:46:29,43,46,1521,1723
2023-07-13 09:46:33,43,47,1521,1723
2023-07-13 09:46:36,44,47,1521,1723
2023-07-13 09:46:38,43,47,1521,1723
2023-07-13 09:46:39,43,46,1521,1723
2023-07-13 09:46:40,43,47,1521,1723
2023-07-13 09:46:41,44,47,1521,1723
2023-07-13 09:46:42,43,47,1521,1723
2023-07-13 09:46:43,44,47,1521,1723
2023-07-13 09:46:44,43,47,1521,1723
2023-07-13 09:46:45,44,47,1521,1723
2023-07-13 09:46:49,43,47,1521,1723
2023-07-13 09:46:54,44,47,1521,1723
2023-07-13 09:47:08,45,47,1521,1723
2023-07-13 09:47:09,46,47,1521,1723
2023-07-13 09:47:09,45,47,1721,1923
2023-07-13 09:47:09,45,46,1721,1923
2023-07-13 09:47:09,45,47,1721,1923
2023-07-13 09:47:32,44,47,1721,1923
2023-07-13 09:47:32,45,47,1721,1923
2023-07-13 09:48:05,45,46,1721,1923
2023-07-13 09:48:11,45,47,1721,1923
2023-07-13 09:48:12,45,46,1721,1923
2023-07-13 09:48:32,44,46,1721,1923
2023-07-13 09:49:08,45,46,1721,1923
2023-07-13 09:49:09,44,46,1721,1923
2023-07-13 09:49:33,45,46,1721,1923
2023-07-13 09:50:33,43,46,1721,1923
2023-07-13 09:50:34,43,45,1721,1923
2023-07-13 09:50:34,44,45,1721,1923
2023-07-13 09:50:34,44,46,1721,1923
2023-07-13 09:50:50,44,45,1721,1923
2023-07-13 09:50:55,44,46,1721,1923
2023-07-13 09:51:35,45,46,1721,1923
2023-07-13 09:52:07,43,45,1721,1973
2023-07-13 09:52:08,43,46,1721,1973
2023-07-13 09:52:11,43,45,1721,1973
2023-07-13 09:52:13,43,46,1721,1973
2023-07-13 09:52:35,44,46,1721,1973
2023-07-13 09:53:35,43,46,1721,1973
2023-07-13 09:53:35,44,46,1721,1973
2023-07-13 09:54:10,44,45,1721,1973
2023-07-13 09:54:13,44,45,1721,2173
2023-07-13 09:54:30,44,46,1721,2173
2023-07-13 09:54:30,44,45,1721,2173
2023-07-13 09:54:33,44,46,1721,2173
2023-07-13 09:54:35,43,45,1721,2173
2023-07-13 09:54:45,43,44,1721,2173
2023-07-13 09:55:20,43,45,1721,2173
2023-07-13 09:55:21,43,44,1721,2173
2023-07-13 09:55:23,43,45,1721,2173
2023-07-13 09:55:36,44,45,1721,2173
2023-07-13 09:55:43,45,46,1725,2177
2023-07-13 09:55:44,44,46,1725,2177
2023-07-13 09:55:45,45,46,1725,2177
2023-07-13 09:55:57,45,46,1925,2377
2023-07-13 09:56:02,44,46,1925,2377
2023-07-13 09:56:08,45,46,1925,2377
2023-07-13 09:56:18,44,46,1925,2377
2023-07-13 09:56:19,45,46,1925,2377
2023-07-13 09:56:29,44,46,1925,2377
2023-07-13 09:57:04,44,45,1925,2377
2023-07-13 09:57:37,43,45,1925,2377
2023-07-13 09:57:37,44,45,1925,2377
2023-07-13 09:58:38,43,45,1925,2377
2023-07-13 09:58:38,44,45,1925,2377
2023-07-13 09:59:04,44,46,1925,2377
2023-07-13 09:59:38,43,46,1925,2377
2023-07-13 09:59:38,44,46,1925,2377
2023-07-13 09:59:48,44,45,1925,2377
2023-07-13 09:59:49,44,46,1925,2377
2023-07-13 09:59:49,44,45,1925,2377
2023-07-13 10:00:38,43,45,1925,2377
2023-07-13 10:00:39,44,45,1925,2377
2023-07-13 10:01:51,44,46,1958,2410
2023-07-13 10:02:40,43,46,1958,2410
2023-07-13 10:02:40,44,46,1958,2410
2023-07-13 10:02:40,45,46,1958,2410
2023-07-13 10:03:40,44,46,1958,2410
2023-07-13 10:03:40,45,46,1958,2410
2023-07-13 10:04:41,46,47,1992,2444
2023-07-13 10:04:41,46,47,2026,2478
2023-07-13 10:05:42,46,48,2026,2478
2023-07-13 10:06:16,47,48,2026,2478
2023-07-13 10:06:16,47,48,2162,2614
2023-07-13 10:06:42,48,49,2196,2648
2023-07-13 10:07:42,46,49,2196,2648
2023-07-13 10:07:42,47,49,2196,2648
2023-07-13 10:08:17,47,48,2196,2648
2023-07-13 10:08:19,47,48,2196,2848
2023-07-13 10:08:20,47,49,2196,2848
2023-07-13 10:08:29,47,48,2196,2848
2023-07-13 10:08:30,47,49,2196,2848
2023-07-13 10:08:38,47,48,2196,2848
2023-07-13 10:08:39,45,47,2196,2898
2023-07-13 10:08:40,45,48,2196,2898
2023-07-13 10:08:43,46,48,2196,2898
2023-07-13 10:08:51,46,49,2196,2898
2023-07-13 10:08:53,46,48,2196,2898
2023-07-13 10:08:54,46,49,2196,2898
2023-07-13 10:08:57,46,48,2196,2898
2023-07-13 10:09:14,46,47,2196,2898
2023-07-13 10:09:15,46,48,2196,2898
2023-07-13 10:09:20,46,47,2196,2898
2023-07-13 10:09:22,46,48,2196,2898
2023-07-13 10:09:24,46,47,2196,2898
2023-07-13 10:09:28,46,48,2196,2898
2023-07-13 10:09:57,46,47,2196,2898
2023-07-13 10:10:03,46,48,2196,2898
2023-07-13 10:10:04,46,47,2196,2898
2023-07-13 10:10:05,46,48,2196,2898
2023-07-13 10:10:06,46,47,2196,2898
2023-07-13 10:10:09,46,48,2196,2898
2023-07-13 10:10:14,46,47,2196,2898
2023-07-13 10:10:27,46,48,2196,2898
2023-07-13 10:10:31,46,47,2196,2898
2023-07-13 10:10:43,44,46,2162,2932
2023-07-13 10:10:44,45,46,2162,2932
2023-07-13 10:10:45,45,47,2162,2932
2023-07-13 10:10:51,45,46,2162,2932
2023-07-13 10:11:07,45,47,2162,2932
2023-07-13 10:11:11,45,46,2162,2932
2023-07-13 10:11:12,45,47,2162,2932
2023-07-13 10:11:14,45,46,2162,2932
2023-07-13 10:11:21,45,47,2162,2932
2023-07-13 10:11:44,46,47,2162,2932
2023-07-13 10:12:31,46,48,2162,2932
2023-07-13 10:12:45,47,48,2162,2932
2023-07-13 10:13:32,47,48,2177,2947
2023-07-13 10:13:46,46,48,2177,2947
2023-07-13 10:13:46,47,48,2177,2947
2023-07-13 10:14:06,48,49,2196,2966
2023-07-13 10:14:06,48,49,2344,3114
2023-07-13 10:14:44,47,49,2344,3114
2023-07-13 10:14:46,48,49,2344,3114
2023-07-13 10:15:47,47,49,2344,3114
2023-07-13 10:15:47,48,49,2344,3114
2023-07-13 10:16:08,46,48,2344,3264
2023-07-13 10:16:25,46,47,2344,3264
2023-07-13 10:16:47,47,48,2348,3268
2023-07-13 10:16:51,47,49,2348,3268
2023-07-13 10:17:20,48,49,2348,3268
2023-07-13 10:17:22,49,50,2382,3302
2023-07-13 10:17:30,48,50,2382,3302
2023-07-13 10:17:46,47,50,2382,3302
2023-07-13 10:17:47,48,50,2382,3302
2023-07-13 10:18:48,47,50,2382,3302
2023-07-13 10:18:48,48,50,2382,3302
2023-07-13 10:19:48,49,50,2382,3302
2023-07-13 10:21:18,50,51,2416,3336
2023-07-13 10:21:25,51,52,2450,3370
2023-07-13 10:21:26,50,52,2450,3370
2023-07-13 10:21:31,51,52,2450,3370
2023-07-13 10:21:45,50,52,2450,3370
2023-07-13 10:21:49,51,52,2450,3370
2023-07-13 10:22:26,49,51,2450,3470
2023-07-13 10:22:27,49,52,2450,3470
2023-07-13 10:22:40,49,51,2450,3470
2023-07-13 10:22:50,48,51,2450,3470
2023-07-13 10:22:50,48,50,2450,3470
2023-07-13 10:23:09,49,50,2450,3470
2023-07-13 10:23:09,49,50,2484,3504
2023-07-13 10:23:11,48,50,2484,3504
2023-07-13 10:23:13,49,50,2484,3504
2023-07-13 10:23:15,48,50,2484,3504
2023-07-13 10:23:50,49,50,2484,3504
2023-07-13 10:24:04,49,51,2484,3504
2023-07-13 10:25:31,50,51,2484,3504
2023-07-13 10:25:43,49,51,2484,3504
2023-07-13 10:25:44,50,51,2484,3504
2023-07-13 10:26:04,50,52,2484,3504
2023-07-13 10:26:35,51,52,2484,3504
2023-07-13 10:27:10,51,52,2491,3511
2023-07-13 10:27:20,50,52,2491,3511
2023-07-13 10:29:50,51,52,2491,3511
2023-07-13 10:29:58,52,53,2518,3538
2023-07-13 10:30:02,51,53,2518,3538
2023-07-13 10:30:28,50,53,2518,3538
2023-07-13 10:30:42,51,53,2518,3538
2023-07-13 10:31:45,51,52,2518,3538
2023-07-13 10:31:53,50,52,2518,3538
2023-07-13 10:32:14,50,51,2518,3538
2023-07-13 10:35:07,49,50,2518,3572
2023-07-13 10:36:37,47,49,2450,3740
2023-07-13 10:36:38,47,50,2450,3740
2023-07-13 10:36:40,47,48,2450,3740
2023-07-13 10:37:06,47,50,2453,3743
2023-07-13 10:37:42,48,50,2453,3743
2023-07-13 10:37:56,49,50,2453,3743
2023-07-13 10:37:56,48,50,2553,3843
2023-07-13 10:38:08,49,50,2553,3843
2023-07-13 10:38:09,48,50,2553,3843
2023-07-13 10:38:11,49,50,2553,3843
2023-07-13 10:38:32,48,50,2553,3843
2023-07-13 10:38:44,49,50,2553,3843
2023-07-13 10:38:46,48,50,2553,3843
2023-07-13 10:38:47,49,50,2553,3843
2023-07-13 10:38:54,48,50,2553,3843
2023-07-13 10:38:56,49,50,2553,3843
2023-07-13 10:39:22,49,50,2554,3844
2023-07-13 10:40:05,48,50,2604,3894
2023-07-13 10:40:12,47,50,2604,3894
2023-07-13 10:40:22,48,50,2604,3894
2023-07-13 10:40:27,47,50,2604,3894
2023-07-13 10:40:28,48,50,2604,3894
2023-07-13 10:40:39,49,50,2604,3894
2023-07-13 10:40:46,48,50,2604,3894
2023-07-13 10:40:49,49,50,2604,3894
2023-07-13 10:40:54,48,50,2604,3894
2023-07-13 10:40:55,49,50,2604,3894
2023-07-13 10:40:57,48,50,2604,3894
2023-07-13 10:40:58,49,50,2604,3894
2023-07-13 10:41:58,47,50,2604,3894
2023-07-13 10:41:58,48,50,2604,3894
2023-07-13 10:44:59,49,50,2604,3894
2023-07-13 10:45:25,47,50,2654,3944
2023-07-13 10:45:34,47,49,2654,3944
2023-07-13 10:45:51,47,50,2654,3944
2023-07-13 10:45:52,47,49,2654,3944
2023-07-13 10:45:54,47,50,2654,3944
2023-07-13 10:45:55,47,49,2654,3944
2023-07-13 10:45:57,47,50,2654,3944
2023-07-13 10:45:57,47,49,2654,3944
2023-07-13 10:46:00,48,49,2654,3944
2023-07-13 10:46:00,47,49,2804,4094
2023-07-13 10:46:40,47,49,2804,4117
2023-07-13 10:46:41,47,49,2804,4117
2023-07-13 10:46:53,48,49,2804,4117
2023-07-13 10:46:53,49,50,2807,4120
2023-07-13 10:47:00,48,50,2807,4120
2023-07-13 10:47:01,50,51,2845,4158
2023-07-13 10:47:42,51,53,2888,4251
2023-07-13 10:47:49,51,53,2958,4321
2023-07-13 10:47:49,51,53,2958,4321
2023-07-13 10:48:01,51,54,2958,4321
2023-07-13 10:48:02,52,54,2958,4321
2023-07-13 10:48:32,52,53,2958,4321
2023-07-13 10:48:39,52,53,3040,4403
2023-07-13 10:48:52,50,52,3208,4571
2023-07-13 10:49:02,51,52,3208,4571
2023-07-13 10:50:02,50,52,3208,4571
2023-07-13 10:50:03,51,52,3208,4571
2023-07-13 10:51:03,51,52,3358,4721
2023-07-13 10:51:10,50,52,3358,4721
2023-07-13 10:51:26,51,52,3358,4721
2023-07-13 10:51:34,50,52,3358,4721
2023-07-13 10:52:04,50,52,3408,4771
2023-07-13 10:52:38,51,52,3408,4771
2023-07-13 10:52:49,51,53,3408,4771
2023-07-13 10:53:04,53,54,3431,4794
2023-07-13 10:53:38,51,54,3431,4794
2023-07-13 10:53:38,52,54,3431,4794
2023-07-13 10:53:58,52,53,3431,4794
2023-07-13 10:54:05,50,53,3431,4794
2023-07-13 10:54:05,51,53,3431,4794
2023-07-13 10:55:05,52,53,3431,4794
2023-07-13 10:55:19,52,53,3433,4796
2023-07-13 10:57:06,51,53,3433,4796
2023-07-13 10:57:06,52,53,3433,4796
2023-07-13 10:58:06,51,53,3433,4796
2023-07-13 10:58:06,52,53,3433,4796
2023-07-13 10:58:33,51,53,3433,4996
2023-07-13 10:58:42,51,52,3433,4996
2023-07-13 10:58:51,50,51,3410,5069
2023-07-13 10:58:52,50,52,3410,5069
2023-07-13 10:59:02,50,51,3410,5069
2023-07-13 11:00:05,49,51,3410,5092
2023-07-13 11:00:07,49,50,3410,5092
2023-07-13 11:00:09,48,50,3410,5135
2023-07-13 11:01:07,47,50,3410,5135
2023-07-13 11:01:08,48,50,3410,5135
2023-07-13 11:01:09,48,49,3410,5135
2023-07-13 11:01:09,46,49,3410,5135
2023-07-13 11:01:09,47,49,3410,5135
2023-07-13 11:01:15,47,49,3490,5215
2023-07-13 11:01:27,48,49,3490,5215
2023-07-13 11:01:29,48,49,3580,5305
2023-07-13 11:01:35,47,49,3580,5305
2023-07-13 11:01:36,47,49,3590,5315
2023-07-13 11:02:08,48,49,3590,5315
2023-07-13 11:02:11,48,49,3608,5333
2023-07-13 11:02:19,48,49,3610,5335
2023-07-13 11:02:38,48,49,3612,5337
2023-07-13 11:03:09,47,49,3612,5337
2023-07-13 11:03:09,47,49,3615,5387
2023-07-13 11:03:42,49,50,3618,5433
2023-07-13 11:03:44,49,50,3668,5483
2023-07-13 11:03:46,47,50,3672,5502
2023-07-13 11:03:53,47,49,3672,5502
2023-07-13 11:03:55,47,50,3672,5502
2023-07-13 11:03:56,47,49,3672,5502
2023-07-13 11:04:08,47,50,3672,5502
2023-07-13 11:04:09,47,49,3672,5502
2023-07-13 11:04:09,48,49,3672,5502
2023-07-13 11:04:10,48,49,3762,5592
2023-07-13 11:04:59,48,49,3764,5594
2023-07-13 11:05:10,47,49,3764,5594
2023-07-13 11:05:10,48,49,3764,5594
2023-07-13 11:06:10,47,49,3764,5594
2023-07-13 11:06:11,48,49,3764,5594
2023-07-13 11:06:18,47,49,3914,5744
2023-07-13 11:06:26,47,48,3914,5744
2023-07-13 11:06:28,47,49,3914,5744
2023-07-13 11:06:43,47,49,3914,5746
2023-07-13 11:07:11,49,50,3917,5749
2023-07-13 11:07:42,49,51,3986,5818
2023-07-13 11:08:11,51,52,4029,5861
2023-07-13 11:09:11,50,52,4029,5861
2023-07-13 11:09:12,51,52,4029,5861
2023-07-13 11:10:12,49,52,4029,5861
2023-07-13 11:10:12,51,52,4029,5861
2023-07-13 11:11:12,50,52,4029,5861
2023-07-13 11:11:13,52,53,4052,5884
2023-07-13 11:12:13,53,54,4075,5907
2023-07-13 11:13:13,53,54,4275,6107
2023-07-13 11:13:18,53,54,4475,6307
2023-07-13 11:13:21,53,54,4675,6507
2023-07-13 11:13:21,53,54,4902,6907
2023-07-13 11:13:22,53,54,5302,7307
2023-07-13 11:13:22,53,54,5702,7707
2023-07-13 11:13:23,53,54,6052,8057
2023-07-13 11:13:23,53,56,6075,8080
2023-07-13 11:13:40,54,56,6075,8080
2023-07-13 11:13:50,53,56,6075,8080
2023-07-13 11:13:53,54,56,6075,8080
2023-07-13 11:13:57,53,56,6075,8080
2023-07-13 11:14:00,54,56,6075,8080
2023-07-13 11:14:08,55,56,6075,8080
2023-07-13 11:14:14,55,56,6125,8130
2023-07-13 11:14:24,54,56,6125,8130
2023-07-13 11:14:37,55,56,6125,8130
2023-07-13 11:14:39,54,56,6125,8130
2023-07-13 11:14:47,55,56,6125,8130
2023-07-13 11:15:06,54,56,6125,8130
2023-07-13 11:15:14,55,56,6125,8130
2023-07-13 11:16:14,54,56,6125,8130
2023-07-13 11:16:15,55,56,6125,8130
2023-07-13 11:17:15,54,56,6125,8130
2023-07-13 11:17:15,54,55,6125,8130
2023-07-13 11:18:06,53,54,6102,8153
2023-07-13 11:18:09,53,55,6102,8153
2023-07-13 11:18:10,53,54,6102,8153
2023-07-13 11:18:31,53,55,6102,8153
2023-07-13 11:18:32,53,54,6102,8153
2023-07-13 11:18:33,53,55,6102,8153
2023-07-13 11:18:45,52,53,6079,8226
2023-07-13 11:18:46,52,55,6079,8226
2023-07-13 11:19:04,52,53,6079,8226
2023-07-13 11:20:16,54,55,6082,8229
2023-07-13 11:21:52,52,54,6082,8279
2023-07-13 11:21:53,52,55,6082,8279
2023-07-13 11:22:17,53,55,6082,8279
2023-07-13 11:22:29,53,54,6082,8279
2023-07-13 11:23:10,51,53,6082,8329
2023-07-13 11:23:17,50,53,6082,8329
2023-07-13 11:23:17,52,53,6082,8329
2023-07-13 11:23:21,52,54,6082,8329
2023-07-13 11:23:26,52,53,6082,8329
2023-07-13 11:23:28,52,54,6082,8329
2023-07-13 11:23:29,52,53,6082,8329
2023-07-13 11:23:39,52,54,6082,8329
2023-07-13 11:23:43,52,53,6082,8329
2023-07-13 11:23:59,52,54,6082,8329
2023-07-13 11:24:00,52,53,6082,8329
2023-07-13 11:24:17,50,53,6082,8329
2023-07-13 11:24:18,51,53,6082,8329
2023-07-13 11:25:18,52,53,6082,8329
2023-07-13 11:26:06,53,54,6085,8332
2023-07-13 11:26:18,54,55,6108,8355
2023-07-13 11:29:19,53,55,6109,8356
2023-07-13 11:29:20,54,55,6109,8356
2023-07-13 11:30:39,54,56,6109,8356
2023-07-13 11:31:20,55,56,6109,8356
2023-07-13 11:31:56,56,57,6132,8379
2023-07-13 11:32:05,56,57,6155,8579
2023-07-13 11:32:12,55,57,6155,8579
2023-07-13 11:32:21,56,57,6155,8579
2023-07-13 11:33:21,55,57,6155,8579
2023-07-13 11:35:22,56,57,6155,8579
2023-07-13 11:35:49,55,57,6255,8679
2023-07-13 11:36:22,56,57,6255,8679
2023-07-13 11:36:53,55,56,6255,8779
2023-07-13 11:36:54,55,57,6255,8779
2023-07-13 11:36:56,55,56,6255,8779
2023-07-13 11:36:58,55,57,6255,8779
2023-07-13 11:36:59,55,56,6255,8779
2023-07-13 11:37:02,55,57,6255,8779
2023-07-13 11:37:08,55,56,6255,8779
2023-07-13 11:37:09,55,57,6255,8779
2023-07-13 11:37:12,55,56,6255,8779
2023-07-13 11:37:13,55,57,6255,8779
2023-07-13 11:37:16,55,56,6255,8779
2023-07-13 11:37:23,54,55,6232,8802
2023-07-13 11:37:24,54,56,6232,8802
2023-07-13 11:37:27,54,55,6232,8802
2023-07-13 11:37:28,54,56,6232,8802
2023-07-13 11:37:29,53,54,6186,8948
2023-07-13 11:37:30,53,55,6186,8948
2023-07-13 11:37:44,52,55,6186,8948
2023-07-13 11:38:11,53,55,6186,8948
2023-07-13 11:38:23,54,55,6186,8948
2023-07-13 11:39:23,53,55,6186,8948
2023-07-13 11:40:24,54,55,6186,8948
2023-07-13 11:41:24,53,55,6186,8948
2023-07-13 11:41:25,54,55,6186,8948
2023-07-13 11:41:59,52,54,6186,9098
2023-07-13 11:41:59,53,54,6186,9098
2023-07-13 11:42:00,53,55,6186,9098
2023-07-13 11:42:25,52,55,6186,9098
2023-07-13 11:42:25,53,55,6186,9098
2023-07-13 11:42:29,52,55,6186,9098
2023-07-13 11:42:29,53,55,6186,9098
2023-07-13 11:42:33,53,54,6186,9098
2023-07-13 11:42:38,53,55,6186,9098
2023-07-13 11:43:25,52,55,6186,9098
2023-07-13 11:43:25,53,55,6186,9098
2023-07-13 11:44:26,54,55,6186,9098
2023-07-13 11:44:59,54,55,6189,9101
2023-07-13 11:45:07,52,55,6189,9198
2023-07-13 11:45:26,53,55,6189,9198
2023-07-13 11:45:57,53,54,6189,9198
2023-07-13 11:46:26,52,54,6189,9198
2023-07-13 11:46:27,53,54,6189,9198
2023-07-13 11:48:27,54,55,6192,9201
2023-07-13 11:49:13,52,54,6192,9248
2023-07-13 11:49:14,52,55,6192,9248
2023-07-13 11:49:28,53,55,6192,9248
2023-07-13 11:49:28,53,54,6192,9248
2023-07-13 11:50:28,52,54,6192,9248
2023-07-13 11:50:28,54,55,6195,9251
2023-07-13 11:51:23,54,55,6212,9268
2023-07-13 11:51:28,52,55,6212,9268
2023-07-13 11:51:29,53,55,6212,9268
2023-07-13 11:52:55,53,54,6212,9268
2023-07-13 11:52:57,53,55,6212,9268
2023-07-13 11:53:42,53,54,6212,9268
2023-07-13 11:53:55,53,55,6212,9268
2023-07-13 11:53:55,53,54,6212,9268
2023-07-13 11:55:54,52,54,6195,9285
2023-07-13 11:56:46,52,53,6195,9285
2023-07-13 11:56:47,52,54,6195,9285
2023-07-13 11:57:04,52,53,6195,9285
2023-07-13 11:57:08,52,54,6195,9285
2023-07-13 11:57:08,52,53,6195,9285
2023-07-13 11:57:57,50,51,6135,9445
2023-07-13 11:57:58,50,53,6135,9445
2023-07-13 11:58:32,50,52,6135,9445
2023-07-13 11:59:06,49,52,6076,9604
2023-07-13 11:59:22,49,51,6076,9604
2023-07-13 12:02:21,48,51,6076,9854
2023-07-13 12:02:23,47,51,6076,9854
2023-07-13 12:02:27,47,50,6076,9854
2023-07-13 12:02:33,47,49,6076,9854
2023-07-13 12:03:52,47,49,6069,9861
2023-07-13 12:04:10,47,48,6069,9861
2023-07-13 12:04:11,47,49,6069,9861
2023-07-13 12:04:13,47,48,6069,9861
2023-07-13 12:04:13,46,48,5999,10081
2023-07-13 12:04:15,46,49,5999,10081
2023-07-13 12:04:16,46,48,5999,10081
2023-07-13 12:04:17,45,48,5999,10081
2023-07-13 12:04:18,46,48,5999,10081
2023-07-13 12:04:21,45,48,5979,10101
2023-07-13 12:04:34,45,47,5979,10101
2023-07-13 12:04:49,45,46,5979,10101
2023-07-13 12:05:11,45,47,5982,10104
2023-07-13 12:05:31,46,47,5982,10104
2023-07-13 12:05:34,46,48,5985,10107
2023-07-13 12:05:35,47,48,5985,10107
2023-07-13 12:06:05,45,48,5977,10265
2023-07-13 12:07:53,45,47,5977,10265
2023-07-13 12:08:59,45,48,5977,10265
2023-07-13 12:09:09,46,48,5977,10265
2023-07-13 12:09:35,47,48,5977,10265
2023-07-13 12:10:36,46,48,5977,10265
2023-07-13 12:11:35,45,48,5977,10265
2023-07-13 12:12:49,46,48,5977,10265
2023-07-13 12:12:56,47,48,5977,10265
2023-07-13 12:13:01,47,49,6000,10538
2023-07-13 12:13:06,47,51,6023,10561
2023-07-13 12:13:32,47,50,6023,10561
2023-07-13 12:13:34,47,51,6023,10561
2023-07-13 12:13:37,48,51,6023,10561
2023-07-13 12:13:37,48,50,6023,10561
2023-07-13 12:14:14,48,51,6046,10684
2023-07-13 12:14:37,48,50,6046,10684
2023-07-13 12:15:07,48,49,6046,10684
2023-07-13 12:15:22,47,49,6167,10980
2023-07-13 12:15:37,47,48,6167,10980
2023-07-13 12:16:50,46,48,6167,11049
2023-07-13 12:17:38,46,47,6167,11049
2023-07-13 12:18:11,45,47,6167,11072
2023-07-13 12:18:33,44,47,6167,11108
2023-07-13 12:18:34,44,46,6167,11108
2023-07-13 12:18:37,44,47,6167,11108
2023-07-13 12:18:38,44,46,6167,11108
2023-07-13 12:19:18,44,47,6213,11154
2023-07-13 12:19:18,44,46,6213,11154
2023-07-13 12:19:19,44,46,6563,11504
2023-07-13 12:19:20,44,47,6563,11504
2023-07-13 12:19:21,44,46,6563,11504
2023-07-13 12:19:26,44,47,6680,11621
2023-07-13 12:19:26,45,47,6680,11621
2023-07-13 12:19:30,45,48,6703,11644
2023-07-13 12:19:54,46,48,6703,11644
2023-07-13 12:20:04,46,49,6703,11644
2023-07-13 12:20:26,47,49,6703,11644
2023-07-13 12:20:48,47,50,6703,11644
2023-07-13 12:20:50,47,50,6722,11663
2023-07-13 12:20:58,48,50,6722,11663
2023-07-13 12:21:07,47,50,6722,11663
2023-07-13 12:21:07,48,50,6722,11663
2023-07-13 12:23:01,49,50,6722,11663
2023-07-13 12:23:09,48,50,6722,11663
2023-07-13 12:23:23,48,49,6722,11663
2023-07-13 12:23:30,47,49,6822,11801
2023-07-13 12:23:39,46,47,6803,11820
2023-07-13 12:23:42,45,47,6803,11843
2023-07-13 12:23:43,44,45,6757,11889
2023-07-13 12:23:43,43,45,6757,11889
2023-07-13 12:23:43,44,45,6757,11889
2023-07-13 12:23:44,43,45,6757,11923
2023-07-13 12:23:58,42,45,6757,11923
2023-07-13 12:24:04,43,45,6757,11923
2023-07-13 12:24:30,44,45,6757,11923
2023-07-13 12:24:38,44,46,6780,11946
2023-07-13 12:24:45,45,46,6780,11946
2023-07-13 12:24:47,45,47,6780,11946
2023-07-13 12:25:02,46,47,6780,11946
2023-07-13 12:25:05,46,48,6803,11969
2023-07-13 12:25:14,45,48,6803,11969
2023-07-13 12:25:33,44,48,6803,11969
2023-07-13 12:25:40,45,48,6803,11969
2023-07-13 12:27:40,45,47,6803,11969
2023-07-13 12:27:44,45,48,6803,11969
2023-07-13 12:28:35,46,48,6803,11969
2023-07-13 12:28:59,47,48,6803,11969
2023-07-13 12:29:05,47,49,6826,11992
2023-07-13 12:30:59,47,48,6826,11992
2023-07-13 12:30:59,46,48,6826,12015
2023-07-13 12:31:01,46,47,6826,12015
2023-07-13 12:31:02,45,47,6826,12061
2023-07-13 12:31:04,45,46,6826,12061
2023-07-13 12:31:06,44,46,6826,12084
2023-07-13 12:31:21,43,46,6757,12553
2023-07-13 12:31:27,43,46,6757,12753
2023-07-13 12:31:27,43,45,6757,12753
2023-07-13 12:31:28,42,45,6757,12776
2023-07-13 12:31:29,41,45,6807,12826
2023-07-13 12:31:29,41,44,6807,12826
2023-07-13 12:31:29,39,44,6807,12832
2023-07-13 12:31:30,39,43,6807,12832
2023-07-13 12:31:31,39,42,6807,12832
2023-07-13 12:31:34,38,42,6807,12832
2023-07-13 12:31:34,38,41,6807,12832
2023-07-13 12:31:53,38,42,6807,12832
2023-07-13 12:31:54,39,42,6807,12832
2023-07-13 12:32:01,40,42,6807,12832
2023-07-13 12:32:04,41,42,6807,12832
2023-07-13 12:32:07,41,45,6830,12855
2023-07-13 12:32:07,42,45,6830,12855
2023-07-13 12:32:10,42,45,6836,12861
2023-07-13 12:32:32,42,43,6836,12861
2023-07-13 12:32:34,42,45,6836,13061
2023-07-13 12:32:38,41,45,6836,13061
2023-07-13 12:32:45,42,45,6836,13061
2023-07-13 12:33:04,41,45,6836,13061
2023-07-13 12:33:14,41,44,6836,13061
2023-07-13 12:33:19,41,45,6836,13061
2023-07-13 12:33:30,41,44,6836,13061
2023-07-13 12:33:33,41,45,6836,13061
2023-07-13 12:33:33,41,44,6836,13061
2023-07-13 12:33:41,42,44,6836,13061
2023-07-13 12:33:43,42,45,6859,13084
2023-07-13 12:34:31,42,44,6859,13084
2023-07-13 12:34:32,42,45,6859,13084
2023-07-13 12:34:34,42,44,6859,13084
2023-07-13 12:34:50,42,45,6859,13084
2023-07-13 12:35:08,42,44,6859,13084
2023-07-13 12:35:09,42,45,6859,13084
2023-07-13 12:35:16,42,44,6859,13084
2023-07-13 12:35:19,42,45,6859,13084
2023-07-13 12:35:42,44,45,6859,13084
2023-07-13 12:35:44,44,46,6882,13134
2023-07-13 12:35:51,44,47,6882,13134
2023-07-13 12:35:51,44,45,6882,13134
2023-07-13 12:35:59,42,45,6932,13207
2023-07-13 12:36:03,42,44,6932,13207
2023-07-13 12:36:57,42,43,6932,13207
2023-07-13 12:37:01,42,44,6932,13207
2023-07-13 12:37:13,42,43,6932,13207
2023-07-13 12:37:14,42,44,6932,13207
2023-07-13 12:37:20,42,43,6932,13207
2023-07-13 12:37:23,42,44,6932,13207
2023-07-13 12:38:08,42,45,6955,13230
2023-07-13 12:39:43,43,45,6955,13230
2023-07-13 12:39:47,44,45,6955,13230
2023-07-13 12:39:48,44,46,6978,13253
2023-07-13 12:39:53,45,46,6978,13253
2023-07-13 12:39:56,43,45,6878,13353
2023-07-13 12:40:39,43,44,6878,13353
2023-07-13 12:40:42,43,45,6878,13353
2023-07-13 12:41:56,43,46,6901,13376
2023-07-13 12:42:12,45,46,6901,13376
2023-07-13 12:42:16,45,46,6901,13384
2023-07-13 12:42:24,45,47,6916,13399
2023-07-13 12:42:42,45,46,6916,13399
2023-07-13 12:43:44,44,45,6900,13415
2023-07-13 12:44:46,43,45,6900,13484
2023-07-13 12:46:46,44,45,6900,13484
2023-07-13 12:47:09,44,46,6923,13507
2023-07-13 12:47:59,44,47,6946,13530
2023-07-13 12:48:41,46,47,6946,13530
2023-07-13 12:48:54,46,48,6992,13576
2023-07-13 12:50:28,46,47,6992,13576
2023-07-13 12:50:31,46,48,6992,13576
2023-07-13 12:50:31,46,47,6992,13576
2023-07-13 12:51:32,45,46,6946,13622
2023-07-13 12:51:37,44,46,7046,13791
2023-07-13 12:51:47,44,45,7046,13791
2023-07-13 12:52:11,43,45,7046,13860
2023-07-13 12:52:12,43,44,7046,13860
2023-07-13 12:52:12,43,45,7046,13860
2023-07-13 12:52:36,41,45,7171,14055
2023-07-13 12:52:44,41,44,7171,14055
2023-07-13 12:52:52,41,43,7171,14055
2023-07-13 12:53:44,41,44,7194,14078
2023-07-13 12:53:48,42,44,7194,14078
2023-07-13 12:55:47,42,45,7217,14176
2023-07-13 12:55:49,44,45,7217,14176
2023-07-13 12:56:11,44,46,7240,14199
2023-07-13 12:56:46,46,48,7263,14347
2023-07-13 12:56:47,45,48,7263,14347
2023-07-13 12:56:49,45,50,7263,14347
2023-07-13 12:56:49,47,50,7263,14347
2023-07-13 12:56:49,47,49,7263,14347
2023-07-13 12:57:20,49,51,7286,14370
2023-07-13 12:57:49,47,51,7286,14370
2023-07-13 12:57:49,49,51,7286,14370
2023-07-13 12:58:19,49,50,7286,14370
2023-07-13 12:58:50,47,50,7286,14370
2023-07-13 12:58:50,47,49,7286,14370
2023-07-13 12:59:18,47,48,7286,14370
2023-07-13 12:59:22,47,49,7286,14370
2023-07-13 12:59:36,47,48,7286,14370
2023-07-13 12:59:50,45,47,7263,14393
2023-07-13 13:00:24,45,47,7251,14405
2023-07-13 13:00:34,45,47,7246,14410
2023-07-13 13:00:50,46,47,7246,14410
2023-07-13 13:01:06,46,48,7269,14433
2023-07-13 13:01:40,47,48,7269,14433
2023-07-13 13:01:40,48,49,7292,14456
2023-07-13 13:01:44,48,49,7292,14459
2023-07-13 13:01:47,48,50,7312,14479
2023-07-13 13:01:51,49,50,7312,14479
2023-07-13 13:02:28,49,51,7335,14502
2023-07-13 13:02:32,48,51,7335,14502
2023-07-13 13:02:32,49,51,7335,14502
2023-07-13 13:03:30,49,50,7335,14502
2023-07-13 13:03:45,48,50,7485,14698
2023-07-13 13:04:48,49,50,7485,14698
2023-07-13 13:04:51,48,50,7485,14698
2023-07-13 13:04:51,49,50,7485,14698
2023-07-13 13:05:37,48,49,7485,14748
2023-07-13 13:05:38,48,50,7485,14748
2023-07-13 13:05:39,48,49,7485,14748
2023-07-13 13:06:26,48,50,7508,14796
2023-07-13 13:06:48,48,51,7531,14819
2023-07-13 13:06:52,50,51,7531,14819
2023-07-13 13:07:08,50,52,7531,14842
2023-07-13 13:07:15,51,52,7531,14842
2023-07-13 13:07:18,51,52,7531,15242
2023-07-13 13:07:18,51,52,7531,15642
2023-07-13 13:07:19,51,54,7431,15765
2023-07-13 13:07:21,51,53,7431,15765
2023-07-13 13:07:22,51,54,7431,15765
2023-07-13 13:07:24,51,53,7431,15765
2023-07-13 13:07:40,51,54,7431,15788
2023-07-13 13:07:45,53,54,7431,15788
2023-07-13 13:08:23,54,55,7454,15811
2023-07-13 13:08:24,53,55,7454,15811
2023-07-13 13:08:42,54,55,7454,15811
2023-07-13 13:08:47,53,55,7454,15811
2023-07-13 13:08:49,54,55,7454,15811
2023-07-13 13:08:52,53,55,7454,15811
2023-07-13 13:09:00,54,55,7454,15811
2023-07-13 13:09:03,54,55,7587,16211
2023-07-13 13:09:04,53,55,7587,16211
2023-07-13 13:09:04,53,55,7787,16411
2023-07-13 13:09:04,53,55,8187,16811
2023-07-13 13:09:05,53,55,8587,17211
2023-07-13 13:09:06,53,56,8633,17257
2023-07-13 13:09:06,54,56,8633,17257
2023-07-13 13:09:08,53,56,8633,17257
2023-07-13 13:09:13,54,56,8633,17257
2023-07-13 13:09:14,53,56,8633,17257
2023-07-13 13:09:17,54,56,8633,17257
2023-07-13 13:09:21,54,56,8650,17657
2023-07-13 13:09:27,54,58,8679,17686
2023-07-13 13:09:38,54,57,8679,17686
2023-07-13 13:09:39,54,58,8679,17686
2023-07-13 13:09:44,54,57,8679,17686
2023-07-13 13:10:15,54,58,8702,17709
2023-07-13 13:10:19,55,58,8702,17709
2023-07-13 13:10:52,57,58,8702,17709
2023-07-13 13:11:05,57,58,8747,17754
2023-07-13 13:11:47,56,57,8747,17809
2023-07-13 13:11:48,56,58,8747,17809
2023-07-13 13:11:53,55,58,8747,17809
2023-07-13 13:11:53,56,58,8747,17809
2023-07-13 13:12:29,56,57,8747,17809
2023-07-13 13:12:31,55,57,8724,17882
2023-07-13 13:12:47,54,57,8655,17951
2023-07-13 13:12:49,54,55,8655,17951
2023-07-13 13:12:53,54,55,8630,17976
2023-07-13 13:12:53,54,55,8630,18001
2023-07-13 13:12:53,52,54,8610,18021
2023-07-13 13:12:54,52,54,8630,18041
2023-07-13 13:12:54,52,53,8630,18041
2023-07-13 13:13:41,51,53,8562,18209
2023-07-13 13:13:45,50,53,8562,18209
2023-07-13 13:13:54,51,53,8562,18209
2023-07-13 13:14:10,50,51,8562,18359
2023-07-13 13:14:11,50,53,8562,18359
2023-07-13 13:14:45,49,53,8562,18359
2023-07-13 13:14:46,49,52,8562,18359
2023-07-13 13:14:54,50,52,8562,18359
2023-07-13 13:16:19,49,52,8562,18559
2023-07-13 13:16:38,49,51,8562,18559
2023-07-13 13:16:39,48,51,8562,18559
2023-07-13 13:16:54,48,50,8562,18559
2023-07-13 13:16:54,48,50,8962,18959
2023-07-13 13:17:25,48,49,8962,18959
2023-07-13 13:17:25,46,49,8939,19182
2023-07-13 13:17:54,48,49,8939,19182
2023-07-13 13:18:14,47,49,8939,19182
2023-07-13 13:19:07,47,50,8962,19455
2023-07-13 13:19:34,47,49,8962,19455
2023-07-13 13:19:54,46,49,8916,19501
2023-07-13 13:19:55,46,47,8916,19501
2023-07-13 13:20:09,45,47,8847,19570
2023-07-13 13:20:13,46,47,8847,19570
2023-07-13 13:20:19,46,49,8870,19643
2023-07-13 13:20:19,46,48,8870,19643
2023-07-13 13:20:20,46,49,8870,19643
2023-07-13 13:20:35,47,49,8870,19643
2023-07-13 13:21:55,46,49,8870,19643
2023-07-13 13:21:55,46,48,8870,19643
2023-07-13 13:22:48,46,47,8870,19643
2023-07-13 13:22:55,46,48,8870,19643
2023-07-13 13:22:55,46,47,8870,19643
2023-07-13 13:23:43,46,48,8893,19866
2023-07-13 13:23:55,46,47,8893,19866
2023-07-13 13:24:44,45,47,8893,19889
2023-07-13 13:25:56,45,46,8893,19889
2023-07-13 13:27:22,44,46,8893,19959
2023-07-13 13:27:56,44,45,8893,19959
2023-07-13 13:28:56,42,44,8870,19982
2023-07-13 13:28:59,42,45,8870,20059
2023-07-13 13:29:38,43,45,8870,20059
2023-07-13 13:29:44,44,45,8870,20059
2023-07-13 13:29:48,44,46,8893,20082
2023-07-13 13:29:56,43,46,8893,20082
2023-07-13 13:29:56,44,46,8893,20082
2023-07-13 13:30:32,44,45,8893,20082
2023-07-13 13:30:56,42,44,8847,20128
2023-07-13 13:30:58,42,45,8847,20132
2023-07-13 13:31:50,41,45,8847,20132
2023-07-13 13:31:50,41,44,8847,20132
2023-07-13 13:31:52,41,45,8847,20332
2023-07-13 13:31:56,41,44,8847,20332
2023-07-13 13:31:57,42,44,8847,20332
2023-07-13 13:32:18,42,43,8847,20332
2023-07-13 13:32:22,40,42,8847,20432
2023-07-13 13:32:22,40,43,8847,20432
2023-07-13 13:32:30,40,43,8847,20462
2023-07-13 13:32:35,40,43,8802,20507
2023-07-13 13:32:47,40,42,8802,20507
2023-07-13 13:32:50,40,42,8802,20509
2023-07-13 13:32:53,40,43,8802,20509
2023-07-13 13:32:53,40,42,8802,20509
2023-07-13 13:32:57,41,42,8802,20509
2023-07-13 13:32:58,41,43,8802,20509
2023-07-13 13:33:05,41,44,8825,20532
2023-07-13 13:33:09,42,44,8825,20532
2023-07-13 13:33:12,42,45,8848,20555
2023-07-13 13:33:17,42,44,8848,20555
2023-07-13 13:33:53,42,45,8871,20578
2023-07-13 13:34:00,42,44,8871,20578
2023-07-13 13:34:01,42,45,8871,20896
2023-07-13 13:34:02,41,45,8871,20896
2023-07-13 13:34:02,41,44,8871,20896
2023-07-13 13:34:21,41,43,8871,20896
2023-07-13 13:35:20,41,44,8894,20919
2023-07-13 13:35:54,42,44,8894,20919
2023-07-13 13:36:03,42,45,8894,20919
2023-07-13 13:36:46,42,44,8894,20919
2023-07-13 13:41:13,42,43,8894,20919
2023-07-13 13:41:18,41,43,8824,20989
2023-07-13 13:41:33,41,42,8824,20989
2023-07-13 13:42:22,40,42,8824,21059
2023-07-13 13:43:59,41,42,8824,21059
2023-07-13 13:44:06,41,43,8847,21082
2023-07-13 13:44:06,41,42,8847,21082
2023-07-13 13:44:08,41,43,8847,21082
2023-07-13 13:44:46,41,44,8870,21105
2023-07-13 13:44:46,41,43,8870,21105
2023-07-13 13:44:47,41,44,8916,21151
2023-07-13 13:44:59,42,44,8916,21151
2023-07-13 13:46:49,42,44,8916,21158
2023-07-13 13:47:43,43,44,8916,21158
2023-07-13 13:47:54,43,45,8939,21281
2023-07-13 13:49:00,43,44,8939,21281
2023-07-13 13:50:26,43,45,8962,21304
2023-07-13 13:50:27,44,45,8962,21304
2023-07-13 13:50:30,44,46,8985,21327
2023-07-13 13:50:38,44,47,9008,21350
2023-07-13 13:50:40,45,47,9008,21350
2023-07-13 13:50:42,44,47,9008,21350
2023-07-13 13:51:44,44,46,9008,21350
2023-07-13 13:52:11,43,46,9258,21646
2023-07-13 13:52:55,43,45,9258,21646
2023-07-13 13:53:07,43,46,9258,21646
2023-07-13 13:54:02,44,46,9258,21646
2023-07-13 13:56:02,46,47,9281,21669
2023-07-13 13:56:29,46,49,9281,21669
2023-07-13 13:56:32,46,48,9281,21669
2023-07-13 13:57:02,44,48,9281,21669
2023-07-13 13:57:02,44,47,9281,21669
2023-07-13 13:57:02,43,47,9281,21669
2023-07-13 13:57:03,45,47,9281,21669
2023-07-13 13:57:18,45,46,9281,21669
2023-07-13 13:57:18,43,46,9258,21742
2023-07-13 13:57:50,44,46,9258,21742
2023-07-13 13:58:01,43,46,9258,21742
2023-07-13 13:58:03,45,46,9258,21742
2023-07-13 13:59:03,44,46,9258,21742
2023-07-13 13:59:03,45,46,9258,21742
2023-07-13 13:59:13,45,47,9258,21742
2023-07-13 14:01:04,44,47,9258,21742
2023-07-13 14:01:04,45,47,9258,21742
2023-07-13 14:02:04,44,47,9258,21742
2023-07-13 14:02:04,46,47,9258,21742
2023-07-13 14:02:07,46,48,9258,21742
2023-07-13 14:02:59,46,47,9258,21742
2023-07-13 14:02:59,44,47,9258,21942
2023-07-13 14:03:04,43,47,9258,21942
2023-07-13 14:03:04,44,47,9258,21942
2023-07-13 14:04:05,43,47,9258,21942
2023-07-13 14:04:05,44,47,9258,21942
2023-07-13 14:04:40,44,46,9258,21942
2023-07-13 14:04:40,44,47,9258,21942
2023-07-13 14:05:05,44,46,9258,21942
2023-07-13 14:05:46,43,46,9258,22092
2023-07-13 14:05:55,43,45,9258,22092
2023-07-13 14:06:05,43,44,9258,22092
2023-07-13 14:06:06,42,44,9188,22167
2023-07-13 14:06:35,42,43,9188,22167
2023-07-13 14:06:50,42,43,9188,22242
2023-07-13 14:06:50,40,43,9188,22242
2023-07-13 14:07:06,41,43,9188,22242
2023-07-13 14:07:35,40,43,9273,22357
2023-07-13 14:07:45,40,42,9273,22357
2023-07-13 14:07:45,39,42,9273,22378
2023-07-13 14:07:45,38,42,9273,22378
2023-07-13 14:07:45,38,40,9273,22378
2023-07-13 14:07:49,37,40,9473,22578
2023-07-13 14:07:59,36,40,9473,22578
2023-07-13 14:08:03,37,40,9473,22578
2023-07-13 14:08:06,37,39,9473,22578
2023-07-13 14:08:19,37,38,9473,22578
2023-07-13 14:08:19,35,38,9473,22578
2023-07-13 14:08:19,35,37,9473,22578
2023-07-13 14:08:26,35,38,9473,22578
2023-07-13 14:08:26,33,38,9473,22578
2023-07-13 14:08:26,34,38,9473,22578
2023-07-13 14:08:26,34,36,9473,22578
2023-07-13 14:08:35,32,36,9473,22578
2023-07-13 14:08:35,33,36,9473,22578
2023-07-13 14:08:35,33,35,9473,22578
2023-07-13 14:08:40,33,34,9473,22578
2023-07-13 14:08:40,31,34,9573,22678
2023-07-13 14:09:06,32,34,9573,22678
2023-07-13 14:09:22,33,34,9573,22678
2023-07-13 14:09:24,32,34,9573,22678
2023-07-13 14:09:24,32,35,9591,22846
2023-07-13 14:10:04,32,35,9601,22856
2023-07-13 14:10:07,33,35,9601,22856
2023-07-13 14:10:15,33,34,9601,22856
2023-07-13 14:10:15,32,34,9701,22984
2023-07-13 14:10:15,33,34,9701,22984
2023-07-13 14:10:16,32,34,9701,23012
2023-07-13 14:10:34,31,34,9701,23030
2023-07-13 14:10:46,31,33,9701,23030
2023-07-13 14:10:46,30,33,9701,23058
2023-07-13 14:10:55,30,32,9701,23058
2023-07-13 14:10:56,29,32,10001,23358
2023-07-13 14:11:07,30,32,10001,23358
2023-07-13 14:11:07,29,32,10151,23508
2023-07-13 14:11:10,28,32,10151,23508
2023-07-13 14:11:20,28,31,10151,23508
2023-07-13 14:11:33,28,31,10152,23509
2023-07-13 14:11:44,29,31,10152,23509
2023-07-13 14:11:51,29,32,10170,23527
2023-07-13 14:11:51,29,32,10167,23530
2023-07-13 14:11:59,28,32,10167,23930
2023-07-13 14:12:38,28,31,10167,23930
2023-07-13 14:12:38,28,32,10167,23930
2023-07-13 14:13:02,31,32,10167,23930
2023-07-13 14:13:02,28,32,10267,24030
2023-07-13 14:13:08,28,31,10267,24030
2023-07-13 14:13:18,28,31,10260,24037
2023-07-13 14:13:54,28,32,10278,24055
2023-07-13 14:13:54,28,31,10278,24055
2023-07-13 14:14:10,28,31,10622,24405
2023-07-13 14:14:12,28,32,10622,24405
2023-07-13 14:14:12,27,32,10586,24627
2023-07-13 14:14:15,27,31,10586,24627
2023-07-13 14:14:16,27,31,10586,24644
2023-07-13 14:14:17,27,31,10586,24994
2023-07-13 14:14:44,27,30,10586,24994
2023-07-13 14:14:45,27,30,10572,25008
2023-07-13 14:14:47,27,31,10572,25008
2023-07-13 14:14:48,27,30,10572,25008
2023-07-13 14:15:08,27,30,10572,25040
2023-07-13 14:15:19,27,29,10572,25040
2023-07-13 14:15:20,27,29,10562,25050
2023-07-13 14:15:23,27,30,10562,25050
2023-07-13 14:15:24,29,30,10562,25050
2023-07-13 14:15:31,27,29,10562,25052
2023-07-13 14:15:47,27,29,10561,25053
2023-07-13 14:15:58,26,27,10526,25088
2023-07-13 14:16:15,26,28,10526,25088
2023-07-13 14:16:15,25,26,10508,25106
2023-07-13 14:16:18,25,28,10508,25106
2023-07-13 14:16:18,25,27,10508,25106
2023-07-13 14:16:20,25,26,10508,25106
2023-07-13 14:16:23,25,26,10500,25114
2023-07-13 14:16:31,25,26,10480,25134
2023-07-13 14:16:38,23,25,10782,25457
2023-07-13 14:16:43,23,25,10782,25480
2023-07-13 14:17:02,23,25,10782,25488
2023-07-13 14:17:08,24,25,10782,25488
2023-07-13 14:17:12,24,25,10782,25497
2023-07-13 14:17:38,24,25,10782,25501
2023-07-13 14:17:45,24,25,10782,25901
2023-07-13 14:17:45,24,25,10782,26301
2023-07-13 14:17:46,24,25,10782,26311
2023-07-13 14:17:46,24,25,10909,26711
2023-07-13 14:17:46,24,25,11259,27061
2023-07-13 14:17:46,24,26,11348,27152
2023-07-13 14:17:48,24,27,11366,27170
2023-07-13 14:18:40,25,27,11366,27170
2023-07-13 14:18:41,26,27,11366,27170
2023-07-13 14:18:48,26,27,11716,27520
2023-07-13 14:18:51,26,27,11716,27525
2023-07-13 14:18:53,26,27,12066,27875
2023-07-13 14:18:55,26,27,12416,28225
2023-07-13 14:18:56,26,30,12416,28225
2023-07-13 14:18:56,27,30,12416,28225
2023-07-13 14:18:56,26,30,12416,28225
2023-07-13 14:18:57,26,30,12409,28232
2023-07-13 14:19:08,27,30,12409,28232
2023-07-13 14:19:21,27,29,12409,28232
2023-07-13 14:19:22,27,30,12409,28232
2023-07-13 14:19:24,27,29,12409,28232
2023-07-13 14:20:09,26,29,12409,28232
2023-07-13 14:20:11,28,29,12409,28232
2023-07-13 14:20:14,26,29,12409,28332
2023-07-13 14:20:14,26,28,12409,28332
2023-07-13 14:20:17,26,29,12409,28332
2023-07-13 14:20:28,26,28,12409,28332
2023-07-13 14:20:42,26,27,12409,28332
2023-07-13 14:20:44,26,28,12409,28332
2023-07-13 14:20:46,26,27,12409,28332
2023-07-13 14:20:57,26,28,12409,28332
2023-07-13 14:22:05,26,27,12409,28332
2023-07-13 14:22:10,26,28,12409,28332
2023-07-13 14:22:14,26,27,12409,28332
2023-07-13 14:22:19,25,26,12391,28350
2023-07-13 14:22:19,25,27,12391,28350
2023-07-13 14:23:38,24,27,12357,28386
2023-07-13 14:23:45,25,27,12357,28386
2023-07-13 14:25:07,26,27,12357,28386
2023-07-13 14:25:08,25,27,12357,28386
2023-07-13 14:25:09,25,27,12355,28390
2023-07-13 14:25:10,27,28,12369,28404
2023-07-13 14:25:23,27,29,12369,28404
2023-07-13 14:25:24,28,29,12369,28404
2023-07-13 14:25:29,28,30,12387,28422
2023-07-13 14:25:30,29,30,12387,28422
2023-07-13 14:25:31,31,34,12405,28440
2023-07-13 14:25:31,31,33,12405,28440
2023-07-13 14:25:37,31,35,12405,28440
2023-07-13 14:25:37,31,34,12405,28440
2023-07-13 14:25:44,31,36,12405,28440
2023-07-13 14:25:44,31,34,12405,28440
2023-07-13 14:26:07,32,34,12405,28440
2023-07-13 14:26:07,34,38,12441,28476
2023-07-13 14:26:07,34,37,12441,28476
2023-07-13 14:26:08,32,37,12441,28476
2023-07-13 14:26:08,33,37,12441,28476
2023-07-13 14:26:08,34,37,12441,28476
2023-07-13 14:26:08,36,37,12441,28476
2023-07-13 14:26:10,34,37,12441,28476
2023-07-13 14:26:10,36,37,12441,28476
2023-07-13 14:26:16,33,37,12441,28476
2023-07-13 14:26:16,35,37,12441,28476
2023-07-13 14:26:26,35,36,12441,28476
2023-07-13 14:26:29,35,37,12441,28476
2023-07-13 14:26:29,35,36,12441,28476
2023-07-13 14:26:29,33,35,12441,28526
2023-07-13 14:26:35,33,37,12441,28526
2023-07-13 14:26:35,33,36,12441,28526
2023-07-13 14:27:05,34,36,12441,28526
2023-07-13 14:27:07,33,36,12441,28526
2023-07-13 14:27:10,34,36,12441,28526
2023-07-13 14:27:34,34,37,12459,28544
2023-07-13 14:27:36,35,37,12459,28544
2023-07-13 14:27:36,37,39,12477,28562
2023-07-13 14:28:11,35,39,12477,28562
2023-07-13 14:28:11,36,39,12477,28562
2023-07-13 14:28:15,36,38,12477,28562
2023-07-13 14:28:19,36,39,12477,28562
2023-07-13 14:28:46,36,38,12477,28562
2023-07-13 14:28:46,34,38,12491,28730
2023-07-13 14:28:53,34,37,12491,28730
2023-07-13 14:29:11,35,37,12491,28730
2023-07-13 14:29:56,35,38,12509,28748
2023-07-13 14:30:03,36,38,12509,28748
2023-07-13 14:30:11,37,38,12509,28748
2023-07-13 14:30:19,37,38,12521,28760
2023-07-13 14:30:31,35,38,12521,28760
2023-07-13 14:30:31,36,38,12521,28760
2023-07-13 14:30:44,36,39,12527,28866
2023-07-13 14:30:54,37,39,12527,28866
2023-07-13 14:30:55,38,39,12527,28866
2023-07-13 14:30:55,39,40,12545,28884
2023-07-13 14:31:01,37,40,12545,28884
2023-07-13 14:31:01,38,40,12545,28884
2023-07-13 14:31:11,37,40,12545,28884
2023-07-13 14:31:12,39,40,12545,28884
2023-07-13 14:31:42,39,40,12545,28930
2023-07-13 14:32:06,37,40,12549,28934
2023-07-13 14:32:12,36,40,12549,28934
2023-07-13 14:32:12,37,40,12549,28934
2023-07-13 14:33:10,37,39,12549,28934
2023-07-13 14:33:10,36,39,12649,29070
2023-07-13 14:33:23,36,38,12649,29070
2023-07-13 14:33:28,34,38,12649,29100
2023-07-13 14:33:30,34,37,12649,29100
2023-07-13 14:33:35,32,37,12799,29250
2023-07-13 14:33:39,32,35,12799,29250
2023-07-13 14:34:04,32,35,13199,29650
2023-07-13 14:34:04,31,35,13299,29792
2023-07-13 14:34:04,31,32,13299,29792
2023-07-13 14:34:04,31,35,13299,29792
2023-07-13 14:34:05,30,35,13299,29792
2023-07-13 14:34:15,30,34,13299,29792
2023-07-13 14:34:18,30,35,13299,29792
2023-07-13 14:34:19,31,35,13299,29792
2023-07-13 14:34:27,30,35,13299,29792
2023-07-13 14:34:33,31,35,13299,29792
2023-07-13 14:34:47,31,34,13299,29792
2023-07-13 14:35:19,30,34,13299,29834
2023-07-13 14:35:22,30,33,13299,29834
2023-07-13 14:35:23,29,33,13299,29834
2023-07-13 14:35:39,28,33,13299,29834
2023-07-13 14:35:52,28,32,13299,29834
2023-07-13 14:35:58,28,31,13299,29834
2023-07-13 14:36:20,27,31,13325,29870
2023-07-13 14:36:30,27,30,13325,29870
2023-07-13 14:36:43,28,30,13325,29870
2023-07-13 14:37:18,29,30,13325,29870
2023-07-13 14:37:24,28,30,13325,29870
2023-07-13 14:37:36,30,31,13340,29911
2023-07-13 14:37:36,28,31,13359,29930
2023-07-13 14:37:40,28,30,13359,29930
2023-07-13 14:37:46,29,30,13359,29930
2023-07-13 14:37:49,28,30,13359,29930
2023-07-13 14:38:41,29,30,13359,29930
2023-07-13 14:38:53,29,31,13359,29930
2023-07-13 14:38:53,30,31,13359,29930
2023-07-13 14:39:07,31,32,13400,29971
2023-07-13 14:39:14,32,33,13418,29989
2023-07-13 14:39:26,32,38,13436,30007
2023-07-13 14:39:26,32,37,13436,30007
2023-07-13 14:39:26,33,37,13436,30007
2023-07-13 14:39:27,33,35,13436,30007
2023-07-13 14:39:27,33,34,13436,30007
2023-07-13 14:39:39,32,34,13436,30007
2023-07-13 14:39:53,31,34,13436,30007
2023-07-13 14:40:00,31,34,13446,30017
2023-07-13 14:40:04,32,34,13446,30017
2023-07-13 14:40:09,33,34,13446,30017
2023-07-13 14:40:14,34,35,13454,30025
2023-07-13 14:40:47,33,35,13596,30167
2023-07-13 14:41:05,32,35,13596,30177
2023-07-13 14:41:06,32,34,13596,30177
2023-07-13 14:41:11,30,34,13596,30205
2023-07-13 14:41:14,29,34,13596,30205
2023-07-13 14:41:15,30,34,13596,30205
2023-07-13 14:41:15,30,33,13596,30205
2023-07-13 14:41:21,30,32,13596,30205
2023-07-13 14:41:26,29,32,13596,30205
2023-07-13 14:41:27,29,31,13596,30205
2023-07-13 14:41:49,28,31,13596,30265
2023-07-13 14:42:15,29,31,13596,30265
2023-07-13 14:44:29,28,31,13584,30677
2023-07-13 14:44:30,29,31,13584,30677
2023-07-13 14:44:33,29,31,13593,30686
2023-07-13 14:44:40,28,31,13593,31086
2023-07-13 14:44:41,29,31,13593,31086
2023-07-13 14:45:34,28,31,13602,31104
2023-07-13 14:45:35,28,30,13602,31104
2023-07-13 14:45:46,26,30,13812,31314
2023-07-13 14:45:48,26,31,13812,31314
2023-07-13 14:45:48,26,29,13812,31314
2023-07-13 14:45:52,26,28,13812,31314
2023-07-13 14:46:00,26,29,13812,31314
2023-07-13 14:46:15,24,29,13812,31314
2023-07-13 14:46:16,25,29,13812,31314
2023-07-13 14:46:19,24,29,13812,31314
2023-07-13 14:46:21,24,28,13812,31314
2023-07-13 14:46:28,24,29,13812,31314
2023-07-13 14:46:31,24,28,13812,31314
2023-07-13 14:46:33,23,28,13812,31314
2023-07-13 14:46:36,23,27,13812,31314
2023-07-13 14:46:38,22,27,13812,31314
2023-07-13 14:47:06,23,27,13812,31314
2023-07-13 14:47:10,24,27,13812,31314
2023-07-13 14:47:11,24,27,13799,31327
2023-07-13 14:47:15,25,27,13799,31327
2023-07-13 14:47:29,23,27,13399,31727
2023-07-13 14:47:32,22,27,13399,31727
2023-07-13 14:47:33,22,26,13399,31727
2023-07-13 14:47:33,22,25,13399,31727
2023-07-13 14:47:35,22,26,13382,31744
2023-07-13 14:47:48,22,25,13382,31744
2023-07-13 14:47:48,23,25,13382,31744
2023-07-13 14:48:08,23,25,13378,31748
2023-07-13 14:48:26,23,25,13378,31798
2023-07-13 14:49:20,23,25,13128,32048
2023-07-13 14:50:07,22,25,13128,32198
2023-07-13 14:50:47,22,24,13128,32198
2023-07-13 14:50:54,22,25,13128,32198
2023-07-13 14:50:57,21,25,13146,32216
2023-07-13 14:51:00,21,24,13146,32216
2023-07-13 14:51:05,21,25,13146,32216
2023-07-13 14:51:11,21,24,13146,32216
2023-07-13 14:51:12,21,24,13141,32221
2023-07-13 14:51:28,20,24,13141,32221
2023-07-13 14:51:30,20,23,13141,32221
2023-07-13 14:51:32,20,23,13133,32229
2023-07-13 14:51:52,20,22,13133,32229
2023-07-13 14:51:53,20,22,13122,32240
2023-07-13 14:52:02,20,23,13122,32240
2023-07-13 14:52:13,20,22,13122,32240
2023-07-13 14:52:20,20,22,13123,32241
2023-07-13 14:53:06,20,21,13123,32241
2023-07-13 14:53:12,20,22,13123,32241
2023-07-13 14:54:10,20,23,13123,32257
2023-07-13 14:54:22,20,23,13111,32269
2023-07-13 14:54:27,21,23,13111,32269
2023-07-13 14:54:34,21,23,13098,32282
2023-07-13 14:54:34,21,24,13090,32290
2023-07-13 14:54:56,21,25,13098,32324
2023-07-13 14:54:58,23,25,13098,32324
2023-07-13 14:54:58,23,27,13113,32339
2023-07-13 14:54:59,23,26,13113,32339
2023-07-13 14:55:14,23,25,13113,32339
2023-07-13 14:55:16,23,26,13113,32339
2023-07-13 14:55:17,23,25,13113,32339
2023-07-13 14:55:22,23,26,13113,32339
2023-07-13 14:55:23,23,25,13113,32339
2023-07-13 14:56:01,23,24,13113,32339
2023-07-13 14:56:04,23,25,13113,32339
2023-07-13 14:56:04,22,23,13090,32377
2023-07-13 14:56:20,21,22,13090,32515
2023-07-13 14:56:21,21,23,13090,32515
2023-07-13 14:57:12,21,23,13085,32520
2023-07-13 14:57:17,21,24,13075,32530
2023-07-13 14:57:34,21,23,13075,32530
2023-07-13 14:57:55,21,22,13075,32530
2023-07-13 14:57:56,21,23,13075,32530
2023-07-13 14:57:56,20,21,13075,32698
2023-07-13 14:57:56,20,23,13075,32698
2023-07-13 14:57:56,20,22,13075,32698
2023-07-13 14:58:01,20,21,13075,32698
2023-07-13 14:58:12,20,22,13075,32698
2023-07-13 14:58:14,20,21,13075,32698
2023-07-13 14:58:46,19,20,12975,33066
2023-07-13 14:58:46,19,21,12975,33066
2023-07-13 14:58:48,20,21,12975,33066
2023-07-13 14:59:30,19,21,12981,33081
2023-07-13 14:59:56,19,20,12981,33081
2023-07-13 14:59:58,18,20,13099,33199
2023-07-13 15:00:11,18,19,13099,33199
2023-07-13 15:00:17,18,20,13099,33199
2023-07-13 15:00:28,18,20,13096,33204
2023-07-13 15:01:19,18,19,13096,33204
2023-07-13 15:01:20,17,19,13282,33390
2023-07-13 15:01:23,17,20,13282,33390
2023-07-13 15:01:23,18,20,13282,33390
2023-07-13 15:01:25,17,20,13282,33390
2023-07-13 15:01:32,17,19,13282,33390
2023-07-13 15:01:43,17,18,13282,33390
2023-07-13 15:01:50,17,18,13313,33440
2023-07-13 15:01:54,16,17,13413,33540
2023-07-13 15:01:59,16,17,13419,33546
2023-07-13 15:02:06,16,17,13454,33581
2023-07-13 15:02:10,15,16,13604,33731
2023-07-13 15:02:28,15,16,13612,33739
2023-07-13 15:02:30,15,17,13612,33739
2023-07-13 15:02:46,15,16,13612,33739
2023-07-13 15:03:00,13,15,14130,34257
2023-07-13 15:03:05,12,15,14130,34257
2023-07-13 15:03:05,13,15,14130,34257
2023-07-13 15:03:22,12,15,14130,34289
2023-07-13 15:03:31,12,15,14141,34300
2023-07-13 15:03:33,12,14,14141,34300
2023-07-13 15:03:48,12,13,14141,34300
2023-07-13 15:03:49,12,13,14157,34316
2023-07-13 15:03:50,12,14,14157,34316
2023-07-13 15:03:51,12,13,14157,34316
2023-07-13 15:04:18,12,13,14166,34325
2023-07-13 15:04:20,12,14,14166,34325
2023-07-13 15:04:28,12,13,14166,34325
2023-07-13 15:04:43,12,13,14335,34494
2023-07-13 15:04:43,9,13,14504,34663
2023-07-13 15:05:07,10,13,14504,34663
2023-07-13 15:05:20,10,13,14504,34664
2023-07-13 15:05:24,10,12,14504,34664
2023-07-13 15:05:36,10,13,14504,34664
2023-07-13 15:06:02,10,12,14504,34664
2023-07-13 15:06:06,10,13,14504,34664
2023-07-13 15:06:36,11,13,14504,34664
2023-07-13 15:06:56,12,13,14504,34664
2023-07-13 15:07:03,13,15,14504,34682
2023-07-13 15:07:03,13,14,14504,34682
2023-07-13 15:07:42,13,14,14504,34791
2023-07-13 15:07:45,11,13,14680,34967
2023-07-13 15:07:45,10,13,14680,34967
2023-07-13 15:08:33,10,15,14680,34967
2023-07-13 15:08:33,11,15,14680,34967
2023-07-13 15:08:36,11,16,14680,34967
2023-07-13 15:08:36,11,15,14680,34967
2023-07-13 15:08:42,12,15,14680,34967
2023-07-13 15:08:44,12,14,14680,34967
2023-07-13 15:08:55,12,16,14680,34967
2023-07-13 15:09:09,12,15,14680,34967
2023-07-13 15:09:13,12,16,14680,34967
2023-07-13 15:09:14,12,15,14680,34967
2023-07-13 15:09:17,12,16,14680,34967
2023-07-13 15:09:19,12,15,14680,34967
2023-07-13 15:09:42,12,14,14680,34967
2023-07-13 15:09:46,10,14,14680,34967
2023-07-13 15:10:16,10,13,14680,34967
2023-07-13 15:10:52,9,13,14711,34998
2023-07-13 15:10:56,9,12,14711,34998
2023-07-13 15:11:20,9,11,14711,34998
2023-07-13 15:11:21,9,12,14711,34998
2023-07-13 15:11:31,9,11,14711,34998
2023-07-13 15:11:32,9,11,14745,35032
2023-07-13 15:11:39,8,11,14916,35203
2023-07-13 15:11:39,8,10,14916,35203
2023-07-13 15:11:40,8,11,14916,35203
2023-07-13 15:11:42,8,9,14916,35203
2023-07-13 15:11:42,7,9,14916,35203
2023-07-13 15:11:44,7,9,14974,35261
2023-07-13 15:11:46,8,9,14974,35261
2023-07-13 15:11:57,8,11,14974,35261
2023-07-13 15:12:00,9,11,14974,35261
2023-07-13 15:12:06,9,10,14974,35261
2023-07-13 15:12:12,9,11,14974,35261
2023-07-13 15:12:24,8,9,15174,35461
2023-07-13 15:12:26,7,9,15192,35479
2023-07-13 15:12:26,7,8,15192,35479
2023-07-13 15:12:26,6,8,15311,35598
2023-07-13 15:12:26,6,7,15311,35598
2023-07-13 15:12:26,6,8,15311,35598
2023-07-13 15:12:26,6,8,15329,35616
2023-07-13 15:12:26,6,7,15329,35616
2023-07-13 15:12:26,6,8,15329,35616
2023-07-13 15:12:27,6,8,15329,35616
2023-07-13 15:12:43,6,7,15329,35616
2023-07-13 15:12:43,4,6,15478,35765
2023-07-13 15:12:43,4,5,15478,35765
2023-07-13 15:12:43,4,6,15478,35914
2023-07-13 15:12:45,4,7,15478,36153
2023-07-13 15:12:54,4,6,15478,36153
2023-07-13 15:12:55,4,6,15511,36186
2023-07-13 15:12:55,4,6,15672,36347
2023-07-13 15:12:55,3,6,15800,36475
2023-07-13 15:12:56,3,5,15800,36475
2023-07-13 15:12:59,4,5,15800,36475
2023-07-13 15:12:59,4,5,16045,36720
2023-07-13 15:12:59,4,5,16090,36765
2023-07-13 15:12:59,4,6,16090,36765
2023-07-13 15:13:01,4,7,16090,36765
2023-07-13 15:13:05,4,6,16090,36765
2023-07-13 15:13:14,4,7,16090,36810
2023-07-13 15:13:22,5,7,16090,36810
2023-07-13 15:13:23,5,8,16090,37010
2023-07-13 15:13:34,6,8,16090,37010
2023-07-13 15:13:34,6,7,16090,37010
2023-07-13 15:14:27,6,8,16090,37028
2023-07-13 15:14:59,7,8,16090,37028
2023-07-13 15:15:24,6,8,16090,37028
2023-07-13 15:15:35,7,8,16090,37028
2023-07-13 15:15:43,6,8,16090,37028
2023-07-13 15:15:51,7,8,16090,37028
2023-07-13 15:16:14,6,8,16090,37028
2023-07-13 15:16:14,8,11,16072,37064
2023-07-13 15:16:14,8,10,16072,37064
2023-07-13 15:16:14,6,10,16072,37073
2023-07-13 15:16:21,7,10,16072,37073
2023-07-13 15:16:21,6,10,16117,37118
2023-07-13 15:16:21,7,10,16117,37118
2023-07-13 15:16:22,6,10,16162,37163
2023-07-13 15:16:22,7,10,16162,37163
2023-07-13 15:16:23,6,10,16207,37208
2023-07-13 15:16:23,6,9,16207,37208
2023-07-13 15:16:25,6,10,16207,37208
2023-07-13 15:16:25,6,9,16207,37208
2023-07-13 15:16:34,6,8,16207,37208
2023-07-13 15:17:16,6,9,16207,37208
2023-07-13 15:17:59,6,8,16207,37208
2023-07-13 15:18:08,6,9,16207,37208
2023-07-13 15:18:29,7,9,16207,37208
2023-07-13 15:18:29,7,9,16557,37558
2023-07-13 15:18:31,6,9,16557,37558
2023-07-13 15:18:31,9,14,16539,37576
2023-07-13 15:18:31,9,13,16539,37576
2023-07-13 15:18:34,9,14,16539,37576
2023-07-13 15:18:34,9,12,16539,37576
2023-07-13 15:18:36,9,14,16539,37576
2023-07-13 15:18:36,9,13,16539,37576
2023-07-13 15:18:38,9,14,16539,37576
2023-07-13 15:18:38,9,12,16539,37576
2023-07-13 15:18:38,8,12,16357,37758
2023-07-13 15:18:39,8,14,16357,37758
2023-07-13 15:18:39,8,13,16357,37758
2023-07-13 15:18:44,8,14,16357,37758
2023-07-13 15:18:44,8,12,16357,37758
2023-07-13 15:18:50,7,12,16357,37758
2023-07-13 15:18:51,8,12,16357,37758
2023-07-13 15:19:00,8,12,16707,38108
2023-07-13 15:19:02,8,12,16707,38123
2023-07-13 15:19:03,9,12,16707,38123
2023-07-13 15:19:04,9,14,16707,38159
2023-07-13 15:19:10,8,14,16707,38159
2023-07-13 15:19:14,8,15,16707,38159
2023-07-13 15:19:14,8,13,16707,38159
2023-07-13 15:19:28,8,14,16707,38159
2023-07-13 15:19:28,8,12,16707,38159
2023-07-13 15:19:46,8,13,16707,38159
2023-07-13 15:19:46,8,11,16707,38159
2023-07-13 15:20:00,8,12,16707,38159
2023-07-13 15:20:00,8,10,16707,38159
2023-07-13 15:20:22,8,9,16707,38159
2023-07-13 15:20:59,8,10,16707,38159
2023-07-13 15:20:59,7,8,16707,38162
2023-07-13 15:21:04,6,8,16707,38162
2023-07-13 15:21:04,5,8,16707,38162
2023-07-13 15:21:16,5,10,16707,38162
2023-07-13 15:21:16,5,9,16707,38162
2023-07-13 15:21:19,5,10,16707,38162
2023-07-13 15:21:19,5,8,16707,38162
2023-07-13 15:21:20,5,10,16707,38162
2023-07-13 15:21:20,5,9,16707,38162
2023-07-13 15:21:34,5,8,16707,38162
2023-07-13 15:21:37,5,9,16707,38162
2023-07-13 15:21:49,5,8,16707,38162
2023-07-13 15:21:57,5,9,16707,38162
2023-07-13 15:22:01,5,8,16707,38162
2023-07-13 15:22:07,5,8,16707,38262
2023-07-13 15:22:18,5,8,16707,38263
2023-07-13 15:22:23,8,9,16707,38295
2023-07-13 15:22:24,5,9,16725,38313
2023-07-13 15:22:56,5,8,16725,38313
2023-07-13 15:23:03,5,7,16725,38313
2023-07-13 15:24:10,5,6,16725,38313
2023-07-13 15:24:37,5,7,16725,38313
2023-07-13 15:24:39,5,6,16725,38313
2023-07-13 15:24:41,5,7,16725,38313
2023-07-13 15:24:42,5,6,16725,38313
2023-07-13 15:24:50,5,7,16725,38313
2023-07-13 15:25:42,5,7,16774,38363
2023-07-13 15:26:00,5,8,16774,38363
2023-07-13 15:26:30,5,7,16774,38363
2023-07-13 15:26:56,5,6,16774,38363
2023-07-13 15:27:08,5,7,16774,38363
2023-07-13 15:27:09,5,6,16774,38363
2023-07-13 15:27:13,5,7,16774,38363
2023-07-13 15:27:14,4,7,16774,38363
2023-07-13 15:27:23,4,6,16774,38363
2023-07-13 15:27:32,4,7,16774,38363
2023-07-13 15:28:02,4,6,16774,38363
2023-07-13 15:28:22,4,5,16774,38363
2023-07-13 15:28:30,4,6,16774,38363
2023-07-13 15:28:52,4,5,16774,38363
2023-07-13 15:29:01,4,6,16774,38363
2023-07-13 15:29:38,3,6,16774,38363
2023-07-13 15:30:01,3,7,16774,38363
2023-07-13 15:30:10,3,6,16774,38363
2023-07-13 15:30:43,3,5,16774,38363
2023-07-13 15:30:47,3,6,16774,38363
2023-07-13 15:30:51,3,5,16774,38363
2023-07-13 15:30:52,3,6,16774,38363
2023-07-13 15:30:53,3,5,16774,38363
2023-07-13 15:30:59,3,6,16774,38363
2023-07-13 15:31:00,3,5,16774,38363
2023-07-13 15:31:29,3,4,16774,38363
2023-07-13 15:31:32,3,5,16774,38363
2023-07-13 15:31:34,3,4,16774,38363
2023-07-13 15:31:35,3,5,16774,38363
2023-07-13 15:31:37,3,4,16774,38363
2023-07-13 15:31:40,3,5,16774,38363
2023-07-13 15:31:43,3,4,16774,38363
2023-07-13 15:31:44,3,5,16774,38363
2023-07-13 15:31:49,3,4,16774,38363
2023-07-13 15:31:59,2,4,16774,38363
2023-07-13 15:32:11,2,4,16800,38389
2023-07-13 15:33:54,2,4,16831,38420
2023-07-13 15:34:12,2,6,16831,38420
2023-07-13 15:34:12,2,5,16831,38420
2023-07-13 15:37:31,2,4,16831,38420
2023-07-13 15:37:56,2,3,16831,38420
2023-07-13 15:37:56,2,4,16831,38420
2023-07-13 15:37:59,2,3,16831,38420
2023-07-13 15:38:01,2,4,16831,38420
2023-07-13 15:38:10,2,3,16831,38420
2023-07-13 15:38:12,2,3,16909,38498
2023-07-13 15:38:25,1,3,16909,38498
2023-07-13 15:39:32,1,2,16909,38498
2023-07-13 15:44:27,0,2,16916,38505
2023-07-13 15:47:24,1,2,16916,38505
2023-07-13 15:48:38,0,1,16916,38605
2023-07-13 15:51:40,0,2,16916,38640
2023-07-13 15:55:06,0,2,16916,38641
2023-07-13 15:57:13,0,1,16916,38641
