datetime,bid,ask,open_interest,volume
2023-09-25 09:33:25,30,100,5,5
2023-09-25 09:33:25,30,32,5,5
2023-09-25 09:34:21,0,32,5,5
2023-09-25 09:34:21,0,100,5,5
2023-09-25 09:34:21,28,100,5,5
2023-09-25 09:34:21,31,100,5,5
2023-09-25 09:34:21,31,33,5,5
2023-09-25 09:34:50,31,100,5,5
2023-09-25 09:34:50,0,100,5,5
2023-09-25 09:34:50,28,100,5,5
2023-09-25 09:34:50,30,100,5,5
2023-09-25 09:34:50,30,34,5,5
2023-09-25 09:34:50,30,32,5,5
2023-09-25 09:35:20,0,32,5,5
2023-09-25 09:35:20,0,100,5,5
2023-09-25 09:35:20,30,100,5,5
2023-09-25 09:35:20,32,100,5,5
2023-09-25 09:35:20,32,36,5,5
2023-09-25 09:35:20,32,34,5,5
2023-09-25 09:35:34,0,34,5,5
2023-09-25 09:35:34,0,100,5,5
2023-09-25 09:35:34,31,100,5,5
2023-09-25 09:35:34,33,100,5,5
2023-09-25 09:35:34,33,37,5,5
2023-09-25 09:35:34,33,35,5,5
2023-09-25 09:35:42,33,100,5,5
2023-09-25 09:35:42,0,100,5,5
2023-09-25 09:35:42,32,100,5,5
2023-09-25 09:35:42,32,36,5,5
2023-09-25 09:35:42,32,34,5,5
2023-09-25 09:35:55,0,34,5,5
2023-09-25 09:35:55,0,100,5,5
2023-09-25 09:35:55,33,100,5,5
2023-09-25 09:35:55,33,37,5,5
2023-09-25 09:35:55,33,35,5,5
2023-09-25 09:36:34,0,35,5,5
2023-09-25 09:36:34,0,100,5,5
2023-09-25 09:36:34,32,100,5,5
2023-09-25 09:36:34,34,100,5,5
2023-09-25 09:36:34,34,38,5,5
2023-09-25 09:36:34,34,36,5,5
2023-09-25 09:36:53,34,100,5,5
2023-09-25 09:36:53,0,100,5,5
2023-09-25 09:36:53,33,100,5,5
2023-09-25 09:36:53,33,35,5,5
2023-09-25 09:37:29,33,100,5,5
2023-09-25 09:37:29,0,100,5,5
2023-09-25 09:37:29,30,100,5,5
2023-09-25 09:37:29,32,100,5,5
2023-09-25 09:37:29,32,36,5,5
2023-09-25 09:37:29,32,34,5,5
2023-09-25 09:37:45,0,34,5,5
2023-09-25 09:37:45,0,100,5,5
2023-09-25 09:37:45,31,100,5,5
2023-09-25 09:37:45,33,100,5,5
2023-09-25 09:37:45,33,37,5,5
2023-09-25 09:37:45,33,35,5,5
2023-09-25 09:37:59,0,35,5,5
2023-09-25 09:37:59,0,100,5,5
2023-09-25 09:37:59,34,100,5,5
2023-09-25 09:37:59,34,38,5,5
2023-09-25 09:37:59,34,36,5,5
2023-09-25 09:38:35,34,100,5,5
2023-09-25 09:38:35,0,100,5,5
2023-09-25 09:38:35,33,100,5,5
2023-09-25 09:38:35,33,37,5,5
2023-09-25 09:38:35,33,35,5,5
2023-09-25 09:39:32,0,35,5,5
2023-09-25 09:39:32,0,100,5,5
2023-09-25 09:39:32,32,100,5,5
2023-09-25 09:39:32,34,100,5,5
2023-09-25 09:39:32,34,38,5,5
2023-09-25 09:39:32,34,36,5,5
2023-09-25 09:40:03,0,36,5,5
2023-09-25 09:40:03,0,100,5,5
2023-09-25 09:40:03,34,100,5,5
2023-09-25 09:40:03,36,100,5,5
2023-09-25 09:40:03,36,40,5,5
2023-09-25 09:40:03,36,38,5,5
2023-09-25 09:40:12,0,38,5,5
2023-09-25 09:40:12,0,100,5,5
2023-09-25 09:40:12,35,100,5,5
2023-09-25 09:40:12,37,100,5,5
2023-09-25 09:40:12,37,39,5,5
2023-09-25 09:40:22,0,39,5,5
2023-09-25 09:40:22,0,100,5,5
2023-09-25 09:40:22,36,100,5,5
2023-09-25 09:40:22,38,100,5,5
2023-09-25 09:40:22,38,40,5,5
2023-09-25 09:41:22,36,40,5,5
2023-09-25 09:41:23,37,100,5,5
2023-09-25 09:41:23,39,100,5,5
2023-09-25 09:41:23,39,41,5,5
2023-09-25 09:42:23,39,100,5,5
2023-09-25 09:42:24,37,100,5,5
2023-09-25 09:42:24,39,100,5,5
2023-09-25 09:42:24,39,44,5,5
2023-09-25 09:42:24,39,41,5,5
2023-09-25 09:42:44,40,41,5,5
2023-09-25 09:42:45,40,100,5,5
2023-09-25 09:42:45,40,44,5,5
2023-09-25 09:42:45,40,43,5,5
2023-09-25 09:43:19,40,100,5,5
2023-09-25 09:43:19,41,100,5,5
2023-09-25 09:43:19,41,45,5,5
2023-09-25 09:43:19,41,44,5,5
2023-09-25 09:43:47,41,100,5,5
2023-09-25 09:43:47,40,100,5,5
2023-09-25 09:43:47,40,43,5,5
2023-09-25 09:43:53,42,43,5,5
2023-09-25 09:44:14,42,100,5,5
2023-09-25 09:44:14,39,40,8,8
2023-09-25 09:44:24,38,40,8,8
2023-09-25 09:44:24,38,100,8,8
2023-09-25 09:44:24,40,100,8,8
2023-09-25 09:44:24,40,44,8,8
2023-09-25 09:44:24,40,43,8,8
2023-09-25 09:45:24,38,43,8,8
2023-09-25 09:45:25,41,100,8,8
2023-09-25 09:45:25,41,44,8,8
2023-09-25 09:45:35,41,100,8,8
2023-09-25 09:45:35,38,100,8,8
2023-09-25 09:45:35,39,100,8,8
2023-09-25 09:45:35,39,44,8,8
2023-09-25 09:45:35,39,41,8,8
2023-09-25 09:45:47,39,100,8,8
2023-09-25 09:45:47,38,100,8,8
2023-09-25 09:45:47,38,40,8,8
2023-09-25 09:46:01,38,100,8,8
2023-09-25 09:46:01,39,100,8,8
2023-09-25 09:46:01,39,44,8,8
2023-09-25 09:46:01,39,41,8,8
2023-09-25 09:46:13,38,41,8,8
2023-09-25 09:46:13,38,100,8,8
2023-09-25 09:46:13,41,100,8,8
2023-09-25 09:46:13,41,43,8,8
2023-09-25 09:46:23,38,43,8,8
2023-09-25 09:46:23,38,100,8,8
2023-09-25 09:46:23,42,100,8,8
2023-09-25 09:46:23,42,44,8,8
2023-09-25 09:46:40,38,44,8,8
2023-09-25 09:46:40,38,100,8,8
2023-09-25 09:46:40,43,100,8,8
2023-09-25 09:46:40,43,47,8,8
2023-09-25 09:46:40,43,45,8,8
2023-09-25 09:46:56,38,45,8,8
2023-09-25 09:46:56,38,100,8,8
2023-09-25 09:46:56,45,100,8,8
2023-09-25 09:46:56,45,49,8,8
2023-09-25 09:46:56,45,47,8,8
2023-09-25 09:47:42,45,100,8,8
2023-09-25 09:47:42,38,100,8,8
2023-09-25 09:47:42,43,100,8,8
2023-09-25 09:47:42,43,45,8,8
2023-09-25 09:48:42,38,45,8,8
2023-09-25 09:48:43,42,100,8,8
2023-09-25 09:48:43,44,100,8,8
2023-09-25 09:48:43,44,48,8,8
2023-09-25 09:48:43,44,46,8,8
2023-09-25 09:48:46,44,100,8,8
2023-09-25 09:48:46,38,100,8,8
2023-09-25 09:48:46,41,100,8,8
2023-09-25 09:48:46,43,100,8,8
2023-09-25 09:48:46,43,47,8,8
2023-09-25 09:48:46,43,45,8,8
2023-09-25 09:48:59,43,100,8,8
2023-09-25 09:48:59,38,100,8,8
2023-09-25 09:48:59,40,100,8,8
2023-09-25 09:48:59,42,100,8,8
2023-09-25 09:48:59,42,44,8,8
2023-09-25 09:49:59,38,44,8,8
2023-09-25 09:50:00,40,100,8,8
2023-09-25 09:50:00,42,100,8,8
2023-09-25 09:50:00,42,46,8,8
2023-09-25 09:50:00,42,44,8,8
2023-09-25 09:50:09,38,44,8,8
2023-09-25 09:50:09,38,100,8,8
2023-09-25 09:50:09,43,100,8,8
2023-09-25 09:50:09,43,45,8,8
2023-09-25 09:50:18,38,45,8,8
2023-09-25 09:50:18,38,100,8,8
2023-09-25 09:50:18,42,100,8,8
2023-09-25 09:50:18,44,100,8,8
2023-09-25 09:50:18,44,48,8,8
2023-09-25 09:50:18,44,46,8,8
2023-09-25 09:50:37,44,100,8,8
2023-09-25 09:50:37,38,100,8,8
2023-09-25 09:50:37,43,100,8,8
2023-09-25 09:50:37,43,47,8,8
2023-09-25 09:50:37,43,45,8,8
2023-09-25 09:51:31,38,45,8,8
2023-09-25 09:51:31,38,100,8,8
2023-09-25 09:51:31,43,100,8,8
2023-09-25 09:51:31,45,100,8,8
2023-09-25 09:51:31,45,47,8,8
2023-09-25 09:52:31,38,47,8,8
2023-09-25 09:52:32,45,100,8,8
2023-09-25 09:52:32,45,48,8,8
2023-09-25 09:52:32,45,46,8,8
2023-09-25 09:52:38,38,46,8,8
2023-09-25 09:52:38,38,100,8,8
2023-09-25 09:52:38,46,100,8,8
2023-09-25 09:52:38,46,48,8,8
2023-09-25 09:52:47,38,48,8,8
2023-09-25 09:52:47,38,100,8,8
2023-09-25 09:52:47,45,100,8,8
2023-09-25 09:52:47,47,100,8,8
2023-09-25 09:52:47,47,49,8,8
2023-09-25 09:53:02,47,100,8,8
2023-09-25 09:53:02,38,100,8,8
2023-09-25 09:53:02,45,100,8,8
2023-09-25 09:53:02,45,47,8,8
2023-09-25 09:53:10,45,100,8,8
2023-09-25 09:53:10,38,100,8,8
2023-09-25 09:53:10,44,100,8,8
2023-09-25 09:53:10,44,48,8,8
2023-09-25 09:53:10,44,46,8,8
2023-09-25 09:53:42,38,46,8,8
2023-09-25 09:53:42,38,100,8,8
2023-09-25 09:53:42,43,100,8,8
2023-09-25 09:53:42,45,100,8,8
2023-09-25 09:53:42,45,49,8,8
2023-09-25 09:53:42,45,47,8,8
2023-09-25 09:54:42,45,49,8,8
2023-09-25 09:54:43,47,100,8,8
2023-09-25 09:54:43,47,48,8,8
2023-09-25 09:55:31,38,48,8,8
2023-09-25 09:55:31,38,100,8,8
2023-09-25 09:55:31,48,100,8,8
2023-09-25 09:55:31,48,50,8,8
2023-09-25 09:55:42,38,50,8,8
2023-09-25 09:55:42,38,100,8,8
2023-09-25 09:55:42,47,100,8,8
2023-09-25 09:55:42,49,100,8,8
2023-09-25 09:55:42,49,53,8,8
2023-09-25 09:55:42,49,51,8,8
2023-09-25 09:56:07,38,51,8,8
2023-09-25 09:56:07,38,100,8,8
2023-09-25 09:56:07,50,100,8,8
2023-09-25 09:56:07,50,54,8,8
2023-09-25 09:56:07,50,52,8,8
2023-09-25 09:56:39,38,52,8,8
2023-09-25 09:56:39,38,54,8,8
2023-09-25 09:56:39,38,100,8,8
2023-09-25 09:56:39,52,100,8,8
2023-09-25 09:56:39,52,54,8,8
2023-09-25 09:57:02,38,54,8,8
2023-09-25 09:57:02,38,100,8,8
2023-09-25 09:57:02,54,100,8,8
2023-09-25 09:57:02,54,58,8,8
2023-09-25 09:57:02,54,56,8,8
2023-09-25 09:57:09,54,100,8,8
2023-09-25 09:57:09,38,100,8,8
2023-09-25 09:57:09,53,100,8,8
2023-09-25 09:57:09,53,57,8,8
2023-09-25 09:57:09,53,55,8,8
2023-09-25 09:57:25,53,100,8,8
2023-09-25 09:57:25,38,100,8,8
2023-09-25 09:57:25,51,100,8,8
2023-09-25 09:57:25,51,53,8,8
2023-09-25 09:57:31,51,100,8,8
2023-09-25 09:57:31,38,100,8,8
2023-09-25 09:57:31,48,100,8,8
2023-09-25 09:57:31,50,100,8,8
2023-09-25 09:57:31,50,52,8,8
2023-09-25 09:57:52,38,52,8,8
2023-09-25 09:57:52,38,100,8,8
2023-09-25 09:57:52,50,100,8,8
2023-09-25 09:57:52,52,100,8,8
2023-09-25 09:57:52,52,53,8,8
2023-09-25 09:58:01,52,100,8,8
2023-09-25 09:58:01,38,100,8,8
2023-09-25 09:58:01,50,100,8,8
2023-09-25 09:58:01,50,52,8,8
2023-09-25 09:58:37,38,52,8,8
2023-09-25 09:58:37,38,100,8,8
2023-09-25 09:58:37,49,100,8,8
2023-09-25 09:58:37,51,100,8,8
2023-09-25 09:58:37,51,53,8,8
2023-09-25 09:59:37,38,53,8,8
2023-09-25 09:59:38,52,100,8,8
2023-09-25 09:59:38,52,56,8,8
2023-09-25 09:59:38,52,54,8,8
2023-09-25 09:59:57,38,54,8,8
2023-09-25 09:59:57,38,100,8,8
2023-09-25 09:59:57,53,100,8,8
2023-09-25 09:59:57,53,55,8,8
2023-09-25 10:00:10,53,100,8,8
2023-09-25 10:00:10,38,100,8,8
2023-09-25 10:00:10,51,100,8,8
2023-09-25 10:00:10,51,55,8,8
2023-09-25 10:00:10,51,53,8,8
2023-09-25 10:00:23,38,53,8,8
2023-09-25 10:00:23,38,100,8,8
2023-09-25 10:00:23,51,100,8,8
2023-09-25 10:00:23,53,100,8,8
2023-09-25 10:00:23,53,57,8,8
2023-09-25 10:00:23,53,55,8,8
2023-09-25 10:00:57,38,55,8,8
2023-09-25 10:00:57,38,100,8,8
2023-09-25 10:00:57,52,100,8,8
2023-09-25 10:00:57,54,100,8,8
2023-09-25 10:00:57,54,56,8,8
2023-09-25 10:01:05,54,100,8,8
2023-09-25 10:01:05,38,100,8,8
2023-09-25 10:01:05,52,100,8,8
2023-09-25 10:01:05,52,54,8,8
2023-09-25 10:01:07,52,100,8,8
2023-09-25 10:01:07,38,100,8,8
2023-09-25 10:01:07,51,100,8,8
2023-09-25 10:01:07,51,53,8,8
2023-09-25 10:01:31,38,53,8,8
2023-09-25 10:01:31,38,100,8,8
2023-09-25 10:01:31,52,100,8,8
2023-09-25 10:01:31,52,54,8,8
2023-09-25 10:01:33,52,100,8,8
2023-09-25 10:01:33,38,100,8,8
2023-09-25 10:01:33,49,100,8,8
2023-09-25 10:01:33,51,100,8,8
2023-09-25 10:01:33,51,55,8,8
2023-09-25 10:01:33,51,53,8,8
2023-09-25 10:02:01,51,100,8,8
2023-09-25 10:02:01,38,100,8,8
2023-09-25 10:02:01,49,100,8,8
2023-09-25 10:02:01,49,51,8,8
2023-09-25 10:02:05,49,100,8,8
2023-09-25 10:02:05,38,100,8,8
2023-09-25 10:02:05,46,100,8,8
2023-09-25 10:02:05,48,100,8,8
2023-09-25 10:02:05,48,50,8,8
2023-09-25 10:02:09,48,100,8,8
2023-09-25 10:02:09,38,100,8,8
2023-09-25 10:02:09,45,100,8,8
2023-09-25 10:02:09,47,100,8,8
2023-09-25 10:02:09,47,49,8,8
2023-09-25 10:02:56,47,100,8,8
2023-09-25 10:02:56,38,100,8,8
2023-09-25 10:02:56,43,100,8,8
2023-09-25 10:02:56,45,100,8,8
2023-09-25 10:02:56,45,47,8,8
2023-09-25 10:03:56,38,47,8,8
2023-09-25 10:03:57,45,100,8,8
2023-09-25 10:03:57,45,47,8,8
2023-09-25 10:04:20,45,100,8,8
2023-09-25 10:04:20,38,100,8,8
2023-09-25 10:04:20,44,100,8,8
2023-09-25 10:04:20,44,48,8,8
2023-09-25 10:04:20,44,46,8,8
2023-09-25 10:04:27,38,46,8,8
2023-09-25 10:04:27,38,100,8,8
2023-09-25 10:04:27,43,100,8,8
2023-09-25 10:04:27,45,100,8,8
2023-09-25 10:04:27,45,49,8,8
2023-09-25 10:04:27,45,47,8,8
2023-09-25 10:05:11,46,47,8,8
2023-09-25 10:05:13,46,100,8,8
2023-09-25 10:05:13,46,48,8,8
2023-09-25 10:05:13,44,46,9,9
2023-09-25 10:05:23,38,46,9,9
2023-09-25 10:05:23,38,100,9,9
2023-09-25 10:05:23,43,100,9,9
2023-09-25 10:05:23,45,100,9,9
2023-09-25 10:05:23,45,49,9,9
2023-09-25 10:05:23,45,47,9,9
2023-09-25 10:06:07,44,47,9,9
2023-09-25 10:06:07,44,100,9,9
2023-09-25 10:06:07,47,100,9,9
2023-09-25 10:06:07,47,49,9,9
2023-09-25 10:06:38,48,49,9,9
2023-09-25 10:06:48,48,100,9,9
2023-09-25 10:06:48,46,47,10,10
2023-09-25 10:07:12,46,100,10,10
2023-09-25 10:07:12,47,100,10,10
2023-09-25 10:07:12,47,51,10,10
2023-09-25 10:07:12,47,49,10,10
2023-09-25 10:07:15,47,100,10,10
2023-09-25 10:07:15,46,100,10,10
2023-09-25 10:07:15,46,47,10,10
2023-09-25 10:07:49,46,100,10,10
2023-09-25 10:07:49,46,48,10,10
2023-09-25 10:07:49,44,46,11,11
2023-09-25 10:08:00,44,100,11,11
2023-09-25 10:08:00,44,47,11,11
2023-09-25 10:08:00,44,45,11,11
2023-09-25 10:08:40,44,100,11,11
2023-09-25 10:08:40,44,45,11,11
2023-09-25 10:08:40,42,44,12,12
2023-09-25 10:08:46,42,100,12,12
2023-09-25 10:08:46,42,43,12,12
2023-09-25 10:08:56,42,100,12,12
2023-09-25 10:08:56,42,44,12,12
2023-09-25 10:09:56,42,45,12,12
2023-09-25 10:09:57,42,44,12,12
2023-09-25 10:10:42,42,100,12,12
2023-09-25 10:10:42,43,100,12,12
2023-09-25 10:10:42,43,45,12,12
2023-09-25 10:11:00,43,100,12,12
2023-09-25 10:11:00,45,100,12,12
2023-09-25 10:11:00,45,47,12,12
2023-09-25 10:11:15,46,47,12,12
2023-09-25 10:11:42,46,100,12,12
2023-09-25 10:11:42,46,48,12,12
2023-09-25 10:12:11,46,100,12,12
2023-09-25 10:12:11,48,100,12,12
2023-09-25 10:12:11,48,52,12,12
2023-09-25 10:12:11,48,50,12,12
2023-09-25 10:12:29,47,50,12,12
2023-09-25 10:12:29,47,100,12,12
2023-09-25 10:12:29,49,100,12,12
2023-09-25 10:12:29,49,53,12,12
2023-09-25 10:12:29,49,51,12,12
2023-09-25 10:13:29,47,51,12,12
2023-09-25 10:13:30,48,100,12,12
2023-09-25 10:13:30,48,52,12,12
2023-09-25 10:13:30,48,50,12,12
2023-09-25 10:13:41,48,100,12,12
2023-09-25 10:13:41,47,100,12,12
2023-09-25 10:13:41,47,50,12,12
2023-09-25 10:13:41,47,48,12,12
2023-09-25 10:14:08,47,100,12,12
2023-09-25 10:14:08,48,100,12,12
2023-09-25 10:14:08,48,50,12,12
2023-09-25 10:15:03,48,100,12,12
2023-09-25 10:15:03,47,100,12,12
2023-09-25 10:15:03,47,50,12,12
2023-09-25 10:15:03,47,48,12,12
2023-09-25 10:15:27,47,100,12,12
2023-09-25 10:15:27,47,51,12,12
2023-09-25 10:15:27,47,49,12,12
2023-09-25 10:15:34,47,100,12,12
2023-09-25 10:15:34,49,100,12,12
2023-09-25 10:15:34,49,53,12,12
2023-09-25 10:15:34,49,51,12,12
2023-09-25 10:16:20,47,51,12,12
2023-09-25 10:16:20,47,100,12,12
2023-09-25 10:16:20,50,100,12,12
2023-09-25 10:16:20,50,52,12,12
2023-09-25 10:17:09,47,52,12,12
2023-09-25 10:17:09,47,100,12,12
2023-09-25 10:17:09,50,100,12,12
2023-09-25 10:17:09,52,100,12,12
2023-09-25 10:17:09,52,53,12,12
2023-09-25 10:17:16,47,53,12,12
2023-09-25 10:17:16,47,100,12,12
2023-09-25 10:17:16,51,100,12,12
2023-09-25 10:17:16,53,100,12,12
2023-09-25 10:17:16,53,55,12,12
2023-09-25 10:17:21,53,100,12,12
2023-09-25 10:17:21,47,100,12,12
2023-09-25 10:17:21,50,100,12,12
2023-09-25 10:17:21,52,100,12,12
2023-09-25 10:17:21,52,53,12,12
2023-09-25 10:17:28,52,100,12,12
2023-09-25 10:17:28,47,100,12,12
2023-09-25 10:17:28,50,100,12,12
2023-09-25 10:17:28,50,54,12,12
2023-09-25 10:17:28,50,52,12,12
2023-09-25 10:17:45,50,100,12,12
2023-09-25 10:17:45,47,100,12,12
2023-09-25 10:17:45,49,100,12,12
2023-09-25 10:17:45,49,51,12,12
2023-09-25 10:18:27,49,100,12,12
2023-09-25 10:18:27,47,100,12,12
2023-09-25 10:18:27,47,51,12,12
2023-09-25 10:18:27,47,49,12,12
2023-09-25 10:18:55,47,100,12,12
2023-09-25 10:18:55,47,50,12,12
2023-09-25 10:18:55,47,48,12,12
2023-09-25 10:19:14,47,100,12,12
2023-09-25 10:19:14,44,46,14,14
2023-09-25 10:19:49,44,100,14,14
2023-09-25 10:19:49,43,100,14,14
2023-09-25 10:19:49,43,46,14,14
2023-09-25 10:19:49,43,44,14,14
2023-09-25 10:20:16,43,100,14,14
2023-09-25 10:20:16,44,100,14,14
2023-09-25 10:20:16,44,46,14,14
2023-09-25 10:21:05,44,100,14,14
2023-09-25 10:21:05,43,100,14,14
2023-09-25 10:21:05,43,44,14,14
2023-09-25 10:21:31,43,100,14,14
2023-09-25 10:21:31,44,100,14,14
2023-09-25 10:21:31,44,46,14,14
2023-09-25 10:21:45,44,100,14,14
2023-09-25 10:21:45,43,100,14,14
2023-09-25 10:21:45,43,46,14,14
2023-09-25 10:21:45,43,44,14,14
2023-09-25 10:22:24,43,100,14,14
2023-09-25 10:22:24,43,45,14,14
2023-09-25 10:22:24,43,44,14,14
2023-09-25 10:23:06,43,100,14,14
2023-09-25 10:23:06,42,43,15,15
2023-09-25 10:23:25,42,100,15,15
2023-09-25 10:23:25,42,43,15,15
2023-09-25 10:23:25,38,40,19,19
2023-09-25 10:23:39,38,100,19,19
2023-09-25 10:23:39,40,100,19,19
2023-09-25 10:23:39,40,44,19,19
2023-09-25 10:23:39,40,43,19,19
2023-09-25 10:23:43,40,100,19,19
2023-09-25 10:23:43,38,100,19,19
2023-09-25 10:23:43,38,40,19,19
2023-09-25 10:23:53,38,100,19,19
2023-09-25 10:23:53,40,100,19,19
2023-09-25 10:23:53,40,41,19,19
2023-09-25 10:24:05,38,41,19,19
2023-09-25 10:24:05,38,100,19,19
2023-09-25 10:24:05,39,100,19,19
2023-09-25 10:24:05,41,100,19,19
2023-09-25 10:24:05,41,44,19,19
2023-09-25 10:24:19,38,44,19,19
2023-09-25 10:24:19,38,100,19,19
2023-09-25 10:24:19,42,100,19,19
2023-09-25 10:24:19,42,46,19,19
2023-09-25 10:24:19,42,44,19,19
2023-09-25 10:24:57,42,100,19,19
2023-09-25 10:24:57,38,100,19,19
2023-09-25 10:24:57,40,100,19,19
2023-09-25 10:24:57,40,43,19,19
2023-09-25 10:25:05,40,100,19,19
2023-09-25 10:25:05,38,100,19,19
2023-09-25 10:25:05,39,100,19,19
2023-09-25 10:25:05,39,44,19,19
2023-09-25 10:25:05,39,41,19,19
2023-09-25 10:25:33,39,100,19,19
2023-09-25 10:25:33,38,100,19,19
2023-09-25 10:25:33,38,43,19,19
2023-09-25 10:25:33,38,40,19,19
2023-09-25 10:25:49,38,100,19,19
2023-09-25 10:25:49,36,38,22,22
2023-09-25 10:26:49,36,40,22,22
2023-09-25 10:26:49,36,100,22,22
2023-09-25 10:26:49,36,40,22,22
2023-09-25 10:26:49,36,38,22,22
2023-09-25 10:26:56,36,100,22,22
2023-09-25 10:26:56,35,100,22,22
2023-09-25 10:26:56,35,36,22,22
2023-09-25 10:27:47,35,100,22,22
2023-09-25 10:27:47,36,100,22,22
2023-09-25 10:27:47,36,38,22,22
2023-09-25 10:28:09,35,38,22,22
2023-09-25 10:28:09,35,100,22,22
2023-09-25 10:28:09,36,100,22,22
2023-09-25 10:28:09,38,100,22,22
2023-09-25 10:28:09,38,41,22,22
2023-09-25 10:28:09,38,39,22,22
2023-09-25 10:28:21,35,39,22,22
2023-09-25 10:28:21,35,41,22,22
2023-09-25 10:28:21,35,100,22,22
2023-09-25 10:28:21,39,100,22,22
2023-09-25 10:28:21,39,41,22,22
2023-09-25 10:29:21,35,41,22,22
2023-09-25 10:29:22,38,100,22,22
2023-09-25 10:29:22,38,43,22,22
2023-09-25 10:29:22,38,40,22,22
2023-09-25 10:29:56,38,100,22,22
2023-09-25 10:29:56,35,100,22,22
2023-09-25 10:29:56,37,100,22,22
2023-09-25 10:29:56,37,41,22,22
2023-09-25 10:29:56,37,39,22,22
2023-09-25 10:30:56,35,39,22,22
2023-09-25 10:30:57,38,100,22,22
2023-09-25 10:30:57,38,41,22,22
2023-09-25 10:30:57,38,39,22,22
2023-09-25 10:31:02,38,100,22,22
2023-09-25 10:31:02,35,100,22,22
2023-09-25 10:31:02,36,100,22,22
2023-09-25 10:31:02,36,40,22,22
2023-09-25 10:31:02,36,38,22,22
2023-09-25 10:32:02,36,40,22,22
2023-09-25 10:32:03,36,100,22,22
2023-09-25 10:32:03,36,40,22,22
2023-09-25 10:32:03,36,38,22,22
2023-09-25 10:32:28,35,38,22,22
2023-09-25 10:32:28,35,100,22,22
2023-09-25 10:32:28,37,100,22,22
2023-09-25 10:32:28,37,39,22,22
2023-09-25 10:32:46,35,39,22,22
2023-09-25 10:32:46,35,100,22,22
2023-09-25 10:32:46,38,100,22,22
2023-09-25 10:32:46,38,40,22,22
2023-09-25 10:33:02,35,40,22,22
2023-09-25 10:33:02,35,100,22,22
2023-09-25 10:33:02,40,100,22,22
2023-09-25 10:33:02,40,43,22,22
2023-09-25 10:33:31,40,100,22,22
2023-09-25 10:33:31,35,100,22,22
2023-09-25 10:33:31,38,100,22,22
2023-09-25 10:33:31,38,40,22,22
2023-09-25 10:33:56,35,40,22,22
2023-09-25 10:33:56,35,100,22,22
2023-09-25 10:33:56,40,100,22,22
2023-09-25 10:33:56,40,43,22,22
2023-09-25 10:34:02,35,43,22,22
2023-09-25 10:34:02,35,100,22,22
2023-09-25 10:34:02,41,100,22,22
2023-09-25 10:34:02,41,44,22,22
2023-09-25 10:34:17,35,44,22,22
2023-09-25 10:34:17,35,100,22,22
2023-09-25 10:34:17,43,100,22,22
2023-09-25 10:34:17,43,47,22,22
2023-09-25 10:34:17,43,45,22,22
2023-09-25 10:34:19,35,45,22,22
2023-09-25 10:34:19,35,100,22,22
2023-09-25 10:34:19,45,100,22,22
2023-09-25 10:34:19,45,48,22,22
2023-09-25 10:34:19,45,46,22,22
2023-09-25 10:34:58,45,100,22,22
2023-09-25 10:34:58,35,100,22,22
2023-09-25 10:34:58,41,100,22,22
2023-09-25 10:34:58,43,100,22,22
2023-09-25 10:34:58,43,45,22,22
2023-09-25 10:35:10,35,45,22,22
2023-09-25 10:35:10,35,100,22,22
2023-09-25 10:35:10,44,100,22,22
2023-09-25 10:35:10,44,48,22,22
2023-09-25 10:35:10,44,46,22,22
2023-09-25 10:35:23,44,100,22,22
2023-09-25 10:35:23,35,100,22,22
2023-09-25 10:35:23,41,100,22,22
2023-09-25 10:35:23,43,100,22,22
2023-09-25 10:35:23,43,45,22,22
2023-09-25 10:35:29,43,100,22,22
2023-09-25 10:35:29,35,100,22,22
2023-09-25 10:35:29,42,100,22,22
2023-09-25 10:35:29,42,46,22,22
2023-09-25 10:35:29,42,44,22,22
2023-09-25 10:36:29,40,44,22,22
2023-09-25 10:36:30,42,100,22,22
2023-09-25 10:36:30,42,44,22,22
2023-09-25 10:37:30,40,44,22,22
2023-09-25 10:37:31,41,100,22,22
2023-09-25 10:37:31,43,100,22,22
2023-09-25 10:37:31,43,47,22,22
2023-09-25 10:37:31,43,45,22,22
2023-09-25 10:38:31,43,47,22,22
2023-09-25 10:38:32,44,100,22,22
2023-09-25 10:38:32,44,48,22,22
2023-09-25 10:38:32,44,46,22,22
2023-09-25 10:38:42,44,100,22,22
2023-09-25 10:38:42,35,100,22,22
2023-09-25 10:38:42,40,100,22,22
2023-09-25 10:38:42,42,100,22,22
2023-09-25 10:38:42,42,46,22,22
2023-09-25 10:38:42,42,44,22,22
2023-09-25 10:39:42,42,46,22,22
2023-09-25 10:39:43,41,100,22,22
2023-09-25 10:39:43,43,100,22,22
2023-09-25 10:39:43,43,47,22,22
2023-09-25 10:39:43,43,45,22,22
2023-09-25 10:40:17,44,45,22,22
2023-09-25 10:40:34,44,100,22,22
2023-09-25 10:40:34,44,45,22,22
2023-09-25 10:40:34,42,44,23,23
2023-09-25 10:41:34,42,100,23,23
2023-09-25 10:41:35,42,44,23,23
2023-09-25 10:41:51,42,100,23,23
2023-09-25 10:41:51,43,100,23,23
2023-09-25 10:41:51,43,47,23,23
2023-09-25 10:41:51,43,45,23,23
2023-09-25 10:42:51,42,45,23,23
2023-09-25 10:42:52,44,100,23,23
2023-09-25 10:42:52,44,47,23,23
2023-09-25 10:42:52,44,45,23,23
2023-09-25 10:43:36,44,100,23,23
2023-09-25 10:43:36,42,100,23,23
2023-09-25 10:43:36,42,44,23,23
2023-09-25 10:43:46,42,100,23,23
2023-09-25 10:43:46,42,45,23,23
2023-09-25 10:43:46,42,44,23,23
2023-09-25 10:44:46,42,100,23,23
2023-09-25 10:44:47,42,44,23,23
2023-09-25 10:44:47,42,43,23,23
2023-09-25 10:45:04,42,100,23,23
2023-09-25 10:45:04,42,44,23,23
2023-09-25 10:45:14,42,100,23,23
2023-09-25 10:45:14,43,100,23,23
2023-09-25 10:45:14,43,47,23,23
2023-09-25 10:45:14,43,45,23,23
2023-09-25 10:45:24,42,45,23,23
2023-09-25 10:45:24,42,100,23,23
2023-09-25 10:45:24,44,100,23,23
2023-09-25 10:45:24,44,48,23,23
2023-09-25 10:45:24,44,46,23,23
2023-09-25 10:46:05,44,100,23,23
2023-09-25 10:46:05,42,100,23,23
2023-09-25 10:46:05,43,100,23,23
2023-09-25 10:46:05,43,44,23,23
2023-09-25 10:47:05,42,44,23,23
2023-09-25 10:47:05,44,100,23,23
2023-09-25 10:47:05,44,48,23,23
2023-09-25 10:47:05,44,46,23,23
2023-09-25 10:47:11,42,46,23,23
2023-09-25 10:47:11,42,100,23,23
2023-09-25 10:47:11,43,100,23,23
2023-09-25 10:47:11,45,100,23,23
2023-09-25 10:47:11,45,47,23,23
2023-09-25 10:48:11,42,47,23,23
2023-09-25 10:48:12,43,100,23,23
2023-09-25 10:48:12,45,100,23,23
2023-09-25 10:48:12,45,47,23,23
2023-09-25 10:48:52,46,47,23,23
2023-09-25 10:49:12,46,100,23,23
2023-09-25 10:49:13,46,47,23,23
2023-09-25 10:49:55,46,100,23,23
2023-09-25 10:49:55,44,46,24,24
2023-09-25 10:50:14,44,100,24,24
2023-09-25 10:50:14,42,100,24,24
2023-09-25 10:50:14,43,100,24,24
2023-09-25 10:50:14,43,47,24,24
2023-09-25 10:50:14,43,45,24,24
2023-09-25 10:50:31,43,100,24,24
2023-09-25 10:50:31,42,100,24,24
2023-09-25 10:50:31,42,45,24,24
2023-09-25 10:50:31,42,44,24,24
2023-09-25 10:50:37,42,100,24,24
2023-09-25 10:50:37,42,43,24,24
2023-09-25 10:51:37,42,100,24,24
2023-09-25 10:51:38,42,44,24,24
2023-09-25 10:51:38,42,43,24,24
2023-09-25 10:51:43,42,100,24,24
2023-09-25 10:51:43,38,40,26,26
2023-09-25 10:51:47,38,100,26,26
2023-09-25 10:51:47,35,100,26,26
2023-09-25 10:51:47,37,100,26,26
2023-09-25 10:51:47,37,41,26,26
2023-09-25 10:51:47,37,39,26,26
2023-09-25 10:52:05,35,39,26,26
2023-09-25 10:52:05,35,100,26,26
2023-09-25 10:52:05,36,100,26,26
2023-09-25 10:52:05,38,100,26,26
2023-09-25 10:52:05,38,40,26,26
2023-09-25 10:53:05,38,100,26,26
2023-09-25 10:53:06,37,41,26,26
2023-09-25 10:53:06,37,39,26,26
2023-09-25 10:53:29,37,100,26,26
2023-09-25 10:53:29,37,40,26,26
2023-09-25 10:53:29,37,38,26,26
2023-09-25 10:54:27,37,100,26,26
2023-09-25 10:54:27,35,36,28,28
2023-09-25 10:55:21,35,100,28,28
2023-09-25 10:55:21,35,37,28,28
2023-09-25 10:55:21,33,35,31,31
2023-09-25 10:56:21,33,37,31,31
2023-09-25 10:56:22,33,100,31,31
2023-09-25 10:56:22,33,37,31,31
2023-09-25 10:56:22,33,35,31,31
2023-09-25 10:56:32,30,35,31,31
2023-09-25 10:56:32,30,100,31,31
2023-09-25 10:56:32,34,100,31,31
2023-09-25 10:56:32,34,38,31,31
2023-09-25 10:56:32,34,36,31,31
2023-09-25 10:57:05,34,100,31,31
2023-09-25 10:57:05,30,100,31,31
2023-09-25 10:57:05,31,100,31,31
2023-09-25 10:57:05,33,100,31,31
2023-09-25 10:57:05,33,35,31,31
2023-09-25 10:57:53,30,35,31,31
2023-09-25 10:57:53,30,100,31,31
2023-09-25 10:57:53,32,100,31,31
2023-09-25 10:57:53,34,100,31,31
2023-09-25 10:57:53,34,38,31,31
2023-09-25 10:57:53,34,36,31,31
2023-09-25 10:58:05,34,100,31,31
2023-09-25 10:58:05,30,100,31,31
2023-09-25 10:58:05,33,100,31,31
2023-09-25 10:58:05,33,35,31,31
2023-09-25 10:58:32,34,35,31,31
2023-09-25 10:58:44,34,37,131,131
2023-09-25 10:58:45,35,37,131,131
2023-09-25 10:59:05,35,100,131,131
2023-09-25 10:59:06,35,100,156,156
2023-09-25 10:59:06,35,37,156,156
2023-09-25 10:59:26,35,36,156,156
2023-09-25 10:59:26,35,36,256,256
2023-09-25 10:59:26,34,36,256,256
2023-09-25 10:59:28,35,36,256,256
2023-09-25 10:59:35,34,36,256,256
2023-09-25 10:59:37,35,36,256,256
2023-09-25 11:00:27,34,35,258,258
2023-09-25 11:00:27,34,35,283,283
2023-09-25 11:00:29,33,35,283,283
2023-09-25 11:00:38,34,35,283,283
2023-09-25 11:00:54,33,35,283,283
2023-09-25 11:01:02,34,35,283,283
2023-09-25 11:01:03,33,35,283,283
2023-09-25 11:01:22,34,35,283,283
2023-09-25 11:01:27,34,36,283,283
2023-09-25 11:01:27,34,35,283,283
2023-09-25 11:01:27,33,35,408,408
2023-09-25 11:01:31,34,35,408,408
2023-09-25 11:01:33,34,36,408,408
2023-09-25 11:01:33,34,36,483,483
2023-09-25 11:01:52,33,36,483,483
2023-09-25 11:01:55,33,35,483,483
2023-09-25 11:02:04,34,35,483,483
2023-09-25 11:02:35,33,34,483,484
2023-09-25 11:02:54,33,35,483,484
2023-09-25 11:02:55,33,36,483,484
2023-09-25 11:02:55,33,35,483,484
2023-09-25 11:03:20,34,35,483,484
2023-09-25 11:04:31,34,100,483,484
2023-09-25 11:04:31,35,100,483,484
2023-09-25 11:04:31,35,38,483,484
2023-09-25 11:04:31,35,36,483,484
2023-09-25 11:05:15,35,100,483,484
2023-09-25 11:05:15,36,100,483,484
2023-09-25 11:05:15,36,40,483,484
2023-09-25 11:05:15,36,38,483,484
2023-09-25 11:05:24,36,100,483,484
2023-09-25 11:05:24,37,100,483,484
2023-09-25 11:05:24,37,39,483,484
2023-09-25 11:05:32,37,38,483,484
2023-09-25 11:05:38,36,38,483,484
2023-09-25 11:05:38,36,37,483,484
2023-09-25 11:05:38,35,37,483,484
2023-09-25 11:05:40,36,37,483,484
2023-09-25 11:05:58,36,39,483,484
2023-09-25 11:05:58,37,39,483,484
2023-09-25 11:06:02,37,38,483,484
2023-09-25 11:06:31,37,39,483,484
2023-09-25 11:06:35,37,38,483,484
2023-09-25 11:06:37,37,39,483,484
2023-09-25 11:06:39,37,38,483,484
2023-09-25 11:06:41,37,39,483,484
2023-09-25 11:06:48,38,39,483,484
2023-09-25 11:06:57,37,39,483,484
2023-09-25 11:06:58,36,39,483,484
2023-09-25 11:06:58,37,39,483,484
2023-09-25 11:07:18,37,38,483,484
2023-09-25 11:07:19,37,39,483,484
2023-09-25 11:07:30,37,38,483,484
2023-09-25 11:07:31,37,39,483,484
2023-09-25 11:07:47,37,38,483,484
2023-09-25 11:07:51,37,39,483,484
2023-09-25 11:07:59,37,41,483,484
2023-09-25 11:07:59,37,39,483,484
2023-09-25 11:08:04,38,39,483,484
2023-09-25 11:08:14,38,100,483,484
2023-09-25 11:08:14,39,100,483,484
2023-09-25 11:08:14,39,44,483,484
2023-09-25 11:08:14,39,41,483,484
2023-09-25 11:08:28,40,41,483,484
2023-09-25 11:08:39,40,100,483,484
2023-09-25 11:08:39,40,44,483,484
2023-09-25 11:08:39,40,43,483,484
2023-09-25 11:08:40,41,43,483,484
2023-09-25 11:09:01,41,44,483,484
2023-09-25 11:09:01,41,100,483,484
2023-09-25 11:09:01,41,52,483,484
2023-09-25 11:09:01,41,49,483,484
2023-09-25 11:09:01,41,48,483,484
2023-09-25 11:09:02,38,48,483,484
2023-09-25 11:09:02,42,48,483,484
2023-09-25 11:09:02,42,47,483,484
2023-09-25 11:09:03,43,47,483,484
2023-09-25 11:09:06,44,47,483,484
2023-09-25 11:09:06,44,46,483,484
2023-09-25 11:09:10,45,46,483,484
2023-09-25 11:09:11,45,47,483,484
2023-09-25 11:09:16,45,48,483,484
2023-09-25 11:09:16,47,48,483,484
2023-09-25 11:09:17,47,49,483,484
2023-09-25 11:09:18,47,100,483,484
2023-09-25 11:09:18,49,100,483,484
2023-09-25 11:09:18,49,53,483,484
2023-09-25 11:09:18,49,51,483,484
2023-09-25 11:09:19,49,50,483,484
2023-09-25 11:10:06,47,50,483,484
2023-09-25 11:10:06,48,50,483,484
2023-09-25 11:10:06,48,50,408,559
2023-09-25 11:10:12,48,49,408,559
2023-09-25 11:10:12,48,49,383,584
2023-09-25 11:10:13,47,49,383,584
2023-09-25 11:10:17,47,48,383,584
2023-09-25 11:10:19,47,49,383,584
2023-09-25 11:10:29,47,48,383,584
2023-09-25 11:10:43,47,49,383,584
2023-09-25 11:10:50,48,49,383,584
2023-09-25 11:10:51,48,49,358,609
2023-09-25 11:10:52,48,50,358,609
2023-09-25 11:10:54,48,50,258,709
2023-09-25 11:10:54,48,52,258,709
2023-09-25 11:10:55,48,51,258,709
2023-09-25 11:10:58,48,50,258,709
2023-09-25 11:11:12,48,51,258,709
2023-09-25 11:11:16,48,50,258,709
2023-09-25 11:11:19,48,51,258,709
2023-09-25 11:11:23,48,50,258,709
2023-09-25 11:11:55,48,50,208,759
2023-09-25 11:12:00,48,51,208,759
2023-09-25 11:12:03,48,50,208,759
2023-09-25 11:12:34,48,51,208,759
2023-09-25 11:12:39,48,50,208,759
2023-09-25 11:12:45,48,51,208,759
2023-09-25 11:12:47,48,50,208,759
2023-09-25 11:12:49,48,51,208,759
2023-09-25 11:12:56,48,51,183,784
2023-09-25 11:12:56,49,51,183,784
2023-09-25 11:13:15,49,53,183,784
2023-09-25 11:13:16,49,52,183,784
2023-09-25 11:13:19,50,52,183,784
2023-09-25 11:13:30,50,52,108,859
2023-09-25 11:13:31,50,54,108,859
2023-09-25 11:13:32,50,53,108,859
2023-09-25 11:13:33,50,52,108,859
2023-09-25 11:13:48,48,52,108,859
2023-09-25 11:13:48,51,52,108,859
2023-09-25 11:14:02,48,52,108,859
2023-09-25 11:14:02,49,52,108,859
2023-09-25 11:14:02,49,51,108,859
2023-09-25 11:14:05,49,50,108,859
2023-09-25 11:15:03,49,50,38,934
2023-09-25 11:15:03,49,52,38,934
2023-09-25 11:15:04,49,51,38,934
2023-09-25 11:15:13,50,51,38,934
2023-09-25 11:15:16,50,52,38,934
2023-09-25 11:15:16,51,52,38,934
2023-09-25 11:15:23,51,53,38,934
2023-09-25 11:15:26,51,52,38,934
2023-09-25 11:15:30,51,53,38,934
2023-09-25 11:15:44,50,53,38,934
2023-09-25 11:15:44,50,100,38,934
2023-09-25 11:15:44,53,100,38,934
2023-09-25 11:15:44,53,55,38,934
2023-09-25 11:15:45,53,54,38,934
2023-09-25 11:16:00,53,55,38,934
2023-09-25 11:16:01,54,55,38,934
2023-09-25 11:16:02,54,100,38,934
2023-09-25 11:16:02,54,58,38,934
2023-09-25 11:16:02,54,56,38,934
2023-09-25 11:16:04,54,55,38,934
2023-09-25 11:16:26,53,55,38,934
2023-09-25 11:16:31,54,55,38,934
2023-09-25 11:16:34,54,56,38,934
2023-09-25 11:16:34,54,58,38,934
2023-09-25 11:16:34,54,100,38,934
2023-09-25 11:16:34,54,63,38,934
2023-09-25 11:16:35,54,100,38,934
2023-09-25 11:16:35,57,100,38,934
2023-09-25 11:16:35,57,60,38,934
2023-09-25 11:16:36,58,60,38,934
2023-09-25 11:16:37,59,60,38,934
2023-09-25 11:16:59,58,60,38,934
2023-09-25 11:17:02,59,60,38,934
2023-09-25 11:17:03,58,60,38,934
2023-09-25 11:17:05,59,60,38,934
2023-09-25 11:17:09,58,60,38,934
2023-09-25 11:17:10,58,59,38,934
2023-09-25 11:17:11,58,60,38,934
2023-09-25 11:17:12,58,59,38,934
2023-09-25 11:17:14,58,59,83,984
2023-09-25 11:17:14,56,59,83,984
2023-09-25 11:17:15,57,59,83,984
2023-09-25 11:17:21,58,59,83,984
2023-09-25 11:17:22,57,59,83,984
2023-09-25 11:17:28,58,59,83,984
2023-09-25 11:17:29,57,59,83,984
2023-09-25 11:17:35,58,59,83,984
2023-09-25 11:17:36,58,60,83,984
2023-09-25 11:17:47,58,59,83,984
2023-09-25 11:17:51,58,60,83,984
2023-09-25 11:17:53,56,60,83,984
2023-09-25 11:17:53,56,66,83,984
2023-09-25 11:17:54,57,66,83,984
2023-09-25 11:17:55,56,66,83,984
2023-09-25 11:17:55,58,66,83,984
2023-09-25 11:17:56,58,100,83,984
2023-09-25 11:17:56,60,100,83,984
2023-09-25 11:17:56,62,100,83,984
2023-09-25 11:17:56,62,63,83,984
2023-09-25 11:17:56,62,65,108,1009
2023-09-25 11:17:57,63,65,108,1009
2023-09-25 11:17:59,64,65,108,1009
2023-09-25 11:18:17,64,100,108,1009
2023-09-25 11:18:17,64,67,108,1009
2023-09-25 11:18:17,64,65,108,1009
2023-09-25 11:18:19,64,67,183,1084
2023-09-25 11:18:20,65,67,183,1084
2023-09-25 11:18:44,65,100,183,1084
2023-09-25 11:18:44,65,69,183,1084
2023-09-25 11:18:47,66,69,183,1084
2023-09-25 11:18:56,66,68,183,1084
2023-09-25 11:19:15,66,67,183,1084
2023-09-25 11:19:26,65,67,183,1084
2023-09-25 11:19:27,65,69,183,1084
2023-09-25 11:19:27,66,69,183,1084
2023-09-25 11:19:31,66,100,183,1084
2023-09-25 11:19:31,66,72,183,1084
2023-09-25 11:19:31,66,70,183,1084
2023-09-25 11:19:32,67,70,183,1084
2023-09-25 11:20:02,68,70,183,1084
2023-09-25 11:20:46,68,70,208,1109
2023-09-25 11:20:46,67,70,208,1109
2023-09-25 11:20:47,67,69,208,1109
2023-09-25 11:20:47,63,69,208,1109
2023-09-25 11:20:48,64,69,208,1109
2023-09-25 11:20:49,65,69,208,1109
2023-09-25 11:20:52,65,67,208,1109
2023-09-25 11:21:52,65,69,208,1109
2023-09-25 11:21:53,65,67,208,1109
2023-09-25 11:22:01,66,67,208,1109
2023-09-25 11:22:01,66,70,208,1109
2023-09-25 11:22:01,66,69,208,1109
2023-09-25 11:22:14,67,69,208,1109
2023-09-25 11:23:01,67,72,208,1109
2023-09-25 11:23:02,67,70,208,1109
2023-09-25 11:23:10,67,69,208,1109
2023-09-25 11:23:13,67,70,208,1109
2023-09-25 11:23:30,68,70,208,1109
2023-09-25 11:23:48,68,100,208,1109
2023-09-25 11:23:48,68,73,208,1109
2023-09-25 11:23:48,68,72,208,1109
2023-09-25 11:23:48,68,71,208,1109
2023-09-25 11:24:02,68,72,208,1109
2023-09-25 11:24:08,69,72,208,1109
2023-09-25 11:24:18,69,71,208,1109
2023-09-25 11:24:25,69,72,208,1109
2023-09-25 11:24:26,69,71,208,1109
2023-09-25 11:25:06,69,72,208,1109
2023-09-25 11:25:07,69,71,208,1109
2023-09-25 11:25:09,69,72,208,1109
2023-09-25 11:25:11,69,71,208,1109
2023-09-25 11:25:14,69,72,208,1109
2023-09-25 11:25:22,69,71,208,1109
2023-09-25 11:25:28,68,71,208,1109
2023-09-25 11:25:29,68,69,208,1109
2023-09-25 11:25:38,64,69,208,1109
2023-09-25 11:25:39,65,69,208,1109
2023-09-25 11:25:40,66,69,208,1109
2023-09-25 11:25:51,67,69,208,1109
2023-09-25 11:26:10,68,69,208,1109
2023-09-25 11:26:27,68,71,208,1109
2023-09-25 11:26:31,68,72,208,1109
2023-09-25 11:26:35,68,71,208,1109
2023-09-25 11:27:07,68,69,208,1109
2023-09-25 11:27:18,68,71,208,1109
2023-09-25 11:27:21,68,72,208,1109
2023-09-25 11:27:23,68,71,208,1109
2023-09-25 11:27:28,68,72,208,1109
2023-09-25 11:27:33,68,71,208,1109
2023-09-25 11:27:34,68,72,208,1109
2023-09-25 11:27:41,69,72,208,1109
2023-09-25 11:27:48,69,71,208,1109
2023-09-25 11:27:50,68,71,208,1109
2023-09-25 11:28:01,68,69,208,1109
2023-09-25 11:28:08,67,69,208,1109
2023-09-25 11:28:13,68,69,208,1109
2023-09-25 11:28:21,67,69,208,1109
2023-09-25 11:28:23,67,68,208,1109
2023-09-25 11:28:43,62,68,208,1109
2023-09-25 11:28:44,63,68,208,1109
2023-09-25 11:28:45,62,68,208,1109
2023-09-25 11:28:45,64,68,208,1109
2023-09-25 11:28:46,65,68,208,1109
2023-09-25 11:28:54,66,68,208,1109
2023-09-25 11:29:18,66,67,208,1109
2023-09-25 11:29:21,65,67,208,1109
2023-09-25 11:29:45,61,67,208,1109
2023-09-25 11:29:46,62,67,208,1109
2023-09-25 11:29:47,62,65,208,1109
2023-09-25 11:29:47,63,65,208,1109
2023-09-25 11:29:49,63,64,208,1109
2023-09-25 11:29:49,63,65,208,1109
2023-09-25 11:29:51,63,64,208,1109
2023-09-25 11:29:51,62,64,208,1109
2023-09-25 11:29:56,63,64,208,1109
2023-09-25 11:29:57,62,64,208,1109
2023-09-25 11:29:58,62,63,208,1109
2023-09-25 11:30:00,62,64,208,1109
2023-09-25 11:30:02,62,65,208,1109
2023-09-25 11:30:02,63,65,208,1109
2023-09-25 11:30:21,63,64,208,1109
2023-09-25 11:30:23,62,64,208,1109
2023-09-25 11:30:42,63,64,208,1109
2023-09-25 11:30:52,63,100,208,1109
2023-09-25 11:30:52,63,67,208,1109
2023-09-25 11:30:52,63,65,208,1109
2023-09-25 11:31:03,63,100,208,1109
2023-09-25 11:31:03,63,67,208,1109
2023-09-25 11:31:04,61,67,208,1109
2023-09-25 11:31:04,64,67,208,1109
2023-09-25 11:31:05,65,67,208,1109
2023-09-25 11:31:47,65,66,208,1109
2023-09-25 11:31:48,64,66,208,1109
2023-09-25 11:31:52,60,66,208,1109
2023-09-25 11:31:53,61,66,208,1109
2023-09-25 11:31:54,62,66,208,1109
2023-09-25 11:32:29,63,66,208,1109
2023-09-25 11:32:35,64,66,208,1109
2023-09-25 11:32:37,64,100,208,1109
2023-09-25 11:32:37,64,69,208,1109
2023-09-25 11:32:37,64,67,208,1109
2023-09-25 11:32:53,64,66,208,1109
2023-09-25 11:32:55,63,66,208,1109
2023-09-25 11:33:02,60,66,208,1109
2023-09-25 11:33:03,60,65,208,1109
2023-09-25 11:33:03,61,65,208,1109
2023-09-25 11:33:04,62,65,208,1109
2023-09-25 11:33:05,62,64,208,1109
2023-09-25 11:33:06,61,64,208,1109
2023-09-25 11:33:07,61,63,208,1109
2023-09-25 11:33:10,62,63,208,1109
2023-09-25 11:33:11,61,63,208,1109
2023-09-25 11:33:13,62,63,208,1109
2023-09-25 11:33:14,61,63,208,1109
2023-09-25 11:33:18,57,63,208,1109
2023-09-25 11:33:19,57,62,208,1109
2023-09-25 11:33:20,59,62,208,1109
2023-09-25 11:33:35,59,63,208,1109
2023-09-25 11:33:37,59,62,208,1109
2023-09-25 11:33:38,59,63,208,1109
2023-09-25 11:33:43,60,63,208,1109
2023-09-25 11:33:51,60,100,208,1109
2023-09-25 11:33:51,60,66,208,1109
2023-09-25 11:33:51,60,64,208,1109
2023-09-25 11:33:55,61,64,208,1109
2023-09-25 11:34:01,62,64,208,1109
2023-09-25 11:34:03,62,100,208,1109
2023-09-25 11:34:03,62,66,208,1109
2023-09-25 11:34:04,63,66,208,1109
2023-09-25 11:34:05,64,66,208,1109
2023-09-25 11:34:09,64,65,208,1109
2023-09-25 11:34:19,64,66,208,1109
2023-09-25 11:34:25,64,65,208,1109
2023-09-25 11:34:26,63,65,208,1109
2023-09-25 11:34:27,64,65,208,1109
2023-09-25 11:34:28,63,65,208,1109
2023-09-25 11:34:31,64,65,208,1109
2023-09-25 11:34:32,64,66,208,1109
2023-09-25 11:34:58,64,65,208,1109
2023-09-25 11:35:00,64,65,208,1164
2023-09-25 11:35:00,64,66,208,1164
2023-09-25 11:35:12,64,66,208,1167
2023-09-25 11:35:22,64,66,208,1175
2023-09-25 11:35:29,64,66,210,1177
2023-09-25 11:35:40,64,65,210,1177
2023-09-25 11:35:45,64,66,210,1177
2023-09-25 11:36:11,64,66,213,1180
2023-09-25 11:36:20,65,66,213,1180
2023-09-25 11:36:21,64,66,213,1180
2023-09-25 11:36:28,65,66,213,1180
2023-09-25 11:36:30,65,66,217,1184
2023-09-25 11:36:33,65,76,217,1184
2023-09-25 11:36:33,65,67,217,1184
2023-09-25 11:36:36,66,67,217,1184
2023-09-25 11:36:55,66,67,229,1196
2023-09-25 11:36:58,66,67,232,1199
2023-09-25 11:37:05,66,67,234,1201
2023-09-25 11:37:07,65,67,234,1201
2023-09-25 11:37:17,65,66,234,1201
2023-09-25 11:37:18,64,66,234,1201
2023-09-25 11:37:19,65,66,234,1201
2023-09-25 11:37:24,64,66,234,1201
2023-09-25 11:37:43,60,66,234,1201
2023-09-25 11:37:43,61,66,234,1201
2023-09-25 11:37:43,62,66,234,1201
2023-09-25 11:37:44,63,66,234,1201
2023-09-25 11:38:06,62,66,234,1201
2023-09-25 11:38:08,63,66,234,1201
2023-09-25 11:38:09,62,66,234,1201
2023-09-25 11:38:10,63,66,234,1201
2023-09-25 11:38:26,63,65,234,1201
2023-09-25 11:38:30,63,65,236,1203
2023-09-25 11:38:32,63,65,238,1205
2023-09-25 11:38:37,63,65,240,1207
2023-09-25 11:38:40,63,65,246,1213
2023-09-25 11:38:44,63,65,248,1215
2023-09-25 11:38:53,62,65,248,1215
2023-09-25 11:38:57,62,64,248,1215
2023-09-25 11:38:58,62,64,248,1225
2023-09-25 11:39:01,62,64,248,1228
2023-09-25 11:39:03,63,64,248,1228
2023-09-25 11:39:05,63,64,248,1231
2023-09-25 11:39:09,62,64,248,1231
2023-09-25 11:39:10,61,64,248,1231
2023-09-25 11:39:14,61,63,248,1231
2023-09-25 11:39:25,62,63,248,1231
2023-09-25 11:39:25,62,63,248,1233
2023-09-25 11:39:28,62,64,248,1233
2023-09-25 11:39:29,62,63,248,1233
2023-09-25 11:39:31,62,64,248,1233
2023-09-25 11:39:37,62,63,248,1233
2023-09-25 11:39:38,62,64,248,1233
2023-09-25 11:39:41,62,63,248,1233
2023-09-25 11:39:44,62,64,248,1233
2023-09-25 11:39:48,62,63,248,1233
2023-09-25 11:39:50,61,63,248,1233
2023-09-25 11:40:08,59,63,248,1233
2023-09-25 11:40:09,60,63,248,1233
2023-09-25 11:40:10,61,63,248,1233
2023-09-25 11:40:27,60,63,248,1233
2023-09-25 11:40:37,61,63,248,1233
2023-09-25 11:40:49,60,63,248,1233
2023-09-25 11:40:52,61,63,248,1233
2023-09-25 11:41:07,60,63,248,1233
2023-09-25 11:41:33,59,63,248,1233
2023-09-25 11:41:34,60,63,248,1233
2023-09-25 11:41:47,61,63,248,1233
2023-09-25 11:42:00,61,64,248,1233
2023-09-25 11:42:37,62,64,248,1233
2023-09-25 11:42:39,62,72,248,1233
2023-09-25 11:42:39,62,66,248,1233
2023-09-25 11:42:40,63,66,248,1233
2023-09-25 11:42:42,63,65,248,1233
2023-09-25 11:42:44,63,66,248,1233
2023-09-25 11:43:01,63,72,248,1233
2023-09-25 11:43:01,63,67,248,1233
2023-09-25 11:43:01,63,72,248,1233
2023-09-25 11:43:01,59,72,248,1233
2023-09-25 11:43:01,61,72,248,1233
2023-09-25 11:43:02,62,72,248,1233
2023-09-25 11:43:03,61,71,248,1233
2023-09-25 11:43:03,63,71,248,1233
2023-09-25 11:43:03,63,70,248,1233
2023-09-25 11:43:04,61,70,248,1233
2023-09-25 11:43:04,64,70,248,1233
2023-09-25 11:43:05,61,70,248,1233
2023-09-25 11:43:05,65,70,248,1233
2023-09-25 11:43:06,65,71,248,1233
2023-09-25 11:43:06,66,71,248,1233
2023-09-25 11:43:07,67,71,248,1233
2023-09-25 11:43:52,67,70,248,1242
2023-09-25 11:43:54,68,70,248,1242
2023-09-25 11:43:58,67,70,248,1242
2023-09-25 11:43:58,69,70,248,1242
2023-09-25 11:43:58,69,70,248,1259
2023-09-25 11:44:05,69,70,248,1275
2023-09-25 11:44:33,69,71,248,1275
2023-09-25 11:44:33,69,75,248,1275
2023-09-25 11:44:58,69,79,248,1275
2023-09-25 11:44:59,68,79,248,1275
2023-09-25 11:44:59,68,76,248,1275
2023-09-25 11:44:59,68,74,248,1275
2023-09-25 11:45:33,68,79,248,1275
2023-09-25 11:45:33,65,79,248,1275
2023-09-25 11:45:33,67,79,248,1275
2023-09-25 11:45:33,67,75,248,1275
2023-09-25 11:45:33,67,73,248,1275
2023-09-25 11:45:56,64,73,248,1275
2023-09-25 11:45:56,64,79,248,1275
2023-09-25 11:45:56,68,79,248,1275
2023-09-25 11:45:56,68,74,248,1275
2023-09-25 11:46:40,68,79,248,1275
2023-09-25 11:46:40,64,79,248,1275
2023-09-25 11:46:40,66,79,248,1275
2023-09-25 11:46:40,66,74,248,1275
2023-09-25 11:46:40,66,72,248,1275
2023-09-25 11:46:44,66,79,248,1275
2023-09-25 11:46:44,64,79,248,1275
2023-09-25 11:46:44,65,79,248,1275
2023-09-25 11:46:44,65,73,248,1275
2023-09-25 11:46:44,65,72,248,1275
2023-09-25 11:47:19,62,72,248,1275
2023-09-25 11:47:19,62,79,248,1275
2023-09-25 11:47:19,66,79,248,1275
2023-09-25 11:47:19,66,72,248,1275
2023-09-25 11:47:54,62,72,248,1275
2023-09-25 11:47:54,62,79,248,1275
2023-09-25 11:47:54,68,79,248,1275
2023-09-25 11:47:54,68,73,248,1275
2023-09-25 11:48:39,68,75,248,1275
2023-09-25 11:48:39,62,75,248,1275
2023-09-25 11:48:39,64,75,248,1275
2023-09-25 11:48:39,66,75,248,1275
2023-09-25 11:48:39,66,72,248,1275
2023-09-25 11:49:17,66,75,248,1275
2023-09-25 11:49:17,62,75,248,1275
2023-09-25 11:49:17,65,75,248,1275
2023-09-25 11:49:17,65,72,248,1275
2023-09-25 11:50:17,65,73,248,1275
2023-09-25 11:50:17,64,75,248,1275
2023-09-25 11:50:17,64,70,248,1275
2023-09-25 11:50:44,62,70,248,1275
2023-09-25 11:50:44,62,75,248,1275
2023-09-25 11:50:44,66,75,248,1275
2023-09-25 11:50:44,66,74,248,1275
2023-09-25 11:50:44,66,72,248,1275
2023-09-25 11:51:44,65,72,248,1275
2023-09-25 11:51:45,67,75,248,1275
2023-09-25 11:51:45,67,72,248,1275
2023-09-25 11:52:31,65,72,248,1275
2023-09-25 11:52:31,65,76,248,1275
2023-09-25 11:52:31,66,76,248,1275
2023-09-25 11:52:31,68,76,248,1275
2023-09-25 11:52:31,68,74,248,1275
2023-09-25 11:52:59,68,76,248,1275
2023-09-25 11:52:59,65,76,248,1275
2023-09-25 11:52:59,67,76,248,1275
2023-09-25 11:52:59,67,74,248,1275
2023-09-25 11:52:59,67,72,248,1275
2023-09-25 11:53:59,65,72,248,1275
2023-09-25 11:54:00,66,76,248,1275
2023-09-25 11:54:00,66,72,248,1275
2023-09-25 11:54:05,66,76,248,1275
2023-09-25 11:54:05,65,76,248,1275
2023-09-25 11:54:05,65,72,248,1275
2023-09-25 11:55:05,63,72,248,1275
2023-09-25 11:55:06,65,76,248,1275
2023-09-25 11:55:06,65,73,248,1275
2023-09-25 11:55:06,65,72,248,1275
2023-09-25 11:55:28,63,72,248,1275
2023-09-25 11:55:28,63,76,248,1275
2023-09-25 11:55:28,65,76,248,1275
2023-09-25 11:55:28,67,76,248,1275
2023-09-25 11:55:28,67,73,248,1275
2023-09-25 11:55:59,67,74,248,1275
2023-09-25 11:55:59,63,74,248,1275
2023-09-25 11:55:59,65,74,248,1275
2023-09-25 11:55:59,65,73,248,1275
2023-09-25 11:55:59,65,72,248,1275
2023-09-25 11:56:59,63,72,248,1275
2023-09-25 11:57:00,65,74,248,1275
2023-09-25 11:57:00,65,72,248,1275
2023-09-25 11:57:02,65,74,248,1275
2023-09-25 11:57:02,63,74,248,1275
2023-09-25 11:57:02,63,72,248,1275
2023-09-25 11:57:02,63,69,248,1275
2023-09-25 11:57:37,63,74,248,1275
2023-09-25 11:57:37,63,68,248,1275
2023-09-25 11:57:38,62,68,248,1275
2023-09-25 11:58:11,62,74,248,1275
2023-09-25 11:58:11,58,74,248,1275
2023-09-25 11:58:11,61,74,248,1275
2023-09-25 11:58:11,61,69,248,1275
2023-09-25 11:58:11,61,67,248,1275
2023-09-25 11:59:11,59,67,248,1275
2023-09-25 11:59:12,59,74,248,1275
2023-09-25 11:59:12,61,74,248,1275
2023-09-25 11:59:12,61,67,248,1275
2023-09-25 11:59:48,58,67,248,1275
2023-09-25 11:59:48,58,74,248,1275
2023-09-25 11:59:48,61,74,248,1275
2023-09-25 11:59:48,61,72,248,1275
2023-09-25 11:59:58,61,71,248,1275
2023-09-25 12:00:48,59,71,248,1275
2023-09-25 12:00:48,60,71,248,1275
2023-09-25 12:00:48,62,71,248,1275
2023-09-25 12:00:48,62,68,248,1275
2023-09-25 12:01:07,58,68,248,1275
2023-09-25 12:01:07,58,71,248,1275
2023-09-25 12:01:07,61,71,248,1275
2023-09-25 12:01:07,63,71,248,1275
2023-09-25 12:01:07,63,69,248,1275
2023-09-25 12:01:11,58,69,248,1275
2023-09-25 12:01:11,58,71,248,1275
2023-09-25 12:01:11,62,71,248,1275
2023-09-25 12:01:11,64,71,248,1275
2023-09-25 12:01:11,64,70,248,1275
2023-09-25 12:02:11,62,70,248,1275
2023-09-25 12:02:12,63,73,248,1275
2023-09-25 12:02:12,65,73,248,1275
2023-09-25 12:02:12,65,72,248,1275
2023-09-25 12:02:54,65,73,248,1275
2023-09-25 12:02:54,62,73,248,1275
2023-09-25 12:02:54,63,73,248,1275
2023-09-25 12:02:54,63,72,248,1275
2023-09-25 12:02:54,63,69,248,1275
2023-09-25 12:03:21,63,73,248,1275
2023-09-25 12:03:21,61,73,248,1275
2023-09-25 12:03:21,62,73,248,1275
2023-09-25 12:03:21,62,70,248,1275
2023-09-25 12:03:21,62,68,248,1275
2023-09-25 12:03:41,62,73,248,1275
2023-09-25 12:03:41,60,73,248,1275
2023-09-25 12:03:41,61,73,248,1275
2023-09-25 12:03:41,61,69,248,1275
2023-09-25 12:03:41,61,67,248,1275
2023-09-25 12:04:41,59,67,248,1275
2023-09-25 12:04:42,61,73,248,1275
2023-09-25 12:04:42,61,67,248,1275
2023-09-25 12:05:05,59,67,248,1275
2023-09-25 12:05:05,59,73,248,1275
2023-09-25 12:05:05,60,73,248,1275
2023-09-25 12:05:05,62,73,248,1275
2023-09-25 12:05:05,62,70,248,1275
2023-09-25 12:05:05,62,68,248,1275
2023-09-25 12:05:34,59,68,248,1275
2023-09-25 12:05:34,59,71,248,1275
2023-09-25 12:05:34,61,71,248,1275
2023-09-25 12:05:34,63,71,248,1275
2023-09-25 12:05:34,63,69,248,1275
2023-09-25 12:06:02,63,71,248,1275
2023-09-25 12:06:02,59,71,248,1275
2023-09-25 12:06:02,60,71,248,1275
2023-09-25 12:06:02,62,71,248,1275
2023-09-25 12:06:02,62,70,248,1275
2023-09-25 12:06:02,62,68,248,1275
2023-09-25 12:07:02,60,68,248,1275
2023-09-25 12:07:03,60,71,248,1275
2023-09-25 12:07:03,62,71,248,1275
2023-09-25 12:07:03,62,70,248,1275
2023-09-25 12:07:03,62,68,248,1275
2023-09-25 12:07:13,59,68,248,1275
2023-09-25 12:07:13,59,71,248,1275
2023-09-25 12:07:13,61,71,248,1275
2023-09-25 12:07:13,63,71,248,1275
2023-09-25 12:07:13,63,69,248,1275
2023-09-25 12:07:44,45,69,248,1275
2023-09-25 12:07:44,45,71,248,1275
2023-09-25 12:07:44,64,71,248,1275
2023-09-25 12:07:44,64,70,248,1275
2023-09-25 12:08:28,62,70,248,1275
2023-09-25 12:08:28,62,72,248,1275
2023-09-25 12:08:28,66,72,248,1275
2023-09-25 12:09:28,62,72,248,1275
2023-09-25 12:09:29,66,72,248,1275
2023-09-25 12:09:40,62,72,248,1275
2023-09-25 12:09:40,65,72,248,1275
2023-09-25 12:09:40,65,70,248,1275
2023-09-25 12:10:01,65,72,248,1275
2023-09-25 12:10:01,62,72,248,1275
2023-09-25 12:10:01,63,72,248,1275
2023-09-25 12:10:01,63,69,248,1275
2023-09-25 12:10:26,62,69,248,1275
2023-09-25 12:10:26,62,72,248,1275
2023-09-25 12:10:26,64,72,248,1275
2023-09-25 12:10:26,64,70,248,1275
2023-09-25 12:11:18,62,70,248,1275
2023-09-25 12:11:18,62,73,248,1275
2023-09-25 12:11:18,64,73,248,1275
2023-09-25 12:11:18,66,73,248,1275
2023-09-25 12:11:18,66,72,248,1275
2023-09-25 12:12:18,64,72,248,1275
2023-09-25 12:12:19,65,73,248,1275
2023-09-25 12:12:19,65,72,248,1275
2023-09-25 12:12:59,65,71,248,1275
2023-09-25 12:12:59,66,71,248,1275
2023-09-25 12:13:00,67,71,248,1275
2023-09-25 12:13:03,68,70,248,1275
2023-09-25 12:13:06,68,71,248,1275
2023-09-25 12:13:09,69,71,248,1275
2023-09-25 12:13:11,69,72,248,1275
2023-09-25 12:13:18,69,71,248,1275
2023-09-25 12:13:19,69,72,248,1275
2023-09-25 12:13:20,69,71,248,1275
2023-09-25 12:13:22,69,72,248,1275
2023-09-25 12:13:27,69,71,248,1275
2023-09-25 12:13:28,69,72,248,1275
2023-09-25 12:13:29,69,71,248,1275
2023-09-25 12:13:30,69,72,248,1275
2023-09-25 12:13:34,69,71,248,1275
2023-09-25 12:13:35,69,72,248,1275
2023-09-25 12:13:40,70,72,248,1275
2023-09-25 12:13:42,70,73,248,1275
2023-09-25 12:13:48,71,73,248,1275
2023-09-25 12:13:51,71,72,248,1275
2023-09-25 12:13:55,71,73,248,1275
2023-09-25 12:13:59,71,72,248,1275
2023-09-25 12:14:00,71,73,248,1275
2023-09-25 12:14:03,71,72,248,1275
2023-09-25 12:14:06,71,73,248,1275
2023-09-25 12:14:09,71,72,248,1275
2023-09-25 12:14:10,71,73,248,1275
2023-09-25 12:14:11,71,72,248,1275
2023-09-25 12:14:12,71,73,248,1275
2023-09-25 12:14:18,71,72,248,1275
2023-09-25 12:14:19,70,72,248,1275
2023-09-25 12:14:21,69,72,248,1275
2023-09-25 12:14:22,70,72,248,1275
2023-09-25 12:14:37,71,72,248,1275
2023-09-25 12:14:45,71,73,248,1275
2023-09-25 12:14:46,71,72,248,1275
2023-09-25 12:14:48,71,73,248,1275
2023-09-25 12:14:59,71,72,248,1275
2023-09-25 12:15:07,71,73,248,1275
2023-09-25 12:15:23,72,73,248,1275
2023-09-25 12:15:29,72,75,248,1275
2023-09-25 12:15:29,72,74,248,1275
2023-09-25 12:15:41,72,73,248,1275
2023-09-25 12:15:42,72,74,248,1275
2023-09-25 12:15:58,72,74,273,1300
2023-09-25 12:16:06,72,75,273,1300
2023-09-25 12:16:11,73,75,273,1300
2023-09-25 12:16:16,74,75,273,1300
2023-09-25 12:16:21,74,77,273,1300
2023-09-25 12:16:35,75,77,273,1300
2023-09-25 12:16:58,75,79,273,1300
2023-09-25 12:16:58,75,78,273,1300
2023-09-25 12:17:03,75,79,273,1300
2023-09-25 12:17:04,76,79,273,1300
2023-09-25 12:17:05,77,79,273,1300
2023-09-25 12:18:57,77,80,273,1300
2023-09-25 12:19:06,78,80,273,1300
2023-09-25 12:19:08,77,79,273,1300
2023-09-25 12:19:44,78,79,273,1300
2023-09-25 12:19:52,78,80,273,1300
2023-09-25 12:19:53,78,79,273,1300
2023-09-25 12:19:55,77,79,273,1300
2023-09-25 12:20:13,78,79,273,1300
2023-09-25 12:20:14,77,79,273,1300
2023-09-25 12:20:19,78,79,273,1300
2023-09-25 12:20:22,78,80,273,1300
2023-09-25 12:20:27,78,79,273,1300
2023-09-25 12:20:28,78,80,273,1300
2023-09-25 12:20:29,78,79,273,1300
2023-09-25 12:20:30,77,79,273,1300
2023-09-25 12:20:36,78,79,273,1300
2023-09-25 12:20:39,77,79,273,1300
2023-09-25 12:20:52,77,80,273,1300
2023-09-25 12:20:56,78,80,273,1300
2023-09-25 12:21:10,78,79,273,1300
2023-09-25 12:21:11,77,79,273,1300
2023-09-25 12:21:23,78,79,273,1300
2023-09-25 12:21:30,78,79,273,1312
2023-09-25 12:21:31,77,79,273,1312
2023-09-25 12:21:40,78,79,273,1312
2023-09-25 12:21:45,78,79,273,1329
2023-09-25 12:21:58,78,79,273,1329
2023-09-25 12:22:01,78,80,273,1329
2023-09-25 12:22:15,78,79,273,1329
2023-09-25 12:22:17,78,80,273,1329
2023-09-25 12:22:41,78,81,273,1329
2023-09-25 12:22:51,78,80,273,1329
2023-09-25 12:22:52,78,81,273,1329
2023-09-25 12:22:54,78,80,273,1329
2023-09-25 12:23:01,78,81,273,1329
2023-09-25 12:23:19,78,80,273,1329
2023-09-25 12:23:42,78,81,273,1329
2023-09-25 12:23:52,78,80,273,1329
2023-09-25 12:24:00,78,81,273,1329
2023-09-25 12:24:11,78,80,273,1329
2023-09-25 12:24:12,78,81,273,1329
2023-09-25 12:24:15,78,82,273,1329
2023-09-25 12:24:18,78,83,273,1329
2023-09-25 12:24:20,79,83,273,1329
2023-09-25 12:24:20,79,82,273,1329
2023-09-25 12:24:23,79,83,273,1329
2023-09-25 12:24:38,79,82,273,1329
2023-09-25 12:28:43,79,83,273,1329
2023-09-25 12:28:51,79,82,273,1329
2023-09-25 12:28:52,79,83,273,1329
2023-09-25 12:28:58,79,82,273,1329
2023-09-25 12:30:16,78,82,273,1329
2023-09-25 12:30:16,78,83,273,1329
2023-09-25 12:30:25,77,83,273,1329
2023-09-25 12:30:44,77,85,273,1329
2023-09-25 12:30:44,77,85,273,1329
2023-09-25 12:30:44,77,83,273,1329
2023-09-25 12:31:19,77,82,273,1329
2023-09-25 12:31:19,78,82,273,1329
2023-09-25 12:31:20,79,82,273,1329
2023-09-25 12:31:23,79,81,273,1329
2023-09-25 12:31:24,79,82,273,1329
2023-09-25 12:31:25,79,81,273,1329
2023-09-25 12:31:55,78,81,273,1329
2023-09-25 12:31:57,79,81,273,1329
2023-09-25 12:32:11,78,81,273,1329
2023-09-25 12:32:22,79,81,273,1329
2023-09-25 12:34:01,79,82,273,1329
2023-09-25 12:34:06,79,81,273,1329
2023-09-25 12:34:13,79,82,273,1329
2023-09-25 12:34:18,79,81,273,1329
2023-09-25 12:34:42,78,81,273,1329
2023-09-25 12:35:04,75,81,273,1329
2023-09-25 12:35:05,75,80,273,1329
2023-09-25 12:35:06,77,80,273,1329
2023-09-25 12:35:09,77,79,273,1329
2023-09-25 12:35:17,76,79,273,1329
2023-09-25 12:35:19,77,79,273,1329
2023-09-25 12:35:40,77,80,273,1329
2023-09-25 12:35:41,77,79,273,1329
2023-09-25 12:35:49,76,79,273,1329
2023-09-25 12:35:50,77,79,273,1329
2023-09-25 12:35:53,77,79,273,1329
2023-09-25 12:36:12,78,79,273,1329
2023-09-25 12:36:13,78,80,273,1329
2023-09-25 12:36:16,78,79,273,1329
2023-09-25 12:36:18,78,80,273,1329
2023-09-25 12:36:19,78,79,273,1329
2023-09-25 12:36:23,77,79,273,1329
2023-09-25 12:36:55,77,78,273,1329
2023-09-25 12:37:03,77,79,273,1329
2023-09-25 12:37:09,76,79,273,1329
2023-09-25 12:37:15,73,79,273,1329
2023-09-25 12:37:15,73,78,273,1329
2023-09-25 12:37:16,74,78,273,1329
2023-09-25 12:37:17,75,78,273,1329
2023-09-25 12:37:26,75,77,273,1329
2023-09-25 12:37:45,74,77,273,1329
2023-09-25 12:37:46,74,76,273,1329
2023-09-25 12:37:57,70,76,273,1329
2023-09-25 12:37:58,71,76,273,1329
2023-09-25 12:37:59,72,75,273,1329
2023-09-25 12:38:13,71,75,273,1329
2023-09-25 12:38:14,71,74,273,1329
2023-09-25 12:38:15,72,74,273,1329
2023-09-25 12:38:19,72,75,273,1329
2023-09-25 12:39:11,72,74,273,1329
2023-09-25 12:40:04,71,74,273,1329
2023-09-25 12:40:06,72,74,273,1329
2023-09-25 12:40:07,71,74,273,1329
2023-09-25 12:40:08,72,74,273,1329
2023-09-25 12:41:00,72,78,273,1329
2023-09-25 12:41:00,72,76,273,1329
2023-09-25 12:41:02,72,75,273,1329
2023-09-25 12:41:05,72,74,273,1329
2023-09-25 12:41:48,72,76,273,1329
2023-09-25 12:41:59,73,76,273,1329
2023-09-25 12:42:01,73,78,273,1329
2023-09-25 12:42:01,73,77,273,1329
2023-09-25 12:42:07,74,77,273,1329
2023-09-25 12:42:15,75,77,273,1329
2023-09-25 12:42:20,75,76,273,1329
2023-09-25 12:42:21,74,76,273,1329
2023-09-25 12:42:45,70,76,273,1329
2023-09-25 12:42:46,71,76,273,1329
2023-09-25 12:42:47,72,76,273,1329
2023-09-25 12:44:01,72,75,273,1329
2023-09-25 12:44:04,71,75,273,1329
2023-09-25 12:44:05,71,74,273,1329
2023-09-25 12:44:08,72,74,273,1329
2023-09-25 12:44:16,71,74,273,1329
2023-09-25 12:44:17,72,74,273,1329
2023-09-25 12:44:46,71,74,273,1329
2023-09-25 12:44:47,72,74,273,1329
2023-09-25 12:44:48,71,74,273,1329
2023-09-25 12:44:49,72,74,273,1329
2023-09-25 12:44:59,71,74,273,1329
2023-09-25 12:45:01,72,74,273,1329
2023-09-25 12:45:09,71,74,273,1329
2023-09-25 12:45:15,72,74,273,1329
2023-09-25 12:45:16,71,74,273,1329
2023-09-25 12:45:29,71,72,273,1329
2023-09-25 12:45:29,66,72,273,1329
2023-09-25 12:45:31,67,72,273,1329
2023-09-25 12:45:32,68,72,273,1329
2023-09-25 12:45:36,69,72,273,1329
2023-09-25 12:45:57,70,72,273,1329
2023-09-25 12:45:59,70,74,273,1329
2023-09-25 12:46:05,70,73,273,1329
2023-09-25 12:46:10,70,74,273,1329
2023-09-25 12:46:11,70,73,273,1329
2023-09-25 12:46:29,70,74,273,1329
2023-09-25 12:46:30,70,73,273,1329
2023-09-25 12:46:40,70,72,273,1329
2023-09-25 12:46:46,69,72,273,1329
2023-09-25 12:46:47,69,71,273,1329
2023-09-25 12:46:48,70,71,273,1329
2023-09-25 12:46:51,69,71,273,1329
2023-09-25 12:46:57,65,71,273,1329
2023-09-25 12:46:58,66,71,273,1329
2023-09-25 12:46:58,66,70,273,1329
2023-09-25 12:46:59,67,70,273,1329
2023-09-25 12:47:03,67,71,273,1329
2023-09-25 12:47:04,67,70,273,1329
2023-09-25 12:47:05,67,71,273,1329
2023-09-25 12:47:06,67,70,273,1329
2023-09-25 12:47:30,67,71,273,1329
2023-09-25 12:47:40,67,70,273,1329
2023-09-25 12:47:41,67,71,273,1329
2023-09-25 12:47:43,67,70,273,1329
2023-09-25 12:47:44,67,71,273,1329
2023-09-25 12:47:48,67,70,273,1329
2023-09-25 12:47:52,67,71,273,1329
2023-09-25 12:47:54,67,76,273,1329
2023-09-25 12:47:54,68,76,273,1329
2023-09-25 12:47:55,68,72,273,1329
2023-09-25 12:47:57,69,72,273,1329
2023-09-25 12:48:19,69,71,273,1329
2023-09-25 12:48:21,69,72,273,1329
2023-09-25 12:48:22,69,71,273,1329
2023-09-25 12:49:15,69,72,273,1329
2023-09-25 12:49:32,70,72,273,1329
2023-09-25 12:49:33,71,72,273,1329
2023-09-25 12:49:43,70,72,273,1329
2023-09-25 12:49:44,70,71,273,1329
2023-09-25 12:49:47,69,71,273,1329
2023-09-25 12:49:57,65,71,273,1329
2023-09-25 12:49:58,66,71,273,1329
2023-09-25 12:49:59,67,71,273,1329
2023-09-25 12:50:00,67,70,273,1329
2023-09-25 12:50:16,67,69,273,1329
2023-09-25 12:50:30,66,69,273,1329
2023-09-25 12:50:33,66,68,273,1329
2023-09-25 12:50:36,64,68,273,1329
2023-09-25 12:50:37,64,67,273,1329
2023-09-25 12:50:38,62,67,273,1329
2023-09-25 12:50:38,62,66,273,1329
2023-09-25 12:50:39,63,66,273,1329
2023-09-25 12:50:39,63,65,273,1329
2023-09-25 12:50:41,64,65,273,1329
2023-09-25 12:50:42,64,66,273,1329
2023-09-25 12:50:44,64,65,273,1329
2023-09-25 12:50:45,64,66,273,1329
2023-09-25 12:50:46,64,65,273,1329
2023-09-25 12:50:48,63,65,273,1329
2023-09-25 12:50:56,60,65,273,1329
2023-09-25 12:50:57,61,65,273,1329
2023-09-25 12:50:58,61,64,273,1329
2023-09-25 12:50:59,57,64,273,1329
2023-09-25 12:50:59,57,63,273,1329
2023-09-25 12:51:00,58,63,273,1329
2023-09-25 12:51:00,58,62,273,1329
2023-09-25 12:51:01,59,62,273,1329
2023-09-25 12:51:11,58,62,273,1329
2023-09-25 12:51:12,56,62,273,1329
2023-09-25 12:51:12,56,61,273,1329
2023-09-25 12:51:13,57,61,273,1329
2023-09-25 12:51:13,57,60,273,1329
2023-09-25 12:51:14,58,60,273,1329
2023-09-25 12:51:15,57,60,273,1329
2023-09-25 12:51:17,56,60,273,1329
2023-09-25 12:51:18,57,60,273,1329
2023-09-25 12:51:24,56,60,273,1329
2023-09-25 12:51:27,56,59,273,1329
2023-09-25 12:51:33,57,59,273,1329
2023-09-25 12:51:37,57,60,273,1329
2023-09-25 12:51:42,57,59,273,1329
2023-09-25 12:51:43,57,60,273,1329
2023-09-25 12:51:55,57,59,273,1329
2023-09-25 12:52:12,56,59,273,1329
2023-09-25 12:52:15,55,59,273,1329
2023-09-25 12:52:16,55,58,273,1329
2023-09-25 12:52:31,55,58,273,1329
2023-09-25 12:52:33,56,58,273,1329
2023-09-25 12:52:47,55,58,273,1329
2023-09-25 12:53:00,54,58,273,1329
2023-09-25 12:53:01,55,58,273,1329
2023-09-25 12:53:07,54,58,273,1329
2023-09-25 12:53:08,54,57,273,1329
2023-09-25 12:53:11,55,57,273,1329
2023-09-25 12:53:12,54,57,273,1329
2023-09-25 12:53:14,55,57,273,1329
2023-09-25 12:53:44,55,58,273,1329
2023-09-25 12:53:46,55,61,273,1329
2023-09-25 12:53:47,55,60,273,1329
2023-09-25 12:53:48,55,59,273,1329
2023-09-25 12:53:58,56,59,273,1329
2023-09-25 12:54:02,56,60,273,1329
2023-09-25 12:54:03,56,59,273,1329
2023-09-25 12:54:06,56,60,273,1329
2023-09-25 12:54:08,56,62,273,1329
2023-09-25 12:54:08,57,62,273,1329
2023-09-25 12:54:09,57,61,273,1329
2023-09-25 12:54:09,58,61,273,1329
2023-09-25 12:54:10,58,62,273,1329
2023-09-25 12:54:11,58,61,273,1329
2023-09-25 12:54:15,58,62,273,1329
2023-09-25 12:54:16,58,61,273,1329
2023-09-25 12:54:17,58,62,273,1329
2023-09-25 12:54:21,58,64,273,1329
2023-09-25 12:54:22,59,64,273,1329
2023-09-25 12:54:23,59,63,273,1329
2023-09-25 12:54:26,59,64,273,1329
2023-09-25 12:54:26,57,64,273,1329
2023-09-25 12:54:26,60,64,273,1329
2023-09-25 12:54:26,60,68,273,1329
2023-09-25 12:54:26,60,65,273,1329
2023-09-25 12:54:27,61,65,273,1329
2023-09-25 12:54:28,61,64,273,1329
2023-09-25 12:54:42,61,65,273,1329
2023-09-25 12:54:54,62,65,273,1329
2023-09-25 12:54:56,63,65,273,1329
2023-09-25 12:55:05,63,71,273,1329
2023-09-25 12:55:05,63,68,273,1329
2023-09-25 12:55:05,63,66,273,1329
2023-09-25 12:55:10,63,65,273,1329
2023-09-25 12:55:21,63,66,273,1329
2023-09-25 12:55:55,63,65,273,1329
2023-09-25 12:55:58,63,66,273,1329
2023-09-25 12:56:00,63,65,273,1329
2023-09-25 12:56:32,63,66,273,1329
2023-09-25 12:56:37,63,65,273,1329
2023-09-25 12:56:47,62,65,273,1329
2023-09-25 12:57:01,60,65,273,1329
2023-09-25 12:57:02,51,65,273,1329
2023-09-25 12:57:02,59,65,273,1329
2023-09-25 12:57:02,59,64,273,1329
2023-09-25 12:57:03,60,64,273,1329
2023-09-25 12:57:04,61,64,273,1329
2023-09-25 12:57:04,61,64,273,1329
2023-09-25 12:57:13,61,65,273,1329
2023-09-25 12:57:17,61,66,273,1329
2023-09-25 12:57:18,62,66,273,1329
2023-09-25 12:57:20,63,66,273,1329
2023-09-25 12:57:28,63,67,273,1329
2023-09-25 12:57:30,63,66,273,1329
2023-09-25 12:57:34,63,67,273,1329
2023-09-25 12:57:35,63,66,273,1329
2023-09-25 12:57:40,63,65,273,1329
2023-09-25 12:57:41,62,65,273,1329
2023-09-25 12:57:42,62,64,273,1329
2023-09-25 12:57:43,59,64,273,1329
2023-09-25 12:57:44,60,64,273,1329
2023-09-25 12:57:45,61,64,273,1329
2023-09-25 12:57:45,61,63,273,1329
2023-09-25 12:57:56,60,63,273,1329
2023-09-25 12:58:10,61,63,273,1329
2023-09-25 12:58:14,61,64,273,1329
2023-09-25 12:58:15,61,63,273,1329
2023-09-25 12:58:16,61,64,273,1329
2023-09-25 12:58:20,61,63,273,1329
2023-09-25 12:58:26,61,64,273,1329
2023-09-25 12:58:51,61,63,273,1329
2023-09-25 12:58:52,61,64,273,1329
2023-09-25 12:59:02,61,63,273,1329
2023-09-25 12:59:07,61,64,273,1329
2023-09-25 12:59:19,61,65,273,1329
2023-09-25 12:59:24,62,65,273,1329
2023-09-25 12:59:25,63,65,273,1329
2023-09-25 12:59:30,63,99,273,1329
2023-09-25 12:59:30,63,71,273,1329
2023-09-25 12:59:30,63,67,273,1329
2023-09-25 12:59:30,63,66,273,1329
2023-09-25 12:59:31,63,67,273,1329
2023-09-25 12:59:34,64,67,273,1329
2023-09-25 12:59:41,64,66,273,1329
2023-09-25 12:59:42,64,67,273,1329
2023-09-25 12:59:55,65,67,273,1329
2023-09-25 12:59:56,66,67,273,1329
2023-09-25 13:00:01,65,67,273,1329
2023-09-25 13:00:05,65,66,273,1329
2023-09-25 13:00:05,64,66,273,1329
2023-09-25 13:00:21,61,66,273,1329
2023-09-25 13:00:22,62,66,273,1329
2023-09-25 13:00:23,63,66,273,1329
2023-09-25 13:01:13,63,66,286,1342
2023-09-25 13:02:06,63,67,286,1342
2023-09-25 13:02:08,64,67,286,1342
2023-09-25 13:02:22,65,67,286,1342
2023-09-25 13:02:46,65,66,286,1342
2023-09-25 13:02:52,64,66,286,1342
2023-09-25 13:02:55,60,66,286,1342
2023-09-25 13:02:55,60,65,286,1342
2023-09-25 13:02:56,61,65,286,1342
2023-09-25 13:02:57,62,65,286,1342
2023-09-25 13:03:13,62,66,286,1342
2023-09-25 13:03:28,62,65,286,1342
2023-09-25 13:03:37,62,64,286,1342
2023-09-25 13:03:40,62,65,286,1342
2023-09-25 13:03:48,62,66,286,1342
2023-09-25 13:03:49,62,65,286,1342
2023-09-25 13:04:15,62,64,286,1342
2023-09-25 13:04:21,61,64,286,1342
2023-09-25 13:04:22,61,63,286,1342
2023-09-25 13:04:23,59,63,286,1342
2023-09-25 13:04:24,60,63,286,1342
2023-09-25 13:04:24,60,62,286,1342
2023-09-25 13:04:37,57,62,286,1342
2023-09-25 13:04:38,58,62,286,1342
2023-09-25 13:04:39,59,62,286,1342
2023-09-25 13:04:40,60,62,286,1342
2023-09-25 13:04:45,60,63,286,1342
2023-09-25 13:04:48,60,62,286,1342
2023-09-25 13:05:14,60,63,286,1342
2023-09-25 13:05:16,61,64,286,1342
2023-09-25 13:05:22,61,63,286,1342
2023-09-25 13:05:26,61,64,286,1342
2023-09-25 13:05:36,61,63,286,1342
2023-09-25 13:05:47,61,64,286,1342
2023-09-25 13:05:51,61,65,286,1342
2023-09-25 13:05:53,62,65,286,1342
2023-09-25 13:05:53,62,68,286,1342
2023-09-25 13:05:53,62,66,286,1342
2023-09-25 13:05:54,62,65,286,1342
2023-09-25 13:06:14,62,66,286,1342
2023-09-25 13:06:15,63,66,286,1342
2023-09-25 13:06:27,63,70,286,1342
2023-09-25 13:06:27,63,67,286,1342
2023-09-25 13:06:29,64,67,286,1342
2023-09-25 13:06:34,65,67,286,1342
2023-09-25 13:06:46,65,70,286,1342
2023-09-25 13:06:46,65,69,286,1342
2023-09-25 13:06:47,66,69,286,1342
2023-09-25 13:06:48,66,72,286,1342
2023-09-25 13:06:48,66,70,286,1342
2023-09-25 13:06:48,67,70,286,1342
2023-09-25 13:06:50,68,70,286,1342
2023-09-25 13:07:00,68,99,286,1342
2023-09-25 13:07:00,68,74,286,1342
2023-09-25 13:07:00,68,72,286,1342
2023-09-25 13:07:01,69,72,286,1342
2023-09-25 13:07:02,69,75,286,1342
2023-09-25 13:07:02,68,75,286,1342
2023-09-25 13:07:02,67,75,286,1342
2023-09-25 13:07:02,67,73,286,1342
2023-09-25 13:07:02,56,73,286,1342
2023-09-25 13:07:02,56,75,286,1342
2023-09-25 13:07:02,66,75,286,1342
2023-09-25 13:07:02,68,75,286,1342
2023-09-25 13:07:03,68,74,286,1342
2023-09-25 13:07:03,69,74,286,1342
2023-09-25 13:07:04,68,74,286,1342
2023-09-25 13:07:04,70,74,286,1342
2023-09-25 13:07:05,71,74,286,1342
2023-09-25 13:07:12,71,73,286,1342
2023-09-25 13:07:19,71,74,286,1342
2023-09-25 13:07:22,71,73,286,1342
2023-09-25 13:07:36,71,74,286,1342
2023-09-25 13:07:38,71,73,286,1342
2023-09-25 13:07:53,71,74,286,1342
2023-09-25 13:08:02,71,76,286,1342
2023-09-25 13:08:02,71,77,286,1342
2023-09-25 13:08:03,71,75,286,1342
2023-09-25 13:08:04,72,75,286,1342
2023-09-25 13:08:43,72,77,286,1342
2023-09-25 13:08:44,72,76,286,1342
2023-09-25 13:08:45,72,77,286,1342
2023-09-25 13:08:45,73,77,286,1342
2023-09-25 13:08:46,73,76,286,1342
2023-09-25 13:09:01,73,77,286,1342
2023-09-25 13:09:04,73,76,286,1342
2023-09-25 13:09:14,73,77,286,1342
2023-09-25 13:09:23,73,76,286,1342
2023-09-25 13:09:30,73,77,286,1342
2023-09-25 13:09:33,73,76,286,1342
2023-09-25 13:09:39,73,77,286,1342
2023-09-25 13:09:40,73,76,286,1342
2023-09-25 13:10:02,73,77,286,1342
2023-09-25 13:10:07,74,77,286,1342
2023-09-25 13:10:09,75,77,286,1342
2023-09-25 13:10:10,75,76,286,1342
2023-09-25 13:10:15,74,76,286,1342
2023-09-25 13:10:18,75,76,286,1342
2023-09-25 13:10:21,74,76,286,1342
2023-09-25 13:10:43,75,76,286,1342
2023-09-25 13:10:45,75,77,286,1342
2023-09-25 13:10:50,75,76,286,1342
2023-09-25 13:10:55,75,77,286,1342
2023-09-25 13:10:57,75,76,286,1342
2023-09-25 13:10:58,75,77,286,1342
2023-09-25 13:11:01,75,80,286,1342
2023-09-25 13:11:02,75,79,286,1342
2023-09-25 13:11:03,75,78,286,1342
2023-09-25 13:11:04,75,79,286,1342
2023-09-25 13:11:07,75,78,286,1342
2023-09-25 13:11:09,76,78,286,1342
2023-09-25 13:11:10,76,79,286,1342
2023-09-25 13:11:11,76,78,286,1342
2023-09-25 13:11:46,76,79,286,1342
2023-09-25 13:11:55,76,80,286,1342
2023-09-25 13:11:57,76,79,286,1342
2023-09-25 13:12:01,77,79,286,1342
2023-09-25 13:12:05,77,80,286,1342
2023-09-25 13:12:08,77,81,286,1342
2023-09-25 13:12:09,78,81,286,1342
2023-09-25 13:12:16,79,81,286,1342
2023-09-25 13:12:41,79,80,286,1342
2023-09-25 13:12:46,79,81,286,1342
2023-09-25 13:13:07,79,82,286,1342
2023-09-25 13:13:07,79,81,286,1342
2023-09-25 13:13:12,79,82,286,1342
2023-09-25 13:13:16,79,81,286,1342
2023-09-25 13:13:50,79,82,286,1342
2023-09-25 13:14:06,80,82,286,1342
2023-09-25 13:14:08,80,81,286,1342
2023-09-25 13:14:09,80,82,286,1342
2023-09-25 13:14:32,80,81,286,1342
2023-09-25 13:14:33,80,82,286,1342
2023-09-25 13:14:36,80,81,286,1342
2023-09-25 13:14:39,80,82,286,1342
2023-09-25 13:14:40,80,81,286,1342
2023-09-25 13:14:42,80,82,286,1342
2023-09-25 13:14:46,80,81,286,1342
2023-09-25 13:14:51,79,81,286,1342
2023-09-25 13:15:03,80,81,286,1342
2023-09-25 13:15:04,80,82,286,1342
2023-09-25 13:15:06,80,81,286,1342
2023-09-25 13:15:08,80,82,286,1342
2023-09-25 13:15:10,80,81,286,1342
2023-09-25 13:15:12,79,81,286,1342
2023-09-25 13:15:14,78,81,286,1342
2023-09-25 13:15:14,78,80,286,1342
2023-09-25 13:15:18,75,80,286,1342
2023-09-25 13:15:19,76,80,286,1342
2023-09-25 13:15:20,77,79,286,1342
2023-09-25 13:15:21,78,79,286,1342
2023-09-25 13:15:23,77,79,286,1342
2023-09-25 13:15:26,78,79,286,1342
2023-09-25 13:15:31,78,80,286,1342
2023-09-25 13:15:32,78,79,286,1342
2023-09-25 13:15:37,78,80,286,1342
2023-09-25 13:16:15,78,81,286,1342
2023-09-25 13:16:16,78,80,286,1342
2023-09-25 13:16:17,78,81,286,1342
2023-09-25 13:16:20,78,80,286,1342
2023-09-25 13:16:22,78,81,286,1342
2023-09-25 13:16:34,78,80,286,1342
2023-09-25 13:16:35,78,81,286,1342
2023-09-25 13:16:40,79,81,286,1342
2023-09-25 13:17:12,79,80,286,1342
2023-09-25 13:17:13,79,81,286,1342
2023-09-25 13:17:25,79,80,286,1342
2023-09-25 13:17:29,78,80,286,1342
2023-09-25 13:17:44,78,81,286,1342
2023-09-25 13:17:44,79,81,286,1342
2023-09-25 13:17:45,79,80,286,1342
2023-09-25 13:17:47,78,80,286,1342
2023-09-25 13:18:07,78,81,286,1342
2023-09-25 13:18:09,78,80,286,1342
2023-09-25 13:18:11,78,81,286,1342
2023-09-25 13:18:13,79,81,286,1342
2023-09-25 13:18:33,79,80,286,1342
2023-09-25 13:18:34,78,80,286,1342
2023-09-25 13:18:38,77,80,286,1342
2023-09-25 13:18:42,78,80,286,1342
2023-09-25 13:18:47,78,81,286,1342
2023-09-25 13:19:00,78,80,286,1342
2023-09-25 13:19:01,78,81,286,1342
2023-09-25 13:19:10,78,80,286,1342
2023-09-25 13:19:21,77,80,286,1342
2023-09-25 13:19:23,78,80,286,1342
2023-09-25 13:19:27,77,80,286,1342
2023-09-25 13:19:28,77,79,286,1342
2023-09-25 13:19:29,73,79,286,1342
2023-09-25 13:19:30,73,78,286,1342
2023-09-25 13:19:30,74,78,286,1342
2023-09-25 13:19:31,75,78,286,1342
2023-09-25 13:19:53,75,77,286,1342
2023-09-25 13:19:56,75,78,286,1342
2023-09-25 13:20:05,75,79,286,1342
2023-09-25 13:20:06,75,78,286,1342
2023-09-25 13:20:10,75,79,286,1342
2023-09-25 13:20:15,75,78,286,1342
2023-09-25 13:20:19,75,77,286,1342
2023-09-25 13:20:53,75,78,286,1342
2023-09-25 13:21:02,76,78,286,1342
2023-09-25 13:21:04,76,79,286,1342
2023-09-25 13:21:10,77,79,286,1342
2023-09-25 13:21:30,77,80,286,1342
2023-09-25 13:21:40,77,79,286,1342
2023-09-25 13:21:55,77,78,286,1342
2023-09-25 13:22:01,76,78,286,1342
2023-09-25 13:22:06,77,78,286,1342
2023-09-25 13:22:07,76,78,286,1342
2023-09-25 13:22:38,76,79,286,1342
2023-09-25 13:22:38,76,77,286,1342
2023-09-25 13:22:38,75,77,286,1342
2023-09-25 13:22:39,75,76,286,1342
2023-09-25 13:22:40,71,76,286,1342
2023-09-25 13:22:41,72,76,286,1342
2023-09-25 13:22:42,73,76,286,1342
2023-09-25 13:22:46,73,75,286,1342
2023-09-25 13:22:47,73,76,286,1342
2023-09-25 13:22:48,73,75,286,1342
2023-09-25 13:22:49,73,76,286,1342
2023-09-25 13:22:52,73,75,286,1342
2023-09-25 13:22:58,72,75,286,1342
2023-09-25 13:23:02,73,75,286,1342
2023-09-25 13:23:44,73,76,286,1342
2023-09-25 13:23:54,73,76,286,1367
2023-09-25 13:24:05,73,75,286,1367
2023-09-25 13:24:11,73,76,286,1367
2023-09-25 13:24:12,73,75,286,1367
2023-09-25 13:24:21,72,75,286,1367
2023-09-25 13:24:21,72,74,286,1367
2023-09-25 13:24:31,68,74,286,1367
2023-09-25 13:24:32,68,73,286,1367
2023-09-25 13:24:32,69,73,286,1367
2023-09-25 13:24:33,70,73,286,1367
2023-09-25 13:24:37,70,72,286,1367
2023-09-25 13:25:43,69,72,286,1367
2023-09-25 13:25:44,70,72,286,1367
2023-09-25 13:25:55,69,72,286,1367
2023-09-25 13:25:56,69,70,286,1367
2023-09-25 13:26:02,64,70,286,1367
2023-09-25 13:26:03,65,70,286,1367
2023-09-25 13:26:04,66,69,286,1367
2023-09-25 13:26:06,66,68,286,1367
2023-09-25 13:26:08,66,69,286,1367
2023-09-25 13:26:17,66,68,286,1367
2023-09-25 13:26:22,66,69,286,1367
2023-09-25 13:26:42,66,68,286,1367
2023-09-25 13:26:43,66,69,286,1367
2023-09-25 13:26:46,66,70,286,1367
2023-09-25 13:26:49,67,70,286,1367
2023-09-25 13:26:54,67,69,286,1367
2023-09-25 13:26:57,67,70,286,1367
2023-09-25 13:26:58,67,69,286,1367
2023-09-25 13:27:02,67,70,286,1367
2023-09-25 13:27:25,67,69,286,1367
2023-09-25 13:27:33,66,69,286,1367
2023-09-25 13:27:34,63,69,286,1367
2023-09-25 13:27:35,64,69,286,1367
2023-09-25 13:27:36,65,69,286,1367
2023-09-25 13:27:37,65,68,286,1367
2023-09-25 13:28:01,64,68,286,1367
2023-09-25 13:28:02,64,67,286,1367
2023-09-25 13:28:02,65,67,286,1367
2023-09-25 13:28:07,64,67,286,1367
2023-09-25 13:28:13,61,67,286,1367
2023-09-25 13:28:13,61,70,286,1367
2023-09-25 13:28:13,61,68,286,1367
2023-09-25 13:28:14,61,67,286,1367
2023-09-25 13:28:15,61,68,286,1367
2023-09-25 13:28:15,61,66,286,1367
2023-09-25 13:28:16,61,72,286,1367
2023-09-25 13:28:16,61,65,286,1367
2023-09-25 13:28:16,61,64,286,1367
2023-09-25 13:28:17,61,63,286,1367
2023-09-25 13:28:18,57,63,286,1367
2023-09-25 13:28:19,57,62,286,1367
2023-09-25 13:28:20,59,62,286,1367
2023-09-25 13:28:50,58,62,286,1367
2023-09-25 13:28:50,54,62,286,1367
2023-09-25 13:28:51,54,64,286,1367
2023-09-25 13:28:51,55,64,286,1367
2023-09-25 13:28:51,55,61,286,1367
2023-09-25 13:28:52,55,64,286,1367
2023-09-25 13:28:52,56,64,286,1367
2023-09-25 13:28:52,56,60,286,1367
2023-09-25 13:28:53,56,59,286,1367
2023-09-25 13:29:08,56,60,286,1367
2023-09-25 13:29:10,57,60,286,1367
2023-09-25 13:29:11,57,62,286,1367
2023-09-25 13:29:12,57,61,286,1367
2023-09-25 13:29:14,58,61,286,1367
2023-09-25 13:29:22,58,63,286,1367
2023-09-25 13:29:23,58,62,286,1367
2023-09-25 13:29:24,58,61,286,1367
2023-09-25 13:29:28,58,62,286,1367
2023-09-25 13:29:31,59,62,286,1367
2023-09-25 13:29:31,59,64,286,1367
2023-09-25 13:29:32,59,63,286,1367
2023-09-25 13:29:32,60,63,286,1367
2023-09-25 13:29:33,61,63,286,1367
2023-09-25 13:29:36,61,64,286,1367
2023-09-25 13:29:49,61,72,286,1367
2023-09-25 13:29:49,61,66,286,1367
2023-09-25 13:29:50,61,65,286,1367
2023-09-25 13:29:51,62,65,286,1367
2023-09-25 13:30:04,62,64,286,1367
2023-09-25 13:30:05,61,64,286,1367
2023-09-25 13:30:05,61,63,286,1367
2023-09-25 13:30:07,59,63,286,1367
2023-09-25 13:30:08,59,62,286,1367
2023-09-25 13:30:19,60,62,286,1367
2023-09-25 13:30:28,60,63,286,1367
2023-09-25 13:30:32,60,62,286,1367
2023-09-25 13:30:35,60,63,286,1367
2023-09-25 13:30:36,60,62,286,1367
2023-09-25 13:30:37,60,63,286,1367
2023-09-25 13:30:40,60,62,286,1367
2023-09-25 13:30:42,60,63,286,1367
2023-09-25 13:30:47,60,62,286,1367
2023-09-25 13:30:53,60,63,286,1367
2023-09-25 13:31:03,60,62,286,1367
2023-09-25 13:31:09,59,62,286,1367
2023-09-25 13:31:15,56,62,286,1367
2023-09-25 13:31:16,56,61,286,1367
2023-09-25 13:31:16,57,61,286,1367
2023-09-25 13:31:19,57,60,286,1367
2023-09-25 13:31:25,58,60,286,1367
2023-09-25 13:32:17,57,60,286,1367
2023-09-25 13:32:22,52,60,286,1367
2023-09-25 13:32:23,55,60,286,1367
2023-09-25 13:32:24,55,59,286,1367
2023-09-25 13:32:24,56,59,286,1367
2023-09-25 13:32:42,57,59,286,1367
2023-09-25 13:32:45,56,59,286,1367
2023-09-25 13:32:48,57,59,286,1367
2023-09-25 13:33:01,57,60,286,1367
2023-09-25 13:33:02,57,62,286,1367
2023-09-25 13:33:03,58,62,286,1367
2023-09-25 13:33:06,58,61,286,1367
2023-09-25 13:33:12,58,62,286,1367
2023-09-25 13:33:13,58,61,286,1367
2023-09-25 13:33:46,58,62,286,1367
2023-09-25 13:33:54,58,61,286,1367
2023-09-25 13:33:55,58,62,286,1367
2023-09-25 13:34:11,59,62,286,1367
2023-09-25 13:34:13,59,63,286,1367
2023-09-25 13:34:16,60,63,286,1367
2023-09-25 13:34:17,60,65,286,1367
2023-09-25 13:34:18,61,65,286,1367
2023-09-25 13:34:18,61,64,286,1367
2023-09-25 13:34:19,61,63,286,1367
2023-09-25 13:34:20,61,64,286,1367
2023-09-25 13:34:24,61,63,286,1367
2023-09-25 13:34:25,61,64,286,1367
2023-09-25 13:34:28,61,65,286,1367
2023-09-25 13:34:30,62,65,286,1367
2023-09-25 13:34:41,62,68,286,1367
2023-09-25 13:34:41,62,66,286,1367
2023-09-25 13:34:44,62,65,286,1367
2023-09-25 13:34:45,62,66,286,1367
2023-09-25 13:34:46,62,65,286,1367
2023-09-25 13:34:56,62,66,286,1367
2023-09-25 13:34:58,63,66,286,1367
2023-09-25 13:35:06,64,66,286,1367
2023-09-25 13:35:21,64,65,286,1367
2023-09-25 13:35:23,63,65,286,1367
2023-09-25 13:35:26,64,65,286,1367
2023-09-25 13:35:28,63,65,286,1367
2023-09-25 13:35:42,63,66,286,1367
2023-09-25 13:35:42,64,66,286,1367
2023-09-25 13:35:45,64,65,286,1367
2023-09-25 13:35:52,63,65,286,1367
2023-09-25 13:35:55,60,65,286,1367
2023-09-25 13:35:56,61,65,286,1367
2023-09-25 13:35:57,62,65,286,1367
2023-09-25 13:36:09,62,66,286,1367
2023-09-25 13:36:10,62,65,286,1367
2023-09-25 13:36:13,62,66,286,1367
2023-09-25 13:36:15,62,65,286,1367
2023-09-25 13:36:30,62,66,286,1367
2023-09-25 13:36:31,62,65,286,1367
2023-09-25 13:36:34,62,66,286,1367
2023-09-25 13:36:38,62,65,286,1367
2023-09-25 13:36:53,62,66,286,1367
2023-09-25 13:36:56,62,65,286,1367
2023-09-25 13:37:07,62,66,286,1367
2023-09-25 13:37:11,62,67,286,1367
2023-09-25 13:37:11,63,67,286,1367
2023-09-25 13:37:18,64,67,286,1367
2023-09-25 13:37:22,64,70,286,1367
2023-09-25 13:37:22,64,68,286,1367
2023-09-25 13:37:23,65,68,286,1367
2023-09-25 13:37:26,66,68,286,1367
2023-09-25 13:37:36,66,67,286,1367
2023-09-25 13:37:37,65,67,286,1367
2023-09-25 13:37:43,65,68,286,1367
2023-09-25 13:37:45,65,67,286,1367
2023-09-25 13:37:45,66,67,286,1367
2023-09-25 13:37:48,65,67,286,1367
2023-09-25 13:37:53,64,67,286,1367
2023-09-25 13:37:54,65,67,286,1367
2023-09-25 13:38:04,65,68,286,1367
2023-09-25 13:38:08,66,68,286,1367
2023-09-25 13:38:22,66,72,286,1367
2023-09-25 13:38:22,66,71,286,1367
2023-09-25 13:38:23,66,70,286,1367
2023-09-25 13:38:23,66,68,286,1367
2023-09-25 13:38:51,67,68,286,1367
2023-09-25 13:38:55,67,71,286,1367
2023-09-25 13:38:55,67,70,286,1367
2023-09-25 13:38:59,68,70,286,1367
2023-09-25 13:38:59,68,73,286,1367
2023-09-25 13:38:59,68,72,286,1367
2023-09-25 13:39:03,69,72,286,1367
2023-09-25 13:39:32,69,71,286,1367
2023-09-25 13:39:33,69,72,286,1367
2023-09-25 13:39:58,69,74,286,1367
2023-09-25 13:39:58,69,72,286,1367
2023-09-25 13:41:26,69,70,286,1367
2023-09-25 13:41:31,68,70,286,1367
2023-09-25 13:41:32,68,69,286,1367
2023-09-25 13:41:33,63,69,286,1367
2023-09-25 13:41:34,64,69,286,1367
2023-09-25 13:41:35,65,69,286,1367
2023-09-25 13:41:42,66,69,286,1367
2023-09-25 13:41:45,66,68,286,1367
2023-09-25 13:41:48,67,68,286,1367
2023-09-25 13:41:50,67,69,286,1367
2023-09-25 13:42:04,67,68,286,1367
2023-09-25 13:42:06,65,68,286,1367
2023-09-25 13:42:06,65,67,286,1367
2023-09-25 13:42:10,62,67,286,1367
2023-09-25 13:42:11,62,66,286,1367
2023-09-25 13:42:11,63,66,286,1367
2023-09-25 13:42:12,64,66,286,1367
2023-09-25 13:42:56,64,67,286,1367
2023-09-25 13:43:05,64,66,286,1367
2023-09-25 13:43:05,63,66,286,1367
2023-09-25 13:43:07,63,65,286,1367
2023-09-25 13:43:16,64,65,286,1367
2023-09-25 13:43:20,63,65,286,1367
2023-09-25 13:43:23,64,65,286,1367
2023-09-25 13:43:30,63,65,286,1367
2023-09-25 13:43:46,64,65,286,1367
2023-09-25 13:43:48,64,66,286,1367
2023-09-25 13:44:01,64,67,286,1367
2023-09-25 13:44:04,64,66,286,1367
2023-09-25 13:44:13,64,67,286,1367
2023-09-25 13:44:19,64,66,286,1367
2023-09-25 13:44:21,64,67,286,1367
2023-09-25 13:44:44,64,66,286,1367
2023-09-25 13:44:47,63,66,286,1367
2023-09-25 13:44:58,64,66,286,1367
2023-09-25 13:45:09,64,67,286,1367
2023-09-25 13:45:19,64,66,286,1367
2023-09-25 13:45:21,64,67,286,1367
2023-09-25 13:45:22,64,66,286,1367
2023-09-25 13:45:28,63,66,286,1367
2023-09-25 13:45:30,60,66,286,1367
2023-09-25 13:45:31,61,66,286,1367
2023-09-25 13:45:31,61,65,286,1367
2023-09-25 13:45:32,62,65,286,1367
2023-09-25 13:45:56,62,66,286,1367
2023-09-25 13:45:57,62,65,286,1367
2023-09-25 13:45:58,62,66,286,1367
2023-09-25 13:45:59,62,65,286,1367
2023-09-25 13:46:06,62,66,286,1367
2023-09-25 13:46:10,62,65,286,1367
2023-09-25 13:46:11,62,66,286,1367
2023-09-25 13:46:13,63,66,286,1367
2023-09-25 13:46:17,63,65,286,1367
2023-09-25 13:46:22,63,66,286,1367
2023-09-25 13:46:27,63,65,286,1367
2023-09-25 13:46:28,63,66,286,1367
2023-09-25 13:46:31,63,65,286,1367
2023-09-25 13:46:36,63,66,286,1367
2023-09-25 13:46:44,63,67,286,1367
2023-09-25 13:46:45,63,66,286,1367
2023-09-25 13:46:55,63,67,286,1367
2023-09-25 13:46:57,63,68,286,1367
2023-09-25 13:46:57,62,68,286,1367
2023-09-25 13:46:57,64,68,286,1367
2023-09-25 13:46:58,65,68,286,1367
2023-09-25 13:47:07,66,68,286,1367
2023-09-25 13:47:17,66,67,286,1367
2023-09-25 13:47:20,65,67,286,1367
2023-09-25 13:47:24,61,67,286,1367
2023-09-25 13:47:25,62,67,286,1367
2023-09-25 13:47:26,63,67,286,1367
2023-09-25 13:47:33,64,67,286,1367
2023-09-25 13:47:47,62,67,286,1367
2023-09-25 13:47:47,61,67,286,1367
2023-09-25 13:47:47,61,71,286,1367
2023-09-25 13:47:47,61,69,286,1367
2023-09-25 13:47:47,61,67,286,1367
2023-09-25 13:47:48,56,67,286,1367
2023-09-25 13:47:48,61,67,286,1367
2023-09-25 13:47:49,58,66,286,1367
2023-09-25 13:47:49,58,67,286,1367
2023-09-25 13:47:49,58,65,286,1367
2023-09-25 13:47:50,58,67,286,1367
2023-09-25 13:47:50,59,67,286,1367
2023-09-25 13:47:50,59,64,286,1367
2023-09-25 13:47:51,59,63,286,1367
2023-09-25 13:47:53,56,63,286,1367
2023-09-25 13:47:53,56,62,286,1367
2023-09-25 13:47:54,57,62,286,1367
2023-09-25 13:47:54,57,61,286,1367
2023-09-25 13:47:55,58,61,286,1367
2023-09-25 13:47:56,57,61,286,1367
2023-09-25 13:47:57,56,61,286,1367
2023-09-25 13:47:57,56,62,286,1367
2023-09-25 13:47:57,56,60,286,1367
2023-09-25 13:47:57,53,60,286,1367
2023-09-25 13:47:57,54,60,286,1367
2023-09-25 13:47:58,55,60,286,1367
2023-09-25 13:47:59,56,59,286,1367
2023-09-25 13:48:00,55,59,286,1367
2023-09-25 13:48:01,55,58,286,1367
2023-09-25 13:48:08,56,58,286,1367
2023-09-25 13:48:14,56,59,286,1367
2023-09-25 13:48:17,56,62,286,1367
2023-09-25 13:48:18,56,61,286,1367
2023-09-25 13:48:19,58,61,286,1367
2023-09-25 13:48:45,58,63,286,1367
2023-09-25 13:48:46,58,62,286,1367
2023-09-25 13:48:47,59,62,286,1367
2023-09-25 13:48:49,59,63,286,1367
2023-09-25 13:48:50,59,62,286,1367
2023-09-25 13:48:52,59,63,286,1367
2023-09-25 13:48:53,59,71,286,1367
2023-09-25 13:48:53,59,65,286,1367
2023-09-25 13:48:54,60,65,286,1367
2023-09-25 13:48:55,61,65,286,1367
2023-09-25 13:48:58,61,64,286,1367
2023-09-25 13:49:16,61,65,286,1367
2023-09-25 13:49:18,61,64,286,1367
2023-09-25 13:49:24,61,65,286,1367
2023-09-25 13:49:29,61,71,286,1367
2023-09-25 13:49:29,61,68,286,1367
2023-09-25 13:49:29,61,66,286,1367
2023-09-25 13:49:29,60,66,286,1367
2023-09-25 13:49:29,62,66,286,1367
2023-09-25 13:49:30,63,66,286,1367
2023-09-25 13:49:43,64,66,286,1367
2023-09-25 13:49:46,64,72,286,1367
2023-09-25 13:49:46,64,69,286,1367
2023-09-25 13:49:46,64,67,286,1367
2023-09-25 13:49:50,65,67,286,1367
2023-09-25 13:49:52,66,67,286,1367
2023-09-25 13:50:08,66,72,286,1367
2023-09-25 13:50:08,66,69,286,1367
2023-09-25 13:50:37,67,69,286,1367
2023-09-25 13:51:29,67,68,286,1367
2023-09-25 13:51:30,67,69,286,1367
2023-09-25 13:52:03,67,73,286,1367
2023-09-25 13:52:03,67,70,286,1367
2023-09-25 13:52:04,68,70,286,1367
2023-09-25 13:52:11,69,70,286,1367
2023-09-25 13:52:12,69,75,286,1367
2023-09-25 13:52:12,69,72,286,1367
2023-09-25 13:52:14,70,72,286,1367
2023-09-25 13:52:25,71,72,286,1367
2023-09-25 13:52:32,71,76,286,1367
2023-09-25 13:52:32,71,75,286,1367
2023-09-25 13:52:32,71,73,286,1367
2023-09-25 13:52:33,72,73,286,1367
2023-09-25 13:52:35,72,77,286,1367
2023-09-25 13:52:35,72,74,286,1367
2023-09-25 13:52:38,73,74,286,1367
2023-09-25 13:52:39,73,77,286,1367
2023-09-25 13:52:39,73,75,286,1367
2023-09-25 13:52:53,74,75,286,1367
2023-09-25 13:53:02,73,75,286,1367
2023-09-25 13:53:03,73,74,286,1367
2023-09-25 13:53:05,72,74,286,1367
2023-09-25 13:53:06,73,74,286,1367
2023-09-25 13:53:08,72,74,286,1367
2023-09-25 13:53:12,73,74,286,1367
2023-09-25 13:53:18,72,74,286,1367
2023-09-25 13:53:19,73,74,286,1367
2023-09-25 13:53:20,72,74,286,1367
2023-09-25 13:53:32,68,74,286,1367
2023-09-25 13:53:33,69,74,286,1367
2023-09-25 13:53:34,70,74,286,1367
2023-09-25 13:53:34,70,73,286,1367
2023-09-25 13:53:36,69,73,286,1367
2023-09-25 13:53:36,69,79,286,1367
2023-09-25 13:53:36,69,73,286,1367
2023-09-25 13:53:36,69,72,286,1367
2023-09-25 13:53:37,69,71,286,1367
2023-09-25 13:53:39,69,70,286,1367
2023-09-25 13:53:44,69,71,286,1367
2023-09-25 13:53:46,69,70,286,1367
2023-09-25 13:53:48,65,70,286,1367
2023-09-25 13:53:49,66,70,286,1367
2023-09-25 13:53:50,67,70,286,1367
2023-09-25 13:54:06,67,71,286,1367
2023-09-25 13:54:06,68,71,286,1367
2023-09-25 13:54:08,68,72,286,1367
2023-09-25 13:54:14,69,72,286,1367
2023-09-25 13:54:18,69,71,286,1367
2023-09-25 13:54:20,69,72,286,1367
2023-09-25 13:54:26,69,71,286,1367
2023-09-25 13:54:30,69,72,286,1367
2023-09-25 13:55:13,69,79,286,1367
2023-09-25 13:55:13,69,76,286,1367
2023-09-25 13:55:13,69,74,286,1367
2023-09-25 13:55:13,70,74,286,1367
2023-09-25 13:55:15,71,74,286,1367
2023-09-25 13:55:37,71,73,286,1367
2023-09-25 13:55:46,71,74,286,1367
2023-09-25 13:56:04,71,73,286,1367
2023-09-25 13:56:07,71,74,286,1367
2023-09-25 13:56:46,72,74,286,1367
2023-09-25 13:56:49,72,78,286,1367
2023-09-25 13:56:49,72,77,286,1367
2023-09-25 13:56:49,72,75,286,1367
2023-09-25 13:57:16,72,77,286,1367
2023-09-25 13:57:16,72,76,286,1367
2023-09-25 13:57:16,73,76,286,1367
2023-09-25 13:57:26,74,76,286,1367
2023-09-25 13:57:54,74,81,286,1367
2023-09-25 13:57:54,74,77,286,1367
2023-09-25 13:57:55,75,77,286,1367
2023-09-25 13:58:02,75,76,286,1367
2023-09-25 13:58:06,74,76,286,1367
2023-09-25 13:58:11,75,76,286,1367
2023-09-25 13:58:36,74,76,286,1367
2023-09-25 13:58:44,75,76,286,1367
2023-09-25 13:58:45,74,76,286,1367
2023-09-25 13:58:52,75,76,286,1367
2023-09-25 13:58:56,74,76,286,1367
2023-09-25 13:59:13,75,76,286,1367
2023-09-25 13:59:33,75,81,286,1367
2023-09-25 13:59:33,75,79,286,1367
2023-09-25 13:59:33,75,77,286,1367
2023-09-25 13:59:40,75,81,286,1367
2023-09-25 13:59:40,75,78,286,1367
2023-09-25 13:59:54,76,78,286,1367
2023-09-25 14:00:18,76,81,286,1367
2023-09-25 14:00:18,76,80,286,1367
2023-09-25 14:00:19,77,80,286,1367
2023-09-25 14:00:27,78,80,286,1367
2023-09-25 14:00:28,78,82,286,1367
2023-09-25 14:00:28,78,81,286,1367
2023-09-25 14:00:47,79,81,286,1367
2023-09-25 14:00:52,79,83,286,1367
2023-09-25 14:00:52,79,82,286,1367
2023-09-25 14:01:09,80,82,286,1367
2023-09-25 14:01:44,80,81,286,1367
2023-09-25 14:01:44,79,81,286,1367
2023-09-25 14:01:48,80,81,286,1367
2023-09-25 14:02:28,80,83,286,1367
2023-09-25 14:02:30,81,83,286,1367
2023-09-25 14:02:42,81,82,286,1367
2023-09-25 14:02:48,80,82,286,1367
2023-09-25 14:02:55,79,82,286,1367
2023-09-25 14:02:55,79,81,286,1367
2023-09-25 14:02:55,79,81,287,1368
2023-09-25 14:03:02,80,81,287,1368
2023-09-25 14:03:04,79,81,287,1368
2023-09-25 14:03:13,80,81,287,1368
2023-09-25 14:03:14,79,81,287,1368
2023-09-25 14:03:21,80,81,287,1368
2023-09-25 14:03:47,80,83,287,1368
2023-09-25 14:03:48,80,82,287,1368
2023-09-25 14:04:11,80,83,287,1368
2023-09-25 14:04:11,81,83,287,1368
2023-09-25 14:04:19,81,82,287,1368
2023-09-25 14:04:21,81,83,287,1368
2023-09-25 14:05:12,81,84,287,1368
2023-09-25 14:05:19,82,84,287,1368
2023-09-25 14:06:11,82,83,287,1368
2023-09-25 14:06:14,81,83,287,1368
2023-09-25 14:06:21,80,83,287,1368
2023-09-25 14:06:23,80,82,287,1368
2023-09-25 14:06:34,81,82,287,1368
2023-09-25 14:06:36,80,82,287,1368
2023-09-25 14:06:56,81,82,287,1368
2023-09-25 14:07:19,80,82,287,1368
2023-09-25 14:07:23,80,83,287,1368
2023-09-25 14:07:43,80,82,287,1368
2023-09-25 14:07:45,77,82,287,1368
2023-09-25 14:07:46,78,82,287,1368
2023-09-25 14:07:47,78,81,287,1368
2023-09-25 14:07:47,79,81,287,1368
2023-09-25 14:07:51,78,81,287,1368
2023-09-25 14:07:52,78,80,287,1368
2023-09-25 14:07:53,79,80,287,1368
2023-09-25 14:08:01,78,80,287,1368
2023-09-25 14:08:04,79,80,287,1368
2023-09-25 14:08:04,78,80,287,1368
2023-09-25 14:08:12,74,80,287,1368
2023-09-25 14:08:13,74,79,287,1368
2023-09-25 14:08:13,75,79,287,1368
2023-09-25 14:08:14,76,79,287,1368
2023-09-25 14:08:15,77,79,287,1368
2023-09-25 14:08:19,77,80,287,1368
2023-09-25 14:08:23,77,79,287,1368
2023-09-25 14:08:29,76,79,287,1368
2023-09-25 14:08:29,76,78,287,1368
2023-09-25 14:08:33,75,78,287,1368
2023-09-25 14:08:34,75,79,287,1368
2023-09-25 14:08:34,75,77,287,1368
2023-09-25 14:08:36,76,77,287,1368
2023-09-25 14:08:41,76,79,287,1368
2023-09-25 14:08:42,76,78,287,1368
2023-09-25 14:09:01,75,78,287,1368
2023-09-25 14:09:01,75,77,287,1368
2023-09-25 14:09:20,76,77,287,1368
2023-09-25 14:09:42,76,79,287,1368
2023-09-25 14:09:42,76,78,287,1368
2023-09-25 14:09:43,76,79,287,1368
2023-09-25 14:09:45,76,78,287,1368
2023-09-25 14:10:00,76,77,287,1368
2023-09-25 14:10:00,75,77,287,1368
2023-09-25 14:10:02,71,77,287,1368
2023-09-25 14:10:03,71,78,287,1368
2023-09-25 14:10:03,71,77,287,1368
2023-09-25 14:10:03,71,75,287,1368
2023-09-25 14:10:03,72,75,287,1368
2023-09-25 14:10:04,73,75,287,1368
2023-09-25 14:10:12,73,81,287,1368
2023-09-25 14:10:12,73,79,287,1368
2023-09-25 14:10:12,73,77,287,1368
2023-09-25 14:10:12,73,76,287,1368
2023-09-25 14:10:13,73,77,287,1368
2023-09-25 14:10:14,73,76,287,1368
2023-09-25 14:10:43,73,77,287,1368
2023-09-25 14:10:45,73,76,287,1368
2023-09-25 14:10:50,73,77,287,1368
2023-09-25 14:10:53,73,76,287,1368
2023-09-25 14:10:55,73,77,287,1368
2023-09-25 14:11:09,73,76,287,1368
2023-09-25 14:11:13,73,77,287,1368
2023-09-25 14:11:18,73,76,287,1368
2023-09-25 14:11:32,73,77,287,1368
2023-09-25 14:11:38,74,77,287,1368
2023-09-25 14:11:38,74,81,287,1368
2023-09-25 14:11:38,74,78,287,1368
2023-09-25 14:11:44,75,78,287,1368
2023-09-25 14:11:48,76,78,287,1368
2023-09-25 14:11:58,76,77,287,1368
2023-09-25 14:12:01,75,77,287,1368
2023-09-25 14:12:04,76,77,287,1368
2023-09-25 14:12:05,76,78,287,1368
2023-09-25 14:12:13,76,77,287,1368
2023-09-25 14:12:14,75,77,287,1368
2023-09-25 14:12:15,72,77,287,1368
2023-09-25 14:12:15,69,77,287,1368
2023-09-25 14:12:15,71,77,287,1368
2023-09-25 14:12:16,72,77,287,1368
2023-09-25 14:12:17,73,77,287,1368
2023-09-25 14:12:38,73,76,287,1368
2023-09-25 14:12:39,73,75,287,1368
2023-09-25 14:13:08,73,76,287,1368
2023-09-25 14:13:37,73,77,287,1368
2023-09-25 14:13:39,74,77,287,1368
2023-09-25 14:13:40,75,77,287,1368
2023-09-25 14:13:48,75,76,287,1368
2023-09-25 14:13:53,74,76,287,1368
2023-09-25 14:14:03,75,76,287,1368
2023-09-25 14:14:04,75,77,287,1368
2023-09-25 14:14:46,75,76,287,1368
2023-09-25 14:14:53,74,76,287,1368
2023-09-25 14:14:58,74,75,287,1368
2023-09-25 14:15:02,74,76,287,1368
2023-09-25 14:15:07,73,76,287,1368
2023-09-25 14:15:09,74,76,287,1368
2023-09-25 14:15:10,73,76,287,1368
2023-09-25 14:15:14,73,75,287,1368
2023-09-25 14:15:22,74,75,287,1368
2023-09-25 14:15:24,74,76,287,1368
2023-09-25 14:15:34,73,76,287,1368
2023-09-25 14:15:34,73,75,287,1368
2023-09-25 14:15:38,69,75,287,1368
2023-09-25 14:15:39,69,74,287,1368
2023-09-25 14:15:40,71,74,287,1368
2023-09-25 14:16:05,71,75,287,1368
2023-09-25 14:16:21,72,75,287,1368
2023-09-25 14:16:24,72,76,287,1368
2023-09-25 14:16:25,73,76,287,1368
2023-09-25 14:16:27,73,80,287,1368
2023-09-25 14:16:27,73,79,287,1368
2023-09-25 14:16:27,73,77,287,1368
2023-09-25 14:16:28,73,76,287,1368
2023-09-25 14:16:35,73,77,287,1368
2023-09-25 14:16:38,73,76,287,1368
2023-09-25 14:17:11,72,76,287,1368
2023-09-25 14:17:12,72,75,287,1368
2023-09-25 14:17:15,73,75,287,1368
2023-09-25 14:17:55,73,76,287,1368
2023-09-25 14:17:56,73,75,287,1368
2023-09-25 14:18:37,72,75,287,1368
2023-09-25 14:18:39,72,74,287,1368
2023-09-25 14:18:40,68,74,287,1368
2023-09-25 14:18:41,69,74,287,1368
2023-09-25 14:18:41,69,73,287,1368
2023-09-25 14:18:42,70,73,287,1368
2023-09-25 14:18:43,70,72,287,1368
2023-09-25 14:18:46,69,72,287,1368
2023-09-25 14:18:52,67,72,287,1368
2023-09-25 14:18:53,66,72,287,1368
2023-09-25 14:18:53,67,72,287,1368
2023-09-25 14:18:54,68,72,287,1368
2023-09-25 14:18:55,68,71,287,1368
2023-09-25 14:19:05,68,72,287,1368
2023-09-25 14:19:07,68,71,287,1368
2023-09-25 14:19:10,68,72,287,1368
2023-09-25 14:19:14,68,73,287,1368
2023-09-25 14:19:15,69,73,287,1368
2023-09-25 14:19:37,69,73,287,1368
2023-09-25 14:19:43,70,73,287,1368
2023-09-25 14:19:44,70,99,287,1368
2023-09-25 14:19:44,70,75,287,1368
2023-09-25 14:19:45,71,75,287,1368
2023-09-25 14:19:48,72,75,287,1368
2023-09-25 14:19:53,72,74,287,1368
2023-09-25 14:19:55,72,75,287,1368
2023-09-25 14:20:04,72,74,287,1368
2023-09-25 14:20:05,72,75,287,1368
2023-09-25 14:20:12,72,76,287,1368
2023-09-25 14:20:16,72,75,287,1368
2023-09-25 14:20:41,72,76,287,1368
2023-09-25 14:20:44,73,76,287,1368
2023-09-25 14:20:48,73,75,287,1368
2023-09-25 14:20:59,72,75,287,1368
2023-09-25 14:20:59,72,74,287,1368
2023-09-25 14:21:01,69,74,287,1368
2023-09-25 14:21:02,69,73,287,1368
2023-09-25 14:21:02,70,73,287,1368
2023-09-25 14:21:03,71,73,287,1368
2023-09-25 14:21:23,70,73,287,1368
2023-09-25 14:21:24,71,73,287,1368
2023-09-25 14:21:33,71,72,287,1368
2023-09-25 14:21:38,70,72,287,1368
2023-09-25 14:21:56,71,72,287,1368
2023-09-25 14:21:57,70,72,287,1368
2023-09-25 14:22:08,71,72,287,1368
2023-09-25 14:22:10,70,72,287,1368
2023-09-25 14:22:11,65,72,287,1368
2023-09-25 14:22:12,66,72,287,1368
2023-09-25 14:22:13,67,72,287,1368
2023-09-25 14:22:19,67,70,287,1368
2023-09-25 14:22:19,67,69,287,1368
2023-09-25 14:22:22,67,70,287,1368
2023-09-25 14:22:25,67,69,287,1368
2023-09-25 14:22:37,67,70,287,1368
2023-09-25 14:22:38,67,69,287,1368
2023-09-25 14:22:49,66,69,287,1368
2023-09-25 14:22:52,66,68,287,1368
2023-09-25 14:22:52,63,68,287,1368
2023-09-25 14:22:53,64,68,287,1368
2023-09-25 14:22:54,65,67,287,1368
2023-09-25 14:23:00,64,67,287,1368
2023-09-25 14:23:01,63,67,287,1368
2023-09-25 14:23:01,63,66,287,1368
2023-09-25 14:23:02,61,66,287,1368
2023-09-25 14:23:02,62,66,287,1368
2023-09-25 14:23:02,63,66,287,1368
2023-09-25 14:23:03,62,66,287,1368
2023-09-25 14:23:04,63,66,287,1368
2023-09-25 14:23:11,64,66,287,1368
2023-09-25 14:23:14,64,67,287,1368
2023-09-25 14:23:16,64,68,287,1368
2023-09-25 14:23:20,65,68,287,1368
2023-09-25 14:23:37,65,81,287,1368
2023-09-25 14:23:37,65,72,287,1368
2023-09-25 14:23:37,65,70,287,1368
2023-09-25 14:23:38,65,69,287,1368
2023-09-25 14:23:39,65,70,287,1368
2023-09-25 14:23:39,66,70,287,1368
2023-09-25 14:23:45,67,70,287,1368
2023-09-25 14:23:46,67,81,287,1368
2023-09-25 14:23:46,67,72,287,1368
2023-09-25 14:23:47,68,72,287,1368
2023-09-25 14:23:48,68,70,287,1368
2023-09-25 14:24:20,67,70,287,1368
2023-09-25 14:24:25,64,70,287,1368
2023-09-25 14:24:26,65,70,287,1368
2023-09-25 14:24:27,65,69,287,1368
2023-09-25 14:24:27,66,69,287,1368
2023-09-25 14:24:41,65,69,287,1368
2023-09-25 14:24:41,65,68,287,1368
2023-09-25 14:24:42,65,67,287,1368
2023-09-25 14:24:51,62,67,287,1368
2023-09-25 14:24:52,63,67,287,1368
2023-09-25 14:24:53,64,66,287,1368
2023-09-25 14:25:00,63,66,287,1368
2023-09-25 14:25:01,64,66,287,1368
2023-09-25 14:25:08,63,66,287,1368
2023-09-25 14:25:10,61,66,287,1368
2023-09-25 14:25:11,62,66,287,1368
2023-09-25 14:25:13,63,66,287,1368
2023-09-25 14:25:31,63,67,287,1368
2023-09-25 14:25:32,64,67,287,1368
2023-09-25 14:25:45,64,68,287,1368
2023-09-25 14:25:51,64,67,287,1368
2023-09-25 14:25:54,65,67,287,1368
2023-09-25 14:25:59,65,68,287,1368
2023-09-25 14:26:05,66,68,287,1368
2023-09-25 14:26:12,66,67,287,1368
2023-09-25 14:26:18,65,67,287,1368
2023-09-25 14:26:19,66,67,287,1368
2023-09-25 14:26:20,66,68,287,1368
2023-09-25 14:26:27,66,73,287,1368
2023-09-25 14:26:27,66,70,287,1368
2023-09-25 14:26:27,66,69,287,1368
2023-09-25 14:26:30,67,69,287,1368
2023-09-25 14:26:31,66,69,287,1368
2023-09-25 14:26:31,66,68,287,1368
2023-09-25 14:26:43,67,68,287,1368
2023-09-25 14:26:46,67,69,287,1368
2023-09-25 14:26:54,67,70,287,1368
2023-09-25 14:26:56,67,72,287,1368
2023-09-25 14:26:57,67,71,287,1368
2023-09-25 14:26:57,68,71,287,1368
2023-09-25 14:26:58,68,72,287,1368
2023-09-25 14:27:00,69,72,287,1368
2023-09-25 14:27:10,69,78,287,1368
2023-09-25 14:27:10,69,72,287,1368
2023-09-25 14:27:18,70,72,287,1368
2023-09-25 14:27:28,70,79,287,1368
2023-09-25 14:27:28,70,76,287,1368
2023-09-25 14:27:28,70,74,287,1368
2023-09-25 14:27:29,71,74,287,1368
2023-09-25 14:27:32,71,73,287,1368
2023-09-25 14:27:33,71,74,287,1368
2023-09-25 14:27:39,71,73,287,1368
2023-09-25 14:27:42,71,74,287,1368
2023-09-25 14:27:54,71,73,287,1368
2023-09-25 14:27:55,71,74,287,1368
2023-09-25 14:27:58,71,73,287,1368
2023-09-25 14:28:03,71,74,287,1368
2023-09-25 14:28:09,71,73,287,1368
2023-09-25 14:28:10,71,73,287,1375
2023-09-25 14:28:11,71,74,287,1375
2023-09-25 14:28:14,71,73,287,1375
2023-09-25 14:28:21,71,72,287,1375
2023-09-25 14:28:22,70,72,287,1375
2023-09-25 14:28:23,71,72,287,1375
2023-09-25 14:28:24,70,72,287,1375
2023-09-25 14:28:28,67,72,287,1375
2023-09-25 14:28:29,67,71,287,1375
2023-09-25 14:28:30,69,71,287,1375
2023-09-25 14:28:31,69,72,287,1375
2023-09-25 14:28:31,70,72,287,1375
2023-09-25 14:28:38,69,72,287,1375
2023-09-25 14:28:41,68,72,287,1375
2023-09-25 14:28:42,68,71,287,1375
2023-09-25 14:29:41,68,71,287,1375
2023-09-25 14:29:54,65,71,287,1375
2023-09-25 14:29:55,65,69,287,1375
2023-09-25 14:29:55,66,69,287,1375
2023-09-25 14:29:56,66,68,287,1375
2023-09-25 14:30:01,64,68,287,1375
2023-09-25 14:30:01,64,67,287,1375
2023-09-25 14:30:02,65,67,287,1375
2023-09-25 14:30:05,66,67,287,1375
2023-09-25 14:30:10,65,67,287,1375
2023-09-25 14:30:13,66,67,287,1375
2023-09-25 14:30:13,65,67,287,1375
2023-09-25 14:30:23,63,67,287,1375
2023-09-25 14:30:24,64,67,287,1375
2023-09-25 14:30:27,61,67,287,1375
2023-09-25 14:30:28,61,66,287,1375
2023-09-25 14:30:28,62,66,287,1375
2023-09-25 14:30:29,63,66,287,1375
2023-09-25 14:30:37,62,66,287,1375
2023-09-25 14:30:38,62,65,287,1375
2023-09-25 14:30:42,63,65,287,1375
2023-09-25 14:30:57,62,65,287,1375
2023-09-25 14:31:01,63,65,287,1375
2023-09-25 14:31:04,62,65,287,1375
2023-09-25 14:31:05,63,65,287,1375
2023-09-25 14:31:08,62,65,287,1375
2023-09-25 14:31:22,63,65,287,1375
2023-09-25 14:31:24,62,65,287,1375
2023-09-25 14:31:35,63,65,287,1375
2023-09-25 14:31:59,62,65,287,1375
2023-09-25 14:32:03,63,65,287,1375
2023-09-25 14:32:11,63,66,287,1375
2023-09-25 14:32:12,63,67,287,1375
2023-09-25 14:32:13,63,66,287,1375
2023-09-25 14:32:17,63,65,287,1375
2023-09-25 14:32:24,63,66,287,1375
2023-09-25 14:32:34,63,67,287,1375
2023-09-25 14:32:36,62,67,287,1375
2023-09-25 14:32:36,64,67,287,1375
2023-09-25 14:32:37,65,67,287,1375
2023-09-25 14:32:38,65,72,287,1375
2023-09-25 14:32:38,65,69,287,1375
2023-09-25 14:32:40,66,69,287,1375
2023-09-25 14:32:44,66,74,287,1375
2023-09-25 14:32:44,66,72,287,1375
2023-09-25 14:32:44,66,70,287,1375
2023-09-25 14:32:46,67,70,287,1375
2023-09-25 14:32:47,68,70,287,1375
2023-09-25 14:32:51,68,99,287,1375
2023-09-25 14:32:51,68,73,287,1375
2023-09-25 14:32:51,68,72,287,1375
2023-09-25 14:32:56,69,72,287,1375
2023-09-25 14:33:00,69,71,287,1375
2023-09-25 14:33:58,69,72,287,1375
2023-09-25 14:34:05,70,72,287,1375
2023-09-25 14:34:07,70,71,287,1375
2023-09-25 14:34:10,70,72,287,1375
2023-09-25 14:34:13,70,77,287,1375
2023-09-25 14:34:13,70,72,287,1375
2023-09-25 14:34:21,71,72,287,1375
2023-09-25 14:34:21,71,79,287,1375
2023-09-25 14:34:21,71,74,287,1375
2023-09-25 14:34:23,72,74,287,1375
2023-09-25 14:34:41,72,81,287,1375
2023-09-25 14:34:41,72,75,287,1375
2023-09-25 14:34:44,73,75,287,1375
2023-09-25 14:34:48,73,74,287,1375
2023-09-25 14:34:48,72,74,287,1375
2023-09-25 14:34:51,73,74,287,1375
2023-09-25 14:34:58,72,74,287,1375
2023-09-25 14:35:15,73,74,287,1375
2023-09-25 14:35:21,73,75,287,1375
2023-09-25 14:35:40,73,81,287,1375
2023-09-25 14:35:40,73,79,287,1375
2023-09-25 14:35:40,73,77,287,1375
2023-09-25 14:35:41,73,79,287,1375
2023-09-25 14:35:42,74,79,287,1375
2023-09-25 14:35:43,73,79,287,1375
2023-09-25 14:35:43,75,79,287,1375
2023-09-25 14:35:44,76,79,287,1375
2023-09-25 14:35:51,77,79,287,1375
2023-09-25 14:36:02,77,99,287,1375
2023-09-25 14:36:02,77,82,287,1375
2023-09-25 14:36:02,77,80,287,1375
2023-09-25 14:36:03,77,99,287,1375
2023-09-25 14:36:03,77,83,287,1375
2023-09-25 14:36:03,77,81,287,1375
2023-09-25 14:36:04,77,99,287,1375
2023-09-25 14:36:04,77,85,287,1375
