datetime,bid,ask,open_interest,volume
2023-12-15 09:30:00,31,60,106,107
2023-12-15 09:30:00,31,59,106,107
2023-12-15 09:30:14,31,58,106,107
2023-12-15 09:30:14,31,57,106,107
2023-12-15 09:30:51,31,60,106,107
2023-12-15 09:30:51,31,59,106,107
2023-12-15 09:30:52,31,56,106,107
2023-12-15 09:30:52,31,55,106,107
2023-12-15 09:30:56,31,41,106,107
2023-12-15 09:30:56,31,39,106,107
2023-12-15 09:30:58,31,56,106,107
2023-12-15 09:30:58,31,55,106,107
2023-12-15 09:30:59,31,41,106,107
2023-12-15 09:30:59,31,39,106,107
2023-12-15 09:31:00,31,35,106,107
2023-12-15 09:31:00,32,35,106,107
2023-12-15 09:31:01,33,35,106,107
2023-12-15 09:31:03,32,35,106,107
2023-12-15 09:31:05,32,35,106,107
2023-12-15 09:31:12,32,34,106,107
2023-12-15 09:31:17,31,34,106,107
2023-12-15 09:31:19,32,34,106,107
2023-12-15 09:31:23,31,34,106,107
2023-12-15 09:31:58,31,33,106,107
2023-12-15 09:32:22,31,33,306,307
2023-12-15 09:32:29,32,33,306,307
2023-12-15 09:33:30,32,35,306,307
2023-12-15 09:34:29,32,34,306,307
2023-12-15 09:34:38,32,34,326,327
2023-12-15 09:34:50,32,34,398,399
2023-12-15 09:35:00,32,35,398,399
2023-12-15 09:35:08,32,34,398,399
2023-12-15 09:35:11,32,35,398,399
2023-12-15 09:35:12,32,34,398,399
2023-12-15 09:35:14,32,35,398,399
2023-12-15 09:35:39,32,34,398,399
2023-12-15 09:35:52,32,33,398,399
2023-12-15 09:35:53,32,34,398,399
2023-12-15 09:35:58,32,33,398,399
2023-12-15 09:36:01,31,33,403,404
2023-12-15 09:36:13,31,33,463,464
2023-12-15 09:36:14,31,32,463,464
2023-12-15 09:36:14,31,32,603,604
2023-12-15 09:36:15,30,32,603,604
2023-12-15 09:36:57,30,31,603,604
2023-12-15 09:36:57,30,31,663,664
2023-12-15 09:37:01,30,31,763,764
2023-12-15 09:37:04,30,32,763,764
2023-12-15 09:37:07,30,31,763,764
2023-12-15 09:37:22,30,32,763,764
2023-12-15 09:37:26,30,31,763,764
2023-12-15 09:37:54,29,30,763,769
2023-12-15 09:37:54,29,30,1123,1129
2023-12-15 09:38:14,29,31,1123,1129
2023-12-15 09:38:22,30,31,1123,1129
2023-12-15 09:38:28,30,32,1123,1129
2023-12-15 09:38:35,31,32,1123,1129
2023-12-15 09:38:39,30,32,1123,1129
2023-12-15 09:39:12,30,31,1123,1129
2023-12-15 09:39:12,29,31,1123,1129
2023-12-15 09:39:21,29,31,1150,1156
2023-12-15 09:39:31,29,30,1150,1156
2023-12-15 09:39:32,28,30,1150,1156
2023-12-15 09:40:07,28,31,1150,1156
2023-12-15 09:40:11,28,30,1150,1156
2023-12-15 09:40:13,28,31,1150,1156
2023-12-15 09:40:14,28,30,1150,1156
2023-12-15 09:40:15,28,31,1150,1156
2023-12-15 09:40:21,28,30,1150,1156
2023-12-15 09:40:36,28,31,1150,1156
2023-12-15 09:40:37,29,31,1200,1206
2023-12-15 09:40:41,28,31,1200,1206
2023-12-15 09:40:45,29,31,1200,1206
2023-12-15 09:41:19,28,31,1200,1206
2023-12-15 09:41:21,29,31,1200,1206
2023-12-15 09:41:56,28,31,1200,1206
2023-12-15 09:41:58,29,31,1200,1206
2023-12-15 09:42:00,28,31,1200,1206
2023-12-15 09:42:03,28,30,1200,1206
2023-12-15 09:42:28,28,30,1260,1266
2023-12-15 09:42:29,28,29,1260,1266
2023-12-15 09:42:30,28,29,1320,1326
2023-12-15 09:42:33,28,29,1380,1386
2023-12-15 09:42:36,27,29,1440,1446
2023-12-15 09:42:39,27,28,1440,1446
2023-12-15 09:43:15,26,28,1440,1446
2023-12-15 09:43:21,26,27,1440,1446
2023-12-15 09:43:37,26,28,1435,1646
2023-12-15 09:43:41,26,29,1435,1646
2023-12-15 09:43:55,27,29,1435,1646
2023-12-15 09:44:07,26,29,1435,1646
2023-12-15 09:44:08,26,28,1435,1646
2023-12-15 09:44:35,26,29,1435,1646
2023-12-15 09:44:45,27,29,1435,1646
2023-12-15 09:45:00,26,29,1435,1646
2023-12-15 09:45:06,26,28,1435,1646
2023-12-15 09:45:24,26,29,1435,1646
2023-12-15 09:45:25,27,29,1435,1646
2023-12-15 09:45:32,27,30,1435,1646
2023-12-15 09:45:45,28,31,1435,1646
2023-12-15 09:45:46,28,30,1435,1646
2023-12-15 09:45:47,28,31,1435,1646
2023-12-15 09:46:19,29,31,1435,1646
2023-12-15 09:46:24,28,31,1435,1646
2023-12-15 09:46:32,29,31,1435,1646
2023-12-15 09:46:34,28,31,1435,1646
2023-12-15 09:46:41,29,31,1435,1646
2023-12-15 09:46:48,29,32,1435,1646
2023-12-15 09:46:49,30,32,1435,1646
2023-12-15 09:49:01,31,32,1435,1646
2023-12-15 09:49:01,31,33,1435,1846
2023-12-15 09:49:32,32,33,1435,1846
2023-12-15 09:49:34,32,34,1435,1846
2023-12-15 09:51:09,31,34,1435,1846
2023-12-15 09:51:12,31,33,1435,1846
2023-12-15 09:51:20,31,34,1435,1846
2023-12-15 09:51:21,32,34,1435,1846
2023-12-15 09:51:40,31,34,1435,1846
2023-12-15 09:51:45,32,34,1435,1846
2023-12-15 09:51:53,31,34,1435,1846
2023-12-15 09:51:56,32,34,1435,1846
2023-12-15 09:52:19,31,34,1435,1846
2023-12-15 09:52:25,32,34,1435,1846
2023-12-15 09:52:34,31,34,1435,1846
2023-12-15 09:52:39,31,33,1435,1846
2023-12-15 09:52:44,31,34,1435,1846
2023-12-15 09:52:49,31,33,1435,1846
2023-12-15 09:53:05,31,32,1435,1846
2023-12-15 09:53:06,31,33,1435,1846
2023-12-15 09:53:07,31,32,1435,1846
2023-12-15 09:53:12,30,32,1435,1846
2023-12-15 09:54:06,30,31,1435,1846
2023-12-15 09:54:06,30,31,1635,2046
2023-12-15 09:54:07,29,31,1635,2046
2023-12-15 09:54:15,29,32,1635,2046
2023-12-15 09:54:15,29,31,1635,2046
2023-12-15 09:54:16,29,32,1635,2046
2023-12-15 09:54:17,30,32,1635,2046
2023-12-15 09:54:20,29,32,1635,2046
2023-12-15 09:54:21,30,32,1635,2046
2023-12-15 09:54:22,29,32,1635,2046
2023-12-15 09:54:23,30,32,1635,2046
2023-12-15 09:54:25,29,32,1635,2046
2023-12-15 09:54:30,29,31,1635,2046
2023-12-15 09:54:38,29,32,1635,2046
2023-12-15 09:54:41,30,32,1635,2046
2023-12-15 09:55:15,30,33,1635,2046
2023-12-15 09:55:16,31,33,1635,2046
2023-12-15 09:55:16,31,34,1635,2046
2023-12-15 09:55:26,32,34,1635,2046
2023-12-15 09:55:37,31,34,1635,2046
2023-12-15 09:55:49,31,33,1635,2046
2023-12-15 09:55:55,31,34,1635,2046
2023-12-15 09:55:56,31,33,1635,2046
2023-12-15 09:56:06,30,33,1635,2046
2023-12-15 09:56:08,30,32,1635,2046
2023-12-15 09:57:08,30,33,1635,2046
2023-12-15 09:57:09,31,33,1635,2046
2023-12-15 09:57:38,30,33,1635,2046
2023-12-15 09:57:40,31,33,1635,2046
2023-12-15 09:57:48,31,34,1635,2046
2023-12-15 09:57:53,31,33,1635,2046
2023-12-15 09:58:05,31,34,1635,2046
2023-12-15 09:58:06,32,34,1635,2046
2023-12-15 09:58:20,32,33,1635,2046
2023-12-15 09:58:21,31,33,1635,2046
2023-12-15 09:58:26,30,33,1635,2046
2023-12-15 09:58:27,30,32,1635,2046
2023-12-15 09:58:29,30,33,1635,2046
2023-12-15 09:58:34,31,33,1635,2046
2023-12-15 09:58:36,31,34,1635,2046
2023-12-15 09:58:45,32,34,1635,2046
2023-12-15 09:58:52,33,34,1635,2046
2023-12-15 09:59:06,32,34,1635,2046
2023-12-15 09:59:21,32,33,1635,2046
2023-12-15 09:59:22,31,33,1635,2046
2023-12-15 09:59:23,32,33,1635,2046
2023-12-15 09:59:26,32,34,1635,2046
2023-12-15 10:00:00,32,33,1635,2046
2023-12-15 10:00:01,31,32,1635,2051
2023-12-15 10:00:02,30,32,1635,2051
2023-12-15 10:00:06,30,33,1635,2051
2023-12-15 10:00:06,31,33,1635,2051
2023-12-15 10:00:07,31,34,1635,2051
2023-12-15 10:00:08,32,34,1635,2051
2023-12-15 10:01:14,32,34,1656,2072
2023-12-15 10:03:04,31,34,1656,2072
2023-12-15 10:03:04,31,33,1656,2072
2023-12-15 10:03:22,31,34,1656,2072
2023-12-15 10:03:29,31,33,1656,2072
2023-12-15 10:03:45,31,34,1656,2072
2023-12-15 10:03:55,31,33,1656,2072
2023-12-15 10:04:08,30,33,1656,2072
2023-12-15 10:04:08,30,32,1656,2072
2023-12-15 10:04:22,30,33,1656,2072
2023-12-15 10:04:25,30,33,1656,2072
2023-12-15 10:04:44,31,33,1656,2072
2023-12-15 10:04:45,31,34,1656,2072
2023-12-15 10:04:50,31,33,1656,2072
2023-12-15 10:05:01,30,33,1656,2072
2023-12-15 10:05:05,30,32,1656,2072
2023-12-15 10:05:09,30,31,1656,2072
2023-12-15 10:05:16,30,32,1656,2072
2023-12-15 10:06:14,30,33,1656,2072
2023-12-15 10:06:17,30,32,1656,2072
2023-12-15 10:06:52,29,32,1656,2072
2023-12-15 10:06:52,29,31,1656,2072
2023-12-15 10:06:59,29,30,1656,2072
2023-12-15 10:07:01,29,31,1656,2272
2023-12-15 10:07:12,30,31,1656,2272
2023-12-15 10:07:15,30,33,1656,2272
2023-12-15 10:07:32,30,32,1656,2272
2023-12-15 10:07:43,29,32,1656,2272
2023-12-15 10:07:52,29,31,1656,2272
2023-12-15 10:08:03,29,32,1656,2272
2023-12-15 10:08:05,29,31,1656,2272
2023-12-15 10:09:33,29,30,1656,2272
2023-12-15 10:09:34,29,30,1856,2472
2023-12-15 10:10:01,29,31,1856,2472
2023-12-15 10:10:07,29,32,1856,2472
2023-12-15 10:10:09,30,32,1856,2472
2023-12-15 10:10:11,30,33,1856,2472
2023-12-15 10:10:16,31,33,1856,2472
2023-12-15 10:10:30,31,34,1856,2472
2023-12-15 10:10:35,32,34,1856,2472
2023-12-15 10:11:04,33,34,1856,2472
2023-12-15 10:11:09,33,35,1856,2472
2023-12-15 10:11:10,34,35,1856,2472
2023-12-15 10:11:18,34,36,1856,2472
2023-12-15 10:11:22,35,36,1856,2472
2023-12-15 10:11:26,35,37,1856,2472
2023-12-15 10:11:48,34,37,1856,2472
2023-12-15 10:12:01,34,36,1856,2472
2023-12-15 10:12:11,34,35,1856,2472
2023-12-15 10:12:13,33,35,1856,2472
2023-12-15 10:12:42,33,34,1856,2472
2023-12-15 10:13:01,32,34,1856,2472
2023-12-15 10:13:07,32,33,1856,2472
2023-12-15 10:13:09,31,33,1856,2472
2023-12-15 10:13:18,31,32,1856,2472
2023-12-15 10:13:19,30,32,1856,2472
2023-12-15 10:13:29,30,31,1856,2472
2023-12-15 10:13:30,29,31,1856,2472
2023-12-15 10:14:32,29,32,1856,2472
2023-12-15 10:14:33,30,32,1856,2472
2023-12-15 10:14:37,29,32,1856,2472
2023-12-15 10:14:45,30,32,1856,2472
2023-12-15 10:14:49,29,32,1856,2472
2023-12-15 10:14:56,29,31,1856,2472
2023-12-15 10:15:03,29,32,1856,2472
2023-12-15 10:15:05,30,32,1856,2472
2023-12-15 10:15:30,30,33,1856,2472
2023-12-15 10:15:36,30,32,1856,2472
2023-12-15 10:15:39,30,31,1856,2472
2023-12-15 10:15:43,29,31,1861,2477
2023-12-15 10:15:49,29,30,1861,2477
2023-12-15 10:15:59,28,29,1861,2482
2023-12-15 10:16:07,27,29,1861,2482
2023-12-15 10:16:17,27,28,1861,2482
2023-12-15 10:16:17,26,28,1861,2482
2023-12-15 10:16:22,26,27,1861,2482
2023-12-15 10:16:44,26,27,1861,2732
2023-12-15 10:16:45,26,28,1861,2732
2023-12-15 10:17:29,26,29,1861,2732
2023-12-15 10:17:30,27,29,1861,2732
2023-12-15 10:17:50,27,30,1861,2732
2023-12-15 10:17:56,27,29,1861,2732
2023-12-15 10:18:01,26,29,1861,2732
2023-12-15 10:18:09,26,28,1861,2732
2023-12-15 10:18:44,26,27,1861,2732
2023-12-15 10:19:13,26,28,1861,2732
2023-12-15 10:19:17,26,29,1861,2732
2023-12-15 10:19:23,27,29,1861,2732
2023-12-15 10:19:26,26,29,1861,2732
2023-12-15 10:19:37,26,28,1861,2732
2023-12-15 10:19:40,26,29,1861,2732
2023-12-15 10:19:41,26,28,1861,2732
2023-12-15 10:19:46,26,29,1861,2732
2023-12-15 10:19:51,27,29,1861,2732
2023-12-15 10:19:58,26,29,1861,2732
2023-12-15 10:19:59,27,29,1861,2732
2023-12-15 10:20:01,26,29,1861,2732
2023-12-15 10:20:04,26,28,1861,2732
2023-12-15 10:20:18,26,29,1861,2732
2023-12-15 10:20:19,26,28,1861,2732
2023-12-15 10:20:23,26,29,1861,2732
2023-12-15 10:20:26,26,28,1861,2732
2023-12-15 10:20:32,26,29,1861,2732
2023-12-15 10:20:35,26,28,1861,2732
2023-12-15 10:20:49,26,29,1861,2732
2023-12-15 10:20:52,26,28,1861,2732
2023-12-15 10:21:06,26,27,1861,2732
2023-12-15 10:21:19,26,28,1861,2732
2023-12-15 10:21:51,26,29,1861,2732
2023-12-15 10:22:00,26,28,1861,2732
2023-12-15 10:22:22,26,29,1861,2732
2023-12-15 10:22:28,26,28,1861,2732
2023-12-15 10:22:34,26,27,1861,2732
2023-12-15 10:22:43,25,27,1861,2737
2023-12-15 10:23:06,25,28,1861,2737
2023-12-15 10:23:11,25,27,1861,2737
2023-12-15 10:23:13,25,28,1861,2737
2023-12-15 10:23:14,26,28,1861,2737
2023-12-15 10:23:20,26,29,1861,2737
2023-12-15 10:23:24,27,29,1861,2737
2023-12-15 10:23:29,26,29,1861,2737
2023-12-15 10:23:42,26,28,1861,2737
2023-12-15 10:23:59,26,29,1861,2737
2023-12-15 10:24:05,27,29,1861,2737
2023-12-15 10:24:07,26,29,1861,2737
2023-12-15 10:24:11,27,29,1861,2737
2023-12-15 10:24:14,26,29,1861,2737
2023-12-15 10:24:20,27,29,1861,2737
2023-12-15 10:24:24,27,30,1861,2737
2023-12-15 10:24:26,28,30,1861,2737
2023-12-15 10:24:31,28,31,1861,2737
2023-12-15 10:24:31,29,31,1861,2737
2023-12-15 10:24:56,29,30,1861,2737
2023-12-15 10:24:57,28,30,1861,2737
2023-12-15 10:25:37,28,29,1861,2737
2023-12-15 10:25:38,27,29,1861,2737
2023-12-15 10:25:44,27,28,1861,2737
2023-12-15 10:25:46,26,28,1861,2737
2023-12-15 10:25:52,26,28,1921,2797
2023-12-15 10:25:54,25,28,1921,2797
2023-12-15 10:25:54,25,27,1921,2797
2023-12-15 10:26:21,25,26,1921,2797
2023-12-15 10:26:25,25,27,1921,2997
2023-12-15 10:27:01,25,27,2041,3117
2023-12-15 10:27:02,25,26,2041,3117
2023-12-15 10:27:03,24,26,2041,3117
2023-12-15 10:27:39,24,25,2041,3117
2023-12-15 10:27:43,24,26,2041,3117
2023-12-15 10:27:57,24,25,2041,3117
2023-12-15 10:28:08,24,26,2041,3317
2023-12-15 10:28:14,24,26,2101,3377
2023-12-15 10:28:17,24,25,2101,3377
2023-12-15 10:28:20,24,26,2101,3577
2023-12-15 10:28:42,24,26,2161,3637
2023-12-15 10:28:43,24,25,2161,3637
2023-12-15 10:28:43,23,25,2161,3637
2023-12-15 10:29:04,23,24,2161,3637
2023-12-15 10:29:07,22,24,2161,3637
2023-12-15 10:29:10,22,23,2161,3637
2023-12-15 10:29:10,22,23,2291,3767
2023-12-15 10:29:11,21,23,2291,3767
2023-12-15 10:29:11,21,23,2291,4017
2023-12-15 10:29:14,21,24,2291,4217
2023-12-15 10:29:14,22,24,2291,4217
2023-12-15 10:29:23,22,25,2291,4217
2023-12-15 10:29:28,22,24,2291,4217
2023-12-15 10:29:30,22,25,2291,4217
2023-12-15 10:29:40,22,24,2291,4217
2023-12-15 10:29:48,21,24,2291,4217
2023-12-15 10:30:07,21,23,2291,4217
2023-12-15 10:30:36,21,24,2291,4217
2023-12-15 10:30:36,22,24,2291,4217
2023-12-15 10:30:51,21,24,2291,4217
2023-12-15 10:31:01,22,24,2291,4217
2023-12-15 10:31:08,21,24,2291,4217
2023-12-15 10:31:11,22,24,2291,4217
2023-12-15 10:31:21,21,24,2291,4217
2023-12-15 10:31:33,22,24,2291,4217
2023-12-15 10:31:35,22,25,2291,4217
2023-12-15 10:31:59,23,25,2291,4217
2023-12-15 10:32:01,24,25,2291,4217
2023-12-15 10:32:08,24,26,2291,4217
2023-12-15 10:33:07,23,26,2291,4217
2023-12-15 10:33:08,23,25,2291,4217
2023-12-15 10:33:11,22,25,2291,4217
2023-12-15 10:33:22,22,23,2291,4217
2023-12-15 10:33:34,21,23,2291,4217
2023-12-15 10:33:37,22,23,2291,4217
2023-12-15 10:33:38,21,23,2291,4217
2023-12-15 10:33:42,22,23,2291,4217
2023-12-15 10:33:42,22,24,2361,4287
2023-12-15 10:33:47,21,24,2361,4287
2023-12-15 10:33:53,22,24,2361,4287
2023-12-15 10:33:54,21,24,2361,4287
2023-12-15 10:33:58,22,24,2361,4287
2023-12-15 10:34:00,22,25,2361,4287
2023-12-15 10:34:02,22,24,2361,4287
2023-12-15 10:34:05,21,24,2361,4287
2023-12-15 10:34:06,22,24,2361,4287
2023-12-15 10:34:07,21,24,2361,4287
2023-12-15 10:34:08,22,24,2361,4287
2023-12-15 10:34:10,21,24,2361,4287
2023-12-15 10:34:17,22,24,2361,4287
2023-12-15 10:34:19,21,24,2361,4287
2023-12-15 10:34:22,22,24,2361,4287
2023-12-15 10:34:23,21,24,2361,4287
2023-12-15 10:34:37,22,24,2361,4287
2023-12-15 10:34:42,21,24,2361,4287
2023-12-15 10:34:44,22,24,2361,4287
2023-12-15 10:34:47,22,25,2361,4287
2023-12-15 10:34:50,23,25,2361,4287
2023-12-15 10:34:53,22,25,2361,4287
2023-12-15 10:34:58,23,25,2361,4287
2023-12-15 10:35:05,23,26,2361,4287
2023-12-15 10:35:30,24,26,2361,4287
2023-12-15 10:35:30,24,27,2361,4287
2023-12-15 10:35:31,25,27,2361,4287
2023-12-15 10:35:53,26,27,2361,4287
2023-12-15 10:36:05,25,27,2361,4287
2023-12-15 10:36:17,25,26,2361,4287
2023-12-15 10:36:20,25,27,2361,4287
2023-12-15 10:37:48,25,26,2361,4287
2023-12-15 10:37:55,23,25,2361,4292
2023-12-15 10:38:01,23,26,2361,4292
2023-12-15 10:38:10,23,25,2361,4292
2023-12-15 10:38:15,22,25,2361,4292
2023-12-15 10:38:24,23,25,2361,4292
2023-12-15 10:38:28,23,26,2361,4292
2023-12-15 10:38:42,24,26,2361,4292
2023-12-15 10:38:47,24,27,2361,4292
2023-12-15 10:39:02,24,26,2361,4292
2023-12-15 10:39:03,23,26,2361,4292
2023-12-15 10:39:08,23,25,2361,4292
2023-12-15 10:39:20,23,26,2361,4292
2023-12-15 10:39:21,23,25,2361,4292
2023-12-15 10:39:22,23,26,2361,4292
2023-12-15 10:39:34,23,25,2361,4292
2023-12-15 10:39:43,23,26,2361,4292
2023-12-15 10:40:03,23,25,2361,4292
2023-12-15 10:40:04,22,25,2361,4292
2023-12-15 10:40:06,22,24,2361,4292
2023-12-15 10:40:14,22,24,2461,4392
2023-12-15 10:40:21,22,23,2461,4392
2023-12-15 10:40:46,22,24,2461,4392
2023-12-15 10:41:34,23,24,2461,4392
2023-12-15 10:41:34,23,24,2521,4452
2023-12-15 10:41:35,22,24,2521,4452
2023-12-15 10:41:37,23,24,2521,4452
2023-12-15 10:41:37,23,24,2526,4457
2023-12-15 10:41:37,23,25,2526,4457
2023-12-15 10:41:51,22,25,2526,4457
2023-12-15 10:41:51,22,24,2526,4457
2023-12-15 10:42:05,22,23,2526,4457
2023-12-15 10:42:07,22,24,2526,4457
2023-12-15 10:42:07,22,25,2526,4457
2023-12-15 10:42:07,22,24,2526,4457
2023-12-15 10:42:28,23,24,2526,4457
2023-12-15 10:42:31,23,25,2526,4462
2023-12-15 10:42:38,23,26,2526,4462
2023-12-15 10:42:46,23,25,2526,4462
2023-12-15 10:42:48,23,26,2526,4462
2023-12-15 10:42:58,24,26,2526,4462
2023-12-15 10:42:58,24,26,2561,4497
2023-12-15 10:42:59,23,26,2561,4497
2023-12-15 10:43:05,24,26,2561,4497
2023-12-15 10:43:11,24,27,2561,4497
2023-12-15 10:43:23,24,26,2561,4497
2023-12-15 10:43:25,24,27,2561,4497
2023-12-15 10:43:26,24,26,2561,4497
2023-12-15 10:43:33,23,26,2561,4497
2023-12-15 10:43:39,24,26,2561,4497
2023-12-15 10:43:41,24,27,2561,4497
2023-12-15 10:43:42,24,26,2561,4497
2023-12-15 10:43:46,24,27,2561,4497
2023-12-15 10:43:53,25,27,2561,4497
2023-12-15 10:43:57,26,27,2561,4497
2023-12-15 10:44:06,25,27,2561,4497
2023-12-15 10:44:18,25,28,2561,4497
2023-12-15 10:44:18,26,28,2561,4497
2023-12-15 10:44:29,26,29,2561,4497
2023-12-15 10:44:29,27,29,2561,4497
2023-12-15 10:45:03,26,29,2561,4497
2023-12-15 10:45:10,27,29,2561,4497
2023-12-15 10:45:25,26,29,2561,4497
2023-12-15 10:45:30,27,29,2561,4497
2023-12-15 10:45:38,26,29,2561,4497
2023-12-15 10:45:59,26,28,2561,4497
2023-12-15 10:46:01,25,28,2561,4502
2023-12-15 10:46:03,26,28,2561,4502
2023-12-15 10:46:05,26,29,2561,4502
2023-12-15 10:46:06,27,29,2561,4502
2023-12-15 10:47:11,28,29,2561,4502
2023-12-15 10:47:11,28,29,2651,4592
2023-12-15 10:47:11,28,30,2651,4592
2023-12-15 10:47:58,27,30,2651,4687
2023-12-15 10:47:59,27,29,2651,4687
2023-12-15 10:48:06,27,30,2651,4687
2023-12-15 10:48:41,27,29,2651,4687
2023-12-15 10:48:45,26,29,2651,4692
2023-12-15 10:48:48,27,29,2651,4692
2023-12-15 10:48:57,27,29,2651,4692
2023-12-15 10:49:00,26,29,2651,4692
2023-12-15 10:49:26,27,29,2651,4692
2023-12-15 10:49:30,26,29,2651,4692
2023-12-15 10:49:32,26,28,2651,4692
2023-12-15 10:49:38,26,29,2651,4692
2023-12-15 10:49:39,26,28,2651,4692
2023-12-15 10:49:56,26,27,2651,4692
2023-12-15 10:49:56,25,27,2651,4697
2023-12-15 10:50:03,24,27,2651,4697
2023-12-15 10:50:03,24,26,2651,4697
2023-12-15 10:50:08,24,25,2651,4697
2023-12-15 10:50:10,23,25,2651,4697
2023-12-15 10:50:19,24,25,2651,4697
2023-12-15 10:50:33,22,24,2651,4702
2023-12-15 10:51:03,22,24,2831,4882
2023-12-15 10:51:03,22,23,2831,4882
2023-12-15 10:51:04,21,23,2831,4882
2023-12-15 10:51:20,21,22,2831,4882
2023-12-15 10:51:25,20,22,2831,4882
2023-12-15 10:51:38,21,22,2831,4882
2023-12-15 10:51:38,21,22,2946,4997
2023-12-15 10:51:43,20,22,2946,4997
2023-12-15 10:52:20,21,22,2946,4997
2023-12-15 10:52:24,21,22,2946,5247
2023-12-15 10:52:27,21,23,2946,5487
2023-12-15 10:52:45,21,23,2946,5488
2023-12-15 10:52:47,21,24,2946,5488
2023-12-15 10:52:48,21,23,2946,5488
2023-12-15 10:52:53,21,24,2946,5488
2023-12-15 10:52:55,21,23,2946,5488
2023-12-15 10:53:04,21,24,2946,5488
2023-12-15 10:53:09,21,23,2946,5488
2023-12-15 10:53:26,21,24,2946,5488
2023-12-15 10:53:27,21,23,2946,5488
2023-12-15 10:53:46,21,22,2946,5488
2023-12-15 10:53:54,20,21,2946,5492
2023-12-15 10:53:55,19,21,2946,5492
2023-12-15 10:54:05,19,20,2946,5492
2023-12-15 10:54:11,18,19,2946,5497
2023-12-15 10:54:13,18,20,2946,5497
2023-12-15 10:54:26,18,21,2946,5497
2023-12-15 10:54:26,18,20,2946,5497
2023-12-15 10:54:28,18,21,2946,5497
2023-12-15 10:54:31,18,20,2946,5497
2023-12-15 10:54:35,18,21,2946,5497
2023-12-15 10:54:36,19,21,2946,5497
2023-12-15 10:54:48,18,21,2946,5497
2023-12-15 10:54:54,19,21,2946,5497
2023-12-15 10:55:02,18,21,2946,5497
2023-12-15 10:55:05,19,21,2946,5497
2023-12-15 10:55:16,19,22,2946,5497
2023-12-15 10:55:17,20,22,2946,5497
2023-12-15 10:55:19,19,22,2946,5497
2023-12-15 10:55:22,19,21,2946,5497
2023-12-15 10:55:25,19,22,2946,5497
2023-12-15 10:55:25,19,21,2946,5497
2023-12-15 10:55:29,19,22,2946,5497
2023-12-15 10:55:47,20,22,2946,5497
2023-12-15 10:55:54,19,22,2946,5497
2023-12-15 10:55:58,19,21,2946,5497
2023-12-15 10:56:06,19,22,2946,5497
2023-12-15 10:56:09,19,21,2946,5497
2023-12-15 10:56:14,19,22,2946,5497
2023-12-15 10:56:40,19,21,2946,5497
2023-12-15 10:56:59,19,22,2946,5497
2023-12-15 10:57:24,20,22,2946,5497
2023-12-15 10:57:50,19,22,2946,5497
2023-12-15 10:57:57,20,22,2946,5497
2023-12-15 10:57:57,20,23,2946,5497
2023-12-15 10:58:01,20,24,2946,5497
2023-12-15 10:58:01,21,24,2946,5497
2023-12-15 10:58:06,22,24,2946,5497
2023-12-15 10:58:13,21,24,2946,5497
2023-12-15 10:58:29,21,23,2946,5497
2023-12-15 10:58:38,21,24,2946,5497
2023-12-15 10:58:50,22,24,2946,5497
2023-12-15 10:58:52,22,25,2946,5497
2023-12-15 10:58:52,23,25,2946,5497
2023-12-15 10:59:12,24,25,2946,5497
2023-12-15 10:59:15,24,26,2946,5497
2023-12-15 10:59:30,23,26,2946,5497
2023-12-15 10:59:37,23,25,2946,5497
2023-12-15 10:59:50,23,26,2946,5497
2023-12-15 10:59:56,23,25,2946,5497
2023-12-15 10:59:59,23,26,2946,5497
2023-12-15 11:00:00,23,25,2946,5497
2023-12-15 11:00:01,22,25,2946,5497
2023-12-15 11:00:15,22,24,2946,5497
2023-12-15 11:00:18,21,24,2946,5497
2023-12-15 11:00:39,21,23,2946,5497
2023-12-15 11:01:04,21,24,2946,5497
2023-12-15 11:01:09,22,24,2946,5497
2023-12-15 11:01:09,22,25,2946,5497
2023-12-15 11:01:12,22,24,2946,5497
2023-12-15 11:01:15,22,25,2946,5497
2023-12-15 11:01:19,22,26,2946,5497
2023-12-15 11:01:21,22,25,2946,5497
2023-12-15 11:01:22,22,26,2946,5497
2023-12-15 11:01:23,23,26,2946,5497
2023-12-15 11:01:36,24,26,2946,5497
2023-12-15 11:01:54,23,26,2946,5497
2023-12-15 11:01:55,23,25,2946,5497
2023-12-15 11:01:56,23,26,2946,5497
2023-12-15 11:02:01,22,26,2946,5497
2023-12-15 11:02:01,22,25,2946,5497
2023-12-15 11:02:33,22,24,2946,5497
2023-12-15 11:02:36,22,25,2946,5497
2023-12-15 11:02:38,22,24,2946,5497
2023-12-15 11:03:11,22,25,2946,5497
2023-12-15 11:03:19,22,24,2946,5497
2023-12-15 11:03:52,22,25,2946,5497
2023-12-15 11:04:09,22,24,2946,5497
2023-12-15 11:04:19,22,23,2946,5497
2023-12-15 11:05:08,22,24,2946,5497
2023-12-15 11:05:13,22,23,2946,5497
2023-12-15 11:05:39,22,24,2946,5497
2023-12-15 11:05:46,22,23,2946,5497
2023-12-15 11:05:48,22,24,2946,5497
2023-12-15 11:06:09,22,25,2946,5497
2023-12-15 11:06:10,22,24,2946,5497
2023-12-15 11:06:20,22,25,2946,5497
2023-12-15 11:06:21,23,25,2946,5497
2023-12-15 11:06:21,23,26,2946,5497
2023-12-15 11:06:26,24,26,2946,5497
2023-12-15 11:06:33,25,26,2946,5497
2023-12-15 11:06:34,25,27,2946,5697
2023-12-15 11:07:13,25,28,2946,5697
2023-12-15 11:07:13,26,28,2946,5697
2023-12-15 11:07:26,26,29,2946,5697
2023-12-15 11:07:27,27,29,2946,5697
2023-12-15 11:07:28,27,30,2946,5697
2023-12-15 11:07:31,27,30,2946,5697
2023-12-15 11:07:37,26,30,2946,5697
2023-12-15 11:07:37,26,29,2946,5697
2023-12-15 11:07:37,27,29,2946,5697
2023-12-15 11:07:39,26,29,2946,5697
2023-12-15 11:08:13,27,29,2946,5697
2023-12-15 11:08:20,26,29,2946,5697
2023-12-15 11:08:22,27,29,2946,5697
2023-12-15 11:08:27,26,29,2946,5697
2023-12-15 11:08:30,27,29,2946,5697
2023-12-15 11:09:01,26,29,2946,5697
2023-12-15 11:09:23,26,28,2946,5697
2023-12-15 11:09:24,25,28,2946,5697
2023-12-15 11:09:28,25,27,2946,5697
2023-12-15 11:09:34,25,28,2946,5697
2023-12-15 11:09:36,25,29,2946,5697
2023-12-15 11:09:37,26,29,2946,5697
2023-12-15 11:10:11,27,29,2946,5697
2023-12-15 11:10:58,27,30,2946,5697
2023-12-15 11:11:03,28,30,2946,5697
2023-12-15 11:11:04,29,30,2946,5697
2023-12-15 11:11:20,28,30,2946,5697
2023-12-15 11:11:21,29,30,2946,5697
2023-12-15 11:11:29,27,30,2951,5702
2023-12-15 11:11:36,28,30,2951,5702
2023-12-15 11:12:38,29,30,2951,5702
2023-12-15 11:12:41,29,31,2964,5715
2023-12-15 11:12:44,29,32,2964,5715
2023-12-15 11:12:44,30,32,2964,5715
2023-12-15 11:13:24,30,31,2964,5715
2023-12-15 11:13:24,29,31,2964,5715
2023-12-15 11:13:25,28,31,2964,5715
2023-12-15 11:13:55,29,31,2964,5715
2023-12-15 11:14:09,28,31,2964,5715
2023-12-15 11:14:15,28,30,2964,5715
2023-12-15 11:14:18,28,29,2964,5715
2023-12-15 11:14:19,26,28,2964,5720
2023-12-15 11:14:28,26,27,2964,5720
2023-12-15 11:14:42,25,26,2964,5725
2023-12-15 11:14:43,24,26,2964,5725
2023-12-15 11:15:42,23,26,2964,5725
2023-12-15 11:15:55,23,26,2964,5725
2023-12-15 11:15:56,24,26,2964,5725
2023-12-15 11:16:05,24,27,2964,5725
2023-12-15 11:16:06,25,27,2964,5725
2023-12-15 11:16:07,26,27,2964,5725
2023-12-15 11:16:07,26,28,2964,5725
2023-12-15 11:16:10,26,29,2964,5725
2023-12-15 11:16:22,26,30,2964,5725
2023-12-15 11:16:22,28,30,2964,5725
2023-12-15 11:16:43,28,31,2964,5725
2023-12-15 11:16:43,29,31,2964,5725
2023-12-15 11:16:50,28,31,2964,5725
2023-12-15 11:16:58,28,30,2964,5725
2023-12-15 11:17:21,27,30,2964,5725
2023-12-15 11:17:21,26,30,2964,5725
2023-12-15 11:17:21,26,29,2964,5725
2023-12-15 11:17:24,27,29,2964,5725
2023-12-15 11:17:24,27,30,2964,5725
2023-12-15 11:17:26,27,29,2964,5725
2023-12-15 11:17:32,27,30,2964,5725
2023-12-15 11:17:41,28,30,2964,5725
2023-12-15 11:17:42,28,31,2964,5725
2023-12-15 11:17:48,28,30,2964,5725
2023-12-15 11:17:50,27,30,2964,5725
2023-12-15 11:17:59,26,30,2964,5725
2023-12-15 11:18:02,26,29,2964,5725
2023-12-15 11:18:21,27,29,2964,5725
2023-12-15 11:18:24,27,30,2964,5725
2023-12-15 11:18:29,26,30,2964,5725
2023-12-15 11:18:32,26,29,2964,5725
2023-12-15 11:18:40,26,28,2964,5725
2023-12-15 11:18:43,25,28,2964,5725
2023-12-15 11:18:48,25,27,2964,5725
2023-12-15 11:18:52,24,27,2964,5725
2023-12-15 11:19:00,24,25,2964,5725
2023-12-15 11:19:02,23,25,2964,5725
2023-12-15 11:19:14,23,25,3024,5785
2023-12-15 11:19:15,23,24,3024,5785
2023-12-15 11:19:28,23,24,3024,5785
2023-12-15 11:19:28,23,24,3144,5905
2023-12-15 11:19:34,22,24,3144,5905
2023-12-15 11:19:37,23,24,3144,5905
2023-12-15 11:19:37,23,25,3144,5905
2023-12-15 11:19:44,23,26,3144,5905
2023-12-15 11:19:47,23,25,3144,5905
2023-12-15 11:20:07,22,25,3144,5905
2023-12-15 11:20:14,22,24,3144,5905
2023-12-15 11:20:23,22,23,3144,5905
2023-12-15 11:20:38,22,24,3153,6105
2023-12-15 11:20:49,22,25,3153,6285
2023-12-15 11:20:49,23,25,3153,6285
2023-12-15 11:20:59,23,26,3153,6285
2023-12-15 11:21:03,23,25,3153,6285
2023-12-15 11:21:16,23,26,3153,6285
2023-12-15 11:21:32,24,26,3153,6285
2023-12-15 11:21:38,24,27,3153,6285
2023-12-15 11:21:45,24,26,3153,6285
2023-12-15 11:21:48,23,26,3153,6285
2023-12-15 11:22:09,23,25,3153,6285
2023-12-15 11:22:12,22,25,3153,6285
2023-12-15 11:22:12,22,24,3153,6285
2023-12-15 11:22:18,22,23,3153,6285
2023-12-15 11:23:02,22,24,3153,6285
2023-12-15 11:23:23,22,25,3353,6485
2023-12-15 11:23:32,22,24,3353,6485
2023-12-15 11:24:00,22,23,3353,6485
2023-12-15 11:24:16,20,22,3358,6490
2023-12-15 11:24:28,20,21,3358,6490
2023-12-15 11:24:28,19,21,3358,6490
2023-12-15 11:24:32,19,20,3358,6490
2023-12-15 11:25:03,19,21,3358,6490
2023-12-15 11:25:04,19,20,3358,6490
2023-12-15 11:25:19,18,19,3363,6495
2023-12-15 11:25:25,17,19,3363,6495
2023-12-15 11:25:35,17,18,3363,6495
2023-12-15 11:25:50,16,18,3363,6495
2023-12-15 11:25:51,16,17,3363,6495
2023-12-15 11:26:10,16,18,3363,6495
2023-12-15 11:26:11,17,18,3363,6495
2023-12-15 11:26:14,16,18,3363,6495
2023-12-15 11:26:16,17,18,3363,6495
2023-12-15 11:26:20,16,18,3363,6495
2023-12-15 11:26:22,16,17,3363,6495
2023-12-15 11:26:42,15,16,3368,6500
2023-12-15 11:26:43,15,17,3563,6695
2023-12-15 11:27:03,15,16,3563,6695
2023-12-15 11:27:16,15,17,3763,6895
2023-12-15 11:28:02,15,16,3763,6895
2023-12-15 11:28:05,14,16,4263,7395
2023-12-15 11:28:45,14,17,4263,7395
2023-12-15 11:28:50,15,17,4263,7395
2023-12-15 11:28:51,15,18,4263,7640
2023-12-15 11:28:53,16,18,4263,7640
2023-12-15 11:28:55,16,19,4263,7640
2023-12-15 11:29:04,16,18,4263,7640
2023-12-15 11:29:06,15,18,4263,7640
2023-12-15 11:29:14,15,17,4263,7640
2023-12-15 11:29:21,14,17,5113,8490
2023-12-15 11:29:34,14,16,5113,8490
2023-12-15 11:29:42,14,17,5113,8990
2023-12-15 11:29:56,14,16,5113,8990
2023-12-15 11:30:08,14,17,5113,8990
2023-12-15 11:30:22,14,16,5113,8990
2023-12-15 11:30:31,14,15,5113,8990
2023-12-15 11:30:31,13,15,5613,9490
2023-12-15 11:30:32,13,15,5613,9685
2023-12-15 11:30:43,13,15,5417,9881
2023-12-15 11:30:48,13,15,5417,10035
2023-12-15 11:30:51,13,14,5417,10035
2023-12-15 11:30:56,12,14,5417,10035
2023-12-15 11:31:07,12,13,5417,10035
2023-12-15 11:31:28,12,13,5617,10235
2023-12-15 11:31:43,12,13,5817,10735
2023-12-15 11:31:44,12,14,5817,10735
2023-12-15 11:32:05,12,13,5817,10735
2023-12-15 11:32:40,12,15,5817,10735
2023-12-15 11:32:40,12,14,5817,10735
2023-12-15 11:32:59,13,14,5817,10735
2023-12-15 11:32:59,13,15,5817,10935
2023-12-15 11:33:04,13,16,5817,10935
2023-12-15 11:33:10,14,16,5817,10935
2023-12-15 11:33:12,14,17,5817,10935
2023-12-15 11:33:19,14,16,5817,10935
2023-12-15 11:33:26,13,16,5817,10935
2023-12-15 11:33:33,13,15,5817,10935
2023-12-15 11:33:37,12,15,5817,10935
2023-12-15 11:34:06,12,14,5817,10935
2023-12-15 11:34:07,12,15,5817,10935
2023-12-15 11:34:13,13,15,5817,10935
2023-12-15 11:34:16,13,16,5817,10935
2023-12-15 11:34:41,14,16,5817,10935
2023-12-15 11:34:50,15,16,5817,10935
2023-12-15 11:34:54,15,17,6017,11135
2023-12-15 11:35:01,16,17,6017,11135
2023-12-15 11:35:31,15,16,6022,11140
2023-12-15 11:35:41,14,15,6027,11145
2023-12-15 11:35:52,13,15,6032,11150
2023-12-15 11:35:58,13,14,6032,11150
2023-12-15 11:36:41,14,15,6031,11151
2023-12-15 11:36:43,13,15,6031,11151
2023-12-15 11:38:24,13,14,6031,11151
2023-12-15 11:38:26,13,15,6031,11151
2023-12-15 11:38:27,13,14,6031,11151
2023-12-15 11:38:31,13,15,6031,11151
2023-12-15 11:38:32,13,14,6031,11151
2023-12-15 11:38:34,13,15,6031,11151
2023-12-15 11:38:36,13,14,6031,11151
2023-12-15 11:38:37,13,15,6031,11151
2023-12-15 11:38:39,13,14,6031,11151
2023-12-15 11:38:42,13,15,6031,11151
2023-12-15 11:39:13,13,14,6031,11151
2023-12-15 11:39:38,14,15,6031,11174
2023-12-15 11:39:38,15,16,6030,11175
2023-12-15 11:39:45,14,16,6030,11175
2023-12-15 11:39:59,15,16,6030,11175
2023-12-15 11:40:05,15,18,6030,11176
2023-12-15 11:40:07,16,18,6030,11176
2023-12-15 11:40:19,16,19,6030,11176
2023-12-15 11:40:19,17,19,6030,11176
2023-12-15 11:40:30,18,19,6030,11176
2023-12-15 11:40:31,18,21,6035,11181
2023-12-15 11:40:32,19,21,6035,11181
2023-12-15 11:40:32,19,21,6034,11182
2023-12-15 11:41:47,20,21,6034,11182
2023-12-15 11:42:11,21,23,6033,11183
2023-12-15 11:42:56,21,22,6033,11183
2023-12-15 11:43:34,19,22,6033,11188
2023-12-15 11:43:40,19,21,6033,11188
2023-12-15 11:43:50,19,22,6033,11188
2023-12-15 11:43:51,19,21,6033,11188
2023-12-15 11:43:56,19,22,6033,11188
2023-12-15 11:44:15,20,22,6033,11188
2023-12-15 11:44:16,19,22,6033,11188
2023-12-15 11:44:20,20,22,6033,11188
2023-12-15 11:44:26,19,22,6033,11188
2023-12-15 11:44:40,19,21,6033,11188
2023-12-15 11:45:06,19,22,6033,11188
2023-12-15 11:45:20,19,21,6033,11188
2023-12-15 11:45:32,19,22,6033,11188
2023-12-15 11:45:34,19,21,6033,11188
2023-12-15 11:46:07,19,20,6033,11188
2023-12-15 11:46:16,19,21,6033,11188
2023-12-15 11:46:33,19,22,6033,11188
2023-12-15 11:46:37,20,22,6033,11188
2023-12-15 11:48:18,21,22,6033,11188
2023-12-15 11:48:20,20,22,6033,11188
2023-12-15 11:48:41,21,22,6033,11188
2023-12-15 11:49:02,21,22,6033,11211
2023-12-15 11:49:03,22,24,6033,11214
2023-12-15 11:49:14,23,24,6033,11214
2023-12-15 11:49:17,22,24,6033,11214
2023-12-15 11:49:22,23,24,6033,11214
2023-12-15 11:49:26,22,24,6033,11214
2023-12-15 11:49:46,23,24,6033,11214
2023-12-15 11:49:46,23,25,6033,11214
2023-12-15 11:50:02,22,25,6033,11214
2023-12-15 11:50:39,22,24,6033,11214
2023-12-15 11:50:53,22,23,6033,11214
2023-12-15 11:51:00,22,24,6033,11214
2023-12-15 11:51:26,22,25,6033,11214
2023-12-15 11:51:31,22,24,6033,11214
2023-12-15 11:51:37,22,25,6033,11214
2023-12-15 11:51:42,22,24,6033,11214
2023-12-15 11:51:50,22,25,6033,11214
2023-12-15 11:52:07,23,25,6033,11214
2023-12-15 11:52:16,22,25,6033,11214
2023-12-15 11:52:29,22,24,6033,11214
2023-12-15 11:52:31,22,25,6033,11214
2023-12-15 11:52:31,23,25,6033,11214
2023-12-15 11:52:32,23,26,6033,11214
2023-12-15 11:52:43,24,26,6033,11214
2023-12-15 11:52:46,23,26,6033,11214
2023-12-15 11:52:51,23,25,6033,11214
2023-12-15 11:53:03,23,26,6033,11214
2023-12-15 11:53:05,23,25,6033,11214
2023-12-15 11:53:06,22,25,6033,11214
2023-12-15 11:53:08,23,25,6033,11214
2023-12-15 11:53:10,22,25,6033,11214
2023-12-15 11:53:16,23,25,6033,11214
2023-12-15 11:53:18,23,26,6033,11214
2023-12-15 11:53:28,24,26,6033,11214
2023-12-15 11:53:36,24,27,6033,11214
2023-12-15 11:53:36,25,27,6033,11214
2023-12-15 11:54:16,24,27,6033,11214
2023-12-15 11:54:59,24,26,6033,11214
2023-12-15 11:55:01,24,27,6033,11214
2023-12-15 11:55:44,24,26,6033,11214
2023-12-15 11:55:47,24,27,6033,11214
2023-12-15 11:56:10,24,26,6033,11214
2023-12-15 11:56:18,24,27,6033,11214
2023-12-15 11:56:19,24,26,6033,11214
2023-12-15 11:56:21,24,27,6033,11214
2023-12-15 11:56:35,24,26,6033,11214
2023-12-15 11:56:45,23,26,6033,11214
2023-12-15 11:56:50,22,26,6033,11214
2023-12-15 11:56:53,22,25,6033,11214
2023-12-15 11:57:08,22,24,6033,11214
2023-12-15 11:57:20,22,23,6033,11214
2023-12-15 11:57:21,21,23,6033,11219
2023-12-15 11:57:40,20,23,6033,11219
2023-12-15 11:57:49,20,22,6033,11219
2023-12-15 11:58:10,20,21,6033,11219
2023-12-15 11:58:38,19,21,6033,11224
2023-12-15 11:58:41,19,20,6033,11224
2023-12-15 11:58:46,18,20,6033,11224
2023-12-15 11:59:01,19,20,6033,11224
2023-12-15 11:59:17,20,21,6033,11224
2023-12-15 11:59:28,19,22,6033,11224
2023-12-15 11:59:29,19,21,6033,11224
2023-12-15 11:59:40,19,22,6033,11224
2023-12-15 11:59:49,19,21,6033,11224
2023-12-15 12:00:44,19,22,6033,11224
2023-12-15 12:00:47,19,21,6033,11224
2023-12-15 12:01:16,19,22,6033,11224
2023-12-15 12:01:19,20,22,6033,11224
2023-12-15 12:01:24,19,22,6533,11724
2023-12-15 12:01:28,19,21,6533,11724
2023-12-15 12:01:35,19,22,6533,11724
2023-12-15 12:01:36,20,22,6533,11724
2023-12-15 12:01:49,19,22,6533,11724
2023-12-15 12:01:50,20,22,6533,11724
2023-12-15 12:01:52,19,22,6533,11724
2023-12-15 12:01:55,19,21,6533,11724
2023-12-15 12:02:19,19,22,6533,11724
2023-12-15 12:02:22,19,21,6533,11724
2023-12-15 12:03:01,19,22,6533,11724
2023-12-15 12:03:11,20,22,6533,11724
2023-12-15 12:03:13,19,22,6533,11724
2023-12-15 12:03:26,19,21,6533,11724
2023-12-15 12:03:47,20,21,6533,11724
2023-12-15 12:03:49,20,23,6533,11724
2023-12-15 12:03:49,20,22,6533,11724
2023-12-15 12:03:50,21,22,6533,11724
2023-12-15 12:03:52,21,24,6533,11724
2023-12-15 12:03:52,22,24,6533,11724
2023-12-15 12:04:07,22,25,6533,11724
2023-12-15 12:04:07,22,24,6533,11724
2023-12-15 12:04:13,23,24,6533,11724
2023-12-15 12:04:21,23,25,6533,11724
2023-12-15 12:04:21,24,25,6533,11724
2023-12-15 12:04:21,24,26,6533,11724
2023-12-15 12:04:21,24,25,6533,11724
2023-12-15 12:04:32,24,27,6533,11724
2023-12-15 12:04:32,25,27,6533,11724
2023-12-15 12:04:32,25,26,6533,11724
2023-12-15 12:04:42,25,26,6333,11924
2023-12-15 12:04:44,25,28,6333,11924
2023-12-15 12:04:44,25,27,6333,11924
2023-12-15 12:04:53,25,26,6333,11924
2023-12-15 12:04:56,26,28,6333,11928
2023-12-15 12:04:56,26,27,6333,11928
2023-12-15 12:04:57,26,27,6306,12128
2023-12-15 12:04:57,27,30,6306,12228
2023-12-15 12:04:58,26,30,6306,12228
2023-12-15 12:04:58,27,30,6306,12228
2023-12-15 12:04:59,27,29,6306,12228
2023-12-15 12:05:01,26,29,6306,12228
2023-12-15 12:05:02,26,28,6306,12228
2023-12-15 12:05:10,25,28,6306,12228
2023-12-15 12:05:12,24,28,6306,12228
2023-12-15 12:05:23,24,26,6306,12228
2023-12-15 12:05:33,24,27,6306,12228
2023-12-15 12:05:44,24,26,6306,12228
2023-12-15 12:05:46,24,27,6306,12228
2023-12-15 12:05:47,24,26,6306,12228
2023-12-15 12:05:48,24,27,6306,12228
2023-12-15 12:05:58,24,28,6306,12228
2023-12-15 12:06:01,25,28,6319,12241
2023-12-15 12:06:13,25,29,6319,12241
2023-12-15 12:06:13,26,29,6319,12241
2023-12-15 12:06:15,27,29,6319,12241
2023-12-15 12:06:16,28,30,6319,12241
2023-12-15 12:06:36,27,30,6319,12241
2023-12-15 12:06:51,28,30,6319,12241
2023-12-15 12:06:55,28,31,6319,12241
2023-12-15 12:06:57,29,31,6319,12241
2023-12-15 12:07:01,28,31,6319,12241
2023-12-15 12:07:08,27,31,6319,12241
2023-12-15 12:07:09,28,31,6319,12241
2023-12-15 12:07:11,28,30,6319,12241
2023-12-15 12:07:11,27,30,6319,12241
2023-12-15 12:07:31,27,29,6319,12241
2023-12-15 12:07:43,26,29,6319,12241
2023-12-15 12:07:45,26,28,6319,12241
2023-12-15 12:07:49,26,29,6319,12241
2023-12-15 12:08:10,26,30,6319,12241
2023-12-15 12:08:11,27,30,6319,12241
2023-12-15 12:08:24,27,31,6319,12241
2023-12-15 12:08:26,27,30,6319,12241
2023-12-15 12:08:27,27,31,6319,12241
2023-12-15 12:08:27,28,31,6319,12241
2023-12-15 12:08:30,27,31,6319,12241
2023-12-15 12:08:31,28,30,6319,12241
2023-12-15 12:08:46,28,29,6319,12241
2023-12-15 12:08:48,28,30,6319,12241
2023-12-15 12:08:48,27,30,6319,12246
2023-12-15 12:08:49,27,29,6319,12246
2023-12-15 12:08:54,27,28,6319,12246
2023-12-15 12:08:57,25,28,6319,12251
2023-12-15 12:09:06,25,27,6319,12251
2023-12-15 12:09:08,25,28,6319,12251
2023-12-15 12:09:15,26,28,6319,12251
2023-12-15 12:09:36,25,28,6319,12251
2023-12-15 12:09:38,27,28,6319,12251
2023-12-15 12:10:06,26,28,6319,12251
2023-12-15 12:10:46,27,28,6319,12251
2023-12-15 12:10:55,26,28,6319,12251
2023-12-15 12:11:09,25,28,6319,12251
2023-12-15 12:11:09,25,27,6319,12251
2023-12-15 12:11:46,25,26,6319,12251
2023-12-15 12:11:58,24,25,6319,12256
2023-12-15 12:12:06,24,26,6319,12256
2023-12-15 12:12:31,24,25,6319,12256
2023-12-15 12:12:48,23,24,6319,12261
2023-12-15 12:12:54,22,24,6319,12261
2023-12-15 12:13:00,22,23,6319,12261
2023-12-15 12:13:07,22,24,6319,12261
2023-12-15 12:13:28,23,24,6319,12261
2023-12-15 12:13:30,23,25,6319,12261
2023-12-15 12:14:02,22,25,6319,12261
2023-12-15 12:14:02,22,24,6319,12261
2023-12-15 12:14:16,22,25,6319,12261
2023-12-15 12:14:18,23,25,6319,12261
2023-12-15 12:14:26,24,25,6319,12261
2023-12-15 12:14:26,24,26,6319,12261
2023-12-15 12:14:30,24,27,6319,12261
2023-12-15 12:14:33,24,26,6319,12261
2023-12-15 12:14:34,23,26,6319,12261
2023-12-15 12:14:40,23,25,6319,12261
2023-12-15 12:14:45,22,25,6319,12261
2023-12-15 12:14:58,22,24,6319,12261
2023-12-15 12:15:04,22,25,6319,12261
2023-12-15 12:15:05,22,24,6319,12261
2023-12-15 12:15:30,22,25,6319,12261
2023-12-15 12:15:32,22,24,6319,12261
2023-12-15 12:15:33,22,25,6319,12261
2023-12-15 12:15:34,22,24,6319,12261
2023-12-15 12:15:36,22,25,6319,12261
2023-12-15 12:15:37,23,25,6319,12261
2023-12-15 12:15:50,23,26,6319,12261
2023-12-15 12:16:08,23,25,6319,12261
2023-12-15 12:16:10,23,26,6319,12261
2023-12-15 12:16:31,24,26,6319,12261
2023-12-15 12:16:36,24,27,6319,12261
2023-12-15 12:16:37,25,27,6319,12261
2023-12-15 12:16:57,24,27,6319,12261
2023-12-15 12:16:58,24,26,6319,12261
2023-12-15 12:17:05,23,26,6319,12261
2023-12-15 12:17:12,24,26,6319,12261
2023-12-15 12:17:17,24,27,6319,12261
2023-12-15 12:17:33,25,27,6319,12261
2023-12-15 12:17:43,25,28,6319,12261
2023-12-15 12:17:53,26,28,6319,12261
2023-12-15 12:18:03,27,28,6319,12261
2023-12-15 12:18:31,25,28,6319,12266
2023-12-15 12:18:32,25,27,6319,12266
2023-12-15 12:18:35,24,27,6319,12266
2023-12-15 12:18:40,24,26,6319,12266
2023-12-15 12:18:51,23,26,6319,12266
2023-12-15 12:18:52,23,25,6319,12266
2023-12-15 12:19:03,22,25,6319,12266
2023-12-15 12:19:03,22,24,6319,12266
2023-12-15 12:19:12,22,23,6319,12266
2023-12-15 12:19:18,21,22,6319,12271
2023-12-15 12:19:27,20,22,6319,12271
2023-12-15 12:19:35,20,21,6319,12271
2023-12-15 12:19:40,19,21,6319,12271
2023-12-15 12:19:43,19,20,6319,12271
2023-12-15 12:19:52,19,21,6319,12271
2023-12-15 12:19:55,19,20,6319,12271
2023-12-15 12:19:56,19,21,6319,12271
2023-12-15 12:20:14,19,20,6319,12271
2023-12-15 12:20:26,19,21,6319,12271
2023-12-15 12:20:47,19,20,6319,12271
2023-12-15 12:20:52,18,20,6319,12271
2023-12-15 12:21:02,19,20,6319,12271
2023-12-15 12:21:02,19,21,6319,12271
2023-12-15 12:21:24,19,22,6319,12271
2023-12-15 12:21:25,20,22,6319,12271
2023-12-15 12:21:28,20,23,6319,12271
2023-12-15 12:21:43,20,22,6319,12271
2023-12-15 12:21:45,19,22,6319,12271
2023-12-15 12:21:57,19,21,6319,12271
2023-12-15 12:21:58,19,22,6319,12271
2023-12-15 12:21:59,19,21,6319,12271
2023-12-15 12:22:00,19,22,6319,12271
2023-12-15 12:22:18,20,22,6319,12271
2023-12-15 12:22:23,19,22,6319,12271
2023-12-15 12:22:38,20,22,6319,12271
2023-12-15 12:22:39,20,23,6519,12471
2023-12-15 12:22:40,20,24,6519,12471
2023-12-15 12:22:43,21,24,6519,12471
2023-12-15 12:22:46,21,25,6519,12471
2023-12-15 12:22:51,22,26,6519,12471
2023-12-15 12:22:52,22,25,6519,12471
2023-12-15 12:22:55,23,25,6519,12471
2023-12-15 12:22:55,23,26,6519,12471
2023-12-15 12:23:00,22,26,6519,12471
2023-12-15 12:23:00,22,25,6519,12471
2023-12-15 12:23:05,22,24,6519,12471
2023-12-15 12:23:06,21,24,6519,12471
2023-12-15 12:23:08,20,24,6519,12471
2023-12-15 12:23:08,20,23,6519,12471
2023-12-15 12:23:15,20,24,6519,12471
2023-12-15 12:23:16,21,24,6519,12471
2023-12-15 12:23:20,21,25,6519,12471
2023-12-15 12:23:23,21,24,6519,12471
2023-12-15 12:23:43,22,24,6519,12471
2023-12-15 12:23:43,22,25,6519,12471
2023-12-15 12:23:56,22,24,6519,12471
2023-12-15 12:23:56,21,24,6519,12471
2023-12-15 12:24:05,21,23,6519,12471
2023-12-15 12:24:06,20,23,6519,12471
2023-12-15 12:24:07,20,22,6519,12471
2023-12-15 12:24:07,19,22,6519,12471
2023-12-15 12:24:13,19,21,6519,12471
2023-12-15 12:24:25,19,22,6519,12471
2023-12-15 12:24:35,19,21,6519,12471
2023-12-15 12:24:46,19,20,6519,12471
2023-12-15 12:25:03,17,19,6519,12476
2023-12-15 12:25:05,17,18,6519,12476
2023-12-15 12:25:10,17,19,6519,12476
2023-12-15 12:25:11,17,18,6519,12476
2023-12-15 12:25:27,16,18,6519,12476
2023-12-15 12:25:35,17,18,6519,12476
2023-12-15 12:25:37,17,19,6519,12676
2023-12-15 12:25:52,16,19,6519,12676
2023-12-15 12:25:52,16,18,6519,12676
2023-12-15 12:26:07,16,19,6519,12676
2023-12-15 12:26:08,17,19,6519,12676
2023-12-15 12:26:21,16,19,6519,12676
2023-12-15 12:26:21,16,18,6519,12676
2023-12-15 12:27:02,16,17,6519,12676
2023-12-15 12:27:09,15,16,6519,12681
2023-12-15 12:27:12,14,16,6519,12681
2023-12-15 12:27:12,14,15,6519,12681
2023-12-15 12:27:37,14,16,6519,12681
2023-12-15 12:28:19,14,17,6658,12881
2023-12-15 12:28:20,15,17,6658,12881
2023-12-15 12:28:26,15,18,6658,12881
2023-12-15 12:29:07,15,19,6658,12881
2023-12-15 12:29:10,16,19,6658,12881
2023-12-15 12:29:55,16,18,6658,12881
2023-12-15 12:30:22,16,19,6658,12881
2023-12-15 12:30:28,16,18,6658,12881
2023-12-15 12:30:39,16,19,6658,12881
2023-12-15 12:30:44,17,19,6658,12881
2023-12-15 12:30:46,17,20,6658,12881
2023-12-15 12:30:55,18,20,6658,12881
2023-12-15 12:30:55,18,21,6658,12881
2023-12-15 12:30:55,18,21,6718,12941
2023-12-15 12:30:55,18,20,6718,12941
2023-12-15 12:30:55,18,21,6718,13001
2023-12-15 12:31:06,18,20,6718,13001
2023-12-15 12:31:16,18,21,6718,13001
2023-12-15 12:31:34,19,21,6718,13001
2023-12-15 12:31:58,19,22,6718,13001
2023-12-15 12:32:00,20,22,6718,13001
2023-12-15 12:32:00,20,22,6718,13121
2023-12-15 12:32:01,19,22,6718,13121
2023-12-15 12:32:05,20,22,6718,13121
2023-12-15 12:32:11,19,22,6718,13121
2023-12-15 12:32:12,20,22,6718,13121
2023-12-15 12:32:17,20,23,6718,13121
2023-12-15 12:32:59,21,23,6718,13121
2023-12-15 12:33:00,21,24,6718,13121
2023-12-15 12:33:02,22,24,6718,13121
2023-12-15 12:33:08,22,25,6718,13121
2023-12-15 12:33:09,23,25,6718,13121
2023-12-15 12:33:14,23,26,6718,13121
2023-12-15 12:33:16,24,26,6718,13121
2023-12-15 12:33:18,23,26,6718,13121
2023-12-15 12:33:35,22,26,6718,13121
2023-12-15 12:33:38,23,26,6718,13121
2023-12-15 12:33:41,22,26,6718,13121
2023-12-15 12:33:48,23,26,6718,13121
2023-12-15 12:34:23,22,26,6718,13121
2023-12-15 12:34:25,22,25,6718,13121
2023-12-15 12:34:33,21,25,6718,13121
2023-12-15 12:34:35,21,24,6718,13121
2023-12-15 12:34:40,20,24,6718,13121
2023-12-15 12:35:04,21,24,6718,13121
2023-12-15 12:35:04,22,24,6718,13121
2023-12-15 12:35:04,22,25,6718,13121
2023-12-15 12:35:14,23,25,6718,13121
2023-12-15 12:35:17,24,25,6718,13121
2023-12-15 12:35:17,24,26,6718,13121
2023-12-15 12:35:17,24,26,6718,13126
2023-12-15 12:35:20,25,26,6718,13126
2023-12-15 12:35:22,25,27,6718,13126
2023-12-15 12:35:22,25,27,6718,13131
2023-12-15 12:35:43,24,27,6718,13131
2023-12-15 12:35:55,25,27,6718,13131
2023-12-15 12:36:12,26,27,6718,13131
2023-12-15 12:36:44,25,27,6718,13131
2023-12-15 12:36:51,26,27,6718,13131
2023-12-15 12:36:57,26,28,6935,13349
2023-12-15 12:37:48,27,28,6935,13349
2023-12-15 12:37:48,27,30,6933,13351
2023-12-15 12:37:48,28,30,6933,13351
2023-12-15 12:37:49,30,31,6933,13351
2023-12-15 12:37:49,30,32,6933,13351
2023-12-15 12:37:51,31,32,6933,13351
2023-12-15 12:37:53,31,33,6933,13351
2023-12-15 12:37:55,32,33,6933,13351
2023-12-15 12:37:55,32,33,7126,13551
2023-12-15 12:37:55,32,34,7126,13551
2023-12-15 12:38:04,32,33,7126,13551
2023-12-15 12:38:06,30,33,7126,13556
2023-12-15 12:38:10,30,32,7126,13556
2023-12-15 12:38:24,30,32,7133,13566
2023-12-15 12:38:27,31,32,7133,13566
2023-12-15 12:38:38,32,33,7133,13567
2023-12-15 12:39:11,31,33,7133,13572
2023-12-15 12:39:13,30,33,7133,13572
2023-12-15 12:39:21,30,32,7133,13572
2023-12-15 12:39:26,29,32,7133,13572
2023-12-15 12:39:26,29,31,7133,13572
2023-12-15 12:39:31,28,31,7133,13572
2023-12-15 12:39:39,29,31,7133,13572
2023-12-15 12:39:43,29,32,7133,13572
2023-12-15 12:39:47,29,31,7133,13572
2023-12-15 12:39:48,29,32,7133,13572
2023-12-15 12:39:49,29,31,7133,13572
2023-12-15 12:39:50,29,32,7133,13572
2023-12-15 12:39:54,29,31,7133,13572
2023-12-15 12:39:56,29,32,7133,13572
2023-12-15 12:40:04,30,32,7133,13572
2023-12-15 12:40:36,29,32,7133,13572
2023-12-15 12:40:47,30,32,7133,13572
2023-12-15 12:40:55,29,32,7133,13572
2023-12-15 12:41:05,30,32,7133,13572
2023-12-15 12:41:08,29,32,7133,13572
2023-12-15 12:41:09,30,32,7133,13572
2023-12-15 12:41:44,29,32,7133,13572
2023-12-15 12:41:45,30,32,7133,13572
2023-12-15 12:41:57,31,32,7133,13572
2023-12-15 12:42:02,32,33,7132,13573
2023-12-15 12:42:07,33,35,7132,13574
2023-12-15 12:42:22,33,36,7132,13574
2023-12-15 12:42:22,34,36,7132,13574
2023-12-15 12:42:24,33,36,6936,13770
2023-12-15 12:42:26,34,36,6936,13770
2023-12-15 12:42:40,33,36,6936,13770
2023-12-15 12:42:42,33,35,6936,13770
2023-12-15 12:42:57,32,35,6936,13770
2023-12-15 12:43:01,32,34,6936,13770
2023-12-15 12:43:30,30,34,6936,13775
2023-12-15 12:43:36,31,34,6936,13775
2023-12-15 12:43:38,32,34,6936,13775
2023-12-15 12:43:40,31,34,6936,13775
2023-12-15 12:43:44,32,34,6936,13775
2023-12-15 12:44:20,31,34,6936,13980
2023-12-15 12:44:25,30,34,6936,13980
2023-12-15 12:44:27,30,33,6936,13980
2023-12-15 12:44:29,31,33,6936,13980
2023-12-15 12:44:32,30,34,6936,13980
2023-12-15 12:44:33,30,33,6936,13980
2023-12-15 12:44:39,30,34,6936,13980
2023-12-15 12:44:50,30,33,6936,13980
2023-12-15 12:45:23,31,33,6936,13980
2023-12-15 12:45:31,32,33,6936,13980
2023-12-15 12:45:37,31,33,6936,13980
2023-12-15 12:45:45,30,33,6936,13980
2023-12-15 12:45:50,31,33,6936,13980
2023-12-15 12:46:09,32,33,6936,13980
2023-12-15 12:46:12,33,34,6936,13981
2023-12-15 12:46:34,32,34,6936,13986
2023-12-15 12:46:38,33,34,6936,13986
2023-12-15 12:46:38,34,36,6951,14002
2023-12-15 12:46:40,35,36,6951,14002
2023-12-15 12:46:41,36,38,6956,14007
2023-12-15 12:46:41,36,38,6961,14012
2023-12-15 12:46:41,36,37,6961,14012
2023-12-15 12:46:41,36,38,6961,14012
2023-12-15 12:46:50,36,37,6961,14012
2023-12-15 12:46:58,35,37,6961,14017
2023-12-15 12:47:14,34,37,6961,14017
2023-12-15 12:47:19,35,37,6961,14017
2023-12-15 12:47:19,37,38,6961,14018
2023-12-15 12:47:19,37,39,6961,14018
2023-12-15 12:47:19,37,38,6961,14018
2023-12-15 12:47:19,37,39,6961,14018
2023-12-15 12:47:20,38,39,6961,14018
2023-12-15 12:47:21,38,40,6961,14018
2023-12-15 12:47:22,39,40,6961,14018
2023-12-15 12:47:26,39,41,6961,14018
2023-12-15 12:47:27,40,41,6961,14018
2023-12-15 12:47:28,39,41,6961,14218
2023-12-15 12:47:37,39,41,7161,14418
2023-12-15 12:47:37,39,41,7361,14618
2023-12-15 12:47:37,39,42,7361,14618
2023-12-15 12:47:37,40,43,7361,14618
2023-12-15 12:47:37,40,42,7361,14618
2023-12-15 12:47:37,40,43,7361,14618
2023-12-15 12:47:38,41,43,7361,14618
2023-12-15 12:47:40,42,43,7361,14618
2023-12-15 12:47:40,42,44,7361,14618
2023-12-15 12:47:43,43,44,7361,14618
2023-12-15 12:47:44,43,44,7561,14818
2023-12-15 12:47:44,43,45,7561,14818
2023-12-15 12:47:47,42,45,7561,14818
2023-12-15 12:47:51,43,45,7561,14818
2023-12-15 12:47:52,42,45,7561,14818
2023-12-15 12:47:55,43,45,7561,14818
2023-12-15 12:48:07,43,44,7561,14818
2023-12-15 12:48:07,42,44,7561,14823
2023-12-15 12:48:11,42,43,7561,14823
2023-12-15 12:48:12,41,43,7561,14828
2023-12-15 12:48:13,40,43,7561,14828
2023-12-15 12:48:15,40,42,7561,14828
2023-12-15 12:48:20,40,42,7261,15328
2023-12-15 12:48:21,40,41,7261,15328
2023-12-15 12:48:25,39,41,7261,15328
2023-12-15 12:48:39,39,40,7261,15328
2023-12-15 12:48:41,38,40,7161,15428
2023-12-15 12:48:48,38,41,7161,15428
2023-12-15 12:48:49,38,40,7161,15428
2023-12-15 12:48:53,38,41,7161,15428
2023-12-15 12:48:59,38,40,7161,15428
2023-12-15 12:49:03,38,39,7161,15428
2023-12-15 12:49:03,37,39,7161,15428
2023-12-15 12:49:03,37,38,7161,15428
2023-12-15 12:49:03,36,38,7161,15428
2023-12-15 12:49:04,35,38,7161,15428
2023-12-15 12:49:04,35,37,7161,15428
2023-12-15 12:49:16,35,36,7161,15428
2023-12-15 12:49:21,35,37,7161,15428
2023-12-15 12:49:42,35,36,7161,15428
2023-12-15 12:49:55,35,37,7161,15428
2023-12-15 12:50:23,35,36,7161,15428
2023-12-15 12:50:29,35,37,7161,15428
2023-12-15 12:50:29,35,36,7161,15428
2023-12-15 12:50:43,34,36,7161,15433
2023-12-15 12:50:50,35,36,7161,15433
2023-12-15 12:50:50,35,37,7161,15634
2023-12-15 12:50:58,34,37,7161,15634
2023-12-15 12:51:01,35,37,7161,15634
2023-12-15 12:51:40,34,37,7161,15634
2023-12-15 12:52:08,35,37,7161,15634
2023-12-15 12:52:14,36,37,7161,15634
2023-12-15 12:52:18,37,40,7161,15635
2023-12-15 12:52:43,37,41,7161,15635
2023-12-15 12:52:45,38,41,7161,15635
2023-12-15 12:52:58,39,41,7161,15635
2023-12-15 12:52:58,39,42,7161,15635
2023-12-15 12:53:00,40,42,7161,15635
2023-12-15 12:53:19,40,43,7161,15635
2023-12-15 12:53:23,41,43,7161,15635
2023-12-15 12:53:30,41,44,7161,15635
2023-12-15 12:53:30,42,44,7161,15635
2023-12-15 12:53:32,41,44,7161,15635
2023-12-15 12:53:33,41,43,7161,15635
2023-12-15 12:53:45,40,43,7161,15635
2023-12-15 12:53:53,40,42,7161,15635
2023-12-15 12:53:58,40,43,7161,15635
2023-12-15 12:54:00,39,43,7161,15835
2023-12-15 12:54:01,39,42,7161,15835
2023-12-15 12:54:05,39,41,7161,15835
2023-12-15 12:54:14,39,42,7161,15835
2023-12-15 12:54:24,39,43,7161,15835
2023-12-15 12:54:26,39,42,7161,15835
2023-12-15 12:54:28,39,43,7161,15835
2023-12-15 12:54:29,39,42,7161,15835
2023-12-15 12:54:30,39,43,7161,15835
2023-12-15 12:54:30,40,43,7161,15835
2023-12-15 12:55:10,41,43,7161,15835
2023-12-15 12:55:12,42,43,7161,15835
2023-12-15 12:56:12,41,43,7161,15835
2023-12-15 12:56:37,42,43,7161,15835
2023-12-15 12:56:40,43,45,7161,15836
2023-12-15 12:56:42,44,45,7161,15836
2023-12-15 12:57:07,45,47,7161,15837
2023-12-15 12:57:07,44,47,7360,16036
2023-12-15 12:57:14,44,48,7360,16036
2023-12-15 12:57:14,46,48,7360,16036
2023-12-15 12:57:18,47,48,7360,16036
2023-12-15 12:57:18,47,48,7465,16141
2023-12-15 12:57:19,46,48,7465,16141
2023-12-15 12:57:49,47,48,7465,16141
2023-12-15 12:57:51,46,48,7465,16141
2023-12-15 12:57:53,47,48,7465,16141
2023-12-15 12:57:55,47,49,7465,16141
2023-12-15 12:57:56,47,48,7465,16141
2023-12-15 12:57:56,46,48,7465,16141
2023-12-15 12:58:07,47,48,7465,16141
2023-12-15 12:58:26,48,49,7465,16142
2023-12-15 12:58:28,48,50,7465,16142
2023-12-15 12:58:30,49,50,7465,16142
2023-12-15 12:58:32,48,50,7465,16342
2023-12-15 12:59:15,47,50,7465,16342
2023-12-15 12:59:18,47,49,7465,16342
2023-12-15 12:59:28,47,50,7465,16342
2023-12-15 12:59:30,48,50,7465,16342
2023-12-15 12:59:33,49,50,7465,16342
2023-12-15 12:59:35,50,51,7465,16343
2023-12-15 12:59:35,50,52,7465,16343
2023-12-15 12:59:35,50,51,7465,16343
2023-12-15 12:59:36,50,51,7466,16344
2023-12-15 12:59:36,50,52,7466,16344
2023-12-15 12:59:37,51,52,7466,16344
2023-12-15 12:59:37,50,52,7604,16482
2023-12-15 12:59:38,49,52,7604,16482
2023-12-15 12:59:46,49,51,7604,16482
2023-12-15 12:59:49,47,51,7604,16682
2023-12-15 12:59:59,48,51,7604,16682
2023-12-15 13:00:02,48,52,7604,16682
2023-12-15 13:00:05,48,51,7604,16682
2023-12-15 13:00:10,48,52,7604,16682
2023-12-15 13:00:26,48,51,7604,16682
2023-12-15 13:00:31,47,51,7604,16682
2023-12-15 13:00:42,47,50,7604,16682
2023-12-15 13:01:00,46,50,7804,16882
2023-12-15 13:01:00,46,49,7804,16882
2023-12-15 13:01:02,47,49,7804,16882
2023-12-15 13:01:03,47,50,7804,16882
2023-12-15 13:01:06,47,49,7804,16882
2023-12-15 13:01:12,47,50,7804,16882
2023-12-15 13:01:40,47,49,7804,16882
2023-12-15 13:01:42,47,50,7804,16882
2023-12-15 13:01:44,47,49,7804,16882
2023-12-15 13:01:57,47,48,7804,16882
2023-12-15 13:01:58,46,48,7804,16887
2023-12-15 13:02:05,46,49,7804,16887
2023-12-15 13:02:05,46,50,7804,16887
2023-12-15 13:02:05,46,49,7804,16887
2023-12-15 13:02:09,47,49,7804,16887
2023-12-15 13:02:17,47,50,7804,16887
2023-12-15 13:02:21,47,49,7804,16887
2023-12-15 13:02:36,47,50,7804,17078
2023-12-15 13:03:37,47,49,7804,17078
2023-12-15 13:03:41,47,48,7804,17078
2023-12-15 13:03:41,45,48,7809,17083
2023-12-15 13:03:41,45,47,7809,17083
2023-12-15 13:03:41,45,48,7809,17083
2023-12-15 13:03:45,45,47,7809,17083
2023-12-15 13:03:56,44,46,7809,17083
2023-12-15 13:03:57,44,47,7809,17083
2023-12-15 13:03:58,44,46,7809,17083
2023-12-15 13:04:06,44,47,7809,17083
2023-12-15 13:04:24,44,46,7809,17083
2023-12-15 13:04:28,44,47,7809,17083
2023-12-15 13:04:38,44,48,7811,17085
2023-12-15 13:04:38,45,48,7811,17085
2023-12-15 13:05:20,45,47,7811,17085
2023-12-15 13:05:36,45,46,7811,17085
2023-12-15 13:05:39,43,45,7811,17090
2023-12-15 13:05:41,42,45,7811,17090
2023-12-15 13:05:43,42,44,7811,17090
2023-12-15 13:06:05,42,45,7813,17092
2023-12-15 13:06:11,43,45,7813,17092
2023-12-15 13:06:25,43,46,7813,17093
2023-12-15 13:06:25,44,46,7813,17093
2023-12-15 13:06:26,44,47,7813,17093
2023-12-15 13:06:32,43,47,7813,17093
2023-12-15 13:06:34,43,46,7813,17093
2023-12-15 13:06:44,44,46,7813,17093
2023-12-15 13:06:47,43,46,7813,17093
2023-12-15 13:07:01,43,45,7813,17093
2023-12-15 13:07:14,43,44,7813,17093
2023-12-15 13:07:23,42,44,7813,17098
2023-12-15 13:07:24,42,43,7813,17098
2023-12-15 13:07:26,41,43,7813,17098
2023-12-15 13:07:51,41,43,7813,17298
2023-12-15 13:07:51,40,43,7813,17298
2023-12-15 13:07:51,40,42,7813,17298
2023-12-15 13:07:51,40,41,7813,17298
2023-12-15 13:07:52,40,42,8012,17497
2023-12-15 13:08:11,40,43,8012,17497
2023-12-15 13:08:15,40,42,8012,17497
2023-12-15 13:08:30,40,42,8028,17513
2023-12-15 13:08:33,40,43,8028,17513
2023-12-15 13:08:34,41,43,8028,17513
2023-12-15 13:08:44,42,43,8028,17513
2023-12-15 13:08:51,41,43,8028,17513
2023-12-15 13:08:56,42,43,8028,17513
2023-12-15 13:08:59,41,43,8028,17513
2023-12-15 13:09:01,42,43,8028,17513
2023-12-15 13:09:06,43,44,8028,17514
2023-12-15 13:09:09,43,46,8028,17514
2023-12-15 13:09:09,43,45,8028,17514
2023-12-15 13:09:14,43,46,8028,17514
2023-12-15 13:09:14,45,46,8028,17514
2023-12-15 13:09:15,45,47,8028,17721
2023-12-15 13:09:33,47,48,8028,17722
2023-12-15 13:09:46,45,48,8028,17927
2023-12-15 13:10:44,46,48,8028,17927
2023-12-15 13:11:04,47,48,8028,17927
2023-12-15 13:11:13,46,48,8028,17927
2023-12-15 13:11:16,47,48,8028,17927
2023-12-15 13:11:26,46,48,8028,17927
2023-12-15 13:13:06,46,47,8028,17927
2023-12-15 13:13:07,45,47,8028,17932
2023-12-15 13:13:15,45,48,8028,17932
2023-12-15 13:13:43,45,47,8028,17932
2023-12-15 13:13:48,44,47,8028,17937
2023-12-15 13:13:51,43,47,8028,17937
2023-12-15 13:13:51,43,46,8028,17937
2023-12-15 13:13:52,43,47,8028,17937
2023-12-15 13:13:53,44,47,8028,17937
2023-12-15 13:13:54,44,46,8028,17937
2023-12-15 13:13:55,44,47,8028,17937
2023-12-15 13:13:59,44,46,8028,17937
2023-12-15 13:14:00,44,47,8028,17937
2023-12-15 13:14:02,44,46,8028,17937
2023-12-15 13:14:03,43,46,8028,17942
2023-12-15 13:14:05,43,45,8028,17942
2023-12-15 13:14:06,42,45,8028,18442
2023-12-15 13:14:09,42,44,8028,18442
2023-12-15 13:14:12,41,44,8028,18442
2023-12-15 13:14:12,41,43,8028,18442
2023-12-15 13:14:19,41,44,8028,18643
2023-12-15 13:14:24,41,45,8028,18643
2023-12-15 13:14:24,41,44,8028,18643
2023-12-15 13:14:24,41,43,8028,18643
2023-12-15 13:14:27,41,44,8028,18643
2023-12-15 13:14:27,41,45,8028,18643
2023-12-15 13:14:27,41,44,8028,18643
2023-12-15 13:14:39,41,43,8028,18643
2023-12-15 13:15:03,41,43,8028,19143
2023-12-15 13:15:06,42,43,8028,19143
2023-12-15 13:15:20,43,45,8028,19144
2023-12-15 13:15:53,45,46,8028,19145
2023-12-15 13:16:17,47,48,8028,19147
2023-12-15 13:16:21,47,48,8036,19155
2023-12-15 13:16:21,47,48,8044,19163
2023-12-15 13:16:22,47,48,8052,19171
2023-12-15 13:16:24,46,48,8052,19345
2023-12-15 13:16:25,45,48,8052,19345
2023-12-15 13:16:52,45,47,8052,19345
2023-12-15 13:17:04,43,47,8052,19350
2023-12-15 13:17:06,43,46,8052,19350
2023-12-15 13:17:07,43,45,8052,19350
2023-12-15 13:17:15,43,44,8052,19350
2023-12-15 13:17:16,42,44,8052,19355
2023-12-15 13:17:17,41,44,8052,19355
2023-12-15 13:17:19,41,43,8052,19355
2023-12-15 13:17:20,41,42,8052,19355
2023-12-15 13:17:21,41,43,8052,19355
2023-12-15 13:17:23,41,42,8052,19355
2023-12-15 13:17:24,40,42,8052,19360
2023-12-15 13:17:25,40,43,8052,19360
2023-12-15 13:17:28,40,42,8052,19360
2023-12-15 13:17:56,40,41,8052,19360
2023-12-15 13:18:03,40,42,8052,19560
2023-12-15 13:18:15,41,42,8052,19560
2023-12-15 13:19:04,41,45,8052,19561
2023-12-15 13:19:06,42,45,8052,19561
2023-12-15 13:19:07,43,46,8052,19561
2023-12-15 13:19:53,43,45,8052,19561
2023-12-15 13:20:12,43,46,8052,19561
2023-12-15 13:20:32,43,45,8052,19561
2023-12-15 13:20:41,41,45,8052,19561
2023-12-15 13:20:43,41,44,8052,19561
2023-12-15 13:21:11,41,43,8052,19561
2023-12-15 13:21:21,41,42,8052,19561
2023-12-15 13:22:04,40,41,8052,19566
2023-12-15 13:22:04,39,40,8052,19571
2023-12-15 13:22:04,38,40,8052,19571
2023-12-15 13:22:06,38,41,8052,19766
2023-12-15 13:22:07,38,42,8052,19766
2023-12-15 13:22:09,39,42,8052,19766
2023-12-15 13:22:20,39,43,8052,19766
2023-12-15 13:22:22,40,43,8052,19766
2023-12-15 13:22:28,39,43,8052,19766
2023-12-15 13:22:43,40,43,8052,19766
2023-12-15 13:22:57,40,41,8052,19766
2023-12-15 13:23:09,38,41,8052,19771
2023-12-15 13:23:10,38,40,8052,19771
2023-12-15 13:23:14,37,40,8052,19771
2023-12-15 13:23:14,37,39,8052,19771
2023-12-15 13:23:17,36,39,8052,19771
2023-12-15 13:23:17,36,38,8052,19771
2023-12-15 13:23:18,36,39,8052,19771
2023-12-15 13:23:19,36,38,8052,19771
2023-12-15 13:23:35,36,37,8052,19771
2023-12-15 13:23:36,36,38,8052,19771
2023-12-15 13:23:43,36,37,8052,19771
2023-12-15 13:23:43,36,38,8052,19971
2023-12-15 13:23:50,36,38,8172,20091
2023-12-15 13:23:54,36,37,8172,20091
2023-12-15 13:23:54,35,37,8177,20096
2023-12-15 13:23:55,35,38,8177,20096
2023-12-15 13:23:56,35,37,8177,20096
2023-12-15 13:23:58,35,38,8177,20096
2023-12-15 13:23:59,35,37,8177,20096
2023-12-15 13:24:01,35,38,8177,20096
2023-12-15 13:24:05,36,38,8177,20096
2023-12-15 13:24:05,36,39,8177,20217
2023-12-15 13:24:10,37,39,8177,20217
2023-12-15 13:24:10,37,40,8177,20217
2023-12-15 13:24:12,37,39,8177,20217
2023-12-15 13:24:13,36,39,8177,20217
2023-12-15 13:24:17,36,38,8177,20217
2023-12-15 13:24:57,36,37,8177,20217
2023-12-15 13:25:03,35,37,8182,20222
2023-12-15 13:25:12,35,38,8182,20623
2023-12-15 13:25:12,36,38,8182,20623
2023-12-15 13:25:12,37,38,8182,20623
2023-12-15 13:25:12,37,38,8237,20678
2023-12-15 13:25:13,36,38,8237,20678
2023-12-15 13:25:31,35,38,8237,20678
2023-12-15 13:26:06,35,37,8237,20678
2023-12-15 13:26:06,34,37,8242,20683
2023-12-15 13:26:12,34,36,8242,20683
2023-12-15 13:26:13,33,36,8242,20683
2023-12-15 13:26:18,33,35,8242,20683
2023-12-15 13:26:24,32,35,8242,20683
2023-12-15 13:26:24,32,34,8242,20683
2023-12-15 13:26:32,32,35,8242,20683
2023-12-15 13:26:33,32,34,8242,20683
2023-12-15 13:27:44,32,35,8242,20684
2023-12-15 13:27:45,33,35,8242,20684
2023-12-15 13:27:57,33,37,8242,20685
2023-12-15 13:27:57,34,37,8242,20685
2023-12-15 13:27:57,34,38,8242,20685
2023-12-15 13:28:03,35,38,8242,20685
2023-12-15 13:28:05,36,38,8242,20685
2023-12-15 13:28:10,37,38,8242,20685
2023-12-15 13:28:25,38,40,8242,20686
2023-12-15 13:28:34,39,41,8242,20686
2023-12-15 13:28:43,39,40,8242,20686
2023-12-15 13:28:44,37,40,8242,20691
2023-12-15 13:28:48,37,39,8242,20691
2023-12-15 13:28:56,36,39,8242,20696
2023-12-15 13:28:59,36,38,8242,20696
2023-12-15 13:29:01,35,38,8242,20701
2023-12-15 13:29:06,35,37,8242,20701
2023-12-15 13:29:10,35,36,8242,20701
2023-12-15 13:29:11,33,36,8247,20706
2023-12-15 13:29:13,32,36,8247,20706
2023-12-15 13:29:14,32,34,8247,20706
2023-12-15 13:29:31,32,33,8247,20706
2023-12-15 13:29:33,32,34,8247,20706
2023-12-15 13:29:38,32,33,8247,20706
2023-12-15 13:29:43,31,33,8247,20711
2023-12-15 13:29:45,31,34,8247,20711
2023-12-15 13:29:46,31,33,8247,20711
2023-12-15 13:30:00,31,32,8247,20711
2023-12-15 13:30:03,31,33,8247,20711
2023-12-15 13:30:04,31,32,8247,20711
2023-12-15 13:30:21,29,31,8247,20716
2023-12-15 13:30:22,29,30,8247,20716
2023-12-15 13:30:27,28,30,8247,20716
2023-12-15 13:30:32,28,29,8247,20716
2023-12-15 13:30:33,27,29,8247,20716
2023-12-15 13:30:35,27,28,8247,20716
2023-12-15 13:30:36,27,29,8247,20916
2023-12-15 13:30:36,27,30,8247,20916
2023-12-15 13:30:48,27,29,8247,20916
2023-12-15 13:30:52,27,30,8247,20916
2023-12-15 13:30:52,27,29,8247,20916
2023-12-15 13:31:11,28,29,8247,20916
2023-12-15 13:31:11,28,30,8247,20917
2023-12-15 13:31:13,28,31,8247,20923
2023-12-15 13:31:15,28,32,8247,20923
2023-12-15 13:31:19,29,32,8247,20923
2023-12-15 13:31:27,30,32,8247,20923
2023-12-15 13:31:29,31,32,8247,20923
2023-12-15 13:31:29,31,35,8247,20924
2023-12-15 13:31:32,32,35,8247,20924
2023-12-15 13:31:45,32,34,8247,20924
2023-12-15 13:31:55,32,33,8247,20924
2023-12-15 13:31:55,30,33,8247,20929
2023-12-15 13:31:59,29,33,8247,20929
2023-12-15 13:32:07,29,32,8247,20929
2023-12-15 13:32:09,29,33,8247,20929
2023-12-15 13:32:10,29,32,8247,20929
2023-12-15 13:32:14,29,33,8247,20929
2023-12-15 13:32:15,29,32,8247,20929
2023-12-15 13:32:22,29,31,8247,20929
2023-12-15 13:32:22,28,31,8247,20929
2023-12-15 13:32:28,28,30,8247,20929
2023-12-15 13:32:31,28,31,8247,20929
2023-12-15 13:32:40,28,30,8247,20929
2023-12-15 13:32:45,28,31,8247,20929
2023-12-15 13:32:45,28,30,8247,20929
2023-12-15 13:32:55,29,30,8247,20929
2023-12-15 13:33:00,28,30,8247,20929
2023-12-15 13:33:22,29,30,8247,20929
2023-12-15 13:33:23,29,31,8247,20930
2023-12-15 13:33:24,30,31,8247,20930
2023-12-15 13:33:38,30,31,8261,20944
2023-12-15 13:33:39,29,31,8261,20944
2023-12-15 13:33:44,30,31,8261,20944
2023-12-15 13:33:49,29,31,8261,20944
2023-12-15 13:35:44,29,33,8261,20945
2023-12-15 13:35:44,30,33,8261,20945
2023-12-15 13:35:49,30,34,8261,20945
2023-12-15 13:35:51,30,35,8261,20945
2023-12-15 13:35:51,31,35,8261,20945
2023-12-15 13:35:54,32,35,8261,20945
2023-12-15 13:36:06,33,35,8261,20945
2023-12-15 13:36:07,35,37,8261,20946
2023-12-15 13:36:07,36,37,8461,21146
2023-12-15 13:36:07,36,37,8661,21346
2023-12-15 13:36:07,36,37,8721,21406
2023-12-15 13:36:07,36,38,8721,21406
2023-12-15 13:36:08,35,38,8721,21406
2023-12-15 13:36:08,34,38,8721,21406
2023-12-15 13:36:08,35,38,8721,21406
2023-12-15 13:36:08,36,38,8721,21406
2023-12-15 13:36:09,35,38,8721,21406
2023-12-15 13:36:10,36,38,8721,21406
2023-12-15 13:36:14,36,39,8721,21607
2023-12-15 13:36:15,35,39,8721,21607
2023-12-15 13:36:15,35,40,8721,21607
2023-12-15 13:36:15,36,40,8721,21607
2023-12-15 13:36:15,37,40,8721,21607
2023-12-15 13:36:22,38,40,8721,21607
2023-12-15 13:36:23,38,41,8721,21607
2023-12-15 13:36:32,37,41,8721,21612
2023-12-15 13:36:40,38,41,8721,21612
2023-12-15 13:37:00,39,41,8721,21612
2023-12-15 13:37:05,38,41,8721,21612
2023-12-15 13:37:09,39,41,8721,21612
2023-12-15 13:37:17,40,41,8721,21612
2023-12-15 13:37:20,41,42,8738,21630
2023-12-15 13:37:21,40,42,8738,21630
2023-12-15 13:38:04,41,42,8738,21630
2023-12-15 13:38:05,40,42,8738,21630
2023-12-15 13:38:08,41,42,8738,21630
2023-12-15 13:38:08,42,43,8738,21631
2023-12-15 13:38:09,43,44,8738,21632
2023-12-15 13:38:11,45,46,8738,21633
2023-12-15 13:38:11,45,47,8738,21633
2023-12-15 13:38:13,46,47,8738,21633
2023-12-15 13:38:14,46,47,9138,22033
2023-12-15 13:38:14,46,47,9333,22228
2023-12-15 13:38:14,45,46,9338,22233
2023-12-15 13:38:15,46,48,9338,22427
2023-12-15 13:38:18,45,48,9338,22427
2023-12-15 13:38:19,45,47,9338,22427
2023-12-15 13:38:20,45,48,9338,22427
2023-12-15 13:38:28,46,48,9338,22427
2023-12-15 13:38:37,45,48,9338,22427
2023-12-15 13:38:40,45,47,9338,22427
2023-12-15 13:38:41,44,47,9338,22427
2023-12-15 13:38:42,44,46,9338,22427
2023-12-15 13:38:49,43,46,9338,22427
2023-12-15 13:39:12,43,45,9338,22427
2023-12-15 13:39:13,42,45,9338,22427
2023-12-15 13:39:13,43,45,9338,22427
2023-12-15 13:39:14,43,44,9338,22427
2023-12-15 13:39:14,42,44,9338,22432
2023-12-15 13:39:22,42,45,9338,22432
2023-12-15 13:39:22,43,45,9338,22432
2023-12-15 13:39:23,43,44,9338,22432
2023-12-15 13:40:01,42,44,9338,22432
2023-12-15 13:40:01,44,47,9337,22433
2023-12-15 13:40:02,44,48,9337,22433
2023-12-15 13:40:02,45,48,9337,22433
2023-12-15 13:40:09,45,47,9337,22433
2023-12-15 13:40:09,44,47,9337,22433
2023-12-15 13:40:29,45,47,9337,22433
2023-12-15 13:40:30,45,48,9337,22433
2023-12-15 13:40:31,46,48,9337,22433
2023-12-15 13:40:35,45,48,9337,22433
2023-12-15 13:40:44,45,49,9337,22634
2023-12-15 13:40:44,45,49,9537,22834
2023-12-15 13:40:44,45,49,9737,23034
2023-12-15 13:40:44,44,49,9737,23034
2023-12-15 13:40:44,44,48,9737,23034
2023-12-15 13:40:44,44,50,9737,23034
2023-12-15 13:40:44,44,50,9737,23034
2023-12-15 13:40:44,44,50,9737,23034
2023-12-15 13:40:45,45,50,9737,23034
2023-12-15 13:40:45,46,50,9737,23034
2023-12-15 13:40:45,47,50,9737,23034
2023-12-15 13:40:45,48,50,9737,23034
2023-12-15 13:40:46,47,50,9737,23034
2023-12-15 13:40:46,48,50,9737,23034
2023-12-15 13:40:46,49,50,9737,23034
2023-12-15 13:40:50,48,50,9737,23034
2023-12-15 13:40:53,49,50,9737,23034
2023-12-15 13:40:54,50,52,9736,23035
2023-12-15 13:41:06,49,52,9736,23035
2023-12-15 13:41:11,49,51,9736,23035
2023-12-15 13:41:12,48,51,9736,23035
2023-12-15 13:41:13,48,50,9736,23035
2023-12-15 13:41:17,48,51,9736,23235
2023-12-15 13:41:18,48,51,9936,23435
2023-12-15 13:41:18,47,52,9936,23435
2023-12-15 13:41:18,47,53,9936,23435
2023-12-15 13:41:18,47,54,9936,23435
2023-12-15 13:41:18,47,53,9936,23435
2023-12-15 13:41:18,47,57,9936,23435
2023-12-15 13:41:18,47,56,9936,23435
2023-12-15 13:41:19,48,56,9936,23435
2023-12-15 13:41:19,49,56,9936,23435
2023-12-15 13:41:19,50,56,9936,23435
2023-12-15 13:41:20,50,57,9936,23435
2023-12-15 13:41:20,51,57,9936,23435
2023-12-15 13:41:20,52,57,9936,23435
2023-12-15 13:41:21,52,58,9936,23435
2023-12-15 13:41:21,52,58,9936,23435
2023-12-15 13:41:21,52,59,9936,23435
2023-12-15 13:41:21,53,59,9936,23435
2023-12-15 13:41:21,53,60,9936,23435
2023-12-15 13:41:21,54,60,9936,23435
2023-12-15 13:41:22,54,61,9936,23435
2023-12-15 13:41:22,55,61,9936,23435
2023-12-15 13:41:22,56,61,9936,23435
2023-12-15 13:41:23,57,61,9936,23435
2023-12-15 13:41:23,56,61,9936,23435
2023-12-15 13:41:24,57,61,9936,23435
2023-12-15 13:41:26,57,62,9936,23435
2023-12-15 13:41:26,58,62,9936,23435
2023-12-15 13:41:28,58,62,9436,23935
2023-12-15 13:41:28,58,61,9436,23935
2023-12-15 13:41:33,58,61,8936,24435
2023-12-15 13:41:34,57,61,8731,24640
2023-12-15 13:41:35,58,61,8731,24640
2023-12-15 13:41:35,58,62,8731,24640
2023-12-15 13:41:36,59,62,8731,24640
2023-12-15 13:41:37,59,63,8731,24640
2023-12-15 13:41:37,60,63,8731,24640
2023-12-15 13:41:39,60,64,8731,24640
2023-12-15 13:41:40,61,64,8731,24640
2023-12-15 13:41:41,61,65,8731,24640
2023-12-15 13:41:44,60,65,8731,25140
2023-12-15 13:41:44,60,64,8731,25140
2023-12-15 13:41:45,61,65,8731,25140
2023-12-15 13:41:45,61,63,8731,25140
2023-12-15 13:41:45,60,63,8731,25640
2023-12-15 13:41:45,61,63,8731,25640
2023-12-15 13:41:46,60,63,8731,26140
2023-12-15 13:41:48,59,63,8731,26640
2023-12-15 13:41:48,60,63,8731,26640
2023-12-15 13:41:51,59,63,8731,26640
2023-12-15 13:41:53,59,62,8731,26640
2023-12-15 13:42:01,58,62,8731,26640
2023-12-15 13:42:02,58,61,8731,26640
2023-12-15 13:42:04,57,61,8731,26640
2023-12-15 13:42:06,57,62,8731,26640
2023-12-15 13:42:06,57,60,8731,26640
2023-12-15 13:42:09,56,60,8731,26640
2023-12-15 13:42:12,56,61,8731,26640
2023-12-15 13:42:12,56,60,8731,26640
2023-12-15 13:42:12,56,59,8731,26640
2023-12-15 13:42:13,55,59,8731,26640
2023-12-15 13:42:15,56,59,8731,26640
2023-12-15 13:42:17,55,59,8731,26640
2023-12-15 13:42:18,56,59,8731,26640
2023-12-15 13:42:20,55,59,8731,26640
2023-12-15 13:42:21,55,60,8731,26640
2023-12-15 13:42:21,55,59,8731,26640
2023-12-15 13:42:21,55,58,8731,26640
2023-12-15 13:42:29,54,58,8731,26640
2023-12-15 13:42:33,55,58,8731,26640
2023-12-15 13:42:34,55,61,8731,26640
2023-12-15 13:42:34,54,61,8731,26640
2023-12-15 13:42:34,53,59,8731,26640
2023-12-15 13:42:46,53,61,8731,26640
2023-12-15 13:42:46,53,60,8731,26640
2023-12-15 13:42:46,53,58,8731,26640
2023-12-15 13:43:04,53,60,8731,26640
2023-12-15 13:43:10,53,63,8731,26640
2023-12-15 13:43:29,50,63,8731,26640
2023-12-15 13:43:37,55,63,8731,26640
2023-12-15 13:43:44,55,64,8731,26640
2023-12-15 13:43:50,55,65,8731,26640
2023-12-15 13:43:50,55,64,8731,26640
2023-12-15 13:43:57,52,64,8731,26640
2023-12-15 13:43:57,49,64,8731,26640
2023-12-15 13:43:57,46,64,8731,26640
2023-12-15 13:43:57,42,64,8731,26640
2023-12-15 13:43:58,54,64,8731,26640
2023-12-15 13:44:05,54,63,8731,26640
2023-12-15 13:44:05,54,62,8731,26640
2023-12-15 13:44:05,51,62,8731,26640
2023-12-15 13:44:05,48,62,8731,26640
2023-12-15 13:44:05,45,62,8731,26640
2023-12-15 13:44:05,42,62,8731,26640
2023-12-15 13:44:06,42,63,8731,26640
2023-12-15 13:44:06,42,62,8731,26640
2023-12-15 13:44:20,42,61,8731,26640
2023-12-15 13:44:26,40,61,8731,26640
2023-12-15 13:44:30,37,61,8731,26640
2023-12-15 13:44:32,54,61,8731,26640
2023-12-15 13:44:52,54,60,8731,26640
2023-12-15 13:45:38,54,59,8731,26640
2023-12-15 13:45:40,54,60,8731,26640
2023-12-15 13:45:41,54,60,8731,26640
2023-12-15 13:45:41,54,59,8731,26640
2023-12-15 13:45:46,54,60,8731,26640
2023-12-15 13:45:51,54,60,8731,26640
2023-12-15 13:46:01,54,59,8731,26640
2023-12-15 13:46:09,54,60,8731,26645
2023-12-15 13:47:27,54,59,8731,26645
2023-12-15 13:47:32,54,58,8731,26645
2023-12-15 13:47:37,54,57,8731,26645
2023-12-15 13:47:42,54,56,8731,26645
2023-12-15 13:47:44,54,57,8731,26650
2023-12-15 13:48:29,54,58,8731,26655
2023-12-15 13:48:54,54,56,8731,26655
2023-12-15 13:48:56,54,58,8742,26666
2023-12-15 13:49:33,54,57,8742,26666
2023-12-15 13:49:33,54,58,8742,26666
2023-12-15 13:49:34,54,57,8742,26666
2023-12-15 13:49:44,54,58,8742,26666
2023-12-15 13:49:52,54,57,8742,26666
2023-12-15 13:50:00,54,58,8742,26666
2023-12-15 13:50:02,54,57,8742,26666
2023-12-15 13:50:03,54,58,8742,26666
2023-12-15 13:50:06,54,57,8742,26666
2023-12-15 13:50:07,54,58,8742,26666
2023-12-15 13:50:11,54,57,8742,26666
2023-12-15 13:50:23,54,56,8742,26666
2023-12-15 13:50:28,54,57,8742,26666
2023-12-15 13:50:29,54,56,8742,26666
2023-12-15 13:50:30,54,57,8742,26666
2023-12-15 13:50:30,54,56,8742,26666
2023-12-15 13:50:31,54,57,8742,26666
2023-12-15 13:50:35,54,58,8742,26666
2023-12-15 13:50:46,54,57,8742,26666
2023-12-15 13:50:51,54,56,8742,26666
2023-12-15 13:51:00,54,55,8742,26666
2023-12-15 13:51:55,37,54,8742,26667
2023-12-15 13:51:58,37,53,8742,26667
2023-12-15 13:52:01,47,53,8742,26667
2023-12-15 13:52:08,44,53,8742,26667
2023-12-15 13:52:08,41,53,8742,26667
2023-12-15 13:52:08,38,53,8742,26667
2023-12-15 13:52:08,37,53,8742,26667
2023-12-15 13:52:09,46,53,8742,26667
2023-12-15 13:52:15,46,54,8742,26667
2023-12-15 13:52:18,46,55,8742,26667
2023-12-15 13:52:18,46,54,8742,26667
2023-12-15 13:52:19,46,55,8742,26667
2023-12-15 13:52:35,46,54,8742,26667
2023-12-15 13:52:40,46,55,8742,26667
2023-12-15 13:52:45,46,55,8742,27167
2023-12-15 13:52:52,46,56,8742,27167
2023-12-15 13:53:17,37,56,8742,27167
2023-12-15 13:53:44,50,56,8742,27167
2023-12-15 13:53:59,47,56,8742,27167
2023-12-15 13:53:59,44,56,8742,27167
2023-12-15 13:53:59,41,56,8742,27167
2023-12-15 13:53:59,37,56,8742,27167
2023-12-15 13:54:02,50,56,8742,27167
2023-12-15 13:54:17,50,57,8742,27172
2023-12-15 13:54:35,50,60,8742,27177
2023-12-15 13:54:39,50,64,8742,27177
2023-12-15 13:54:43,51,64,8742,27177
2023-12-15 13:54:49,51,62,8742,27177
2023-12-15 13:54:58,52,62,8742,27177
2023-12-15 13:55:05,52,61,8742,27177
2023-12-15 13:55:12,53,61,8742,27177
2023-12-15 13:55:17,53,60,8742,27177
2023-12-15 13:55:47,54,60,8742,27177
2023-12-15 13:57:11,55,60,8742,27177
2023-12-15 13:57:17,55,59,8742,27177
2023-12-15 13:57:18,55,60,8742,27182
2023-12-15 13:57:22,56,60,8742,27182
2023-12-15 13:57:28,58,60,8742,27182
2023-12-15 13:58:38,58,61,8742,27187
2023-12-15 13:59:47,59,61,8742,27187
2023-12-15 13:59:53,59,60,8742,27187
2023-12-15 14:00:01,59,61,8742,27192
2023-12-15 14:00:19,60,61,8742,27192
2023-12-15 14:00:36,60,61,8742,27692
2023-12-15 14:00:36,60,62,8742,27697
2023-12-15 14:01:49,60,63,8742,27807
2023-12-15 14:03:40,60,61,8742,27807
2023-12-15 14:03:47,59,60,8747,27812
2023-12-15 14:03:47,59,61,8747,27812
2023-12-15 14:03:47,59,61,8747,27812
2023-12-15 14:03:47,59,60,8747,27812
2023-12-15 14:03:48,59,61,8747,27812
2023-12-15 14:03:56,59,60,8747,27812
2023-12-15 14:03:58,59,61,8747,27812
2023-12-15 14:04:12,55,59,8747,27817
2023-12-15 14:04:21,52,59,8747,27817
2023-12-15 14:04:21,49,59,8747,27817
2023-12-15 14:04:21,46,59,8747,27817
2023-12-15 14:04:21,24,59,8747,27817
2023-12-15 14:04:23,56,59,8747,27817
2023-12-15 14:04:25,53,59,8747,27817
2023-12-15 14:04:25,50,59,8747,27817
2023-12-15 14:04:25,47,59,8747,27817
2023-12-15 14:04:25,24,59,8747,27817
2023-12-15 14:04:26,56,59,8747,27817
2023-12-15 14:04:29,53,59,8747,27817
2023-12-15 14:04:29,50,59,8747,27817
2023-12-15 14:04:29,47,59,8747,27817
2023-12-15 14:04:29,24,59,8747,27817
2023-12-15 14:04:30,55,59,8747,27817
2023-12-15 14:04:31,52,59,8747,27817
2023-12-15 14:04:31,49,59,8747,27817
2023-12-15 14:04:31,46,59,8747,27817
2023-12-15 14:04:31,24,59,8747,27817
2023-12-15 14:04:37,24,62,8747,28312
2023-12-15 14:04:38,24,63,8747,28312
2023-12-15 14:04:38,24,62,8747,28312
2023-12-15 14:04:39,24,63,8747,28312
2023-12-15 14:04:46,58,63,8747,28312
2023-12-15 14:04:51,55,63,8747,28312
2023-12-15 14:04:51,52,63,8747,28312
2023-12-15 14:04:51,49,63,8747,28312
2023-12-15 14:04:51,24,63,8747,28312
2023-12-15 14:04:52,56,63,8747,28312
2023-12-15 14:04:57,56,60,8747,28312
2023-12-15 14:04:58,56,63,8747,28712
2023-12-15 14:05:17,56,64,8747,28717
2023-12-15 14:05:49,57,64,8747,28717
2023-12-15 14:05:54,58,64,8747,28717
2023-12-15 14:05:59,59,64,8747,28717
2023-12-15 14:06:06,60,64,8747,28717
2023-12-15 14:06:12,61,64,8747,28717
2023-12-15 14:06:19,62,64,8747,28717
2023-12-15 14:06:19,60,64,8747,28721
2023-12-15 14:06:21,60,63,8747,28721
2023-12-15 14:06:25,60,64,8747,28721
2023-12-15 14:06:32,60,63,8747,28721
2023-12-15 14:07:18,60,62,8747,28721
2023-12-15 14:07:20,60,61,8747,28721
2023-12-15 14:07:24,60,62,8747,28721
2023-12-15 14:07:39,60,61,8747,28721
2023-12-15 14:07:41,59,61,8747,28723
2023-12-15 14:07:45,58,61,8749,28725
2023-12-15 14:07:47,58,60,8749,28725
2023-12-15 14:07:47,58,59,8749,28725
2023-12-15 14:07:50,57,59,8751,28727
2023-12-15 14:07:56,57,60,8751,28727
2023-12-15 14:08:02,57,61,8751,28727
2023-12-15 14:08:14,57,60,8751,28727
2023-12-15 14:08:16,57,61,8751,28727
2023-12-15 14:08:20,57,60,8751,28727
2023-12-15 14:08:29,57,59,8751,28727
2023-12-15 14:08:32,57,60,8751,28727
2023-12-15 14:08:33,57,59,8751,28727
2023-12-15 14:08:41,57,60,8751,28727
2023-12-15 14:08:45,57,61,8751,28727
2023-12-15 14:09:11,57,60,8751,28727
2023-12-15 14:09:15,57,61,8751,28727
2023-12-15 14:09:46,57,61,8751,28727
2023-12-15 14:09:59,57,61,8751,28727
2023-12-15 14:10:21,57,60,8751,28727
2023-12-15 14:10:23,57,61,8751,28727
2023-12-15 14:10:29,58,61,8751,28727
2023-12-15 14:10:42,58,60,8751,28727
2023-12-15 14:10:48,58,59,8751,28727
2023-12-15 14:10:49,58,60,8751,28732
2023-12-15 14:10:55,58,60,8751,28737
2023-12-15 14:11:25,58,59,8751,28737
2023-12-15 14:11:39,56,59,8751,28738
2023-12-15 14:11:47,56,58,8751,28738
2023-12-15 14:11:57,56,59,8751,28738
2023-12-15 14:12:04,56,58,8751,28738
2023-12-15 14:12:06,55,58,8751,28738
2023-12-15 14:12:06,55,57,8751,28738
2023-12-15 14:12:09,54,57,8751,28738
2023-12-15 14:12:14,54,56,8751,28738
2023-12-15 14:12:18,54,57,8751,28738
2023-12-15 14:12:18,54,56,8751,28738
2023-12-15 14:12:18,54,57,8751,28738
2023-12-15 14:12:20,54,56,8751,28738
2023-12-15 14:12:28,53,56,8751,28738
2023-12-15 14:12:28,53,55,8751,28738
2023-12-15 14:12:30,52,55,8751,28738
2023-12-15 14:12:34,53,55,8751,28738
2023-12-15 14:12:36,52,55,8751,28738
2023-12-15 14:12:38,52,54,8751,28738
2023-12-15 14:12:48,52,55,8751,28738
2023-12-15 14:13:00,52,54,8751,28738
2023-12-15 14:13:01,53,54,8751,28738
2023-12-15 14:13:01,53,56,8751,28738
2023-12-15 14:13:01,53,55,8751,28738
2023-12-15 14:13:16,53,56,8751,28738
2023-12-15 14:13:21,53,55,8751,28738
2023-12-15 14:13:22,53,56,8751,28738
2023-12-15 14:13:25,53,55,8751,28738
2023-12-15 14:13:26,53,56,8751,28738
2023-12-15 14:13:27,54,56,8751,28738
2023-12-15 14:13:39,54,57,8751,28743
2023-12-15 14:14:07,53,57,8751,28743
2023-12-15 14:14:11,53,56,8751,28743
2023-12-15 14:14:20,53,57,8751,28743
2023-12-15 14:15:22,53,57,8751,28743
2023-12-15 14:15:22,53,56,8751,28743
2023-12-15 14:15:38,52,56,8751,28743
2023-12-15 14:15:38,52,55,8751,28743
2023-12-15 14:15:40,52,56,8751,28743
2023-12-15 14:15:43,52,55,8751,28743
2023-12-15 14:16:03,51,55,8751,28743
2023-12-15 14:16:03,51,54,8751,28743
2023-12-15 14:16:19,50,54,8751,28743
2023-12-15 14:16:23,51,53,8751,28743
2023-12-15 14:16:23,51,54,8751,28743
2023-12-15 14:16:27,50,54,8751,28743
2023-12-15 14:16:27,50,53,8751,28743
2023-12-15 14:16:46,50,52,8751,28743
2023-12-15 14:16:46,49,52,8751,28743
2023-12-15 14:16:49,49,51,8751,28743
2023-12-15 14:16:52,48,51,8751,28743
2023-12-15 14:16:53,48,50,8751,28743
2023-12-15 14:16:57,48,51,8751,28943
2023-12-15 14:17:18,48,52,8751,28943
2023-12-15 14:17:19,49,52,8751,28943
2023-12-15 14:17:19,50,52,8751,28943
2023-12-15 14:17:20,50,52,8951,29143
2023-12-15 14:17:21,51,53,8951,29143
2023-12-15 14:17:25,50,53,8951,29143
2023-12-15 14:17:25,49,53,8951,29143
2023-12-15 14:17:25,49,52,8951,29143
2023-12-15 14:17:25,50,52,8951,29143
2023-12-15 14:17:28,49,52,8951,29143
2023-12-15 14:17:30,50,52,8951,29143
2023-12-15 14:17:34,49,52,8951,29143
2023-12-15 14:17:34,48,52,8951,29143
2023-12-15 14:17:34,49,52,8951,29143
2023-12-15 14:17:35,49,51,8951,29143
2023-12-15 14:17:36,48,51,8951,29143
2023-12-15 14:17:38,48,49,8951,29143
2023-12-15 14:17:44,48,50,8951,29343
2023-12-15 14:17:52,48,51,8951,29343
2023-12-15 14:18:01,49,51,8951,29343
2023-12-15 14:18:03,50,51,8951,29343
2023-12-15 14:18:03,50,52,8951,29343
2023-12-15 14:18:04,50,53,8951,29343
2023-12-15 14:18:10,49,53,8951,29343
2023-12-15 14:18:10,51,53,9151,29543
2023-12-15 14:18:14,50,53,9151,29543
2023-12-15 14:18:39,49,53,9151,29543
2023-12-15 14:18:39,48,53,9151,29543
2023-12-15 14:18:39,48,52,9151,29543
2023-12-15 14:18:39,49,52,9151,29543
2023-12-15 14:18:49,50,52,9151,29543
2023-12-15 14:18:54,49,52,9151,29543
2023-12-15 14:18:57,50,52,9151,29543
2023-12-15 14:19:02,50,53,9151,29543
2023-12-15 14:19:17,51,53,9151,29543
2023-12-15 14:19:19,50,53,9151,29543
2023-12-15 14:19:19,49,53,9151,29543
2023-12-15 14:19:19,50,53,9151,29543
2023-12-15 14:19:36,49,53,9151,29543
2023-12-15 14:19:36,51,53,9151,29543
2023-12-15 14:19:45,49,53,9151,29543
2023-12-15 14:19:45,50,53,9151,29543
2023-12-15 14:19:52,50,52,9151,29543
2023-12-15 14:19:54,50,53,9151,29543
2023-12-15 14:19:55,50,52,9151,29543
2023-12-15 14:19:56,50,53,9151,29543
2023-12-15 14:19:57,50,52,9151,29543
2023-12-15 14:20:05,50,53,9151,29543
2023-12-15 14:20:09,50,52,9151,29543
2023-12-15 14:20:10,50,53,9151,29543
2023-12-15 14:20:23,49,53,9151,29543
2023-12-15 14:20:23,51,53,9151,29543
2023-12-15 14:20:24,49,53,9151,29543
2023-12-15 14:20:24,50,53,9151,29543
2023-12-15 14:20:28,49,53,9151,29543
2023-12-15 14:20:28,51,53,9151,29543
2023-12-15 14:20:31,51,54,9151,29543
2023-12-15 14:20:31,51,53,9151,29543
2023-12-15 14:20:31,51,54,9151,29543
2023-12-15 14:20:40,50,54,9151,29543
2023-12-15 14:20:40,52,54,9151,29543
2023-12-15 14:20:51,52,55,9151,29543
2023-12-15 14:20:57,51,55,9151,29543
2023-12-15 14:20:57,51,56,9151,29543
2023-12-15 14:20:57,53,56,9151,29543
2023-12-15 14:21:02,52,56,9151,29543
2023-12-15 14:21:02,54,56,9151,29543
2023-12-15 14:21:07,52,56,9151,29543
2023-12-15 14:21:07,53,56,9151,29543
2023-12-15 14:21:11,53,55,9151,29543
2023-12-15 14:21:11,51,55,9151,29543
2023-12-15 14:21:11,52,55,9151,29543
2023-12-15 14:21:12,52,54,9151,29543
2023-12-15 14:21:18,50,54,9151,29543
2023-12-15 14:21:18,50,53,9151,29543
2023-12-15 14:21:18,51,53,9151,29543
2023-12-15 14:21:25,51,52,9151,29543
2023-12-15 14:21:29,51,53,9151,29543
2023-12-15 14:21:33,50,53,9151,29543
2023-12-15 14:21:33,52,54,9151,29543
2023-12-15 14:21:34,52,55,9151,29543
2023-12-15 14:21:35,51,55,9151,29543
2023-12-15 14:21:35,53,55,9151,29543
2023-12-15 14:21:42,51,55,9151,29543
2023-12-15 14:21:42,52,55,9151,29543
2023-12-15 14:21:45,52,54,9151,29543
2023-12-15 14:21:53,50,54,9151,29543
2023-12-15 14:21:53,51,54,9151,29543
2023-12-15 14:21:53,51,53,9151,29543
2023-12-15 14:21:54,51,54,9151,29543
2023-12-15 14:21:54,51,53,9151,29543
2023-12-15 14:22:00,51,54,9151,29543
2023-12-15 14:22:00,51,53,9151,29543
2023-12-15 14:22:04,51,53,9156,29548
2023-12-15 14:22:08,52,53,9156,29548
2023-12-15 14:22:11,51,53,9156,29548
2023-12-15 14:22:12,52,53,9156,29548
2023-12-15 14:22:14,52,54,9156,29548
2023-12-15 14:22:15,51,54,8756,29948
2023-12-15 14:22:17,52,54,8756,29948
2023-12-15 14:22:29,51,54,8756,29953
2023-12-15 14:22:49,51,53,8756,29953
2023-12-15 14:22:58,51,54,8756,29953
2023-12-15 14:22:58,51,53,8756,29953
2023-12-15 14:23:00,51,55,8756,29953
2023-12-15 14:23:02,51,55,8756,29953
2023-12-15 14:23:03,52,55,8756,29953
2023-12-15 14:23:03,52,56,8756,29953
2023-12-15 14:23:03,52,55,8756,29953
2023-12-15 14:23:04,52,56,8756,29953
2023-12-15 14:23:15,52,55,8756,29953
2023-12-15 14:23:17,52,56,8756,29953
2023-12-15 14:23:40,53,56,8756,29953
2023-12-15 14:23:47,52,56,8756,29953
2023-12-15 14:23:50,52,55,8756,29953
2023-12-15 14:23:52,52,56,8756,29953
2023-12-15 14:23:56,52,55,8756,29953
2023-12-15 14:23:57,52,56,8756,29953
2023-12-15 14:24:12,53,56,8756,29953
2023-12-15 14:24:13,53,57,8756,29953
2023-12-15 14:24:13,53,56,8756,29953
2023-12-15 14:24:13,53,57,8756,29953
2023-12-15 14:24:15,53,56,8756,29953
2023-12-15 14:24:18,52,56,8756,29953
2023-12-15 14:24:18,52,55,8756,29953
2023-12-15 14:24:27,52,56,8756,29953
2023-12-15 14:24:28,53,56,8756,29953
2023-12-15 14:24:28,53,56,8756,29953
2023-12-15 14:24:28,53,57,8756,29953
2023-12-15 14:24:31,54,57,8756,29953
2023-12-15 14:24:39,53,57,8756,29953
2023-12-15 14:24:45,53,56,8756,29953
2023-12-15 14:24:48,52,56,8756,29953
2023-12-15 14:24:54,53,56,8756,29953
2023-12-15 14:25:00,53,57,8756,29953
2023-12-15 14:25:01,54,57,8756,29953
2023-12-15 14:25:06,54,58,8756,29953
2023-12-15 14:25:07,55,58,8756,29953
2023-12-15 14:25:14,54,58,8756,29953
2023-12-15 14:25:14,54,57,8756,29953
2023-12-15 14:25:21,53,57,8756,29953
2023-12-15 14:25:21,53,56,8756,29953
2023-12-15 14:25:25,52,56,8756,29953
2023-12-15 14:25:25,52,55,8756,29953
2023-12-15 14:25:36,53,55,8756,29953
2023-12-15 14:25:39,53,54,8756,29953
2023-12-15 14:25:41,53,55,8756,29953
2023-12-15 14:25:42,54,55,8756,29953
2023-12-15 14:25:45,53,55,8756,29958
2023-12-15 14:25:47,53,55,8758,29960
2023-12-15 14:25:49,53,56,8758,29960
2023-12-15 14:25:56,54,56,8758,29960
2023-12-15 14:26:04,54,57,8758,29960
2023-12-15 14:26:05,55,57,8758,29960
2023-12-15 14:26:11,56,57,8758,29960
2023-12-15 14:26:13,56,58,8758,29960
2023-12-15 14:26:19,56,58,8763,29965
2023-12-15 14:26:28,57,58,8763,29965
2023-12-15 14:26:41,56,58,8763,29970
2023-12-15 14:26:45,56,57,8763,29970
2023-12-15 14:26:54,56,58,8763,29970
2023-12-15 14:27:05,56,59,8763,29970
2023-12-15 14:27:05,57,59,8763,29970
2023-12-15 14:27:19,56,59,8763,29970
2023-12-15 14:27:24,57,59,8763,29970
2023-12-15 14:27:29,56,59,8763,29970
2023-12-15 14:27:30,55,59,8756,29982
2023-12-15 14:27:34,55,58,8756,29982
2023-12-15 14:27:38,55,57,8756,29982
2023-12-15 14:27:43,54,57,8761,29987
2023-12-15 14:27:43,54,58,8761,29987
2023-12-15 14:27:44,55,57,8761,29987
2023-12-15 14:27:44,55,58,8761,29987
2023-12-15 14:27:44,55,57,8761,29987
2023-12-15 14:27:47,55,58,8761,29987
2023-12-15 14:27:47,55,57,8761,29987
2023-12-15 14:27:52,55,58,8761,29987
2023-12-15 14:28:05,56,58,8761,29987
2023-12-15 14:28:12,57,58,8761,29987
2023-12-15 14:28:12,57,60,8761,29987
2023-12-15 14:28:12,57,59,8761,29987
2023-12-15 14:28:18,56,59,8761,29987
2023-12-15 14:28:27,56,59,8766,29992
2023-12-15 14:28:33,58,59,8766,29992
2023-12-15 14:29:14,56,59,8771,29997
2023-12-15 14:29:21,56,58,8771,29997
2023-12-15 14:29:23,55,58,8771,29997
2023-12-15 14:29:24,55,57,8771,29997
2023-12-15 14:29:25,55,58,8771,29997
2023-12-15 14:29:25,55,59,8771,29997
2023-12-15 14:29:25,55,58,8771,29997
2023-12-15 14:29:26,55,59,8771,29997
2023-12-15 14:29:27,55,58,8771,29997
2023-12-15 14:29:35,55,59,8771,29997
2023-12-15 14:29:35,55,58,8771,29997
2023-12-15 14:29:36,55,59,8771,29997
2023-12-15 14:29:40,56,59,8771,29997
2023-12-15 14:29:46,56,60,8771,29997
2023-12-15 14:29:46,56,59,8771,29997
2023-12-15 14:29:50,57,59,8771,29997
2023-12-15 14:29:50,57,60,8771,29997
2023-12-15 14:29:50,57,59,8771,29997
2023-12-15 14:29:51,57,60,8771,29997
2023-12-15 14:29:54,58,60,8771,29997
2023-12-15 14:29:56,59,60,8771,29997
2023-12-15 14:29:57,59,62,8771,30002
2023-12-15 14:29:57,59,61,8771,30002
2023-12-15 14:30:08,58,61,8771,30002
2023-12-15 14:30:09,57,61,8771,30002
2023-12-15 14:30:09,57,60,8771,30002
2023-12-15 14:30:20,57,59,8771,30002
2023-12-15 14:30:22,56,59,8771,30002
2023-12-15 14:30:25,55,59,8771,30002
2023-12-15 14:30:25,55,58,8771,30002
2023-12-15 14:30:47,55,57,8771,30002
2023-12-15 14:30:50,55,58,8771,30002
2023-12-15 14:30:52,55,57,8771,30002
2023-12-15 14:30:55,54,57,8771,30002
2023-12-15 14:30:56,54,56,8771,30002
2023-12-15 14:31:04,54,57,8771,30002
2023-12-15 14:31:06,53,57,8771,30002
2023-12-15 14:31:19,53,56,8771,30002
2023-12-15 14:31:19,53,55,8771,30002
2023-12-15 14:31:23,52,55,8771,30002
2023-12-15 14:31:24,52,54,8771,30002
2023-12-15 14:31:24,52,55,8771,30202
2023-12-15 14:31:28,52,56,8771,30202
2023-12-15 14:31:31,53,56,8771,30202
2023-12-15 14:31:32,52,56,8771,30202
2023-12-15 14:31:38,52,55,8771,30202
2023-12-15 14:31:47,51,55,8771,30202
2023-12-15 14:31:48,51,54,8771,30402
2023-12-15 14:31:48,51,53,8771,30402
2023-12-15 14:31:48,49,52,8771,30402
2023-12-15 14:31:57,49,51,8771,30402
2023-12-15 14:31:57,48,51,8771,30402
2023-12-15 14:32:03,48,50,8771,30402
2023-12-15 14:32:04,47,50,8771,30402
2023-12-15 14:32:07,48,50,8771,30402
2023-12-15 14:32:07,48,51,8771,30402
2023-12-15 14:32:08,48,50,8771,30402
2023-12-15 14:32:10,47,50,8771,30402
2023-12-15 14:32:11,47,51,8771,30802
2023-12-15 14:32:11,48,51,8771,30802
2023-12-15 14:32:11,48,52,8771,30802
2023-12-15 14:32:13,49,52,8771,30802
2023-12-15 14:32:16,49,53,8771,30802
2023-12-15 14:32:17,51,53,8771,30802
2023-12-15 14:32:22,52,53,8771,30802
2023-12-15 14:32:23,52,54,8771,30802
2023-12-15 14:32:38,53,54,8771,30802
2023-12-15 14:32:38,53,55,8771,30802
2023-12-15 14:32:47,52,55,8771,31002
2023-12-15 14:32:48,51,55,8771,31002
2023-12-15 14:32:54,51,54,8771,31002
2023-12-15 14:32:55,50,54,8771,31002
2023-12-15 14:32:55,50,53,8771,31002
2023-12-15 14:32:59,49,53,8771,31002
2023-12-15 14:33:00,49,52,8771,31002
2023-12-15 14:33:04,49,53,8771,31002
2023-12-15 14:33:13,49,52,8771,31002
2023-12-15 14:33:21,48,52,8771,31002
2023-12-15 14:33:21,48,51,8771,31002
2023-12-15 14:33:23,47,51,8771,31502
2023-12-15 14:33:23,48,51,8771,31502
2023-12-15 14:33:27,47,51,8771,31502
2023-12-15 14:33:28,46,51,8771,32002
2023-12-15 14:33:28,47,51,8771,32002
2023-12-15 14:33:35,47,49,8771,32002
2023-12-15 14:33:36,46,49,8771,32002
2023-12-15 14:33:38,46,48,8771,32002
2023-12-15 14:33:42,45,48,8771,32002
2023-12-15 14:33:43,45,47,8771,32002
2023-12-15 14:33:44,45,48,8771,32002
2023-12-15 14:33:45,45,49,8771,32202
2023-12-15 14:33:45,45,48,8771,32202
2023-12-15 14:33:45,45,49,8771,32202
2023-12-15 14:33:46,46,49,8771,32202
2023-12-15 14:33:54,45,49,8771,32202
2023-12-15 14:33:55,45,50,8771,32202
2023-12-15 14:33:55,45,49,8771,32202
2023-12-15 14:33:55,45,48,8771,32202
2023-12-15 14:33:55,46,48,8771,32202
2023-12-15 14:34:03,45,48,8771,32207
2023-12-15 14:34:08,43,48,8771,32207
2023-12-15 14:34:08,43,47,8771,32207
2023-12-15 14:34:13,43,46,8771,32207
2023-12-15 14:34:16,42,46,8771,32207
2023-12-15 14:34:17,42,45,8771,32207
2023-12-15 14:34:21,41,45,8771,32207
2023-12-15 14:34:21,41,44,8771,32207
2023-12-15 14:34:29,41,44,8971,32707
2023-12-15 14:34:33,41,45,8971,32707
2023-12-15 14:34:35,42,45,8971,32707
2023-12-15 14:34:36,41,45,8971,32707
2023-12-15 14:34:41,43,45,8971,32707
2023-12-15 14:34:42,43,45,9211,33207
2023-12-15 14:34:43,43,46,9211,33207
2023-12-15 14:35:04,44,46,9211,33207
2023-12-15 14:35:05,43,46,9211,33207
2023-12-15 14:35:05,43,45,9211,33207
2023-12-15 14:35:06,42,45,9211,33207
2023-12-15 14:35:09,41,45,9211,33207
2023-12-15 14:35:09,42,45,9211,33207
2023-12-15 14:35:19,41,45,9211,33207
2023-12-15 14:35:20,42,45,9211,33207
2023-12-15 14:35:22,41,45,9211,33207
2023-12-15 14:35:24,41,46,9211,33207
2023-12-15 14:35:24,41,45,9211,33207
2023-12-15 14:35:24,41,44,9211,33207
2023-12-15 14:35:26,40,44,9211,33207
2023-12-15 14:35:27,40,43,9211,33207
2023-12-15 14:35:32,40,42,9211,33207
2023-12-15 14:35:37,39,42,9211,33212
2023-12-15 14:35:38,38,42,9211,33212
2023-12-15 14:35:38,39,42,9211,33212
2023-12-15 14:35:39,38,42,9211,33212
2023-12-15 14:35:40,39,42,9211,33212
2023-12-15 14:35:42,39,43,9211,33212
2023-12-15 14:35:51,40,43,9211,33212
2023-12-15 14:35:51,40,43,9211,33212
2023-12-15 14:35:54,40,44,9211,33212
2023-12-15 14:35:58,40,41,9211,33212
2023-12-15 14:35:58,40,44,9220,33221
2023-12-15 14:36:06,40,43,9220,33221
2023-12-15 14:36:06,39,43,9220,33221
2023-12-15 14:36:09,39,42,9220,33221
2023-12-15 14:36:15,39,41,9220,33221
2023-12-15 14:36:21,39,42,9220,33221
2023-12-15 14:36:26,39,42,9220,33721
2023-12-15 14:36:29,40,42,9220,33721
2023-12-15 14:36:31,39,42,9220,33721
2023-12-15 14:36:32,40,42,9220,33721
2023-12-15 14:36:37,40,43,9220,33721
2023-12-15 14:36:37,40,44,9220,33721
2023-12-15 14:36:37,40,43,9220,33721
2023-12-15 14:36:38,40,42,9220,33721
2023-12-15 14:36:39,39,42,9220,33721
2023-12-15 14:36:57,39,43,9220,33721
2023-12-15 14:36:57,39,42,9220,33721
2023-12-15 14:36:57,39,41,9220,33721
2023-12-15 14:37:04,39,42,9220,33721
2023-12-15 14:37:04,39,43,9220,33721
2023-12-15 14:37:04,39,42,9220,33721
2023-12-15 14:37:07,39,43,9220,33721
2023-12-15 14:37:07,39,42,9220,33721
2023-12-15 14:37:07,39,41,9220,33721
2023-12-15 14:37:12,40,41,9220,33721
2023-12-15 14:37:13,40,42,9220,33721
2023-12-15 14:37:13,40,43,9220,33721
2023-12-15 14:37:13,40,42,9220,33721
2023-12-15 14:37:13,39,42,9220,33721
2023-12-15 14:37:24,40,42,9220,33721
2023-12-15 14:37:28,40,43,9220,33721
2023-12-15 14:37:28,40,44,9220,33721
2023-12-15 14:37:28,40,43,9220,33721
2023-12-15 14:37:31,40,44,9220,33721
2023-12-15 14:37:31,40,43,9220,33721
2023-12-15 14:37:31,40,42,9220,33721
2023-12-15 14:37:32,39,42,9220,33721
2023-12-15 14:37:48,39,41,9220,33721
2023-12-15 14:38:13,37,41,9220,33721
2023-12-15 14:38:19,37,40,9220,33721
2023-12-15 14:38:21,37,41,9220,33721
2023-12-15 14:38:21,38,41,9220,33721
2023-12-15 14:38:33,39,41,9220,33721
2023-12-15 14:38:36,38,41,9220,33721
2023-12-15 14:38:38,39,41,9220,33721
2023-12-15 14:38:39,38,41,9220,33721
2023-12-15 14:39:04,39,41,9220,33721
2023-12-15 14:39:04,39,42,9220,33726
2023-12-15 14:39:07,39,41,9220,33726
2023-12-15 14:39:08,38,41,9220,33726
2023-12-15 14:39:12,39,41,9220,33726
2023-12-15 14:39:13,39,42,9220,33726
2023-12-15 14:39:15,39,43,9220,34071
2023-12-15 14:39:20,41,43,9220,34071
2023-12-15 14:39:32,42,43,9220,34071
2023-12-15 14:39:36,44,45,9220,34081
2023-12-15 14:39:36,44,46,9220,34081
2023-12-15 14:39:36,44,45,9220,34081
2023-12-15 14:39:36,44,46,9220,34081
2023-12-15 14:39:40,42,46,9220,34281
2023-12-15 14:39:41,43,46,9220,34281
2023-12-15 14:40:02,42,46,9220,34281
2023-12-15 14:40:03,41,46,9220,34281
2023-12-15 14:40:03,41,45,9220,34281
2023-12-15 14:40:16,42,45,9220,34281
2023-12-15 14:40:18,42,46,9220,34281
2023-12-15 14:40:23,43,46,9220,34281
2023-12-15 14:40:24,42,46,9220,34281
2023-12-15 14:40:25,43,46,9220,34281
2023-12-15 14:40:26,42,46,9220,34281
2023-12-15 14:40:28,43,46,9220,34281
2023-12-15 14:40:35,44,46,9220,34281
2023-12-15 14:40:38,46,48,9220,34286
2023-12-15 14:40:40,47,48,9220,34286
2023-12-15 14:40:44,46,48,9220,34286
2023-12-15 14:40:46,46,49,9220,34286
2023-12-15 14:40:54,44,49,9220,34286
2023-12-15 14:40:59,44,48,9220,34286
2023-12-15 14:41:01,44,49,9220,34286
2023-12-15 14:41:03,45,49,9220,34286
2023-12-15 14:41:06,44,49,9220,34286
2023-12-15 14:41:08,44,48,9220,34286
2023-12-15 14:41:11,45,48,9220,34286
2023-12-15 14:41:11,45,49,9220,34286
2023-12-15 14:41:13,44,49,9220,34286
2023-12-15 14:41:13,45,49,9220,34286
2023-12-15 14:41:14,45,48,9220,34286
2023-12-15 14:41:15,44,48,9220,34291
2023-12-15 14:41:19,44,47,9220,34291
2023-12-15 14:41:20,44,48,9220,34291
2023-12-15 14:41:22,44,47,9220,34291
2023-12-15 14:41:27,44,46,9220,34291
2023-12-15 14:41:28,44,45,9220,34291
2023-12-15 14:41:28,43,45,9220,34296
2023-12-15 14:41:30,44,45,9220,34296
2023-12-15 14:41:30,43,45,9225,34301
2023-12-15 14:41:32,42,45,9225,34306
2023-12-15 14:41:36,41,45,9225,34306
2023-12-15 14:41:48,41,43,9225,34306
2023-12-15 14:41:49,40,43,9225,34306
2023-12-15 14:41:49,40,42,9225,34306
2023-12-15 14:41:52,39,42,9225,34306
2023-12-15 14:41:53,39,41,9225,34306
2023-12-15 14:41:58,38,41,9225,34306
2023-12-15 14:41:59,39,41,9225,34306
2023-12-15 14:42:02,38,41,9225,34311
2023-12-15 14:42:03,37,41,9225,34311
2023-12-15 14:42:03,37,39,9225,34311
2023-12-15 14:42:11,37,41,9225,34511
2023-12-15 14:42:11,37,40,9225,34511
2023-12-15 14:42:14,39,40,9225,34511
2023-12-15 14:42:14,37,40,9230,34516
2023-12-15 14:42:17,36,40,9230,34516
2023-12-15 14:42:17,36,39,9230,34516
2023-12-15 14:42:18,35,39,9230,34516
2023-12-15 14:42:18,35,37,9230,34516
2023-12-15 14:42:20,34,37,9230,34516
2023-12-15 14:42:20,34,36,9230,34516
2023-12-15 14:42:22,33,36,9230,34516
2023-12-15 14:42:23,33,35,9230,34516
2023-12-15 14:42:24,33,36,9255,34741
2023-12-15 14:42:25,33,37,9255,34741
2023-12-15 14:42:25,33,36,9255,34741
2023-12-15 14:42:27,33,36,9255,34851
2023-12-15 14:42:45,33,36,9755,35351
2023-12-15 14:42:45,33,37,9755,35351
2023-12-15 14:42:45,33,36,9755,35351
2023-12-15 14:42:45,33,37,9755,35351
2023-12-15 14:42:48,33,39,9755,35351
2023-12-15 14:42:48,34,39,9755,35351
2023-12-15 14:42:48,34,38,9755,35351
2023-12-15 14:42:55,35,38,9755,35351
2023-12-15 14:42:55,35,40,9755,35461
2023-12-15 14:42:55,35,39,9755,35461
2023-12-15 14:42:56,37,39,9755,35461
2023-12-15 14:42:56,37,41,9755,35461
2023-12-15 14:43:00,38,40,9755,35461
2023-12-15 14:43:00,38,41,9755,35461
2023-12-15 14:43:20,37,41,9755,35461
2023-12-15 14:43:21,37,40,9755,35461
2023-12-15 14:43:21,37,39,9755,35461
2023-12-15 14:43:21,36,39,9755,35666
2023-12-15 14:43:24,35,39,9755,35666
2023-12-15 14:43:33,34,39,9755,35666
2023-12-15 14:43:33,34,38,9755,35666
2023-12-15 14:43:33,34,37,9755,35666
2023-12-15 14:43:37,34,38,9755,35666
2023-12-15 14:43:37,34,37,9755,35666
2023-12-15 14:43:52,34,38,9755,35666
2023-12-15 14:43:56,34,37,9755,35666
2023-12-15 14:43:57,34,38,9755,35666
2023-12-15 14:43:57,34,37,9755,35666
2023-12-15 14:43:59,34,38,9755,35666
2023-12-15 14:44:02,34,37,9755,35666
2023-12-15 14:44:13,34,38,9755,35866
2023-12-15 14:44:16,35,38,9755,35866
2023-12-15 14:44:21,34,39,9755,35866
2023-12-15 14:44:25,34,38,9755,35866
2023-12-15 14:45:13,34,36,9755,35866
2023-12-15 14:45:29,34,37,9755,35866
2023-12-15 14:45:37,34,38,9755,35866
2023-12-15 14:45:37,34,37,9755,35866
2023-12-15 14:45:56,34,38,9755,35866
2023-12-15 14:46:04,34,39,9755,35866
2023-12-15 14:46:04,34,38,9755,35866
2023-12-15 14:46:08,36,38,9755,35866
2023-12-15 14:46:08,36,40,9755,35866
2023-12-15 14:46:08,36,39,9755,35866
2023-12-15 14:46:10,36,40,9755,35866
2023-12-15 14:46:12,36,41,9755,35866
2023-12-15 14:46:12,37,41,9755,35866
2023-12-15 14:46:12,37,40,9755,35866
2023-12-15 14:46:15,37,41,9755,35866
2023-12-15 14:46:17,36,41,9755,35866
2023-12-15 14:46:17,36,40,9755,35866
2023-12-15 14:46:26,34,40,9755,35866
2023-12-15 14:46:35,34,39,9755,35866
2023-12-15 14:46:41,34,40,9755,35866
2023-12-15 14:46:41,34,39,9755,35866
2023-12-15 14:46:42,34,40,9755,35866
2023-12-15 14:46:48,36,40,9755,35866
2023-12-15 14:46:52,36,41,9755,35866
2023-12-15 14:46:52,36,40,9755,35866
2023-12-15 14:46:54,36,41,9755,35866
2023-12-15 14:46:54,37,41,9755,35866
2023-12-15 14:46:55,36,41,9755,35866
2023-12-15 14:46:58,36,40,9755,35866
2023-12-15 14:46:58,38,40,9755,35866
2023-12-15 14:46:59,36,40,9755,35866
2023-12-15 14:47:00,36,41,9755,35866
2023-12-15 14:47:00,36,40,9755,35866
2023-12-15 14:47:02,37,40,9755,35866
2023-12-15 14:47:02,37,41,9755,35866
2023-12-15 14:47:10,36,41,9755,35866
2023-12-15 14:47:10,36,40,9755,35866
2023-12-15 14:47:13,36,41,9755,35866
2023-12-15 14:47:16,37,41,9755,35866
2023-12-15 14:47:22,39,41,9755,35866
2023-12-15 14:47:22,39,42,9755,35866
2023-12-15 14:47:22,39,43,9755,35866
2023-12-15 14:47:22,39,41,9755,35866
2023-12-15 14:47:22,39,43,9755,35866
2023-12-15 14:47:26,40,43,9755,35866
2023-12-15 14:47:29,39,43,9755,35866
2023-12-15 14:47:30,39,44,9755,35866
2023-12-15 14:47:30,40,44,9755,35866
2023-12-15 14:47:30,40,43,9755,35866
2023-12-15 14:47:31,40,44,9755,35866
2023-12-15 14:47:41,39,44,9755,35866
2023-12-15 14:47:42,39,43,9755,35866
2023-12-15 14:47:49,39,44,9755,35866
2023-12-15 14:47:51,40,44,9755,35866
2023-12-15 14:47:52,40,45,9755,35866
2023-12-15 14:47:52,40,44,9755,35866
2023-12-15 14:47:53,40,45,9755,35866
2023-12-15 14:47:55,40,44,9755,35866
2023-12-15 14:47:58,40,45,9755,35866
2023-12-15 14:48:00,40,46,9755,35866
2023-12-15 14:48:00,41,46,9755,35866
2023-12-15 14:48:00,41,45,9755,35866
2023-12-15 14:48:01,41,46,9755,35866
2023-12-15 14:48:08,40,46,9755,35866
2023-12-15 14:48:08,40,45,9755,35866
2023-12-15 14:48:10,40,44,9755,35866
2023-12-15 14:48:13,39,44,9755,35866
2023-12-15 14:48:14,39,43,9755,35866
2023-12-15 14:48:15,38,43,9755,35866
2023-12-15 14:48:19,38,42,9755,35866
2023-12-15 14:48:24,37,42,9755,35866
2023-12-15 14:48:27,37,40,9755,35866
2023-12-15 14:48:29,36,40,9755,35866
2023-12-15 14:48:30,37,40,9755,35866
2023-12-15 14:48:49,39,40,9755,35866
2023-12-15 14:48:53,37,40,9755,35866
