datetime,bid,ask,open_interest,volume
2023-12-01 09:30:00,11,22,6,6
2023-12-01 09:30:01,0,22,6,6
2023-12-01 09:30:01,0,42,6,6
2023-12-01 09:30:05,0,100,6,6
2023-12-01 09:30:05,0,99,6,6
2023-12-01 09:30:09,0,98,6,6
2023-12-01 09:30:09,0,97,6,6
2023-12-01 09:30:32,10,97,6,6
2023-12-01 09:30:32,12,97,6,6
2023-12-01 09:30:32,12,22,6,6
2023-12-01 09:31:00,12,19,6,6
2023-12-01 09:31:00,14,19,6,6
2023-12-01 09:31:00,15,19,6,6
2023-12-01 09:31:00,16,19,6,6
2023-12-01 09:31:01,16,18,6,6
2023-12-01 09:31:03,15,18,6,6
2023-12-01 09:31:07,15,17,6,6
2023-12-01 09:31:12,15,18,6,6
2023-12-01 09:31:13,16,18,6,6
2023-12-01 09:31:15,15,18,6,6
2023-12-01 09:31:16,15,17,6,6
2023-12-01 09:31:22,14,17,6,6
2023-12-01 09:31:28,15,17,6,6
2023-12-01 09:31:44,14,17,6,6
2023-12-01 09:31:44,15,17,6,6
2023-12-01 09:32:01,15,18,6,6
2023-12-01 09:32:06,16,18,6,6
2023-12-01 09:32:07,16,19,6,6
2023-12-01 09:32:10,16,18,6,6
2023-12-01 09:32:13,16,19,6,6
2023-12-01 09:32:17,16,18,6,6
2023-12-01 09:32:18,16,19,6,6
2023-12-01 09:32:30,17,19,6,6
2023-12-01 09:32:39,17,20,6,6
2023-12-01 09:32:47,18,20,6,6
2023-12-01 09:32:50,19,20,6,6
2023-12-01 09:33:13,19,21,6,6
2023-12-01 09:33:49,18,21,6,6
2023-12-01 09:33:50,18,20,6,6
2023-12-01 09:33:51,18,21,6,6
2023-12-01 09:34:11,20,21,6,6
2023-12-01 09:34:18,20,22,6,6
2023-12-01 09:34:27,21,22,6,6
2023-12-01 09:34:28,21,23,6,6
2023-12-01 09:35:07,22,23,6,6
2023-12-01 09:35:12,22,24,6,6
2023-12-01 09:35:32,23,24,6,6
2023-12-01 09:35:41,23,25,6,6
2023-12-01 09:36:05,22,25,6,6
2023-12-01 09:36:19,22,24,6,6
2023-12-01 09:36:37,22,24,126,126
2023-12-01 09:36:39,21,24,126,126
2023-12-01 09:36:40,21,23,126,126
2023-12-01 09:36:52,21,23,176,176
2023-12-01 09:36:53,20,23,176,176
2023-12-01 09:36:53,20,22,176,176
2023-12-01 09:37:09,20,21,176,176
2023-12-01 09:37:10,20,21,236,236
2023-12-01 09:37:12,19,21,236,236
2023-12-01 09:38:05,20,21,236,236
2023-12-01 09:38:05,20,22,236,236
2023-12-01 09:38:21,19,22,236,236
2023-12-01 09:38:24,19,21,236,236
2023-12-01 09:38:37,19,22,236,236
2023-12-01 09:38:37,19,21,236,236
2023-12-01 09:39:13,19,20,236,236
2023-12-01 09:39:53,18,20,236,236
2023-12-01 09:39:53,18,19,236,236
2023-12-01 09:39:57,18,19,316,316
2023-12-01 09:40:12,17,19,436,436
2023-12-01 09:40:20,17,18,436,436
2023-12-01 09:40:22,17,18,496,496
2023-12-01 09:40:30,16,18,496,496
2023-12-01 09:40:43,16,19,496,496
2023-12-01 09:40:44,16,18,496,496
2023-12-01 09:40:45,16,19,496,496
2023-12-01 09:40:46,16,18,496,496
2023-12-01 09:41:13,16,18,516,516
2023-12-01 09:41:14,16,17,516,516
2023-12-01 09:41:18,15,17,516,516
2023-12-01 09:41:49,16,17,516,516
2023-12-01 09:41:54,16,18,516,516
2023-12-01 09:42:14,15,18,516,516
2023-12-01 09:42:17,16,18,516,516
2023-12-01 09:42:25,16,19,516,516
2023-12-01 09:42:25,16,18,516,516
2023-12-01 09:43:01,15,18,516,516
2023-12-01 09:43:02,15,17,516,516
2023-12-01 09:43:14,15,16,516,516
2023-12-01 09:44:17,15,16,516,766
2023-12-01 09:46:09,15,16,516,966
2023-12-01 09:49:34,15,17,516,966
2023-12-01 09:49:35,15,18,516,966
2023-12-01 09:49:36,15,17,516,966
2023-12-01 09:49:53,15,18,516,966
2023-12-01 09:50:05,15,17,516,966
2023-12-01 09:50:27,15,18,516,966
2023-12-01 09:50:29,16,18,516,966
2023-12-01 09:50:51,17,18,516,966
2023-12-01 09:50:53,17,19,656,1166
2023-12-01 09:51:12,17,18,656,1166
2023-12-01 09:51:20,16,18,656,1166
2023-12-01 09:52:02,16,18,656,1226
2023-12-01 09:52:09,15,18,656,1226
2023-12-01 09:52:12,16,18,656,1226
2023-12-01 09:52:16,15,18,656,1226
2023-12-01 09:52:26,16,18,656,1226
2023-12-01 09:52:29,15,18,656,1226
2023-12-01 09:52:31,15,17,656,1226
2023-12-01 09:52:52,15,18,656,1226
2023-12-01 09:53:19,16,18,656,1226
2023-12-01 09:53:51,16,19,656,1226
2023-12-01 09:53:56,16,18,656,1226
2023-12-01 09:54:00,15,18,656,1226
2023-12-01 09:54:31,15,17,656,1226
2023-12-01 09:54:53,15,18,656,1226
2023-12-01 09:54:55,15,17,656,1226
2023-12-01 09:55:20,15,18,656,1226
2023-12-01 09:55:36,16,18,656,1226
2023-12-01 09:56:18,15,18,656,1226
2023-12-01 09:56:22,16,18,656,1226
2023-12-01 09:56:24,15,18,656,1226
2023-12-01 09:56:35,16,18,656,1226
2023-12-01 09:56:37,15,18,656,1226
2023-12-01 09:56:38,16,18,656,1226
2023-12-01 09:56:52,15,18,656,1226
2023-12-01 09:57:11,16,18,656,1226
2023-12-01 09:57:38,15,18,656,1226
2023-12-01 09:57:48,16,18,656,1226
2023-12-01 09:57:55,16,19,656,1226
2023-12-01 09:58:26,17,19,656,1226
2023-12-01 10:00:00,17,19,856,1426
2023-12-01 10:00:00,15,18,856,1426
2023-12-01 10:00:01,15,17,856,1426
2023-12-01 10:00:03,15,16,856,1426
2023-12-01 10:00:05,15,17,856,1426
2023-12-01 10:00:05,16,17,856,1426
2023-12-01 10:00:05,16,18,856,1426
2023-12-01 10:00:05,16,17,856,1426
2023-12-01 10:00:07,16,18,856,1426
2023-12-01 10:00:07,17,18,856,1426
2023-12-01 10:00:11,16,18,856,1426
2023-12-01 10:00:11,16,17,856,1426
2023-12-01 10:00:16,16,18,856,1426
2023-12-01 10:00:16,17,18,856,1426
2023-12-01 10:00:16,17,19,856,1426
2023-12-01 10:00:16,17,18,856,1426
2023-12-01 10:00:20,16,18,856,1426
2023-12-01 10:00:20,16,17,856,1426
2023-12-01 10:00:45,16,18,856,1426
2023-12-01 10:00:45,16,19,856,1426
2023-12-01 10:00:45,16,18,856,1426
2023-12-01 10:00:51,17,18,856,1426
2023-12-01 10:00:53,17,19,856,1426
2023-12-01 10:00:55,17,18,856,1426
2023-12-01 10:01:00,16,18,856,1426
2023-12-01 10:01:01,16,19,856,1426
2023-12-01 10:01:01,16,18,856,1426
2023-12-01 10:01:01,16,17,856,1426
2023-12-01 10:01:22,15,17,856,1426
2023-12-01 10:01:22,15,18,856,1426
2023-12-01 10:01:22,15,16,856,1426
2023-12-01 10:01:25,15,18,856,1426
2023-12-01 10:01:25,16,18,856,1426
2023-12-01 10:01:25,16,17,856,1426
2023-12-01 10:01:26,15,17,856,1426
2023-12-01 10:01:26,15,18,856,1426
2023-12-01 10:01:26,15,16,856,1426
2023-12-01 10:01:43,15,16,906,1486
2023-12-01 10:01:45,15,16,906,1626
2023-12-01 10:01:46,15,16,906,1686
2023-12-01 10:01:48,15,16,956,1806
2023-12-01 10:01:49,14,16,956,1806
2023-12-01 10:01:49,14,15,956,1806
2023-12-01 10:01:53,14,15,1016,1866
2023-12-01 10:01:56,14,15,1076,1926
2023-12-01 10:01:58,13,15,1076,1926
2023-12-01 10:01:58,13,14,1076,1926
2023-12-01 10:02:01,13,15,1076,1926
2023-12-01 10:02:03,13,14,1076,1926
2023-12-01 10:02:08,13,14,1196,2046
2023-12-01 10:02:16,12,14,1276,2126
2023-12-01 10:02:17,12,13,1276,2126
2023-12-01 10:02:18,12,14,1276,2126
2023-12-01 10:02:19,12,13,1276,2126
2023-12-01 10:02:24,12,13,1333,2183
2023-12-01 10:02:28,12,13,1340,2190
2023-12-01 10:02:29,12,13,1347,2197
2023-12-01 10:02:31,12,13,1354,2204
2023-12-01 10:02:33,12,13,1361,2211
2023-12-01 10:02:35,12,13,1488,2338
2023-12-01 10:02:36,11,13,1676,2526
2023-12-01 10:02:37,11,12,1676,2526
2023-12-01 10:02:54,10,12,1676,2526
2023-12-01 10:03:00,11,12,1676,2526
2023-12-01 10:03:00,11,13,1676,2526
2023-12-01 10:03:05,11,13,1678,2528
2023-12-01 10:03:06,12,13,1678,2528
2023-12-01 10:03:09,12,14,1678,2528
2023-12-01 10:03:11,12,13,1678,2528
2023-12-01 10:03:12,12,14,1678,2528
2023-12-01 10:03:18,13,14,1678,2528
2023-12-01 10:03:18,13,15,1678,2528
2023-12-01 10:03:39,14,15,1678,2528
2023-12-01 10:03:41,14,15,1678,2978
2023-12-01 10:03:43,14,16,1678,3180
2023-12-01 10:04:04,13,16,1678,3180
2023-12-01 10:04:11,13,15,1678,3180
2023-12-01 10:04:21,13,15,1834,3336
2023-12-01 10:04:23,13,15,1878,3380
2023-12-01 10:04:54,14,15,1878,3380
2023-12-01 10:04:55,14,15,2032,3534
2023-12-01 10:05:01,13,15,2032,3534
2023-12-01 10:05:12,14,15,2032,3534
2023-12-01 10:05:17,15,16,2032,3534
2023-12-01 10:05:22,15,17,2032,3534
2023-12-01 10:07:45,14,17,2032,3534
2023-12-01 10:07:50,14,16,2032,3534
2023-12-01 10:08:04,13,16,2032,3534
2023-12-01 10:08:04,13,15,2032,3534
2023-12-01 10:08:45,14,15,2032,3534
2023-12-01 10:08:45,14,16,2032,3534
2023-12-01 10:09:01,14,17,2032,3534
2023-12-01 10:09:02,15,17,2032,3534
2023-12-01 10:09:25,15,16,2032,3534
2023-12-01 10:09:26,15,17,2032,3534
2023-12-01 10:09:43,14,17,2032,3534
2023-12-01 10:09:43,14,16,2032,3534
2023-12-01 10:09:48,15,16,2032,3534
2023-12-01 10:09:50,15,17,2032,3534
2023-12-01 10:09:50,15,16,2032,3534
2023-12-01 10:09:52,15,17,2032,3534
2023-12-01 10:09:54,14,17,2032,3534
2023-12-01 10:09:54,15,17,2032,3534
2023-12-01 10:10:07,14,17,2032,3534
2023-12-01 10:10:11,15,17,2032,3534
2023-12-01 10:10:12,14,17,2032,3534
2023-12-01 10:10:13,15,17,2032,3534
2023-12-01 10:10:54,16,17,2032,3534
2023-12-01 10:11:05,16,17,2164,3666
2023-12-01 10:11:07,15,17,2164,3666
2023-12-01 10:11:20,14,17,2164,3666
2023-12-01 10:11:21,14,16,2164,3666
2023-12-01 10:11:29,14,17,2164,3666
2023-12-01 10:11:29,14,16,2164,3666
2023-12-01 10:11:52,14,17,2164,3666
2023-12-01 10:11:54,14,16,2164,3666
2023-12-01 10:12:27,14,15,2164,3666
2023-12-01 10:12:31,13,15,2164,3666
2023-12-01 10:13:03,13,16,2164,3666
2023-12-01 10:13:03,13,15,2164,3666
2023-12-01 10:13:34,14,15,2164,3666
2023-12-01 10:13:34,14,16,2164,3666
2023-12-01 10:13:34,14,16,2224,3726
2023-12-01 10:13:46,14,17,2224,3726
2023-12-01 10:13:47,14,16,2224,3726
2023-12-01 10:13:58,15,16,2224,3726
2023-12-01 10:13:58,14,16,2224,3726
2023-12-01 10:13:58,15,16,2224,3726
2023-12-01 10:14:00,15,17,2224,3726
2023-12-01 10:14:00,14,17,2224,3726
2023-12-01 10:14:00,15,17,2224,3726
2023-12-01 10:14:19,16,17,2224,3726
2023-12-01 10:14:34,16,18,2224,3926
2023-12-01 10:14:36,17,18,2224,3926
2023-12-01 10:15:14,16,18,2224,3926
2023-12-01 10:15:21,17,18,2224,3926
2023-12-01 10:15:23,16,18,2224,3926
2023-12-01 10:15:24,17,18,2224,3926
2023-12-01 10:15:26,16,18,2224,3926
2023-12-01 10:15:34,17,18,2224,3926
2023-12-01 10:15:41,17,19,2224,3926
2023-12-01 10:15:55,18,19,2224,3926
2023-12-01 10:15:57,18,19,2344,4046
2023-12-01 10:15:57,18,20,2344,4046
2023-12-01 10:16:20,19,20,2344,4046
2023-12-01 10:16:38,19,21,2344,4246
2023-12-01 10:16:47,20,21,2344,4246
2023-12-01 10:16:52,19,21,2344,4246
2023-12-01 10:16:54,20,21,2344,4246
2023-12-01 10:17:04,19,21,2344,4246
2023-12-01 10:17:11,20,21,2344,4246
2023-12-01 10:17:20,20,21,2694,4696
2023-12-01 10:17:20,20,22,2694,4696
2023-12-01 10:17:21,21,22,2694,4696
2023-12-01 10:17:32,21,23,2694,4696
2023-12-01 10:17:39,21,22,2694,4696
2023-12-01 10:18:06,20,22,2694,4696
2023-12-01 10:18:06,20,21,2694,4696
2023-12-01 10:18:21,19,21,2694,4696
2023-12-01 10:18:36,19,20,2694,4696
2023-12-01 10:18:40,19,20,2494,4896
2023-12-01 10:18:41,19,20,2508,5096
2023-12-01 10:18:41,19,21,2508,5096
2023-12-01 10:18:45,20,21,2508,5096
2023-12-01 10:18:50,19,21,2508,5096
2023-12-01 10:19:00,20,21,2508,5096
2023-12-01 10:19:01,19,21,2508,5096
2023-12-01 10:19:17,20,21,2508,5096
2023-12-01 10:19:20,20,22,2508,5096
2023-12-01 10:19:27,19,22,2508,5096
2023-12-01 10:19:34,19,21,2508,5096
2023-12-01 10:19:58,19,20,2508,5096
2023-12-01 10:19:58,18,20,2508,5096
2023-12-01 10:20:18,18,19,2508,5096
2023-12-01 10:20:52,17,19,2508,5296
2023-12-01 10:21:18,18,19,2508,5296
2023-12-01 10:21:18,17,19,2508,5296
2023-12-01 10:21:23,18,19,2508,5296
2023-12-01 10:21:25,18,20,2508,5296
2023-12-01 10:21:37,19,20,2508,5296
2023-12-01 10:22:07,19,21,2508,5296
2023-12-01 10:22:17,19,20,2508,5296
2023-12-01 10:22:19,19,21,2508,5296
2023-12-01 10:23:01,19,22,2508,5296
2023-12-01 10:23:05,19,21,2508,5296
2023-12-01 10:23:13,19,22,2508,5296
2023-12-01 10:23:14,19,21,2508,5296
2023-12-01 10:23:29,20,21,2508,5296
2023-12-01 10:23:30,19,21,2508,5296
2023-12-01 10:23:38,20,21,2508,5296
2023-12-01 10:23:41,19,21,2508,5296
2023-12-01 10:23:44,19,22,2508,5296
2023-12-01 10:23:44,19,21,2508,5296
2023-12-01 10:23:52,19,22,2508,5296
2023-12-01 10:23:52,19,21,2508,5296
2023-12-01 10:24:06,19,22,2508,5296
2023-12-01 10:24:30,20,22,2508,5296
2023-12-01 10:25:40,20,22,2708,5746
2023-12-01 10:25:41,21,22,2708,5746
2023-12-01 10:25:41,21,23,2708,5746
2023-12-01 10:25:43,22,23,2708,5746
2023-12-01 10:25:45,22,24,2708,5746
2023-12-01 10:25:46,23,24,2708,5746
2023-12-01 10:25:47,22,24,2708,5746
2023-12-01 10:26:06,23,24,2708,5746
2023-12-01 10:26:10,23,25,3108,6146
2023-12-01 10:26:13,24,25,3108,6146
2023-12-01 10:26:17,24,25,3118,6320
2023-12-01 10:26:23,23,25,3118,6320
2023-12-01 10:26:26,23,24,3118,6320
2023-12-01 10:26:40,23,25,3118,6320
2023-12-01 10:26:52,24,25,3118,6320
2023-12-01 10:27:02,23,25,3118,6320
2023-12-01 10:27:09,24,25,3118,6320
2023-12-01 10:27:12,23,25,3118,6320
2023-12-01 10:27:38,23,24,3118,6320
2023-12-01 10:27:39,23,25,3118,6320
2023-12-01 10:27:44,24,25,3118,6320
2023-12-01 10:28:11,24,26,3118,6320
2023-12-01 10:28:35,25,26,3118,6320
2023-12-01 10:28:35,25,26,3178,6380
2023-12-01 10:28:37,25,26,3289,6491
2023-12-01 10:28:40,24,26,3289,6491
2023-12-01 10:28:41,25,26,3289,6491
2023-12-01 10:28:42,24,26,3289,6491
2023-12-01 10:29:24,24,25,3289,6491
2023-12-01 10:29:32,24,26,3289,6491
2023-12-01 10:30:13,25,26,3289,6491
2023-12-01 10:30:54,25,27,3289,6491
2023-12-01 10:30:54,26,27,3289,6491
2023-12-01 10:30:55,25,27,3289,6491
2023-12-01 10:31:11,26,27,3289,6491
2023-12-01 10:31:29,25,27,3289,6491
2023-12-01 10:31:42,25,26,3289,6491
2023-12-01 10:31:42,24,26,3289,6491
2023-12-01 10:32:24,25,26,3289,6491
2023-12-01 10:32:25,24,26,3289,6491
2023-12-01 10:32:28,25,26,3289,6491
2023-12-01 10:32:29,24,26,3289,6491
2023-12-01 10:32:29,25,26,3289,6491
2023-12-01 10:32:30,24,26,3289,6491
2023-12-01 10:32:30,25,26,3289,6491
2023-12-01 10:32:50,24,26,3289,6491
2023-12-01 10:32:56,23,26,3289,6491
2023-12-01 10:32:57,23,25,3289,6491
2023-12-01 10:33:18,23,24,3289,6491
2023-12-01 10:33:23,22,24,3289,6491
2023-12-01 10:34:04,22,23,3289,6491
2023-12-01 10:34:10,22,23,2839,6941
2023-12-01 10:34:10,21,23,2839,6941
2023-12-01 10:34:14,21,22,2839,6941
2023-12-01 10:34:32,20,22,2839,6941
2023-12-01 10:34:57,21,22,2839,6941
2023-12-01 10:34:58,20,22,2839,6941
2023-12-01 10:34:58,21,22,2839,6941
2023-12-01 10:34:59,20,22,2839,6941
2023-12-01 10:34:59,21,22,2839,6941
2023-12-01 10:35:05,20,21,2953,7055
2023-12-01 10:35:06,20,22,2953,7055
2023-12-01 10:35:11,20,21,2953,7055
2023-12-01 10:35:14,20,21,2689,7388
2023-12-01 10:35:14,19,21,2689,7388
2023-12-01 10:35:27,20,21,2689,7388
2023-12-01 10:35:33,19,21,2689,7388
2023-12-01 10:35:54,19,20,2689,7388
2023-12-01 10:35:59,18,20,2689,7388
2023-12-01 10:36:11,18,20,2958,7657
2023-12-01 10:36:12,18,19,2958,7657
2023-12-01 10:36:19,17,19,2958,7657
2023-12-01 10:36:39,18,19,2958,7657
2023-12-01 10:36:40,17,19,2958,7657
2023-12-01 10:36:41,18,19,2958,7657
2023-12-01 10:36:43,17,19,2958,7657
2023-12-01 10:36:48,18,19,2958,7657
2023-12-01 10:36:52,18,20,2958,7657
2023-12-01 10:37:09,19,20,2958,7657
2023-12-01 10:37:10,18,20,3113,7812
2023-12-01 10:37:10,19,20,3113,7812
2023-12-01 10:37:12,18,20,3113,7812
2023-12-01 10:37:18,19,20,3113,7812
2023-12-01 10:37:18,18,20,3113,7812
2023-12-01 10:37:19,19,20,3113,7812
2023-12-01 10:37:19,18,20,3113,7812
2023-12-01 10:37:20,19,20,3113,7812
2023-12-01 10:37:20,18,20,3113,7812
2023-12-01 10:37:21,19,20,3113,7812
2023-12-01 10:37:21,18,20,3113,7812
2023-12-01 10:37:39,18,19,3113,7812
2023-12-01 10:37:39,17,19,3113,7812
2023-12-01 10:38:20,18,19,3113,7812
2023-12-01 10:38:26,17,19,3113,7812
2023-12-01 10:38:28,18,19,3113,7812
2023-12-01 10:38:33,17,19,3113,7812
2023-12-01 10:38:36,18,19,3113,7812
2023-12-01 10:38:49,17,19,3113,7812
2023-12-01 10:38:53,18,19,3113,7812
2023-12-01 10:38:56,17,19,3113,7812
2023-12-01 10:38:57,18,19,3113,7812
2023-12-01 10:39:05,17,19,3113,7812
2023-12-01 10:39:06,18,19,3113,7812
2023-12-01 10:39:08,17,19,3113,7812
2023-12-01 10:39:09,18,19,3113,7812
2023-12-01 10:39:18,18,20,3113,7812
2023-12-01 10:39:53,18,21,3113,7812
2023-12-01 10:39:55,19,21,3113,7812
2023-12-01 10:40:49,20,21,3113,7812
2023-12-01 10:41:04,19,22,3113,7812
2023-12-01 10:41:06,20,22,3113,7812
2023-12-01 10:41:21,20,21,3113,7812
2023-12-01 10:41:24,20,22,3113,7812
2023-12-01 10:41:24,19,22,3113,7812
2023-12-01 10:41:24,20,22,3113,7812
2023-12-01 10:41:24,20,21,3113,7812
2023-12-01 10:41:29,20,22,3113,7812
2023-12-01 10:42:29,20,21,3113,7812
2023-12-01 10:42:31,20,22,3113,7812
2023-12-01 10:42:34,20,21,3113,7812
2023-12-01 10:42:43,19,21,3113,7812
2023-12-01 10:42:57,18,21,3113,7812
2023-12-01 10:43:01,19,21,3113,7812
2023-12-01 10:43:09,19,20,3113,7812
2023-12-01 10:43:10,19,21,3113,7812
2023-12-01 10:43:10,19,20,3113,7812
2023-12-01 10:43:13,19,21,3113,7812
2023-12-01 10:43:13,19,20,3113,7812
2023-12-01 10:43:17,18,20,3113,7812
2023-12-01 10:44:00,19,20,3113,7812
2023-12-01 10:44:04,18,20,3113,7812
2023-12-01 10:44:17,17,20,3113,7812
2023-12-01 10:44:21,17,19,3113,7812
2023-12-01 10:44:43,18,19,3113,7812
2023-12-01 10:44:43,17,19,3113,7812
2023-12-01 10:44:43,18,19,3113,7812
2023-12-01 10:44:46,18,19,3233,7932
2023-12-01 10:44:47,17,19,3233,7932
2023-12-01 10:45:04,18,19,3233,7932
2023-12-01 10:45:15,17,19,3233,7932
2023-12-01 10:45:15,18,19,3233,7932
2023-12-01 10:45:25,17,19,3233,7932
2023-12-01 10:45:45,17,18,3233,7932
2023-12-01 10:46:00,17,19,3233,7932
2023-12-01 10:46:00,17,18,3233,7932
2023-12-01 10:46:03,17,19,3233,7932
2023-12-01 10:47:40,17,19,3314,8013
2023-12-01 10:48:10,17,18,3314,8013
2023-12-01 10:48:12,17,19,3314,8013
2023-12-01 10:48:21,18,19,3314,8013
2023-12-01 10:48:21,18,20,3314,8013
2023-12-01 10:48:38,19,20,3314,8013
2023-12-01 10:48:40,18,20,3314,8013
2023-12-01 10:48:49,17,20,3314,8013
2023-12-01 10:48:49,18,20,3314,8013
2023-12-01 10:48:49,17,20,3314,8013
2023-12-01 10:49:06,17,19,3314,8013
2023-12-01 10:49:06,17,20,3314,8013
2023-12-01 10:49:07,17,19,3314,8013
2023-12-01 10:49:26,17,18,3314,8013
2023-12-01 10:49:44,17,18,3418,8117
2023-12-01 10:50:17,17,19,3418,8117
2023-12-01 10:50:24,17,20,3418,8117
2023-12-01 10:50:37,18,20,3418,8117
2023-12-01 10:50:56,17,20,3418,8117
2023-12-01 10:50:56,18,20,3418,8117
2023-12-01 10:50:57,17,20,3418,8117
2023-12-01 10:51:13,17,19,3418,8117
2023-12-01 10:51:38,17,18,3418,8117
2023-12-01 10:51:39,17,19,3418,8117
2023-12-01 10:52:21,17,18,3418,8117
2023-12-01 10:52:22,17,19,3418,8117
2023-12-01 10:52:23,17,18,3418,8117
2023-12-01 10:53:10,17,19,3418,8117
2023-12-01 10:53:10,17,18,3418,8117
2023-12-01 10:53:25,17,19,3418,8117
2023-12-01 10:53:58,17,18,3418,8117
2023-12-01 10:54:22,17,19,3418,8117
2023-12-01 10:55:14,17,18,3418,8117
2023-12-01 10:55:14,17,19,3418,8117
2023-12-01 10:55:18,17,18,3418,8117
2023-12-01 10:55:18,17,19,3418,8117
2023-12-01 10:55:19,17,18,3418,8117
2023-12-01 10:55:19,17,19,3418,8117
2023-12-01 10:55:21,17,18,3418,8117
2023-12-01 10:57:05,17,19,3418,8117
2023-12-01 10:57:28,17,18,3418,8117
2023-12-01 11:00:04,17,19,3418,8517
2023-12-01 11:00:04,17,20,3418,8517
2023-12-01 11:00:04,18,20,3418,8517
2023-12-01 11:00:04,18,19,3418,8517
2023-12-01 11:00:04,18,20,3418,8517
2023-12-01 11:00:05,18,21,3418,8517
2023-12-01 11:00:05,19,21,3418,8517
2023-12-01 11:00:20,20,21,3418,8517
2023-12-01 11:00:20,20,22,3418,8517
2023-12-01 11:00:22,20,22,3745,8967
2023-12-01 11:00:22,21,22,3745,8967
2023-12-01 11:00:24,21,23,3745,8967
2023-12-01 11:00:31,20,23,3745,8967
2023-12-01 11:00:35,19,23,3745,8967
2023-12-01 11:00:52,19,20,3745,8967
2023-12-01 11:00:53,18,20,3745,8967
2023-12-01 11:00:59,18,21,3745,8967
2023-12-01 11:00:59,19,21,3745,8967
2023-12-01 11:01:01,19,22,3745,8967
2023-12-01 11:01:05,20,22,3745,8967
2023-12-01 11:01:24,21,22,3745,8967
2023-12-01 11:01:32,21,23,3945,9167
2023-12-01 11:02:01,20,23,3945,9167
2023-12-01 11:02:01,20,22,3945,9167
2023-12-01 11:02:03,20,21,3945,9167
2023-12-01 11:02:16,19,20,3945,9167
2023-12-01 11:02:16,18,20,3945,9167
2023-12-01 11:02:16,18,19,3945,9167
2023-12-01 11:02:18,18,19,3945,9367
2023-12-01 11:02:23,17,19,3945,9367
2023-12-01 11:02:24,17,18,3945,9367
2023-12-01 11:02:25,15,18,3945,9367
2023-12-01 11:02:26,15,16,3945,9367
2023-12-01 11:02:32,14,16,3945,9367
2023-12-01 11:02:38,14,15,3945,9367
2023-12-01 11:02:40,14,15,3618,9817
2023-12-01 11:02:49,14,16,3618,9817
2023-12-01 11:02:59,14,15,3618,9817
2023-12-01 11:03:00,14,16,3618,9817
2023-12-01 11:03:11,14,15,3618,9817
2023-12-01 11:03:14,13,15,3618,9817
2023-12-01 11:03:19,13,14,3618,9817
2023-12-01 11:03:20,12,14,3618,9817
2023-12-01 11:03:24,12,13,3618,9817
2023-12-01 11:03:30,12,14,3618,9817
2023-12-01 11:03:30,12,13,3618,9817
2023-12-01 11:03:52,12,14,3618,9817
2023-12-01 11:03:56,12,13,3618,9817
2023-12-01 11:04:00,12,14,3618,9817
2023-12-01 11:04:01,12,13,3618,9817
2023-12-01 11:04:07,12,14,3618,9817
2023-12-01 11:04:09,13,14,3618,9817
2023-12-01 11:04:10,13,15,3618,9817
2023-12-01 11:04:23,13,14,3618,9817
2023-12-01 11:04:51,12,14,3618,9817
2023-12-01 11:05:00,12,13,3618,9817
2023-12-01 11:05:02,12,15,3618,9817
2023-12-01 11:05:02,12,14,3618,9817
2023-12-01 11:05:06,12,13,3618,9817
2023-12-01 11:05:16,12,14,3618,9817
2023-12-01 11:05:18,12,13,3618,9817
2023-12-01 11:05:40,12,14,3618,9817
2023-12-01 11:05:41,13,14,3618,9817
2023-12-01 11:05:41,13,15,3618,9817
2023-12-01 11:05:43,13,16,3618,9817
2023-12-01 11:05:51,15,16,3618,9817
2023-12-01 11:05:58,14,16,3618,9817
2023-12-01 11:06:00,14,15,3618,9817
2023-12-01 11:06:01,14,16,3618,9968
2023-12-01 11:06:01,14,15,3618,9968
2023-12-01 11:06:02,15,16,3618,10145
2023-12-01 11:06:03,14,16,3618,10145
2023-12-01 11:06:06,15,16,3618,10145
2023-12-01 11:06:09,15,17,3618,10145
2023-12-01 11:06:17,16,17,3618,10145
2023-12-01 11:06:25,16,18,3618,10459
2023-12-01 11:06:26,16,17,3618,10459
2023-12-01 11:06:26,16,18,3618,10459
2023-12-01 11:06:26,16,17,3618,10459
2023-12-01 11:06:30,16,18,3618,10459
2023-12-01 11:07:10,16,17,3618,10459
2023-12-01 11:07:12,16,18,3618,10459
2023-12-01 11:07:12,16,17,3618,10459
2023-12-01 11:07:17,15,17,3618,10459
2023-12-01 11:07:19,14,17,3618,10459
2023-12-01 11:07:21,14,16,3618,10459
2023-12-01 11:07:25,14,15,3618,10459
2023-12-01 11:07:26,13,15,3618,10459
2023-12-01 11:07:28,13,14,3618,10459
2023-12-01 11:07:37,12,14,3618,10659
2023-12-01 11:08:17,12,15,3618,10659
2023-12-01 11:08:19,12,14,3618,10659
2023-12-01 11:08:32,12,13,3618,10659
2023-12-01 11:08:32,12,14,3618,10659
2023-12-01 11:08:32,12,13,3618,10659
2023-12-01 11:08:39,12,13,3618,10709
2023-12-01 11:09:08,11,13,3618,10959
2023-12-01 11:09:08,11,12,3618,10959
2023-12-01 11:09:19,11,13,3618,10959
2023-12-01 11:09:19,11,12,3618,10959
2023-12-01 11:09:43,11,13,3618,10959
2023-12-01 11:09:58,11,12,3618,10959
2023-12-01 11:10:04,11,13,3618,10959
2023-12-01 11:10:04,11,12,3618,10959
2023-12-01 11:11:03,10,11,3618,11059
2023-12-01 11:11:20,9,11,3791,11232
2023-12-01 11:11:20,9,10,3791,11232
2023-12-01 11:11:41,8,10,3791,11459
2023-12-01 11:11:41,8,9,3791,11459
2023-12-01 11:11:52,8,9,3793,11461
2023-12-01 11:11:57,7,9,3793,11659
2023-12-01 11:12:01,7,8,3793,11659
2023-12-01 11:12:09,7,9,3793,11659
2023-12-01 11:12:20,7,8,3793,11659
2023-12-01 11:12:28,7,8,3853,11719
2023-12-01 11:12:30,7,8,4033,11899
2023-12-01 11:12:37,7,9,4033,11899
2023-12-01 11:12:50,7,8,4033,11899
2023-12-01 11:13:22,6,8,4083,11949
2023-12-01 11:13:46,6,7,4083,11949
2023-12-01 11:13:53,6,7,4139,12005
2023-12-01 11:13:54,6,7,4214,12080
2023-12-01 11:13:55,6,7,4314,12180
2023-12-01 11:14:09,6,7,4430,12296
2023-12-01 11:14:11,6,7,4510,12376
2023-12-01 11:14:19,5,7,4510,12399
2023-12-01 11:15:49,5,6,4510,12399
2023-12-01 11:15:52,5,7,4510,12399
2023-12-01 11:15:52,5,6,4510,12399
2023-12-01 11:15:54,5,6,4570,12459
2023-12-01 11:15:55,4,6,4570,12459
2023-12-01 11:16:05,5,6,4570,12459
2023-12-01 11:16:14,4,6,4570,12459
2023-12-01 11:16:14,5,6,4570,12459
2023-12-01 11:16:23,5,7,4570,12459
2023-12-01 11:16:53,6,7,4570,12459
2023-12-01 11:16:53,5,7,4570,12459
2023-12-01 11:16:54,6,7,4570,12459
2023-12-01 11:17:20,6,8,4570,12459
2023-12-01 11:17:42,7,8,4570,12459
2023-12-01 11:17:44,6,8,4570,12459
2023-12-01 11:19:05,7,8,4570,12459
2023-12-01 11:19:05,6,8,4570,12459
2023-12-01 11:19:06,7,8,4570,12459
2023-12-01 11:19:13,7,9,4570,12459
2023-12-01 11:19:19,7,8,4570,12459
2023-12-01 11:19:20,6,8,4570,12459
2023-12-01 11:19:20,7,8,4570,12459
2023-12-01 11:19:21,7,9,4570,12459
2023-12-01 11:19:28,7,8,4570,12459
2023-12-01 11:19:43,6,8,4570,12459
2023-12-01 11:19:45,7,8,4570,12459
2023-12-01 11:20:11,7,9,4570,12459
2023-12-01 11:20:21,7,8,4570,12459
2023-12-01 11:20:24,7,9,4570,12459
2023-12-01 11:20:27,7,8,4570,12459
2023-12-01 11:20:28,7,9,4570,12459
2023-12-01 11:21:35,8,9,4570,12459
2023-12-01 11:21:46,8,10,4570,12459
2023-12-01 11:21:58,8,10,4570,12460
2023-12-01 11:22:01,9,10,4570,12460
2023-12-01 11:22:12,9,10,4570,12510
2023-12-01 11:22:16,9,10,4516,12564
2023-12-01 11:22:19,9,11,4516,12564
2023-12-01 11:22:31,10,11,4516,12564
2023-12-01 11:23:24,9,11,4516,12564
2023-12-01 11:23:37,10,11,4516,12564
2023-12-01 11:23:40,10,12,4516,12564
2023-12-01 11:24:32,10,11,4516,12564
2023-12-01 11:24:32,10,12,4516,12564
2023-12-01 11:24:33,10,11,4516,12564
2023-12-01 11:24:34,10,12,4516,12564
2023-12-01 11:24:34,10,11,4516,12564
2023-12-01 11:24:37,10,12,4516,12564
2023-12-01 11:24:38,9,12,4516,12564
2023-12-01 11:24:38,9,11,4516,12564
2023-12-01 11:24:51,10,11,4516,12564
2023-12-01 11:24:56,10,12,4516,12564
2023-12-01 11:24:56,10,11,4516,12564
2023-12-01 11:25:04,9,11,4516,12564
2023-12-01 11:25:05,9,10,4516,12564
2023-12-01 11:25:23,8,10,4516,12564
2023-12-01 11:25:34,8,9,4516,12564
2023-12-01 11:26:05,7,9,4516,12564
2023-12-01 11:26:08,7,8,4516,12564
2023-12-01 11:26:14,7,9,4516,12564
2023-12-01 11:26:17,7,8,4516,12564
2023-12-01 11:26:20,7,9,4516,12564
2023-12-01 11:27:21,7,8,4516,12564
2023-12-01 11:27:23,7,9,4516,12564
2023-12-01 11:28:25,7,8,4516,12564
2023-12-01 11:28:36,7,8,4516,12614
2023-12-01 11:29:08,7,9,4516,12614
2023-12-01 11:29:10,7,8,4516,12614
2023-12-01 11:29:43,6,8,4516,12614
2023-12-01 11:30:31,6,9,4516,12614
2023-12-01 11:30:32,7,9,4516,12614
2023-12-01 11:30:37,6,9,4516,12614
2023-12-01 11:30:38,7,9,4516,12614
2023-12-01 11:30:53,8,9,4516,12614
2023-12-01 11:30:53,8,10,4516,12614
2023-12-01 11:30:59,8,11,4516,12614
2023-12-01 11:31:00,9,11,4516,12614
2023-12-01 11:31:14,9,10,4516,12614
2023-12-01 11:31:16,8,10,4516,12614
2023-12-01 11:31:21,8,11,4516,12614
2023-12-01 11:31:22,8,10,4516,12614
2023-12-01 11:31:23,9,10,4516,12614
2023-12-01 11:31:26,8,10,4516,12614
2023-12-01 11:32:50,8,9,4516,12614
2023-12-01 11:33:12,7,9,4516,12614
2023-12-01 11:33:50,7,8,4516,12614
2023-12-01 11:33:52,6,8,4516,12614
2023-12-01 11:34:15,6,7,4516,12614
2023-12-01 11:34:40,5,7,4516,12614
2023-12-01 11:35:09,6,7,4516,12614
2023-12-01 11:35:10,5,7,4516,12614
2023-12-01 11:35:10,6,7,4516,12614
2023-12-01 11:35:11,5,7,4516,12614
2023-12-01 11:35:17,6,7,4516,12614
2023-12-01 11:35:21,5,7,4516,12614
2023-12-01 11:35:26,6,7,4516,12614
2023-12-01 11:35:40,6,8,4516,12614
2023-12-01 11:35:41,6,9,4516,12614
2023-12-01 11:35:49,7,9,4516,12614
2023-12-01 11:35:51,7,10,4516,12614
2023-12-01 11:36:05,8,10,4516,12614
2023-12-01 11:36:38,8,9,4516,12614
2023-12-01 11:37:13,8,10,4516,12614
2023-12-01 11:37:36,8,9,4516,12614
2023-12-01 11:37:45,8,10,4516,12614
2023-12-01 11:37:45,8,9,4516,12614
2023-12-01 11:37:51,7,9,4516,12614
2023-12-01 11:37:57,6,9,4516,12614
2023-12-01 11:38:07,7,9,4516,12614
2023-12-01 11:39:40,6,9,4516,12614
2023-12-01 11:39:40,7,9,4516,12614
2023-12-01 11:39:49,6,9,4516,12614
2023-12-01 11:39:58,7,9,4516,12614
2023-12-01 11:40:18,6,9,4516,12614
2023-12-01 11:40:18,7,9,4516,12614
2023-12-01 11:40:37,6,9,4516,12614
2023-12-01 11:40:43,6,8,4516,12614
2023-12-01 11:40:46,6,9,4516,12614
2023-12-01 11:40:48,7,9,4516,12614
2023-12-01 11:42:04,7,8,4516,12614
2023-12-01 11:42:13,6,8,4516,12614
2023-12-01 11:42:16,7,8,4516,12614
2023-12-01 11:42:22,6,8,4516,12614
2023-12-01 11:42:39,5,8,4516,12614
2023-12-01 11:42:40,5,7,4516,12614
2023-12-01 11:42:40,6,7,4516,12614
2023-12-01 11:42:50,5,6,4516,12746
2023-12-01 11:43:06,4,6,4516,12746
2023-12-01 11:43:13,4,5,4516,12746
2023-12-01 11:43:52,3,5,4766,12996
2023-12-01 11:44:16,3,4,4766,12996
2023-12-01 11:44:16,3,4,4712,13050
2023-12-01 11:44:20,3,4,4772,13110
2023-12-01 11:44:33,3,4,4908,13246
2023-12-01 11:44:36,2,4,5212,13550
2023-12-01 11:44:36,3,4,5212,13550
2023-12-01 11:44:46,3,4,5314,13652
2023-12-01 11:44:51,2,4,5314,13652
2023-12-01 11:44:51,3,4,5314,13652
2023-12-01 11:44:52,2,4,5314,13652
2023-12-01 11:45:17,3,4,5314,13652
2023-12-01 11:45:17,2,4,5424,13762
2023-12-01 11:45:19,3,4,5424,13762
2023-12-01 11:45:19,2,4,5596,13934
2023-12-01 11:45:21,3,4,5596,13934
2023-12-01 11:45:21,3,4,5674,14012
2023-12-01 11:45:33,3,4,5828,14166
2023-12-01 11:46:03,3,4,5927,14265
2023-12-01 11:46:05,3,4,5971,14309
2023-12-01 11:46:12,2,4,5971,14309
2023-12-01 11:46:12,3,4,5971,14309
2023-12-01 11:46:49,2,4,5971,14309
2023-12-01 11:47:00,3,4,5971,14309
2023-12-01 11:47:01,2,4,5971,14309
2023-12-01 11:47:01,3,4,5971,14309
2023-12-01 11:47:08,3,5,5971,14309
2023-12-01 11:47:12,3,6,5971,14309
2023-12-01 11:47:21,4,6,5971,14309
2023-12-01 11:47:36,3,6,5971,14309
2023-12-01 11:47:36,4,6,5971,14309
2023-12-01 11:48:34,3,6,5971,14309
2023-12-01 11:48:34,4,6,5971,14309
2023-12-01 11:48:53,4,5,5971,14309
2023-12-01 11:49:55,3,5,5971,14309
2023-12-01 11:49:55,4,5,5971,14309
2023-12-01 11:50:01,4,5,6116,14454
2023-12-01 11:50:25,4,6,6116,14454
2023-12-01 11:50:49,4,5,6116,14454
2023-12-01 11:50:49,3,5,6116,14454
2023-12-01 11:51:59,3,4,6116,14454
2023-12-01 11:52:03,2,4,6116,14454
2023-12-01 11:52:06,3,4,6116,14454
2023-12-01 11:52:07,2,4,6116,14454
2023-12-01 11:52:24,2,3,6116,14454
2023-12-01 11:53:45,1,3,6116,14454
2023-12-01 12:00:34,2,3,6116,14454
2023-12-01 12:00:47,1,3,6116,14454
2023-12-01 12:00:48,1,4,6116,14522
2023-12-01 12:00:49,2,4,6116,14522
2023-12-01 12:00:53,1,4,6116,14522
2023-12-01 12:00:54,2,4,6116,14522
2023-12-01 12:00:55,1,4,6116,14522
2023-12-01 12:00:55,2,4,6116,14522
2023-12-01 12:01:05,3,4,6116,14522
2023-12-01 12:01:05,3,4,6237,14643
2023-12-01 12:01:05,2,4,6237,14643
2023-12-01 12:01:20,3,4,6237,14643
2023-12-01 12:01:20,2,4,6426,14832
2023-12-01 12:08:19,2,3,6426,14832
2023-12-01 12:08:56,2,3,6426,14882
2023-12-01 12:14:53,2,3,6457,14913
2023-12-01 12:22:27,2,3,6514,14970
2023-12-01 12:23:42,2,3,6724,15180
2023-12-01 12:24:01,1,2,6724,15314
2023-12-01 12:24:41,2,3,6724,15514
2023-12-01 12:26:21,1,2,6817,15814
2023-12-01 12:26:22,1,3,6817,15814
2023-12-01 12:26:22,1,2,6817,15814
2023-12-01 12:27:23,1,2,7067,16064
2023-12-01 12:29:13,1,2,7117,16114
2023-12-01 12:29:42,1,2,7177,16174
2023-12-01 12:29:42,1,2,7520,16517
2023-12-01 12:31:37,1,2,7580,16577
2023-12-01 12:31:39,1,2,7632,16629
2023-12-01 12:31:41,1,2,7649,16646
2023-12-01 12:31:43,1,2,7709,16706
2023-12-01 12:31:57,1,2,7819,16816
2023-12-01 12:31:59,1,2,7938,16935
2023-12-01 12:32:04,1,2,8038,17035
2023-12-01 12:32:42,1,2,8159,17156
2023-12-01 12:32:44,1,2,8188,17185
2023-12-01 12:33:01,1,2,8308,17305
2023-12-01 12:33:58,0,2,8317,17314
2023-12-01 12:34:05,1,2,8317,17314
2023-12-01 12:34:19,0,2,8367,17364
2023-12-01 12:42:09,0,1,8367,17364
2023-12-01 13:37:42,0,1,8467,17464
2023-12-01 13:40:54,0,2,8667,17664
2023-12-01 14:29:05,0,1,8667,17664
2023-12-01 14:29:06,0,2,8667,17664
2023-12-01 14:35:41,0,1,8667,17664
