datetime,bid,ask,open_interest,volume
2023-07-10 09:30:56,24,27,4415,6885
2023-07-10 09:31:00,24,25,4415,6885
2023-07-10 09:31:00,23,24,4451,6921
2023-07-10 09:31:17,24,26,4451,6953
2023-07-10 09:31:18,23,26,4451,6953
2023-07-10 09:31:29,23,25,4451,6953
2023-07-10 09:31:30,23,26,4451,6953
2023-07-10 09:31:34,23,25,4451,6953
2023-07-10 09:31:40,23,24,4451,6953
2023-07-10 09:31:50,22,23,4516,7018
2023-07-10 09:32:00,22,24,4516,7018
2023-07-10 09:32:03,22,23,4516,7018
2023-07-10 09:32:04,22,24,4516,7018
2023-07-10 09:32:05,22,23,4516,7018
2023-07-10 09:32:24,22,24,4516,7018
2023-07-10 09:32:26,22,23,4516,7018
2023-07-10 09:32:28,22,24,4516,7018
2023-07-10 09:32:33,22,23,4516,7018
2023-07-10 09:32:34,22,24,4516,7018
2023-07-10 09:32:36,22,23,4516,7018
2023-07-10 09:32:50,22,24,4516,7018
2023-07-10 09:33:16,23,24,4516,7018
2023-07-10 09:33:19,22,24,4516,7018
2023-07-10 09:33:22,23,24,4516,7018
2023-07-10 09:33:30,24,25,4466,7068
2023-07-10 09:33:42,23,25,4466,7068
2023-07-10 09:34:13,24,25,4466,7068
2023-07-10 09:34:14,25,26,4447,7123
2023-07-10 09:34:51,24,26,4447,7123
2023-07-10 09:34:53,25,26,4447,7123
2023-07-10 09:35:04,24,26,4447,7123
2023-07-10 09:35:06,25,26,4447,7123
2023-07-10 09:35:08,24,26,4447,7123
2023-07-10 09:35:09,25,26,4447,7123
2023-07-10 09:35:10,24,26,4447,7123
2023-07-10 09:35:11,25,26,4447,7123
2023-07-10 09:35:34,24,26,4447,7123
2023-07-10 09:35:44,24,25,4447,7123
2023-07-10 09:35:58,24,26,4447,7123
2023-07-10 09:35:59,23,26,4447,7123
2023-07-10 09:36:00,23,25,4447,7123
2023-07-10 09:36:06,23,24,4447,7123
2023-07-10 09:36:12,23,25,4447,7123
2023-07-10 09:36:12,23,24,4447,7123
2023-07-10 09:36:13,23,25,4447,7123
2023-07-10 09:36:15,23,24,4447,7123
2023-07-10 09:36:16,23,25,4447,7123
2023-07-10 09:36:18,23,24,4447,7123
2023-07-10 09:36:19,23,25,4447,7123
2023-07-10 09:36:20,22,25,4447,7123
2023-07-10 09:36:21,22,24,4447,7123
2023-07-10 09:36:33,22,25,4447,7123
2023-07-10 09:36:40,22,24,4447,7123
2023-07-10 09:36:42,22,25,4447,7123
2023-07-10 09:36:47,22,24,4447,7123
2023-07-10 09:36:48,22,25,4447,7123
2023-07-10 09:36:48,22,24,4447,7123
2023-07-10 09:36:49,22,25,4447,7123
2023-07-10 09:36:54,23,25,4447,7123
2023-07-10 09:36:54,23,26,4447,7123
2023-07-10 09:36:56,23,25,4447,7123
2023-07-10 09:36:57,23,26,4447,7123
2023-07-10 09:37:06,24,26,4447,7123
2023-07-10 09:37:07,23,26,4447,7123
2023-07-10 09:37:08,24,26,4447,7123
2023-07-10 09:37:09,23,26,4447,7123
2023-07-10 09:37:16,23,25,4447,7123
2023-07-10 09:37:22,23,24,4447,7123
2023-07-10 09:37:24,23,25,4447,7123
2023-07-10 09:37:25,23,24,4447,7123
2023-07-10 09:37:27,23,25,4447,7123
2023-07-10 09:37:30,23,24,4447,7123
2023-07-10 09:37:39,22,24,4447,7123
2023-07-10 09:37:56,22,25,4447,7123
2023-07-10 09:38:03,22,24,4447,7123
2023-07-10 09:38:05,22,25,4447,7123
2023-07-10 09:38:27,22,24,4447,7123
2023-07-10 09:38:39,22,23,4447,7123
2023-07-10 09:38:55,22,24,4447,7123
2023-07-10 09:38:56,22,25,4447,7123
2023-07-10 09:38:57,22,24,4447,7123
2023-07-10 09:39:08,22,25,4447,7123
2023-07-10 09:39:15,22,24,4447,7123
2023-07-10 09:39:46,22,25,4447,7123
2023-07-10 09:39:49,22,24,4447,7123
2023-07-10 09:40:03,22,23,4447,7123
2023-07-10 09:40:05,22,24,4447,7123
2023-07-10 09:40:07,22,23,4447,7123
2023-07-10 09:40:11,21,22,4456,7168
2023-07-10 09:40:12,21,23,4456,7168
2023-07-10 09:41:01,22,23,4456,7168
2023-07-10 09:41:12,21,23,4456,7168
2023-07-10 09:41:48,22,23,4456,7168
2023-07-10 09:41:58,22,24,4326,7298
2023-07-10 09:42:17,21,24,4326,7298
2023-07-10 09:42:22,22,24,4326,7298
2023-07-10 09:42:24,23,24,4326,7298
2023-07-10 09:42:25,22,24,4326,7298
2023-07-10 09:42:34,21,24,4326,7298
2023-07-10 09:42:43,22,24,4326,7298
2023-07-10 09:42:55,23,24,4326,7298
2023-07-10 09:43:00,24,25,4377,7428
2023-07-10 09:43:01,23,25,4377,7428
2023-07-10 09:43:02,24,25,4377,7428
2023-07-10 09:43:02,24,25,4422,7473
2023-07-10 09:43:13,25,26,4522,7573
2023-07-10 09:43:21,26,27,4552,7603
2023-07-10 09:43:24,25,27,4552,7603
2023-07-10 09:43:29,26,27,4552,7603
2023-07-10 09:43:31,27,28,4582,7633
2023-07-10 09:43:31,27,28,4632,7683
2023-07-10 09:43:31,27,28,4682,7733
2023-07-10 09:43:32,26,28,4682,7733
2023-07-10 09:43:33,27,28,4682,7733
2023-07-10 09:43:41,28,29,4712,7763
2023-07-10 09:43:43,28,30,4712,7763
2023-07-10 09:43:44,29,30,4712,7763
2023-07-10 09:43:59,30,31,4742,7793
2023-07-10 09:44:01,29,31,4742,7793
2023-07-10 09:44:04,30,31,4742,7793
2023-07-10 09:44:16,30,32,4737,7858
2023-07-10 09:44:22,29,32,4737,7858
2023-07-10 09:44:23,30,32,4737,7858
2023-07-10 09:44:32,29,32,4737,7858
2023-07-10 09:44:52,29,31,4737,7858
2023-07-10 09:44:57,28,31,4737,7858
2023-07-10 09:44:57,29,31,4737,7858
2023-07-10 09:45:10,29,30,4737,7858
2023-07-10 09:45:15,29,31,4737,7858
2023-07-10 09:45:17,29,30,4737,7858
2023-07-10 09:45:32,28,29,4677,7918
2023-07-10 09:45:55,28,30,4677,7918
2023-07-10 09:45:57,28,29,4677,7918
2023-07-10 09:45:58,28,30,4677,7918
2023-07-10 09:46:02,28,29,4677,7918
2023-07-10 09:46:29,28,30,4677,7918
2023-07-10 09:46:31,28,29,4677,7918
2023-07-10 09:46:32,28,30,4677,7918
2023-07-10 09:46:36,28,31,4677,7918
2023-07-10 09:46:36,29,31,4677,7918
2023-07-10 09:46:43,29,32,4677,7918
2023-07-10 09:46:45,29,31,4677,7918
2023-07-10 09:46:46,29,32,4677,7918
2023-07-10 09:46:51,30,32,4677,7918
2023-07-10 09:46:55,31,32,4677,7918
2023-07-10 09:46:55,31,32,4750,7991
2023-07-10 09:46:55,31,32,4870,8111
2023-07-10 09:46:59,32,33,4900,8153
2023-07-10 09:47:03,33,34,4900,8161
2023-07-10 09:47:07,32,34,4900,8161
2023-07-10 09:47:26,33,34,4900,8161
2023-07-10 09:47:58,32,34,4900,8161
2023-07-10 09:48:02,33,34,4900,8161
2023-07-10 09:48:08,32,34,4900,8161
2023-07-10 09:48:08,33,34,4900,8161
2023-07-10 09:48:09,32,34,4900,8161
2023-07-10 09:48:10,33,34,4900,8161
2023-07-10 09:48:11,32,34,4900,8161
2023-07-10 09:48:24,33,34,4900,8161
2023-07-10 09:48:26,32,34,4900,8161
2023-07-10 09:48:26,33,34,4900,8161
2023-07-10 09:48:37,34,35,4930,8234
2023-07-10 09:48:56,33,35,4930,8234
2023-07-10 09:49:17,34,35,4930,8234
2023-07-10 09:49:38,33,35,4930,8234
2023-07-10 09:49:47,32,35,4930,8234
2023-07-10 09:49:53,33,35,4930,8234
2023-07-10 09:49:54,32,35,4930,8234
2023-07-10 09:50:02,33,35,4930,8234
2023-07-10 09:50:14,32,35,4930,8234
2023-07-10 09:50:15,33,35,4930,8234
2023-07-10 09:50:16,32,35,4930,8234
2023-07-10 09:50:22,33,35,4930,8234
2023-07-10 09:50:26,34,35,4930,8234
2023-07-10 09:50:37,35,36,4960,8277
2023-07-10 09:50:37,35,36,4971,8288
2023-07-10 09:50:50,36,37,5001,8333
2023-07-10 09:50:51,36,37,5103,8435
2023-07-10 09:50:51,36,37,5137,8469
2023-07-10 09:50:52,36,37,5182,8514
2023-07-10 09:50:52,36,37,5190,8522
2023-07-10 09:51:25,37,38,5220,8567
2023-07-10 09:52:29,37,39,5209,8613
2023-07-10 09:52:35,38,39,5209,8613
2023-07-10 09:52:58,37,39,5209,8613
2023-07-10 09:55:24,38,39,5209,8613
2023-07-10 09:57:12,38,39,5209,8713
2023-07-10 09:58:28,37,39,5355,8859
2023-07-10 10:00:27,37,38,5355,8859
2023-07-10 10:01:25,36,37,5225,8989
2023-07-10 10:01:26,36,38,5225,8989
2023-07-10 10:02:18,36,37,5225,8989
2023-07-10 10:02:35,35,36,5095,9119
2023-07-10 10:02:35,34,36,5095,9119
2023-07-10 10:02:35,35,36,5095,9119
2023-07-10 10:02:42,35,37,5095,9119
2023-07-10 10:02:57,35,36,5095,9119
2023-07-10 10:03:00,35,37,5095,9119
2023-07-10 10:03:12,35,36,5095,9119
2023-07-10 10:04:12,35,37,5095,9119
2023-07-10 10:04:15,35,36,5095,9119
2023-07-10 10:04:21,35,37,5095,9119
2023-07-10 10:04:44,35,38,5095,9119
2023-07-10 10:04:48,36,38,5095,9119
2023-07-10 10:05:31,36,37,5095,9119
2023-07-10 10:05:38,36,38,5095,9119
2023-07-10 10:05:39,36,37,5095,9119
2023-07-10 10:05:55,36,37,4995,9219
2023-07-10 10:05:58,35,37,4995,9219
2023-07-10 10:05:59,35,38,4995,9219
2023-07-10 10:06:14,35,37,4995,9219
2023-07-10 10:06:22,35,36,4995,9219
2023-07-10 10:06:39,35,37,4995,9219
2023-07-10 10:07:26,35,36,4995,9219
2023-07-10 10:07:27,34,35,4895,9349
2023-07-10 10:07:35,33,34,4895,9479
2023-07-10 10:07:36,33,35,4895,9479
2023-07-10 10:07:38,33,34,4895,9479
2023-07-10 10:07:39,33,35,4895,9479
2023-07-10 10:08:01,33,34,4895,9479
2023-07-10 10:08:02,33,35,4895,9479
2023-07-10 10:08:17,33,34,4895,9479
2023-07-10 10:08:27,32,33,4895,9609
2023-07-10 10:08:52,30,32,4895,9639
2023-07-10 10:08:56,30,33,4895,9639
2023-07-10 10:09:02,30,32,4895,9639
2023-07-10 10:09:07,30,33,4895,9639
2023-07-10 10:09:15,31,33,4895,9639
2023-07-10 10:09:37,32,33,4895,9639
2023-07-10 10:10:03,31,33,4895,9739
2023-07-10 10:10:04,31,32,4895,9739
2023-07-10 10:10:07,31,33,4895,9739
2023-07-10 10:10:08,31,32,4895,9739
2023-07-10 10:10:14,30,31,4895,9769
2023-07-10 10:10:20,29,30,4895,9799
2023-07-10 10:10:29,29,31,4895,9799
2023-07-10 10:10:36,29,30,4895,9799
2023-07-10 10:10:59,29,31,4895,9799
2023-07-10 10:11:18,29,31,4897,9801
2023-07-10 10:11:37,30,31,4897,9801
2023-07-10 10:12:13,30,31,4897,9901
2023-07-10 10:13:05,30,33,4865,9933
2023-07-10 10:13:08,31,33,4865,9933
2023-07-10 10:13:16,30,33,4865,9933
2023-07-10 10:14:02,30,32,4865,9933
2023-07-10 10:15:45,30,32,4867,9935
2023-07-10 10:16:07,30,31,4867,9935
2023-07-10 10:16:28,29,31,4867,9935
2023-07-10 10:17:19,29,31,4869,9937
2023-07-10 10:17:53,30,31,4869,9937
2023-07-10 10:18:01,29,31,4869,9937
2023-07-10 10:18:19,30,31,4869,9937
2023-07-10 10:18:22,31,32,4869,9939
2023-07-10 10:18:29,32,33,4869,9973
2023-07-10 10:18:35,32,33,4869,10173
2023-07-10 10:18:47,33,35,4869,10265
2023-07-10 10:18:59,32,35,4869,10265
2023-07-10 10:19:03,32,34,4869,10265
2023-07-10 10:19:14,32,33,4869,10265
2023-07-10 10:19:25,32,34,4869,10265
2023-07-10 10:19:30,32,33,4869,10265
2023-07-10 10:19:37,31,32,4869,10295
2023-07-10 10:19:41,31,32,4869,10425
2023-07-10 10:19:46,29,32,4869,10425
2023-07-10 10:19:50,29,31,4869,10425
2023-07-10 10:20:01,29,30,4869,10425
2023-07-10 10:20:11,28,29,4869,10455
2023-07-10 10:20:11,27,29,4869,10455
2023-07-10 10:20:12,28,29,4869,10455
2023-07-10 10:20:26,27,28,4869,10485
2023-07-10 10:20:29,26,29,4869,10485
2023-07-10 10:20:30,26,28,4869,10485
2023-07-10 10:20:53,26,29,4869,10485
2023-07-10 10:20:54,26,28,4869,10485
2023-07-10 10:20:58,26,29,4869,10485
2023-07-10 10:20:58,26,28,4869,10485
2023-07-10 10:21:01,26,29,4869,10485
2023-07-10 10:21:02,26,28,4869,10485
2023-07-10 10:21:07,26,28,4869,10615
2023-07-10 10:21:17,26,27,4869,10615
2023-07-10 10:21:19,26,27,4871,10617
2023-07-10 10:22:18,25,27,4871,10617
2023-07-10 10:22:21,25,26,4871,10617
2023-07-10 10:23:02,24,26,4871,10647
2023-07-10 10:23:18,24,26,4873,10649
2023-07-10 10:23:53,25,26,4873,10649
2023-07-10 10:24:19,24,26,5013,10789
2023-07-10 10:24:48,24,25,5013,10789
2023-07-10 10:24:49,23,25,5041,10817
2023-07-10 10:24:50,23,24,5041,10817
2023-07-10 10:24:52,22,24,5071,10847
2023-07-10 10:25:03,22,23,5071,10847
2023-07-10 10:25:04,22,24,5071,10847
2023-07-10 10:25:08,22,23,5071,10847
2023-07-10 10:25:17,22,24,5071,10847
2023-07-10 10:25:19,22,23,5071,10847
2023-07-10 10:25:19,22,23,5073,10849
2023-07-10 10:25:20,22,24,5073,10849
2023-07-10 10:25:21,22,23,5073,10849
2023-07-10 10:25:22,22,24,5073,10849
2023-07-10 10:25:23,22,24,5073,10849
2023-07-10 10:25:24,22,23,5073,10849
2023-07-10 10:25:26,21,23,5101,10877
2023-07-10 10:25:30,21,22,5101,10877
2023-07-10 10:25:31,20,21,5164,10945
2023-07-10 10:25:31,20,22,5164,10945
2023-07-10 10:25:33,20,22,5564,11345
2023-07-10 10:25:34,20,21,5564,11345
2023-07-10 10:25:34,20,21,5964,11745
2023-07-10 10:25:36,19,21,5964,11745
2023-07-10 10:25:45,19,22,5964,11745
2023-07-10 10:25:45,20,22,5964,11745
2023-07-10 10:25:48,20,23,5964,11745
2023-07-10 10:25:49,21,23,5964,11745
2023-07-10 10:26:03,22,23,5964,11745
2023-07-10 10:26:13,21,23,5964,11745
2023-07-10 10:26:23,21,24,5904,11805
2023-07-10 10:26:24,22,24,5904,11805
2023-07-10 10:26:33,23,24,5904,11805
2023-07-10 10:26:46,22,24,5904,11805
2023-07-10 10:26:57,22,23,5904,11805
2023-07-10 10:27:30,22,24,5904,11805
2023-07-10 10:27:34,22,24,5654,12055
2023-07-10 10:27:35,23,24,5654,12055
2023-07-10 10:27:35,23,25,5472,12237
2023-07-10 10:27:40,24,25,5472,12237
2023-07-10 10:27:41,24,26,5444,12265
2023-07-10 10:28:02,25,26,5444,12265
2023-07-10 10:28:10,25,27,5386,12323
2023-07-10 10:28:31,26,27,5386,12323
2023-07-10 10:28:31,26,28,5354,12355
2023-07-10 10:28:40,26,29,5354,12355
2023-07-10 10:28:43,27,29,5354,12355
2023-07-10 10:29:38,27,28,5354,12355
2023-07-10 10:29:43,27,29,5354,12355
2023-07-10 10:30:29,27,28,5354,12355
2023-07-10 10:30:33,26,27,5354,12385
2023-07-10 10:30:36,26,28,5354,12385
2023-07-10 10:30:59,27,28,5354,12385
2023-07-10 10:31:03,27,29,5304,12435
2023-07-10 10:31:16,28,29,5304,12435
2023-07-10 10:31:23,26,29,5304,12435
2023-07-10 10:31:23,27,29,5304,12435
2023-07-10 10:31:50,28,29,5304,12435
2023-07-10 10:31:59,28,29,5054,12685
2023-07-10 10:32:02,28,30,4984,12755
2023-07-10 10:32:09,29,30,4984,12755
2023-07-10 10:32:14,29,32,4884,12855
2023-07-10 10:32:15,30,32,4884,12855
2023-07-10 10:32:53,29,32,4884,12855
2023-07-10 10:33:14,30,32,4884,12855
2023-07-10 10:33:31,31,32,4884,12855
2023-07-10 10:33:44,32,33,4884,12905
2023-07-10 10:33:46,33,35,4896,12955
2023-07-10 10:33:46,32,35,5046,13105
2023-07-10 10:33:47,33,35,5046,13105
2023-07-10 10:33:48,33,34,5046,13105
2023-07-10 10:34:07,33,35,5046,13155
2023-07-10 10:34:09,34,35,5046,13155
2023-07-10 10:34:14,33,35,5046,13155
2023-07-10 10:34:20,33,34,5046,13155
2023-07-10 10:34:24,32,34,5046,13155
2023-07-10 10:35:01,33,34,5046,13155
2023-07-10 10:35:14,32,34,5046,13155
2023-07-10 10:35:31,33,34,5046,13155
2023-07-10 10:35:54,34,35,5066,13175
2023-07-10 10:35:54,35,36,5086,13195
2023-07-10 10:35:55,35,37,5086,13195
2023-07-10 10:35:55,36,37,5086,13195
2023-07-10 10:35:56,36,38,5086,13195
2023-07-10 10:35:58,36,39,5086,13195
2023-07-10 10:35:58,37,39,5086,13195
2023-07-10 10:36:01,38,39,5086,13195
2023-07-10 10:36:15,38,39,5106,13215
2023-07-10 10:36:19,37,39,5106,13215
2023-07-10 10:36:36,38,39,5106,13215
2023-07-10 10:36:42,37,39,5106,13215
2023-07-10 10:36:42,38,39,5106,13215
2023-07-10 10:37:05,37,39,5106,13215
2023-07-10 10:37:29,37,38,5106,13215
2023-07-10 10:37:30,37,39,5106,13215
2023-07-10 10:37:30,36,39,5106,13215
2023-07-10 10:37:38,36,38,5106,13215
2023-07-10 10:37:42,36,39,5106,13215
2023-07-10 10:37:49,37,39,5106,13215
2023-07-10 10:38:43,37,38,5106,13215
2023-07-10 10:38:44,36,38,5106,13215
2023-07-10 10:38:50,36,37,5106,13215
2023-07-10 10:38:51,35,37,5106,13215
2023-07-10 10:38:51,36,37,5106,13215
2023-07-10 10:38:53,35,36,5006,13315
2023-07-10 10:38:53,34,36,5006,13315
2023-07-10 10:38:53,35,36,5006,13315
2023-07-10 10:38:54,35,37,5006,13315
2023-07-10 10:38:55,35,36,5006,13315
2023-07-10 10:38:58,35,37,5006,13315
2023-07-10 10:39:06,35,36,5006,13315
2023-07-10 10:39:17,35,37,5006,13315
2023-07-10 10:39:19,35,36,5006,13315
2023-07-10 10:39:20,34,35,4906,13415
2023-07-10 10:39:22,33,35,4906,13415
2023-07-10 10:39:36,32,35,4906,13415
2023-07-10 10:39:36,32,34,4906,13415
2023-07-10 10:39:38,32,35,4906,13415
2023-07-10 10:39:38,32,34,4906,13415
2023-07-10 10:39:49,31,34,4906,13415
2023-07-10 10:39:55,32,34,4906,13415
2023-07-10 10:40:04,32,33,4906,13415
2023-07-10 10:40:04,31,33,4906,13415
2023-07-10 10:40:08,31,34,4906,13415
2023-07-10 10:40:19,31,34,4909,13418
2023-07-10 10:40:25,32,34,4909,13418
2023-07-10 10:41:00,33,34,4909,13418
2023-07-10 10:41:04,33,35,4909,13438
2023-07-10 10:41:32,33,34,4909,13438
2023-07-10 10:41:37,33,35,4909,13438
2023-07-10 10:42:04,33,34,4909,13438
2023-07-10 10:42:08,32,33,4889,13458
2023-07-10 10:42:10,31,32,4839,13508
2023-07-10 10:42:30,31,33,4839,13508
2023-07-10 10:42:46,31,34,4839,13508
2023-07-10 10:42:49,32,34,4839,13508
2023-07-10 10:42:49,32,35,4839,13508
2023-07-10 10:42:52,33,35,4839,13508
2023-07-10 10:43:14,34,35,4839,13508
2023-07-10 10:43:15,35,36,4859,13528
2023-07-10 10:43:15,35,36,4879,13548
2023-07-10 10:43:40,36,38,4899,13568
2023-07-10 10:43:41,37,38,4899,13568
2023-07-10 10:43:49,37,38,4933,13602
2023-07-10 10:44:02,38,39,4953,13622
2023-07-10 10:44:05,37,39,4953,13622
2023-07-10 10:44:08,38,39,4953,13622
2023-07-10 10:44:18,37,39,4953,13622
2023-07-10 10:45:12,36,39,4953,13622
2023-07-10 10:45:13,36,38,4953,13622
2023-07-10 10:45:17,35,38,4953,13622
2023-07-10 10:45:40,35,37,4953,13622
2023-07-10 10:45:57,35,38,4953,13622
2023-07-10 10:45:59,35,37,4953,13622
2023-07-10 10:46:01,35,38,4953,13622
2023-07-10 10:46:07,35,37,4953,13622
2023-07-10 10:46:12,35,36,4953,13622
2023-07-10 10:46:26,33,36,4953,13622
2023-07-10 10:46:34,33,35,4953,13622
2023-07-10 10:46:36,33,36,4953,13622
2023-07-10 10:46:47,33,35,4953,13622
2023-07-10 10:46:50,33,36,4953,13622
2023-07-10 10:47:10,33,35,4953,13622
2023-07-10 10:47:12,33,34,4953,13622
2023-07-10 10:47:29,33,35,4953,13622
2023-07-10 10:47:34,33,36,4953,13622
2023-07-10 10:47:38,33,35,4953,13622
2023-07-10 10:47:40,33,36,4953,13622
2023-07-10 10:47:42,33,35,4953,13622
2023-07-10 10:47:49,33,36,4953,13622
2023-07-10 10:48:13,34,36,4953,13622
2023-07-10 10:48:13,34,37,4953,13622
2023-07-10 10:48:29,35,37,4953,13622
2023-07-10 10:48:30,35,38,4953,13622
2023-07-10 10:48:36,35,37,4953,13622
2023-07-10 10:48:36,34,37,4953,13622
2023-07-10 10:48:38,34,36,4953,13622
2023-07-10 10:48:49,34,35,4953,13622
2023-07-10 10:48:53,33,34,4903,13672
2023-07-10 10:49:00,33,35,4903,13672
2023-07-10 10:49:01,33,36,4903,13672
2023-07-10 10:49:39,33,37,4903,13672
2023-07-10 10:49:39,34,37,4903,13672
2023-07-10 10:49:46,34,36,4903,13672
2023-07-10 10:49:51,34,37,4903,13672
2023-07-10 10:50:01,34,36,4903,13672
2023-07-10 10:50:27,34,35,4903,13672
2023-07-10 10:50:35,34,36,4903,13672
2023-07-10 10:50:36,34,35,4903,13672
2023-07-10 10:50:48,33,34,4873,13702
2023-07-10 10:50:53,32,33,4841,13752
2023-07-10 10:51:03,32,33,4841,13952
2023-07-10 10:51:05,32,34,4841,13952
2023-07-10 10:51:17,32,33,4841,13952
2023-07-10 10:51:20,32,34,4841,13952
2023-07-10 10:51:39,33,34,4841,13952
2023-07-10 10:51:41,34,35,4861,13990
2023-07-10 10:51:42,34,36,4861,13990
2023-07-10 10:51:42,34,37,4861,13990
2023-07-10 10:51:42,34,35,4861,13990
2023-07-10 10:51:53,34,35,4861,14190
2023-07-10 10:51:58,35,37,4881,14210
2023-07-10 10:52:23,36,37,4881,14210
2023-07-10 10:52:24,36,38,4881,14230
2023-07-10 10:52:24,36,39,4881,14230
2023-07-10 10:52:29,37,39,4881,14230
2023-07-10 10:53:30,36,39,4881,14230
2023-07-10 10:53:32,36,38,4881,14230
2023-07-10 10:53:36,35,38,4881,14230
2023-07-10 10:53:37,36,38,4881,14230
2023-07-10 10:53:46,36,39,4881,14230
2023-07-10 10:53:56,36,38,4881,14230
2023-07-10 10:54:01,36,37,4881,14230
2023-07-10 10:54:09,36,38,4881,14230
2023-07-10 10:54:22,36,39,4881,14230
2023-07-10 10:54:28,37,39,4881,14230
2023-07-10 10:55:09,37,38,4881,14230
2023-07-10 10:55:12,37,38,4681,14430
2023-07-10 10:55:23,36,38,4681,14430
2023-07-10 10:55:36,37,38,4681,14430
2023-07-10 10:55:44,38,39,4701,14450
2023-07-10 10:56:03,37,39,4701,14450
2023-07-10 10:56:29,37,39,4721,14550
2023-07-10 10:57:01,37,40,4721,14550
2023-07-10 10:57:06,37,39,4721,14550
2023-07-10 10:57:22,37,38,4721,14550
2023-07-10 10:57:32,36,37,4703,14600
2023-07-10 10:57:33,36,38,4703,14600
2023-07-10 10:57:34,36,37,4703,14600
2023-07-10 10:57:36,35,37,4703,14600
2023-07-10 10:57:54,35,36,4703,14600
2023-07-10 10:58:04,35,37,4703,14600
2023-07-10 10:58:23,35,36,4703,14600
2023-07-10 10:58:27,35,37,4703,14600
2023-07-10 10:58:31,35,36,4703,14600
2023-07-10 10:58:38,34,36,4703,14650
2023-07-10 10:59:00,35,36,4703,14650
2023-07-10 10:59:17,36,37,4703,14670
2023-07-10 10:59:20,37,39,4711,14690
2023-07-10 10:59:51,36,39,4711,14690
2023-07-10 10:59:53,36,38,4711,14690
2023-07-10 10:59:54,36,39,4711,14690
2023-07-10 11:00:00,37,39,4711,14690
2023-07-10 11:00:02,36,39,4711,14690
2023-07-10 11:00:05,37,39,4711,14690
2023-07-10 11:00:18,38,39,4711,14690
2023-07-10 11:00:24,37,39,4711,14690
2023-07-10 11:00:48,38,39,4711,14690
2023-07-10 11:00:49,37,39,4711,14690
2023-07-10 11:00:50,38,39,4711,14690
2023-07-10 11:00:54,37,39,4711,14690
2023-07-10 11:01:00,38,39,4711,14690
2023-07-10 11:01:11,37,39,4711,14690
2023-07-10 11:01:18,36,39,4711,14690
2023-07-10 11:01:19,36,39,4731,14710
2023-07-10 11:01:30,36,38,4731,14710
2023-07-10 11:01:31,36,39,4731,14710
2023-07-10 11:01:41,36,38,4731,14710
2023-07-10 11:01:42,36,39,4731,14710
2023-07-10 11:01:51,37,39,4731,14710
2023-07-10 11:01:51,37,39,5131,15110
2023-07-10 11:02:01,36,39,5131,15110
2023-07-10 11:02:01,36,38,5131,15110
2023-07-10 11:02:06,36,37,5131,15110
2023-07-10 11:02:22,36,38,5131,15110
2023-07-10 11:02:27,37,38,5131,15110
2023-07-10 11:02:30,37,39,5131,15110
2023-07-10 11:03:23,38,39,5131,15110
2023-07-10 11:03:27,39,40,5151,15130
2023-07-10 11:03:34,39,40,5171,15330
2023-07-10 11:03:34,39,41,5171,15330
2023-07-10 11:03:34,39,42,5171,15330
2023-07-10 11:03:35,40,42,5171,15330
2023-07-10 11:03:35,41,42,5171,15330
2023-07-10 11:03:35,41,42,5171,15350
2023-07-10 11:03:47,42,43,5191,15470
2023-07-10 11:04:03,41,43,5191,15470
2023-07-10 11:04:38,41,42,5191,15470
2023-07-10 11:04:47,39,42,5191,15470
2023-07-10 11:04:47,40,42,5191,15470
2023-07-10 11:05:04,40,41,5191,15470
2023-07-10 11:05:05,40,42,5191,15470
2023-07-10 11:05:19,40,41,5191,15470
2023-07-10 11:05:21,40,41,5127,15670
2023-07-10 11:05:22,38,41,5127,15670
2023-07-10 11:05:26,38,40,5127,15670
2023-07-10 11:05:35,38,41,5127,15670
2023-07-10 11:05:39,38,40,5127,15670
2023-07-10 11:05:44,38,39,5127,15670
2023-07-10 11:05:45,38,39,5127,15674
2023-07-10 11:05:46,37,38,5031,15770
2023-07-10 11:05:50,37,39,5031,15770
2023-07-10 11:05:51,36,39,5031,15770
2023-07-10 11:06:02,36,38,5031,15770
2023-07-10 11:06:06,36,39,5031,15770
2023-07-10 11:06:35,37,39,5031,15770
2023-07-10 11:06:35,37,40,5031,15770
2023-07-10 11:06:38,38,40,5031,15770
2023-07-10 11:06:44,38,41,5031,15770
2023-07-10 11:07:17,38,40,5031,15770
2023-07-10 11:07:52,38,41,5031,15770
2023-07-10 11:07:55,39,41,5031,15770
2023-07-10 11:08:06,38,41,5031,15770
2023-07-10 11:08:09,39,41,5031,15770
2023-07-10 11:08:12,38,41,5031,15770
2023-07-10 11:08:22,39,41,5031,15770
2023-07-10 11:08:36,38,41,5031,15770
2023-07-10 11:08:41,38,40,5031,15770
2023-07-10 11:08:43,38,39,5031,15770
2023-07-10 11:08:44,38,39,4831,15970
2023-07-10 11:08:45,38,40,4831,16370
2023-07-10 11:08:48,38,39,4831,16370
2023-07-10 11:09:12,38,40,4831,16370
2023-07-10 11:09:45,39,40,4831,16370
2023-07-10 11:10:26,39,40,4831,16770
2023-07-10 11:11:23,39,41,4831,16773
2023-07-10 11:12:03,39,40,4831,16773
2023-07-10 11:12:54,40,41,4834,16776
2023-07-10 11:13:07,39,41,4834,16776
2023-07-10 11:13:15,40,41,4834,16776
2023-07-10 11:13:33,41,42,4854,16796
2023-07-10 11:13:34,42,43,4874,16816
2023-07-10 11:13:40,42,44,4894,16883
2023-07-10 11:13:45,42,43,4894,16883
2023-07-10 11:14:08,41,42,4844,16933
2023-07-10 11:14:09,39,42,4844,16933
2023-07-10 11:14:12,39,41,4844,16933
2023-07-10 11:14:30,39,40,4844,16933
2023-07-10 11:14:34,39,41,4844,16933
2023-07-10 11:14:36,39,40,4844,16933
2023-07-10 11:14:37,39,41,4844,16933
2023-07-10 11:14:37,39,40,4844,16933
2023-07-10 11:14:40,39,41,4844,16933
2023-07-10 11:14:46,39,40,4844,16933
2023-07-10 11:14:51,39,40,4826,16980
2023-07-10 11:14:59,39,40,4870,17027
2023-07-10 11:15:00,37,39,4911,17068
2023-07-10 11:15:01,37,40,4911,17068
2023-07-10 11:15:08,37,39,4911,17068
2023-07-10 11:15:09,37,38,4911,17068
2023-07-10 11:15:20,36,38,4931,17104
2023-07-10 11:15:22,36,39,4931,17104
2023-07-10 11:15:22,36,38,4931,17104
2023-07-10 11:15:27,37,38,4931,17104
2023-07-10 11:16:21,38,39,4911,17124
2023-07-10 11:18:20,39,40,4911,17164
2023-07-10 11:18:34,40,42,4894,17289
2023-07-10 11:18:35,39,42,4894,17289
2023-07-10 11:18:38,40,42,4894,17289
2023-07-10 11:18:44,41,42,4894,17289
2023-07-10 11:19:10,40,42,4894,17289
2023-07-10 11:19:32,41,42,4894,17289
2023-07-10 11:19:54,40,42,4894,17289
2023-07-10 11:20:03,41,42,4894,17289
2023-07-10 11:20:17,40,42,4894,17289
2023-07-10 11:20:32,39,42,4894,17289
2023-07-10 11:20:33,39,41,4894,17289
2023-07-10 11:20:40,39,40,4894,17289
2023-07-10 11:20:44,38,40,4894,17339
2023-07-10 11:21:02,38,39,4894,17339
2023-07-10 11:21:03,38,40,4894,17339
2023-07-10 11:21:26,38,41,4894,17339
2023-07-10 11:21:35,39,41,4894,17339
2023-07-10 11:21:37,38,41,4894,17339
2023-07-10 11:21:37,38,42,4894,17339
2023-07-10 11:21:39,38,41,4894,17339
2023-07-10 11:21:49,39,41,4894,17339
2023-07-10 11:21:49,39,42,4894,17339
2023-07-10 11:22:06,40,42,4894,17339
2023-07-10 11:23:11,41,42,4894,17339
2023-07-10 11:24:26,42,43,4914,17359
2023-07-10 11:24:34,43,44,4934,17379
2023-07-10 11:24:35,42,44,4934,17379
2023-07-10 11:24:36,43,44,4934,17379
2023-07-10 11:24:37,42,44,4934,17379
2023-07-10 11:24:38,43,44,4934,17379
2023-07-10 11:24:43,42,44,4934,17379
2023-07-10 11:25:06,41,44,4934,17379
2023-07-10 11:25:36,41,43,4934,17379
2023-07-10 11:25:48,41,42,4934,17379
2023-07-10 11:25:56,40,42,4934,17429
2023-07-10 11:26:07,40,41,4934,17429
2023-07-10 11:26:09,39,41,4964,17479
2023-07-10 11:26:10,39,42,4964,17479
2023-07-10 11:26:11,40,42,4964,17479
2023-07-10 11:26:11,42,43,5456,18099
2023-07-10 11:26:11,42,43,5856,18499
2023-07-10 11:26:13,42,43,5876,18529
2023-07-10 11:26:17,42,43,6126,18779
2023-07-10 11:26:17,42,43,6526,19179
2023-07-10 11:26:18,41,43,6826,19479
2023-07-10 11:26:18,42,43,6826,19479
2023-07-10 11:26:38,43,44,6826,19499
2023-07-10 11:26:39,43,44,6826,19749
2023-07-10 11:26:45,44,45,6826,19769
2023-07-10 11:26:50,44,45,6826,19789
2023-07-10 11:26:50,44,45,6826,19809
2023-07-10 11:26:58,43,45,6826,19809
2023-07-10 11:26:59,42,45,6826,19809
2023-07-10 11:26:59,43,45,6826,19809
2023-07-10 11:27:00,43,44,6826,19809
2023-07-10 11:27:00,42,44,6826,19809
2023-07-10 11:27:57,42,43,6826,19809
2023-07-10 11:27:58,41,43,6826,19899
2023-07-10 11:27:59,40,43,6826,19899
2023-07-10 11:28:02,40,42,6826,19899
2023-07-10 11:28:02,41,42,6826,19899
2023-07-10 11:28:07,39,42,6826,19939
2023-07-10 11:28:09,39,43,6826,19939
2023-07-10 11:28:11,39,42,6826,19939
2023-07-10 11:28:18,39,41,6826,19939
2023-07-10 11:28:26,39,40,6826,19939
2023-07-10 11:28:28,38,40,6846,19959
2023-07-10 11:28:28,38,39,6846,19959
2023-07-10 11:30:21,37,38,6866,19979
2023-07-10 11:30:23,36,37,6886,19999
2023-07-10 11:30:23,35,37,6886,19999
2023-07-10 11:30:35,35,38,6950,20199
2023-07-10 11:30:39,36,38,6950,20199
2023-07-10 11:30:40,35,38,6950,20199
2023-07-10 11:30:52,35,37,6950,20199
2023-07-10 11:30:57,35,36,6950,20199
2023-07-10 11:30:57,34,36,6970,20219
2023-07-10 11:31:46,35,36,6970,20219
2023-07-10 11:31:46,35,36,7070,20319
2023-07-10 11:31:48,34,36,7171,20420
2023-07-10 11:31:49,34,35,7171,20420
2023-07-10 11:31:49,33,35,7191,20440
2023-07-10 11:31:54,33,36,7191,20440
2023-07-10 11:31:54,33,35,7191,20440
2023-07-10 11:32:03,33,35,7191,20504
2023-07-10 11:32:03,33,36,7191,20504
2023-07-10 11:32:03,33,35,7191,20504
2023-07-10 11:32:03,33,35,7191,20568
2023-07-10 11:32:03,33,36,7191,20568
2023-07-10 11:32:05,33,35,7191,20568
2023-07-10 11:32:08,33,36,7191,20568
2023-07-10 11:32:09,33,35,7191,20568
2023-07-10 11:32:28,33,36,7191,20568
2023-07-10 11:32:37,33,35,7191,20568
2023-07-10 11:33:30,33,35,7187,20572
2023-07-10 11:33:44,33,34,7187,20572
2023-07-10 11:33:51,31,32,7227,20612
2023-07-10 11:33:52,30,32,7247,20632
2023-07-10 11:34:18,31,32,7247,20632
2023-07-10 11:35:12,31,33,7427,20832
2023-07-10 11:36:24,31,32,7427,20832
2023-07-10 11:36:24,31,32,7519,20988
2023-07-10 11:36:24,30,32,7519,20988
2023-07-10 11:36:42,30,33,7519,20988
2023-07-10 11:36:42,30,32,7519,20988
2023-07-10 11:36:44,30,33,7519,20988
2023-07-10 11:37:06,31,33,7519,20988
2023-07-10 11:37:12,32,33,7519,20988
2023-07-10 11:37:22,31,33,7519,20988
2023-07-10 11:38:01,32,33,7519,20988
2023-07-10 11:38:05,31,33,7519,20988
2023-07-10 11:38:29,32,33,7519,20988
2023-07-10 11:38:31,31,33,7519,20988
2023-07-10 11:39:16,31,32,7519,20988
2023-07-10 11:39:18,30,32,7539,21008
2023-07-10 11:39:24,30,33,7539,21008
2023-07-10 11:39:51,31,33,7539,21008
2023-07-10 11:40:04,30,33,7539,21008
2023-07-10 11:40:10,30,32,7539,21008
2023-07-10 11:40:19,30,33,7539,21008
2023-07-10 11:40:20,31,33,7539,21008
2023-07-10 11:40:40,30,33,7539,21008
2023-07-10 11:40:47,31,33,7539,21008
2023-07-10 11:41:00,32,33,7539,21008
2023-07-10 11:41:35,33,34,7489,21058
2023-07-10 11:41:36,32,34,7489,21058
2023-07-10 11:41:39,33,34,7489,21058
2023-07-10 11:41:41,34,35,7439,21108
2023-07-10 11:42:39,35,36,7419,21128
2023-07-10 11:42:59,34,36,7419,21128
2023-07-10 11:43:18,35,36,7419,21128
2023-07-10 11:43:27,35,37,7369,21178
2023-07-10 11:43:27,36,37,7369,21178
2023-07-10 11:43:34,37,38,7413,21228
2023-07-10 11:43:35,38,39,7413,21278
2023-07-10 11:43:36,37,39,7413,21278
2023-07-10 11:43:53,36,39,7413,21278
2023-07-10 11:43:53,37,39,7413,21278
2023-07-10 11:44:26,38,39,7413,21278
2023-07-10 11:44:28,39,40,7413,21324
2023-07-10 11:44:37,39,40,7413,21424
2023-07-10 11:44:41,39,40,7405,21624
2023-07-10 11:44:42,39,40,7104,21957
2023-07-10 11:44:43,40,43,7473,22326
2023-07-10 11:44:52,41,43,7473,22326
2023-07-10 11:44:55,42,43,7473,22326
2023-07-10 11:45:01,43,45,7493,22346
2023-07-10 11:45:03,44,45,7493,22346
2023-07-10 11:45:04,43,45,7493,22346
2023-07-10 11:45:15,44,45,7493,22346
2023-07-10 11:45:16,44,45,7693,22546
2023-07-10 11:45:16,44,45,8093,22946
2023-07-10 11:45:22,45,46,8233,23086
2023-07-10 11:45:33,46,47,8233,23095
2023-07-10 11:45:43,44,46,8233,23186
2023-07-10 11:45:43,44,46,8250,23203
2023-07-10 11:45:44,45,46,8250,23203
2023-07-10 11:45:51,45,47,8250,23203
2023-07-10 11:45:53,46,47,8250,23203
2023-07-10 11:46:02,45,47,8250,23203
2023-07-10 11:46:04,45,46,8250,23203
2023-07-10 11:46:07,44,46,8250,23203
2023-07-10 11:46:15,45,46,8250,23203
2023-07-10 11:46:23,46,47,8270,23223
2023-07-10 11:46:30,46,47,8273,23226
2023-07-10 11:46:30,46,47,8320,23273
2023-07-10 11:46:32,47,48,8352,23314
2023-07-10 11:46:35,47,48,8402,23364
2023-07-10 11:46:46,47,49,8385,23406
2023-07-10 11:46:46,47,48,8385,23406
2023-07-10 11:46:52,47,49,8385,23406
2023-07-10 11:46:56,47,48,8385,23406
2023-07-10 11:47:01,47,49,8385,23406
2023-07-10 11:47:01,47,48,8385,23406
2023-07-10 11:47:02,48,49,8485,23506
2023-07-10 11:47:02,47,49,8585,23606
2023-07-10 11:47:03,48,49,8585,23606
2023-07-10 11:47:04,49,50,8640,23661
2023-07-10 11:47:11,50,51,8676,23697
2023-07-10 11:47:12,50,51,8840,23861
2023-07-10 11:47:12,49,50,8876,23897
2023-07-10 11:47:12,49,51,8876,23897
2023-07-10 11:47:52,48,51,8876,23897
2023-07-10 11:47:52,48,50,8876,23897
2023-07-10 11:48:04,48,51,8876,23897
2023-07-10 11:48:04,48,50,8876,23897
2023-07-10 11:49:12,47,50,8876,23897
2023-07-10 11:49:17,47,49,8876,23897
2023-07-10 11:49:19,47,50,8876,23897
2023-07-10 11:49:24,47,49,8876,23897
2023-07-10 11:49:32,47,48,8876,23897
2023-07-10 11:50:08,46,48,8876,23917
2023-07-10 11:50:12,47,48,8876,23917
2023-07-10 11:50:19,46,48,8876,23917
2023-07-10 11:50:20,47,48,8876,23917
2023-07-10 11:51:23,46,47,8856,23937
2023-07-10 11:51:30,46,48,8856,23937
2023-07-10 11:51:59,47,48,8856,23937
2023-07-10 11:52:19,46,48,8856,23937
2023-07-10 11:52:24,47,48,8856,23937
2023-07-10 11:52:34,46,48,8856,23937
2023-07-10 11:53:01,46,47,8856,23937
2023-07-10 11:53:20,46,47,8856,23940
2023-07-10 11:53:42,45,46,8839,23957
2023-07-10 11:53:43,45,47,8839,23957
2023-07-10 11:53:43,44,47,8839,23957
2023-07-10 11:53:44,44,46,8839,23957
2023-07-10 11:53:53,44,45,8839,23957
2023-07-10 11:54:00,43,45,8839,23957
2023-07-10 11:54:00,44,45,8839,23957
2023-07-10 11:54:07,44,46,8639,24157
2023-07-10 11:54:32,44,45,8639,24157
2023-07-10 11:54:37,44,46,8639,24157
2023-07-10 11:54:39,44,45,8639,24157
2023-07-10 11:55:04,43,44,8622,24174
2023-07-10 11:55:06,43,45,8422,24374
2023-07-10 11:55:20,43,44,8422,24374
2023-07-10 11:55:21,43,45,8222,24574
2023-07-10 11:55:22,43,44,8222,24574
2023-07-10 11:55:23,43,44,8222,24824
2023-07-10 11:55:33,43,45,8222,24824
2023-07-10 11:55:51,43,46,8222,24824
2023-07-10 11:55:52,44,46,8222,24824
2023-07-10 11:55:56,44,45,8222,24824
2023-07-10 11:55:56,43,45,8222,24824
2023-07-10 11:56:07,44,45,8222,24824
2023-07-10 11:56:15,44,46,8222,24824
2023-07-10 11:56:23,45,46,8222,24824
2023-07-10 11:56:54,44,45,8172,24874
2023-07-10 11:57:05,44,46,8172,24874
2023-07-10 11:57:05,44,45,8172,24874
2023-07-10 11:57:18,44,46,8172,24874
2023-07-10 11:57:19,45,46,8172,24874
2023-07-10 11:57:31,46,47,8172,24894
2023-07-10 11:57:31,46,47,8172,24914
2023-07-10 11:57:31,46,47,8172,24934
2023-07-10 11:57:39,47,48,8172,24954
2023-07-10 11:58:18,46,48,8172,24954
2023-07-10 11:58:18,48,49,8172,24974
2023-07-10 11:59:08,47,49,8172,24974
2023-07-10 11:59:08,49,50,8172,24994
2023-07-10 11:59:09,48,50,8172,25124
2023-07-10 11:59:09,48,49,8172,25124
2023-07-10 11:59:10,49,50,8192,25144
2023-07-10 11:59:10,49,50,8195,25147
2023-07-10 11:59:11,48,50,8195,25147
2023-07-10 11:59:15,49,50,8195,25147
2023-07-10 11:59:35,49,50,8245,25197
2023-07-10 11:59:36,50,51,8265,25217
2023-07-10 12:00:11,51,53,8336,25288
2023-07-10 12:00:18,51,52,8336,25288
2023-07-10 12:00:21,51,53,8336,25288
2023-07-10 12:00:38,52,53,8336,25288
2023-07-10 12:00:49,51,53,8336,25288
2023-07-10 12:00:49,51,52,8336,25288
2023-07-10 12:00:51,51,52,8436,25388
2023-07-10 12:00:52,51,53,8436,25388
2023-07-10 12:00:53,51,52,8436,25388
2023-07-10 12:01:05,52,53,8456,25408
2023-07-10 12:01:10,52,53,8529,25481
2023-07-10 12:01:11,53,54,8549,25501
2023-07-10 12:01:41,53,54,8583,25535
2023-07-10 12:02:13,53,54,8583,25635
2023-07-10 12:02:24,52,54,8629,25681
2023-07-10 12:02:24,52,53,8629,25681
2023-07-10 12:02:25,52,53,8679,25731
2023-07-10 12:02:29,52,53,8719,25771
2023-07-10 12:02:35,52,53,8798,25850
2023-07-10 12:02:36,52,53,8836,25888
2023-07-10 12:02:42,51,53,8836,25888
2023-07-10 12:03:42,52,53,8836,25888
2023-07-10 12:04:17,51,53,9036,26088
2023-07-10 12:04:17,51,52,9036,26088
2023-07-10 12:04:34,51,52,9196,26248
2023-07-10 12:07:50,51,52,9196,26365
2023-07-10 12:07:58,49,52,9345,26534
2023-07-10 12:08:43,49,50,9345,26534
2023-07-10 12:10:11,48,49,9305,26574
2023-07-10 12:10:15,47,49,9305,26574
2023-07-10 12:10:16,47,48,9305,26574
2023-07-10 12:10:22,47,49,9305,26574
2023-07-10 12:10:43,47,48,9305,26574
2023-07-10 12:11:11,47,49,9305,26574
2023-07-10 12:11:11,47,48,9305,26574
2023-07-10 12:11:12,48,49,9325,26594
2023-07-10 12:11:12,48,49,9345,26614
2023-07-10 12:11:13,47,49,9345,26614
2023-07-10 12:11:37,47,48,9345,26614
2023-07-10 12:12:10,47,49,9345,26614
2023-07-10 12:12:54,47,48,9345,26614
2023-07-10 12:12:55,47,49,9345,26614
2023-07-10 12:13:11,47,48,9345,26614
2023-07-10 12:15:22,47,49,9345,26614
2023-07-10 12:15:29,47,50,9313,26646
2023-07-10 12:15:29,47,49,9313,26646
2023-07-10 12:15:29,47,50,9313,26646
2023-07-10 12:15:34,47,49,9313,26646
2023-07-10 12:15:36,47,50,9313,26646
2023-07-10 12:15:37,47,49,9313,26646
2023-07-10 12:15:38,47,50,9313,26646
2023-07-10 12:16:08,48,50,9313,26646
2023-07-10 12:16:59,49,50,9313,26646
2023-07-10 12:17:04,49,51,9313,26646
2023-07-10 12:17:52,49,50,9313,26646
2023-07-10 12:17:54,49,51,9313,26646
2023-07-10 12:18:44,50,51,9313,26646
2023-07-10 12:19:07,51,52,9333,26666
2023-07-10 12:19:51,51,53,9333,26866
2023-07-10 12:20:26,52,53,9333,26866
2023-07-10 12:21:40,53,54,9399,26932
2023-07-10 12:26:42,53,55,9399,26952
2023-07-10 12:27:39,54,55,9399,26952
2023-07-10 12:28:05,54,56,9399,26972
2023-07-10 12:29:29,53,56,9399,26972
2023-07-10 12:29:29,53,55,9399,26972
2023-07-10 12:29:30,53,56,9399,26972
2023-07-10 12:29:30,53,55,9399,26972
2023-07-10 12:29:45,53,56,9399,26972
2023-07-10 12:29:46,53,56,9199,27172
2023-07-10 12:29:57,54,56,9199,27172
2023-07-10 12:31:01,55,56,9199,27172
2023-07-10 12:31:03,55,57,8999,27392
2023-07-10 12:32:30,55,57,8999,27622
2023-07-10 12:33:04,56,57,8999,27622
2023-07-10 12:33:14,55,57,8999,27622
2023-07-10 12:33:20,55,56,8999,27622
2023-07-10 12:33:21,55,57,8999,27622
2023-07-10 12:33:27,55,56,8999,27622
2023-07-10 12:33:28,54,56,8999,27622
2023-07-10 12:33:28,55,56,8999,27622
2023-07-10 12:33:35,55,57,8999,27622
2023-07-10 12:33:39,55,56,8999,27622
2023-07-10 12:34:11,55,56,8999,27822
2023-07-10 12:34:14,54,56,8999,27822
2023-07-10 12:34:14,55,56,8999,27822
2023-07-10 12:34:18,54,56,8999,28022
2023-07-10 12:35:08,55,56,8999,28022
2023-07-10 12:35:15,56,57,9002,28025
2023-07-10 12:35:23,56,57,9202,28225
2023-07-10 12:35:29,56,57,9402,28425
2023-07-10 12:35:34,56,57,9602,28625
2023-07-10 12:35:47,56,58,9602,28645
2023-07-10 12:37:38,56,57,9602,28645
2023-07-10 12:37:40,55,57,9602,28645
2023-07-10 12:37:42,55,56,9602,28645
2023-07-10 12:37:45,54,56,9602,28645
2023-07-10 12:37:46,55,56,9602,28645
2023-07-10 12:37:48,55,56,9602,28845
2023-07-10 12:37:54,54,56,9602,29045
2023-07-10 12:37:58,54,57,9602,29045
2023-07-10 12:38:03,54,55,9602,29045
2023-07-10 12:38:04,54,55,9602,29445
2023-07-10 12:38:05,54,55,9582,29645
2023-07-10 12:38:05,53,54,9559,29888
2023-07-10 12:38:07,51,53,9539,30008
2023-07-10 12:38:10,52,53,9539,30008
2023-07-10 12:38:10,52,54,9539,30008
2023-07-10 12:38:29,53,54,9539,30008
2023-07-10 12:38:29,53,55,9539,30008
2023-07-10 12:38:39,55,56,9539,30045
2023-07-10 12:38:39,55,57,9539,30045
2023-07-10 12:39:16,55,56,9539,30045
2023-07-10 12:39:32,53,56,9539,30045
2023-07-10 12:39:48,53,55,9539,30045
2023-07-10 12:40:00,53,56,9539,30045
2023-07-10 12:40:05,54,56,9539,30045
2023-07-10 12:40:05,54,57,9539,30045
2023-07-10 12:40:11,54,56,9539,30045
2023-07-10 12:40:24,54,55,9539,30045
2023-07-10 12:40:34,53,54,9539,30065
2023-07-10 12:40:49,52,53,9519,30085
2023-07-10 12:40:54,51,52,9499,30105
2023-07-10 12:40:58,50,51,9459,30145
2023-07-10 12:40:58,50,51,9409,30345
2023-07-10 12:41:04,49,51,9409,30345
2023-07-10 12:41:11,49,52,9409,30345
2023-07-10 12:41:12,50,52,9409,30345
2023-07-10 12:41:18,51,52,9409,30345
2023-07-10 12:41:25,50,52,9409,30345
2023-07-10 12:41:25,51,52,9409,30345
2023-07-10 12:41:34,50,52,9409,30345
2023-07-10 12:41:34,50,52,9409,30445
2023-07-10 12:41:50,50,51,9409,30445
2023-07-10 12:41:54,51,52,9409,30495
2023-07-10 12:42:04,50,52,9409,30495
2023-07-10 12:42:07,50,51,9409,30495
2023-07-10 12:42:21,50,52,9409,30495
2023-07-10 12:42:22,50,51,9409,30495
2023-07-10 12:42:44,49,50,9389,30615
2023-07-10 12:42:44,48,50,9389,30615
2023-07-10 12:42:45,48,51,9389,30615
2023-07-10 12:42:47,48,50,9389,30615
2023-07-10 12:42:49,48,51,9389,30615
2023-07-10 12:42:49,49,51,9389,30615
2023-07-10 12:42:51,50,51,9389,30615
2023-07-10 12:42:55,49,51,9389,30615
2023-07-10 12:42:55,51,52,9409,30635
2023-07-10 12:43:03,49,52,9409,30635
2023-07-10 12:43:03,51,52,9409,30635
2023-07-10 12:43:11,50,52,9409,30835
2023-07-10 12:43:11,50,51,9409,30835
2023-07-10 12:43:13,48,51,9409,30835
2023-07-10 12:43:13,49,51,9409,30835
2023-07-10 12:43:17,49,52,9409,30835
2023-07-10 12:43:31,50,52,9409,30835
2023-07-10 12:45:18,49,52,9409,30835
2023-07-10 12:45:23,50,52,9409,30835
2023-07-10 12:45:46,49,52,9409,30835
2023-07-10 12:45:49,49,51,9409,30835
2023-07-10 12:45:53,49,52,9409,30835
2023-07-10 12:46:14,49,51,9409,30835
2023-07-10 12:46:21,49,52,9409,30835
2023-07-10 12:46:24,49,51,9409,30835
2023-07-10 12:46:25,49,52,9409,30835
2023-07-10 12:46:31,49,51,9409,30835
2023-07-10 12:46:40,49,52,9409,30835
2023-07-10 12:46:45,48,49,9359,31385
2023-07-10 12:46:57,48,49,9109,31635
2023-07-10 12:46:58,48,49,9109,32035
2023-07-10 12:46:59,48,49,8859,32285
2023-07-10 12:47:01,48,49,8859,32385
2023-07-10 12:47:59,48,50,8859,32385
2023-07-10 12:47:59,47,48,8809,32435
2023-07-10 12:48:02,47,49,8809,32435
2023-07-10 12:48:02,47,50,8809,32435
2023-07-10 12:48:02,47,49,8809,32435
2023-07-10 12:48:13,46,47,8773,33385
2023-07-10 12:48:15,46,47,8523,33635
2023-07-10 12:48:17,46,47,8273,33885
2023-07-10 12:48:18,46,47,8023,34135
2023-07-10 12:48:20,46,47,7773,34385
2023-07-10 12:48:21,46,47,7540,34635
2023-07-10 12:48:23,46,47,7540,34885
2023-07-10 12:48:25,46,47,7540,35135
2023-07-10 12:48:26,46,47,7540,35385
2023-07-10 12:48:27,46,47,7140,35785
2023-07-10 12:48:27,46,47,7140,36185
2023-07-10 12:48:27,46,47,7140,36435
2023-07-10 12:48:29,46,47,7140,36685
2023-07-10 12:48:30,46,47,7140,36885
2023-07-10 12:48:31,46,48,7140,36999
2023-07-10 12:48:31,47,48,7140,36999
2023-07-10 12:48:36,46,48,7140,36999
2023-07-10 12:48:43,47,48,7140,36999
2023-07-10 12:48:43,47,49,7140,36999
2023-07-10 12:48:43,47,50,7140,36999
2023-07-10 12:48:43,47,49,7140,36999
2023-07-10 12:48:49,48,49,7140,36999
2023-07-10 12:48:50,47,49,7140,36999
2023-07-10 12:49:01,47,48,7140,36999
2023-07-10 12:49:02,47,48,7140,37249
2023-07-10 12:49:03,47,48,7140,37499
2023-07-10 12:49:08,47,48,7140,37749
2023-07-10 12:49:10,47,49,7140,37763
2023-07-10 12:49:12,47,48,7140,37763
2023-07-10 12:49:30,46,48,7140,37763
2023-07-10 12:49:47,46,47,7140,37763
2023-07-10 12:50:00,45,47,7140,37763
2023-07-10 12:50:13,45,46,7140,37763
2023-07-10 12:50:17,44,45,7140,37783
2023-07-10 12:50:20,41,44,7140,37803
2023-07-10 12:50:31,41,43,7140,37803
2023-07-10 12:50:54,41,44,7140,37803
2023-07-10 12:51:25,41,45,7140,37803
2023-07-10 12:51:25,42,45,7140,37803
2023-07-10 12:51:32,43,45,7140,37803
2023-07-10 12:51:32,43,46,7140,37803
2023-07-10 12:51:37,44,46,7140,37803
2023-07-10 12:51:38,44,46,7140,37803
2023-07-10 12:51:42,44,47,7140,37843
2023-07-10 12:51:48,44,48,7140,37843
2023-07-10 12:51:52,45,48,7140,37843
2023-07-10 12:51:57,45,49,7140,37843
2023-07-10 12:51:59,46,49,7140,37843
2023-07-10 12:52:00,46,48,7140,37843
2023-07-10 12:52:00,46,49,7140,37843
2023-07-10 12:52:02,45,49,7140,37843
2023-07-10 12:52:03,45,48,7140,37843
2023-07-10 12:52:22,46,48,7140,37843
2023-07-10 12:52:22,46,49,7140,37843
2023-07-10 12:52:24,45,49,7140,37843
2023-07-10 12:52:24,45,48,7140,37843
2023-07-10 12:52:32,45,47,7140,37843
2023-07-10 12:53:09,45,46,7140,37843
2023-07-10 12:53:17,44,46,7140,37843
2023-07-10 12:53:48,44,47,7140,37843
2023-07-10 12:54:02,45,47,7140,37843
2023-07-10 12:54:02,45,48,7140,37843
2023-07-10 12:54:23,46,48,7140,37843
2023-07-10 12:54:24,45,48,7140,37843
2023-07-10 12:54:48,45,47,7140,37843
2023-07-10 12:55:36,45,46,7140,37843
2023-07-10 12:55:39,44,46,7140,37843
2023-07-10 12:55:45,44,45,7140,37843
2023-07-10 12:55:53,44,46,7140,37843
2023-07-10 12:56:02,44,47,7140,37843
2023-07-10 12:56:16,44,48,7140,37843
2023-07-10 12:56:16,44,47,7140,37843
2023-07-10 12:56:17,45,47,7140,37843
2023-07-10 12:56:19,45,48,7140,37843
2023-07-10 12:56:20,44,48,7140,37843
2023-07-10 12:56:20,44,47,7140,37843
2023-07-10 12:56:34,44,46,7140,37843
2023-07-10 12:56:42,44,45,7140,37843
2023-07-10 12:56:51,44,46,7140,37843
2023-07-10 12:56:52,43,46,7140,37843
2023-07-10 12:57:28,43,45,7140,37843
2023-07-10 12:57:32,42,43,7140,37863
2023-07-10 12:57:32,42,44,6960,38043
2023-07-10 12:57:33,42,43,6960,38043
2023-07-10 12:57:33,42,43,7210,38293
2023-07-10 12:57:45,40,42,7210,38313
2023-07-10 12:57:45,39,42,7210,38313
2023-07-10 12:57:49,38,42,7210,38313
2023-07-10 12:57:49,39,42,7210,38313
2023-07-10 12:57:49,40,42,7210,38313
2023-07-10 12:58:03,40,41,7210,38313
2023-07-10 12:58:09,40,42,7210,38313
2023-07-10 12:58:14,40,41,7210,38313
2023-07-10 12:58:20,39,41,7230,38333
2023-07-10 12:58:20,39,40,7230,38333
2023-07-10 12:58:27,40,42,7230,38353
2023-07-10 12:58:27,40,41,7230,38353
2023-07-10 12:58:29,40,42,7230,38353
2023-07-10 12:58:29,40,41,7230,38353
2023-07-10 12:58:40,40,42,7230,38353
2023-07-10 12:58:46,40,42,7230,38353
2023-07-10 12:58:46,40,41,7230,38353
2023-07-10 12:58:49,39,41,7250,38373
2023-07-10 12:58:49,39,40,7250,38373
2023-07-10 12:58:54,39,40,7070,38573
2023-07-10 12:59:39,40,42,7050,38633
2023-07-10 12:59:47,41,42,7050,38633
2023-07-10 12:59:55,41,42,7050,38773
2023-07-10 12:59:55,40,42,7050,38803
2023-07-10 13:00:08,41,42,7050,38803
2023-07-10 13:00:13,40,42,7050,38803
2023-07-10 13:00:23,41,42,7050,38803
2023-07-10 13:00:26,41,42,7075,38828
2023-07-10 13:00:38,40,41,7075,38848
2023-07-10 13:01:02,40,41,7075,38853
2023-07-10 13:01:16,39,40,7075,38868
2023-07-10 13:01:19,37,40,7095,39109
2023-07-10 13:01:33,37,39,7095,39109
2023-07-10 13:01:33,36,39,7095,39109
2023-07-10 13:01:33,37,39,7095,39109
2023-07-10 13:01:39,37,38,7095,39109
2023-07-10 13:01:42,35,38,7115,39129
2023-07-10 13:01:52,36,38,7115,39129
2023-07-10 13:02:09,37,38,7115,39129
2023-07-10 13:02:17,37,39,7115,39149
2023-07-10 13:03:01,38,39,7115,39149
2023-07-10 13:03:01,38,39,7141,39175
2023-07-10 13:03:02,38,39,7166,39200
2023-07-10 13:03:05,38,39,7191,39225
2023-07-10 13:03:05,38,39,7216,39250
2023-07-10 13:03:17,37,39,7216,39250
2023-07-10 13:03:21,37,38,7216,39250
2023-07-10 13:03:26,38,39,7216,39351
2023-07-10 13:03:35,37,39,7216,39351
2023-07-10 13:03:46,38,39,7216,39351
2023-07-10 13:03:49,38,40,7216,39371
2023-07-10 13:03:53,39,40,7216,39371
2023-07-10 13:04:00,39,41,7216,39411
2023-07-10 13:05:22,39,40,7216,39411
2023-07-10 13:05:24,39,41,7216,39411
2023-07-10 13:05:33,40,41,7216,39411
2023-07-10 13:05:41,39,41,7216,39411
2023-07-10 13:05:57,40,41,7216,39411
2023-07-10 13:05:59,39,41,7216,39411
2023-07-10 13:06:23,40,41,7216,39411
2023-07-10 13:06:28,39,41,7216,39411
2023-07-10 13:06:42,40,41,7216,39411
2023-07-10 13:06:45,40,42,7216,39456
2023-07-10 13:06:53,41,42,7216,39456
2023-07-10 13:07:05,40,42,7236,39476
2023-07-10 13:07:17,40,41,7236,39476
2023-07-10 13:07:17,39,41,7256,39496
2023-07-10 13:07:25,39,40,7256,39496
2023-07-10 13:07:27,38,40,7276,39516
2023-07-10 13:07:36,37,40,7296,39536
2023-07-10 13:07:50,37,39,7296,39536
2023-07-10 13:08:04,37,40,7296,39536
2023-07-10 13:08:16,38,40,7296,39536
2023-07-10 13:08:24,39,40,7296,39536
2023-07-10 13:08:35,39,42,7296,39576
2023-07-10 13:08:42,40,42,7296,39576
2023-07-10 13:09:03,41,42,7296,39576
2023-07-10 13:09:08,40,42,7296,39576
2023-07-10 13:09:36,41,42,7296,39576
2023-07-10 13:09:45,41,43,7296,39626
2023-07-10 13:10:13,42,43,7296,39626
2023-07-10 13:10:17,42,45,7321,39777
2023-07-10 13:10:17,42,44,7321,39777
2023-07-10 13:10:18,42,45,7321,39777
2023-07-10 13:10:21,43,45,7321,39777
2023-07-10 13:10:23,43,46,7321,39777
2023-07-10 13:10:23,43,45,7321,39777
2023-07-10 13:10:23,43,46,7321,39777
2023-07-10 13:10:28,43,45,7321,39777
2023-07-10 13:10:28,43,46,7321,39777
2023-07-10 13:10:30,44,46,7321,39777
2023-07-10 13:10:34,44,45,7321,39777
2023-07-10 13:10:34,44,46,7321,39777
2023-07-10 13:10:41,44,45,7321,39777
2023-07-10 13:10:42,41,45,7321,39777
2023-07-10 13:10:42,43,45,7321,39777
2023-07-10 13:10:42,43,44,7321,39777
2023-07-10 13:10:47,41,44,7321,39777
2023-07-10 13:10:47,42,44,7321,39777
2023-07-10 13:10:49,41,44,7321,39777
2023-07-10 13:10:53,41,45,7321,39777
2023-07-10 13:10:53,41,44,7321,39777
2023-07-10 13:10:54,42,44,7321,39777
2023-07-10 13:10:54,42,45,7321,39777
2023-07-10 13:10:57,42,44,7321,39777
2023-07-10 13:11:01,41,44,7321,39777
2023-07-10 13:11:02,42,44,7321,39777
2023-07-10 13:11:16,42,45,7321,39777
2023-07-10 13:11:16,42,44,7321,39777
2023-07-10 13:11:18,42,45,7321,39777
2023-07-10 13:11:21,42,46,7321,39777
2023-07-10 13:11:22,43,46,7321,39777
2023-07-10 13:11:37,42,46,7321,39777
2023-07-10 13:11:37,43,46,7321,39777
2023-07-10 13:11:50,44,46,7321,39777
2023-07-10 13:11:54,43,46,7321,39777
2023-07-10 13:12:05,44,46,7321,39777
2023-07-10 13:12:14,43,46,7321,39777
2023-07-10 13:12:23,43,45,7321,39777
2023-07-10 13:12:28,42,45,7321,39777
2023-07-10 13:12:28,42,44,7321,39777
2023-07-10 13:12:43,42,45,7321,39777
2023-07-10 13:12:44,42,44,7321,39777
2023-07-10 13:13:35,43,44,7321,39777
2023-07-10 13:13:50,42,44,7321,39777
2023-07-10 13:13:59,42,43,7321,39777
2023-07-10 13:14:10,42,43,7321,39798
2023-07-10 13:14:12,41,43,7341,39822
2023-07-10 13:14:13,41,42,7341,39822
2023-07-10 13:14:28,40,42,7341,39822
2023-07-10 13:15:11,40,41,7341,39822
2023-07-10 13:15:16,39,41,7361,39842
2023-07-10 13:15:25,39,40,7361,39842
2023-07-10 13:15:35,37,40,7381,39862
2023-07-10 13:15:38,36,40,7381,39862
2023-07-10 13:15:38,37,40,7381,39862
2023-07-10 13:15:44,37,41,7381,39862
2023-07-10 13:15:45,38,41,7381,39862
2023-07-10 13:15:48,37,41,7381,39862
2023-07-10 13:15:48,37,40,7381,39862
2023-07-10 13:16:05,38,40,7381,39862
2023-07-10 13:16:35,39,40,7381,39862
2023-07-10 13:16:42,38,40,7381,39862
2023-07-10 13:16:47,39,40,7381,39862
2023-07-10 13:16:53,39,41,7381,39882
2023-07-10 13:17:14,40,41,7381,39882
2023-07-10 13:17:19,40,42,7381,39922
2023-07-10 13:17:22,39,42,7381,39922
2023-07-10 13:17:34,39,41,7381,39922
2023-07-10 13:18:09,39,42,7381,39922
2023-07-10 13:18:34,40,42,7381,39922
2023-07-10 13:18:37,41,42,7381,39922
2023-07-10 13:18:43,41,45,7421,39962
2023-07-10 13:18:43,42,45,7421,39962
2023-07-10 13:18:53,43,45,7421,39962
2023-07-10 13:18:53,43,46,7421,39962
2023-07-10 13:18:58,44,46,7421,39962
2023-07-10 13:19:05,44,47,7421,39962
2023-07-10 13:19:07,45,47,7421,39962
2023-07-10 13:19:09,45,48,7421,39962
2023-07-10 13:19:22,44,48,7421,39962
2023-07-10 13:19:22,44,47,7421,39962
2023-07-10 13:19:24,45,47,7421,39962
2023-07-10 13:19:38,45,46,7421,39962
2023-07-10 13:19:47,43,46,7421,39962
2023-07-10 13:20:15,43,46,7521,40062
2023-07-10 13:20:15,44,46,7521,40062
2023-07-10 13:20:36,44,45,7521,40062
2023-07-10 13:20:37,43,44,7481,40112
2023-07-10 13:20:40,42,44,7531,40162
2023-07-10 13:20:40,42,43,7531,40162
2023-07-10 13:20:44,42,43,7548,40179
2023-07-10 13:20:45,41,43,7581,40212
2023-07-10 13:20:55,42,43,7581,40212
2023-07-10 13:20:56,41,43,7581,40212
2023-07-10 13:21:01,42,43,7581,40212
2023-07-10 13:21:03,41,43,7581,40212
2023-07-10 13:21:03,43,45,7531,40262
2023-07-10 13:21:05,42,45,7481,40312
2023-07-10 13:21:17,43,45,7481,40312
2023-07-10 13:22:32,44,45,7481,40312
2023-07-10 13:22:35,43,45,7481,40312
2023-07-10 13:22:37,44,45,7481,40312
2023-07-10 13:22:39,43,45,7481,40312
2023-07-10 13:22:58,43,44,7481,40312
2023-07-10 13:23:02,42,44,7501,40332
2023-07-10 13:23:02,42,43,7501,40332
2023-07-10 13:23:05,41,43,7521,40352
2023-07-10 13:23:16,41,43,7622,40453
2023-07-10 13:23:31,42,43,7622,40453
2023-07-10 13:23:34,43,44,7602,40473
2023-07-10 13:23:36,43,45,7602,40473
2023-07-10 13:23:38,43,44,7602,40473
2023-07-10 13:23:55,42,44,7602,40473
2023-07-10 13:23:55,41,44,7602,40473
2023-07-10 13:23:56,42,44,7602,40473
2023-07-10 13:24:08,41,44,7602,40473
2023-07-10 13:24:08,42,44,7602,40473
2023-07-10 13:24:08,43,44,7602,40473
2023-07-10 13:25:01,42,44,7602,40473
2023-07-10 13:25:01,41,44,7602,40473
2023-07-10 13:25:01,42,44,7602,40473
2023-07-10 13:25:06,42,43,7602,40473
2023-07-10 13:25:11,41,43,7521,40574
2023-07-10 13:25:19,42,43,7521,40574
2023-07-10 13:25:21,42,44,7521,40574
2023-07-10 13:25:22,42,43,7521,40574
2023-07-10 13:25:33,41,43,7521,40574
2023-07-10 13:25:45,42,43,7521,40574
2023-07-10 13:26:21,41,43,7521,40574
2023-07-10 13:27:09,41,42,7521,40574
2023-07-10 13:27:11,40,42,7541,40594
2023-07-10 13:27:44,40,41,7541,40594
2023-07-10 13:27:45,39,41,7561,40614
2023-07-10 13:28:00,38,41,7581,40634
2023-07-10 13:28:07,39,41,7581,40634
2023-07-10 13:28:07,39,42,7581,40634
2023-07-10 13:28:11,38,42,7581,40634
2023-07-10 13:28:12,38,41,7581,40634
2023-07-10 13:28:15,38,41,7783,40836
2023-07-10 13:28:15,39,41,7783,40836
2023-07-10 13:28:16,38,41,7783,41038
2023-07-10 13:28:16,38,40,7783,41038
2023-07-10 13:28:18,38,39,7783,41038
2023-07-10 13:28:18,37,39,7803,41058
2023-07-10 13:28:20,37,38,7803,41058
2023-07-10 13:28:20,35,38,8053,41308
2023-07-10 13:28:32,36,38,8053,41308
2023-07-10 13:28:32,36,39,8053,41308
2023-07-10 13:28:33,37,39,8053,41308
2023-07-10 13:28:36,36,39,8053,41308
2023-07-10 13:28:55,37,39,8053,41308
2023-07-10 13:29:07,36,39,8053,41308
2023-07-10 13:29:15,36,38,8053,41308
2023-07-10 13:29:16,36,39,8053,41308
2023-07-10 13:29:19,36,38,8053,41308
2023-07-10 13:29:21,36,37,8053,41308
2023-07-10 13:29:22,35,37,8073,41328
2023-07-10 13:29:35,34,37,8093,41348
2023-07-10 13:29:37,34,37,8493,41748
2023-07-10 13:29:37,34,36,8493,41748
2023-07-10 13:29:46,34,37,8493,41748
2023-07-10 13:29:46,34,35,8493,41748
2023-07-10 13:29:53,32,35,8533,41788
2023-07-10 13:29:53,32,33,8533,41788
2023-07-10 13:29:59,32,34,8573,41888
2023-07-10 13:30:00,32,33,8573,41888
2023-07-10 13:30:00,32,34,8573,41888
2023-07-10 13:30:00,32,33,8573,41888
2023-07-10 13:30:11,30,32,8573,41908
2023-07-10 13:30:22,30,33,8573,41908
2023-07-10 13:30:22,30,31,8573,41908
2023-07-10 13:30:22,30,33,8573,41908
2023-07-10 13:30:22,30,32,8573,41908
2023-07-10 13:30:22,30,31,8573,41908
2023-07-10 13:30:23,30,33,8573,41908
2023-07-10 13:30:23,30,32,8573,41908
2023-07-10 13:30:38,30,31,8573,41908
2023-07-10 13:30:39,28,30,8573,41928
2023-07-10 13:30:40,28,29,8573,41928
2023-07-10 13:30:42,28,29,8702,42128
2023-07-10 13:30:43,27,28,8702,42228
2023-07-10 13:30:45,27,29,8702,42228
2023-07-10 13:30:51,26,29,8752,42278
2023-07-10 13:30:51,26,28,8752,42278
2023-07-10 13:30:51,26,27,8752,42278
2023-07-10 13:30:52,26,29,8802,42478
2023-07-10 13:30:52,26,28,8802,42478
2023-07-10 13:30:55,26,28,8861,42537
2023-07-10 13:30:55,26,27,8861,42537
2023-07-10 13:30:55,26,27,8920,42596
2023-07-10 13:30:55,25,27,8920,42596
2023-07-10 13:31:04,26,27,8920,42596
2023-07-10 13:31:04,26,29,8920,42596
2023-07-10 13:31:04,26,28,8920,42596
2023-07-10 13:31:06,25,28,8920,42596
2023-07-10 13:31:06,25,27,8920,42596
2023-07-10 13:31:07,25,26,8920,42596
2023-07-10 13:31:07,24,26,8920,42596
2023-07-10 13:31:07,24,28,8920,42596
2023-07-10 13:31:07,24,27,8920,42596
2023-07-10 13:31:07,24,26,8920,42596
2023-07-10 13:31:08,24,26,8940,42616
2023-07-10 13:31:08,25,26,8940,42616
2023-07-10 13:31:12,25,27,8940,42616
2023-07-10 13:31:12,25,28,8940,42616
2023-07-10 13:31:12,25,27,8940,42616
2023-07-10 13:31:20,26,27,8940,42616
2023-07-10 13:31:22,26,27,9190,42866
2023-07-10 13:31:22,26,28,9190,42866
2023-07-10 13:31:22,26,27,9190,42866
2023-07-10 13:31:24,26,28,9196,42872
2023-07-10 13:31:25,27,28,9196,42872
2023-07-10 13:31:25,27,29,9196,42872
2023-07-10 13:31:25,27,30,9196,42872
2023-07-10 13:31:25,27,28,9196,42872
2023-07-10 13:31:25,27,29,9196,42872
2023-07-10 13:31:25,27,28,9196,42872
2023-07-10 13:31:26,27,29,9196,42872
2023-07-10 13:31:26,27,30,9196,42872
2023-07-10 13:31:26,27,31,9196,42872
2023-07-10 13:31:26,28,31,9196,42872
2023-07-10 13:31:27,28,30,9196,42872
2023-07-10 13:31:31,28,31,9196,42872
2023-07-10 13:31:31,28,32,9196,42872
2023-07-10 13:31:31,28,31,9196,42872
2023-07-10 13:31:32,29,31,9196,42872
2023-07-10 13:31:41,28,31,9196,42872
2023-07-10 13:31:47,28,32,9196,42872
2023-07-10 13:31:47,28,31,9196,42872
2023-07-10 13:31:47,28,30,9196,42872
2023-07-10 13:31:48,28,31,9196,43040
2023-07-10 13:31:49,29,31,9196,43040
2023-07-10 13:31:49,29,32,9196,43040
2023-07-10 13:31:58,28,32,9196,43040
2023-07-10 13:32:06,29,32,9196,43040
2023-07-10 13:32:09,30,32,9196,43040
2023-07-10 13:32:09,31,32,9196,43040
2023-07-10 13:32:12,30,32,9196,43040
2023-07-10 13:32:13,30,33,9196,43080
2023-07-10 13:32:18,30,34,9196,43080
2023-07-10 13:32:38,31,33,9196,43080
2023-07-10 13:32:45,31,32,9196,43080
2023-07-10 13:33:02,29,32,9196,43080
2023-07-10 13:33:08,29,31,9196,43080
2023-07-10 13:33:13,29,32,9196,43080
2023-07-10 13:33:17,30,32,9196,43080
2023-07-10 13:33:17,30,33,9196,43080
2023-07-10 13:33:37,31,33,9196,43080
2023-07-10 13:34:03,31,34,9196,43100
2023-07-10 13:34:06,32,34,9196,43100
2023-07-10 13:34:12,31,34,9196,43100
2023-07-10 13:34:16,32,34,9196,43100
2023-07-10 13:34:23,33,34,9196,43100
2023-07-10 13:34:26,33,35,9196,43120
2023-07-10 13:34:31,34,35,9196,43120
2023-07-10 13:34:34,34,37,9196,43160
2023-07-10 13:35:09,35,37,9196,43160
2023-07-10 13:36:10,36,37,9196,43160
2023-07-10 13:36:17,36,38,9196,43200
2023-07-10 13:36:20,38,39,9176,43220
2023-07-10 13:36:20,38,40,9176,43220
2023-07-10 13:36:25,39,40,9176,43220
2023-07-10 13:36:27,40,41,9126,43270
2023-07-10 13:36:28,39,41,9126,43270
2023-07-10 13:36:28,39,42,9126,43270
2023-07-10 13:36:29,41,42,9126,43270
2023-07-10 13:36:29,41,43,9126,43270
2023-07-10 13:36:38,41,44,9126,43270
2023-07-10 13:36:40,41,43,9126,43270
2023-07-10 13:36:48,41,44,9126,43270
2023-07-10 13:37:01,41,43,9126,43270
2023-07-10 13:37:04,41,44,9126,43270
2023-07-10 13:37:16,42,44,9126,43270
2023-07-10 13:37:19,41,44,9126,43270
2023-07-10 13:37:23,41,43,9126,43270
2023-07-10 13:38:14,40,43,9126,43270
2023-07-10 13:38:35,41,43,9126,43270
2023-07-10 13:38:48,40,43,9126,43270
2023-07-10 13:38:59,39,43,9126,43270
2023-07-10 13:38:59,39,42,9126,43270
2023-07-10 13:39:15,40,42,9126,43270
2023-07-10 13:39:15,40,43,9126,43270
2023-07-10 13:39:28,39,43,9126,43270
2023-07-10 13:39:28,39,42,9126,43270
2023-07-10 13:39:30,38,42,9126,43270
2023-07-10 13:39:30,38,41,9126,43270
2023-07-10 13:40:03,39,41,9126,43270
2023-07-10 13:40:07,40,41,9126,43270
2023-07-10 13:40:11,40,43,9126,43320
2023-07-10 13:40:13,41,43,9126,43320
2023-07-10 13:40:32,40,43,9126,43320
2023-07-10 13:40:34,40,42,9126,43320
2023-07-10 13:40:36,39,42,9126,43320
2023-07-10 13:41:03,39,41,9126,43320
2023-07-10 13:41:04,38,41,9126,43320
2023-07-10 13:41:08,38,40,9126,43320
2023-07-10 13:41:13,38,39,9126,43320
2023-07-10 13:41:17,38,40,9126,43320
2023-07-10 13:41:53,38,39,9126,43320
2023-07-10 13:41:58,38,40,9126,43320
2023-07-10 13:42:26,38,39,9126,43320
2023-07-10 13:42:32,37,39,9126,43340
2023-07-10 13:42:32,37,38,9126,43340
2023-07-10 13:42:44,37,39,9126,43340
2023-07-10 13:42:50,35,39,9126,43340
2023-07-10 13:42:51,36,39,9126,43340
2023-07-10 13:43:32,36,38,9126,43340
2023-07-10 13:43:41,36,39,9126,43340
2023-07-10 13:43:47,37,39,9126,43340
2023-07-10 13:43:53,36,39,9126,43340
2023-07-10 13:44:07,36,38,9126,43340
2023-07-10 13:44:15,36,39,9126,43340
2023-07-10 13:44:36,36,38,9126,43340
2023-07-10 13:44:40,36,39,9126,43340
2023-07-10 13:44:44,36,38,9126,43340
2023-07-10 13:44:52,36,37,9126,43340
2023-07-10 13:44:57,35,37,9126,43360
2023-07-10 13:45:07,35,36,9126,43360
2023-07-10 13:45:09,34,36,9126,43360
2023-07-10 13:45:18,34,37,9126,43360
2023-07-10 13:45:25,34,36,9126,43360
2023-07-10 13:45:36,34,35,9126,43360
2023-07-10 13:45:40,33,35,9126,43380
2023-07-10 13:45:40,33,34,9126,43380
2023-07-10 13:45:45,31,34,9126,43380
2023-07-10 13:46:03,32,34,9126,43380
2023-07-10 13:46:03,32,35,9126,43380
2023-07-10 13:46:05,31,35,9126,43380
2023-07-10 13:46:05,31,34,9126,43380
2023-07-10 13:46:16,32,34,9126,43380
2023-07-10 13:46:16,32,35,9126,43380
2023-07-10 13:46:21,33,35,9126,43380
2023-07-10 13:46:21,33,36,9126,43380
2023-07-10 13:46:25,34,36,9126,43380
2023-07-10 13:46:44,35,36,9126,43380
2023-07-10 13:46:48,34,36,9126,43380
2023-07-10 13:46:49,34,37,9126,43400
2023-07-10 13:46:51,35,37,9126,43400
2023-07-10 13:47:23,36,37,9126,43400
2023-07-10 13:47:25,36,38,9126,43420
2023-07-10 13:47:25,37,38,9126,43420
2023-07-10 13:47:26,37,38,9151,43445
2023-07-10 13:47:30,37,39,9151,43465
2023-07-10 13:47:44,37,40,9151,43465
2023-07-10 13:47:44,37,41,9151,43465
2023-07-10 13:47:44,37,40,9151,43465
2023-07-10 13:47:45,38,40,9151,43465
2023-07-10 13:47:50,37,40,9151,43465
2023-07-10 13:47:51,38,40,9151,43465
2023-07-10 13:47:59,38,41,9151,43465
2023-07-10 13:48:03,38,40,9151,43465
2023-07-10 13:48:06,38,41,9151,43465
2023-07-10 13:48:06,38,40,9151,43465
2023-07-10 13:48:06,37,40,9151,43465
2023-07-10 13:48:06,37,39,9151,43465
2023-07-10 13:48:07,37,40,9151,43490
2023-07-10 13:48:23,38,40,9151,43490
2023-07-10 13:48:23,38,41,9151,43490
2023-07-10 13:48:37,39,41,9151,43490
2023-07-10 13:48:43,39,42,9151,43490
2023-07-10 13:48:56,40,42,9151,43490
2023-07-10 13:48:56,40,43,9151,43490
2023-07-10 13:49:00,39,43,9151,43490
2023-07-10 13:49:00,39,42,9151,43490
2023-07-10 13:49:03,39,41,9151,43490
2023-07-10 13:49:20,39,42,9151,43490
2023-07-10 13:49:33,40,42,9151,43490
2023-07-10 13:49:33,40,43,9151,43490
2023-07-10 13:49:58,41,43,9151,43490
2023-07-10 13:51:06,41,42,9151,43490
2023-07-10 13:51:21,40,42,9151,43490
2023-07-10 13:51:26,40,41,9151,43490
2023-07-10 13:51:37,39,41,9151,43510
2023-07-10 13:51:38,39,40,9151,43510
2023-07-10 13:51:40,38,40,9151,43530
2023-07-10 13:51:40,38,39,9151,43530
2023-07-10 13:51:43,36,39,9151,43550
2023-07-10 13:51:43,36,38,9151,43550
2023-07-10 13:51:52,36,37,9151,43550
2023-07-10 13:51:56,34,37,9151,43550
2023-07-10 13:52:02,35,37,9151,43550
2023-07-10 13:52:02,35,38,9151,43550
2023-07-10 13:52:12,36,38,9151,43550
2023-07-10 13:52:12,36,39,9151,43550
2023-07-10 13:52:31,37,39,9151,43550
2023-07-10 13:52:55,38,39,9151,43550
2023-07-10 13:53:00,38,40,9151,43570
2023-07-10 13:53:07,39,40,9151,43570
2023-07-10 13:53:11,39,42,9151,43610
2023-07-10 13:53:19,39,41,9151,43610
2023-07-10 13:53:21,40,41,9151,43610
2023-07-10 13:53:22,40,41,9151,43860
2023-07-10 13:53:24,40,42,9151,43910
2023-07-10 13:53:32,39,42,9151,43910
2023-07-10 13:53:53,39,41,9151,43910
2023-07-10 13:54:12,39,40,9151,43910
2023-07-10 13:54:13,39,40,9401,44160
2023-07-10 13:54:15,39,40,9651,44410
2023-07-10 13:54:19,39,40,9651,44810
2023-07-10 13:54:19,39,40,9901,45060
2023-07-10 13:54:21,39,40,10151,45310
2023-07-10 13:54:21,39,40,10451,45610
2023-07-10 13:54:22,39,40,10701,45860
2023-07-10 13:54:24,39,41,10751,45910
2023-07-10 13:54:34,40,41,10751,45910
2023-07-10 13:55:12,40,41,10692,46010
2023-07-10 13:55:45,39,41,10692,46010
2023-07-10 13:55:45,38,41,10692,46010
2023-07-10 13:55:45,38,40,10692,46010
2023-07-10 13:55:47,38,39,10692,46010
2023-07-10 13:56:07,38,39,10892,46210
2023-07-10 13:56:08,37,39,10892,46210
2023-07-10 13:56:08,36,39,10892,46210
2023-07-10 13:56:12,37,39,10892,46210
2023-07-10 13:56:18,37,40,10892,46210
2023-07-10 13:56:20,36,40,10892,46210
2023-07-10 13:56:20,37,40,10892,46210
2023-07-10 13:56:20,38,40,10892,46210
2023-07-10 13:56:21,37,40,10892,46210
2023-07-10 13:56:21,38,41,10892,46210
2023-07-10 13:56:21,39,41,10892,46210
2023-07-10 13:56:22,38,41,10892,46210
2023-07-10 13:56:22,39,41,10892,46210
2023-07-10 13:56:23,38,41,10892,46210
2023-07-10 13:56:23,39,41,10892,46210
2023-07-10 13:56:23,40,41,10892,46210
2023-07-10 13:56:24,39,41,10892,46210
2023-07-10 13:56:24,40,41,10892,46210
2023-07-10 13:56:25,39,41,10892,46210
2023-07-10 13:56:25,39,41,10892,46410
2023-07-10 13:56:25,40,41,10892,46410
2023-07-10 13:56:25,39,41,10892,46410
2023-07-10 13:56:25,40,41,10892,46410
2023-07-10 13:56:26,39,41,10892,46410
2023-07-10 13:56:26,39,41,10892,46410
2023-07-10 13:56:26,40,41,10892,46410
2023-07-10 13:56:26,39,41,10892,46410
2023-07-10 13:56:26,40,41,10892,46410
2023-07-10 13:56:26,39,41,10892,46410
2023-07-10 13:56:26,40,41,10892,46410
2023-07-10 13:56:27,39,41,10892,46410
2023-07-10 13:56:27,40,41,10892,46410
2023-07-10 13:56:31,40,41,11142,46660
2023-07-10 13:56:31,40,41,11342,46860
2023-07-10 13:56:32,40,41,11542,47060
2023-07-10 13:56:33,40,41,11542,47460
2023-07-10 13:56:33,40,41,11542,47860
2023-07-10 13:56:34,40,41,11792,48110
2023-07-10 13:56:34,40,41,11792,48510
2023-07-10 13:56:35,40,41,11792,48910
2023-07-10 13:56:35,40,42,12192,49310
2023-07-10 13:56:40,40,41,12192,49310
2023-07-10 13:56:41,40,41,11792,49710
2023-07-10 13:56:41,40,42,11789,49713
2023-07-10 13:56:44,40,42,12039,49963
2023-07-10 13:56:48,40,42,12289,50213
2023-07-10 13:56:51,41,42,12289,50213
2023-07-10 13:56:52,41,42,12489,50413
2023-07-10 13:56:55,41,42,12489,50813
2023-07-10 13:56:56,41,42,12705,51213
2023-07-10 13:56:56,41,45,12705,51253
2023-07-10 13:56:57,42,45,12705,51253
2023-07-10 13:56:59,41,45,12705,51253
2023-07-10 13:56:59,41,44,12705,51253
2023-07-10 13:57:05,41,43,12705,51253
2023-07-10 13:57:13,41,42,12705,51253
2023-07-10 13:57:20,40,42,12705,51253
2023-07-10 13:57:32,40,41,12705,51253
2023-07-10 13:57:39,39,41,12705,51253
2023-07-10 13:58:12,39,40,12705,51253
2023-07-10 13:58:25,39,41,12705,51253
2023-07-10 13:58:32,39,40,12705,51253
2023-07-10 13:58:55,38,40,12705,51253
2023-07-10 13:59:12,38,41,12705,51253
2023-07-10 13:59:22,39,41,12705,51253
2023-07-10 13:59:22,39,42,12705,51253
2023-07-10 13:59:53,39,41,12705,51253
2023-07-10 14:00:01,38,41,12705,51273
2023-07-10 14:00:22,38,40,12705,51273
2023-07-10 14:00:51,39,40,12705,51273
2023-07-10 14:00:52,38,40,12705,51273
2023-07-10 14:01:04,39,40,12705,51273
2023-07-10 14:01:07,39,41,12705,51333
2023-07-10 14:01:08,40,41,12705,51333
2023-07-10 14:01:08,40,44,12755,51393
2023-07-10 14:01:08,41,44,12755,51393
2023-07-10 14:01:15,42,44,12755,51393
2023-07-10 14:01:20,43,44,12755,51393
2023-07-10 14:01:23,43,46,12770,51408
2023-07-10 14:01:27,43,44,12770,51408
2023-07-10 14:01:27,43,45,12785,51423
2023-07-10 14:01:32,43,46,12785,51423
2023-07-10 14:01:50,44,46,12785,51423
2023-07-10 14:01:52,45,46,12785,51423
2023-07-10 14:01:53,45,48,12800,51438
2023-07-10 14:01:56,46,48,12800,51438
2023-07-10 14:02:01,46,49,12800,51438
2023-07-10 14:02:02,46,48,12800,51438
2023-07-10 14:02:03,44,48,12800,51438
2023-07-10 14:02:03,45,48,12800,51438
2023-07-10 14:02:05,45,47,12800,51438
2023-07-10 14:02:08,44,47,12800,51438
2023-07-10 14:02:08,45,47,12800,51438
2023-07-10 14:02:31,44,47,12800,51438
2023-07-10 14:02:31,45,47,12800,51438
2023-07-10 14:02:32,45,46,12800,51438
2023-07-10 14:02:32,45,47,13200,51838
2023-07-10 14:02:33,45,46,13200,51838
2023-07-10 14:02:37,44,46,13200,51838
2023-07-10 14:02:46,44,45,13200,51838
2023-07-10 14:03:14,45,46,13200,51853
2023-07-10 14:03:39,44,46,13200,51853
2023-07-10 14:03:39,45,46,13200,51853
2023-07-10 14:03:39,46,47,13200,51868
2023-07-10 14:03:46,47,48,13200,51883
2023-07-10 14:04:05,46,48,13200,51883
2023-07-10 14:04:05,45,48,13200,51883
2023-07-10 14:04:05,46,48,13200,51883
2023-07-10 14:04:20,47,48,13200,51883
2023-07-10 14:04:25,48,49,13200,51898
2023-07-10 14:04:39,50,51,13200,51913
2023-07-10 14:04:41,50,51,12950,52163
2023-07-10 14:04:41,50,52,12950,52163
2023-07-10 14:04:42,49,52,12950,52163
2023-07-10 14:04:42,49,51,12950,52163
2023-07-10 14:04:42,49,51,12950,52163
2023-07-10 14:04:52,48,51,12950,52163
2023-07-10 14:04:52,49,51,12950,52163
2023-07-10 14:04:52,50,51,12950,52163
2023-07-10 14:04:59,49,51,12950,52163
2023-07-10 14:04:59,51,52,12950,52178
2023-07-10 14:05:05,50,52,12950,52178
2023-07-10 14:05:05,49,52,12950,52178
2023-07-10 14:05:05,50,52,12950,52178
2023-07-10 14:05:28,49,52,12950,52178
2023-07-10 14:05:28,48,51,12950,52178
2023-07-10 14:05:28,49,51,12950,52178
2023-07-10 14:05:30,49,50,12950,52178
2023-07-10 14:05:30,48,50,12950,52178
2023-07-10 14:05:30,47,50,12950,52178
2023-07-10 14:05:31,48,50,12950,52178
2023-07-10 14:05:31,49,50,12950,52178
2023-07-10 14:05:32,48,50,12935,52193
2023-07-10 14:05:40,47,50,12935,52193
2023-07-10 14:05:40,48,50,12935,52193
2023-07-10 14:05:40,49,50,12935,52193
2023-07-10 14:05:41,48,50,12875,52253
2023-07-10 14:05:42,48,51,12875,52253
2023-07-10 14:05:48,48,50,12875,52253
2023-07-10 14:06:03,48,51,12875,52253
2023-07-10 14:06:03,49,51,12875,52253
2023-07-10 14:06:03,49,52,12875,52253
2023-07-10 14:06:06,50,52,12875,52253
2023-07-10 14:06:10,51,52,12875,52253
2023-07-10 14:06:29,50,52,12875,52253
2023-07-10 14:06:46,49,52,12875,52253
2023-07-10 14:06:51,49,51,12875,52253
2023-07-10 14:06:53,48,51,12875,52253
2023-07-10 14:07:00,49,51,12875,52253
2023-07-10 14:07:00,49,52,12875,52253
2023-07-10 14:07:12,49,51,12875,52253
2023-07-10 14:07:16,48,51,12875,52253
2023-07-10 14:07:26,48,50,12875,52253
2023-07-10 14:07:29,48,49,12875,52253
2023-07-10 14:07:32,47,49,12860,52268
2023-07-10 14:07:34,46,49,12860,52268
2023-07-10 14:07:35,46,48,12860,52268
2023-07-10 14:07:35,45,48,12860,52268
2023-07-10 14:07:42,45,47,12860,52268
2023-07-10 14:07:42,44,47,12860,52268
2023-07-10 14:08:23,44,46,12860,52268
2023-07-10 14:08:30,44,47,12860,52268
2023-07-10 14:08:32,45,47,12860,52268
2023-07-10 14:09:26,45,46,12860,52268
2023-07-10 14:09:29,45,47,12860,52268
2023-07-10 14:09:50,46,47,12860,52268
2023-07-10 14:10:27,47,48,12875,52283
2023-07-10 14:10:41,46,48,12875,52283
2023-07-10 14:11:43,46,47,12875,52283
2023-07-10 14:11:50,45,47,12860,52298
2023-07-10 14:11:50,44,45,12815,52343
2023-07-10 14:12:00,44,45,12815,52403
2023-07-10 14:12:01,42,45,12755,52463
2023-07-10 14:12:04,43,45,12755,52463
2023-07-10 14:12:12,42,45,12755,52463
2023-07-10 14:12:31,42,43,12755,52463
2023-07-10 14:12:32,41,43,12705,52523
2023-07-10 14:12:38,40,43,12705,52523
2023-07-10 14:12:44,40,43,12705,52585
2023-07-10 14:13:14,39,43,12705,52585
2023-07-10 14:13:14,39,42,12705,52585
2023-07-10 14:13:22,40,42,12705,52585
2023-07-10 14:13:23,40,43,12705,52585
2023-07-10 14:13:28,40,42,12705,52585
2023-07-10 14:13:28,39,42,12705,52585
2023-07-10 14:13:38,40,42,12705,52585
2023-07-10 14:13:38,40,43,12705,52585
2023-07-10 14:13:38,40,42,12705,52585
2023-07-10 14:13:39,40,43,12705,52585
2023-07-10 14:13:44,41,43,12705,52585
2023-07-10 14:13:52,40,43,12705,52585
2023-07-10 14:14:02,39,43,12705,52985
2023-07-10 14:14:02,39,42,12705,52985
2023-07-10 14:14:09,39,43,12705,52985
2023-07-10 14:14:09,39,41,12705,52985
2023-07-10 14:14:09,38,41,12854,53385
2023-07-10 14:14:13,38,40,12854,53385
2023-07-10 14:14:14,37,40,12854,53385
2023-07-10 14:14:21,37,39,12854,53385
2023-07-10 14:14:22,37,40,12854,53385
2023-07-10 14:14:22,37,41,12854,53385
2023-07-10 14:14:22,37,40,12854,53385
2023-07-10 14:14:25,37,39,12854,53385
2023-07-10 14:14:32,36,39,12854,53385
2023-07-10 14:14:34,36,39,12854,53465
2023-07-10 14:14:35,36,40,12854,53465
2023-07-10 14:14:35,36,39,12854,53465
2023-07-10 14:14:35,36,38,12854,53465
2023-07-10 14:14:36,36,37,12854,53465
2023-07-10 14:14:37,34,37,13004,53615
2023-07-10 14:14:38,33,37,13004,53615
2023-07-10 14:14:38,33,36,13004,53615
2023-07-10 14:14:43,33,35,13004,53615
2023-07-10 14:14:49,32,35,13004,53615
2023-07-10 14:14:50,32,34,13004,53615
2023-07-10 14:14:51,31,34,13004,53615
2023-07-10 14:14:54,31,33,13004,53615
2023-07-10 14:15:03,31,32,13004,53615
2023-07-10 14:15:06,30,32,13004,53615
2023-07-10 14:15:14,30,33,13004,53615
2023-07-10 14:15:14,31,33,13004,53615
2023-07-10 14:15:23,31,32,13004,53615
2023-07-10 14:15:24,30,32,13004,53615
2023-07-10 14:15:30,30,33,13004,53615
2023-07-10 14:15:32,31,33,13004,53615
2023-07-10 14:15:36,31,32,13004,53615
2023-07-10 14:15:36,31,33,13004,53615
2023-07-10 14:15:49,30,33,13004,53615
2023-07-10 14:15:57,31,33,13004,53615
2023-07-10 14:16:00,31,32,13004,53615
2023-07-10 14:16:00,30,31,13004,53815
2023-07-10 14:16:03,30,31,13004,54065
2023-07-10 14:16:03,30,32,13004,54065
2023-07-10 14:16:03,30,31,13004,54065
2023-07-10 14:16:03,30,31,13004,54335
2023-07-10 14:16:03,30,31,13004,54335
2023-07-10 14:16:05,28,31,13184,54515
2023-07-10 14:16:14,29,31,13184,54515
2023-07-10 14:16:14,29,32,13184,54515
2023-07-10 14:16:14,29,31,13184,54515
2023-07-10 14:16:20,29,30,13184,54515
2023-07-10 14:16:20,28,30,13184,54515
2023-07-10 14:16:24,28,29,13184,54515
2023-07-10 14:16:25,28,29,13310,54715
2023-07-10 14:16:25,28,30,13310,54715
2023-07-10 14:16:26,28,29,13325,54730
2023-07-10 14:16:26,27,29,13710,55115
2023-07-10 14:16:28,26,29,13710,55115
2023-07-10 14:16:30,25,29,13710,55115
2023-07-10 14:16:31,25,28,13710,55115
2023-07-10 14:16:39,25,27,13710,55115
2023-07-10 14:16:40,25,28,13710,55115
2023-07-10 14:16:41,25,27,13710,55115
2023-07-10 14:16:46,25,28,13725,55240
2023-07-10 14:16:46,25,27,13725,55240
2023-07-10 14:16:46,25,28,13725,55240
2023-07-10 14:16:50,26,28,13725,55240
2023-07-10 14:17:10,25,28,13725,55240
2023-07-10 14:17:18,25,27,13725,55240
2023-07-10 14:17:30,24,27,13775,55290
2023-07-10 14:17:30,24,26,13825,55340
2023-07-10 14:17:30,24,25,13825,55340
2023-07-10 14:17:31,24,26,13825,55340
2023-07-10 14:17:35,24,25,13825,55340
2023-07-10 14:17:35,23,25,13825,55340
2023-07-10 14:17:58,23,25,14010,55525
2023-07-10 14:17:58,23,24,14010,55525
2023-07-10 14:18:40,22,23,13995,55540
2023-07-10 14:18:59,22,23,13995,55573
2023-07-10 14:19:03,22,24,14010,55588
2023-07-10 14:19:07,22,23,14010,55588
2023-07-10 14:19:08,22,24,14010,55775
2023-07-10 14:19:11,22,23,14010,55775
2023-07-10 14:19:14,22,23,14260,56025
2023-07-10 14:19:14,22,24,14260,56025
2023-07-10 14:19:14,22,23,14260,56025
2023-07-10 14:19:15,22,23,14260,56267
2023-07-10 14:19:15,22,24,14260,56267
2023-07-10 14:19:34,21,24,14260,56267
2023-07-10 14:19:34,22,24,14260,56267
2023-07-10 14:19:34,23,24,14260,56267
2023-07-10 14:19:51,23,25,14275,56282
2023-07-10 14:20:01,22,25,14275,56282
2023-07-10 14:20:01,21,25,14275,56282
2023-07-10 14:20:01,21,24,14275,56282
2023-07-10 14:20:01,22,24,14275,56282
2023-07-10 14:20:02,21,24,14275,56282
2023-07-10 14:20:04,21,23,14275,56282
2023-07-10 14:20:20,22,23,14275,56282
2023-07-10 14:20:34,21,23,14275,56282
2023-07-10 14:20:34,22,23,14275,56282
2023-07-10 14:20:34,23,25,14275,56297
2023-07-10 14:20:34,23,24,14275,56297
2023-07-10 14:20:35,23,25,14275,56297
2023-07-10 14:20:38,23,24,14275,56297
2023-07-10 14:20:42,23,25,14290,56312
2023-07-10 14:20:44,22,25,14290,56312
2023-07-10 14:20:44,24,25,14290,56312
2023-07-10 14:20:48,23,25,14290,56312
2023-07-10 14:20:48,22,25,14290,56312
2023-07-10 14:20:48,23,25,14290,56312
2023-07-10 14:20:52,22,25,14290,56312
2023-07-10 14:20:52,21,25,14290,56312
2023-07-10 14:20:52,21,24,14290,56312
2023-07-10 14:20:52,22,24,14290,56312
2023-07-10 14:21:06,22,25,14290,56312
2023-07-10 14:21:11,23,25,14290,56312
2023-07-10 14:21:27,22,25,14290,56312
2023-07-10 14:21:27,23,25,14290,56312
2023-07-10 14:21:27,24,25,14290,56312
2023-07-10 14:21:42,24,27,14305,56327
2023-07-10 14:21:43,23,27,14305,56327
2023-07-10 14:21:43,24,27,14305,56327
2023-07-10 14:21:43,25,27,14305,56327
2023-07-10 14:21:47,24,27,14305,56327
2023-07-10 14:21:47,23,27,14305,56327
2023-07-10 14:21:47,23,26,14305,56327
2023-07-10 14:21:47,24,26,14305,56327
2023-07-10 14:21:53,23,26,14305,56327
2023-07-10 14:21:53,22,26,14305,56327
2023-07-10 14:21:53,22,25,14305,56327
2023-07-10 14:21:53,23,25,14305,56327
2023-07-10 14:22:00,22,25,14305,56327
2023-07-10 14:22:01,22,24,14305,56327
2023-07-10 14:22:08,22,23,14305,56327
2023-07-10 14:22:27,21,23,14305,56357
2023-07-10 14:22:27,20,23,14335,56417
2023-07-10 14:22:27,20,22,14335,56417
2023-07-10 14:22:27,19,22,14335,56417
2023-07-10 14:22:27,19,21,14335,56417
2023-07-10 14:22:41,19,20,14335,56417
2023-07-10 14:22:44,18,20,14450,56532
2023-07-10 14:22:59,18,20,14635,56717
2023-07-10 14:22:59,18,19,14635,56717
2023-07-10 14:23:03,17,19,14665,56747
2023-07-10 14:23:07,17,19,14765,56847
2023-07-10 14:23:08,17,20,14765,56847
2023-07-10 14:23:09,17,19,14765,56847
2023-07-10 14:23:13,17,18,14765,56847
2023-07-10 14:23:13,16,18,14880,56962
2023-07-10 14:23:16,16,17,14880,56962
2023-07-10 14:23:16,16,17,15030,57162
2023-07-10 14:23:16,15,17,15030,57162
2023-07-10 14:23:17,15,18,15030,57162
2023-07-10 14:23:19,15,17,15030,57162
2023-07-10 14:23:19,15,17,15035,57167
2023-07-10 14:23:22,15,18,15035,57167
2023-07-10 14:23:22,16,18,15035,57167
2023-07-10 14:23:33,17,18,15035,57167
2023-07-10 14:23:33,17,18,15035,57182
2023-07-10 14:23:36,16,18,15035,57182
2023-07-10 14:23:56,17,18,15035,57182
2023-07-10 14:23:56,17,18,15035,57197
2023-07-10 14:23:59,16,18,15035,57225
2023-07-10 14:24:01,15,18,15050,57240
2023-07-10 14:24:02,15,18,15050,57240
2023-07-10 14:24:22,15,17,15137,57327
2023-07-10 14:24:38,16,17,15137,57327
2023-07-10 14:24:42,16,18,15137,57387
2023-07-10 14:25:24,16,17,15137,57387
2023-07-10 14:26:08,15,17,15152,57402
2023-07-10 14:26:22,15,16,15152,57402
2023-07-10 14:26:22,15,16,15552,57802
2023-07-10 14:26:23,13,16,15662,57912
2023-07-10 14:26:26,13,15,15662,57912
2023-07-10 14:26:59,13,14,15662,57912
2023-07-10 14:27:39,13,15,15662,57912
2023-07-10 14:30:16,13,14,15662,57912
2023-07-10 14:30:19,13,15,15662,57912
2023-07-10 14:30:20,13,14,15662,57912
2023-07-10 14:30:20,12,14,15677,57936
2023-07-10 14:30:23,13,14,15677,57936
2023-07-10 14:30:23,13,14,15768,58027
2023-07-10 14:30:23,13,16,15768,58027
2023-07-10 14:30:23,13,15,15768,58027
2023-07-10 14:30:50,14,15,15768,58027
2023-07-10 14:31:05,14,16,15768,58057
2023-07-10 14:31:06,15,16,15768,58057
2023-07-10 14:31:11,15,18,15768,58087
2023-07-10 14:31:14,15,19,15768,58087
2023-07-10 14:31:14,15,18,15768,58087
2023-07-10 14:31:14,15,17,15768,58087
2023-07-10 14:32:03,16,17,15768,58087
2023-07-10 14:32:17,16,18,15783,58117
2023-07-10 14:32:42,16,17,15783,58117
2023-07-10 14:32:43,16,17,15768,58208
2023-07-10 14:33:01,16,18,15768,58208
2023-07-10 14:33:03,16,17,15768,58208
2023-07-10 14:33:10,16,18,15768,58208
2023-07-10 14:33:28,17,18,15768,58208
2023-07-10 14:33:31,17,19,15798,58238
2023-07-10 14:33:36,18,19,15798,58238
2023-07-10 14:33:37,17,19,15798,58238
2023-07-10 14:33:38,17,20,15813,58253
2023-07-10 14:33:38,18,20,15813,58253
2023-07-10 14:33:39,18,21,15813,58253
2023-07-10 14:33:43,17,21,15813,58253
2023-07-10 14:33:43,17,20,15813,58253
2023-07-10 14:34:02,18,20,15813,58253
2023-07-10 14:34:08,18,21,15828,58268
2023-07-10 14:34:08,19,21,15828,58268
2023-07-10 14:34:17,20,21,15828,58268
2023-07-10 14:34:21,20,23,15843,58283
2023-07-10 14:34:25,20,22,15843,58283
2023-07-10 14:34:33,20,21,15843,58283
2023-07-10 14:34:43,20,22,15843,58283
2023-07-10 14:34:44,20,21,15843,58283
2023-07-10 14:34:47,20,22,15843,58283
2023-07-10 14:34:49,20,21,15843,58283
2023-07-10 14:34:57,19,21,15843,58343
2023-07-10 14:34:58,19,20,15843,58343
2023-07-10 14:34:58,18,20,15888,58403
2023-07-10 14:35:03,17,20,15888,58403
2023-07-10 14:35:16,18,20,15888,58403
2023-07-10 14:35:28,19,20,15888,58403
2023-07-10 14:35:35,19,21,15903,58463
2023-07-10 14:36:00,18,21,16248,58823
2023-07-10 14:36:00,18,20,16248,58823
2023-07-10 14:36:22,18,21,16263,58883
2023-07-10 14:36:23,19,21,16263,58883
2023-07-10 14:36:26,18,21,16263,58883
2023-07-10 14:36:50,18,20,16263,58883
2023-07-10 14:36:56,18,21,16263,58883
2023-07-10 14:37:04,18,20,16263,58883
2023-07-10 14:37:07,18,19,16263,58883
2023-07-10 14:37:15,17,19,16278,58913
2023-07-10 14:39:03,18,19,16278,58913
2023-07-10 14:39:07,18,20,16293,58943
2023-07-10 14:39:19,19,20,16293,58943
2023-07-10 14:39:22,20,21,16293,58973
2023-07-10 14:39:29,22,23,16293,59048
2023-07-10 14:39:30,20,23,16293,59048
2023-07-10 14:39:30,21,23,16293,59048
2023-07-10 14:39:30,22,23,16293,59048
2023-07-10 14:39:33,22,25,16308,59063
2023-07-10 14:39:37,21,25,16308,59063
2023-07-10 14:39:40,22,25,16308,59063
2023-07-10 14:39:52,23,25,16308,59063
2023-07-10 14:40:19,22,25,16308,59063
2023-07-10 14:40:21,22,24,16308,59063
2023-07-10 14:40:39,22,23,16308,59063
2023-07-10 14:40:40,21,23,16308,59123
2023-07-10 14:40:52,20,23,16308,59183
2023-07-10 14:40:52,20,22,16308,59183
2023-07-10 14:41:16,21,22,16308,59183
2023-07-10 14:41:26,21,23,16323,59198
2023-07-10 14:41:26,22,23,16323,59198
2023-07-10 14:41:30,21,23,16323,59198
2023-07-10 14:41:32,22,23,16323,59198
2023-07-10 14:41:35,22,25,16714,59589
2023-07-10 14:41:36,23,25,16714,59589
2023-07-10 14:41:36,23,26,16714,59589
2023-07-10 14:41:36,21,26,16714,59935
2023-07-10 14:41:45,21,25,16714,59935
2023-07-10 14:41:49,21,26,16714,59935
2023-07-10 14:41:53,22,26,16714,59935
2023-07-10 14:41:56,21,26,16714,59935
2023-07-10 14:41:56,23,26,16714,59935
2023-07-10 14:42:06,24,26,16714,59935
2023-07-10 14:42:18,23,26,16714,59935
2023-07-10 14:42:35,23,26,17054,60335
2023-07-10 14:42:36,21,26,17054,60335
2023-07-10 14:42:58,21,25,17054,60335
2023-07-10 14:42:59,20,25,17084,60380
2023-07-10 14:43:04,20,24,17084,60380
2023-07-10 14:43:20,20,23,17084,60380
2023-07-10 14:43:29,19,23,17084,60380
2023-07-10 14:43:47,20,23,17084,60380
2023-07-10 14:43:56,21,23,17084,60380
2023-07-10 14:43:59,21,24,17099,60425
2023-07-10 14:44:31,19,24,17099,60425
2023-07-10 14:44:34,20,24,17099,60425
2023-07-10 14:44:40,21,24,17099,60425
2023-07-10 14:44:49,22,24,17099,60425
2023-07-10 14:44:50,22,25,17144,60470
2023-07-10 14:45:17,23,25,17144,60470
2023-07-10 14:45:25,22,25,17144,60470
2023-07-10 14:45:25,24,25,17144,60470
2023-07-10 14:45:27,24,26,17189,60515
2023-07-10 14:46:26,24,27,17204,60530
2023-07-10 14:46:28,25,27,17204,60530
2023-07-10 14:46:31,24,27,17204,60530
2023-07-10 14:46:31,25,27,17204,60530
2023-07-10 14:46:34,25,27,17219,60780
2023-07-10 14:46:36,24,27,17219,60780
2023-07-10 14:47:29,23,27,17219,60780
2023-07-10 14:47:52,23,28,17219,60780
2023-07-10 14:48:03,23,31,17219,60780
2023-07-10 14:48:03,23,30,17219,60780
2023-07-10 14:48:09,23,31,17219,60780
2023-07-10 14:48:09,24,31,17219,60780
2023-07-10 14:48:09,24,30,17219,60780
2023-07-10 14:48:09,24,29,17219,60780
2023-07-10 14:48:17,24,28,17219,60780
2023-07-10 14:48:25,25,28,17219,60780
2023-07-10 14:48:29,24,28,17219,60780
2023-07-10 14:48:53,23,28,17219,60780
2023-07-10 14:48:55,23,27,17219,60780
2023-07-10 14:49:08,23,26,17219,60780
2023-07-10 14:49:16,23,28,17219,60780
2023-07-10 14:49:19,22,28,17219,60780
2023-07-10 14:49:19,21,28,17219,60780
2023-07-10 14:49:38,21,27,17219,60780
2023-07-10 14:49:42,21,26,17219,60780
2023-07-10 14:49:46,21,25,17219,60780
2023-07-10 14:50:20,21,24,17219,60780
2023-07-10 14:50:25,20,21,17219,60840
2023-07-10 14:50:26,17,21,17269,60950
2023-07-10 14:50:26,15,21,17269,60950
2023-07-10 14:50:29,15,20,17269,60950
2023-07-10 14:51:34,15,19,17269,60950
2023-07-10 14:51:46,15,18,17269,60950
2023-07-10 14:51:54,15,17,17269,60950
2023-07-10 14:51:57,15,18,17269,60950
2023-07-10 14:52:17,15,16,17269,60950
2023-07-10 14:52:18,15,17,17269,60950
2023-07-10 14:52:18,15,16,17269,60950
2023-07-10 14:52:24,15,17,17269,60950
2023-07-10 14:52:27,15,18,17269,60950
2023-07-10 14:52:36,15,17,17269,60950
2023-07-10 14:52:38,15,18,17269,60950
2023-07-10 14:52:54,15,17,17269,60950
2023-07-10 14:52:55,15,18,17269,60950
2023-07-10 14:53:23,15,17,17269,60950
2023-07-10 14:53:32,15,18,17269,60950
2023-07-10 14:54:29,15,17,17269,60950
2023-07-10 14:54:42,15,16,17269,60950
2023-07-10 14:54:42,15,16,17469,61150
2023-07-10 14:54:44,12,16,17564,61260
2023-07-10 14:54:53,12,15,17564,61260
2023-07-10 14:55:02,12,16,17564,61260
2023-07-10 14:55:02,12,15,17564,61260
2023-07-10 14:55:09,12,14,17564,61260
2023-07-10 14:55:10,12,13,17564,61260
2023-07-10 14:55:13,12,13,17743,61460
2023-07-10 14:55:15,11,13,17844,61561
2023-07-10 14:55:22,11,12,17844,61561
2023-07-10 14:55:26,11,13,17844,61561
2023-07-10 14:55:35,11,12,17844,61561
2023-07-10 14:55:36,10,12,17859,61601
2023-07-10 14:55:36,9,10,17860,61637
2023-07-10 14:56:19,9,10,17860,61642
2023-07-10 14:56:45,9,12,17860,61646
2023-07-10 14:56:49,9,13,17860,61646
2023-07-10 14:56:49,9,12,17860,61646
2023-07-10 14:58:13,9,11,17860,61646
2023-07-10 14:58:39,9,10,17860,61646
2023-07-10 14:58:46,9,11,17860,61646
2023-07-10 14:58:51,9,12,17860,61646
2023-07-10 14:58:51,9,11,17860,61646
2023-07-10 14:58:57,9,10,17860,61646
2023-07-10 14:58:59,9,10,17999,61816
2023-07-10 14:58:59,8,10,18125,61942
2023-07-10 14:59:07,8,9,18125,61942
2023-07-10 14:59:08,8,10,18125,61942
2023-07-10 15:00:01,8,9,18125,61942
2023-07-10 15:00:10,8,10,18125,61942
2023-07-10 15:00:11,8,9,18125,61942
2023-07-10 15:00:19,8,10,18125,61942
2023-07-10 15:00:21,8,9,18125,61942
2023-07-10 15:00:22,8,10,18125,61942
2023-07-10 15:00:42,8,14,18110,61957
2023-07-10 15:00:43,8,13,18110,61957
2023-07-10 15:00:43,8,14,18110,61957
2023-07-10 15:00:45,9,14,18110,61957
2023-07-10 15:00:56,10,14,18110,61957
2023-07-10 15:01:05,9,14,18110,61957
2023-07-10 15:01:26,10,14,18110,61957
2023-07-10 15:01:34,12,14,18110,61957
2023-07-10 15:02:19,9,14,18110,61957
2023-07-10 15:02:21,9,14,18110,61957
2023-07-10 15:03:06,10,14,18110,61957
2023-07-10 15:03:11,9,14,18110,61957
2023-07-10 15:03:36,10,14,18110,61957
2023-07-10 15:05:02,10,13,18110,61957
2023-07-10 15:05:21,10,12,18110,61957
2023-07-10 15:05:21,10,11,18110,61957
2023-07-10 15:05:33,9,11,18125,61972
2023-07-10 15:05:33,9,11,18140,61987
2023-07-10 15:06:17,9,13,18110,62017
2023-07-10 15:06:18,9,12,18110,62017
2023-07-10 15:06:21,9,13,18110,62017
2023-07-10 15:06:27,11,13,18110,62017
2023-07-10 15:06:27,11,14,18050,62077
2023-07-10 15:06:36,12,14,18050,62077
2023-07-10 15:06:41,12,18,18020,62137
2023-07-10 15:06:43,13,18,18020,62137
2023-07-10 15:06:59,15,18,18020,62137
2023-07-10 15:07:02,17,18,18020,62137
2023-07-10 15:07:03,17,25,17741,62461
2023-07-10 15:07:03,17,24,17741,62461
2023-07-10 15:07:07,17,25,17741,62461
2023-07-10 15:07:10,17,24,17741,62461
2023-07-10 15:07:40,17,23,17741,62461
2023-07-10 15:07:45,18,23,17741,62461
2023-07-10 15:08:02,18,21,17741,62461
2023-07-10 15:08:02,17,21,17741,62521
2023-07-10 15:08:14,14,21,17786,62581
2023-07-10 15:08:18,15,21,17786,62581
2023-07-10 15:08:41,15,19,17786,62581
2023-07-10 15:08:42,15,21,17786,62581
2023-07-10 15:08:43,15,20,17786,62581
2023-07-10 15:08:44,15,21,17786,62581
2023-07-10 15:08:45,15,20,17786,62581
2023-07-10 15:09:35,16,20,17786,62581
2023-07-10 15:09:44,17,20,17786,62581
2023-07-10 15:09:52,17,21,17801,62641
2023-07-10 15:09:55,15,21,17801,62641
2023-07-10 15:09:55,16,21,17801,62641
2023-07-10 15:09:56,17,21,17801,62641
2023-07-10 15:10:33,18,21,17801,62641
2023-07-10 15:11:09,19,21,17801,62641
2023-07-10 15:11:26,18,21,17816,62671
2023-07-10 15:12:14,19,21,17816,62671
2023-07-10 15:12:22,18,21,17831,62686
2023-07-10 15:12:45,17,21,17861,62716
2023-07-10 15:12:47,17,20,17861,62716
2023-07-10 15:12:54,13,20,17861,62716
2023-07-10 15:13:04,15,20,17861,62716
2023-07-10 15:13:13,13,20,17861,62716
2023-07-10 15:13:14,14,20,17861,62716
2023-07-10 15:14:02,14,19,17861,62716
2023-07-10 15:14:11,13,19,17861,62716
2023-07-10 15:14:14,13,17,17861,62716
2023-07-10 15:14:24,13,19,17861,62716
2023-07-10 15:14:33,12,19,17861,62716
2023-07-10 15:14:49,13,19,17861,62716
2023-07-10 15:15:03,14,19,17861,62716
2023-07-10 15:15:06,13,19,17861,62716
2023-07-10 15:15:16,12,19,17861,62716
2023-07-10 15:15:35,12,17,17861,62716
2023-07-10 15:15:43,12,19,17861,62716
2023-07-10 15:16:27,13,19,17861,62716
2023-07-10 15:16:51,13,17,17861,62716
2023-07-10 15:17:03,12,17,17861,62716
2023-07-10 15:17:29,12,16,17861,62716
2023-07-10 15:17:30,12,17,17861,62716
2023-07-10 15:17:32,12,15,17861,62716
2023-07-10 15:17:35,12,17,17861,62716
2023-07-10 15:17:35,12,16,17861,62716
2023-07-10 15:17:35,12,17,17861,62716
2023-07-10 15:19:00,12,19,17861,62716
2023-07-10 15:19:00,12,18,17861,62716
2023-07-10 15:19:21,12,17,17861,62716
2023-07-10 15:19:38,11,17,17861,62716
2023-07-10 15:20:02,11,15,17861,62716
2023-07-10 15:20:17,8,15,17861,62716
2023-07-10 15:20:20,8,14,17861,62716
2023-07-10 15:20:29,8,15,17861,62716
2023-07-10 15:20:30,8,14,17861,62716
2023-07-10 15:20:37,8,15,17861,62716
2023-07-10 15:20:39,8,13,17861,62716
2023-07-10 15:20:39,8,12,17861,62716
2023-07-10 15:20:40,8,13,17861,62716
2023-07-10 15:20:58,8,12,17861,62716
2023-07-10 15:21:03,8,11,17861,62716
2023-07-10 15:21:06,8,13,17861,62716
2023-07-10 15:21:06,8,12,17861,62716
2023-07-10 15:21:14,8,11,17861,62716
2023-07-10 15:21:17,8,10,17861,62716
2023-07-10 15:21:20,8,11,17861,62716
2023-07-10 15:21:22,8,13,17861,62716
2023-07-10 15:21:22,8,12,17861,62716
2023-07-10 15:21:29,8,13,17861,62716
2023-07-10 15:21:34,8,15,17861,62716
2023-07-10 15:21:34,8,14,17861,62716
2023-07-10 15:22:03,9,14,17861,62716
2023-07-10 15:22:05,9,19,17861,62716
2023-07-10 15:22:05,9,18,17861,62716
2023-07-10 15:22:10,11,18,17861,62716
2023-07-10 15:22:18,9,18,17861,62716
2023-07-10 15:22:18,11,18,17861,62716
2023-07-10 15:22:38,11,16,17861,62716
2023-07-10 15:22:43,11,18,17861,62716
2023-07-10 15:22:43,11,14,17861,62716
2023-07-10 15:23:02,9,14,17861,62716
2023-07-10 15:23:04,9,18,17861,62716
2023-07-10 15:23:04,9,16,17861,62716
2023-07-10 15:23:28,10,16,17861,62716
2023-07-10 15:23:29,10,20,17861,62716
2023-07-10 15:23:29,10,18,17861,62716
2023-07-10 15:23:30,10,20,17861,62716
2023-07-10 15:23:30,10,19,17861,62716
2023-07-10 15:23:33,9,19,17861,62716
2023-07-10 15:23:33,12,19,17861,62716
2023-07-10 15:23:38,13,19,17861,62716
2023-07-10 15:23:55,15,19,17861,62716
2023-07-10 15:23:59,13,19,17861,62716
2023-07-10 15:23:59,16,19,17861,62716
2023-07-10 15:24:06,16,27,17861,62746
2023-07-10 15:24:06,16,26,17861,62746
2023-07-10 15:24:06,16,28,17861,62746
2023-07-10 15:24:06,18,28,17861,62746
2023-07-10 15:24:11,18,29,17861,62746
2023-07-10 15:24:11,18,26,17861,62746
2023-07-10 15:24:12,14,26,17861,62746
2023-07-10 15:24:12,17,26,17861,62746
2023-07-10 15:24:23,17,27,17861,62746
2023-07-10 15:24:23,17,24,17861,62746
2023-07-10 15:24:25,17,27,17861,62746
2023-07-10 15:24:26,17,20,17861,62746
2023-07-10 15:24:26,9,20,17920,62805
2023-07-10 15:24:35,9,26,17920,62805
2023-07-10 15:24:35,9,22,17920,62805
2023-07-10 15:24:36,9,20,17920,62805
2023-07-10 15:24:37,11,20,17920,62805
2023-07-10 15:27:23,13,20,17920,62805
2023-07-10 15:28:13,11,20,17920,62805
2023-07-10 15:28:40,11,17,17920,62805
2023-07-10 15:29:01,11,14,17920,62805
2023-07-10 15:29:23,11,17,17920,62805
2023-07-10 15:29:23,11,12,17920,62805
2023-07-10 15:29:42,8,12,17920,62805
2023-07-10 15:29:50,8,15,17920,62805
2023-07-10 15:29:50,8,14,17920,62805
2023-07-10 15:30:03,8,15,17920,62805
2023-07-10 15:30:06,8,21,17920,62805
2023-07-10 15:30:06,8,17,17920,62805
2023-07-10 15:30:06,8,16,17920,62805
2023-07-10 15:30:14,8,15,17920,62805
2023-07-10 15:30:26,8,19,17920,62805
2023-07-10 15:30:26,8,16,17920,62805
2023-07-10 15:30:39,8,17,17920,62805
2023-07-10 15:30:50,8,21,17920,62805
2023-07-10 15:30:50,8,15,17920,62805
2023-07-10 15:31:10,8,21,17920,62805
2023-07-10 15:31:10,8,17,17920,62805
2023-07-10 15:31:12,8,15,17920,62805
2023-07-10 15:31:20,8,19,17920,62805
2023-07-10 15:31:20,8,21,17920,62805
2023-07-10 15:31:44,8,15,17920,62805
2023-07-10 15:31:44,8,11,17920,62805
2023-07-10 15:32:11,8,15,17920,62805
2023-07-10 15:32:11,8,14,17920,62805
2023-07-10 15:32:18,8,13,17920,62805
2023-07-10 15:32:35,8,17,17920,62805
2023-07-10 15:32:35,8,15,17920,62805
2023-07-10 15:32:35,8,14,17920,62805
2023-07-10 15:32:56,8,15,17920,62805
2023-07-10 15:33:08,8,19,17920,62805
2023-07-10 15:33:08,8,17,17920,62805
2023-07-10 15:33:33,8,20,17920,62805
2023-07-10 15:33:33,8,15,17920,62805
2023-07-10 15:33:35,8,18,17920,62805
2023-07-10 15:33:35,8,13,17920,62805
2023-07-10 15:33:52,8,18,17920,62805
2023-07-10 15:33:52,8,15,17920,62805
2023-07-10 15:34:01,8,18,17920,62805
2023-07-10 15:34:18,8,24,17920,62805
2023-07-10 15:34:18,8,20,17920,62805
2023-07-10 15:34:18,8,19,17920,62805
2023-07-10 15:34:20,9,19,17920,62805
2023-07-10 15:34:21,9,22,17920,62805
2023-07-10 15:34:46,9,29,17920,62805
2023-07-10 15:34:46,9,24,17920,62805
2023-07-10 15:34:48,10,24,17920,62805
2023-07-10 15:34:51,10,20,17920,62805
2023-07-10 15:34:56,9,20,17920,62805
2023-07-10 15:35:04,9,24,17920,62805
2023-07-10 15:35:04,9,22,17920,62805
2023-07-10 15:35:09,9,24,17920,62805
2023-07-10 15:35:09,9,20,17920,62805
2023-07-10 15:35:20,9,18,17920,62805
2023-07-10 15:35:30,9,20,17920,62805
2023-07-10 15:35:33,9,19,17920,62805
2023-07-10 15:35:45,10,14,17920,62805
2023-07-10 15:35:58,10,13,17920,62805
2023-07-10 15:35:59,10,12,17920,62805
2023-07-10 15:35:59,9,12,17920,62805
2023-07-10 15:36:01,9,14,17920,62805
2023-07-10 15:36:01,9,11,17920,62805
2023-07-10 15:36:02,9,10,17920,62805
2023-07-10 15:36:27,9,11,17920,62805
2023-07-10 15:36:29,9,10,17920,62805
2023-07-10 15:36:49,8,9,17925,62810
2023-07-10 15:37:15,8,11,17925,62810
2023-07-10 15:37:15,8,10,17925,62810
2023-07-10 15:37:17,8,9,17925,62810
2023-07-10 15:37:46,6,9,17948,62866
2023-07-10 15:37:46,6,8,17948,62866
2023-07-10 15:37:49,6,7,17948,62866
2023-07-10 15:37:54,6,9,17948,62866
2023-07-10 15:38:02,6,9,17948,62866
2023-07-10 15:38:36,6,8,17948,62866
2023-07-10 15:38:39,6,9,17948,62866
2023-07-10 15:39:03,7,9,17948,62866
2023-07-10 15:39:16,6,9,17948,62866
2023-07-10 15:39:16,8,9,17948,62866
2023-07-10 15:39:17,8,11,17943,62871
2023-07-10 15:39:20,8,14,17943,62871
2023-07-10 15:39:20,8,11,17943,62871
2023-07-10 15:39:21,6,11,17943,62871
2023-07-10 15:39:21,9,11,17943,62871
2023-07-10 15:39:23,8,11,17943,62871
2023-07-10 15:39:28,6,11,17943,62871
2023-07-10 15:39:28,7,11,17943,62871
2023-07-10 15:39:28,7,10,17943,62871
2023-07-10 15:39:52,7,9,17943,62871
2023-07-10 15:40:03,7,8,17943,62871
2023-07-10 15:40:07,7,9,17943,62871
2023-07-10 15:40:12,7,10,17943,62871
2023-07-10 15:40:12,7,9,17943,62871
2023-07-10 15:40:12,7,10,17943,62871
2023-07-10 15:40:16,7,9,17943,62871
2023-07-10 15:40:21,7,10,17943,62871
2023-07-10 15:40:21,7,9,17943,62871
2023-07-10 15:40:21,7,10,17943,62871
2023-07-10 15:40:27,8,10,17943,62871
2023-07-10 15:40:28,7,10,17943,62871
2023-07-10 15:40:31,8,10,17943,62871
2023-07-10 15:40:34,9,10,17943,62871
2023-07-10 15:40:48,9,11,17938,62876
2023-07-10 15:40:49,8,11,17938,62876
2023-07-10 15:40:49,10,11,17938,62876
2023-07-10 15:40:51,8,11,17938,62876
2023-07-10 15:40:51,9,11,17938,62876
2023-07-10 15:40:52,10,11,17938,62876
2023-07-10 15:41:07,10,17,17933,62881
2023-07-10 15:41:07,10,16,17933,62881
2023-07-10 15:41:07,10,15,17933,62881
2023-07-10 15:41:07,10,14,17933,62881
2023-07-10 15:41:08,12,14,17933,62881
2023-07-10 15:41:08,12,14,17958,62906
2023-07-10 15:41:08,10,15,17978,62931
2023-07-10 15:41:08,12,15,17978,62931
2023-07-10 15:41:09,13,15,17978,62931
2023-07-10 15:41:09,13,16,17978,62931
2023-07-10 15:41:09,13,15,17978,62931
2023-07-10 15:41:09,13,16,17978,62931
2023-07-10 15:41:11,13,17,17978,62931
2023-07-10 15:41:11,10,17,17978,62931
2023-07-10 15:41:11,14,17,17978,62931
2023-07-10 15:41:21,14,18,17908,63006
2023-07-10 15:41:23,15,18,17908,63006
2023-07-10 15:41:24,14,18,17908,63006
2023-07-10 15:41:24,16,24,17908,63006
2023-07-10 15:41:24,16,18,17908,63006
2023-07-10 15:41:27,16,19,17908,63006
2023-07-10 15:41:27,16,18,17908,63006
2023-07-10 15:41:28,14,18,17908,63006
2023-07-10 15:41:29,14,17,17908,63006
2023-07-10 15:41:30,15,17,17908,63006
2023-07-10 15:41:30,15,19,17908,63006
2023-07-10 15:41:30,15,18,17908,63006
2023-07-10 15:41:30,15,19,17908,63006
2023-07-10 15:41:31,14,18,17908,63006
2023-07-10 15:41:31,16,18,17908,63006
2023-07-10 15:41:39,14,18,17908,63006
2023-07-10 15:41:46,15,19,17908,63006
2023-07-10 15:41:46,15,18,17908,63006
2023-07-10 15:41:47,16,18,17908,63006
2023-07-10 15:41:49,16,19,17908,63006
2023-07-10 15:41:49,16,18,17908,63006
2023-07-10 15:41:52,15,18,17908,63006
2023-07-10 15:41:54,15,17,17908,63006
2023-07-10 15:41:55,15,16,17908,63006
2023-07-10 15:41:58,15,17,17908,63006
2023-07-10 15:42:00,15,16,17908,63006
2023-07-10 15:42:04,14,16,17913,63016
2023-07-10 15:42:04,12,14,17918,63021
2023-07-10 15:42:05,6,14,17918,63021
2023-07-10 15:42:10,10,14,17918,63021
2023-07-10 15:42:10,10,13,17918,63021
2023-07-10 15:42:10,11,13,17918,63021
2023-07-10 15:42:16,11,14,17918,63021
2023-07-10 15:42:16,11,13,17918,63021
2023-07-10 15:42:17,11,14,17918,63021
2023-07-10 15:42:19,12,14,17918,63021
2023-07-10 15:42:24,11,14,17918,63021
2023-07-10 15:42:24,13,14,17918,63021
2023-07-10 15:42:25,12,14,17918,63021
2023-07-10 15:42:31,11,14,17918,63021
2023-07-10 15:42:34,12,14,17918,63021
2023-07-10 15:42:38,11,14,17918,63021
2023-07-10 15:42:38,12,14,17918,63021
2023-07-10 15:42:48,12,13,17918,63021
2023-07-10 15:42:51,11,13,17923,63026
2023-07-10 15:42:52,11,12,17923,63026
2023-07-10 15:43:02,11,14,17923,63026
2023-07-10 15:43:02,11,13,17923,63026
2023-07-10 15:43:05,10,13,17923,63026
2023-07-10 15:43:11,9,13,17923,63026
2023-07-10 15:43:11,9,14,17923,63026
2023-07-10 15:43:11,11,14,17923,63026
2023-07-10 15:43:11,11,13,17923,63026
2023-07-10 15:43:16,12,13,17923,63026
2023-07-10 15:43:17,9,13,17923,63026
2023-07-10 15:43:21,9,13,17923,63026
2023-07-10 15:43:28,10,12,17923,63026
2023-07-10 15:43:34,10,11,17923,63026
2023-07-10 15:43:38,10,13,17923,63026
2023-07-10 15:43:38,10,12,17923,63026
2023-07-10 15:43:39,10,11,17923,63026
2023-07-10 15:43:44,9,11,17923,63026
2023-07-10 15:43:47,9,14,17923,63026
2023-07-10 15:43:47,9,12,17923,63026
2023-07-10 15:43:51,10,12,17923,63026
2023-07-10 15:43:51,10,14,17923,63026
2023-07-10 15:43:56,9,13,17923,63026
2023-07-10 15:43:56,11,13,17923,63026
2023-07-10 15:43:58,11,14,17923,63026
2023-07-10 15:44:01,12,14,17923,63026
2023-07-10 15:44:05,11,14,17923,63026
2023-07-10 15:44:09,12,14,17923,63026
2023-07-10 15:44:16,13,14,17923,63026
2023-07-10 15:44:18,9,14,17923,63026
2023-07-10 15:44:18,12,14,17923,63026
2023-07-10 15:44:22,13,14,17923,63026
2023-07-10 15:44:31,13,19,17918,63036
2023-07-10 15:44:32,15,19,17918,63036
2023-07-10 15:44:32,16,19,17918,63036
2023-07-10 15:44:33,16,22,17918,63036
2023-07-10 15:44:34,9,20,17918,63036
2023-07-10 15:44:36,17,21,17918,63036
2023-07-10 15:44:36,17,20,17918,63036
2023-07-10 15:44:36,17,21,17918,63036
2023-07-10 15:44:37,17,20,17918,63036
2023-07-10 15:44:38,18,20,17918,63036
2023-07-10 15:44:39,10,20,17918,63036
2023-07-10 15:44:39,19,20,17918,63036
2023-07-10 15:44:41,19,24,17908,63051
2023-07-10 15:44:41,10,24,17908,63051
2023-07-10 15:44:41,20,24,17908,63051
2023-07-10 15:44:43,20,23,17908,63051
2023-07-10 15:44:45,10,23,17908,63051
2023-07-10 15:44:45,18,22,17908,63051
2023-07-10 15:44:52,19,22,17908,63051
2023-07-10 15:44:53,20,22,17908,63051
2023-07-10 15:45:01,21,22,17908,63051
2023-07-10 15:45:02,21,26,17908,63061
2023-07-10 15:45:02,21,25,17908,63061
2023-07-10 15:45:03,22,25,17908,63061
2023-07-10 15:45:05,23,25,17908,63061
2023-07-10 15:45:06,24,25,17908,63061
2023-07-10 15:45:06,24,27,17908,63061
2023-07-10 15:45:06,24,28,17908,63061
2023-07-10 15:45:07,23,28,17908,63061
2023-07-10 15:45:07,23,27,17908,63061
2023-07-10 15:45:08,23,28,17908,63061
2023-07-10 15:45:08,23,27,17908,63061
2023-07-10 15:45:08,23,28,17908,63061
2023-07-10 15:45:09,23,33,17908,63061
2023-07-10 15:45:09,23,27,17908,63061
2023-07-10 15:45:11,18,27,17908,63061
2023-07-10 15:45:11,22,26,17908,63061
2023-07-10 15:45:12,23,26,17908,63061
2023-07-10 15:45:18,23,26,17893,63081
2023-07-10 15:45:20,24,26,17893,63081
2023-07-10 15:45:22,14,26,17893,63081
2023-07-10 15:45:22,22,26,17893,63081
2023-07-10 15:45:23,14,26,17893,63081
2023-07-10 15:45:23,21,26,17893,63081
2023-07-10 15:45:26,21,25,17893,63081
2023-07-10 15:45:29,21,24,17893,63081
2023-07-10 15:45:29,20,24,17893,63081
2023-07-10 15:45:30,11,24,17893,63081
2023-07-10 15:45:30,11,26,17893,63081
2023-07-10 15:45:30,11,25,17893,63081
2023-07-10 15:45:30,18,25,17893,63081
2023-07-10 15:45:30,18,22,17893,63081
2023-07-10 15:45:34,18,21,17893,63081
2023-07-10 15:45:35,18,22,17893,63081
2023-07-10 15:45:35,18,19,17893,63081
2023-07-10 15:45:36,16,19,17898,63086
2023-07-10 15:45:43,16,20,17898,63086
2023-07-10 15:45:43,16,19,17898,63086
2023-07-10 15:45:48,16,18,17898,63086
2023-07-10 15:45:51,14,18,17908,63096
2023-07-10 15:45:54,16,18,17908,63096
2023-07-10 15:45:54,16,19,17908,63096
2023-07-10 15:45:58,17,19,17908,63096
2023-07-10 15:46:01,8,19,17908,63096
2023-07-10 15:46:01,18,19,17908,63096
2023-07-10 15:46:24,9,19,17908,63096
2023-07-10 15:46:27,8,19,17908,63096
2023-07-10 15:46:29,8,19,17908,63096
2023-07-10 15:46:32,17,19,17908,63096
2023-07-10 15:46:34,18,19,17908,63096
2023-07-10 15:46:41,17,19,17908,63096
2023-07-10 15:46:50,8,19,17908,63096
2023-07-10 15:46:51,8,19,17908,63096
2023-07-10 15:46:51,17,19,17908,63096
