datetime,bid,ask,open_interest,volume
2023-07-10 09:31:00,35,36,4537,6131
2023-07-10 09:31:00,37,38,4565,6159
2023-07-10 09:31:00,37,38,4597,6191
2023-07-10 09:31:22,37,38,4847,6441
2023-07-10 09:31:23,37,38,5097,6691
2023-07-10 09:31:25,36,38,5137,6731
2023-07-10 09:31:26,36,38,5387,6981
2023-07-10 09:31:28,36,38,5637,7231
2023-07-10 09:31:30,36,38,5887,7481
2023-07-10 09:31:33,35,38,6037,7631
2023-07-10 09:31:49,35,37,6037,7631
2023-07-10 09:32:00,35,38,6037,7631
2023-07-10 09:32:02,35,37,6037,7631
2023-07-10 09:37:39,35,37,6132,7726
2023-07-10 09:39:08,36,37,6132,7726
2023-07-10 09:42:22,37,38,6157,7751
2023-07-10 09:43:02,37,38,6202,7796
2023-07-10 09:43:31,37,38,6252,7846
2023-07-10 09:43:31,37,38,6265,7896
2023-07-10 09:43:49,36,37,6172,7989
2023-07-10 09:43:50,36,38,6172,7989
2023-07-10 09:43:58,36,37,6172,7989
2023-07-10 09:44:02,36,38,6172,7989
2023-07-10 09:44:04,36,37,6172,7989
2023-07-10 09:44:16,36,37,6172,7992
2023-07-10 09:44:20,36,38,6172,7992
2023-07-10 09:44:24,36,37,6172,7992
2023-07-10 09:45:06,37,38,6172,8022
2023-07-10 09:45:07,36,38,6172,8022
2023-07-10 09:45:23,37,38,6172,8022
2023-07-10 09:46:53,36,37,6042,8152
2023-07-10 09:46:55,36,37,6042,8225
2023-07-10 09:46:55,36,37,6108,8345
2023-07-10 09:46:59,36,37,5908,8545
2023-07-10 09:47:01,35,37,5908,8545
2023-07-10 09:47:03,34,35,5832,8675
2023-07-10 09:47:04,35,36,5762,8745
2023-07-10 09:47:11,34,36,5762,8745
2023-07-10 09:47:37,34,35,5762,8745
2023-07-10 09:47:58,34,36,5762,8745
2023-07-10 09:48:02,34,35,5762,8745
2023-07-10 09:48:08,34,36,5762,8745
2023-07-10 09:48:10,34,35,5762,8745
2023-07-10 09:48:11,34,36,5762,8745
2023-07-10 09:48:24,34,35,5762,8745
2023-07-10 09:48:37,34,35,5792,8775
2023-07-10 09:49:19,33,34,5792,8875
2023-07-10 09:49:20,33,35,5792,8875
2023-07-10 09:49:24,33,34,5792,8875
2023-07-10 09:49:25,32,34,5822,8905
2023-07-10 09:49:30,32,35,5822,8905
2023-07-10 09:49:30,33,35,5822,8905
2023-07-10 09:49:48,34,35,5822,8905
2023-07-10 09:49:53,33,35,5822,8905
2023-07-10 09:49:53,34,35,5822,8905
2023-07-10 09:50:06,33,35,5822,8905
2023-07-10 09:50:18,34,35,5822,8905
2023-07-10 09:50:23,33,35,5822,8905
2023-07-10 09:50:30,33,34,5822,8905
2023-07-10 09:50:31,33,34,5822,8970
2023-07-10 09:50:31,33,34,5822,9010
2023-07-10 09:50:32,33,34,5822,9050
2023-07-10 09:50:37,33,34,5822,9061
2023-07-10 09:50:38,32,34,5822,9061
2023-07-10 09:50:40,32,33,5822,9061
2023-07-10 09:50:46,31,33,5822,9061
2023-07-10 09:50:46,32,33,5822,9061
2023-07-10 09:50:47,31,32,5722,9161
2023-07-10 09:50:50,31,32,5722,9239
2023-07-10 09:50:51,31,32,5722,9341
2023-07-10 09:50:51,31,32,5722,9375
2023-07-10 09:50:52,31,32,5722,9420
2023-07-10 09:50:52,31,32,5722,9465
2023-07-10 09:50:52,31,32,5722,9473
2023-07-10 09:50:54,30,32,5722,9473
2023-07-10 09:50:58,30,31,5722,9473
2023-07-10 09:51:07,29,31,5722,9473
2023-07-10 09:51:10,29,32,5722,9473
2023-07-10 09:51:10,30,32,5722,9473
2023-07-10 09:51:21,29,32,5722,9473
2023-07-10 09:51:24,29,31,5722,9473
2023-07-10 09:51:25,29,30,5722,9473
2023-07-10 09:51:28,28,29,5672,9553
2023-07-10 09:51:29,28,30,5672,9553
2023-07-10 09:51:30,28,29,5672,9553
2023-07-10 09:51:43,27,28,5669,9556
2023-07-10 09:52:03,27,29,5669,9556
2023-07-10 09:52:16,27,28,5669,9556
2023-07-10 09:52:17,27,28,5499,9756
2023-07-10 09:52:18,27,28,5380,9956
2023-07-10 09:52:21,26,28,5380,9956
2023-07-10 09:52:33,26,27,5380,9956
2023-07-10 09:52:35,26,28,5380,9956
2023-07-10 09:52:54,26,27,5380,9956
2023-07-10 09:52:55,26,28,5380,9956
2023-07-10 09:53:06,26,27,5380,9956
2023-07-10 09:53:08,26,28,5380,9956
2023-07-10 09:53:23,26,27,5380,9956
2023-07-10 09:53:29,26,27,5393,9996
2023-07-10 09:53:50,27,28,5393,10009
2023-07-10 09:53:59,27,28,5363,10259
2023-07-10 09:54:11,27,28,5363,10509
2023-07-10 09:54:19,27,28,5563,10709
2023-07-10 09:54:27,27,28,5563,10959
2023-07-10 09:55:03,28,30,5563,10989
2023-07-10 09:55:12,28,29,5563,10989
2023-07-10 09:55:16,27,28,5563,11019
2023-07-10 09:55:24,27,28,5393,11219
2023-07-10 09:55:24,27,28,5393,11249
2023-07-10 09:55:25,26,28,5393,11249
2023-07-10 09:55:25,26,27,5393,11249
2023-07-10 09:55:32,25,26,5393,11279
2023-07-10 09:55:37,24,25,5380,11322
2023-07-10 09:55:42,24,26,5380,11322
2023-07-10 09:55:43,24,25,5380,11322
2023-07-10 09:55:47,24,26,5380,11322
2023-07-10 09:55:48,24,25,5380,11322
2023-07-10 09:55:50,24,26,5380,11322
2023-07-10 09:55:51,24,25,5380,11322
2023-07-10 09:56:01,24,25,5416,11369
2023-07-10 09:56:02,23,24,5416,11395
2023-07-10 09:56:09,23,25,5416,11395
2023-07-10 09:56:22,23,26,5416,11395
2023-07-10 09:56:27,24,26,5416,11395
2023-07-10 09:56:34,23,26,5416,11395
2023-07-10 09:56:35,24,26,5416,11395
2023-07-10 09:56:37,23,26,5416,11395
2023-07-10 09:56:39,24,26,5416,11395
2023-07-10 09:56:40,23,26,5416,11395
2023-07-10 09:56:41,24,26,5416,11395
2023-07-10 09:56:43,23,26,5416,11395
2023-07-10 09:56:45,24,26,5416,11395
2023-07-10 09:56:46,23,26,5416,11395
2023-07-10 09:56:51,23,25,5416,11395
2023-07-10 09:57:01,23,26,5416,11395
2023-07-10 09:57:03,23,25,5416,11395
2023-07-10 09:57:05,23,26,5416,11395
2023-07-10 09:57:07,24,26,5416,11395
2023-07-10 09:58:28,25,26,5416,11395
2023-07-10 09:58:28,25,26,5562,11541
2023-07-10 09:58:32,24,25,5562,11595
2023-07-10 09:58:38,24,26,5562,11595
2023-07-10 09:58:53,25,26,5562,11595
2023-07-10 09:59:11,26,27,5562,11725
2023-07-10 09:59:34,27,28,5562,11815
2023-07-10 09:59:35,26,28,5562,11815
2023-07-10 09:59:38,27,28,5562,11815
2023-07-10 09:59:51,27,30,5432,11945
2023-07-10 09:59:55,27,29,5432,11945
2023-07-10 10:00:01,27,30,5432,11945
2023-07-10 10:00:02,28,30,5432,11945
2023-07-10 10:00:04,27,30,5432,11945
2023-07-10 10:00:11,27,29,5432,11945
2023-07-10 10:00:24,28,29,5432,11945
2023-07-10 10:00:27,29,30,5462,11989
2023-07-10 10:00:42,29,31,5462,12119
2023-07-10 10:01:03,30,31,5462,12119
2023-07-10 10:01:16,31,33,5506,12163
2023-07-10 10:01:37,30,33,5506,12163
2023-07-10 10:01:43,31,33,5506,12163
2023-07-10 10:02:18,32,33,5506,12163
2023-07-10 10:02:19,33,34,5536,12193
2023-07-10 10:03:39,34,35,5566,12223
2023-07-10 10:03:40,33,35,5566,12223
2023-07-10 10:03:47,33,36,5566,12253
2023-07-10 10:04:22,33,35,5566,12253
2023-07-10 10:04:44,33,34,5566,12253
2023-07-10 10:04:58,31,34,5566,12253
2023-07-10 10:05:03,31,33,5566,12253
2023-07-10 10:05:19,31,34,5566,12253
2023-07-10 10:05:20,31,33,5566,12253
2023-07-10 10:05:25,32,33,5566,12253
2023-07-10 10:05:27,31,33,5566,12253
2023-07-10 10:05:28,32,33,5566,12253
2023-07-10 10:05:34,33,34,5596,12283
2023-07-10 10:05:36,32,34,5596,12283
2023-07-10 10:05:42,33,34,5596,12283
2023-07-10 10:06:23,34,35,5626,12313
2023-07-10 10:06:49,33,35,5626,12313
2023-07-10 10:07:25,34,35,5626,12313
2023-07-10 10:07:27,35,36,5656,12343
2023-07-10 10:07:38,36,37,5686,12373
2023-07-10 10:07:44,36,37,5686,12476
2023-07-10 10:07:45,35,37,5686,12476
2023-07-10 10:07:50,35,38,5486,12706
2023-07-10 10:07:51,36,38,5486,12706
2023-07-10 10:08:22,37,38,5486,12706
2023-07-10 10:08:40,38,39,5516,12754
2023-07-10 10:10:04,39,40,5551,12789
2023-07-10 10:12:13,40,41,5581,12819
2023-07-10 10:12:20,39,41,5581,12819
2023-07-10 10:13:09,39,40,5581,12819
2023-07-10 10:13:09,38,40,5581,12819
2023-07-10 10:13:10,38,41,5581,12819
2023-07-10 10:13:26,39,41,5581,12819
2023-07-10 10:16:00,40,41,5581,12819
2023-07-10 10:16:44,41,42,5611,12849
2023-07-10 10:17:42,40,42,5611,12849
2023-07-10 10:18:22,40,41,5611,12849
2023-07-10 10:18:30,39,40,5611,12924
2023-07-10 10:18:30,38,40,5611,12924
2023-07-10 10:18:31,38,41,5611,12924
2023-07-10 10:18:32,38,40,5611,12924
2023-07-10 10:19:06,38,41,5611,12924
2023-07-10 10:19:14,39,41,5611,12924
2023-07-10 10:19:36,39,42,5611,12924
2023-07-10 10:19:52,40,42,5611,12924
2023-07-10 10:19:53,41,42,5611,12924
2023-07-10 10:20:26,42,43,5641,12954
2023-07-10 10:21:53,43,44,5671,12984
2023-07-10 10:25:04,44,45,5701,13089
2023-07-10 10:25:05,43,45,5701,13089
2023-07-10 10:25:17,44,45,5701,13089
2023-07-10 10:26:28,45,46,5731,13119
2023-07-10 10:28:32,44,46,6131,13519
2023-07-10 10:28:43,44,45,6131,13519
2023-07-10 10:29:57,43,45,6131,13519
2023-07-10 10:30:19,43,45,6134,13522
2023-07-10 10:30:33,44,45,6134,13522
2023-07-10 10:30:54,43,45,6134,13522
2023-07-10 10:32:09,43,44,6134,13522
2023-07-10 10:32:10,42,44,6134,13552
2023-07-10 10:33:29,42,43,6134,13552
2023-07-10 10:33:46,40,42,6084,13602
2023-07-10 10:33:52,40,41,6084,13602
2023-07-10 10:34:20,40,42,6084,13602
2023-07-10 10:35:14,40,43,6084,13602
2023-07-10 10:35:25,40,42,6084,13602
2023-07-10 10:35:54,40,41,6084,13602
2023-07-10 10:35:54,39,41,6034,13802
2023-07-10 10:35:54,39,40,6034,13802
2023-07-10 10:35:55,37,39,5984,13952
2023-07-10 10:35:56,37,40,5984,13952
2023-07-10 10:35:56,37,39,5984,13952
2023-07-10 10:35:59,37,38,5984,13952
2023-07-10 10:36:03,35,37,5884,14052
2023-07-10 10:36:08,36,37,5884,14052
2023-07-10 10:36:13,35,36,5834,14102
2023-07-10 10:36:18,35,37,5834,14102
2023-07-10 10:36:21,36,37,5834,14102
2023-07-10 10:36:21,36,38,5834,14102
2023-07-10 10:36:21,36,39,5834,14102
2023-07-10 10:36:22,37,39,5834,14102
2023-07-10 10:36:22,37,38,5834,14102
2023-07-10 10:36:35,35,37,5784,14152
2023-07-10 10:37:04,36,37,5784,14152
2023-07-10 10:37:04,36,38,5784,14152
2023-07-10 10:37:04,36,39,5784,14152
2023-07-10 10:37:04,36,38,5784,14152
2023-07-10 10:37:28,36,38,5784,14182
2023-07-10 10:37:29,37,38,5784,14182
2023-07-10 10:37:30,37,39,5784,14182
2023-07-10 10:37:45,37,38,5784,14182
2023-07-10 10:37:56,37,39,5784,14182
2023-07-10 10:37:56,36,37,5734,14232
2023-07-10 10:38:00,36,39,5734,14232
2023-07-10 10:38:00,36,38,5734,14232
2023-07-10 10:38:10,36,37,5734,14232
2023-07-10 10:38:16,36,38,5734,14232
2023-07-10 10:38:16,36,39,5734,14232
2023-07-10 10:38:16,36,38,5734,14232
2023-07-10 10:38:43,37,38,5734,14232
2023-07-10 10:38:52,38,39,5754,14252
2023-07-10 10:38:52,38,40,5754,14252
2023-07-10 10:38:52,38,41,5754,14252
2023-07-10 10:38:53,39,41,5754,14252
2023-07-10 10:38:53,39,40,5754,14252
2023-07-10 10:39:20,40,41,5774,14302
2023-07-10 10:39:23,40,42,5774,14302
2023-07-10 10:39:36,41,42,5774,14302
2023-07-10 10:40:48,40,42,5774,14302
2023-07-10 10:41:02,39,42,5774,14302
2023-07-10 10:41:26,40,42,5774,14302
2023-07-10 10:42:09,41,42,5774,14302
2023-07-10 10:42:10,42,43,5794,14322
2023-07-10 10:42:45,41,43,5794,14322
2023-07-10 10:42:49,40,43,5794,14322
2023-07-10 10:42:51,40,42,5794,14322
2023-07-10 10:43:14,40,41,5794,14322
2023-07-10 10:43:15,39,41,5794,14342
2023-07-10 10:43:16,39,40,5794,14342
2023-07-10 10:43:17,38,40,5794,14342
2023-07-10 10:43:24,38,41,5794,14342
2023-07-10 10:43:27,38,40,5794,14342
2023-07-10 10:43:34,38,39,5794,14342
2023-07-10 10:43:49,38,39,5794,14376
2023-07-10 10:43:54,36,38,5788,14382
2023-07-10 10:43:59,36,37,5788,14382
2023-07-10 10:44:31,35,37,5788,14388
2023-07-10 10:45:11,36,37,5788,14388
2023-07-10 10:45:16,37,38,5808,14408
2023-07-10 10:46:10,38,39,5828,14428
2023-07-10 10:46:18,39,40,5848,14448
2023-07-10 10:47:11,40,41,5868,14468
2023-07-10 10:47:49,39,41,5868,14468
2023-07-10 10:48:15,38,41,5868,14468
2023-07-10 10:48:24,38,40,5868,14468
2023-07-10 10:48:36,38,41,5868,14468
2023-07-10 10:48:38,39,41,5868,14468
2023-07-10 10:48:53,40,41,5868,14468
2023-07-10 10:49:01,39,41,5868,14468
2023-07-10 10:49:01,39,41,6375,14975
2023-07-10 10:49:35,39,40,6375,14975
2023-07-10 10:49:45,38,40,6375,14975
2023-07-10 10:50:01,39,40,6375,14975
2023-07-10 10:50:39,39,41,6068,15285
2023-07-10 10:50:49,40,41,6068,15285
2023-07-10 10:50:51,41,42,6088,15305
2023-07-10 10:51:39,40,42,6088,15305
2023-07-10 10:51:42,40,41,6088,15305
2023-07-10 10:51:42,39,41,6088,15305
2023-07-10 10:52:23,39,40,6088,15305
2023-07-10 10:52:27,38,40,6088,15325
2023-07-10 10:52:29,38,39,6088,15325
2023-07-10 10:52:33,37,38,6045,15368
2023-07-10 10:52:34,37,39,6045,15368
2023-07-10 10:52:36,37,38,6045,15368
2023-07-10 10:52:38,37,39,6045,15368
2023-07-10 10:52:39,37,38,6045,15368
2023-07-10 10:53:35,38,39,6048,15371
2023-07-10 10:53:48,37,39,6048,15371
2023-07-10 10:53:58,38,39,6048,15371
2023-07-10 10:54:02,39,40,6068,15391
2023-07-10 10:54:21,38,40,6068,15391
2023-07-10 10:54:26,38,39,6068,15391
2023-07-10 10:54:26,37,39,6068,15391
2023-07-10 10:54:34,37,38,6068,15391
2023-07-10 10:54:37,37,39,6068,15391
2023-07-10 10:54:39,37,38,6068,15391
2023-07-10 10:54:44,37,39,6068,15391
2023-07-10 10:55:02,37,38,6068,15391
2023-07-10 10:55:03,37,39,6068,15391
2023-07-10 10:55:09,37,40,6068,15391
2023-07-10 10:55:09,38,40,6068,15391
2023-07-10 10:55:30,39,40,6068,15391
2023-07-10 10:55:36,37,39,6068,15501
2023-07-10 10:55:37,37,40,6068,15501
2023-07-10 10:55:38,37,39,6068,15501
2023-07-10 10:55:43,37,38,6068,15501
2023-07-10 10:55:58,36,38,6068,15521
2023-07-10 10:56:01,36,39,6068,15521
2023-07-10 10:56:02,37,39,6068,15521
2023-07-10 10:56:11,37,40,6068,15521
2023-07-10 10:56:25,37,39,6068,15521
2023-07-10 10:56:27,37,40,6068,15521
2023-07-10 10:57:01,37,39,6068,15521
2023-07-10 10:57:08,37,40,6068,15521
2023-07-10 10:57:16,38,40,6068,15521
2023-07-10 10:57:23,39,40,6068,15521
2023-07-10 10:57:25,38,40,6068,15521
2023-07-10 10:57:28,39,40,6068,15521
2023-07-10 10:57:41,40,41,6088,15541
2023-07-10 10:58:11,40,41,6268,15721
2023-07-10 10:58:12,39,41,6268,15721
2023-07-10 10:58:12,40,41,6268,15721
2023-07-10 10:58:54,39,41,6268,15721
2023-07-10 10:58:54,40,41,6268,15721
2023-07-10 10:59:11,39,41,6268,15721
2023-07-10 10:59:12,40,41,6268,15721
2023-07-10 10:59:17,39,40,6268,15821
2023-07-10 10:59:18,38,40,6268,15821
2023-07-10 10:59:26,38,39,6268,15821
2023-07-10 10:59:38,38,40,6268,15821
2023-07-10 10:59:51,38,41,6268,15821
2023-07-10 10:59:54,39,41,6268,15821
2023-07-10 10:59:56,39,40,6268,15821
2023-07-10 11:00:05,38,39,6268,15921
2023-07-10 11:01:16,38,40,6268,15921
2023-07-10 11:02:07,39,40,6268,15921
2023-07-10 11:02:24,38,40,6268,15921
2023-07-10 11:02:30,38,39,6268,15921
2023-07-10 11:03:24,37,38,6248,15941
2023-07-10 11:03:25,37,39,6248,15941
2023-07-10 11:03:26,37,38,6248,15941
2023-07-10 11:03:26,37,39,6048,16141
2023-07-10 11:03:27,37,38,6048,16141
2023-07-10 11:03:27,37,39,5848,16341
2023-07-10 11:03:27,37,38,5848,16341
2023-07-10 11:03:34,36,37,5808,16381
2023-07-10 11:03:35,35,36,5758,16431
2023-07-10 11:03:37,34,36,5758,16431
2023-07-10 11:03:45,34,35,5758,16431
2023-07-10 11:03:47,33,34,5735,16454
2023-07-10 11:03:48,32,34,5735,16454
2023-07-10 11:03:50,32,35,5735,16454
2023-07-10 11:04:03,33,35,5735,16454
2023-07-10 11:04:03,33,36,5735,16454
2023-07-10 11:04:08,33,35,5735,16454
2023-07-10 11:04:23,33,34,5735,16454
2023-07-10 11:04:24,33,35,5735,16454
2023-07-10 11:04:24,33,34,5735,16454
2023-07-10 11:04:26,32,34,5735,16454
2023-07-10 11:04:36,33,34,5735,16454
2023-07-10 11:04:38,34,36,5738,16457
2023-07-10 11:04:49,35,36,5738,16457
2023-07-10 11:04:50,34,36,5738,16457
2023-07-10 11:05:03,35,36,5738,16457
2023-07-10 11:05:15,34,36,5738,16457
2023-07-10 11:05:19,35,36,5738,16457
2023-07-10 11:05:20,36,37,5758,16477
2023-07-10 11:05:26,37,39,5778,16497
2023-07-10 11:05:44,38,39,5778,16497
2023-07-10 11:05:46,39,40,5798,16517
2023-07-10 11:05:46,39,41,5798,16517
2023-07-10 11:06:34,38,41,5798,16517
2023-07-10 11:06:38,38,40,5798,16517
2023-07-10 11:06:40,37,40,5798,16517
2023-07-10 11:07:02,37,39,5798,16517
2023-07-10 11:07:07,37,40,5798,16517
2023-07-10 11:07:14,38,40,5798,16517
2023-07-10 11:07:52,37,40,5798,16517
2023-07-10 11:08:09,37,39,5798,16517
2023-07-10 11:08:11,37,40,5798,16517
2023-07-10 11:08:22,37,39,5798,16517
2023-07-10 11:08:34,37,40,5798,16517
2023-07-10 11:08:41,38,40,5798,16517
2023-07-10 11:08:43,39,40,5798,16517
2023-07-10 11:09:07,40,41,5818,16537
2023-07-10 11:09:09,39,41,5818,16537
2023-07-10 11:09:49,38,41,5818,16537
2023-07-10 11:10:14,39,41,5818,16537
2023-07-10 11:10:26,38,41,5818,16537
2023-07-10 11:10:50,38,40,5818,16537
2023-07-10 11:11:23,38,41,5818,16537
2023-07-10 11:11:51,38,40,5818,16537
2023-07-10 11:11:53,38,41,5818,16537
2023-07-10 11:12:00,39,41,5818,16537
2023-07-10 11:12:03,38,41,5818,16537
2023-07-10 11:12:03,39,41,5818,16537
2023-07-10 11:12:11,39,40,5818,16537
2023-07-10 11:12:15,38,40,5818,16537
2023-07-10 11:12:54,38,39,5818,16537
2023-07-10 11:13:07,38,40,5818,16537
2023-07-10 11:13:21,38,39,5818,16537
2023-07-10 11:13:28,38,39,5818,16657
2023-07-10 11:13:33,38,39,5818,16732
2023-07-10 11:13:34,37,38,5798,16752
2023-07-10 11:13:40,37,39,5798,16752
2023-07-10 11:13:49,37,40,5798,16752
2023-07-10 11:14:07,38,40,5798,16752
2023-07-10 11:14:07,38,41,5798,16752
2023-07-10 11:14:09,39,41,5798,16752
2023-07-10 11:14:27,40,41,5798,16752
2023-07-10 11:14:49,41,42,5818,16882
2023-07-10 11:15:08,42,43,5838,16902
2023-07-10 11:15:08,42,44,5838,16902
2023-07-10 11:15:09,43,44,5838,16902
2023-07-10 11:15:12,43,45,5838,16902
2023-07-10 11:15:14,43,44,5838,16902
2023-07-10 11:15:15,42,44,5838,16902
2023-07-10 11:15:25,42,44,6007,17071
2023-07-10 11:15:26,41,44,6007,17071
2023-07-10 11:15:32,42,44,6007,17071
2023-07-10 11:15:53,44,45,6427,17611
2023-07-10 11:15:55,44,45,6427,17811
2023-07-10 11:15:55,44,45,6447,17831
2023-07-10 11:16:01,44,45,6447,18031
2023-07-10 11:16:02,44,45,6697,18281
2023-07-10 11:16:04,44,45,6947,18531
2023-07-10 11:16:05,44,45,7197,18781
2023-07-10 11:16:07,44,45,7447,19031
2023-07-10 11:16:17,43,45,7487,19071
2023-07-10 11:16:19,43,44,7487,19071
2023-07-10 11:16:19,42,44,7487,19071
2023-07-10 11:16:22,42,43,7487,19071
2023-07-10 11:16:22,41,43,7487,19071
2023-07-10 11:16:22,40,43,7487,19071
2023-07-10 11:16:22,41,43,7487,19071
2023-07-10 11:16:33,41,44,7487,19071
2023-07-10 11:16:33,42,44,7487,19071
2023-07-10 11:16:48,43,44,7487,19071
2023-07-10 11:17:16,42,44,7487,19071
2023-07-10 11:17:21,43,44,7487,19071
2023-07-10 11:18:07,43,44,7287,19271
2023-07-10 11:18:07,42,44,7287,19271
2023-07-10 11:18:21,42,43,7287,19271
2023-07-10 11:18:27,41,43,7287,19511
2023-07-10 11:18:31,40,43,7287,19511
2023-07-10 11:18:31,41,43,7287,19511
2023-07-10 11:18:38,41,42,7287,19511
2023-07-10 11:18:44,40,41,7247,19551
2023-07-10 11:18:44,39,41,7247,19551
2023-07-10 11:19:10,40,41,7247,19551
2023-07-10 11:19:32,39,41,7247,19551
2023-07-10 11:19:54,40,41,7247,19551
2023-07-10 11:19:57,39,41,7247,19551
2023-07-10 11:20:20,40,41,7247,19551
2023-07-10 11:20:33,41,42,7267,19571
2023-07-10 11:20:40,42,43,7287,19591
2023-07-10 11:21:01,43,44,7307,19611
2023-07-10 11:21:03,42,44,7307,19611
2023-07-10 11:21:26,41,44,7307,19611
2023-07-10 11:21:32,41,42,7307,19611
2023-07-10 11:21:38,41,44,7307,19611
2023-07-10 11:21:58,41,43,7307,19611
2023-07-10 11:22:09,40,43,7307,19631
2023-07-10 11:22:18,40,42,7307,19631
2023-07-10 11:22:23,40,43,7307,19631
2023-07-10 11:23:11,40,42,7307,19631
2023-07-10 11:23:32,40,43,7307,19631
2023-07-10 11:23:58,40,42,7307,19631
2023-07-10 11:24:05,39,42,7337,19681
2023-07-10 11:24:10,39,41,7337,19681
2023-07-10 11:24:11,39,42,7337,19681
2023-07-10 11:24:26,39,40,7337,19681
2023-07-10 11:24:38,38,40,7337,19701
2023-07-10 11:24:40,37,40,7337,19701
2023-07-10 11:24:45,38,40,7337,19701
2023-07-10 11:25:02,38,41,7337,19701
2023-07-10 11:25:02,39,41,7337,19701
2023-07-10 11:25:06,39,42,7337,19701
2023-07-10 11:25:36,39,43,7337,19701
2023-07-10 11:25:36,40,43,7337,19701
2023-07-10 11:25:48,41,43,7337,19701
2023-07-10 11:25:51,41,44,7337,19701
2023-07-10 11:26:07,42,44,7337,19701
2023-07-10 11:26:10,41,44,7337,19701
2023-07-10 11:26:11,41,43,7337,19701
2023-07-10 11:26:15,40,43,7337,19701
2023-07-10 11:26:18,40,42,7337,19701
2023-07-10 11:26:18,39,42,7337,19701
2023-07-10 11:26:43,39,41,7337,19701
2023-07-10 11:26:46,39,40,7337,19701
2023-07-10 11:26:50,38,40,7337,19721
2023-07-10 11:26:50,38,39,7337,19721
2023-07-10 11:26:59,39,41,7357,19741
2023-07-10 11:27:02,40,41,7357,19741
2023-07-10 11:27:06,40,43,7357,19741
2023-07-10 11:27:56,41,43,7357,19741
2023-07-10 11:28:02,42,43,7357,19741
2023-07-10 11:28:18,43,45,7377,19761
2023-07-10 11:28:28,44,45,7377,19761
2023-07-10 11:28:28,44,45,7397,19781
2023-07-10 11:28:28,44,45,7417,19801
2023-07-10 11:28:34,43,45,7417,19801
2023-07-10 11:28:43,44,45,7417,19801
2023-07-10 11:28:47,43,45,7417,19801
2023-07-10 11:28:58,44,45,7417,19801
2023-07-10 11:29:04,44,45,7517,19901
2023-07-10 11:29:05,43,45,7517,19901
2023-07-10 11:29:29,44,45,7517,19901
2023-07-10 11:30:01,45,46,7537,19921
2023-07-10 11:30:06,44,46,7537,19921
2023-07-10 11:30:21,45,46,7537,19921
2023-07-10 11:30:22,46,47,7567,19965
2023-07-10 11:30:23,47,48,7591,19989
2023-07-10 11:30:33,46,48,7591,19989
2023-07-10 11:30:52,47,48,7591,19989
2023-07-10 11:30:57,48,49,7637,20035
2023-07-10 11:30:57,48,49,7657,20055
2023-07-10 11:30:58,47,49,7657,20055
2023-07-10 11:30:58,48,49,7657,20055
2023-07-10 11:31:01,47,49,7657,20055
2023-07-10 11:31:12,48,49,7657,20055
2023-07-10 11:31:15,47,49,7657,20055
2023-07-10 11:31:30,48,49,7657,20055
2023-07-10 11:31:37,47,49,7701,20099
2023-07-10 11:31:46,47,49,7801,20199
2023-07-10 11:31:46,47,48,7801,20199
2023-07-10 11:31:46,47,49,7801,20199
2023-07-10 11:31:49,48,49,7801,20199
2023-07-10 11:31:50,48,49,7821,20219
2023-07-10 11:32:03,47,49,7885,20283
2023-07-10 11:32:03,47,48,7885,20283
2023-07-10 11:32:14,47,48,7929,20327
2023-07-10 11:32:15,48,49,7949,20347
2023-07-10 11:32:16,47,49,7949,20347
2023-07-10 11:32:16,47,48,7949,20347
2023-07-10 11:32:17,48,49,7952,20350
2023-07-10 11:32:20,47,49,7952,20350
2023-07-10 11:32:23,47,48,7952,20350
2023-07-10 11:32:24,47,49,7996,20394
2023-07-10 11:32:25,48,49,7996,20394
2023-07-10 11:32:28,47,49,7996,20394
2023-07-10 11:32:37,48,49,7996,20394
2023-07-10 11:33:07,47,49,7996,20394
2023-07-10 11:33:26,48,49,7996,20394
2023-07-10 11:33:44,49,50,8043,20441
2023-07-10 11:33:52,50,51,8090,20488
2023-07-10 11:33:52,50,51,8110,20508
2023-07-10 11:34:17,49,51,8110,20508
2023-07-10 11:36:24,50,51,8110,20508
2023-07-10 11:36:24,49,51,8266,20664
2023-07-10 11:36:25,50,51,8266,20664
2023-07-10 11:36:44,49,51,8266,20664
2023-07-10 11:36:51,50,51,8266,20664
2023-07-10 11:36:54,49,51,8266,20664
2023-07-10 11:39:16,50,51,8266,20664
2023-07-10 11:39:30,49,51,8266,20664
2023-07-10 11:39:32,50,51,8266,20664
2023-07-10 11:39:40,49,51,8266,20664
2023-07-10 11:39:41,50,51,8266,20664
2023-07-10 11:39:46,49,51,8266,20664
2023-07-10 11:39:48,50,51,8266,20664
2023-07-10 11:39:49,49,51,8266,20664
2023-07-10 11:40:05,50,51,8266,20664
2023-07-10 11:40:20,49,51,8266,20664
2023-07-10 11:41:07,48,51,8266,20664
2023-07-10 11:41:35,48,50,8266,20664
2023-07-10 11:41:36,48,51,8266,20664
2023-07-10 11:41:39,48,50,8266,20664
2023-07-10 11:41:41,48,49,8266,20664
2023-07-10 11:42:36,48,50,8266,20664
2023-07-10 11:42:37,48,49,8266,20664
2023-07-10 11:42:42,47,48,8246,20684
2023-07-10 11:42:43,47,49,8246,20684
2023-07-10 11:43:00,47,50,8246,20684
2023-07-10 11:43:03,47,49,8246,20684
2023-07-10 11:43:09,47,50,8246,20684
2023-07-10 11:43:13,47,49,8246,20684
2023-07-10 11:43:22,47,48,8246,20684
2023-07-10 11:43:27,46,47,8206,20724
2023-07-10 11:43:28,46,48,8206,20724
2023-07-10 11:43:31,46,47,8206,20724
2023-07-10 11:43:35,45,46,8163,20767
2023-07-10 11:43:36,45,47,8163,20767
2023-07-10 11:43:38,45,46,8163,20767
2023-07-10 11:43:39,45,47,8163,20767
2023-07-10 11:43:44,45,46,8163,20767
2023-07-10 11:43:49,45,47,8163,20767
2023-07-10 11:43:52,45,48,8163,20767
2023-07-10 11:43:54,45,47,8163,20767
2023-07-10 11:43:55,45,48,8163,20767
2023-07-10 11:43:58,45,47,8163,20767
2023-07-10 11:44:26,45,46,8163,20767
2023-07-10 11:44:28,44,45,8160,20870
2023-07-10 11:44:33,44,45,8110,21070
2023-07-10 11:44:33,43,45,8110,21070
2023-07-10 11:44:41,43,44,8110,21070
2023-07-10 11:44:41,42,44,8110,21070
2023-07-10 11:44:52,42,43,8110,21070
2023-07-10 11:44:53,41,43,8110,21070
2023-07-10 11:44:55,41,42,8110,21070
2023-07-10 11:45:01,41,42,8110,21270
2023-07-10 11:45:02,40,42,8110,21270
2023-07-10 11:45:12,40,41,8110,21270
2023-07-10 11:45:16,40,41,8060,21470
2023-07-10 11:45:16,40,41,8060,21670
2023-07-10 11:45:16,40,41,8091,21701
2023-07-10 11:45:17,40,41,8096,21706
2023-07-10 11:45:17,40,41,8186,21796
2023-07-10 11:45:18,40,41,8231,21841
2023-07-10 11:45:19,39,41,8410,22020
2023-07-10 11:45:20,37,41,8410,22020
2023-07-10 11:45:20,37,40,8410,22020
2023-07-10 11:45:20,38,40,8410,22020
2023-07-10 11:45:34,38,39,8410,22020
2023-07-10 11:45:43,37,39,8410,22037
2023-07-10 11:45:44,37,40,8410,22037
2023-07-10 11:45:44,38,40,8410,22037
2023-07-10 11:45:47,37,40,8410,22037
2023-07-10 11:45:52,37,39,8410,22037
2023-07-10 11:45:52,36,39,8410,22037
2023-07-10 11:45:53,36,38,8410,22037
2023-07-10 11:45:59,37,38,8410,22037
2023-07-10 11:46:06,37,39,8410,22057
2023-07-10 11:46:07,37,40,8410,22057
2023-07-10 11:46:15,37,39,8410,22057
2023-07-10 11:46:21,37,38,8410,22057
2023-07-10 11:46:30,37,38,8410,22060
2023-07-10 11:46:30,35,38,8410,22107
2023-07-10 11:46:31,35,37,8410,22107
2023-07-10 11:46:32,34,37,8410,22107
2023-07-10 11:46:33,34,36,8410,22107
2023-07-10 11:46:33,34,35,8410,22107
2023-07-10 11:46:34,34,35,8410,22157
2023-07-10 11:46:35,34,36,8410,22157
2023-07-10 11:46:35,34,35,8410,22157
2023-07-10 11:46:38,34,36,8410,22157
2023-07-10 11:46:38,34,35,8410,22157
2023-07-10 11:46:43,34,37,8410,22157
2023-07-10 11:46:43,34,36,8410,22157
2023-07-10 11:46:56,34,35,8410,22157
2023-07-10 11:47:02,32,35,8410,22257
2023-07-10 11:47:02,32,33,8410,22257
2023-07-10 11:47:04,32,34,8410,22357
2023-07-10 11:47:04,32,33,8410,22357
2023-07-10 11:47:04,30,33,8410,22357
2023-07-10 11:47:11,30,32,8410,22357
2023-07-10 11:47:12,29,32,8410,22357
2023-07-10 11:47:24,30,32,8410,22357
2023-07-10 11:47:24,30,33,8410,22357
2023-07-10 11:47:27,29,33,8410,22357
2023-07-10 11:47:51,30,32,8410,22357
2023-07-10 11:47:51,30,33,8410,22357
2023-07-10 11:47:51,30,32,8410,22357
2023-07-10 11:47:52,30,33,8410,22357
2023-07-10 11:47:53,31,33,8410,22357
2023-07-10 11:47:56,31,34,8410,22357
2023-07-10 11:47:56,31,33,8410,22357
2023-07-10 11:48:04,30,33,8410,22357
2023-07-10 11:48:22,30,32,8410,22357
2023-07-10 11:48:36,30,33,8410,22357
2023-07-10 11:48:46,30,32,8410,22357
2023-07-10 11:48:50,30,33,8210,23110
2023-07-10 11:48:50,30,32,8210,23110
2023-07-10 11:49:08,31,32,8210,23110
2023-07-10 11:49:08,31,33,8210,23110
2023-07-10 11:49:12,31,34,8210,23110
2023-07-10 11:49:12,31,33,8210,23110
2023-07-10 11:49:13,32,33,8210,23110
2023-07-10 11:49:23,32,34,8210,23110
2023-07-10 11:49:32,32,35,8210,23110
2023-07-10 11:49:32,32,36,8210,23110
2023-07-10 11:49:33,33,36,8210,23110
2023-07-10 11:49:33,34,36,8210,23110
2023-07-10 11:49:38,34,35,8210,23110
2023-07-10 11:50:08,34,35,8210,23130
2023-07-10 11:50:10,33,35,8210,23160
2023-07-10 11:50:12,33,36,8210,23160
2023-07-10 11:50:12,33,34,8210,23160
2023-07-10 11:50:19,33,35,8210,23260
2023-07-10 11:50:20,33,34,8210,23260
2023-07-10 11:50:38,33,35,8210,23260
2023-07-10 11:50:38,33,34,8210,23260
2023-07-10 11:50:43,33,36,8210,23260
2023-07-10 11:50:43,33,35,8210,23260
2023-07-10 11:50:46,34,35,8210,23260
2023-07-10 11:50:52,34,35,8166,23304
2023-07-10 11:50:58,34,36,8166,23304
2023-07-10 11:51:03,34,35,8166,23304
2023-07-10 11:51:08,33,35,8166,23354
2023-07-10 11:51:08,33,34,8166,23354
2023-07-10 11:51:14,33,35,8166,23354
2023-07-10 11:51:20,34,35,8166,23354
2023-07-10 11:51:21,34,35,8166,23754
2023-07-10 11:51:22,34,35,8013,23907
2023-07-10 11:51:24,34,37,8013,23907
2023-07-10 11:51:24,34,36,8013,23907
2023-07-10 11:51:30,33,36,8013,23907
2023-07-10 11:51:46,33,36,7613,24414
2023-07-10 11:51:46,34,36,7613,24414
2023-07-10 11:51:50,33,36,7613,24414
2023-07-10 11:51:50,33,35,7613,24414
2023-07-10 11:51:58,33,34,7613,24414
2023-07-10 11:52:00,32,34,7613,24464
2023-07-10 11:52:15,33,34,7613,24464
2023-07-10 11:52:28,32,34,7613,24571
2023-07-10 11:52:41,33,34,7613,24571
2023-07-10 11:53:01,34,35,7633,24591
2023-07-10 11:53:25,34,37,7673,24631
2023-07-10 11:53:31,35,37,7673,24631
2023-07-10 11:53:45,36,37,7673,24631
2023-07-10 11:54:12,36,38,7673,24651
2023-07-10 11:54:33,37,38,7673,24651
2023-07-10 11:54:37,36,38,7673,24651
2023-07-10 11:54:39,37,38,7673,24651
2023-07-10 11:54:44,37,39,7673,24671
2023-07-10 11:55:01,38,39,7673,24671
2023-07-10 11:55:08,38,40,7673,24691
2023-07-10 11:55:20,39,40,7673,24691
2023-07-10 11:55:26,39,41,7673,24711
2023-07-10 11:55:50,38,41,7673,24711
2023-07-10 11:55:52,38,40,7673,24711
2023-07-10 11:55:56,39,40,7673,24711
2023-07-10 11:55:56,39,41,7673,24711
2023-07-10 11:56:07,39,40,7673,24711
2023-07-10 11:56:15,38,40,7673,24711
2023-07-10 11:56:54,39,40,7673,24711
2023-07-10 11:57:18,38,40,7673,24711
2023-07-10 11:57:31,37,40,7673,24731
2023-07-10 11:57:31,37,38,7673,24731
2023-07-10 11:57:32,37,39,7673,24751
2023-07-10 11:57:39,37,38,7673,24751
2023-07-10 11:57:52,35,38,7673,24751
2023-07-10 11:57:57,36,38,7673,24751
2023-07-10 11:57:59,35,38,7673,24751
2023-07-10 11:58:18,35,37,7673,24751
2023-07-10 11:59:08,35,36,7673,24751
2023-07-10 11:59:09,35,36,7673,24771
2023-07-10 11:59:09,35,37,7673,24771
2023-07-10 11:59:10,35,36,7673,24771
2023-07-10 11:59:10,34,36,7773,24901
2023-07-10 11:59:15,34,35,7773,24901
2023-07-10 11:59:17,33,35,7773,24951
2023-07-10 11:59:23,33,34,7773,24951
2023-07-10 11:59:24,32,34,7773,25001
2023-07-10 11:59:30,32,35,7773,25001
2023-07-10 11:59:30,32,34,7773,25001
2023-07-10 11:59:35,32,35,7823,25051
2023-07-10 11:59:36,32,34,7823,25051
2023-07-10 12:00:00,31,34,7832,25071
2023-07-10 12:00:02,31,33,7832,25071
2023-07-10 12:00:05,31,34,7832,25071
2023-07-10 12:00:05,31,33,7832,25071
2023-07-10 12:00:10,30,33,7832,25071
2023-07-10 12:00:11,30,32,7832,25071
2023-07-10 12:00:16,30,32,8232,25471
2023-07-10 12:00:16,29,32,8232,25471
2023-07-10 12:00:16,29,31,8232,25471
2023-07-10 12:00:18,30,31,8232,25471
2023-07-10 12:00:21,29,31,8232,25471
2023-07-10 12:00:32,28,31,8232,25471
2023-07-10 12:00:34,28,30,8232,25471
2023-07-10 12:00:38,28,29,8232,25471
2023-07-10 12:00:43,27,29,8232,25471
2023-07-10 12:00:49,28,29,8232,25471
2023-07-10 12:00:49,28,30,8232,25471
2023-07-10 12:00:49,28,29,8232,25471
2023-07-10 12:00:51,28,30,8232,25571
2023-07-10 12:01:05,28,29,8232,25571
2023-07-10 12:01:05,28,30,8232,25571
2023-07-10 12:01:05,28,29,8232,25571
2023-07-10 12:01:06,28,29,7982,25821
2023-07-10 12:01:07,27,29,7982,25821
2023-07-10 12:01:07,27,30,7832,25971
2023-07-10 12:01:09,27,29,7832,25971
2023-07-10 12:01:10,27,28,7832,25971
2023-07-10 12:01:10,27,28,7855,26044
2023-07-10 12:01:11,25,28,7855,26044
2023-07-10 12:01:11,27,28,7855,26044
2023-07-10 12:01:12,27,28,7787,26294
2023-07-10 12:01:15,26,28,7887,26394
2023-07-10 12:01:23,25,28,7887,26394
2023-07-10 12:01:23,25,27,7887,26394
2023-07-10 12:01:29,24,27,7887,26394
2023-07-10 12:01:30,24,26,7887,26394
2023-07-10 12:01:37,24,27,7887,26394
2023-07-10 12:01:37,25,27,7887,26394
2023-07-10 12:01:41,25,26,7887,26394
2023-07-10 12:01:41,25,26,7887,26428
2023-07-10 12:01:41,24,26,7887,26428
2023-07-10 12:01:43,24,25,7887,26428
2023-07-10 12:01:43,23,25,7887,26428
2023-07-10 12:01:47,24,25,7887,26428
2023-07-10 12:01:52,24,25,7878,26444
2023-07-10 12:01:52,24,26,7878,26457
2023-07-10 12:01:54,24,27,7878,26457
2023-07-10 12:01:54,24,26,7878,26457
2023-07-10 12:01:54,24,27,7878,26457
2023-07-10 12:01:54,24,26,7878,26457
2023-07-10 12:02:05,23,26,7878,26457
2023-07-10 12:02:05,24,26,7878,26457
2023-07-10 12:02:13,23,26,7878,26457
2023-07-10 12:02:23,23,25,7878,26457
2023-07-10 12:02:24,23,24,7878,26457
2023-07-10 12:02:24,23,24,8044,26657
2023-07-10 12:02:24,23,24,8290,26903
2023-07-10 12:02:24,23,24,8336,26949
2023-07-10 12:02:25,22,23,8478,27091
2023-07-10 12:02:25,22,23,8478,27141
2023-07-10 12:02:25,21,22,8478,27155
2023-07-10 12:02:26,20,22,8478,27173
2023-07-10 12:02:27,20,23,8578,27273
2023-07-10 12:02:28,20,24,8578,27273
2023-07-10 12:02:28,20,23,8578,27273
2023-07-10 12:02:29,21,23,8578,27273
2023-07-10 12:02:29,20,23,8618,27313
2023-07-10 12:02:29,20,22,8618,27313
2023-07-10 12:02:29,20,21,8618,27313
2023-07-10 12:02:30,20,21,8618,27513
2023-07-10 12:02:31,20,22,8618,27513
2023-07-10 12:02:32,19,22,8618,27513
2023-07-10 12:02:32,19,21,8618,27513
2023-07-10 12:02:35,19,21,8698,27593
2023-07-10 12:02:35,19,21,8718,27672
2023-07-10 12:02:35,19,21,8718,27717
2023-07-10 12:02:35,19,20,8718,27717
2023-07-10 12:02:36,19,20,8718,27755
2023-07-10 12:02:36,19,20,8718,27793
2023-07-10 12:02:37,18,20,8718,27793
2023-07-10 12:02:50,18,19,8718,27793
2023-07-10 12:02:59,18,20,8718,27793
2023-07-10 12:02:59,18,19,8718,27793
2023-07-10 12:03:03,18,20,8718,27793
2023-07-10 12:03:03,18,19,8718,27793
2023-07-10 12:03:06,18,19,8518,27993
2023-07-10 12:03:09,18,20,8518,27993
2023-07-10 12:03:16,18,19,8518,27993
2023-07-10 12:03:18,18,19,8519,27994
2023-07-10 12:03:23,18,20,8519,27994
2023-07-10 12:03:36,18,21,8519,27994
2023-07-10 12:03:40,19,21,8519,27994
2023-07-10 12:03:43,19,22,8519,27994
2023-07-10 12:03:44,20,22,8519,27994
2023-07-10 12:04:15,21,22,8519,27994
2023-07-10 12:04:17,21,22,8719,28194
2023-07-10 12:04:17,20,22,8919,28394
2023-07-10 12:04:27,21,22,8919,28394
2023-07-10 12:04:34,22,23,8879,28434
2023-07-10 12:04:34,21,23,8879,28594
2023-07-10 12:04:34,21,22,8879,28594
2023-07-10 12:04:34,21,23,8879,28594
2023-07-10 12:04:35,21,24,8879,28594
2023-07-10 12:04:37,21,23,8879,28594
2023-07-10 12:05:19,21,22,8879,28594
2023-07-10 12:05:23,21,23,8879,28594
2023-07-10 12:05:24,21,22,8879,28594
2023-07-10 12:05:24,20,21,8879,28614
2023-07-10 12:05:59,20,22,8879,28614
2023-07-10 12:06:00,21,22,8879,28614
2023-07-10 12:06:01,20,22,8879,28614
2023-07-10 12:06:03,20,23,8879,28614
2023-07-10 12:06:03,20,21,8879,28614
2023-07-10 12:06:19,20,22,8879,28614
2023-07-10 12:06:19,19,20,8879,28634
2023-07-10 12:06:20,19,20,8629,28884
2023-07-10 12:06:28,20,21,8629,28994
2023-07-10 12:07:05,20,22,8629,28994
2023-07-10 12:07:05,20,21,8629,28994
2023-07-10 12:07:42,19,20,8685,29050
2023-07-10 12:07:50,18,19,8705,29070
2023-07-10 12:07:58,17,18,8874,29239
2023-07-10 12:07:58,17,18,8894,29259
2023-07-10 12:07:58,16,18,9013,29428
2023-07-10 12:08:10,17,18,9013,29428
2023-07-10 12:08:20,17,19,9013,29428
2023-07-10 12:08:43,17,18,9013,29428
2023-07-10 12:10:01,16,17,9033,29448
2023-07-10 12:10:22,15,17,9164,29579
2023-07-10 12:10:25,15,16,9164,29579
2023-07-10 12:10:57,15,16,9164,29679
2023-07-10 12:11:11,15,16,8964,29879
2023-07-10 12:11:12,15,17,8773,30079
2023-07-10 12:11:12,15,17,8793,30099
2023-07-10 12:11:12,15,17,8813,30119
2023-07-10 12:11:37,15,16,8813,30119
2023-07-10 12:11:40,15,17,8813,30119
2023-07-10 12:13:32,15,16,8813,30119
2023-07-10 12:14:24,13,16,9193,30499
2023-07-10 12:14:27,14,16,9193,30499
2023-07-10 12:15:19,15,16,9193,30499
2023-07-10 12:15:58,15,17,9143,30549
2023-07-10 12:17:21,16,17,9143,30549
2023-07-10 12:17:22,16,17,9243,30649
2023-07-10 12:17:30,16,17,9243,30899
2023-07-10 12:17:31,16,17,9243,31149
2023-07-10 12:17:38,15,17,9243,31149
2023-07-10 12:17:52,15,16,9243,31149
2023-07-10 12:17:56,15,17,9243,31149
2023-07-10 12:17:57,15,16,9243,31149
2023-07-10 12:18:28,15,17,9193,31199
2023-07-10 12:18:29,16,17,9193,31199
2023-07-10 12:18:51,16,17,9193,31449
2023-07-10 12:18:54,16,17,9193,31699
2023-07-10 12:18:55,16,17,9334,31949
2023-07-10 12:18:56,16,17,9534,32149
2023-07-10 12:18:58,16,17,9784,32399
2023-07-10 12:19:00,16,19,9964,32629
2023-07-10 12:19:09,17,19,9964,32629
2023-07-10 12:19:33,18,19,9964,32629
2023-07-10 12:19:53,17,19,9964,32629
2023-07-10 12:20:06,16,19,9964,32629
2023-07-10 12:20:16,17,19,9964,32629
2023-07-10 12:20:52,18,19,9964,32629
2023-07-10 12:21:00,19,20,9984,32659
2023-07-10 12:21:09,18,20,9984,32659
2023-07-10 12:21:56,19,20,9984,32659
2023-07-10 12:22:16,20,22,10014,32689
2023-07-10 12:22:19,20,23,10014,32689
2023-07-10 12:22:20,21,23,10014,32689
2023-07-10 12:22:21,21,24,10014,32689
2023-07-10 12:22:23,21,23,10014,32689
2023-07-10 12:22:40,22,23,10014,32689
2023-07-10 12:22:42,21,23,10014,32689
2023-07-10 12:22:42,22,23,10014,32689
2023-07-10 12:22:48,23,25,10034,32709
2023-07-10 12:23:07,22,25,10034,32709
2023-07-10 12:23:16,23,25,10034,32709
2023-07-10 12:23:21,24,25,10034,32709
2023-07-10 12:23:33,23,25,10034,32709
2023-07-10 12:23:51,24,25,10034,32709
2023-07-10 12:23:52,23,25,10034,32709
2023-07-10 12:23:52,24,25,10034,32709
2023-07-10 12:24:03,23,25,10034,32709
2023-07-10 12:24:30,22,25,10034,32709
2023-07-10 12:24:30,23,25,10034,32709
2023-07-10 12:24:46,24,25,10034,32709
2023-07-10 12:25:12,23,25,10034,32709
2023-07-10 12:25:27,24,25,10034,32709
2023-07-10 12:25:42,24,26,10054,32729
2023-07-10 12:26:06,25,26,10054,32729
2023-07-10 12:26:15,23,26,10054,32729
2023-07-10 12:26:15,24,26,10054,32729
2023-07-10 12:26:27,23,26,10054,32729
2023-07-10 12:26:53,23,25,10054,32729
2023-07-10 12:27:04,24,25,10054,32729
2023-07-10 12:27:09,24,25,10304,32979
2023-07-10 12:27:10,24,25,10554,33229
2023-07-10 12:27:11,24,25,10654,33329
2023-07-10 12:27:15,23,25,10654,33329
2023-07-10 12:27:16,24,25,10654,33329
2023-07-10 12:27:21,23,25,10654,33329
2023-07-10 12:27:25,24,25,10654,33329
2023-07-10 12:27:34,23,25,10654,33329
2023-07-10 12:28:02,23,24,10654,33329
2023-07-10 12:28:05,23,25,10654,33329
2023-07-10 12:28:47,24,25,10654,33329
2023-07-10 12:29:24,24,25,10904,33579
2023-07-10 12:29:29,24,25,11104,33779
2023-07-10 12:29:29,24,25,11304,33979
2023-07-10 12:29:31,24,25,11554,34229
2023-07-10 12:29:32,24,25,11804,34479
2023-07-10 12:29:33,24,25,12004,34679
2023-07-10 12:29:34,24,26,12004,34699
2023-07-10 12:29:34,26,28,12024,34719
2023-07-10 12:29:46,26,27,12024,34719
2023-07-10 12:29:46,24,27,12024,34719
2023-07-10 12:29:46,25,27,12024,34719
2023-07-10 12:29:51,24,27,12024,34719
2023-07-10 12:29:51,25,27,12024,34719
2023-07-10 12:30:18,25,27,12024,34819
2023-07-10 12:30:20,25,26,12024,34819
2023-07-10 12:30:26,24,26,12024,34819
2023-07-10 12:30:36,24,25,12024,34819
2023-07-10 12:30:43,23,25,12024,34819
2023-07-10 12:30:43,24,25,12024,34819
2023-07-10 12:31:01,23,24,12004,34839
2023-07-10 12:31:05,23,25,12004,34839
2023-07-10 12:31:07,24,25,12004,34839
2023-07-10 12:31:42,24,26,12024,34939
2023-07-10 12:32:11,24,25,12024,34939
2023-07-10 12:32:15,23,24,12004,34959
2023-07-10 12:32:19,23,25,12004,34959
2023-07-10 12:33:04,24,25,12004,34959
2023-07-10 12:33:06,24,26,12024,34979
2023-07-10 12:33:28,25,26,12024,34979
2023-07-10 12:33:29,25,26,12274,35229
2023-07-10 12:33:29,25,27,12274,35229
2023-07-10 12:33:46,26,27,12274,35229
2023-07-10 12:34:12,26,28,12294,35249
2023-07-10 12:34:19,27,28,12294,35249
2023-07-10 12:34:28,27,28,12627,35582
2023-07-10 12:34:37,26,28,12627,35582
2023-07-10 12:34:37,26,28,12827,35782
2023-07-10 12:34:41,27,28,12827,35782
2023-07-10 12:34:49,26,28,12827,35782
2023-07-10 12:35:10,26,27,12827,35782
2023-07-10 12:35:21,25,26,12807,35802
2023-07-10 12:35:25,24,25,12767,35892
2023-07-10 12:35:39,22,25,12767,35892
2023-07-10 12:35:47,21,25,12767,35892
2023-07-10 12:35:48,21,24,12767,35892
2023-07-10 12:36:02,22,24,12767,35892
2023-07-10 12:36:02,22,25,12767,35892
2023-07-10 12:36:04,23,25,12767,35892
2023-07-10 12:36:04,23,26,12767,35892
2023-07-10 12:36:41,23,25,12767,35892
2023-07-10 12:36:46,23,26,12767,35892
2023-07-10 12:37:02,23,25,12767,35892
2023-07-10 12:37:21,23,26,12767,35892
2023-07-10 12:37:35,24,26,12767,35892
2023-07-10 12:37:35,24,27,12767,35892
2023-07-10 12:37:38,25,27,12767,35892
2023-07-10 12:37:38,25,28,12767,35892
2023-07-10 12:37:43,26,28,12767,35892
2023-07-10 12:37:58,27,28,12767,35892
2023-07-10 12:38:04,27,28,12967,36092
2023-07-10 12:38:05,27,32,12967,36382
2023-07-10 12:38:05,30,32,12967,36382
2023-07-10 12:38:06,30,33,12967,36382
2023-07-10 12:38:07,30,33,12984,36399
2023-07-10 12:38:07,31,33,12984,36399
2023-07-10 12:38:09,32,33,12984,36399
2023-07-10 12:38:17,30,33,12984,36599
2023-07-10 12:38:17,31,33,12984,36599
2023-07-10 12:38:28,29,33,12984,36599
2023-07-10 12:38:28,30,33,12984,36599
2023-07-10 12:38:29,30,32,12984,36599
2023-07-10 12:38:33,29,32,12984,36599
2023-07-10 12:38:33,30,32,12984,36599
2023-07-10 12:38:39,29,30,12984,36699
2023-07-10 12:38:39,27,30,12984,36699
2023-07-10 12:38:43,28,30,12984,36699
2023-07-10 12:39:16,29,30,12984,36699
2023-07-10 12:39:18,30,32,13004,36719
2023-07-10 12:40:05,30,32,13024,36739
2023-07-10 12:40:06,29,32,13024,36739
2023-07-10 12:40:17,29,31,13024,36739
2023-07-10 12:40:18,30,31,13024,36739
2023-07-10 12:40:27,30,31,13224,36939
2023-07-10 12:40:37,30,31,13224,37339
2023-07-10 12:40:37,30,31,13224,37739
2023-07-10 12:40:38,30,31,13224,38139
2023-07-10 12:40:41,30,31,13424,38339
2023-07-10 12:40:41,30,31,13424,38739
2023-07-10 12:40:41,30,31,13711,39139
2023-07-10 12:40:42,30,31,14211,39639
2023-07-10 12:40:44,30,31,14611,40039
2023-07-10 12:40:45,30,31,15011,40439
2023-07-10 12:40:45,30,31,15261,40689
2023-07-10 12:40:45,30,31,15661,41089
2023-07-10 12:40:46,30,31,16061,41489
2023-07-10 12:40:46,30,32,16311,41739
2023-07-10 12:40:47,31,32,16311,41739
2023-07-10 12:40:47,30,32,16311,41739
2023-07-10 12:40:47,31,32,16311,41739
2023-07-10 12:40:53,32,33,16331,41759
2023-07-10 12:40:56,32,35,16351,41779
2023-07-10 12:40:57,33,35,16351,41779
2023-07-10 12:40:57,34,35,16351,41779
2023-07-10 12:41:02,34,38,16371,41799
2023-07-10 12:41:03,34,37,16371,41799
2023-07-10 12:41:04,35,37,16371,41799
2023-07-10 12:41:11,35,36,16371,41799
2023-07-10 12:41:12,33,36,16371,41799
2023-07-10 12:41:49,34,36,16371,41799
2023-07-10 12:42:04,35,36,16371,41799
2023-07-10 12:42:30,35,36,16571,41999
2023-07-10 12:42:31,35,36,16971,42399
2023-07-10 12:42:37,34,36,16971,42399
2023-07-10 12:42:38,35,36,16971,42399
2023-07-10 12:42:47,35,36,17371,42799
2023-07-10 12:42:47,35,37,17391,42819
2023-07-10 12:42:50,36,37,17391,42819
2023-07-10 12:42:55,34,37,17391,42819
2023-07-10 12:43:05,35,37,17391,42819
2023-07-10 12:43:11,36,37,17391,42819
2023-07-10 12:43:31,35,37,17391,42819
2023-07-10 12:45:18,36,37,17391,42819
2023-07-10 12:45:39,35,37,17391,42819
2023-07-10 12:45:40,36,37,17391,42819
2023-07-10 12:45:51,37,38,17411,42839
2023-07-10 12:46:11,36,38,17411,42839
2023-07-10 12:46:11,37,38,17411,42839
2023-07-10 12:46:12,36,38,17411,42839
2023-07-10 12:46:13,37,38,17411,42839
2023-07-10 12:46:57,37,38,17411,42859
2023-07-10 12:46:57,36,38,17411,42859
2023-07-10 12:46:58,37,38,17411,42859
2023-07-10 12:47:06,38,39,17431,42879
2023-07-10 12:47:13,39,40,17451,42899
2023-07-10 12:47:37,38,40,17451,42899
2023-07-10 12:47:37,39,40,17451,42899
2023-07-10 12:47:38,38,40,17451,42899
2023-07-10 12:47:48,39,40,17451,42899
2023-07-10 12:48:27,38,40,17451,42899
2023-07-10 12:48:36,39,40,17451,42899
2023-07-10 12:48:42,38,40,17451,42899
2023-07-10 12:48:48,38,39,17451,42899
2023-07-10 12:48:48,37,39,17451,42899
2023-07-10 12:48:48,38,39,17451,42899
2023-07-10 12:48:57,37,39,17451,42899
2023-07-10 12:48:57,38,39,17451,42899
2023-07-10 12:49:03,39,40,17454,42902
2023-07-10 12:49:46,39,41,17474,42922
2023-07-10 12:49:47,40,41,17474,42922
2023-07-10 12:49:51,41,42,17494,42942
2023-07-10 12:49:59,42,43,17514,42962
2023-07-10 12:50:05,40,43,17514,42962
2023-07-10 12:50:05,42,43,17514,42962
2023-07-10 12:50:13,41,43,17514,42962
2023-07-10 12:50:13,42,43,17514,42962
2023-07-10 12:50:17,43,44,17534,42982
2023-07-10 12:50:23,43,46,17554,43002
2023-07-10 12:50:23,45,46,17554,43002
2023-07-10 12:50:25,45,47,17554,43002
2023-07-10 12:50:35,46,47,17554,43002
2023-07-10 12:50:58,44,47,17554,43002
2023-07-10 12:50:58,45,47,17554,43002
2023-07-10 12:51:25,45,46,17554,43002
2023-07-10 12:51:27,43,46,17554,43002
2023-07-10 12:51:27,44,46,17554,43002
2023-07-10 12:51:32,44,46,17554,43202
2023-07-10 12:51:32,44,45,17554,43202
2023-07-10 12:51:34,42,45,17554,43302
2023-07-10 12:51:34,43,45,17554,43302
2023-07-10 12:51:42,42,45,17554,43302
2023-07-10 12:51:45,42,44,17554,43302
2023-07-10 12:51:49,41,44,17554,43302
2023-07-10 12:51:56,41,43,17554,43302
2023-07-10 12:51:56,40,43,17554,43302
2023-07-10 12:51:56,41,43,17554,43302
2023-07-10 12:52:01,40,43,17554,43302
2023-07-10 12:52:14,40,44,17554,43302
2023-07-10 12:52:16,40,43,17554,43302
2023-07-10 12:52:31,41,43,17554,43302
2023-07-10 12:52:31,41,44,17554,43302
2023-07-10 12:52:48,41,45,17554,43302
2023-07-10 12:52:48,41,44,17554,43302
2023-07-10 12:53:09,42,44,17554,43302
2023-07-10 12:53:17,42,45,17554,43302
2023-07-10 12:53:48,42,44,17554,43302
2023-07-10 12:54:02,42,43,17554,43302
2023-07-10 12:54:02,41,43,17554,43322
2023-07-10 12:54:23,41,42,17554,43322
2023-07-10 12:54:26,41,43,17554,43322
2023-07-10 12:55:07,41,44,17554,43322
2023-07-10 12:55:37,41,45,17554,43322
2023-07-10 12:55:37,41,44,17554,43322
2023-07-10 12:55:39,41,45,17554,43322
2023-07-10 12:55:40,42,45,17554,43322
2023-07-10 12:55:48,43,45,17554,43322
2023-07-10 12:55:56,42,45,17554,43322
2023-07-10 12:56:00,42,44,17554,43322
2023-07-10 12:56:16,42,43,17554,43322
2023-07-10 12:56:19,41,43,17534,43342
2023-07-10 12:56:22,41,44,17534,43342
2023-07-10 12:56:22,41,43,17534,43342
2023-07-10 12:56:35,42,43,17534,43342
2023-07-10 12:56:41,43,44,17554,43362
2023-07-10 12:56:55,41,44,17554,43362
2023-07-10 12:56:55,42,44,17554,43362
2023-07-10 12:56:55,42,43,17554,43362
2023-07-10 12:56:55,42,44,17554,43362
2023-07-10 12:57:15,43,44,17554,43362
2023-07-10 12:57:32,44,45,17574,43382
2023-07-10 12:57:34,45,47,17594,43402
2023-07-10 12:57:38,46,47,17594,43402
2023-07-10 12:57:45,47,49,17614,43422
2023-07-10 12:57:45,47,50,17614,43422
2023-07-10 12:57:49,47,49,17614,43422
2023-07-10 12:57:52,46,49,17614,43422
2023-07-10 12:57:52,47,49,17614,43422
2023-07-10 12:58:03,48,49,17614,43422
2023-07-10 12:58:09,47,49,17614,43422
2023-07-10 12:58:14,48,49,17614,43422
2023-07-10 12:58:20,48,49,17634,43442
2023-07-10 12:58:20,48,49,17654,43462
2023-07-10 12:58:25,47,49,17654,43462
2023-07-10 12:58:25,48,49,17654,43462
2023-07-10 12:58:29,47,49,17654,43462
2023-07-10 12:58:29,48,49,17654,43462
2023-07-10 12:58:49,49,50,17674,43482
2023-07-10 12:58:49,49,50,17694,43502
2023-07-10 12:58:49,49,50,17714,43522
2023-07-10 12:58:49,49,50,17734,43542
2023-07-10 12:58:50,48,50,17734,43542
2023-07-10 12:58:51,49,50,17734,43542
2023-07-10 12:59:10,48,50,17734,43542
2023-07-10 12:59:10,49,50,17734,43542
2023-07-10 12:59:30,48,50,17734,43542
2023-07-10 12:59:48,47,50,17734,43542
2023-07-10 12:59:55,47,50,17874,43682
2023-07-10 12:59:55,47,50,17904,43712
2023-07-10 12:59:55,47,49,17904,43712
2023-07-10 13:00:08,47,50,17904,43712
2023-07-10 13:00:08,47,49,17904,43712
2023-07-10 13:00:08,47,48,17904,43712
2023-07-10 13:00:14,47,50,17904,43712
2023-07-10 13:00:14,47,49,17904,43712
2023-07-10 13:00:23,47,48,17904,43712
2023-07-10 13:00:26,47,48,17909,43737
2023-07-10 13:00:26,46,48,17909,43737
2023-07-10 13:00:35,46,49,17909,43737
2023-07-10 13:00:35,46,50,17909,43737
2023-07-10 13:00:36,46,49,17909,43737
2023-07-10 13:00:36,47,49,17909,43737
2023-07-10 13:00:44,48,49,17909,43737
2023-07-10 13:00:44,48,50,17909,43737
2023-07-10 13:00:47,47,50,17909,43737
2023-07-10 13:00:47,47,49,17909,43737
2023-07-10 13:01:01,48,49,17909,43737
2023-07-10 13:01:01,49,50,17929,43927
2023-07-10 13:01:02,48,50,17929,43927
2023-07-10 13:01:17,49,50,17929,43927
2023-07-10 13:01:18,49,50,17949,44127
2023-07-10 13:01:33,50,51,17949,44183
2023-07-10 13:01:39,51,52,18004,44288
2023-07-10 13:01:39,51,53,18004,44288
2023-07-10 13:01:40,50,53,18004,44288
2023-07-10 13:01:41,51,53,18004,44288
2023-07-10 13:01:54,50,53,18004,44288
2023-07-10 13:02:02,50,52,18004,44288
2023-07-10 13:02:11,49,52,18004,44288
2023-07-10 13:02:11,50,52,18004,44288
2023-07-10 13:02:16,48,52,18004,44288
2023-07-10 13:02:16,49,52,18004,44288
2023-07-10 13:02:25,50,52,18004,44288
2023-07-10 13:02:25,50,52,18050,44334
2023-07-10 13:02:36,49,52,18050,44334
2023-07-10 13:02:41,49,51,18050,44334
2023-07-10 13:03:01,49,51,18056,44360
2023-07-10 13:03:02,48,51,18056,44360
2023-07-10 13:03:02,49,51,18056,44360
2023-07-10 13:03:02,49,51,18081,44385
2023-07-10 13:03:05,49,51,18106,44410
2023-07-10 13:03:05,49,51,18131,44435
2023-07-10 13:03:19,49,52,18131,44435
2023-07-10 13:03:21,49,51,18131,44435
2023-07-10 13:03:21,49,52,18131,44435
2023-07-10 13:03:26,49,51,18131,44435
2023-07-10 13:03:35,49,52,18131,44435
2023-07-10 13:03:35,49,51,18131,44435
2023-07-10 13:03:46,49,50,18131,44435
2023-07-10 13:03:52,48,50,18131,44455
2023-07-10 13:03:53,48,49,18131,44455
2023-07-10 13:03:55,47,49,18131,44455
2023-07-10 13:04:01,47,50,18131,44455
2023-07-10 13:04:10,48,50,18131,44455
2023-07-10 13:04:13,48,51,18131,44455
2023-07-10 13:04:25,48,50,18131,44455
2023-07-10 13:04:29,47,50,18131,44455
2023-07-10 13:04:32,47,49,18131,44455
2023-07-10 13:05:06,48,49,18131,44455
2023-07-10 13:05:14,47,49,18131,44455
2023-07-10 13:05:14,48,49,18131,44455
2023-07-10 13:05:32,47,49,18131,44455
2023-07-10 13:05:35,47,48,18131,44455
2023-07-10 13:05:36,47,49,18131,44455
2023-07-10 13:05:57,47,48,18131,44455
2023-07-10 13:05:59,47,49,18131,44455
2023-07-10 13:06:07,48,49,18131,44455
2023-07-10 13:06:23,47,49,18111,44655
2023-07-10 13:06:23,45,49,18111,44655
2023-07-10 13:06:24,45,47,18111,44655
2023-07-10 13:06:25,45,49,18111,44655
2023-07-10 13:06:25,46,49,18111,44655
2023-07-10 13:06:25,46,48,18111,44655
2023-07-10 13:06:28,47,48,18111,44655
2023-07-10 13:06:29,46,48,18111,44655
2023-07-10 13:06:29,47,48,18111,44655
2023-07-10 13:06:41,46,48,18111,44655
2023-07-10 13:06:46,46,47,18111,44655
2023-07-10 13:06:58,45,47,18111,44655
2023-07-10 13:07:01,46,47,18111,44655
2023-07-10 13:07:05,47,48,18111,44655
2023-07-10 13:07:05,47,48,18131,44675
2023-07-10 13:07:11,48,49,18151,44695
2023-07-10 13:07:17,48,49,18171,44715
2023-07-10 13:07:27,48,50,18191,44735
2023-07-10 13:07:28,48,51,18211,44835
2023-07-10 13:07:35,49,51,18211,44835
2023-07-10 13:07:36,49,51,18231,44855
2023-07-10 13:07:50,50,51,18231,44855
2023-07-10 13:07:56,49,51,18231,44855
2023-07-10 13:07:59,50,51,18231,44855
2023-07-10 13:08:07,49,51,18231,44855
2023-07-10 13:08:18,48,51,18231,44855
2023-07-10 13:08:18,49,51,18231,44855
2023-07-10 13:08:24,49,50,18231,44855
2023-07-10 13:08:29,47,50,18231,44855
2023-07-10 13:08:29,48,50,18231,44855
2023-07-10 13:08:57,48,49,18231,44855
2023-07-10 13:08:57,47,49,18233,44877
2023-07-10 13:09:12,47,50,18233,44877
2023-07-10 13:09:29,47,49,18233,44877
2023-07-10 13:09:36,47,48,18233,44877
2023-07-10 13:09:39,47,48,18233,44892
2023-07-10 13:10:12,46,47,18208,44917
2023-07-10 13:10:18,45,47,18208,44957
2023-07-10 13:10:21,45,46,18208,44957
2023-07-10 13:10:34,45,46,18208,44967
2023-07-10 13:10:34,43,46,18208,44977
2023-07-10 13:10:34,43,45,18208,44977
2023-07-10 13:10:34,43,46,18208,44977
2023-07-10 13:10:37,44,46,18208,44977
2023-07-10 13:10:41,45,46,18208,44977
2023-07-10 13:10:49,46,48,18228,44997
2023-07-10 13:10:54,45,48,18228,44997
2023-07-10 13:11:02,46,48,18228,44997
2023-07-10 13:11:17,46,47,18228,44997
2023-07-10 13:11:19,45,47,18228,44997
2023-07-10 13:11:19,44,47,18228,44997
2023-07-10 13:11:19,45,47,18228,44997
2023-07-10 13:11:22,44,47,18228,44997
2023-07-10 13:11:23,44,46,18228,44997
2023-07-10 13:11:36,44,47,18228,44997
2023-07-10 13:11:42,44,46,18228,44997
2023-07-10 13:12:17,44,47,18228,44997
2023-07-10 13:12:24,45,47,18228,44997
2023-07-10 13:12:28,46,47,18228,44997
2023-07-10 13:12:36,45,47,18228,44997
2023-07-10 13:12:48,44,47,18228,44997
2023-07-10 13:12:48,45,47,18228,44997
2023-07-10 13:13:35,44,47,18228,44997
2023-07-10 13:13:48,45,47,18228,44997
2023-07-10 13:13:53,46,47,18228,44997
2023-07-10 13:14:01,46,48,18248,45017
2023-07-10 13:14:02,47,48,18248,45017
2023-07-10 13:14:10,47,48,18269,45038
2023-07-10 13:14:12,47,49,18289,45058
2023-07-10 13:14:15,48,49,18289,45058
2023-07-10 13:14:21,47,49,18289,45058
2023-07-10 13:14:21,48,49,18289,45058
2023-07-10 13:14:35,47,49,18289,45058
2023-07-10 13:14:36,48,49,18289,45058
2023-07-10 13:15:13,48,50,18309,45078
2023-07-10 13:15:14,49,50,18309,45078
2023-07-10 13:15:22,49,51,18329,45098
2023-07-10 13:15:28,50,51,18329,45098
2023-07-10 13:15:37,50,53,18349,45118
2023-07-10 13:15:44,50,52,18349,45118
2023-07-10 13:15:56,50,53,18349,45118
2023-07-10 13:16:04,50,52,18349,45118
2023-07-10 13:16:07,49,52,18349,45118
2023-07-10 13:16:07,50,52,18349,45118
2023-07-10 13:16:33,49,52,18349,45118
2023-07-10 13:16:49,49,51,18349,45118
2023-07-10 13:16:50,48,51,18349,45118
2023-07-10 13:16:50,49,51,18349,45118
2023-07-10 13:16:52,49,52,18349,45118
2023-07-10 13:17:13,49,51,18349,45118
2023-07-10 13:17:23,49,52,18349,45118
2023-07-10 13:17:42,50,52,18349,45118
2023-07-10 13:17:51,49,52,18349,45118
2023-07-10 13:18:34,49,51,18349,45118
2023-07-10 13:18:37,49,50,18349,45118
2023-07-10 13:18:39,47,49,18329,45238
2023-07-10 13:18:52,47,48,18329,45238
2023-07-10 13:18:55,47,48,18329,45258
2023-07-10 13:18:56,46,48,18309,45278
2023-07-10 13:19:00,46,47,18309,45278
2023-07-10 13:19:03,44,47,18259,45328
2023-07-10 13:19:05,44,46,18259,45328
2023-07-10 13:19:09,44,45,18259,45328
2023-07-10 13:19:09,43,45,18259,45328
2023-07-10 13:19:16,43,46,18259,45328
2023-07-10 13:19:16,43,45,18259,45328
2023-07-10 13:19:22,43,46,18259,45328
2023-07-10 13:19:22,44,46,18259,45328
2023-07-10 13:19:37,44,47,18259,45328
2023-07-10 13:19:38,45,47,18259,45328
2023-07-10 13:19:38,45,48,18259,45328
2023-07-10 13:20:04,46,48,18259,45328
2023-07-10 13:20:11,45,48,18259,45328
2023-07-10 13:20:12,46,48,18259,45328
2023-07-10 13:20:15,45,48,18259,45328
2023-07-10 13:20:30,46,48,18259,45328
2023-07-10 13:20:36,47,48,18259,45328
2023-07-10 13:20:40,48,49,18279,45348
2023-07-10 13:20:40,48,49,18329,45398
2023-07-10 13:20:43,48,52,18349,45418
2023-07-10 13:20:43,48,51,18349,45418
2023-07-10 13:20:44,49,51,18349,45418
2023-07-10 13:20:44,49,51,18366,45435
2023-07-10 13:20:47,48,51,18366,45435
2023-07-10 13:20:48,48,50,18366,45435
2023-07-10 13:21:04,48,49,18366,45435
2023-07-10 13:21:07,47,49,18366,45435
2023-07-10 13:21:12,46,49,18366,45435
2023-07-10 13:21:14,46,48,18366,45435
2023-07-10 13:22:10,47,48,18366,45435
2023-07-10 13:22:32,46,47,18346,45455
2023-07-10 13:22:35,46,48,18346,45455
2023-07-10 13:22:37,46,47,18346,45455
2023-07-10 13:22:39,46,48,18346,45455
2023-07-10 13:22:49,47,48,18346,45455
2023-07-10 13:22:52,47,49,18346,45455
2023-07-10 13:22:58,48,49,18346,45455
2023-07-10 13:23:03,49,50,18346,45455
2023-07-10 13:23:07,49,50,18351,45460
2023-07-10 13:23:31,48,50,18351,45460
2023-07-10 13:23:34,48,49,18351,45460
2023-07-10 13:23:37,47,49,18351,45460
2023-07-10 13:23:55,48,49,18351,45460
2023-07-10 13:23:55,48,50,18351,45460
2023-07-10 13:24:13,47,50,18351,45460
2023-07-10 13:24:13,47,49,18351,45460
2023-07-10 13:24:59,48,49,18351,45460
2023-07-10 13:25:09,49,50,18351,45460
2023-07-10 13:25:23,48,50,18351,45460
2023-07-10 13:25:48,48,50,18537,45646
2023-07-10 13:25:50,48,49,18537,45646
2023-07-10 13:25:52,47,49,18537,45646
2023-07-10 13:26:21,48,49,18537,45646
2023-07-10 13:26:21,48,50,18537,45646
2023-07-10 13:26:29,49,50,18537,45646
2023-07-10 13:26:47,48,49,18537,45746
2023-07-10 13:26:49,47,49,18537,45746
2023-07-10 13:26:55,48,49,18537,45746
2023-07-10 13:26:55,48,50,18537,45746
2023-07-10 13:26:59,49,50,18537,45746
2023-07-10 13:27:06,48,50,18537,45746
2023-07-10 13:27:09,49,50,18537,45746
2023-07-10 13:27:12,49,51,18557,45766
2023-07-10 13:27:12,50,51,18557,45766
2023-07-10 13:27:15,48,50,18557,45866
2023-07-10 13:27:15,49,50,18557,45866
2023-07-10 13:27:25,48,50,18557,45866
2023-07-10 13:27:25,49,50,18557,45866
2023-07-10 13:27:31,48,50,18557,45866
2023-07-10 13:27:31,49,50,18557,45866
2023-07-10 13:27:39,49,51,18560,45869
2023-07-10 13:27:43,49,51,18657,45966
2023-07-10 13:27:44,50,51,18657,45966
2023-07-10 13:27:47,50,52,18677,45986
2023-07-10 13:27:52,49,52,18677,45986
2023-07-10 13:27:53,50,52,18677,45986
2023-07-10 13:28:00,50,53,18677,45994
2023-07-10 13:28:03,50,52,18677,45994
2023-07-10 13:28:07,49,52,18677,45994
2023-07-10 13:28:12,50,52,18677,45994
2023-07-10 13:28:16,52,53,18697,46014
2023-07-10 13:28:16,52,54,18697,46014
2023-07-10 13:28:20,53,54,18697,46014
2023-07-10 13:28:20,53,54,18897,46214
2023-07-10 13:28:32,52,54,18897,46214
2023-07-10 13:28:43,51,54,18897,46214
2023-07-10 13:28:43,53,54,18897,46214
2023-07-10 13:28:44,53,54,18897,46318
2023-07-10 13:28:47,52,54,18897,46318
2023-07-10 13:28:47,51,54,18897,46318
2023-07-10 13:28:47,52,54,18897,46318
2023-07-10 13:29:11,53,54,18897,46318
2023-07-10 13:29:21,54,55,18897,46338
2023-07-10 13:29:37,55,56,18897,46358
2023-07-10 13:29:47,55,57,18937,46448
2023-07-10 13:29:47,55,56,18937,46448
2023-07-10 13:29:53,56,57,18977,46488
2023-07-10 13:29:53,56,57,19017,46528
2023-07-10 13:29:53,56,58,19017,46528
2023-07-10 13:30:00,56,57,19017,46528
2023-07-10 13:30:01,56,58,19017,46528
2023-07-10 13:30:10,57,58,19017,46528
2023-07-10 13:30:19,57,58,19074,46585
2023-07-10 13:30:22,58,59,19094,46605
2023-07-10 13:30:23,57,59,19094,46605
2023-07-10 13:30:38,58,59,19094,46605
2023-07-10 13:30:40,59,60,19114,46625
2023-07-10 13:30:40,59,60,19314,46825
2023-07-10 13:30:40,59,61,19314,46825
2023-07-10 13:30:42,60,61,19314,46825
2023-07-10 13:30:46,59,61,19314,46825
2023-07-10 13:30:49,60,61,19314,46825
2023-07-10 13:30:51,60,61,19364,46875
2023-07-10 13:30:51,60,61,19414,46925
2023-07-10 13:30:55,61,62,19414,46975
2023-07-10 13:30:55,61,62,19473,47034
2023-07-10 13:30:55,61,62,19532,47093
2023-07-10 13:30:56,60,62,19532,47093
2023-07-10 13:31:04,60,61,19532,47093
2023-07-10 13:31:06,60,62,19532,47093
2023-07-10 13:31:07,61,62,19532,47093
2023-07-10 13:31:08,61,62,19552,47113
2023-07-10 13:31:12,60,62,19552,47113
2023-07-10 13:31:20,60,61,19552,47113
2023-07-10 13:31:22,60,61,19552,47363
2023-07-10 13:31:22,60,62,19552,47363
2023-07-10 13:31:22,60,61,19552,47363
2023-07-10 13:31:24,59,61,19552,47369
2023-07-10 13:31:26,58,61,19552,47369
2023-07-10 13:31:26,58,60,19552,47369
2023-07-10 13:31:30,57,60,19552,47369
2023-07-10 13:31:31,57,59,19552,47369
2023-07-10 13:31:35,57,60,19552,47369
2023-07-10 13:31:37,57,59,19552,47369
2023-07-10 13:31:41,57,60,19552,47369
2023-07-10 13:32:08,57,58,19552,47369
2023-07-10 13:32:18,56,57,19532,47589
2023-07-10 13:32:18,55,57,19532,47589
2023-07-10 13:32:38,55,58,19532,47589
2023-07-10 13:32:41,56,58,19532,47589
2023-07-10 13:32:46,57,58,19532,47589
2023-07-10 13:32:48,57,59,19532,47589
2023-07-10 13:32:48,57,60,19532,47589
2023-07-10 13:32:48,57,59,19532,47589
2023-07-10 13:33:02,57,60,19532,47589
2023-07-10 13:33:02,57,58,19532,47589
2023-07-10 13:33:06,57,59,19532,47589
2023-07-10 13:33:06,57,60,19532,47589
2023-07-10 13:33:06,57,59,19532,47589
2023-07-10 13:33:14,57,60,19532,47589
2023-07-10 13:33:14,57,59,19532,47589
2023-07-10 13:33:14,57,58,19532,47589
2023-07-10 13:33:26,57,59,19532,47589
2023-07-10 13:33:27,56,57,19512,47609
2023-07-10 13:33:55,55,56,19492,47629
2023-07-10 13:34:24,53,55,19472,47749
2023-07-10 13:34:24,53,56,19472,47789
2023-07-10 13:34:29,53,55,19472,47789
2023-07-10 13:34:32,53,54,19472,47789
2023-07-10 13:34:32,53,55,19472,47989
2023-07-10 13:36:10,53,54,19472,47989
2023-07-10 13:36:13,53,55,19472,47989
2023-07-10 13:36:14,53,54,19472,47989
2023-07-10 13:36:20,51,52,19392,48069
2023-07-10 13:36:21,51,53,19392,48269
2023-07-10 13:36:25,51,52,19392,48269
2023-07-10 13:36:28,51,52,19392,48469
2023-07-10 13:36:28,48,52,19392,48469
2023-07-10 13:36:28,50,52,19392,48469
2023-07-10 13:36:29,50,51,19392,48469
2023-07-10 13:36:34,48,51,19392,48469
2023-07-10 13:37:34,49,51,19392,48469
2023-07-10 13:37:35,48,51,19392,48469
2023-07-10 13:38:12,49,51,19392,48469
2023-07-10 13:38:36,48,51,19392,48469
2023-07-10 13:38:46,49,51,19392,48469
2023-07-10 13:38:59,50,51,19392,48469
2023-07-10 13:39:15,49,51,19392,48469
2023-07-10 13:39:28,50,51,19392,48469
2023-07-10 13:39:30,50,52,19412,48489
2023-07-10 13:39:30,51,52,19412,48489
2023-07-10 13:39:34,51,53,19432,48509
2023-07-10 13:40:03,50,53,19432,48509
2023-07-10 13:40:09,49,53,19432,48509
2023-07-10 13:40:09,49,52,19432,48509
2023-07-10 13:40:33,49,53,19432,48509
2023-07-10 13:40:33,50,53,19432,48509
2023-07-10 13:41:03,51,53,19432,48509
2023-07-10 13:41:08,52,53,19432,48509
2023-07-10 13:41:13,52,54,19452,48529
2023-07-10 13:41:13,53,54,19452,48529
2023-07-10 13:41:17,52,54,19452,48529
2023-07-10 13:41:35,51,54,19452,48529
2023-07-10 13:41:48,52,54,19452,48529
2023-07-10 13:41:53,53,54,19452,48529
2023-07-10 13:41:58,52,54,19452,48529
2023-07-10 13:42:26,53,54,19452,48529
2023-07-10 13:42:29,54,55,19472,48549
2023-07-10 13:42:44,53,55,19472,48549
2023-07-10 13:43:18,54,55,19472,48549
2023-07-10 13:43:21,53,55,19472,48549
2023-07-10 13:43:31,54,55,19472,48549
2023-07-10 13:43:41,53,55,19472,48549
2023-07-10 13:44:07,54,55,19472,48549
2023-07-10 13:44:16,53,55,19472,48549
2023-07-10 13:44:36,54,55,19472,48549
2023-07-10 13:44:51,55,56,19492,48569
2023-07-10 13:44:56,56,57,19512,48589
2023-07-10 13:44:58,55,57,19512,48589
2023-07-10 13:45:05,56,57,19512,48589
2023-07-10 13:45:18,55,57,19512,48589
2023-07-10 13:45:25,56,57,19512,48589
2023-07-10 13:45:29,56,58,19532,48609
2023-07-10 13:45:35,57,58,19532,48609
2023-07-10 13:45:37,58,59,19552,48629
2023-07-10 13:45:41,59,60,19572,48649
2023-07-10 13:45:43,59,61,19572,48649
2023-07-10 13:45:43,59,60,19572,48649
2023-07-10 13:45:45,59,61,19572,48649
2023-07-10 13:45:46,58,61,19572,48649
2023-07-10 13:45:46,58,60,19572,48649
2023-07-10 13:45:50,59,60,19572,48649
2023-07-10 13:46:02,58,60,19572,48649
2023-07-10 13:46:06,59,60,19572,48649
2023-07-10 13:46:10,58,60,19572,48649
2023-07-10 13:46:16,57,60,19572,48649
2023-07-10 13:46:24,57,59,19572,48649
2023-07-10 13:46:43,57,58,19572,48649
2023-07-10 13:46:48,57,59,19572,48649
2023-07-10 13:46:52,57,58,19572,48649
2023-07-10 13:47:05,56,58,19572,48649
2023-07-10 13:47:10,56,59,19572,48649
2023-07-10 13:47:12,56,58,19572,48649
2023-07-10 13:47:24,56,57,19572,48649
2023-07-10 13:47:26,56,57,19572,48674
2023-07-10 13:47:29,55,57,19572,48689
2023-07-10 13:47:39,53,57,19572,48689
2023-07-10 13:47:42,53,56,19572,48689
2023-07-10 13:48:09,53,57,19572,48689
2023-07-10 13:48:10,54,57,19572,48689
2023-07-10 13:48:23,54,56,19572,48689
2023-07-10 13:48:23,53,56,19572,48689
2023-07-10 13:48:37,53,54,19572,48689
2023-07-10 13:48:54,52,53,19522,48739
2023-07-10 13:48:55,52,54,19522,48739
2023-07-10 13:48:57,52,53,19522,48739
2023-07-10 13:48:58,52,54,19522,48739
2023-07-10 13:49:03,52,55,19522,48739
2023-07-10 13:49:03,53,55,19522,48739
2023-07-10 13:49:08,53,56,19522,48739
2023-07-10 13:49:19,53,55,19522,48739
2023-07-10 13:49:20,52,55,19522,48739
2023-07-10 13:49:33,52,54,19522,48739
2023-07-10 13:49:58,51,52,19452,48809
2023-07-10 13:51:08,51,53,19472,48829
2023-07-10 13:51:26,52,53,19472,48829
2023-07-10 13:51:29,52,54,19492,48849
2023-07-10 13:51:29,53,54,19492,48849
2023-07-10 13:51:37,53,55,19512,48869
2023-07-10 13:51:38,54,55,19512,48869
2023-07-10 13:51:40,54,56,19532,48889
2023-07-10 13:51:40,54,57,19532,48889
2023-07-10 13:51:42,56,57,19532,48889
2023-07-10 13:51:42,56,58,19532,48889
2023-07-10 13:51:42,56,57,19532,48889
2023-07-10 13:51:43,56,58,19532,48889
2023-07-10 13:52:11,55,58,19532,48889
2023-07-10 13:52:14,54,58,19532,48889
2023-07-10 13:52:24,54,57,19532,48889
2023-07-10 13:52:46,53,57,19532,48889
2023-07-10 13:52:47,53,56,19532,48889
2023-07-10 13:53:01,52,56,19532,48889
2023-07-10 13:53:01,52,55,19532,48889
2023-07-10 13:53:21,52,54,19532,48889
2023-07-10 13:53:53,52,55,19532,48889
2023-07-10 13:54:14,52,54,19532,48889
2023-07-10 13:55:29,52,55,19532,48889
2023-07-10 13:55:37,52,56,19532,48889
2023-07-10 13:55:47,54,56,19532,48889
2023-07-10 13:56:00,55,56,19532,48889
2023-07-10 13:56:14,54,56,19532,48889
2023-07-10 13:56:22,54,55,19532,48889
2023-07-10 13:56:24,53,55,19532,49089
2023-07-10 13:56:25,53,54,19532,49089
2023-07-10 13:56:31,52,54,19532,49089
2023-07-10 13:56:31,50,54,19532,49089
2023-07-10 13:56:31,50,53,19532,49089
2023-07-10 13:56:32,50,52,19532,49089
2023-07-10 13:57:03,50,53,19532,49089
2023-07-10 13:57:13,51,53,19532,49089
2023-07-10 13:57:13,51,54,19532,49089
2023-07-10 13:57:17,52,54,19532,49089
2023-07-10 13:57:20,52,55,19532,49089
2023-07-10 13:57:34,53,55,19532,49089
2023-07-10 13:58:11,53,56,19532,49089
2023-07-10 13:58:46,54,56,19532,49089
2023-07-10 13:59:12,53,56,19532,49089
2023-07-10 13:59:22,53,55,19532,49089
2023-07-10 13:59:38,53,56,19532,49089
2023-07-10 14:00:01,54,56,19532,49089
2023-07-10 14:00:10,53,56,19532,49089
2023-07-10 14:00:22,54,56,19532,49089
2023-07-10 14:00:26,55,56,19532,49089
2023-07-10 14:00:33,54,56,19532,49089
2023-07-10 14:00:43,53,56,19532,49089
2023-07-10 14:01:04,53,55,19532,49089
2023-07-10 14:01:07,53,55,19532,49109
2023-07-10 14:01:07,53,54,19532,49109
2023-07-10 14:01:08,52,54,19532,49209
2023-07-10 14:01:13,52,53,19532,49209
2023-07-10 14:01:14,51,53,19492,49349
2023-07-10 14:01:15,50,53,19452,49389
2023-07-10 14:01:16,50,52,19452,49389
2023-07-10 14:01:20,49,52,19452,49489
2023-07-10 14:01:45,49,51,19452,49489
2023-07-10 14:01:46,48,51,19392,49549
2023-07-10 14:01:50,48,50,19392,49549
2023-07-10 14:01:52,48,49,19392,49549
2023-07-10 14:01:52,47,49,19392,49549
2023-07-10 14:01:55,46,49,19392,49549
2023-07-10 14:01:57,47,49,19392,49549
2023-07-10 14:02:02,47,50,19392,49549
2023-07-10 14:02:31,48,50,19392,49549
2023-07-10 14:02:32,49,50,19392,49549
2023-07-10 14:02:50,49,52,19407,49564
2023-07-10 14:02:51,50,52,19407,49564
2023-07-10 14:02:52,51,52,19407,49564
2023-07-10 14:03:02,50,52,19407,49564
2023-07-10 14:03:11,49,52,19407,49564
2023-07-10 14:03:39,48,52,19407,49564
2023-07-10 14:03:39,48,51,19407,49564
2023-07-10 14:03:40,48,50,19407,49564
2023-07-10 14:03:45,47,50,19407,49564
2023-07-10 14:04:05,48,50,19407,49564
2023-07-10 14:04:12,48,51,19407,49564
2023-07-10 14:04:12,48,52,19407,49564
2023-07-10 14:04:15,48,51,19407,49564
2023-07-10 14:04:20,48,50,19407,49564
2023-07-10 14:04:26,47,50,19392,49579
2023-07-10 14:04:28,47,49,19392,49579
2023-07-10 14:04:32,46,49,19377,49594
2023-07-10 14:04:38,46,49,19377,49794
2023-07-10 14:04:38,46,48,19377,49794
2023-07-10 14:04:38,45,48,19377,49794
2023-07-10 14:04:39,45,47,19377,49794
2023-07-10 14:04:39,45,46,19377,49794
2023-07-10 14:04:40,45,47,19377,49794
2023-07-10 14:04:40,45,48,19377,49794
2023-07-10 14:04:40,44,48,19377,49994
2023-07-10 14:04:40,44,47,19377,49994
2023-07-10 14:04:41,45,47,19377,49994
2023-07-10 14:04:44,45,48,19377,49994
2023-07-10 14:04:50,45,47,19377,49994
2023-07-10 14:04:53,44,47,19377,49994
2023-07-10 14:04:54,44,48,19377,49994
2023-07-10 14:04:54,44,46,19377,49994
2023-07-10 14:04:56,44,47,19377,50194
2023-07-10 14:04:59,44,46,19377,50194
2023-07-10 14:05:01,43,46,19377,50194
2023-07-10 14:05:03,44,46,19377,50194
2023-07-10 14:05:05,44,47,19377,50194
2023-07-10 14:05:07,45,47,19377,50194
2023-07-10 14:05:07,45,48,19377,50194
2023-07-10 14:05:07,45,47,19377,50194
2023-07-10 14:05:14,44,47,19377,50194
2023-07-10 14:05:16,45,47,19377,50194
2023-07-10 14:05:22,44,47,19377,50194
2023-07-10 14:05:26,45,47,19377,50194
2023-07-10 14:05:29,46,47,19377,50194
2023-07-10 14:05:32,46,48,19392,50209
2023-07-10 14:05:35,46,47,19392,50209
2023-07-10 14:05:40,46,48,19407,50224
2023-07-10 14:05:48,46,47,19407,50224
2023-07-10 14:05:55,45,47,19407,50224
2023-07-10 14:06:03,45,48,19407,50224
2023-07-10 14:06:05,45,47,19407,50224
2023-07-10 14:06:07,44,47,19377,50254
2023-07-10 14:06:09,44,46,19377,50254
2023-07-10 14:06:10,43,46,19377,50454
2023-07-10 14:06:11,42,46,19377,50454
2023-07-10 14:06:11,42,45,19377,50454
2023-07-10 14:06:30,43,45,19377,50454
2023-07-10 14:06:39,42,45,19377,50454
2023-07-10 14:06:41,43,45,19377,50454
2023-07-10 14:06:46,44,45,19377,50454
2023-07-10 14:06:52,44,46,19392,50469
2023-07-10 14:06:52,45,46,19392,50469
2023-07-10 14:07:00,44,46,19392,50469
2023-07-10 14:07:12,45,46,19392,50469
2023-07-10 14:07:12,44,46,19392,50869
2023-07-10 14:07:21,45,46,19392,50869
2023-07-10 14:07:26,45,47,19407,50884
2023-07-10 14:07:28,46,47,19407,50884
2023-07-10 14:07:30,46,48,19422,50899
2023-07-10 14:07:30,47,48,19422,50899
2023-07-10 14:07:35,47,49,19437,51114
2023-07-10 14:07:38,47,50,19437,51114
2023-07-10 14:07:38,47,51,19437,51114
2023-07-10 14:07:38,47,50,19437,51114
2023-07-10 14:07:39,48,50,19437,51114
2023-07-10 14:08:24,49,50,19437,51114
2023-07-10 14:08:27,48,50,19437,51114
2023-07-10 14:08:33,48,49,19437,51114
2023-07-10 14:08:57,46,48,19377,51174
2023-07-10 14:09:03,46,48,19377,51424
2023-07-10 14:09:04,46,49,19377,51424
2023-07-10 14:09:05,47,49,19377,51424
2023-07-10 14:09:12,48,49,19377,51424
2023-07-10 14:09:18,48,50,19392,51439
2023-07-10 14:09:29,48,51,19407,51544
2023-07-10 14:09:38,48,50,19407,51544
2023-07-10 14:09:50,48,49,19407,51544
2023-07-10 14:10:06,46,49,19407,51544
2023-07-10 14:10:24,46,48,19407,51544
2023-07-10 14:10:29,46,49,19407,51544
2023-07-10 14:10:40,47,49,19407,51544
2023-07-10 14:10:40,47,50,19407,51544
2023-07-10 14:10:56,47,49,19407,51544
2023-07-10 14:11:17,47,50,19407,51544
2023-07-10 14:11:23,47,49,19407,51544
2023-07-10 14:11:28,47,50,19407,51544
2023-07-10 14:11:43,48,50,19407,51544
2023-07-10 14:11:43,48,51,19407,51544
2023-07-10 14:11:47,49,51,19407,51544
2023-07-10 14:11:50,50,51,19407,51544
2023-07-10 14:11:55,50,53,19422,51559
2023-07-10 14:12:07,50,52,19422,51559
2023-07-10 14:12:12,50,53,19422,51559
2023-07-10 14:12:19,52,53,19422,51559
2023-07-10 14:12:31,52,54,19622,51759
2023-07-10 14:12:31,52,55,19622,51759
2023-07-10 14:12:31,53,55,19622,51759
2023-07-10 14:12:34,53,56,19622,51759
2023-07-10 14:12:36,54,56,19622,51759
2023-07-10 14:12:40,53,56,19622,51759
2023-07-10 14:12:40,52,56,19622,51759
2023-07-10 14:12:40,53,56,19622,51759
2023-07-10 14:12:41,53,55,19622,51759
2023-07-10 14:12:43,53,56,19622,51759
2023-07-10 14:12:44,52,56,19622,51759
2023-07-10 14:12:44,54,56,19622,51759
2023-07-10 14:13:14,55,56,19622,51759
2023-07-10 14:13:31,56,57,19622,51774
2023-07-10 14:13:35,55,57,19622,51774
2023-07-10 14:13:35,54,57,19622,51774
2023-07-10 14:13:35,55,57,19622,51774
2023-07-10 14:13:43,54,57,19622,51774
2023-07-10 14:13:43,53,57,19622,51774
2023-07-10 14:13:43,54,57,19622,51774
2023-07-10 14:13:44,54,56,19622,51774
2023-07-10 14:13:52,54,57,19622,51774
2023-07-10 14:13:54,55,57,19622,51774
2023-07-10 14:14:09,56,57,19622,51774
2023-07-10 14:14:13,55,57,19622,51774
2023-07-10 14:14:13,57,59,19572,51839
2023-07-10 14:14:32,57,60,19572,51839
2023-07-10 14:14:33,56,60,19572,51839
2023-07-10 14:14:33,57,60,19572,51839
2023-07-10 14:14:33,58,60,19572,51839
2023-07-10 14:14:35,58,61,19572,51839
2023-07-10 14:14:36,59,61,19572,51839
2023-07-10 14:14:38,60,61,19572,51839
2023-07-10 14:14:38,60,62,19572,51839
2023-07-10 14:14:43,61,62,19572,51839
2023-07-10 14:14:51,62,64,19522,51904
2023-07-10 14:14:54,63,64,19522,51904
2023-07-10 14:15:35,62,64,19482,52144
2023-07-10 14:15:36,62,63,19482,52144
2023-07-10 14:15:36,62,64,19482,52144
2023-07-10 14:16:00,63,64,19482,52144
2023-07-10 14:16:07,63,65,19497,52159
2023-07-10 14:16:07,64,65,19497,52159
2023-07-10 14:16:24,64,67,19512,52174
2023-07-10 14:16:24,64,66,19512,52174
2023-07-10 14:16:24,65,66,19512,52174
2023-07-10 14:16:25,65,67,19527,52374
2023-07-10 14:16:26,66,67,19527,52374
2023-07-10 14:16:33,66,69,19542,52389
2023-07-10 14:16:39,67,69,19542,52389
2023-07-10 14:16:46,66,69,19542,52389
2023-07-10 14:16:50,66,68,19542,52389
2023-07-10 14:17:10,66,69,19542,52389
2023-07-10 14:17:18,67,69,19542,52389
2023-07-10 14:17:23,68,69,19542,52389
2023-07-10 14:17:27,67,69,19542,52389
2023-07-10 14:17:28,67,68,19542,52389
2023-07-10 14:17:30,68,69,19592,52439
2023-07-10 14:17:30,68,69,19642,52489
2023-07-10 14:17:31,67,69,19642,52489
2023-07-10 14:17:35,68,69,19642,52489
2023-07-10 14:17:58,69,70,19657,52504
2023-07-10 14:17:58,68,70,19842,52689
2023-07-10 14:18:17,69,70,19842,52689
2023-07-10 14:18:25,68,70,19842,52689
2023-07-10 14:18:38,69,70,19842,52689
2023-07-10 14:19:15,69,70,20084,52931
2023-07-10 14:19:38,68,70,20084,52931
2023-07-10 14:20:02,69,70,20084,52931
2023-07-10 14:20:20,68,70,20084,52931
2023-07-10 14:20:29,69,70,20084,52931
2023-07-10 14:20:34,69,70,20125,52972
2023-07-10 14:20:34,69,70,20170,53017
2023-07-10 14:20:40,67,70,20170,53017
2023-07-10 14:20:40,68,70,20170,53017
2023-07-10 14:20:44,68,69,20170,53017
2023-07-10 14:20:46,67,69,20170,53017
2023-07-10 14:20:46,68,69,20170,53017
2023-07-10 14:20:49,68,70,20170,53017
2023-07-10 14:21:21,67,70,20170,53017
2023-07-10 14:21:21,68,70,20170,53017
2023-07-10 14:21:24,68,69,20170,53017
2023-07-10 14:21:31,67,69,20170,53017
2023-07-10 14:21:42,67,68,20170,53017
2023-07-10 14:21:45,66,68,20170,53017
2023-07-10 14:21:45,67,68,20170,53017
2023-07-10 14:21:50,67,69,20170,53017
2023-07-10 14:21:55,68,69,20170,53017
2023-07-10 14:21:57,68,70,20170,53017
2023-07-10 14:22:01,69,70,20170,53017
2023-07-10 14:22:22,70,71,20185,53062
2023-07-10 14:22:23,70,71,20185,53262
2023-07-10 14:22:27,71,73,20185,53304
2023-07-10 14:22:27,71,73,20245,53364
2023-07-10 14:22:27,71,72,20245,53364
2023-07-10 14:22:27,71,73,20245,53364
2023-07-10 14:22:31,72,73,20245,53364
2023-07-10 14:22:31,72,73,20285,53404
2023-07-10 14:22:36,71,73,20285,53404
2023-07-10 14:22:40,72,73,20285,53404
2023-07-10 14:22:40,72,74,20285,53404
2023-07-10 14:22:41,72,73,20285,53404
2023-07-10 14:22:44,73,74,20300,53419
2023-07-10 14:22:44,73,74,20415,53534
2023-07-10 14:22:45,72,74,20415,53534
2023-07-10 14:22:58,72,74,20615,53734
2023-07-10 14:22:59,74,75,20630,53749
2023-07-10 14:22:59,72,75,20815,53934
2023-07-10 14:22:59,72,74,20815,53934
2023-07-10 14:22:59,72,75,20815,53934
2023-07-10 14:22:59,73,75,20815,53934
2023-07-10 14:23:12,74,75,20815,53934
2023-07-10 14:23:12,74,75,20866,53985
2023-07-10 14:23:13,74,75,21066,54185
2023-07-10 14:23:13,74,75,21181,54300
2023-07-10 14:23:16,74,76,21381,54500
2023-07-10 14:23:16,74,76,21381,54700
2023-07-10 14:23:16,74,75,21381,54700
2023-07-10 14:23:16,74,76,21381,54700
2023-07-10 14:23:17,74,77,21381,54700
2023-07-10 14:23:17,74,76,21381,54700
2023-07-10 14:23:33,74,75,21381,54700
2023-07-10 14:23:33,74,75,21381,54715
2023-07-10 14:23:35,74,76,21381,54715
2023-07-10 14:23:56,74,75,21381,54715
2023-07-10 14:23:56,74,75,21381,54730
2023-07-10 14:23:56,74,76,21381,54730
2023-07-10 14:23:56,74,75,21381,54730
2023-07-10 14:23:59,74,75,21381,54758
2023-07-10 14:23:59,74,76,21381,54758
2023-07-10 14:23:59,74,76,21381,54758
2023-07-10 14:24:01,73,76,21381,54758
2023-07-10 14:24:01,75,76,21381,54758
2023-07-10 14:24:01,75,76,21381,54773
2023-07-10 14:24:31,75,76,21381,54813
2023-07-10 14:24:36,75,76,21181,55013
2023-07-10 14:24:36,75,76,21181,55028
2023-07-10 14:24:38,74,75,21124,55085
2023-07-10 14:24:39,74,75,21124,55142
2023-07-10 14:24:39,73,75,21124,55142
2023-07-10 14:24:40,73,74,21124,55142
2023-07-10 14:24:42,73,75,21124,55142
2023-07-10 14:25:02,73,74,21124,55142
2023-07-10 14:25:04,73,75,21124,55142
2023-07-10 14:25:11,73,74,21124,55142
2023-07-10 14:25:17,73,75,21124,55142
2023-07-10 14:25:23,74,75,21124,55142
2023-07-10 14:25:25,74,76,21124,55142
2023-07-10 14:26:08,76,77,21139,55214
2023-07-10 14:26:08,76,77,21154,55229
2023-07-10 14:26:08,76,77,21247,55322
2023-07-10 14:26:09,74,77,21247,55322
2023-07-10 14:26:22,74,76,21247,55322
2023-07-10 14:26:22,74,77,21247,55322
2023-07-10 14:26:23,74,77,21247,55322
2023-07-10 14:26:58,74,76,21247,55322
2023-07-10 14:28:10,74,76,21292,55367
2023-07-10 14:28:20,74,76,21337,55412
2023-07-10 14:29:04,74,75,21337,55412
2023-07-10 14:30:20,74,75,21346,55436
2023-07-10 14:30:20,74,75,21386,55476
2023-07-10 14:30:23,74,75,21466,55556
2023-07-10 14:30:23,74,75,21546,55636
2023-07-10 14:30:23,73,75,21637,55727
2023-07-10 14:30:28,74,75,21637,55727
2023-07-10 14:30:51,74,76,21637,55727
2023-07-10 14:30:51,73,74,21622,55742
2023-07-10 14:31:17,73,75,21625,55820
2023-07-10 14:32:01,73,74,21625,55820
2023-07-10 14:32:01,73,75,21625,56020
2023-07-10 14:32:15,73,74,21625,56020
2023-07-10 14:32:15,73,75,21625,56220
2023-07-10 14:32:17,73,74,21625,56220
2023-07-10 14:32:17,73,75,21625,56420
2023-07-10 14:32:42,74,75,21625,56420
2023-07-10 14:32:44,75,76,21640,56435
2023-07-10 14:32:51,74,76,21640,56435
2023-07-10 14:33:03,75,76,21640,56435
2023-07-10 14:33:08,74,76,21640,56435
2023-07-10 14:33:11,73,76,21640,56435
2023-07-10 14:33:21,73,75,21640,56435
2023-07-10 14:33:28,73,74,21640,56435
2023-07-10 14:33:32,73,74,21610,56635
2023-07-10 14:33:34,72,74,21610,56635
2023-07-10 14:33:35,72,73,21610,56635
2023-07-10 14:33:37,72,74,21610,56635
2023-07-10 14:33:37,73,74,21610,56635
2023-07-10 14:33:37,72,74,21610,56635
2023-07-10 14:33:38,72,73,21610,56635
2023-07-10 14:33:38,72,74,21610,56835
2023-07-10 14:33:45,72,75,21610,56835
2023-07-10 14:34:01,72,74,21610,56835
2023-07-10 14:34:06,72,74,21610,57035
2023-07-10 14:34:07,72,73,21610,57035
2023-07-10 14:34:07,72,74,21610,57235
2023-07-10 14:34:19,72,73,21610,57235
2023-07-10 14:34:25,72,74,21610,57235
2023-07-10 14:34:49,72,75,21610,57235
2023-07-10 14:34:58,73,75,21610,57235
2023-07-10 14:34:59,73,75,21651,57276
2023-07-10 14:35:03,73,76,21651,57276
2023-07-10 14:35:05,74,76,21651,57276
2023-07-10 14:35:09,73,76,21651,57276
2023-07-10 14:35:16,72,76,21651,57276
2023-07-10 14:35:16,72,75,21651,57276
2023-07-10 14:35:23,73,75,21651,57276
2023-07-10 14:35:24,73,76,21651,57276
2023-07-10 14:35:27,72,76,21651,57276
2023-07-10 14:35:27,72,75,21651,57276
2023-07-10 14:35:34,72,74,21651,57276
2023-07-10 14:35:49,72,75,21651,57276
2023-07-10 14:35:50,72,74,21651,57276
2023-07-10 14:35:57,72,75,21651,57276
2023-07-10 14:36:00,73,75,21651,57276
2023-07-10 14:36:01,73,76,21651,57276
2023-07-10 14:36:16,73,75,21651,57276
2023-07-10 14:36:16,72,75,21651,57276
2023-07-10 14:36:21,72,74,21651,57276
2023-07-10 14:36:21,72,75,21651,57476
2023-07-10 14:36:50,73,75,21651,57476
2023-07-10 14:36:58,73,75,21651,57476
2023-07-10 14:36:58,72,75,21651,57476
2023-07-10 14:37:03,73,75,21651,57476
2023-07-10 14:37:03,73,76,21651,57476
2023-07-10 14:37:07,74,76,21651,57476
2023-07-10 14:37:25,75,76,21651,57476
2023-07-10 14:37:28,74,76,21651,57476
2023-07-10 14:37:59,75,76,21651,57476
2023-07-10 14:38:25,74,76,21651,57476
2023-07-10 14:39:17,73,76,21651,57476
2023-07-10 14:39:22,73,75,21651,57476
2023-07-10 14:39:23,72,75,21651,57476
2023-07-10 14:39:28,72,73,21651,57476
2023-07-10 14:39:30,71,72,21618,57509
2023-07-10 14:39:36,71,73,21618,57509
2023-07-10 14:39:36,71,72,21618,57509
2023-07-10 14:39:41,70,72,21618,57509
2023-07-10 14:40:21,71,72,21618,57509
2023-07-10 14:40:28,71,73,21633,57524
2023-07-10 14:40:39,72,73,21633,57524
2023-07-10 14:40:41,72,75,21648,57539
2023-07-10 14:40:52,73,75,21648,57539
2023-07-10 14:41:05,72,75,21648,57539
2023-07-10 14:41:18,72,74,21648,57539
2023-07-10 14:41:22,71,74,21648,57539
2023-07-10 14:41:23,71,73,21648,57539
2023-07-10 14:41:36,70,73,21648,57539
2023-07-10 14:41:43,71,73,21648,57539
2023-07-10 14:41:49,70,73,21648,57539
2023-07-10 14:41:49,70,72,21648,57539
2023-07-10 14:41:57,70,71,21648,57539
2023-07-10 14:41:59,70,72,21648,57539
2023-07-10 14:42:01,69,70,21618,57569
2023-07-10 14:42:02,69,72,21618,57569
2023-07-10 14:42:03,64,72,21618,57769
2023-07-10 14:42:04,65,72,21618,57769
2023-07-10 14:42:06,68,72,21618,57769
2023-07-10 14:42:18,67,72,21618,57769
2023-07-10 14:42:18,68,72,21618,57769
2023-07-10 14:42:20,68,73,21618,57769
2023-07-10 14:42:21,68,72,21618,57769
2023-07-10 14:42:26,68,73,21618,57769
2023-07-10 14:42:29,69,73,21618,57769
2023-07-10 14:42:34,70,73,21618,57769
2023-07-10 14:42:36,70,74,21633,57784
2023-07-10 14:42:51,71,74,21633,57784
2023-07-10 14:42:54,71,75,21648,57799
2023-07-10 14:42:58,72,75,21648,57799
2023-07-10 14:42:59,72,77,21663,57814
2023-07-10 14:43:20,73,77,21663,57814
2023-07-10 14:43:45,73,76,21663,57814
2023-07-10 14:43:59,73,74,21663,57814
2023-07-10 14:44:12,73,76,21663,57814
2023-07-10 14:44:16,72,76,21663,57814
2023-07-10 14:44:40,72,74,21663,57814
2023-07-10 14:44:49,72,73,21663,57814
2023-07-10 14:44:51,71,73,21663,57814
2023-07-10 14:45:06,71,74,21663,57814
2023-07-10 14:45:08,71,73,21663,57814
2023-07-10 14:45:11,71,74,21663,57814
2023-07-10 14:45:14,71,73,21663,57814
2023-07-10 14:45:34,70,73,21663,57814
2023-07-10 14:46:23,70,74,21663,57814
2023-07-10 14:46:23,70,71,21663,57814
2023-07-10 14:46:28,69,70,21618,57859
2023-07-10 14:46:29,69,71,21618,57859
2023-07-10 14:46:37,69,74,21618,57859
2023-07-10 14:46:37,69,73,21618,57859
2023-07-10 14:46:50,69,74,21618,57859
2023-07-10 14:46:54,69,73,21618,57859
2023-07-10 14:47:00,69,74,21618,57859
2023-07-10 14:47:02,69,73,21618,57859
2023-07-10 14:47:24,70,73,21618,57859
2023-07-10 14:47:44,69,73,21618,57859
2023-07-10 14:47:44,70,73,21618,57859
2023-07-10 14:48:03,69,73,21618,57859
2023-07-10 14:48:18,69,71,21618,57859
2023-07-10 14:48:30,69,73,21618,57859
2023-07-10 14:48:54,70,73,21618,57859
2023-07-10 14:48:57,71,73,21618,57859
2023-07-10 14:49:08,70,73,21618,57859
2023-07-10 14:49:08,71,73,21618,57859
2023-07-10 14:49:16,69,73,21618,57859
2023-07-10 14:49:16,70,73,21618,57859
2023-07-10 14:49:25,69,73,21618,57859
2023-07-10 14:49:36,70,73,21618,57859
2023-07-10 14:49:42,72,73,21618,57859
2023-07-10 14:50:18,73,74,21633,57874
2023-07-10 14:50:19,73,75,21648,57889
2023-07-10 14:50:20,74,75,21648,57889
2023-07-10 14:50:25,75,76,21663,57904
2023-07-10 14:50:26,77,78,21788,58029
2023-07-10 14:50:26,75,78,21788,58029
2023-07-10 14:50:26,76,78,21788,58029
2023-07-10 14:50:29,78,80,21803,58094
2023-07-10 14:50:29,78,81,21803,58094
2023-07-10 14:50:33,78,82,21803,58094
2023-07-10 14:50:41,78,81,21803,58094
2023-07-10 14:50:47,78,82,21803,58094
2023-07-10 14:50:51,78,81,21803,58094
2023-07-10 14:50:53,78,82,21803,58094
2023-07-10 14:51:34,79,82,21803,58094
2023-07-10 14:51:46,80,82,21803,58094
2023-07-10 14:51:51,79,82,21803,58094
2023-07-10 14:51:53,80,82,21803,58094
2023-07-10 14:51:54,81,82,21803,58094
2023-07-10 14:52:16,82,83,21818,58109
2023-07-10 14:52:24,81,83,21818,58109
2023-07-10 14:52:25,80,83,21818,58109
2023-07-10 14:52:36,81,83,21818,58109
2023-07-10 14:52:38,80,83,21818,58109
2023-07-10 14:53:23,81,83,21818,58109
2023-07-10 14:53:27,80,83,21818,58109
2023-07-10 14:53:40,80,82,21818,58109
2023-07-10 14:53:42,79,82,21818,58109
2023-07-10 14:54:09,79,83,21818,58109
2023-07-10 14:54:29,80,83,21818,58109
2023-07-10 14:54:29,81,83,21818,58109
2023-07-10 14:54:42,82,83,21818,58109
2023-07-10 14:54:42,81,83,22018,58309
2023-07-10 14:54:44,82,83,22018,58309
2023-07-10 14:54:48,81,83,22018,58309
2023-07-10 14:54:53,82,83,22018,58309
2023-07-10 14:54:54,83,84,22033,58324
2023-07-10 14:55:08,84,86,22048,58339
2023-07-10 14:55:08,83,86,22048,58524
2023-07-10 14:55:10,84,86,22048,58524
2023-07-10 14:55:13,84,87,22048,58524
2023-07-10 14:55:13,85,87,22048,58524
2023-07-10 14:55:13,84,87,22248,58724
2023-07-10 14:55:13,84,86,22248,58724
2023-07-10 14:55:15,84,86,22349,58825
2023-07-10 14:55:15,84,87,22349,58825
2023-07-10 14:55:15,84,86,22349,58825
2023-07-10 14:55:35,84,85,22349,58825
2023-07-10 14:55:36,85,86,22389,58865
2023-07-10 14:55:36,84,86,22389,59175
2023-07-10 14:55:47,85,86,22444,59230
2023-07-10 14:55:54,84,86,22444,59230
2023-07-10 14:55:58,85,86,22444,59230
2023-07-10 14:56:06,84,86,22444,59230
2023-07-10 14:56:07,85,86,22444,59230
2023-07-10 14:56:18,84,86,22444,59230
2023-07-10 14:56:34,85,86,22444,59230
2023-07-10 14:56:34,84,86,22444,59380
2023-07-10 14:57:11,83,86,22444,59380
2023-07-10 14:57:16,83,85,22444,59380
2023-07-10 14:57:22,82,85,22444,59380
2023-07-10 14:57:23,82,83,22444,59380
2023-07-10 14:57:23,81,83,22444,59380
2023-07-10 14:57:24,80,83,22444,59380
2023-07-10 14:57:25,81,83,22444,59380
2023-07-10 14:57:52,81,86,22444,59380
2023-07-10 14:57:52,83,86,22444,59380
2023-07-10 14:58:13,85,86,22444,59380
2023-07-10 14:58:59,87,88,22474,59410
2023-07-10 14:58:59,85,88,22644,59580
2023-07-10 14:58:59,85,87,22644,59580
2023-07-10 14:58:59,85,88,22644,59580
2023-07-10 14:58:59,85,86,22644,59580
2023-07-10 14:58:59,85,88,22644,59580
2023-07-10 14:58:59,85,88,22644,59580
2023-07-10 14:58:59,85,87,22644,59580
2023-07-10 14:58:59,85,87,22770,59706
2023-07-10 14:59:00,85,88,22770,59706
2023-07-10 14:59:00,82,88,22770,59706
2023-07-10 14:59:00,82,87,22770,59706
2023-07-10 14:59:00,82,88,22770,59706
2023-07-10 14:59:03,82,87,22770,59706
2023-07-10 14:59:08,82,88,22770,59706
2023-07-10 14:59:08,82,87,22770,59706
2023-07-10 15:00:38,82,86,22770,59706
2023-07-10 15:00:40,82,85,22770,59706
2023-07-10 15:00:42,82,83,22770,59706
2023-07-10 15:00:43,81,82,22710,59766
2023-07-10 15:00:43,81,83,22710,59906
2023-07-10 15:00:44,81,82,22710,59906
2023-07-10 15:00:44,81,83,22710,60106
2023-07-10 15:00:47,79,83,22710,60106
2023-07-10 15:00:47,80,83,22710,60106
2023-07-10 15:00:48,81,83,22710,60106
2023-07-10 15:00:51,81,82,22710,60106
2023-07-10 15:00:51,81,83,22710,60306
2023-07-10 15:00:52,81,82,22710,60306
2023-07-10 15:01:00,79,82,22710,60306
2023-07-10 15:01:04,80,82,22710,60306
2023-07-10 15:01:04,80,83,22710,60306
2023-07-10 15:01:10,81,83,22710,60306
2023-07-10 15:01:16,81,85,22710,60306
2023-07-10 15:01:19,81,84,22710,60306
2023-07-10 15:01:24,81,82,22710,60306
2023-07-10 15:01:25,79,81,22695,60419
2023-07-10 15:01:25,79,82,22695,60506
2023-07-10 15:01:26,80,82,22695,60506
2023-07-10 15:01:29,80,82,22695,60706
2023-07-10 15:01:30,80,81,22695,60706
2023-07-10 15:01:30,79,81,22695,60706
2023-07-10 15:01:34,77,81,22695,60706
2023-07-10 15:01:39,77,80,22695,60706
2023-07-10 15:01:42,77,81,22695,60706
2023-07-10 15:01:50,77,80,22695,60706
2023-07-10 15:01:51,77,81,22695,60706
2023-07-10 15:02:11,77,80,22695,60706
2023-07-10 15:02:12,77,81,22695,60706
2023-07-10 15:02:15,77,82,22695,60706
2023-07-10 15:02:17,77,81,22695,60706
2023-07-10 15:02:18,78,81,22695,60706
2023-07-10 15:02:19,78,82,22695,60706
2023-07-10 15:02:20,79,82,22695,60706
2023-07-10 15:02:21,79,84,22695,60706
2023-07-10 15:02:25,80,85,22695,60706
2023-07-10 15:02:25,81,85,22695,60706
2023-07-10 15:02:30,81,84,22695,60706
2023-07-10 15:02:33,80,84,22695,60706
2023-07-10 15:02:34,81,84,22695,60706
2023-07-10 15:02:39,80,84,22695,60706
2023-07-10 15:02:43,79,84,22695,60706
2023-07-10 15:02:44,80,84,22695,60706
2023-07-10 15:02:47,80,85,22695,60706
2023-07-10 15:02:47,81,85,22695,60706
2023-07-10 15:02:53,80,85,22695,60706
2023-07-10 15:02:53,80,84,22695,60706
2023-07-10 15:02:55,80,83,22695,60706
2023-07-10 15:02:57,80,84,22695,60706
2023-07-10 15:02:59,80,83,22695,60706
2023-07-10 15:03:00,80,84,22695,60706
2023-07-10 15:03:02,80,83,22695,60706
2023-07-10 15:03:11,80,84,22695,60706
2023-07-10 15:03:13,81,84,22695,60706
2023-07-10 15:03:14,81,85,22695,60706
2023-07-10 15:03:17,81,84,22695,60706
2023-07-10 15:03:18,80,84,22695,60706
2023-07-10 15:03:27,80,83,22695,60706
2023-07-10 15:03:28,80,84,22695,60706
2023-07-10 15:03:32,80,83,22695,60706
2023-07-10 15:03:44,80,84,22695,60706
2023-07-10 15:03:51,81,84,22695,60706
2023-07-10 15:03:52,80,84,22695,60706
2023-07-10 15:04:08,80,82,22695,60706
2023-07-10 15:04:17,80,84,22695,60706
2023-07-10 15:04:20,80,83,22695,60706
2023-07-10 15:04:21,80,84,22695,60706
2023-07-10 15:04:22,80,83,22695,60706
2023-07-10 15:04:44,80,84,22695,60706
2023-07-10 15:04:46,80,83,22695,60706
2023-07-10 15:04:47,80,84,22695,60706
2023-07-10 15:04:52,80,85,22695,60706
2023-07-10 15:04:52,81,85,22695,60706
2023-07-10 15:04:54,82,85,22695,60706
2023-07-10 15:04:55,82,86,22695,60706
2023-07-10 15:04:56,82,85,22695,60706
2023-07-10 15:04:59,81,85,22695,60706
2023-07-10 15:05:00,81,86,22695,60706
2023-07-10 15:05:00,82,86,22695,60706
2023-07-10 15:05:02,83,86,22695,60706
2023-07-10 15:05:03,83,87,22695,60706
2023-07-10 15:05:03,84,87,22695,60706
2023-07-10 15:05:03,84,86,22695,60706
2023-07-10 15:05:21,85,86,22695,60706
2023-07-10 15:05:33,86,88,22710,60721
2023-07-10 15:05:33,86,88,22725,60736
2023-07-10 15:05:33,86,87,22725,60736
2023-07-10 15:05:34,86,88,22725,60736
2023-07-10 15:05:41,85,87,22725,60736
2023-07-10 15:05:44,84,87,22725,60736
2023-07-10 15:05:44,85,87,22725,60736
2023-07-10 15:06:07,85,86,22725,60736
2023-07-10 15:06:14,84,85,22710,60751
2023-07-10 15:06:21,82,85,22710,60751
2023-07-10 15:06:21,80,85,22710,60751
2023-07-10 15:06:21,80,84,22710,60751
2023-07-10 15:06:21,82,84,22710,60751
2023-07-10 15:06:23,80,82,22695,60766
2023-07-10 15:06:24,80,84,22695,60951
2023-07-10 15:06:26,79,84,22695,60951
2023-07-10 15:06:27,79,82,22695,60951
2023-07-10 15:06:30,76,82,22695,60951
2023-07-10 15:06:30,77,82,22695,60951
2023-07-10 15:06:31,77,81,22695,60951
2023-07-10 15:06:37,77,79,22695,60951
2023-07-10 15:06:39,77,81,22695,61151
2023-07-10 15:06:42,76,81,22695,61151
2023-07-10 15:06:50,74,81,22695,61151
2023-07-10 15:06:50,76,81,22695,61151
2023-07-10 15:06:51,76,80,22695,61151
2023-07-10 15:06:56,76,78,22695,61151
2023-07-10 15:06:56,72,78,22695,61151
2023-07-10 15:06:56,75,78,22695,61151
2023-07-10 15:06:59,75,77,22695,61151
2023-07-10 15:07:01,69,77,22695,61151
2023-07-10 15:07:01,74,77,22695,61151
2023-07-10 15:07:02,74,77,22695,61351
2023-07-10 15:07:06,68,77,22695,61351
2023-07-10 15:07:07,73,77,22695,61351
2023-07-10 15:07:07,73,78,22695,61351
2023-07-10 15:07:11,72,78,22695,61351
2023-07-10 15:07:11,73,78,22695,61351
2023-07-10 15:07:18,73,77,22695,61351
2023-07-10 15:07:19,73,78,22695,61351
2023-07-10 15:07:20,73,77,22695,61351
2023-07-10 15:07:22,68,77,22695,61351
2023-07-10 15:07:22,73,77,22695,61351
2023-07-10 15:07:24,73,78,22695,61351
2023-07-10 15:07:24,73,75,22695,61351
2023-07-10 15:07:30,73,77,22695,61351
2023-07-10 15:07:30,73,78,22710,61366
2023-07-10 15:07:43,74,78,22710,61366
2023-07-10 15:07:55,74,80,22725,61381
2023-07-10 15:08:05,75,80,22725,61381
2023-07-10 15:08:13,76,80,22725,61381
2023-07-10 15:08:13,76,82,22740,61396
2023-07-10 15:08:13,76,81,22740,61396
2023-07-10 15:08:14,77,81,22740,61396
2023-07-10 15:08:15,77,82,22740,61396
2023-07-10 15:08:16,76,82,22740,61396
2023-07-10 15:08:17,77,82,22740,61396
2023-07-10 15:08:18,76,82,22740,61396
2023-07-10 15:08:35,76,81,22740,61396
2023-07-10 15:08:36,76,82,22740,61396
2023-07-10 15:08:40,77,82,22740,61396
2023-07-10 15:08:46,76,82,22740,61396
2023-07-10 15:08:47,77,82,22740,61396
2023-07-10 15:08:53,77,81,22740,61396
2023-07-10 15:09:00,77,82,22740,61396
2023-07-10 15:09:00,77,79,22740,61396
2023-07-10 15:09:13,76,79,22740,61396
2023-07-10 15:09:13,74,79,22740,61396
2023-07-10 15:09:15,74,78,22740,61396
2023-07-10 15:09:16,74,79,22740,61396
2023-07-10 15:09:30,74,77,22740,61396
2023-07-10 15:09:44,74,75,22740,61396
2023-07-10 15:09:53,74,79,22740,61396
2023-07-10 15:09:57,74,82,22740,61396
2023-07-10 15:09:57,74,81,22740,61396
2023-07-10 15:09:59,75,81,22740,61396
2023-07-10 15:10:05,74,81,22740,61396
2023-07-10 15:10:18,74,82,22740,61396
2023-07-10 15:10:18,74,79,22740,61396
2023-07-10 15:10:26,74,77,22740,61396
2023-07-10 15:10:33,74,79,22740,61396
2023-07-10 15:10:36,74,79,22740,61406
2023-07-10 15:10:37,74,78,22740,61406
2023-07-10 15:10:37,74,79,22740,61416
2023-07-10 15:10:38,74,78,22740,61416
2023-07-10 15:10:38,74,79,22740,61426
2023-07-10 15:10:39,74,78,22740,61426
2023-07-10 15:10:39,74,79,22740,61436
2023-07-10 15:10:57,74,77,22740,61436
2023-07-10 15:11:19,74,79,22740,61436
2023-07-10 15:11:26,74,81,22740,61436
2023-07-10 15:11:26,74,80,22740,61436
2023-07-10 15:11:26,74,81,22740,61436
2023-07-10 15:11:35,74,80,22740,61436
2023-07-10 15:11:36,74,81,22740,61436
2023-07-10 15:11:37,74,79,22740,61436
2023-07-10 15:11:50,74,81,22740,61436
2023-07-10 15:11:55,74,79,22740,61436
2023-07-10 15:12:13,74,79,22740,61436
2023-07-10 15:12:13,74,77,22740,61436
2023-07-10 15:12:14,74,79,22740,61436
2023-07-10 15:12:16,73,79,22740,61436
2023-07-10 15:12:18,74,79,22740,61436
2023-07-10 15:12:23,74,81,22740,61436
2023-07-10 15:12:27,73,81,22740,61436
2023-07-10 15:12:27,75,81,22740,61436
2023-07-10 15:12:29,75,79,22740,61436
2023-07-10 15:12:30,73,79,22740,61436
2023-07-10 15:12:30,74,79,22740,61436
2023-07-10 15:12:34,73,79,22740,61436
2023-07-10 15:12:34,74,79,22740,61436
2023-07-10 15:12:43,74,81,22740,61436
2023-07-10 15:12:45,75,81,22740,61436
2023-07-10 15:12:52,76,81,22740,61436
2023-07-10 15:12:56,75,81,22740,61436
2023-07-10 15:13:02,75,79,22740,61436
2023-07-10 15:13:13,75,81,22740,61436
2023-07-10 15:13:13,75,82,22755,61451
2023-07-10 15:13:19,76,82,22755,61451
2023-07-10 15:13:44,75,82,22755,61451
2023-07-10 15:13:44,76,82,22755,61451
2023-07-10 15:14:02,77,82,22755,61451
2023-07-10 15:14:02,77,84,22770,61466
2023-07-10 15:14:12,78,84,22770,61466
2023-07-10 15:14:13,79,84,22770,61466
2023-07-10 15:14:23,78,84,22770,61466
2023-07-10 15:14:23,77,84,22770,61466
2023-07-10 15:14:23,78,84,22770,61466
2023-07-10 15:14:32,77,84,22770,61466
2023-07-10 15:14:40,77,82,22770,61466
2023-07-10 15:15:06,77,84,22770,61466
2023-07-10 15:15:11,78,84,22770,61466
2023-07-10 15:15:35,80,84,22770,61466
2023-07-10 15:15:35,80,85,22785,61481
2023-07-10 15:15:37,81,85,22785,61481
2023-07-10 15:15:38,81,88,22800,61496
2023-07-10 15:15:38,81,87,22800,61496
2023-07-10 15:15:40,80,87,22800,61496
2023-07-10 15:15:40,80,86,22800,61496
2023-07-10 15:15:44,80,88,22800,61496
2023-07-10 15:15:44,80,84,22800,61496
2023-07-10 15:15:48,79,84,22800,61496
2023-07-10 15:16:06,79,86,22800,61696
2023-07-10 15:16:07,80,86,22800,61696
2023-07-10 15:16:14,79,86,22800,61696
2023-07-10 15:16:24,79,84,22800,61696
2023-07-10 15:16:37,79,86,22800,61696
2023-07-10 15:16:51,81,86,22800,61696
2023-07-10 15:17:11,82,86,22800,61696
2023-07-10 15:17:22,81,86,22800,61696
2023-07-10 15:17:26,82,86,22800,61696
2023-07-10 15:17:32,84,86,22800,61696
2023-07-10 15:17:35,82,86,22800,61696
2023-07-10 15:19:01,82,85,22800,61696
2023-07-10 15:19:10,82,86,22800,61696
2023-07-10 15:19:21,81,86,22800,61696
2023-07-10 15:19:26,82,86,22800,61696
2023-07-10 15:19:30,81,86,22800,61696
2023-07-10 15:19:33,82,86,22800,61696
2023-07-10 15:19:34,81,86,22800,61696
2023-07-10 15:20:01,82,86,22800,61696
2023-07-10 15:20:05,81,86,22800,61696
2023-07-10 15:20:05,84,86,22800,61696
2023-07-10 15:20:20,85,86,22800,61696
2023-07-10 15:20:29,84,86,22800,61696
2023-07-10 15:20:30,85,86,22800,61696
2023-07-10 15:20:37,84,86,22800,61696
2023-07-10 15:20:39,85,86,22800,61696
2023-07-10 15:20:40,85,88,22830,61726
2023-07-10 15:20:47,86,88,22830,61726
2023-07-10 15:20:49,85,88,22830,61726
2023-07-10 15:20:58,87,88,22830,61726
2023-07-10 15:21:00,87,89,22845,61741
2023-07-10 15:21:03,88,89,22845,61741
2023-07-10 15:21:05,87,89,22845,61741
2023-07-10 15:21:14,88,89,22845,61741
2023-07-10 15:21:17,89,91,22860,61756
2023-07-10 15:21:20,88,91,22860,61756
2023-07-10 15:21:22,87,91,22860,61756
2023-07-10 15:21:29,85,91,22860,61756
2023-07-10 15:21:44,85,90,22860,61756
2023-07-10 15:21:57,85,91,22860,61756
2023-07-10 15:21:57,85,88,22860,61756
2023-07-10 15:22:05,85,86,22860,61756
2023-07-10 15:22:05,84,86,22860,61771
2023-07-10 15:22:05,84,85,22860,61771
2023-07-10 15:22:12,84,88,22875,61786
2023-07-10 15:22:12,80,88,22875,61786
2023-07-10 15:22:19,80,86,22875,61786
2023-07-10 15:22:33,80,88,22875,61786
2023-07-10 15:22:38,81,88,22875,61786
2023-07-10 15:22:43,81,90,22875,61786
2023-07-10 15:22:43,83,90,22875,61786
2023-07-10 15:22:43,83,89,22875,61786
2023-07-10 15:23:00,81,89,22875,61786
2023-07-10 15:23:02,81,90,22875,61786
2023-07-10 15:23:06,82,90,22875,61786
2023-07-10 15:23:09,81,90,22875,61786
2023-07-10 15:23:10,81,89,22875,61786
2023-07-10 15:23:11,81,90,22875,61786
2023-07-10 15:23:17,81,89,22875,61786
2023-07-10 15:23:22,81,90,22875,61786
2023-07-10 15:23:23,81,89,22875,61786
2023-07-10 15:23:29,81,90,22875,61786
2023-07-10 15:23:29,81,87,22875,61786
2023-07-10 15:23:33,81,85,22875,61786
2023-07-10 15:23:45,81,83,22875,61786
2023-07-10 15:23:51,80,83,22875,61786
2023-07-10 15:23:51,77,83,22875,61786
2023-07-10 15:23:56,77,85,22875,61786
2023-07-10 15:23:56,77,81,22875,61786
2023-07-10 15:23:59,77,85,22875,61786
2023-07-10 15:23:59,77,79,22875,61786
2023-07-10 15:24:00,77,83,22875,61786
2023-07-10 15:24:00,77,82,22875,61786
2023-07-10 15:24:00,73,77,22840,61821
2023-07-10 15:24:01,73,83,22840,61821
2023-07-10 15:24:01,73,79,22840,61821
2023-07-10 15:24:05,73,83,22840,61821
2023-07-10 15:24:05,73,77,22840,61821
2023-07-10 15:24:06,71,77,22840,61821
2023-07-10 15:24:11,71,81,22840,61821
2023-07-10 15:24:11,71,80,22840,61821
2023-07-10 15:24:12,73,80,22840,61821
2023-07-10 15:24:23,73,83,22840,61821
2023-07-10 15:24:23,73,82,22840,61821
2023-07-10 15:24:26,76,82,22840,61821
2023-07-10 15:24:26,76,83,22840,61821
2023-07-10 15:24:28,76,85,22840,61821
2023-07-10 15:24:32,73,85,22840,61821
2023-07-10 15:24:32,74,85,22840,61821
2023-07-10 15:24:37,73,85,22840,61821
2023-07-10 15:24:37,73,89,22840,61821
2023-07-10 15:24:37,73,92,22840,61821
2023-07-10 15:24:37,73,87,22840,61821
2023-07-10 15:24:51,74,83,22840,61821
2023-07-10 15:25:10,74,87,22840,61821
2023-07-10 15:25:10,73,81,22840,61876
2023-07-10 15:25:18,72,81,22840,61876
2023-07-10 15:25:20,73,81,22840,61876
2023-07-10 15:25:20,73,84,22840,61876
2023-07-10 15:25:21,73,87,22840,61876
2023-07-10 15:25:21,76,87,22840,61876
2023-07-10 15:25:25,76,90,22840,61876
2023-07-10 15:25:25,76,85,22840,61876
2023-07-10 15:25:37,72,85,22840,61876
2023-07-10 15:25:37,73,85,22840,61876
2023-07-10 15:25:38,73,88,22840,61876
2023-07-10 15:25:38,73,83,22840,61876
2023-07-10 15:25:45,75,83,22840,61876
2023-07-10 15:25:45,75,85,22840,61876
2023-07-10 15:25:49,75,88,22840,61876
2023-07-10 15:25:49,77,88,22840,61876
2023-07-10 15:25:53,77,90,22840,61876
2023-07-10 15:25:53,77,86,22840,61876
2023-07-10 15:25:54,73,86,22840,61876
2023-07-10 15:25:54,75,86,22840,61876
2023-07-10 15:25:55,73,86,22840,61876
2023-07-10 15:25:55,73,89,22840,61876
2023-07-10 15:25:55,73,84,22840,61876
2023-07-10 15:26:14,73,87,22840,61876
2023-07-10 15:26:14,73,82,22840,61876
2023-07-10 15:26:23,73,90,22840,61876
2023-07-10 15:26:23,73,89,22840,61876
2023-07-10 15:26:23,74,89,22840,61876
2023-07-10 15:26:39,74,87,22840,61876
2023-07-10 15:26:39,74,82,22840,61876
2023-07-10 15:26:48,73,82,22840,61876
2023-07-10 15:27:01,73,90,22840,61876
2023-07-10 15:27:01,73,89,22840,61876
2023-07-10 15:27:01,73,84,22840,61876
2023-07-10 15:27:01,74,84,22840,61876
2023-07-10 15:27:04,76,84,22840,61876
2023-07-10 15:27:10,76,89,22840,61876
2023-07-10 15:27:10,76,84,22840,61876
2023-07-10 15:27:15,76,89,22840,61876
2023-07-10 15:27:15,76,82,22840,61876
2023-07-10 15:27:24,76,87,22840,61876
2023-07-10 15:27:24,76,80,22840,61876
2023-07-10 15:27:27,73,80,22840,61876
2023-07-10 15:27:27,69,80,22840,61876
2023-07-10 15:27:28,70,80,22840,61876
2023-07-10 15:27:28,70,87,22840,61876
2023-07-10 15:27:28,70,82,22840,61876
2023-07-10 15:27:32,70,87,22840,61876
2023-07-10 15:27:32,70,85,22840,61876
2023-07-10 15:27:32,70,80,22840,61876
2023-07-10 15:27:48,70,85,22840,61876
