datetime,bid,ask,open_interest,volume
2023-07-31 09:30:01,25,49,1180,1465
2023-07-31 09:30:02,25,50,1180,1465
2023-07-31 09:30:04,25,49,1180,1465
2023-07-31 09:30:09,25,50,1180,1465
2023-07-31 09:30:31,28,50,1180,1465
2023-07-31 09:30:36,28,37,1180,1465
2023-07-31 09:31:00,29,37,1180,1465
2023-07-31 09:31:00,29,32,1180,1465
2023-07-31 09:31:07,29,32,1180,1465
2023-07-31 09:31:31,30,32,1180,1465
2023-07-31 09:31:52,30,31,1180,1465
2023-07-31 09:31:52,29,31,1180,1465
2023-07-31 09:31:54,29,32,1180,1465
2023-07-31 09:31:59,29,31,1180,1465
2023-07-31 09:32:19,30,31,1180,1465
2023-07-31 09:33:01,29,30,1330,1615
2023-07-31 09:33:02,29,31,1330,1615
2023-07-31 09:33:02,29,30,1330,1615
2023-07-31 09:33:16,29,31,1330,1615
2023-07-31 09:33:47,29,32,1330,1615
2023-07-31 09:33:48,29,31,1330,1615
2023-07-31 09:33:50,30,31,1330,1615
2023-07-31 09:33:50,30,32,1330,1615
2023-07-31 09:34:21,30,33,1330,1615
2023-07-31 09:34:22,30,32,1330,1615
2023-07-31 09:34:34,30,33,1330,1615
2023-07-31 09:34:34,30,32,1330,1615
2023-07-31 09:34:42,30,33,1330,1615
2023-07-31 09:34:43,30,32,1330,1615
2023-07-31 09:38:31,29,32,1330,1615
2023-07-31 09:38:31,30,32,1330,1615
2023-07-31 09:40:03,31,32,1330,1615
2023-07-31 09:40:03,31,33,1330,1615
2023-07-31 09:40:10,31,32,1330,1615
2023-07-31 09:40:13,30,32,1330,1615
2023-07-31 09:41:19,30,33,1330,1615
2023-07-31 09:41:35,31,33,1330,1615
2023-07-31 09:42:20,31,32,1330,1615
2023-07-31 09:42:31,30,32,1330,1615
2023-07-31 09:42:31,30,33,1330,1615
2023-07-31 09:42:32,30,32,1330,1615
2023-07-31 09:42:34,31,32,1330,1615
2023-07-31 09:42:46,30,32,1330,1615
2023-07-31 09:44:57,31,32,1330,1615
2023-07-31 09:45:01,30,32,1330,1615
2023-07-31 09:45:03,31,32,1330,1615
2023-07-31 09:45:04,30,32,1330,1615
2023-07-31 09:45:26,31,32,1330,1615
2023-07-31 09:45:27,30,32,1330,1615
2023-07-31 09:46:01,30,31,1330,1615
2023-07-31 09:46:08,29,31,1330,1615
2023-07-31 09:46:20,30,31,1330,1615
2023-07-31 09:46:21,29,31,1330,1615
2023-07-31 09:46:22,30,31,1330,1615
2023-07-31 09:46:44,29,31,1330,1615
2023-07-31 09:46:54,30,31,1330,1615
2023-07-31 09:47:02,30,32,1330,1615
2023-07-31 09:47:21,31,32,1330,1615
2023-07-31 09:47:22,30,32,1330,1615
2023-07-31 09:47:24,31,32,1330,1615
2023-07-31 09:47:31,30,32,1330,1615
2023-07-31 09:47:35,31,32,1330,1615
2023-07-31 09:47:40,31,33,1330,1615
2023-07-31 09:48:23,32,33,1330,1615
2023-07-31 09:48:50,32,34,1330,1615
2023-07-31 09:49:09,32,34,1541,1948
2023-07-31 09:49:10,33,34,1541,1948
2023-07-31 09:49:36,33,35,1708,2115
2023-07-31 09:50:42,33,34,1708,2115
2023-07-31 09:51:43,33,35,1708,2115
2023-07-31 09:51:43,33,34,1708,2115
2023-07-31 09:52:44,33,35,1708,2115
2023-07-31 09:52:44,33,34,1708,2115
2023-07-31 09:52:54,33,35,1708,2115
2023-07-31 09:52:55,33,34,1708,2115
2023-07-31 09:53:12,33,35,1708,2115
2023-07-31 09:53:13,34,35,1708,2115
2023-07-31 09:54:16,34,35,2041,2448
2023-07-31 09:54:23,34,36,2041,2448
2023-07-31 09:54:24,34,35,2041,2448
2023-07-31 09:54:28,34,36,2041,2448
2023-07-31 09:55:07,34,35,2041,2448
2023-07-31 09:55:15,34,36,2041,2448
2023-07-31 09:55:16,34,35,2041,2448
2023-07-31 09:55:18,34,36,2041,2448
2023-07-31 09:55:18,34,35,2041,2448
2023-07-31 09:55:51,34,36,2041,2448
2023-07-31 09:55:53,34,35,2041,2448
2023-07-31 09:55:56,34,35,2041,2598
2023-07-31 09:56:09,34,35,2041,2648
2023-07-31 09:56:15,33,34,2041,2698
2023-07-31 09:56:26,33,35,2041,2698
2023-07-31 09:56:27,34,35,2041,2698
2023-07-31 09:57:52,34,35,2041,2758
2023-07-31 09:57:54,34,35,2041,2878
2023-07-31 10:05:04,34,36,2041,2878
2023-07-31 10:05:32,34,36,2041,3378
2023-07-31 10:06:08,35,36,2041,3378
2023-07-31 10:08:13,35,36,2041,3578
2023-07-31 10:09:04,35,36,2041,3778
2023-07-31 10:10:26,35,36,2041,3978
2023-07-31 10:10:35,35,37,2041,3978
2023-07-31 10:12:12,36,37,2041,3978
2023-07-31 10:17:23,36,37,2041,4178
2023-07-31 10:17:35,36,37,2291,4428
2023-07-31 10:17:35,36,37,2541,4678
2023-07-31 10:17:37,36,37,2791,4928
2023-07-31 10:17:38,36,37,3041,5178
2023-07-31 10:17:39,36,38,3241,5378
2023-07-31 10:19:45,37,38,3241,5378
2023-07-31 10:26:37,37,39,3241,5378
2023-07-31 10:26:37,37,38,3241,5378
2023-07-31 10:27:23,37,39,3241,5378
2023-07-31 10:28:55,38,39,3241,5378
2023-07-31 10:30:49,38,39,3491,5628
2023-07-31 10:30:56,38,40,3591,5728
2023-07-31 10:31:13,38,39,3591,5728
2023-07-31 10:31:15,38,40,3591,5728
2023-07-31 10:31:16,38,39,3591,5728
2023-07-31 10:31:18,38,40,3591,5728
2023-07-31 10:31:19,38,39,3591,5728
2023-07-31 10:31:20,38,40,3641,5778
2023-07-31 10:32:44,39,40,3641,5778
2023-07-31 10:34:00,38,40,3641,5778
2023-07-31 10:38:43,39,40,3641,5778
2023-07-31 10:40:18,40,41,3641,5978
2023-07-31 10:45:47,40,41,3974,6311
2023-07-31 10:45:56,40,42,3974,6311
2023-07-31 10:45:56,40,41,3974,6311
2023-07-31 10:46:28,40,42,3974,6311
2023-07-31 10:46:33,40,41,3974,6311
2023-07-31 10:47:34,40,42,3974,6311
2023-07-31 10:47:34,40,41,3974,6311
2023-07-31 10:48:04,40,42,3974,6311
2023-07-31 10:48:05,40,41,3974,6311
2023-07-31 10:48:41,40,42,3974,6311
2023-07-31 10:50:02,41,42,3974,6311
2023-07-31 10:50:34,41,43,3974,6311
2023-07-31 10:52:59,42,43,3974,6311
2023-07-31 10:57:13,42,44,3974,6311
2023-07-31 10:57:13,42,43,3974,6311
2023-07-31 10:58:14,42,44,3974,6311
2023-07-31 10:59:26,43,44,3974,6311
2023-07-31 11:01:11,43,44,3974,6336
2023-07-31 11:04:12,42,44,3974,6336
2023-07-31 11:04:35,43,44,3974,6336
2023-07-31 11:05:19,43,45,3974,6336
2023-07-31 11:05:19,43,44,3974,6336
2023-07-31 11:05:29,43,45,3974,6336
2023-07-31 11:05:29,43,44,3974,6336
2023-07-31 11:06:00,43,45,3974,6336
2023-07-31 11:06:00,43,44,3974,6336
2023-07-31 11:06:18,43,45,3974,6336
2023-07-31 11:06:18,43,44,3974,6336
2023-07-31 11:07:19,43,45,3974,6336
2023-07-31 11:07:19,43,44,3974,6336
2023-07-31 11:07:39,43,45,3974,6336
2023-07-31 11:07:39,43,44,3974,6336
2023-07-31 11:08:00,43,45,3974,6336
2023-07-31 11:08:01,43,44,3974,6336
2023-07-31 11:08:15,43,45,3974,6336
2023-07-31 11:08:15,43,44,3974,6336
2023-07-31 11:09:16,43,45,3974,6336
2023-07-31 11:09:16,43,44,3974,6336
2023-07-31 11:09:56,44,45,3974,6386
2023-07-31 11:09:56,43,44,3974,6536
2023-07-31 11:10:06,44,45,3974,6636
2023-07-31 11:10:07,43,45,3974,6636
2023-07-31 11:10:09,44,45,3974,6636
2023-07-31 11:10:09,44,46,3974,6636
2023-07-31 11:10:09,44,46,3974,6861
2023-07-31 11:10:54,43,46,3974,6861
2023-07-31 11:11:18,44,46,3974,6861
2023-07-31 11:11:29,45,46,3974,6861
2023-07-31 11:20:25,46,47,3974,7061
2023-07-31 11:22:03,46,47,4174,7261
2023-07-31 11:24:43,46,48,4349,7436
2023-07-31 11:25:19,46,47,4349,7436
2023-07-31 11:25:21,46,48,4349,7436
2023-07-31 11:25:22,46,47,4349,7436
2023-07-31 11:26:06,46,48,4349,7436
2023-07-31 11:26:06,46,47,4349,7436
2023-07-31 11:26:15,46,48,4349,7436
2023-07-31 11:30:45,47,48,4349,7436
2023-07-31 11:32:01,46,48,4349,7436
2023-07-31 11:32:01,46,47,4349,7436
2023-07-31 11:32:27,46,47,4349,7586
2023-07-31 11:35:53,46,48,4349,7986
2023-07-31 11:37:20,46,48,4682,8319
2023-07-31 11:37:21,47,48,4682,8319
2023-07-31 11:40:06,47,48,4682,8369
2023-07-31 11:40:07,47,48,4682,8419
2023-07-31 11:40:08,47,48,4682,8469
2023-07-31 11:40:23,47,48,5237,9024
2023-07-31 11:40:40,47,48,5237,9224
2023-07-31 11:41:01,47,48,5792,9779
2023-07-31 11:41:13,47,48,5792,9929
2023-07-31 11:41:36,47,48,5792,10129
2023-07-31 11:41:40,47,49,5982,10319
2023-07-31 11:42:52,48,49,5982,10319
2023-07-31 11:44:01,48,49,6028,10365
2023-07-31 11:46:40,48,50,6028,10519
2023-07-31 11:48:32,49,50,6028,10519
2023-07-31 11:50:20,50,51,6028,10535
2023-07-31 11:51:19,50,51,6583,11090
2023-07-31 11:51:22,50,52,6583,11090
2023-07-31 11:51:22,50,51,6583,11090
2023-07-31 11:51:24,50,52,6583,11090
2023-07-31 11:51:24,50,51,6583,11090
2023-07-31 11:51:38,50,52,6583,11090
2023-07-31 11:51:38,50,51,6583,11090
2023-07-31 11:52:11,50,52,6583,11090
2023-07-31 11:52:11,50,51,6583,11090
2023-07-31 11:52:29,50,52,6583,11090
2023-07-31 11:52:29,50,51,6583,11090
2023-07-31 11:52:48,50,52,6583,11090
2023-07-31 11:52:49,50,51,6583,11090
2023-07-31 11:52:49,50,52,6583,11090
2023-07-31 11:52:49,50,51,6583,11090
2023-07-31 11:52:49,50,52,6583,11090
2023-07-31 11:53:04,50,51,6583,11240
2023-07-31 11:53:05,49,51,6583,11240
2023-07-31 11:53:15,49,50,6583,11240
2023-07-31 11:53:17,49,51,6583,11240
2023-07-31 11:53:18,49,50,6583,11240
2023-07-31 11:54:18,49,51,6583,11240
2023-07-31 11:55:16,50,51,6583,11240
2023-07-31 11:56:07,50,52,6583,11440
2023-07-31 12:00:30,51,52,6583,11440
2023-07-31 12:03:18,51,52,6583,11640
2023-07-31 12:03:53,51,52,7138,12195
2023-07-31 12:05:02,51,52,7138,12395
2023-07-31 12:06:26,51,52,7138,12645
2023-07-31 12:07:08,51,52,7138,12845
2023-07-31 12:08:08,51,52,7138,13045
2023-07-31 12:10:11,51,52,7138,13245
2023-07-31 12:11:13,52,53,7138,13440
2023-07-31 12:11:14,51,53,7138,13440
2023-07-31 12:11:36,52,53,7138,13440
2023-07-31 12:13:17,52,54,7296,13598
2023-07-31 12:15:17,51,54,7296,13598
2023-07-31 12:15:19,51,53,7296,13598
2023-07-31 12:15:25,51,54,7296,13598
2023-07-31 12:15:25,51,53,7296,13598
2023-07-31 12:15:28,51,54,7296,13598
2023-07-31 12:15:28,51,53,7296,13598
2023-07-31 12:16:21,51,54,7296,13598
2023-07-31 12:17:21,53,54,7296,13598
2023-07-31 12:20:19,53,54,7296,13848
2023-07-31 12:26:22,53,55,7296,13848
2023-07-31 12:29:17,53,55,7400,14048
2023-07-31 12:30:48,54,55,7400,14048
2023-07-31 12:32:06,54,55,7650,14298
2023-07-31 12:32:43,54,55,7983,14631
2023-07-31 12:32:47,54,55,7983,14831
2023-07-31 12:33:01,54,55,7983,15031
2023-07-31 12:33:07,54,55,8538,15586
2023-07-31 12:34:41,54,55,8700,15986
2023-07-31 12:35:29,55,56,8762,16048
2023-07-31 12:35:30,54,56,8762,16048
2023-07-31 12:37:07,55,56,8762,16048
2023-07-31 12:38:11,55,56,9433,16927
2023-07-31 12:38:54,55,56,9988,17482
2023-07-31 12:48:15,54,56,9988,17482
2023-07-31 12:48:45,55,56,9988,17482
2023-07-31 12:53:31,55,56,10063,17557
2023-07-31 12:53:32,54,56,10063,17557
2023-07-31 12:54:26,55,56,10063,17557
2023-07-31 12:55:14,54,56,10063,17557
2023-07-31 12:55:38,54,55,10063,17557
2023-07-31 12:55:43,54,56,10063,17557
2023-07-31 12:57:31,53,56,10063,17557
2023-07-31 12:58:04,53,55,10063,17557
2023-07-31 12:58:42,53,56,10063,17557
2023-07-31 12:59:22,53,55,10063,17557
2023-07-31 13:01:30,53,54,10063,17557
2023-07-31 13:01:38,52,54,10113,17607
2023-07-31 13:01:44,51,54,10113,17607
2023-07-31 13:01:44,51,53,10113,17607
2023-07-31 13:01:44,51,54,10113,17607
2023-07-31 13:01:44,51,53,10113,17607
2023-07-31 13:02:11,50,53,10113,17607
2023-07-31 13:02:12,50,52,10113,17607
2023-07-31 13:02:16,50,51,10113,17607
2023-07-31 13:02:16,49,51,10113,17607
2023-07-31 13:02:29,49,50,10113,17607
2023-07-31 13:02:29,48,50,10113,17607
2023-07-31 13:02:29,49,50,10113,17607
2023-07-31 13:02:30,48,50,10113,17607
2023-07-31 13:02:35,48,51,10113,17607
2023-07-31 13:02:35,49,51,10113,17607
2023-07-31 13:02:52,49,51,10213,17707
2023-07-31 13:03:12,50,51,10213,17707
2023-07-31 13:03:27,49,51,10213,17707
2023-07-31 13:03:43,50,51,10213,17707
2023-07-31 13:03:48,50,53,10213,17707
2023-07-31 13:03:48,50,52,10213,17707
2023-07-31 13:04:39,50,53,10213,17707
2023-07-31 13:04:39,50,51,10213,17707
2023-07-31 13:05:02,50,53,10213,17807
2023-07-31 13:05:31,50,52,10213,17807
2023-07-31 13:05:39,50,53,10213,17807
2023-07-31 13:06:07,51,53,10213,17807
2023-07-31 13:06:25,51,54,10213,17807
2023-07-31 13:06:25,51,53,10213,17807
2023-07-31 13:06:25,51,54,10213,17807
2023-07-31 13:06:26,52,54,10213,17807
2023-07-31 13:07:12,52,55,10213,17807
2023-07-31 13:07:22,53,55,10213,17807
2023-07-31 13:07:57,53,56,10213,17807
2023-07-31 13:07:58,54,56,10213,17807
2023-07-31 13:08:22,55,56,10213,17807
2023-07-31 13:08:47,55,56,10546,18140
2023-07-31 13:09:10,55,56,10879,18473
2023-07-31 13:09:53,55,57,10987,18581
2023-07-31 13:10:20,56,57,10987,18581
2023-07-31 13:10:46,56,58,10987,18581
2023-07-31 13:12:16,57,58,10987,18581
2023-07-31 13:15:01,56,58,10987,18581
2023-07-31 13:16:23,55,58,10987,18581
2023-07-31 13:16:30,56,58,10987,18581
2023-07-31 13:17:32,55,58,10987,18581
2023-07-31 13:17:55,55,57,10987,18581
2023-07-31 13:18:01,54,57,10987,18581
2023-07-31 13:18:02,54,56,10987,18581
2023-07-31 13:18:07,54,55,10987,18581
2023-07-31 13:18:07,53,55,10987,18581
2023-07-31 13:18:10,53,56,10987,18581
2023-07-31 13:18:30,53,55,10987,18581
2023-07-31 13:18:31,53,56,10987,18581
2023-07-31 13:18:40,53,55,10987,18581
2023-07-31 13:18:49,54,55,10987,18581
2023-07-31 13:18:49,54,56,10987,18581
2023-07-31 13:18:56,54,55,10987,18581
2023-07-31 13:18:57,53,55,10987,18581
2023-07-31 13:19:11,53,56,10987,18581
2023-07-31 13:19:12,53,55,10987,18581
2023-07-31 13:19:19,53,56,10987,18581
2023-07-31 13:19:19,53,55,10987,18581
2023-07-31 13:19:24,53,56,10987,18581
2023-07-31 13:19:24,53,55,10987,18581
2023-07-31 13:19:27,53,56,10987,18581
2023-07-31 13:19:29,53,55,10987,18581
2023-07-31 13:19:30,52,55,10987,18581
2023-07-31 13:19:32,52,54,10987,18581
2023-07-31 13:20:39,53,54,10987,18581
2023-07-31 13:20:40,53,55,10987,18581
2023-07-31 13:20:45,53,56,10987,18581
2023-07-31 13:21:12,54,56,10987,18581
2023-07-31 13:22:21,54,57,10987,18581
2023-07-31 13:22:21,55,57,10987,18581
2023-07-31 13:23:04,54,57,10987,18581
2023-07-31 13:24:03,55,57,10987,18581
2023-07-31 13:24:13,55,58,10987,18581
2023-07-31 13:25:23,55,57,10987,18581
2023-07-31 13:25:43,54,57,10987,18581
2023-07-31 13:26:53,55,57,10987,18581
2023-07-31 13:26:58,55,58,10987,18581
2023-07-31 13:27:51,56,58,10987,18581
2023-07-31 13:28:25,57,58,10987,18581
2023-07-31 13:28:28,57,59,10987,18581
2023-07-31 13:28:34,57,59,11229,18914
2023-07-31 13:28:35,58,59,11229,18914
2023-07-31 13:29:02,58,60,11546,19231
2023-07-31 13:29:10,58,60,11546,19234
2023-07-31 13:29:36,58,59,11546,19234
2023-07-31 13:30:23,56,59,11546,19234
2023-07-31 13:30:23,57,59,11546,19234
2023-07-31 13:30:25,58,59,11546,19234
2023-07-31 13:30:51,58,60,11546,19234
2023-07-31 13:31:17,57,60,11546,19234
2023-07-31 13:31:17,59,60,11546,19234
2023-07-31 13:31:37,59,61,11746,19434
2023-07-31 13:32:11,60,61,11746,19434
2023-07-31 13:32:43,60,61,11746,19631
2023-07-31 13:32:43,59,61,11746,19725
2023-07-31 13:33:50,59,62,12146,20125
2023-07-31 13:33:51,60,62,12146,20125
2023-07-31 13:35:09,61,62,12146,20125
2023-07-31 13:36:28,61,63,12146,20125
2023-07-31 13:36:50,61,63,12224,20203
2023-07-31 13:37:31,62,63,12224,20203
2023-07-31 13:38:11,62,64,12224,20203
2023-07-31 13:38:58,63,64,12224,20203
2023-07-31 13:39:55,63,65,12224,20203
2023-07-31 13:40:12,63,64,12224,20203
2023-07-31 13:40:12,63,65,12224,20203
2023-07-31 13:40:18,63,64,12224,20203
2023-07-31 13:40:18,63,65,12224,20203
2023-07-31 13:40:25,63,64,12224,20203
2023-07-31 13:40:25,63,65,12224,20203
2023-07-31 13:40:30,64,65,12224,20203
2023-07-31 13:40:30,64,65,12224,20303
2023-07-31 13:40:30,63,65,12224,20403
2023-07-31 13:40:52,64,65,12224,20403
2023-07-31 13:42:02,64,65,12239,20418
2023-07-31 13:44:34,64,66,12239,20418
2023-07-31 13:45:16,64,66,12613,20792
2023-07-31 13:45:17,65,66,12613,20792
2023-07-31 13:47:08,65,66,12613,20811
2023-07-31 13:47:08,65,66,12613,20892
2023-07-31 13:47:08,65,66,12613,20920
2023-07-31 13:50:03,65,66,12628,20935
2023-07-31 13:50:45,64,66,12628,20935
2023-07-31 13:50:54,65,66,12628,20935
2023-07-31 13:57:16,65,67,12628,20935
2023-07-31 13:58:04,66,67,12628,20935
2023-07-31 14:00:00,66,68,12628,20935
2023-07-31 14:00:05,67,68,12628,20935
2023-07-31 14:01:30,67,69,12628,20935
2023-07-31 14:01:30,68,69,12628,20935
2023-07-31 14:04:47,68,70,12628,20935
2023-07-31 14:05:30,69,70,12628,20935
2023-07-31 14:07:29,68,70,12628,20935
2023-07-31 14:07:29,67,70,12628,20935
2023-07-31 14:07:30,68,70,12628,20935
2023-07-31 14:07:58,69,70,12628,20935
2023-07-31 14:10:03,69,70,12628,21027
2023-07-31 14:11:23,68,70,12628,21027
2023-07-31 14:11:32,69,70,12628,21027
2023-07-31 14:12:08,69,71,12628,21027
2023-07-31 14:12:08,70,71,12628,21027
2023-07-31 14:16:51,70,71,12628,21227
2023-07-31 14:18:35,70,71,12628,21427
2023-07-31 14:18:42,70,71,12628,21627
2023-07-31 14:18:52,70,72,12628,21627
2023-07-31 14:19:48,71,72,12628,21627
2023-07-31 14:20:01,70,72,12628,21627
2023-07-31 14:20:12,70,71,12628,21627
2023-07-31 14:20:26,70,72,12628,21627
2023-07-31 14:20:53,71,72,12628,21627
2023-07-31 14:21:14,70,72,12628,21627
2023-07-31 14:21:43,71,72,12628,21627
2023-07-31 14:22:02,70,72,12628,21627
2023-07-31 14:22:02,69,72,12628,21627
2023-07-31 14:22:02,70,72,12628,21627
2023-07-31 14:22:12,69,72,12628,21627
2023-07-31 14:22:12,68,72,12628,21627
2023-07-31 14:22:12,69,72,12628,21627
2023-07-31 14:22:16,69,71,12628,21627
2023-07-31 14:22:26,68,71,12628,21627
2023-07-31 14:22:26,67,71,12628,21627
2023-07-31 14:22:26,68,71,12628,21627
2023-07-31 14:22:27,68,70,12628,21627
2023-07-31 14:22:34,68,71,12628,21627
2023-07-31 14:22:35,69,71,12628,21627
2023-07-31 14:22:38,69,72,12628,21627
2023-07-31 14:22:38,70,72,12628,21627
2023-07-31 14:23:39,69,72,12628,21627
2023-07-31 14:23:39,71,72,12628,21627
2023-07-31 14:24:24,69,72,12628,21627
2023-07-31 14:24:24,68,72,12628,21627
2023-07-31 14:24:24,70,72,12628,21627
2023-07-31 14:24:32,70,71,12628,21627
2023-07-31 14:24:44,70,72,12628,21627
2023-07-31 14:24:47,68,72,12628,21627
2023-07-31 14:24:47,69,72,12628,21627
2023-07-31 14:24:47,71,72,12628,21627
2023-07-31 14:25:16,69,71,12628,21657
2023-07-31 14:25:16,68,71,12628,21657
2023-07-31 14:25:25,68,72,12628,21657
2023-07-31 14:25:25,68,71,12628,21657
2023-07-31 14:25:28,68,72,12628,21657
2023-07-31 14:25:29,69,72,12628,21657
2023-07-31 14:26:02,68,72,12628,21657
2023-07-31 14:26:07,68,71,12628,21657
2023-07-31 14:26:08,67,71,12628,21657
2023-07-31 14:26:12,66,71,12628,21657
2023-07-31 14:26:12,66,70,12628,21657
2023-07-31 14:26:12,66,69,12628,21657
2023-07-31 14:26:15,66,70,12628,21657
2023-07-31 14:26:15,66,69,12628,21657
2023-07-31 14:26:26,66,70,12628,21657
2023-07-31 14:26:27,66,69,12628,21657
2023-07-31 14:26:31,66,70,12628,21657
2023-07-31 14:26:32,67,70,12628,21657
2023-07-31 14:26:37,67,71,12628,21657
2023-07-31 14:26:41,67,70,12628,21657
2023-07-31 14:26:53,67,71,12628,21657
2023-07-31 14:26:56,68,71,12628,21657
2023-07-31 14:26:58,68,72,12628,21657
2023-07-31 14:26:59,69,72,12628,21657
2023-07-31 14:27:58,70,72,12628,21657
2023-07-31 14:28:15,71,72,12628,21657
2023-07-31 14:28:49,71,72,12878,21907
2023-07-31 14:29:27,70,72,12878,21907
2023-07-31 14:30:22,71,72,12878,21907
2023-07-31 14:30:53,70,72,12878,21907
2023-07-31 14:31:00,69,72,12878,21907
2023-07-31 14:31:09,68,72,12878,21907
2023-07-31 14:31:12,69,72,12878,21907
2023-07-31 14:31:14,68,72,12878,21907
2023-07-31 14:31:14,68,71,12878,21907
2023-07-31 14:31:18,69,71,12878,21907
2023-07-31 14:31:18,69,72,12878,21907
2023-07-31 14:32:03,68,72,12878,21907
2023-07-31 14:32:05,69,72,12878,21907
2023-07-31 14:32:08,68,72,12878,21907
2023-07-31 14:32:10,68,71,12878,21907
2023-07-31 14:32:19,68,72,12878,21907
2023-07-31 14:32:21,68,71,12878,21907
2023-07-31 14:32:28,68,72,12878,21907
2023-07-31 14:32:40,69,72,12878,21907
2023-07-31 14:32:51,70,72,12878,21907
2023-07-31 14:33:19,71,72,12878,21907
2023-07-31 14:33:53,71,72,12878,22107
2023-07-31 14:33:54,71,72,13028,22257
2023-07-31 14:33:56,71,72,13278,22507
2023-07-31 14:34:29,71,72,13378,22607
2023-07-31 14:35:06,71,72,13628,22857
2023-07-31 14:35:07,71,74,13828,23057
2023-07-31 14:35:10,72,74,13828,23057
2023-07-31 14:35:13,73,74,13828,23057
2023-07-31 14:35:19,71,74,13828,23057
2023-07-31 14:35:19,72,74,13828,23057
2023-07-31 14:35:46,71,74,13828,23057
2023-07-31 14:35:46,72,74,13828,23057
2023-07-31 14:36:00,73,74,13828,23057
2023-07-31 14:36:04,73,75,13828,23057
2023-07-31 14:36:08,72,75,13828,23057
2023-07-31 14:36:08,73,75,13828,23057
2023-07-31 14:36:14,74,75,13828,23057
2023-07-31 14:36:18,73,75,13828,23057
2023-07-31 14:36:18,74,75,13828,23057
2023-07-31 14:36:31,73,75,13828,23057
2023-07-31 14:36:48,72,75,13828,23057
2023-07-31 14:36:51,71,75,13828,23057
2023-07-31 14:36:56,72,75,13828,23057
2023-07-31 14:37:08,71,75,13828,23057
2023-07-31 14:37:28,71,74,13828,23057
2023-07-31 14:37:28,70,74,13828,23057
2023-07-31 14:37:29,70,73,13828,23057
2023-07-31 14:37:32,70,72,13828,23057
2023-07-31 14:37:32,69,72,13828,23057
2023-07-31 14:37:33,68,72,13828,23057
2023-07-31 14:37:44,68,71,13828,23057
2023-07-31 14:37:44,68,72,13828,23057
2023-07-31 14:37:58,68,71,13828,23057
2023-07-31 14:38:01,68,72,13828,23057
2023-07-31 14:38:23,68,71,13828,23057
2023-07-31 14:38:28,68,72,13828,23057
2023-07-31 14:38:41,69,72,13828,23057
2023-07-31 14:38:44,69,73,13828,23057
2023-07-31 14:38:45,70,73,13828,23057
2023-07-31 14:38:47,69,73,13828,23057
2023-07-31 14:38:52,70,73,13828,23057
2023-07-31 14:38:57,69,73,13828,23057
2023-07-31 14:39:04,69,72,13828,23057
2023-07-31 14:39:12,68,72,13828,23057
2023-07-31 14:39:20,69,72,13828,23057
2023-07-31 14:39:21,69,73,13828,23057
2023-07-31 14:39:43,70,73,13828,23057
2023-07-31 14:40:03,71,73,13828,23057
2023-07-31 14:40:05,70,73,13828,23057
2023-07-31 14:40:29,71,73,13828,23057
2023-07-31 14:40:32,70,73,13828,23057
2023-07-31 14:40:41,71,73,13828,23057
2023-07-31 14:40:48,70,73,13828,23057
2023-07-31 14:40:55,71,73,13828,23057
2023-07-31 14:41:09,72,73,13828,23057
2023-07-31 14:41:14,72,73,13701,23257
2023-07-31 14:41:15,72,75,13701,23357
2023-07-31 14:41:17,73,75,13701,23357
2023-07-31 14:41:47,72,75,13701,23357
2023-07-31 14:41:47,73,75,13701,23357
2023-07-31 14:42:03,72,75,13701,23357
2023-07-31 14:42:03,73,75,13701,23357
2023-07-31 14:42:39,72,75,13701,23357
2023-07-31 14:42:47,71,75,13701,23357
2023-07-31 14:42:48,71,74,13701,23357
2023-07-31 14:42:52,71,75,13701,23357
2023-07-31 14:42:57,72,75,13701,23357
2023-07-31 14:43:02,72,74,13701,23357
2023-07-31 14:43:03,70,74,13701,23357
2023-07-31 14:43:03,71,74,13701,23357
2023-07-31 14:43:36,71,75,13701,23357
2023-07-31 14:43:38,71,73,13701,23357
2023-07-31 14:44:07,72,73,13701,23357
2023-07-31 14:44:12,72,75,13701,23457
2023-07-31 14:44:13,73,75,13701,23457
2023-07-31 14:44:14,74,75,13701,23457
2023-07-31 14:44:24,72,75,13701,23457
2023-07-31 14:44:24,73,75,13701,23457
2023-07-31 14:44:43,73,76,13701,23457
2023-07-31 14:45:05,74,76,13701,23457
2023-07-31 14:45:30,74,77,13701,23457
2023-07-31 14:45:33,75,77,13701,23457
2023-07-31 14:45:58,74,77,13701,23457
2023-07-31 14:46:10,73,77,13701,23457
2023-07-31 14:46:45,74,77,13701,23457
2023-07-31 14:46:52,74,76,13701,23457
2023-07-31 14:46:52,73,76,13701,23457
2023-07-31 14:47:08,73,77,13701,23457
2023-07-31 14:47:12,73,76,13701,23457
2023-07-31 14:47:21,73,75,13701,23457
2023-07-31 14:47:21,72,75,13701,23457
2023-07-31 14:47:22,72,76,13701,23457
2023-07-31 14:47:23,72,75,13701,23457
2023-07-31 14:47:34,72,76,13701,23457
2023-07-31 14:47:49,73,76,13701,23457
2023-07-31 14:47:55,72,76,13701,23457
2023-07-31 14:48:03,73,76,13701,23457
2023-07-31 14:48:06,73,77,13701,23457
2023-07-31 14:48:06,74,77,13701,23457
2023-07-31 14:48:23,75,77,13701,23457
2023-07-31 14:48:50,75,78,13701,23457
2023-07-31 14:48:50,76,78,13701,23457
2023-07-31 14:49:16,77,78,13701,23457
2023-07-31 14:49:16,77,79,13701,23457
2023-07-31 14:49:28,76,79,13701,23457
2023-07-31 14:49:58,77,79,13701,23457
2023-07-31 14:50:17,77,80,13828,23657
2023-07-31 14:50:27,78,80,13828,23657
2023-07-31 14:50:27,78,79,13828,23657
2023-07-31 14:51:18,78,80,13878,23707
2023-07-31 14:51:32,77,80,13878,23707
2023-07-31 14:51:33,78,80,13878,23707
2023-07-31 14:51:37,79,80,13878,23707
2023-07-31 14:51:57,79,81,13878,23707
2023-07-31 14:52:54,80,81,13878,23707
2023-07-31 14:55:41,80,82,14002,23831
2023-07-31 14:55:41,80,81,14002,23831
2023-07-31 14:55:44,80,82,14002,23831
2023-07-31 14:59:05,80,83,14002,23831
2023-07-31 14:59:09,81,83,14002,23831
2023-07-31 14:59:25,82,83,14002,23831
2023-07-31 14:59:32,82,84,14478,24307
2023-07-31 15:01:47,82,84,14489,24318
2023-07-31 15:02:41,83,84,14489,24318
2023-07-31 15:03:44,83,85,14602,24431
2023-07-31 15:03:52,82,85,14602,24431
2023-07-31 15:03:55,83,85,14602,24431
2023-07-31 15:04:01,82,85,14602,24431
2023-07-31 15:04:15,81,85,14602,24431
2023-07-31 15:04:29,81,83,14602,24431
2023-07-31 15:04:31,80,83,14602,24431
2023-07-31 15:04:31,82,83,14602,24431
2023-07-31 15:04:45,82,85,14602,24431
2023-07-31 15:04:45,82,84,14602,24431
2023-07-31 15:05:33,82,83,14602,24431
2023-07-31 15:05:33,82,85,14602,24431
2023-07-31 15:05:33,82,84,14602,24431
2023-07-31 15:05:50,80,84,14402,24631
2023-07-31 15:05:52,80,83,14402,24631
2023-07-31 15:05:54,80,84,14402,24631
2023-07-31 15:05:56,81,84,14402,24631
2023-07-31 15:06:14,80,84,14402,24631
2023-07-31 15:06:14,80,83,14402,24631
2023-07-31 15:06:15,81,83,14402,24631
2023-07-31 15:06:36,82,83,14402,24631
2023-07-31 15:06:36,82,85,14402,24631
2023-07-31 15:06:36,82,84,14402,24631
2023-07-31 15:06:36,82,85,14402,24631
2023-07-31 15:07:13,81,85,14402,24631
2023-07-31 15:07:13,81,84,14402,24631
2023-07-31 15:07:37,81,85,14402,24631
2023-07-31 15:07:38,82,85,14402,24631
2023-07-31 15:08:21,83,85,14402,24631
2023-07-31 15:08:24,82,85,14402,24631
2023-07-31 15:08:32,83,85,14402,24631
2023-07-31 15:08:33,83,86,14402,24631
2023-07-31 15:08:34,83,85,14402,24631
2023-07-31 15:08:34,83,86,14402,24631
2023-07-31 15:08:41,83,85,14402,24631
2023-07-31 15:08:41,83,86,14402,24631
2023-07-31 15:08:41,82,86,14402,24631
2023-07-31 15:08:42,82,85,14402,24631
2023-07-31 15:08:45,81,85,14402,24631
2023-07-31 15:08:49,81,84,14402,24631
2023-07-31 15:08:54,81,85,14402,24631
2023-07-31 15:09:04,82,85,14402,24631
2023-07-31 15:09:36,81,85,14402,24631
2023-07-31 15:09:42,81,84,14402,24631
2023-07-31 15:09:42,81,85,14402,24631
2023-07-31 15:09:45,81,84,14402,24631
2023-07-31 15:09:47,82,84,14402,24631
2023-07-31 15:09:56,81,84,14402,24631
2023-07-31 15:10:01,81,83,14402,24631
2023-07-31 15:10:01,81,84,14402,24631
2023-07-31 15:10:06,81,83,14402,24631
2023-07-31 15:10:06,81,84,14402,24631
2023-07-31 15:10:07,81,84,14402,24691
2023-07-31 15:10:07,81,83,14402,24691
2023-07-31 15:10:08,80,83,14402,24691
2023-07-31 15:10:11,81,83,14402,24691
2023-07-31 15:10:16,81,84,14402,24691
2023-07-31 15:10:18,81,85,14402,24691
2023-07-31 15:10:19,82,85,14402,24691
2023-07-31 15:10:24,82,86,14402,24691
2023-07-31 15:10:26,82,85,14402,24691
2023-07-31 15:10:26,82,86,14402,24691
2023-07-31 15:10:32,82,85,14402,24691
2023-07-31 15:10:32,82,86,14402,24691
2023-07-31 15:10:33,82,85,14402,24691
2023-07-31 15:10:35,81,85,14402,24691
2023-07-31 15:10:35,81,86,14402,24691
2023-07-31 15:10:35,81,84,14402,24691
2023-07-31 15:10:46,81,83,14402,24691
2023-07-31 15:10:46,81,82,14402,24691
2023-07-31 15:10:47,81,86,14402,24691
2023-07-31 15:10:47,81,83,14402,24691
2023-07-31 15:10:52,81,82,14402,24691
2023-07-31 15:10:53,81,83,14402,24691
2023-07-31 15:10:58,81,82,14402,24691
2023-07-31 15:10:58,81,83,14402,24691
2023-07-31 15:10:58,81,84,14402,24691
2023-07-31 15:10:58,81,83,14402,24691
2023-07-31 15:11:01,81,84,14402,24691
2023-07-31 15:11:03,81,85,14402,24691
2023-07-31 15:11:03,81,83,14402,24691
2023-07-31 15:11:03,81,84,14402,24691
2023-07-31 15:11:04,82,84,14402,24691
2023-07-31 15:11:09,82,85,14402,24691
2023-07-31 15:11:17,81,85,14402,24691
2023-07-31 15:11:17,81,84,14402,24691
2023-07-31 15:11:32,82,84,14402,24691
2023-07-31 15:11:44,82,85,14402,24691
2023-07-31 15:11:49,82,86,14402,24691
2023-07-31 15:11:49,82,85,14402,24691
2023-07-31 15:11:50,82,86,14402,24691
2023-07-31 15:11:55,83,86,14402,24691
2023-07-31 15:11:55,83,85,14402,24691
2023-07-31 15:11:55,83,86,14402,24691
2023-07-31 15:12:00,83,85,14402,24691
2023-07-31 15:12:00,83,86,14402,24691
2023-07-31 15:12:00,83,87,14402,24691
2023-07-31 15:12:00,83,86,14402,24691
2023-07-31 15:12:03,82,86,14402,24691
2023-07-31 15:12:21,82,85,14402,24691
2023-07-31 15:12:21,82,84,14402,24691
2023-07-31 15:12:26,81,84,14402,24691
2023-07-31 15:12:28,82,84,14402,24691
2023-07-31 15:13:36,81,84,14402,24691
2023-07-31 15:13:37,81,85,14402,24691
2023-07-31 15:13:37,81,84,14402,24691
2023-07-31 15:13:42,82,84,14402,24691
2023-07-31 15:13:52,81,84,14202,24891
2023-07-31 15:14:38,82,84,14202,24891
2023-07-31 15:15:35,84,87,14202,24956
2023-07-31 15:15:35,84,87,14202,25006
2023-07-31 15:15:35,84,86,14202,25006
2023-07-31 15:15:59,83,86,14202,25006
2023-07-31 15:16:01,82,86,14202,25006
2023-07-31 15:16:02,81,86,14202,25006
2023-07-31 15:16:16,82,86,14202,25006
2023-07-31 15:16:48,83,86,14202,25006
2023-07-31 15:17:12,82,86,14202,25006
2023-07-31 15:17:56,81,86,14202,25006
2023-07-31 15:17:56,81,85,14202,25006
2023-07-31 15:18:05,82,85,14202,25006
2023-07-31 15:18:05,82,86,14202,25006
2023-07-31 15:18:06,85,86,14202,25006
2023-07-31 15:18:08,82,86,14247,25051
2023-07-31 15:18:13,83,86,14247,25051
2023-07-31 15:18:13,83,87,14247,25051
2023-07-31 15:18:13,83,86,14247,25051
2023-07-31 15:18:24,84,86,14247,25051
2023-07-31 15:18:39,85,86,14247,25051
2023-07-31 15:19:03,85,86,14247,25251
2023-07-31 15:19:03,85,87,14247,25251
2023-07-31 15:19:03,85,86,14247,25251
2023-07-31 15:19:06,85,86,14497,25501
2023-07-31 15:19:06,85,87,14497,25501
2023-07-31 15:19:52,86,87,14497,25501
2023-07-31 15:19:56,85,87,14497,25501
2023-07-31 15:19:59,86,87,14497,25501
2023-07-31 15:20:02,85,87,14497,25501
2023-07-31 15:20:03,86,87,14497,25501
2023-07-31 15:20:05,85,87,14497,25501
2023-07-31 15:20:07,86,87,14497,25501
2023-07-31 15:20:45,85,87,14497,25501
2023-07-31 15:20:46,86,87,14497,25501
2023-07-31 15:20:48,85,87,14497,25501
2023-07-31 15:21:01,84,87,14497,25501
2023-07-31 15:21:10,85,87,14497,25501
2023-07-31 15:21:14,84,87,14497,25501
2023-07-31 15:21:15,85,87,14497,25501
2023-07-31 15:21:46,84,87,14497,25501
2023-07-31 15:21:56,83,87,14897,25901
2023-07-31 15:22:08,84,87,14897,25901
2023-07-31 15:22:23,85,87,14897,25901
2023-07-31 15:23:15,86,87,14897,25901
2023-07-31 15:23:21,86,87,15021,26101
2023-07-31 15:23:27,86,90,15021,26101
2023-07-31 15:23:27,86,89,15021,26101
2023-07-31 15:23:32,87,89,15021,26101
2023-07-31 15:23:34,87,88,15021,26101
2023-07-31 15:23:47,86,88,15021,26101
2023-07-31 15:23:54,85,88,15021,26101
2023-07-31 15:23:58,84,88,15021,26101
2023-07-31 15:24:07,83,88,15021,26101
2023-07-31 15:24:07,83,87,15021,26101
2023-07-31 15:24:07,82,87,15021,26101
2023-07-31 15:24:09,82,86,15021,26101
2023-07-31 15:24:09,81,86,15021,26101
2023-07-31 15:24:12,81,87,15021,26101
2023-07-31 15:24:12,82,87,15021,26101
2023-07-31 15:24:21,82,88,15021,26101
2023-07-31 15:24:21,83,88,15021,26101
2023-07-31 15:24:34,83,87,15021,26101
2023-07-31 15:24:34,81,87,15021,26101
2023-07-31 15:24:34,82,87,15021,26101
2023-07-31 15:24:41,82,86,15021,26101
2023-07-31 15:24:41,81,86,15021,26101
2023-07-31 15:24:58,81,85,15021,26101
2023-07-31 15:25:33,81,84,15021,26101
2023-07-31 15:25:45,81,85,15021,26101
2023-07-31 15:25:50,81,83,15021,26101
2023-07-31 15:26:18,81,83,15021,26111
2023-07-31 15:26:20,80,83,15021,26111
2023-07-31 15:26:53,80,85,15021,26111
2023-07-31 15:26:53,81,85,15021,26111
2023-07-31 15:26:53,81,84,15021,26111
2023-07-31 15:26:53,81,85,15021,26111
2023-07-31 15:27:02,80,85,15021,26111
2023-07-31 15:27:02,82,85,15021,26111
2023-07-31 15:27:09,80,85,15021,26111
2023-07-31 15:27:09,81,85,15021,26111
2023-07-31 15:27:12,82,85,15021,26111
2023-07-31 15:27:42,82,86,15021,26111
2023-07-31 15:27:48,83,86,15021,26111
2023-07-31 15:27:48,83,87,15049,26253
2023-07-31 15:27:49,83,88,15049,26253
2023-07-31 15:27:51,84,88,15049,26253
2023-07-31 15:28:01,85,88,15049,26253
2023-07-31 15:28:10,85,88,15449,26653
2023-07-31 15:28:16,85,90,15449,26653
2023-07-31 15:28:16,85,89,15449,26653
2023-07-31 15:28:41,85,90,15826,27030
2023-07-31 15:28:41,85,89,15826,27030
2023-07-31 15:28:41,85,90,15826,27030
2023-07-31 15:28:41,85,89,15826,27030
2023-07-31 15:28:56,85,88,15826,27030
2023-07-31 15:28:59,83,88,15826,27030
2023-07-31 15:28:59,84,88,15826,27030
2023-07-31 15:30:04,85,88,15826,27030
2023-07-31 15:30:25,86,88,15826,27030
2023-07-31 15:30:26,85,88,15826,27030
2023-07-31 15:30:27,86,88,15826,27030
2023-07-31 15:30:44,87,88,15826,27030
2023-07-31 15:30:47,87,91,15826,27030
2023-07-31 15:30:47,87,90,15826,27030
2023-07-31 15:31:03,87,91,15919,27123
2023-07-31 15:31:12,86,91,15919,27123
2023-07-31 15:31:19,86,90,15919,27123
2023-07-31 15:31:42,86,89,15919,27123
2023-07-31 15:31:42,86,90,15919,27123
2023-07-31 15:31:43,85,90,15919,27123
2023-07-31 15:31:43,84,90,15919,27123
2023-07-31 15:31:43,84,89,15919,27123
2023-07-31 15:31:47,83,89,15919,27123
2023-07-31 15:31:47,83,90,15919,27123
2023-07-31 15:31:47,83,88,15919,27123
2023-07-31 15:31:49,83,90,15919,27123
2023-07-31 15:31:49,83,87,15919,27123
2023-07-31 15:31:50,82,87,15919,27123
2023-07-31 15:31:53,81,87,15919,27123
2023-07-31 15:31:53,81,86,15919,27123
2023-07-31 15:31:54,80,86,15919,27123
2023-07-31 15:31:55,80,85,15919,27123
2023-07-31 15:31:59,80,84,15919,27123
2023-07-31 15:31:59,80,85,15919,27123
2023-07-31 15:32:02,80,88,15919,27123
2023-07-31 15:32:02,81,88,15919,27123
2023-07-31 15:32:02,81,86,15919,27123
2023-07-31 15:32:06,80,86,15919,27123
2023-07-31 15:32:06,80,85,15919,27123
2023-07-31 15:32:06,80,86,15919,27123
2023-07-31 15:32:11,80,85,15919,27123
2023-07-31 15:32:11,80,86,15919,27123
2023-07-31 15:32:16,80,85,15919,27123
2023-07-31 15:32:16,80,86,15919,27123
2023-07-31 15:32:19,80,85,15919,27123
2023-07-31 15:32:21,80,84,15919,27123
2023-07-31 15:32:21,80,85,15919,27123
2023-07-31 15:32:24,80,86,15919,27123
2023-07-31 15:32:24,80,84,15919,27123
2023-07-31 15:32:27,80,86,15919,27123
2023-07-31 15:32:34,78,83,16014,27448
2023-07-31 15:32:35,78,81,16014,27448
2023-07-31 15:32:39,78,83,16014,27448
2023-07-31 15:32:39,78,86,16014,27448
2023-07-31 15:32:39,78,80,16014,27448
2023-07-31 15:32:49,78,82,16014,27448
2023-07-31 15:32:49,78,83,16014,27448
2023-07-31 15:32:49,78,81,16014,27448
2023-07-31 15:32:57,78,84,16014,27448
2023-07-31 15:32:57,78,82,16014,27448
2023-07-31 15:33:01,79,82,16014,27448
2023-07-31 15:33:03,79,85,16014,27448
2023-07-31 15:33:03,79,84,16014,27448
2023-07-31 15:33:03,79,83,16014,27448
2023-07-31 15:33:15,79,85,15969,27493
2023-07-31 15:33:16,80,85,15969,27493
2023-07-31 15:33:21,80,84,15969,27493
2023-07-31 15:33:21,79,84,15969,27493
2023-07-31 15:33:21,79,85,15969,27493
2023-07-31 15:33:23,79,84,15969,27493
2023-07-31 15:33:27,79,83,15969,27493
2023-07-31 15:33:27,79,84,15969,27493
2023-07-31 15:33:29,79,84,15994,27518
2023-07-31 15:33:29,80,84,15994,27518
2023-07-31 15:33:29,80,85,15994,27518
2023-07-31 15:33:30,80,84,15994,27518
2023-07-31 15:33:31,78,84,15994,27518
2023-07-31 15:33:31,79,84,15994,27518
2023-07-31 15:33:32,79,83,15994,27518
2023-07-31 15:33:32,79,84,15994,27518
2023-07-31 15:33:32,81,84,15994,27518
2023-07-31 15:33:34,81,86,15994,27518
2023-07-31 15:33:35,81,83,15994,27538
2023-07-31 15:33:39,81,82,15994,27538
2023-07-31 15:33:39,81,83,15994,27538
2023-07-31 15:33:47,81,82,15994,27538
2023-07-31 15:33:47,81,83,15994,27538
2023-07-31 15:33:53,81,82,15994,27538
2023-07-31 15:33:53,81,83,15994,27538
2023-07-31 15:33:55,78,81,15994,27873
2023-07-31 15:34:02,78,82,15994,27873
2023-07-31 15:34:04,78,81,15994,27873
2023-07-31 15:34:04,78,82,15994,27873
2023-07-31 15:34:09,78,81,15994,27873
2023-07-31 15:34:09,78,82,15994,27873
2023-07-31 15:34:14,78,81,15994,27873
2023-07-31 15:34:14,78,82,15994,27873
2023-07-31 15:34:22,78,81,15994,27873
2023-07-31 15:34:22,78,82,15994,27873
2023-07-31 15:34:29,78,81,15994,27873
2023-07-31 15:34:29,78,82,15994,27873
2023-07-31 15:34:31,76,82,15994,27873
2023-07-31 15:34:31,77,82,15994,27873
2023-07-31 15:34:33,76,82,15994,27873
2023-07-31 15:34:33,76,81,15994,27873
2023-07-31 15:34:35,76,82,15994,27873
2023-07-31 15:34:35,77,82,15994,27873
2023-07-31 15:34:38,77,81,15994,27873
2023-07-31 15:34:42,77,82,15994,27873
2023-07-31 15:34:42,77,80,15994,27873
2023-07-31 15:34:42,77,82,15994,27873
2023-07-31 15:34:45,76,82,15994,27873
2023-07-31 15:34:45,76,83,15994,27873
2023-07-31 15:34:45,78,83,15994,27873
2023-07-31 15:34:51,78,82,15994,27873
2023-07-31 15:34:51,78,83,15994,27873
2023-07-31 15:34:56,78,82,15994,27873
2023-07-31 15:34:56,78,83,15994,27873
2023-07-31 15:34:59,76,83,15994,27873
2023-07-31 15:34:59,79,83,15994,27873
2023-07-31 15:35:01,79,84,15994,27873
2023-07-31 15:35:01,79,82,15994,27873
2023-07-31 15:35:01,79,84,15994,27873
2023-07-31 15:35:06,79,83,15994,27873
2023-07-31 15:35:07,79,82,15994,27873
2023-07-31 15:35:07,79,83,15994,27873
2023-07-31 15:35:10,79,82,15994,27873
2023-07-31 15:35:11,79,83,15994,27873
2023-07-31 15:35:12,79,82,15994,27873
2023-07-31 15:35:12,79,83,15994,27873
2023-07-31 15:35:20,79,82,15994,27873
2023-07-31 15:35:20,79,83,15994,27873
2023-07-31 15:35:29,79,82,15994,27873
2023-07-31 15:35:29,79,83,15994,27873
2023-07-31 15:35:31,79,84,15994,27873
2023-07-31 15:35:34,79,83,15994,27873
2023-07-31 15:35:34,79,84,15994,27873
2023-07-31 15:35:41,79,83,15994,27873
2023-07-31 15:35:42,79,84,15994,27873
2023-07-31 15:35:42,79,83,15994,27873
2023-07-31 15:35:48,79,82,15994,27873
2023-07-31 15:35:48,79,83,15994,27873
2023-07-31 15:35:49,77,83,15994,27873
2023-07-31 15:35:51,77,82,15994,27873
2023-07-31 15:35:51,74,82,15994,27873
2023-07-31 15:35:51,73,82,15994,27873
2023-07-31 15:35:51,76,82,15994,27873
2023-07-31 15:35:52,73,82,15994,27873
2023-07-31 15:35:52,72,82,15994,27873
2023-07-31 15:35:52,72,81,15994,27873
2023-07-31 15:35:52,75,81,15994,27873
2023-07-31 15:35:53,75,80,15994,27873
2023-07-31 15:35:53,75,81,15994,27873
2023-07-31 15:35:57,72,81,15994,27873
2023-07-31 15:35:57,74,81,15994,27873
2023-07-31 15:35:59,72,81,15994,27873
2023-07-31 15:35:59,72,80,15994,27873
2023-07-31 15:35:59,75,80,15994,27873
2023-07-31 15:35:59,75,81,15994,27873
2023-07-31 15:36:03,75,82,15994,27873
2023-07-31 15:36:03,75,81,15994,27873
2023-07-31 15:36:03,75,82,15994,27873
2023-07-31 15:36:04,73,82,15994,27873
2023-07-31 15:36:04,76,82,15994,27873
2023-07-31 15:36:09,76,81,15994,27873
2023-07-31 15:36:09,74,81,15994,27873
2023-07-31 15:36:09,74,83,15994,27873
2023-07-31 15:36:09,77,83,15994,27873
2023-07-31 15:36:18,77,82,15994,27873
2023-07-31 15:36:18,77,83,15994,27873
2023-07-31 15:36:20,75,83,15994,27873
2023-07-31 15:36:20,75,84,15994,27873
2023-07-31 15:36:20,78,84,15994,27873
2023-07-31 15:36:21,77,84,15994,27873
2023-07-31 15:36:21,79,84,15994,27873
2023-07-31 15:36:22,77,84,15994,27873
2023-07-31 15:36:22,80,84,15994,27873
2023-07-31 15:36:23,80,85,15994,27873
2023-07-31 15:36:23,80,83,15994,27873
2023-07-31 15:36:23,80,85,15994,27873
2023-07-31 15:36:29,80,84,15994,27873
2023-07-31 15:36:29,79,84,15994,27873
2023-07-31 15:36:29,79,85,15994,27873
2023-07-31 15:36:29,82,85,15994,27873
2023-07-31 15:36:34,82,84,15994,27873
2023-07-31 15:36:34,82,85,15994,27873
2023-07-31 15:36:36,80,85,15994,27873
2023-07-31 15:36:36,81,85,15994,27873
2023-07-31 15:36:36,83,85,15994,27873
2023-07-31 15:36:42,83,86,15994,27873
2023-07-31 15:36:45,80,86,15994,27873
2023-07-31 15:36:45,82,86,15994,27873
2023-07-31 15:36:46,82,85,15994,27873
2023-07-31 15:36:46,82,86,15994,27873
2023-07-31 15:36:49,79,86,15994,27873
2023-07-31 15:36:49,77,86,15994,27873
2023-07-31 15:36:49,81,86,15994,27873
2023-07-31 15:36:53,81,85,15994,27873
2023-07-31 15:36:53,78,85,15994,27873
2023-07-31 15:36:53,78,86,15994,27873
2023-07-31 15:36:53,80,86,15994,27873
2023-07-31 15:36:54,78,86,15994,27873
2023-07-31 15:36:54,81,86,15994,27873
2023-07-31 15:36:55,78,86,15994,27873
2023-07-31 15:36:55,80,86,15994,27873
2023-07-31 15:36:58,80,85,15994,27873
2023-07-31 15:36:58,80,86,15994,27873
2023-07-31 15:37:00,80,85,15994,27873
2023-07-31 15:37:03,77,85,15994,27873
2023-07-31 15:37:03,76,85,15994,27873
2023-07-31 15:37:03,76,84,15994,27873
2023-07-31 15:37:03,79,84,15994,27873
2023-07-31 15:37:03,79,85,15994,27873
2023-07-31 15:37:04,76,85,15994,27873
2023-07-31 15:37:04,76,84,15994,27873
2023-07-31 15:37:04,75,84,15994,27873
2023-07-31 15:37:04,75,83,15994,27873
2023-07-31 15:37:04,78,83,15994,27873
2023-07-31 15:37:06,75,83,15994,27873
2023-07-31 15:37:06,74,83,15994,27873
2023-07-31 15:37:06,74,84,15994,27873
2023-07-31 15:37:06,77,82,15994,27873
2023-07-31 15:37:08,74,82,15994,27873
2023-07-31 15:37:08,76,82,15994,27873
2023-07-31 15:37:08,76,81,15994,27873
2023-07-31 15:37:08,76,82,15994,27873
2023-07-31 15:37:09,76,80,15994,27873
2023-07-31 15:37:11,73,80,15994,27873
2023-07-31 15:37:11,72,80,15994,27873
2023-07-31 15:37:11,75,80,15994,27873
2023-07-31 15:37:12,72,80,15994,27873
2023-07-31 15:37:12,74,80,15994,27873
2023-07-31 15:37:14,74,79,15994,27873
2023-07-31 15:37:14,74,80,15994,27873
2023-07-31 15:37:18,71,80,15994,27873
2023-07-31 15:37:18,73,80,15994,27873
2023-07-31 15:37:20,73,79,15994,27873
2023-07-31 15:37:20,73,80,15994,27873
2023-07-31 15:37:23,71,80,15994,27873
2023-07-31 15:37:23,74,80,15994,27873
2023-07-31 15:37:29,74,79,15994,27873
2023-07-31 15:37:29,74,80,15994,27873
2023-07-31 15:37:31,71,80,15994,27873
2023-07-31 15:37:31,70,80,15994,27873
2023-07-31 15:37:31,70,79,15994,27873
2023-07-31 15:37:31,73,79,15994,27873
2023-07-31 15:37:38,73,78,15994,27873
2023-07-31 15:37:38,73,79,15994,27873
2023-07-31 15:37:38,70,79,15994,27873
2023-07-31 15:37:38,69,79,15994,27873
2023-07-31 15:37:38,72,78,15994,27873
2023-07-31 15:37:43,72,77,15994,27873
2023-07-31 15:37:43,72,78,15994,27873
2023-07-31 15:37:47,72,79,15994,27873
2023-07-31 15:37:48,70,79,15994,27873
2023-07-31 15:37:48,70,78,15994,27873
2023-07-31 15:37:48,73,78,15994,27873
2023-07-31 15:37:48,73,79,15994,27873
2023-07-31 15:37:49,70,79,15994,27873
2023-07-31 15:37:49,71,79,15994,27873
2023-07-31 15:37:49,74,79,15994,27873
2023-07-31 15:37:49,74,80,15994,27873
2023-07-31 15:37:49,74,79,15994,27873
2023-07-31 15:37:49,74,80,15994,27873
2023-07-31 15:37:53,74,80,15994,27880
2023-07-31 15:37:54,72,80,15994,27880
2023-07-31 15:37:54,75,80,15994,27880
2023-07-31 15:37:55,75,79,15994,27880
2023-07-31 15:37:55,75,80,15994,27880
2023-07-31 15:37:57,73,80,15994,27880
2023-07-31 15:37:57,76,80,15994,27880
2023-07-31 15:38:02,76,79,15994,27880
2023-07-31 15:38:02,76,80,15994,27880
2023-07-31 15:38:06,73,80,15994,27880
2023-07-31 15:38:06,75,80,15994,27880
2023-07-31 15:38:07,75,79,15994,27880
2023-07-31 15:38:07,75,80,15994,27880
2023-07-31 15:38:12,72,80,15994,27880
2023-07-31 15:38:12,72,79,15994,27880
2023-07-31 15:38:12,74,80,15994,27880
2023-07-31 15:38:17,74,79,15994,27880
2023-07-31 15:38:17,74,80,15994,27880
2023-07-31 15:38:22,71,80,15994,27880
2023-07-31 15:38:22,73,80,15994,27880
2023-07-31 15:38:22,73,79,15994,27880
2023-07-31 15:38:22,73,80,15994,27880
2023-07-31 15:38:24,71,80,15994,27880
2023-07-31 15:38:24,74,80,15994,27880
2023-07-31 15:38:28,74,79,15994,27880
2023-07-31 15:38:28,74,80,15994,27880
2023-07-31 15:38:30,72,80,15994,27880
2023-07-31 15:38:30,75,80,15994,27880
2023-07-31 15:38:33,75,79,15994,27880
2023-07-31 15:38:33,75,80,15994,27880
2023-07-31 15:38:47,75,79,15994,27880
2023-07-31 15:38:47,75,80,15994,27880
2023-07-31 15:38:49,73,80,15994,27880
2023-07-31 15:38:49,76,80,15994,27880
2023-07-31 15:38:51,74,80,15994,27880
2023-07-31 15:38:51,77,80,15994,27880
2023-07-31 15:38:56,77,82,15994,27880
2023-07-31 15:38:57,77,81,15994,27880
2023-07-31 15:38:57,77,82,15994,27880
2023-07-31 15:39:02,74,82,15994,27880
2023-07-31 15:39:02,73,82,15994,27880
2023-07-31 15:39:02,73,81,15994,27880
2023-07-31 15:39:02,73,82,15994,27880
2023-07-31 15:39:02,76,82,15994,27880
2023-07-31 15:39:05,74,82,15994,27880
2023-07-31 15:39:05,77,82,15994,27880
2023-07-31 15:39:08,77,81,15994,27880
2023-07-31 15:39:08,77,82,15994,27880
2023-07-31 15:39:14,77,81,15994,27880
2023-07-31 15:39:14,77,82,15994,27880
2023-07-31 15:39:19,77,81,15994,27880
2023-07-31 15:39:25,77,82,15994,27880
2023-07-31 15:39:25,77,81,15994,27880
2023-07-31 15:39:26,74,81,15994,27880
2023-07-31 15:39:26,73,81,15994,27880
2023-07-31 15:39:26,76,81,15994,27880
2023-07-31 15:39:38,73,81,15994,27880
2023-07-31 15:39:38,72,81,15994,27880
2023-07-31 15:39:38,75,81,15994,27880
2023-07-31 15:39:42,75,80,15994,27880
2023-07-31 15:39:43,75,81,15994,27880
2023-07-31 15:39:50,72,81,15994,27880
2023-07-31 15:39:50,71,81,15994,27880
2023-07-31 15:39:50,74,80,15994,27880
2023-07-31 15:39:51,71,80,15994,27880
2023-07-31 15:39:51,73,80,15994,27880
2023-07-31 15:39:52,73,79,15994,27880
2023-07-31 15:39:55,70,79,15994,27880
2023-07-31 15:39:55,70,78,15994,27880
2023-07-31 15:39:55,72,78,15994,27880
2023-07-31 15:39:57,69,78,15994,27880
2023-07-31 15:39:57,68,78,15994,27880
2023-07-31 15:39:57,71,77,15994,27880
2023-07-31 15:39:58,71,76,15994,27880
2023-07-31 15:39:58,71,77,15994,27880
2023-07-31 15:39:59,69,77,15994,27880
2023-07-31 15:39:59,72,77,15994,27880
2023-07-31 15:39:59,72,78,15994,27880
2023-07-31 15:39:59,72,77,15994,27880
2023-07-31 15:39:59,72,78,15994,27880
2023-07-31 15:40:00,69,78,15994,27880
2023-07-31 15:40:00,70,78,15994,27880
2023-07-31 15:40:00,73,78,15994,27880
2023-07-31 15:40:01,73,81,15994,27880
2023-07-31 15:40:01,73,80,15994,27880
2023-07-31 15:40:01,73,79,15994,27880
2023-07-31 15:40:03,71,79,15994,27880
2023-07-31 15:40:03,74,79,15994,27880
2023-07-31 15:40:05,71,79,15994,27880
2023-07-31 15:40:05,70,79,15994,27880
2023-07-31 15:40:05,73,79,15994,27880
2023-07-31 15:40:09,70,79,15994,27880
2023-07-31 15:40:09,71,79,15994,27880
2023-07-31 15:40:09,71,80,15994,27880
2023-07-31 15:40:09,74,80,15994,27880
2023-07-31 15:40:10,74,79,15994,27880
2023-07-31 15:40:10,74,80,15994,27880
2023-07-31 15:40:11,72,80,15994,27880
2023-07-31 15:40:11,75,80,15994,27880
2023-07-31 15:40:14,72,80,15994,27880
2023-07-31 15:40:14,71,80,15994,27880
2023-07-31 15:40:14,74,80,15994,27880
2023-07-31 15:40:18,74,79,15994,27880
2023-07-31 15:40:18,72,79,15994,27880
2023-07-31 15:40:18,72,80,15994,27880
2023-07-31 15:40:18,75,80,15994,27880
2023-07-31 15:40:19,75,81,15994,27880
2023-07-31 15:40:19,73,81,15994,27880
2023-07-31 15:40:19,76,81,15994,27880
2023-07-31 15:40:20,74,81,15994,27880
2023-07-31 15:40:20,77,81,15994,27880
2023-07-31 15:40:21,74,81,15994,27880
2023-07-31 15:40:21,72,81,15994,27880
2023-07-31 15:40:21,76,81,15994,27880
2023-07-31 15:40:21,78,81,15994,27880
2023-07-31 15:40:23,78,84,15994,27880
2023-07-31 15:40:23,78,83,15994,27880
2023-07-31 15:40:23,78,84,15994,27880
2023-07-31 15:40:27,76,84,15994,27880
2023-07-31 15:40:27,79,84,15994,27880
2023-07-31 15:40:29,79,83,15994,27880
2023-07-31 15:40:29,79,84,15994,27880
2023-07-31 15:40:35,79,83,15994,27880
2023-07-31 15:40:35,76,83,15994,27880
2023-07-31 15:40:35,77,83,15994,27880
2023-07-31 15:40:35,77,84,15994,27880
2023-07-31 15:40:35,80,84,15994,27880
2023-07-31 15:40:37,78,84,15994,27880
2023-07-31 15:40:37,81,84,15994,27880
2023-07-31 15:40:39,81,86,15994,27880
2023-07-31 15:40:39,79,86,15994,27880
2023-07-31 15:40:39,82,86,15994,27880
2023-07-31 15:40:40,82,85,15994,27880
2023-07-31 15:40:40,82,86,15994,27880
2023-07-31 15:40:41,82,84,15994,27880
2023-07-31 15:40:44,79,84,15994,27880
2023-07-31 15:40:44,81,84,15994,27880
2023-07-31 15:40:47,81,83,15994,27880
2023-07-31 15:40:47,81,84,15994,27880
2023-07-31 15:40:55,78,84,15994,27880
2023-07-31 15:40:55,77,84,15994,27880
2023-07-31 15:40:55,77,83,15994,27880
2023-07-31 15:40:55,77,84,15994,27880
2023-07-31 15:40:55,80,84,15994,27880
2023-07-31 15:40:58,78,84,15994,27880
2023-07-31 15:40:58,81,84,15994,27880
2023-07-31 15:41:01,81,83,15994,27880
2023-07-31 15:41:01,81,84,15994,27880
2023-07-31 15:41:02,79,84,15994,27880
2023-07-31 15:41:02,82,84,15994,27880
2023-07-31 15:41:04,82,86,15994,27880
2023-07-31 15:41:04,82,85,15994,27880
2023-07-31 15:41:04,82,86,15994,27880
2023-07-31 15:41:05,80,86,15994,27880
2023-07-31 15:41:05,83,86,15994,27880
2023-07-31 15:41:05,80,86,15994,27898
2023-07-31 15:41:07,73,86,15994,27898
2023-07-31 15:41:11,81,85,15994,27898
2023-07-31 15:41:11,81,86,15994,27898
2023-07-31 15:41:16,81,85,15994,27898
2023-07-31 15:41:16,81,86,15994,27898
2023-07-31 15:41:21,81,85,15994,27898
2023-07-31 15:41:21,81,86,15994,27898
2023-07-31 15:41:22,76,86,15994,27898
2023-07-31 15:41:22,80,86,15994,27898
2023-07-31 15:41:27,80,85,15994,27898
2023-07-31 15:41:27,80,86,15994,27898
2023-07-31 15:41:30,76,86,15994,27898
2023-07-31 15:41:30,81,86,15994,27898
2023-07-31 15:41:33,81,85,15994,27898
2023-07-31 15:41:33,81,86,15994,27898
2023-07-31 15:41:39,78,86,15994,27898
2023-07-31 15:41:39,82,86,15994,27898
2023-07-31 15:41:40,78,86,15994,27898
2023-07-31 15:41:43,82,86,15994,27898
2023-07-31 15:41:46,81,86,15994,27898
2023-07-31 15:41:46,81,87,15994,27898
2023-07-31 15:41:48,81,86,15994,27898
2023-07-31 15:42:13,76,86,15994,27898
2023-07-31 15:42:13,80,86,15994,27898
2023-07-31 15:42:16,76,86,15994,27898
2023-07-31 15:42:18,76,86,15994,27898
2023-07-31 15:42:18,80,86,15994,27898
2023-07-31 15:42:23,76,86,15994,27898
2023-07-31 15:42:23,79,86,15994,27898
2023-07-31 15:42:23,79,85,15994,27898
2023-07-31 15:42:23,79,86,15994,27898
2023-07-31 15:42:26,76,86,15994,27898
2023-07-31 15:42:26,77,86,15994,27898
2023-07-31 15:42:26,77,84,15994,27898
2023-07-31 15:42:27,77,83,15994,27898
2023-07-31 15:42:29,76,83,15994,27898
2023-07-31 15:42:29,76,82,15994,27898
2023-07-31 15:42:29,76,83,15994,27898
2023-07-31 15:42:36,77,83,15994,27898
2023-07-31 15:42:36,77,82,15994,27898
2023-07-31 15:42:36,77,83,15994,27898
2023-07-31 15:42:42,72,83,15994,27898
2023-07-31 15:42:42,72,82,15994,27898
2023-07-31 15:42:42,76,82,15994,27898
2023-07-31 15:42:42,76,83,15994,27898
2023-07-31 15:42:51,75,83,15994,27898
2023-07-31 15:42:51,75,82,15994,27898
2023-07-31 15:42:54,70,82,15994,27898
2023-07-31 15:42:54,74,82,15994,27898
2023-07-31 15:42:55,70,82,15994,27898
2023-07-31 15:42:55,75,82,15994,27898
2023-07-31 15:42:56,75,81,15994,27898
2023-07-31 15:42:56,75,82,15994,27898
2023-07-31 15:43:01,75,81,15994,27898
2023-07-31 15:43:01,75,82,15994,27898
2023-07-31 15:43:06,76,82,15994,27898
2023-07-31 15:43:06,76,83,15994,27898
2023-07-31 15:43:06,76,81,15994,27898
2023-07-31 15:43:06,76,83,15994,27898
2023-07-31 15:43:08,77,83,15994,27898
2023-07-31 15:43:08,77,84,15994,27898
2023-07-31 15:43:12,77,83,15994,27898
2023-07-31 15:43:12,77,84,15994,27898
2023-07-31 15:43:13,72,84,15994,27898
2023-07-31 15:43:13,78,84,15994,27898
2023-07-31 15:43:14,78,86,15994,27898
2023-07-31 15:43:17,78,84,15994,27898
2023-07-31 15:43:17,78,85,15994,27898
2023-07-31 15:43:21,78,86,15994,27898
2023-07-31 15:43:21,78,84,15994,27898
2023-07-31 15:43:23,74,84,15994,27898
2023-07-31 15:43:23,77,83,15994,27898
2023-07-31 15:43:23,77,84,15994,27898
2023-07-31 15:43:28,78,84,15994,27898
2023-07-31 15:43:28,78,83,15994,27898
2023-07-31 15:43:28,78,84,15994,27898
2023-07-31 15:43:30,78,86,15994,27898
2023-07-31 15:43:30,78,85,15994,27898
2023-07-31 15:43:37,79,85,15994,27898
2023-07-31 15:43:41,79,86,15994,27898
2023-07-31 15:43:42,78,86,15994,27898
2023-07-31 15:43:42,80,86,15994,27898
2023-07-31 15:43:53,78,86,15994,27898
2023-07-31 15:43:53,81,86,15994,27898
2023-07-31 15:43:54,82,86,15994,27898
2023-07-31 15:43:59,82,86,15994,27913
2023-07-31 15:44:02,83,86,15994,27913
2023-07-31 15:44:03,83,88,15994,27913
2023-07-31 15:44:03,83,87,15994,27913
2023-07-31 15:44:10,83,86,15994,27913
2023-07-31 15:44:10,83,87,15994,27913
2023-07-31 15:44:16,83,86,15994,27913
2023-07-31 15:44:16,82,86,15994,27913
2023-07-31 15:44:16,82,88,15994,27913
2023-07-31 15:44:16,82,86,15994,27913
2023-07-31 15:44:22,81,86,15994,27913
2023-07-31 15:44:32,76,86,15994,27913
2023-07-31 15:44:32,82,86,15994,27913
2023-07-31 15:44:37,76,86,15994,27913
2023-07-31 15:44:42,80,86,15994,27913
2023-07-31 15:44:42,80,84,15994,27913
2023-07-31 15:44:42,83,84,15994,27913
2023-07-31 15:44:50,83,86,15994,27913
2023-07-31 15:44:50,83,85,15994,27913
2023-07-31 15:44:52,80,85,15289,28618
2023-07-31 15:44:57,80,86,15289,28618
2023-07-31 15:44:57,80,84,15289,28618
2023-07-31 15:45:01,80,86,15289,28618
2023-07-31 15:45:01,80,85,15289,28618
2023-07-31 15:45:10,80,86,15289,28618
2023-07-31 15:45:10,79,86,15289,28618
2023-07-31 15:45:10,79,84,15289,28618
2023-07-31 15:45:12,79,86,15289,28618
2023-07-31 15:45:12,81,86,15289,28618
2023-07-31 15:45:22,82,86,15289,28618
2023-07-31 15:45:32,82,87,15289,28618
2023-07-31 15:45:41,82,86,15289,28618
2023-07-31 15:45:41,81,86,15289,28618
2023-07-31 15:45:45,82,86,15289,28618
2023-07-31 15:45:50,81,86,15289,28618
2023-07-31 15:45:57,80,86,15289,28618
2023-07-31 15:45:58,80,84,15289,28618
2023-07-31 15:45:58,78,84,15289,28618
2023-07-31 15:45:59,76,84,15289,28618
2023-07-31 15:45:59,76,83,15289,28618
2023-07-31 15:46:00,76,84,15289,28618
2023-07-31 15:46:00,76,82,15289,28618
2023-07-31 15:46:02,72,82,15289,28618
2023-07-31 15:46:04,75,84,15289,28618
2023-07-31 15:46:04,73,84,15289,28618
2023-07-31 15:46:04,73,82,15289,28618
2023-07-31 15:46:04,73,81,15289,28618
2023-07-31 15:46:04,73,80,15289,28618
2023-07-31 15:46:05,73,81,15289,28618
2023-07-31 15:46:05,72,81,15289,28618
2023-07-31 15:46:05,72,78,15289,28618
2023-07-31 15:46:10,69,78,15289,28618
2023-07-31 15:46:10,71,78,15289,28618
2023-07-31 15:46:11,69,78,15289,28618
2023-07-31 15:46:11,72,78,15289,28618
2023-07-31 15:46:12,72,81,15289,28618
2023-07-31 15:46:12,72,79,15289,28618
2023-07-31 15:46:23,73,79,15289,28618
2023-07-31 15:46:25,70,79,15289,28618
2023-07-31 15:46:25,72,79,15289,28618
2023-07-31 15:46:29,72,81,15289,28618
2023-07-31 15:46:29,71,81,15289,28618
2023-07-31 15:46:29,71,78,15289,28618
2023-07-31 15:46:31,68,78,15289,28618
2023-07-31 15:46:31,70,78,15289,28618
2023-07-31 15:46:33,70,80,15289,28618
2023-07-31 15:46:33,70,77,15289,28618
2023-07-31 15:46:34,70,80,15289,28618
2023-07-31 15:46:34,70,79,15289,28618
2023-07-31 15:46:34,69,79,15289,28618
2023-07-31 15:46:34,69,76,15289,28618
2023-07-31 15:46:44,69,77,15289,28618
2023-07-31 15:46:44,67,77,15289,28618
2023-07-31 15:46:44,67,74,15289,28618
2023-07-31 15:46:45,66,75,15289,28618
2023-07-31 15:46:45,64,75,15289,28618
2023-07-31 15:46:45,64,71,15289,28618
2023-07-31 15:46:46,61,71,15289,28618
2023-07-31 15:46:46,63,71,15289,28618
2023-07-31 15:46:47,64,71,15289,28618
2023-07-31 15:46:47,64,75,15289,28618
2023-07-31 15:46:47,64,72,15289,28618
2023-07-31 15:46:49,64,75,15289,28618
2023-07-31 15:46:49,62,75,15289,28618
2023-07-31 15:46:49,66,77,15289,28618
2023-07-31 15:46:49,66,74,15289,28618
2023-07-31 15:46:49,64,74,15289,28618
2023-07-31 15:46:49,66,74,15289,28618
2023-07-31 15:46:56,66,77,15289,28618
2023-07-31 15:46:56,67,75,15289,28618
2023-07-31 15:46:59,67,77,15289,28618
2023-07-31 15:46:59,67,74,15289,28618
2023-07-31 15:47:01,65,74,15289,28618
2023-07-31 15:47:01,66,74,15289,28618
2023-07-31 15:47:06,66,77,15289,28618
2023-07-31 15:47:06,65,77,15289,28618
2023-07-31 15:47:06,65,76,15289,28618
2023-07-31 15:47:06,65,73,15289,28618
2023-07-31 15:47:07,65,76,15289,28618
2023-07-31 15:47:07,65,72,15289,28618
2023-07-31 15:47:08,65,73,15289,28618
2023-07-31 15:47:08,63,73,15289,28618
2023-07-31 15:47:08,60,71,15289,28618
2023-07-31 15:47:08,60,68,15289,28618
2023-07-31 15:47:10,60,71,15289,28618
2023-07-31 15:47:10,58,71,15289,28618
2023-07-31 15:47:10,59,67,15289,28618
2023-07-31 15:47:11,60,67,15289,28618
2023-07-31 15:47:11,60,71,15289,28618
2023-07-31 15:47:11,60,68,15289,28618
2023-07-31 15:47:16,60,72,15289,28618
2023-07-31 15:47:16,60,69,15289,28618
2023-07-31 15:47:17,60,72,15289,28618
2023-07-31 15:47:17,60,68,15289,28618
2023-07-31 15:47:22,60,72,15289,28618
2023-07-31 15:47:22,60,69,15289,28618
2023-07-31 15:47:23,60,72,15289,28618
2023-07-31 15:47:23,59,71,15289,28618
2023-07-31 15:47:23,59,68,15289,28618
2023-07-31 15:47:24,59,71,15289,28618
2023-07-31 15:47:24,59,67,15289,28618
2023-07-31 15:47:25,59,71,15289,28618
2023-07-31 15:47:25,59,69,15289,28618
2023-07-31 15:47:25,59,66,15289,28618
2023-07-31 15:47:26,59,69,15289,28618
2023-07-31 15:47:26,59,64,15289,28618
2023-07-31 15:47:28,59,67,15289,28618
2023-07-31 15:47:28,59,63,15289,28618
2023-07-31 15:47:30,56,63,15289,28618
2023-07-31 15:47:30,54,63,15289,28618
2023-07-31 15:47:31,54,66,15289,28618
2023-07-31 15:47:31,54,65,15289,28618
2023-07-31 15:47:31,53,62,15289,28618
2023-07-31 15:47:32,53,65,15289,28618
2023-07-31 15:47:32,53,61,15289,28618
2023-07-31 15:47:33,55,61,15289,28618
2023-07-31 15:47:35,55,65,15289,28618
2023-07-31 15:47:35,55,66,15289,28618
2023-07-31 15:47:35,55,63,15289,28618
2023-07-31 15:47:37,56,63,15289,28618
2023-07-31 15:47:37,56,66,15289,28618
2023-07-31 15:47:37,56,68,15289,28618
2023-07-31 15:47:37,56,65,15289,28618
2023-07-31 15:47:40,57,65,15289,28618
2023-07-31 15:47:40,57,68,15289,28618
2023-07-31 15:47:40,57,69,15289,28618
2023-07-31 15:47:40,57,66,15289,28618
2023-07-31 15:47:41,57,69,15289,28618
2023-07-31 15:47:41,57,65,15289,28618
2023-07-31 15:47:44,63,65,15289,28618
2023-07-31 15:47:47,63,68,15289,28618
2023-07-31 15:47:47,63,64,15289,28618
2023-07-31 15:47:48,63,68,15289,28618
2023-07-31 15:47:48,56,63,15289,28623
2023-07-31 15:47:48,56,68,15289,28623
2023-07-31 15:47:48,56,64,15289,28623
2023-07-31 15:47:56,56,67,15289,28623
2023-07-31 15:47:56,55,67,15289,28623
2023-07-31 15:47:56,55,66,15289,28623
2023-07-31 15:47:56,55,67,15289,28623
2023-07-31 15:47:56,55,63,15289,28623
2023-07-31 15:48:00,55,67,15289,28623
2023-07-31 15:48:00,55,64,15289,28623
2023-07-31 15:48:01,55,67,15289,28623
2023-07-31 15:48:01,55,63,15289,28623
2023-07-31 15:48:03,55,67,15289,28623
2023-07-31 15:48:03,55,66,15289,28623
2023-07-31 15:48:03,55,64,15289,28623
2023-07-31 15:48:06,56,64,15289,28623
2023-07-31 15:48:09,57,64,15289,28623
2023-07-31 15:48:09,57,68,15289,28623
2023-07-31 15:48:09,57,67,15289,28623
2023-07-31 15:48:09,57,65,15289,28623
2023-07-31 15:48:10,57,66,15289,28623
2023-07-31 15:48:10,54,66,15289,28623
2023-07-31 15:48:10,54,62,15289,28623
2023-07-31 15:48:11,54,65,15289,28623
2023-07-31 15:48:11,53,65,15289,28623
2023-07-31 15:48:11,53,61,15289,28623
2023-07-31 15:48:13,53,64,15289,28623
2023-07-31 15:48:13,52,64,15289,28623
2023-07-31 15:48:13,52,60,15289,28623
2023-07-31 15:48:15,52,64,15289,28623
2023-07-31 15:48:15,52,63,15289,28623
2023-07-31 15:48:15,51,59,15289,28623
2023-07-31 15:48:17,50,59,15289,28623
2023-07-31 15:48:19,50,62,15289,28623
2023-07-31 15:48:19,50,58,15289,28623
2023-07-31 15:48:20,51,58,15289,28623
2023-07-31 15:48:20,51,62,15289,28623
2023-07-31 15:48:20,51,63,15289,28623
2023-07-31 15:48:20,51,59,15289,28623
2023-07-31 15:48:21,51,63,15289,28623
2023-07-31 15:48:21,51,60,15289,28623
2023-07-31 15:48:23,51,63,15289,28623
2023-07-31 15:48:23,51,59,15289,28623
2023-07-31 15:48:24,52,59,15289,28623
2023-07-31 15:48:24,52,63,15289,28623
2023-07-31 15:48:24,52,64,15289,28623
2023-07-31 15:48:24,52,60,15289,28623
2023-07-31 15:48:28,52,64,15289,28623
2023-07-31 15:48:28,52,61,15289,28623
2023-07-31 15:48:30,53,61,15289,28623
2023-07-31 15:48:32,52,61,15289,28623
2023-07-31 15:48:41,53,61,15289,28623
2023-07-31 15:48:42,53,65,15289,28623
2023-07-31 15:48:42,53,62,15289,28623
2023-07-31 15:48:44,55,62,15289,28623
2023-07-31 15:48:44,55,65,15289,28623
2023-07-31 15:48:44,55,67,15289,28623
2023-07-31 15:48:44,55,66,15289,28623
2023-07-31 15:48:44,55,67,15289,28623
2023-07-31 15:48:44,55,63,15289,28623
2023-07-31 15:48:45,56,63,15289,28623
2023-07-31 15:48:45,57,63,15289,28623
2023-07-31 15:48:45,57,69,15289,28623
2023-07-31 15:48:45,57,65,15289,28623
2023-07-31 15:48:46,57,67,15289,28623
2023-07-31 15:48:46,55,67,15289,28623
2023-07-31 15:48:46,55,63,15289,28623
2023-07-31 15:48:49,55,67,15289,28623
2023-07-31 15:48:49,55,64,15289,28623
2023-07-31 15:48:49,53,64,15289,28623
2023-07-31 15:48:49,56,64,15289,28623
2023-07-31 15:48:51,57,64,15289,28623
2023-07-31 15:48:51,57,67,15289,28623
2023-07-31 15:48:51,57,68,15289,28623
2023-07-31 15:48:51,57,66,15289,28623
2023-07-31 15:48:51,57,68,15289,28623
2023-07-31 15:48:51,57,65,15289,28623
2023-07-31 15:48:55,57,68,15289,28623
2023-07-31 15:48:55,56,68,15289,28623
2023-07-31 15:48:55,56,64,15289,28623
2023-07-31 15:49:00,56,67,15289,28623
2023-07-31 15:49:00,55,67,15289,28623
2023-07-31 15:49:00,55,66,15289,28623
2023-07-31 15:49:00,55,67,15289,28623
2023-07-31 15:49:00,55,63,15289,28623
2023-07-31 15:49:01,55,67,15289,28623
2023-07-31 15:49:01,56,67,15289,28623
2023-07-31 15:49:01,56,64,15289,28623
2023-07-31 15:49:02,56,67,15289,28623
2023-07-31 15:49:02,56,63,15289,28623
2023-07-31 15:49:03,56,67,15289,28623
2023-07-31 15:49:03,55,66,15289,28623
2023-07-31 15:49:03,55,62,15289,28623
2023-07-31 15:49:04,55,66,15289,28623
2023-07-31 15:49:04,55,72,15289,28623
2023-07-31 15:49:04,55,67,15289,28623
2023-07-31 15:49:04,55,63,15289,28623
2023-07-31 15:49:08,53,63,15289,28623
2023-07-31 15:49:08,56,63,15289,28623
2023-07-31 15:49:09,56,67,15289,28623
2023-07-31 15:49:09,56,66,15289,28623
2023-07-31 15:49:09,56,64,15289,28623
2023-07-31 15:49:16,56,67,15289,28623
2023-07-31 15:49:16,53,67,15289,28623
2023-07-31 15:49:16,55,67,15289,28623
2023-07-31 15:49:16,55,66,15289,28623
2023-07-31 15:49:16,55,63,15289,28623
2023-07-31 15:49:18,55,67,15289,28623
2023-07-31 15:49:18,56,67,15289,28623
2023-07-31 15:49:18,56,64,15289,28623
2023-07-31 15:49:20,57,64,15289,28623
2023-07-31 15:49:21,57,68,15289,28623
2023-07-31 15:49:21,55,68,15289,28623
2023-07-31 15:49:21,55,66,15289,28623
2023-07-31 15:49:21,54,66,15289,28623
2023-07-31 15:49:21,54,62,15289,28623
2023-07-31 15:49:22,54,66,15289,28623
2023-07-31 15:49:22,50,66,15289,28623
2023-07-31 15:49:22,50,87,15289,28623
2023-07-31 15:49:22,50,86,15289,28623
2023-07-31 15:49:22,51,69,15289,28623
2023-07-31 15:49:22,51,63,15289,28623
2023-07-31 15:49:22,51,60,15289,28623
2023-07-31 15:49:23,51,63,15289,28623
2023-07-31 15:49:23,51,59,15289,28623
2023-07-31 15:49:27,52,59,15289,28623
2023-07-31 15:49:28,52,63,15289,28623
2023-07-31 15:49:28,52,60,15289,28623
2023-07-31 15:49:30,52,63,15289,28623
2023-07-31 15:49:30,51,63,15289,28623
2023-07-31 15:49:30,51,59,15289,28623
2023-07-31 15:49:37,51,62,15289,28623
2023-07-31 15:49:37,50,62,15289,28623
2023-07-31 15:49:37,50,58,15289,28623
2023-07-31 15:49:41,50,62,15289,28623
2023-07-31 15:49:41,51,62,15289,28623
2023-07-31 15:49:41,51,59,15289,28623
2023-07-31 15:49:43,51,63,15289,28623
2023-07-31 15:49:43,52,64,15289,28623
2023-07-31 15:49:43,52,60,15289,28623
2023-07-31 15:49:45,52,64,15289,28623
2023-07-31 15:49:45,54,64,15289,28623
2023-07-31 15:49:45,54,66,15289,28623
2023-07-31 15:49:45,54,62,15289,28623
2023-07-31 15:49:46,57,62,15289,28623
2023-07-31 15:49:46,57,66,15289,28623
2023-07-31 15:49:46,57,68,15289,28623
2023-07-31 15:49:46,57,65,15289,28623
2023-07-31 15:49:46,56,65,15289,28623
2023-07-31 15:49:46,57,65,15289,28623
2023-07-31 15:49:47,58,65,15289,28623
2023-07-31 15:49:48,58,69,15289,28623
2023-07-31 15:49:48,59,69,15289,28623
2023-07-31 15:49:48,59,70,15289,28623
2023-07-31 15:49:48,59,67,15289,28623
2023-07-31 15:49:48,59,67,15289,28623
2023-07-31 15:49:53,60,67,15289,28623
2023-07-31 15:49:53,60,70,15289,28623
2023-07-31 15:49:53,60,71,15289,28623
2023-07-31 15:49:53,60,68,15289,28623
2023-07-31 15:49:54,62,68,15289,28623
2023-07-31 15:49:54,62,71,15289,28623
2023-07-31 15:49:54,62,73,15289,28623
2023-07-31 15:49:54,62,72,15289,28623
2023-07-31 15:49:54,60,72,15289,28623
2023-07-31 15:49:54,60,73,15289,28623
2023-07-31 15:49:54,60,70,15289,28623
2023-07-31 15:49:54,62,70,15289,28623
2023-07-31 15:49:56,60,70,15289,28623
2023-07-31 15:49:56,60,78,15289,28623
2023-07-31 15:50:00,60,86,15289,28623
2023-07-31 15:50:00,50,86,15289,28623
2023-07-31 15:50:00,50,80,15289,28623
2023-07-31 15:50:03,54,80,15289,28623
2023-07-31 15:50:03,54,86,15289,28623
2023-07-31 15:50:03,56,86,15289,28623
2023-07-31 15:50:03,64,82,15289,28623
2023-07-31 15:50:05,67,82,15289,28623
2023-07-31 15:50:05,67,77,15289,28623
2023-07-31 15:50:06,64,77,15289,28623
2023-07-31 15:50:06,64,74,15289,28623
2023-07-31 15:50:06,66,74,15289,28623
2023-07-31 15:50:07,66,76,15289,28623
2023-07-31 15:50:07,50,76,15289,28623
2023-07-31 15:50:07,50,86,15289,28623
2023-07-31 15:50:07,51,86,15289,28623
2023-07-31 15:50:07,51,78,15289,28623
2023-07-31 15:50:07,60,78,15289,28623
2023-07-31 15:50:07,63,73,15289,28623
2023-07-31 15:50:07,63,69,15289,28623
2023-07-31 15:50:08,63,73,15289,28623
2023-07-31 15:50:08,63,70,15289,28623
2023-07-31 15:50:09,64,70,15289,28623
2023-07-31 15:50:10,63,70,15289,28623
2023-07-31 15:50:12,63,73,15289,28623
2023-07-31 15:50:12,63,69,15289,28623
2023-07-31 15:50:13,62,69,15289,28623
2023-07-31 15:50:15,60,69,15289,28623
2023-07-31 15:50:16,63,73,15289,28623
2023-07-31 15:50:16,63,70,15289,28623
2023-07-31 15:50:20,63,73,15289,28623
2023-07-31 15:50:20,65,75,15289,28623
2023-07-31 15:50:20,65,72,15289,28623
2023-07-31 15:50:20,62,72,15289,28623
2023-07-31 15:50:20,65,72,15289,28623
2023-07-31 15:50:21,66,72,15289,28623
2023-07-31 15:50:21,66,75,15289,28623
2023-07-31 15:50:21,66,76,15289,28623
2023-07-31 15:50:21,66,73,15289,28623
2023-07-31 15:50:22,66,76,15289,28623
2023-07-31 15:50:22,65,76,15289,28623
2023-07-31 15:50:22,65,83,15289,28623
2023-07-31 15:50:22,68,83,15289,28623
2023-07-31 15:50:22,68,78,15289,28623
2023-07-31 15:50:22,68,74,15289,28623
2023-07-31 15:50:23,68,78,15289,28623
2023-07-31 15:50:23,68,75,15289,28623
2023-07-31 15:50:26,69,75,15289,28623
2023-07-31 15:50:27,72,75,15289,28623
2023-07-31 15:50:27,72,79,15289,28623
2023-07-31 15:50:27,72,81,15289,28623
2023-07-31 15:50:27,72,78,15289,28623
2023-07-31 15:50:29,73,78,15289,28623
2023-07-31 15:50:29,73,81,15289,28623
2023-07-31 15:50:29,73,82,15289,28623
2023-07-31 15:50:29,73,79,15289,28623
2023-07-31 15:50:30,74,79,15289,28623
2023-07-31 15:50:30,77,79,15289,28623
2023-07-31 15:50:30,77,82,15289,28623
2023-07-31 15:50:30,77,86,15289,28623
2023-07-31 15:50:30,77,83,15289,28623
2023-07-31 15:50:31,79,83,15289,28623
2023-07-31 15:50:31,79,86,15289,28623
2023-07-31 15:50:31,79,87,15289,28623
2023-07-31 15:50:31,79,84,15289,28623
2023-07-31 15:50:34,79,87,15289,28623
2023-07-31 15:50:34,79,88,15289,28623
2023-07-31 15:50:34,79,87,15289,28623
2023-07-31 15:50:34,79,88,15289,28623
2023-07-31 15:50:34,79,85,15289,28623
2023-07-31 15:50:36,79,87,15289,28623
2023-07-31 15:50:36,78,87,15289,28623
2023-07-31 15:50:36,78,84,15289,28623
2023-07-31 15:50:37,78,87,15289,28623
2023-07-31 15:50:37,79,87,15289,28623
2023-07-31 15:50:37,79,85,15289,28623
2023-07-31 15:50:43,78,85,15289,28623
2023-07-31 15:50:45,78,87,15289,28623
2023-07-31 15:50:45,80,87,15289,28623
2023-07-31 15:50:45,80,89,15289,28623
2023-07-31 15:50:45,80,88,15289,28623
2023-07-31 15:50:45,80,86,15289,28623
2023-07-31 15:50:53,80,89,15289,28623
2023-07-31 15:50:53,80,88,15289,28623
2023-07-31 15:50:53,80,89,15289,28623
2023-07-31 15:50:53,80,87,15289,28623
2023-07-31 15:50:54,80,89,15289,28623
2023-07-31 15:50:54,80,86,15289,28623
2023-07-31 15:50:55,79,86,15289,28623
2023-07-31 15:50:57,79,89,15289,28623
2023-07-31 15:50:57,79,85,15289,28623
2023-07-31 15:51:00,82,85,15289,28623
2023-07-31 15:51:00,83,85,15289,28623
2023-07-31 15:51:00,83,88,15289,28623
2023-07-31 15:51:00,83,90,15289,28623
2023-07-31 15:51:00,83,87,15289,28623
2023-07-31 15:51:00,83,90,15289,28623
2023-07-31 15:51:00,83,89,15289,28623
2023-07-31 15:51:01,83,90,15289,28623
2023-07-31 15:51:01,84,90,15289,28623
2023-07-31 15:51:03,85,90,15289,28623
2023-07-31 15:51:05,85,89,15289,28623
2023-07-31 15:51:05,85,90,15289,28623
2023-07-31 15:51:06,84,90,15289,28623
2023-07-31 15:51:09,87,90,15289,28623
2023-07-31 15:51:11,87,90,15309,28643
2023-07-31 15:51:11,88,90,15309,28643
2023-07-31 15:51:11,86,90,15354,28688
2023-07-31 15:51:13,88,90,15354,28688
2023-07-31 15:51:15,89,90,15354,28688
2023-07-31 15:51:18,88,90,15354,28688
2023-07-31 15:51:21,89,90,15354,28688
2023-07-31 15:51:26,88,90,15354,28688
2023-07-31 15:51:54,88,90,15347,28695
2023-07-31 15:51:56,90,94,15319,28748
2023-07-31 15:51:57,88,94,15319,28748
2023-07-31 15:52:21,89,94,15319,28748
2023-07-31 15:52:26,90,94,15319,28748
2023-07-31 15:52:26,90,95,15319,28748
2023-07-31 15:52:40,91,95,15319,28748
2023-07-31 15:52:41,92,95,15319,28748
2023-07-31 15:53:10,94,95,15319,28748
2023-07-31 15:53:27,94,97,15319,28798
2023-07-31 15:53:28,93,97,15319,28798
2023-07-31 15:53:28,92,97,15319,28798
2023-07-31 15:53:31,93,97,15319,28798
2023-07-31 15:53:35,93,100,15319,28873
2023-07-31 15:53:35,93,99,15319,28873
2023-07-31 15:53:38,94,99,15319,28873
2023-07-31 15:53:40,95,99,15319,28873
2023-07-31 15:53:47,95,100,15319,28873
2023-07-31 15:54:01,95,99,15319,28873
2023-07-31 15:54:10,96,99,15319,28873
2023-07-31 15:54:20,95,99,15319,28873
2023-07-31 15:54:30,92,99,15319,28873
2023-07-31 15:54:41,95,99,15319,28873
2023-07-31 15:55:01,91,99,15319,28873
2023-07-31 15:55:01,94,99,15319,28873
2023-07-31 15:55:03,91,99,15319,28873
2023-07-31 15:55:03,93,99,15319,28873
2023-07-31 15:55:03,93,98,15319,28873
2023-07-31 15:55:04,94,98,15319,28873
2023-07-31 15:55:04,94,99,15319,28873
2023-07-31 15:55:05,91,99,15319,28873
2023-07-31 15:55:05,93,99,15319,28873
2023-07-31 15:55:05,93,98,15319,28873
2023-07-31 15:55:13,91,98,15319,28873
2023-07-31 15:55:13,94,99,15319,28873
2023-07-31 15:55:18,95,99,15319,28873
2023-07-31 15:55:24,93,99,15319,28873
2023-07-31 15:55:24,96,99,15319,28873
2023-07-31 15:55:50,97,99,15319,28873
2023-07-31 15:55:52,95,99,15319,28873
2023-07-31 15:55:57,97,99,15319,28873
2023-07-31 15:56:05,97,100,16319,29873
2023-07-31 15:56:07,96,100,16319,29873
2023-07-31 15:56:12,97,100,16319,29873
2023-07-31 15:56:14,96,100,16319,29873
2023-07-31 15:56:16,99,100,16319,29873
2023-07-31 15:56:32,96,100,16419,29973
2023-07-31 15:56:34,97,100,16419,29973
2023-07-31 15:56:36,96,100,16419,29973
2023-07-31 15:56:58,97,100,16419,29973
2023-07-31 15:57:00,96,100,16419,29973
2023-07-31 15:57:01,97,100,16419,29973
2023-07-31 15:57:03,96,100,16419,29973
2023-07-31 15:57:06,97,100,16419,29973
2023-07-31 15:57:07,96,100,16419,29973
2023-07-31 15:57:23,97,100,16419,29973
2023-07-31 15:57:41,98,100,16419,29973
2023-07-31 15:57:46,99,100,16419,29973
