datetime,bid,ask,open_interest,volume
2023-11-09 09:31:00,34,35,5,5
2023-11-09 09:31:07,33,35,5,5
2023-11-09 09:31:07,34,35,5,5
2023-11-09 09:31:26,33,35,5,5
2023-11-09 09:31:26,34,35,5,5
2023-11-09 09:31:40,33,35,5,5
2023-11-09 09:31:40,34,35,5,5
2023-11-09 09:31:48,33,35,5,5
2023-11-09 09:31:48,34,35,5,5
2023-11-09 09:31:56,33,35,5,5
2023-11-09 09:32:13,34,35,5,5
2023-11-09 09:32:26,33,35,5,5
2023-11-09 09:32:35,34,35,5,5
2023-11-09 09:32:36,33,35,5,5
2023-11-09 09:33:03,34,35,5,5
2023-11-09 09:33:34,33,35,5,5
2023-11-09 09:33:36,34,35,5,5
2023-11-09 09:33:37,33,35,5,5
2023-11-09 09:38:03,34,35,5,5
2023-11-09 09:38:09,33,35,5,5
2023-11-09 09:38:15,32,35,5,5
2023-11-09 09:38:18,32,34,5,5
2023-11-09 09:38:21,33,34,5,5
2023-11-09 09:38:22,32,34,5,5
2023-11-09 09:38:24,33,34,5,5
2023-11-09 09:38:37,33,35,593,593
2023-11-09 09:38:37,33,34,593,593
2023-11-09 09:38:37,33,35,593,593
2023-11-09 09:39:12,34,35,593,593
2023-11-09 09:39:30,33,35,593,593
2023-11-09 09:39:30,34,35,593,593
2023-11-09 09:39:46,33,35,593,593
2023-11-09 09:39:46,34,35,593,593
2023-11-09 09:39:47,33,35,593,593
2023-11-09 09:40:07,34,35,593,593
2023-11-09 09:40:14,33,35,593,593
2023-11-09 09:40:14,35,36,593,594
2023-11-09 09:40:14,35,36,593,654
2023-11-09 09:40:15,33,36,593,654
2023-11-09 09:40:15,35,36,593,654
2023-11-09 09:40:16,33,36,593,654
2023-11-09 09:41:03,34,36,593,654
2023-11-09 09:43:06,35,36,593,654
2023-11-09 09:43:25,36,37,593,655
2023-11-09 09:43:25,36,37,593,835
2023-11-09 09:43:27,35,37,593,835
2023-11-09 09:44:02,35,36,593,835
2023-11-09 09:44:08,35,37,593,835
2023-11-09 09:44:11,35,36,593,835
2023-11-09 09:44:13,35,37,593,835
2023-11-09 09:44:20,35,36,593,835
2023-11-09 09:44:22,35,37,593,835
2023-11-09 09:44:27,35,36,593,835
2023-11-09 09:44:50,35,37,593,835
2023-11-09 09:45:11,35,36,593,835
2023-11-09 09:45:36,35,37,793,1035
2023-11-09 09:45:40,35,36,793,1035
2023-11-09 09:45:46,35,37,793,1035
2023-11-09 09:45:46,35,36,793,1035
2023-11-09 09:45:49,35,37,1278,1520
2023-11-09 09:45:49,35,36,1278,1520
2023-11-09 09:45:52,35,37,1278,1520
2023-11-09 09:45:52,35,36,1278,1520
2023-11-09 09:45:55,35,37,1278,1520
2023-11-09 09:45:55,35,36,1278,1520
2023-11-09 09:45:56,35,37,1278,1520
2023-11-09 09:46:08,35,37,1428,1670
2023-11-09 09:46:22,36,37,1428,1670
2023-11-09 09:46:29,35,37,1428,1670
2023-11-09 09:46:29,36,37,1428,1670
2023-11-09 09:46:54,35,37,1428,1670
2023-11-09 09:46:54,36,37,1428,1670
2023-11-09 09:46:55,35,37,1428,1670
2023-11-09 09:47:03,35,36,1428,1670
2023-11-09 09:47:05,35,37,1428,1670
2023-11-09 09:47:20,35,36,1428,1670
2023-11-09 09:47:24,35,36,1678,1920
2023-11-09 09:47:25,35,37,1911,2153
2023-11-09 09:47:25,35,36,1911,2153
2023-11-09 09:47:27,35,36,2161,2403
2023-11-09 09:47:29,35,37,2219,2461
2023-11-09 09:47:29,35,36,2219,2461
2023-11-09 09:47:31,35,37,2219,2461
2023-11-09 09:47:44,35,38,2219,2461
2023-11-09 09:47:45,36,38,2219,2461
2023-11-09 09:47:48,35,38,2219,2461
2023-11-09 09:47:49,35,37,2219,2461
2023-11-09 09:48:02,36,37,2219,2461
2023-11-09 09:48:09,36,38,2219,2461
2023-11-09 09:48:38,37,38,2219,2461
2023-11-09 09:49:31,36,38,2219,2461
2023-11-09 09:49:31,37,38,2219,2461
2023-11-09 09:49:33,36,38,2219,2461
2023-11-09 09:49:33,37,38,2219,2461
2023-11-09 09:49:38,36,38,2219,2461
2023-11-09 09:49:53,35,38,2219,2461
2023-11-09 09:50:01,36,38,2219,2461
2023-11-09 09:50:03,35,38,2219,2461
2023-11-09 09:50:08,36,38,2219,2461
2023-11-09 09:50:11,35,38,2219,2461
2023-11-09 09:50:16,35,37,2219,2461
2023-11-09 09:50:26,35,36,2219,2461
2023-11-09 09:50:30,35,37,2219,2461
2023-11-09 09:50:40,35,36,2219,2461
2023-11-09 09:50:44,35,37,2219,2461
2023-11-09 09:50:55,35,38,2219,2461
2023-11-09 09:51:03,36,38,2219,2461
2023-11-09 09:51:11,37,38,2219,2461
2023-11-09 09:51:11,37,38,2219,2521
2023-11-09 09:52:36,38,39,2219,2522
2023-11-09 09:53:18,39,40,2219,2523
2023-11-09 09:53:53,39,41,2246,2550
2023-11-09 09:54:36,40,41,2246,2550
2023-11-09 09:57:12,41,42,2246,2551
2023-11-09 09:59:00,41,42,2246,2691
2023-11-09 09:59:02,41,42,2246,2751
2023-11-09 10:00:32,41,42,2246,2776
2023-11-09 10:00:33,42,43,2246,2777
2023-11-09 10:00:55,42,43,2246,2837
2023-11-09 10:01:05,41,43,2246,2837
2023-11-09 10:02:55,41,42,2246,2837
2023-11-09 10:03:18,40,42,2246,2837
2023-11-09 10:05:04,40,41,2246,2837
2023-11-09 10:05:04,39,41,2246,2837
2023-11-09 10:05:42,39,42,2246,2837
2023-11-09 10:05:44,40,42,2246,2837
2023-11-09 10:05:45,39,42,2246,2837
2023-11-09 10:06:00,39,41,2246,2837
2023-11-09 10:06:19,39,41,2246,2897
2023-11-09 10:06:20,39,40,2246,2897
2023-11-09 10:06:25,39,40,2395,3047
2023-11-09 10:06:30,39,40,2395,3197
2023-11-09 10:06:37,38,40,2395,3197
2023-11-09 10:06:46,38,39,2395,3197
2023-11-09 10:07:27,37,39,2395,3197
2023-11-09 10:07:29,37,38,2395,3197
2023-11-09 10:07:31,36,38,2395,3197
2023-11-09 10:07:31,36,38,2425,3227
2023-11-09 10:07:35,36,37,2425,3227
2023-11-09 10:07:38,35,37,2425,3227
2023-11-09 10:07:41,35,36,2425,3227
2023-11-09 10:07:59,34,36,2425,3227
2023-11-09 10:08:07,34,35,2425,3227
2023-11-09 10:08:21,34,36,2425,3227
2023-11-09 10:08:24,35,36,2425,3227
2023-11-09 10:08:26,34,36,2425,3227
2023-11-09 10:08:31,35,36,2425,3227
2023-11-09 10:08:45,34,36,2425,3227
2023-11-09 10:09:03,34,37,2425,3227
2023-11-09 10:09:05,35,37,2425,3227
2023-11-09 10:09:15,35,38,2425,3227
2023-11-09 10:09:16,36,38,2425,3227
2023-11-09 10:09:28,36,39,2425,3227
2023-11-09 10:09:28,37,39,2425,3227
2023-11-09 10:09:54,38,39,2425,3227
2023-11-09 10:10:04,37,39,2425,3227
2023-11-09 10:10:04,38,39,2425,3227
2023-11-09 10:10:06,37,39,2425,3227
2023-11-09 10:10:51,37,38,2425,3227
2023-11-09 10:10:51,36,38,2425,3227
2023-11-09 10:10:53,37,38,2425,3227
2023-11-09 10:10:57,36,38,2425,3227
2023-11-09 10:10:57,37,38,2425,3227
2023-11-09 10:10:58,36,38,2425,3227
2023-11-09 10:11:01,36,39,2425,3227
2023-11-09 10:11:12,36,38,2425,3227
2023-11-09 10:11:13,36,39,2425,3227
2023-11-09 10:11:14,36,38,2425,3227
2023-11-09 10:11:33,37,38,2425,3227
2023-11-09 10:11:38,36,38,2425,3227
2023-11-09 10:12:03,36,37,2425,3227
2023-11-09 10:12:05,35,37,2425,3227
2023-11-09 10:12:09,35,38,2425,3227
2023-11-09 10:12:13,36,38,2425,3227
2023-11-09 10:12:41,35,38,2425,3227
2023-11-09 10:12:43,36,38,2425,3227
2023-11-09 10:12:43,37,38,2425,3227
2023-11-09 10:12:52,36,38,2425,3227
2023-11-09 10:12:52,37,38,2425,3227
2023-11-09 10:12:54,36,38,2425,3227
2023-11-09 10:12:56,37,38,2425,3227
2023-11-09 10:13:19,36,38,2425,3227
2023-11-09 10:13:19,37,38,2425,3227
2023-11-09 10:13:33,37,39,2425,3227
2023-11-09 10:14:40,38,39,2425,3227
2023-11-09 10:15:03,38,39,2425,3477
2023-11-09 10:15:05,38,40,2496,3627
2023-11-09 10:15:16,39,40,2496,3627
2023-11-09 10:15:16,38,40,2496,3657
2023-11-09 10:15:17,39,40,2496,3657
2023-11-09 10:15:21,38,40,2496,3657
2023-11-09 10:15:27,39,40,2496,3657
2023-11-09 10:16:00,39,41,2496,3657
2023-11-09 10:16:07,40,41,2496,3657
2023-11-09 10:16:27,40,41,2746,3907
2023-11-09 10:16:29,40,42,2896,4057
2023-11-09 10:16:44,40,41,2896,4057
2023-11-09 10:17:07,40,42,2896,4057
2023-11-09 10:17:16,41,42,2896,4057
2023-11-09 10:17:39,40,42,2896,4057
2023-11-09 10:17:43,41,42,2896,4057
2023-11-09 10:18:21,41,42,2896,4357
2023-11-09 10:19:06,40,42,2896,4357
2023-11-09 10:19:34,41,42,2896,4357
2023-11-09 10:19:35,40,42,2896,4357
2023-11-09 10:19:35,41,42,2896,4357
2023-11-09 10:19:36,40,42,2896,4357
2023-11-09 10:19:37,40,41,2896,4357
2023-11-09 10:19:40,39,41,2896,4357
2023-11-09 10:20:15,39,41,2896,4417
2023-11-09 10:20:15,38,41,2896,4417
2023-11-09 10:20:32,39,41,2896,4417
2023-11-09 10:20:34,38,41,2896,4417
2023-11-09 10:20:35,38,40,2896,4417
2023-11-09 10:20:35,38,40,2896,4477
2023-11-09 10:20:45,39,40,2896,4477
2023-11-09 10:20:46,38,40,2896,4477
2023-11-09 10:21:01,39,40,2896,4477
2023-11-09 10:21:04,38,40,2896,4477
2023-11-09 10:21:04,39,40,2896,4477
2023-11-09 10:21:07,38,40,2896,4477
2023-11-09 10:21:07,39,40,2896,4477
2023-11-09 10:21:13,39,41,2896,4477
2023-11-09 10:21:13,40,41,2896,4477
2023-11-09 10:21:22,39,41,2896,4477
2023-11-09 10:21:22,40,41,2896,4477
2023-11-09 10:21:23,39,41,2896,4477
2023-11-09 10:21:31,40,41,2896,4477
2023-11-09 10:21:31,39,41,2896,4477
2023-11-09 10:21:40,38,41,2896,4477
2023-11-09 10:21:45,38,40,2896,4477
2023-11-09 10:21:46,38,41,2896,4477
2023-11-09 10:21:59,39,41,2896,4477
2023-11-09 10:22:31,38,41,2896,4477
2023-11-09 10:22:31,39,41,2896,4477
2023-11-09 10:23:01,38,41,2896,4477
2023-11-09 10:23:03,38,40,2896,4477
2023-11-09 10:23:19,39,40,2896,4477
2023-11-09 10:23:29,38,40,2896,4477
2023-11-09 10:24:07,39,40,2896,4477
2023-11-09 10:24:24,38,40,2896,4477
2023-11-09 10:24:24,39,40,2896,4477
2023-11-09 10:24:28,39,41,2896,4477
2023-11-09 10:24:31,40,41,2896,4477
2023-11-09 10:24:39,39,41,2896,4477
2023-11-09 10:25:10,40,41,2896,4477
2023-11-09 10:25:11,39,41,2896,4477
2023-11-09 10:25:11,40,41,2896,4477
2023-11-09 10:25:13,39,41,2896,4477
2023-11-09 10:25:27,38,41,2896,4477
2023-11-09 10:25:39,38,40,2896,4477
2023-11-09 10:25:40,38,41,2896,4477
2023-11-09 10:25:44,38,40,2896,4477
2023-11-09 10:25:51,38,41,2896,4477
2023-11-09 10:25:52,38,40,2896,4477
2023-11-09 10:25:58,38,39,2896,4477
2023-11-09 10:25:59,38,40,2896,4477
2023-11-09 10:26:05,38,39,2896,4477
2023-11-09 10:26:07,38,40,2896,4477
2023-11-09 10:26:16,38,39,2896,4477
2023-11-09 10:26:21,37,39,2896,4477
2023-11-09 10:26:27,37,38,2896,4477
2023-11-09 10:26:29,37,39,2896,4477
2023-11-09 10:26:35,37,38,2896,4477
2023-11-09 10:26:43,37,38,2905,4657
2023-11-09 10:26:44,36,38,2905,4657
2023-11-09 10:27:03,36,37,2905,4657
2023-11-09 10:27:18,36,38,2905,4657
2023-11-09 10:27:24,36,39,2905,4657
2023-11-09 10:27:25,37,39,2905,4657
2023-11-09 10:27:49,38,39,2905,4657
2023-11-09 10:27:51,37,39,2905,4657
2023-11-09 10:27:58,37,38,2905,4657
2023-11-09 10:28:00,37,39,2905,4657
2023-11-09 10:28:14,37,38,2905,4657
2023-11-09 10:28:29,37,39,2905,4657
2023-11-09 10:28:49,36,39,2905,4657
2023-11-09 10:28:52,36,38,2905,4657
2023-11-09 10:28:57,36,39,2905,4657
2023-11-09 10:28:57,36,38,2905,4657
2023-11-09 10:29:05,36,37,2905,4657
2023-11-09 10:29:12,36,38,2905,4657
2023-11-09 10:30:03,36,37,2905,4657
2023-11-09 10:30:07,36,38,2905,4657
2023-11-09 10:30:07,36,37,2905,4657
2023-11-09 10:30:24,35,37,2905,4657
2023-11-09 10:30:41,35,36,2905,4657
2023-11-09 10:30:41,35,37,2905,4657
2023-11-09 10:30:41,35,36,2905,4657
2023-11-09 10:30:42,35,37,2905,4657
2023-11-09 10:30:45,34,37,3045,4797
2023-11-09 10:30:49,34,36,3045,4797
2023-11-09 10:30:49,34,37,3045,4797
2023-11-09 10:30:51,35,37,3045,4797
2023-11-09 10:31:07,34,37,3045,4797
2023-11-09 10:31:10,35,37,3045,4797
2023-11-09 10:31:13,34,37,3045,4797
2023-11-09 10:31:15,34,36,3045,4797
2023-11-09 10:31:16,34,35,3045,4797
2023-11-09 10:31:25,33,35,3045,4797
2023-11-09 10:31:33,33,34,3045,4797
2023-11-09 10:31:46,33,35,3045,4797
2023-11-09 10:32:08,34,35,3045,4797
2023-11-09 10:32:10,33,35,3045,4797
2023-11-09 10:32:14,34,35,3045,4797
2023-11-09 10:32:16,33,35,3045,4797
2023-11-09 10:32:16,34,35,3045,4797
2023-11-09 10:32:17,33,35,3045,4797
2023-11-09 10:32:17,34,35,3045,4797
2023-11-09 10:32:19,34,36,3045,4797
2023-11-09 10:32:40,35,36,3045,4797
2023-11-09 10:32:40,35,37,3045,4797
2023-11-09 10:32:40,35,36,3045,4797
2023-11-09 10:32:40,35,37,3045,4797
2023-11-09 10:32:45,36,37,3045,4797
2023-11-09 10:32:46,35,37,3045,4797
2023-11-09 10:33:01,36,37,3045,4797
2023-11-09 10:33:03,35,37,3045,4797
2023-11-09 10:33:06,36,37,3045,4797
2023-11-09 10:33:08,35,37,3045,4797
2023-11-09 10:33:33,34,37,3045,4797
2023-11-09 10:33:41,34,36,3045,4797
2023-11-09 10:33:53,33,36,3045,4797
2023-11-09 10:33:56,33,35,3045,4797
2023-11-09 10:34:05,34,35,3045,4797
2023-11-09 10:34:06,34,36,3045,4797
2023-11-09 10:34:08,33,36,3045,4797
2023-11-09 10:34:19,34,36,3045,4797
2023-11-09 10:34:20,34,36,3045,4917
2023-11-09 10:34:32,33,36,3045,4917
2023-11-09 10:35:07,34,36,3045,4917
2023-11-09 10:35:08,33,36,3045,4917
2023-11-09 10:35:11,34,36,3045,4917
2023-11-09 10:35:16,33,36,3045,4917
2023-11-09 10:35:17,33,35,3045,4917
2023-11-09 10:35:25,33,36,3045,4917
2023-11-09 10:35:28,34,36,3045,4917
2023-11-09 10:35:33,33,36,3045,4917
2023-11-09 10:35:33,34,36,3045,4917
2023-11-09 10:35:58,33,36,3045,4917
2023-11-09 10:36:05,34,36,3045,4917
2023-11-09 10:36:06,33,36,3045,4917
2023-11-09 10:36:08,34,36,3045,4917
2023-11-09 10:36:17,34,37,3045,4917
2023-11-09 10:36:21,34,36,3045,4917
2023-11-09 10:36:26,33,36,3045,4917
2023-11-09 10:36:28,33,35,3045,4917
2023-11-09 10:37:23,33,36,3045,4917
2023-11-09 10:37:26,34,36,3045,4917
2023-11-09 10:37:31,35,36,3045,4917
2023-11-09 10:37:37,34,36,3045,4917
2023-11-09 10:37:37,35,36,3045,4917
2023-11-09 10:37:38,34,36,3045,4917
2023-11-09 10:37:38,35,36,3045,4917
2023-11-09 10:37:39,34,36,3045,4917
2023-11-09 10:37:45,35,36,3045,4917
2023-11-09 10:37:48,35,37,3045,4917
2023-11-09 10:37:59,36,37,3045,4917
2023-11-09 10:38:01,34,37,3045,4917
2023-11-09 10:38:01,35,37,3045,4917
2023-11-09 10:38:04,36,37,3045,4917
2023-11-09 10:38:18,35,37,3045,4917
2023-11-09 10:38:19,35,38,3045,4917
2023-11-09 10:38:29,36,38,3045,4917
2023-11-09 10:38:35,35,38,3045,4917
2023-11-09 10:38:36,36,38,3045,4917
2023-11-09 10:38:36,37,38,3045,4917
2023-11-09 10:38:38,37,38,3045,5117
2023-11-09 10:38:52,37,39,3045,5117
2023-11-09 10:38:57,38,39,3045,5117
2023-11-09 10:39:05,38,40,3045,5117
2023-11-09 10:39:10,39,40,3045,5117
2023-11-09 10:39:24,38,40,3045,5117
2023-11-09 10:39:33,37,40,3045,5117
2023-11-09 10:39:33,38,40,3045,5117
2023-11-09 10:39:37,37,40,3045,5117
2023-11-09 10:39:45,38,40,3045,5117
2023-11-09 10:39:45,39,40,3045,5117
2023-11-09 10:39:52,38,40,3045,5117
2023-11-09 10:39:52,39,40,3045,5117
2023-11-09 10:39:56,37,40,3045,5117
2023-11-09 10:39:56,39,40,3045,5117
2023-11-09 10:40:00,37,40,3045,5117
2023-11-09 10:40:03,38,40,3045,5117
2023-11-09 10:40:05,38,39,3045,5117
2023-11-09 10:40:08,37,39,3045,5117
2023-11-09 10:40:52,38,39,3045,5117
2023-11-09 10:40:53,37,39,3045,5117
2023-11-09 10:40:54,38,39,3045,5117
2023-11-09 10:41:01,37,39,3045,5117
2023-11-09 10:41:01,38,39,3045,5117
2023-11-09 10:41:02,37,39,3045,5117
2023-11-09 10:41:03,38,39,3045,5117
2023-11-09 10:41:04,37,39,3045,5117
2023-11-09 10:41:12,38,39,3045,5117
2023-11-09 10:41:18,38,39,3045,5177
2023-11-09 10:41:18,37,39,3045,5177
2023-11-09 10:41:20,37,38,3045,5177
2023-11-09 10:41:20,37,38,3045,5327
2023-11-09 10:41:20,36,38,3045,5327
2023-11-09 10:41:23,35,38,3045,5327
2023-11-09 10:41:23,35,37,3045,5327
2023-11-09 10:41:26,35,36,3045,5327
2023-11-09 10:41:27,35,36,3465,5747
2023-11-09 10:42:41,35,37,3465,5747
2023-11-09 10:42:41,36,37,3465,5747
2023-11-09 10:42:42,35,37,3465,5747
2023-11-09 10:42:52,35,38,3465,5747
2023-11-09 10:42:54,36,38,3465,5747
2023-11-09 10:43:03,35,38,3465,5747
2023-11-09 10:43:32,36,38,3465,5747
2023-11-09 10:43:36,35,38,3465,5747
2023-11-09 10:43:52,36,38,3465,5747
2023-11-09 10:43:59,37,38,3465,5747
2023-11-09 10:43:59,36,38,3465,5747
2023-11-09 10:44:00,37,38,3465,5747
2023-11-09 10:44:09,37,39,3465,5747
2023-11-09 10:44:12,36,39,3465,5747
2023-11-09 10:44:15,37,39,3465,5747
2023-11-09 10:44:15,38,39,3465,5747
2023-11-09 10:44:23,37,39,3465,5747
2023-11-09 10:44:26,37,40,3465,5747
2023-11-09 10:44:34,38,40,3465,5747
2023-11-09 10:44:40,38,40,3465,5997
2023-11-09 10:44:41,39,40,3465,5997
2023-11-09 10:44:45,39,40,3516,6247
2023-11-09 10:44:48,39,41,3616,6347
2023-11-09 10:44:50,40,41,3616,6347
2023-11-09 10:45:27,40,41,3866,6597
2023-11-09 10:45:54,40,42,3866,6597
2023-11-09 10:46:26,40,41,3866,6597
2023-11-09 10:46:36,40,42,3866,6597
2023-11-09 10:46:36,40,41,3866,6597
2023-11-09 10:46:38,40,42,3866,6597
2023-11-09 10:46:44,40,41,3866,6597
2023-11-09 10:46:54,39,41,3866,6597
2023-11-09 10:46:56,39,41,3746,6717
2023-11-09 10:46:59,38,41,3746,6717
2023-11-09 10:47:03,38,40,3746,6717
2023-11-09 10:47:07,38,41,3746,6717
2023-11-09 10:47:07,38,40,3746,6717
2023-11-09 10:47:09,39,40,3746,6717
2023-11-09 10:47:10,39,41,3746,6717
2023-11-09 10:48:03,38,41,3746,6717
2023-11-09 10:48:19,39,41,3746,6717
2023-11-09 10:48:30,39,42,3746,6717
2023-11-09 10:48:34,40,42,3746,6717
2023-11-09 10:49:32,39,42,3746,6717
2023-11-09 10:50:10,40,42,3746,6717
2023-11-09 10:50:44,41,42,3746,6717
2023-11-09 10:51:15,41,42,3846,6817
2023-11-09 10:51:16,41,43,3846,6817
2023-11-09 10:51:16,42,43,3846,6817
2023-11-09 10:51:33,41,43,3846,6817
2023-11-09 10:51:55,42,43,3846,6817
2023-11-09 10:51:57,43,44,3846,6818
2023-11-09 10:52:07,42,44,3846,6818
2023-11-09 10:52:13,43,44,3846,6818
2023-11-09 10:52:23,42,44,3846,6818
2023-11-09 10:52:32,43,44,3846,6818
2023-11-09 10:52:49,42,44,3846,6818
2023-11-09 10:52:49,43,44,3846,6818
2023-11-09 10:52:51,42,44,3846,6818
2023-11-09 10:53:13,43,44,3846,6818
2023-11-09 10:53:46,44,45,3846,6819
2023-11-09 10:53:49,43,45,3846,6819
2023-11-09 10:53:57,44,45,3846,6819
2023-11-09 10:53:57,43,45,3846,6819
2023-11-09 10:54:04,44,45,3846,6819
2023-11-09 10:54:24,43,45,3846,6819
2023-11-09 10:55:09,42,45,3846,6819
2023-11-09 10:55:47,43,45,3846,6819
2023-11-09 10:56:20,44,45,3846,6819
2023-11-09 10:56:43,45,46,3846,6820
2023-11-09 10:57:35,44,46,3846,6820
2023-11-09 10:58:11,44,45,3846,6820
2023-11-09 10:58:14,43,45,3846,6820
2023-11-09 10:58:55,44,45,3846,6820
2023-11-09 10:59:11,44,46,3846,6820
2023-11-09 10:59:11,45,46,3846,6820
2023-11-09 10:59:12,45,46,3846,6920
2023-11-09 11:00:06,45,46,3846,7120
2023-11-09 11:00:06,46,47,3846,7121
2023-11-09 11:00:25,45,47,3846,7121
2023-11-09 11:00:36,46,47,3846,7121
2023-11-09 11:00:47,45,47,3846,7121
2023-11-09 11:00:48,46,47,3846,7121
2023-11-09 11:00:50,45,47,3846,7121
2023-11-09 11:01:23,46,47,3846,7121
2023-11-09 11:01:33,47,48,3846,7122
2023-11-09 11:01:54,46,48,3846,7122
2023-11-09 11:01:54,47,48,3846,7122
2023-11-09 11:02:01,47,48,3846,7129
2023-11-09 11:02:31,48,49,3846,7130
2023-11-09 11:02:31,48,49,3846,7143
2023-11-09 11:03:13,47,49,3846,7143
2023-11-09 11:03:14,48,49,3846,7143
2023-11-09 11:04:14,49,50,3846,7144
2023-11-09 11:04:35,48,50,3846,7144
2023-11-09 11:04:42,49,50,3846,7144
2023-11-09 11:04:53,50,51,3846,7145
2023-11-09 11:04:54,50,51,3846,7245
2023-11-09 11:05:09,50,51,3846,7432
2023-11-09 11:06:09,50,51,3916,7632
2023-11-09 11:06:09,51,52,3916,7633
2023-11-09 11:08:31,51,52,4116,7833
2023-11-09 11:08:40,51,53,4116,7833
2023-11-09 11:08:40,52,53,4116,7833
2023-11-09 11:08:43,51,53,4116,7833
2023-11-09 11:08:45,52,53,4116,7833
2023-11-09 11:11:52,53,54,4117,7834
2023-11-09 11:13:40,52,53,4118,7835
2023-11-09 11:15:06,51,53,4118,7835
2023-11-09 11:15:25,51,52,4118,7835
2023-11-09 11:15:25,51,53,3918,8431
2023-11-09 11:15:49,51,52,3918,8431
2023-11-09 11:15:53,51,53,3918,8431
2023-11-09 11:15:53,51,52,3918,8431
2023-11-09 11:15:57,51,53,3918,8431
2023-11-09 11:16:01,51,52,3918,8431
2023-11-09 11:16:03,51,53,3918,8431
2023-11-09 11:16:23,51,52,3918,8431
2023-11-09 11:16:24,51,53,3918,8431
2023-11-09 11:16:54,51,54,3918,8431
2023-11-09 11:17:29,51,53,3918,8431
2023-11-09 11:17:30,51,54,3918,8431
2023-11-09 11:17:30,51,53,3918,8431
2023-11-09 11:18:08,51,54,3918,8431
2023-11-09 11:18:09,51,53,3918,8431
2023-11-09 11:18:09,51,52,3918,8431
2023-11-09 11:18:10,51,53,3918,8431
2023-11-09 11:18:46,51,54,3918,8431
2023-11-09 11:18:46,51,53,3918,8431
2023-11-09 11:18:49,51,54,3918,8431
2023-11-09 11:19:01,52,54,3918,8431
2023-11-09 11:20:34,52,53,3918,8431
2023-11-09 11:21:07,52,54,3918,8431
2023-11-09 11:22:04,52,53,3918,8431
2023-11-09 11:22:12,52,54,3918,8431
2023-11-09 11:23:48,52,53,3918,8431
2023-11-09 11:24:01,52,54,3918,8431
2023-11-09 11:25:37,52,53,3918,8431
2023-11-09 11:26:37,52,54,3918,8431
2023-11-09 11:26:38,52,53,3918,8431
2023-11-09 11:26:47,51,53,3918,8431
2023-11-09 11:27:38,51,54,3918,8431
2023-11-09 11:27:39,51,53,3918,8431
2023-11-09 11:28:08,52,53,3918,8431
2023-11-09 11:28:09,51,53,3918,8431
2023-11-09 11:28:10,52,53,3918,8431
2023-11-09 11:29:20,52,53,3918,8491
2023-11-09 11:29:22,51,53,3918,8491
2023-11-09 11:30:11,51,52,3918,8491
2023-11-09 11:30:24,51,53,3918,8491
2023-11-09 11:31:03,51,53,3946,8519
2023-11-09 11:31:03,52,53,3946,8519
2023-11-09 11:31:14,52,54,3946,8519
2023-11-09 11:31:59,51,54,3946,8519
2023-11-09 11:31:59,53,54,3946,8519
2023-11-09 11:32:33,52,54,3946,8547
2023-11-09 11:36:03,53,54,3946,8547
2023-11-09 11:36:05,52,54,3946,8547
2023-11-09 11:36:38,53,54,3946,8547
2023-11-09 11:36:41,52,54,3946,8547
2023-11-09 11:36:41,53,54,3946,8547
2023-11-09 11:37:02,52,54,3946,8547
2023-11-09 11:37:02,53,54,3946,8547
2023-11-09 11:37:04,52,54,3946,8547
2023-11-09 11:37:04,53,54,3946,8547
2023-11-09 11:37:07,52,54,3946,8547
2023-11-09 11:41:10,52,54,4006,8607
2023-11-09 11:44:24,53,54,4006,8607
2023-11-09 11:45:24,54,55,4007,8608
2023-11-09 11:45:47,54,55,4067,8668
2023-11-09 11:47:54,54,55,4408,9009
2023-11-09 11:48:19,54,55,4802,9403
2023-11-09 11:48:22,53,55,5002,9603
2023-11-09 11:48:39,53,55,5331,9932
2023-11-09 11:48:41,53,55,5770,10371
2023-11-09 11:48:42,53,54,5770,10371
2023-11-09 11:48:58,52,54,6102,10703
2023-11-09 11:50:08,52,55,6102,10703
2023-11-09 11:50:08,52,53,6102,10703
2023-11-09 11:51:05,50,52,6102,10903
2023-11-09 11:51:05,50,53,6102,10903
2023-11-09 11:51:05,50,52,6102,10903
2023-11-09 11:51:08,50,51,6102,10903
2023-11-09 11:52:06,49,51,6102,10903
2023-11-09 11:52:06,48,51,6102,10903
2023-11-09 11:52:06,49,51,6102,10903
2023-11-09 11:52:06,49,50,6102,10903
2023-11-09 11:52:11,48,50,6102,10903
2023-11-09 11:52:19,49,50,6102,10903
2023-11-09 11:52:24,48,50,6102,10903
2023-11-09 11:52:24,49,50,6102,10903
2023-11-09 11:52:30,48,50,6102,10903
2023-11-09 11:52:30,48,49,6102,10903
2023-11-09 11:53:00,48,49,6102,10931
2023-11-09 11:53:06,48,49,6102,11181
2023-11-09 11:53:08,48,49,6102,11209
2023-11-09 11:53:08,48,51,6102,11209
2023-11-09 11:53:08,49,51,6102,11209
2023-11-09 11:53:08,49,50,6102,11209
2023-11-09 11:53:12,48,50,6102,11209
2023-11-09 11:53:12,49,50,6102,11209
2023-11-09 11:53:17,48,50,6102,11209
2023-11-09 11:53:17,49,50,6102,11209
2023-11-09 11:53:24,48,50,6102,11209
2023-11-09 11:53:24,49,50,6102,11209
2023-11-09 11:53:31,48,50,6102,11209
2023-11-09 11:53:31,49,50,6102,11209
2023-11-09 11:53:40,48,50,6102,11209
2023-11-09 11:53:40,49,50,6102,11209
2023-11-09 11:53:47,49,51,6102,11231
2023-11-09 11:53:48,50,51,6102,11231
2023-11-09 11:53:49,49,51,6102,11231
2023-11-09 11:53:49,50,51,6102,11231
2023-11-09 11:53:53,50,51,6102,11351
2023-11-09 11:54:00,49,51,6102,11351
2023-11-09 11:54:00,50,51,6102,11351
2023-11-09 11:54:01,49,51,6102,11351
2023-11-09 11:54:01,50,51,6102,11351
2023-11-09 11:54:02,49,51,6102,11351
2023-11-09 11:54:19,49,51,6102,11376
2023-11-09 11:54:21,48,51,6102,11376
2023-11-09 11:54:21,49,51,6102,11376
2023-11-09 11:54:24,48,51,6102,11376
2023-11-09 11:54:26,48,50,6102,11376
2023-11-09 11:55:08,48,51,6102,11376
2023-11-09 11:55:08,49,51,6102,11376
2023-11-09 11:55:54,49,52,6102,11376
2023-11-09 11:55:54,50,52,6102,11376
2023-11-09 11:56:22,52,53,6162,11436
2023-11-09 11:56:43,52,54,6162,11436
2023-11-09 11:56:49,52,53,6162,11436
2023-11-09 11:57:06,52,54,6162,11436
2023-11-09 11:57:06,52,53,6162,11436
2023-11-09 11:57:17,52,54,6162,11436
2023-11-09 11:57:17,52,53,6162,11436
2023-11-09 11:57:49,52,54,6162,11436
2023-11-09 11:58:13,52,53,6162,11436
2023-11-09 11:58:17,52,54,6162,11436
2023-11-09 11:58:25,52,53,6162,11436
2023-11-09 11:58:41,51,53,6162,11436
2023-11-09 11:58:52,51,52,6162,11436
2023-11-09 11:58:52,50,52,6162,11436
2023-11-09 11:59:11,50,53,6162,11436
2023-11-09 11:59:21,50,52,6162,11436
2023-11-09 11:59:50,50,53,6162,11436
2023-11-09 12:00:04,51,53,6162,11436
2023-11-09 12:00:11,52,54,6162,11436
2023-11-09 12:00:37,52,55,6162,11436
2023-11-09 12:01:02,52,54,6162,11436
2023-11-09 12:01:16,52,55,6162,11436
2023-11-09 12:03:53,53,55,6162,11436
2023-11-09 12:04:00,52,55,6162,11436
2023-11-09 12:08:05,52,54,6162,11436
2023-11-09 12:10:03,52,55,6162,11436
2023-11-09 12:10:04,52,54,6162,11436
2023-11-09 12:10:06,52,55,6162,11436
2023-11-09 12:10:47,52,54,6162,11436
2023-11-09 12:10:48,52,55,6162,11436
2023-11-09 12:11:06,53,55,6162,11436
2023-11-09 12:11:13,54,55,6162,11436
2023-11-09 12:11:13,54,55,6282,11556
2023-11-09 12:11:15,53,55,6362,11636
2023-11-09 12:12:20,54,55,6362,11636
2023-11-09 12:12:34,53,55,6362,11636
2023-11-09 12:13:37,52,55,6362,11636
2023-11-09 12:16:09,52,54,6362,11636
2023-11-09 12:16:22,51,54,6362,11636
2023-11-09 12:17:23,52,54,6362,11636
2023-11-09 12:17:23,53,54,6362,11636
2023-11-09 12:17:36,52,54,6362,11636
2023-11-09 12:17:36,53,54,6362,11636
2023-11-09 12:18:06,52,54,6362,11636
2023-11-09 12:18:06,52,55,6362,11636
2023-11-09 12:18:15,53,55,6362,11636
2023-11-09 12:18:22,52,55,6362,11636
2023-11-09 12:18:22,53,55,6362,11636
2023-11-09 12:18:24,53,54,6362,11636
2023-11-09 12:18:26,53,55,6362,11636
2023-11-09 12:18:27,53,54,6362,11636
2023-11-09 12:18:28,52,54,6362,11636
2023-11-09 12:18:28,53,54,6362,11636
2023-11-09 12:18:32,52,54,6362,11636
2023-11-09 12:18:32,53,54,6362,11636
2023-11-09 12:18:41,53,55,6362,11636
2023-11-09 12:18:41,54,55,6362,11636
2023-11-09 12:18:44,54,55,6162,11836
2023-11-09 12:19:05,53,55,6162,11836
2023-11-09 12:19:05,54,55,6162,11836
2023-11-09 12:19:29,54,55,5962,12036
2023-11-09 12:19:34,54,55,5762,12236
2023-11-09 12:19:45,54,55,5562,12436
2023-11-09 12:19:55,52,55,5562,12436
2023-11-09 12:19:55,53,55,5562,12436
2023-11-09 12:20:20,54,55,5562,12436
2023-11-09 12:20:20,54,55,5630,12556
2023-11-09 12:20:20,53,55,5630,12556
2023-11-09 12:20:28,54,55,5630,12556
2023-11-09 12:20:29,53,55,5630,12556
2023-11-09 12:20:31,54,55,5630,12556
2023-11-09 12:20:32,53,55,5630,12556
2023-11-09 12:20:32,54,55,5630,12556
2023-11-09 12:20:38,53,55,5630,12556
2023-11-09 12:20:41,54,55,5630,12556
2023-11-09 12:20:42,53,55,5630,12556
2023-11-09 12:21:04,54,55,5630,12556
2023-11-09 12:21:15,53,55,5630,12556
2023-11-09 12:22:07,53,54,5630,12556
2023-11-09 12:22:36,52,54,5630,12556
2023-11-09 12:22:36,53,54,5630,12556
2023-11-09 12:22:37,52,54,5630,12556
2023-11-09 12:22:37,53,54,5630,12556
2023-11-09 12:22:38,52,54,5630,12556
2023-11-09 12:22:38,53,54,5630,12556
2023-11-09 12:23:21,53,55,5630,12556
2023-11-09 12:23:33,53,54,5630,12556
2023-11-09 12:23:38,54,55,5631,12557
2023-11-09 12:23:41,53,55,5631,12557
2023-11-09 12:23:44,54,55,5631,12557
2023-11-09 12:23:45,53,55,5631,12557
2023-11-09 12:23:48,54,55,5631,12557
2023-11-09 12:23:54,53,55,5631,12557
2023-11-09 12:23:54,54,55,5631,12557
2023-11-09 12:24:03,53,55,5631,12557
2023-11-09 12:24:03,54,55,5631,12557
2023-11-09 12:24:34,53,55,5631,12557
2023-11-09 12:24:34,54,55,5631,12557
2023-11-09 12:26:10,53,55,5631,12557
2023-11-09 12:26:10,54,55,5631,12557
2023-11-09 12:26:19,53,55,5631,12557
2023-11-09 12:26:19,54,55,5631,12557
2023-11-09 12:27:01,53,55,5631,12557
2023-11-09 12:27:01,54,55,5631,12557
2023-11-09 12:27:19,53,55,5631,12557
2023-11-09 12:27:20,54,55,5631,12557
2023-11-09 12:27:21,53,55,5631,12557
2023-11-09 12:27:47,53,54,5631,12557
2023-11-09 12:27:56,52,54,5631,12557
2023-11-09 12:27:56,53,54,5631,12557
2023-11-09 12:28:11,52,54,5631,12557
2023-11-09 12:28:11,53,54,5631,12557
2023-11-09 12:28:24,52,54,5631,12557
2023-11-09 12:28:24,53,54,5631,12557
2023-11-09 12:28:41,53,54,5631,12757
2023-11-09 12:28:41,52,54,5631,12757
2023-11-09 12:28:50,52,53,5631,12757
2023-11-09 12:28:51,52,54,5631,12757
2023-11-09 12:29:00,53,54,5631,12757
2023-11-09 12:29:18,52,54,5631,12757
2023-11-09 12:29:18,53,54,5631,12757
2023-11-09 12:29:39,52,54,5631,12757
2023-11-09 12:29:39,53,54,5631,12757
2023-11-09 12:30:10,52,54,5631,12757
2023-11-09 12:30:10,53,54,5631,12757
2023-11-09 12:30:42,52,54,5631,12757
2023-11-09 12:30:42,53,54,5631,12757
2023-11-09 12:30:51,52,54,5631,12757
2023-11-09 12:30:51,53,54,5631,12757
2023-11-09 12:31:09,54,55,5632,12758
2023-11-09 12:31:10,53,55,5632,12758
2023-11-09 12:31:10,54,55,5632,12758
2023-11-09 12:32:24,53,55,5632,12758
2023-11-09 12:32:24,54,55,5632,12758
2023-11-09 12:32:44,53,55,5632,12758
2023-11-09 12:32:44,54,55,5632,12758
2023-11-09 12:32:45,53,55,5632,12758
2023-11-09 12:36:59,54,55,5632,12758
2023-11-09 12:37:24,53,55,5632,12758
2023-11-09 12:37:24,54,55,5632,12758
2023-11-09 12:37:25,53,55,5632,12758
2023-11-09 12:37:52,53,55,5692,12818
2023-11-09 12:37:56,53,54,5692,12818
2023-11-09 12:37:59,53,55,5692,12818
2023-11-09 12:39:05,53,54,5692,12818
2023-11-09 12:39:06,52,54,5692,12818
2023-11-09 12:39:06,53,54,5692,12818
2023-11-09 12:39:07,52,54,5692,12818
2023-11-09 12:39:07,53,54,5692,12818
2023-11-09 12:39:09,52,54,5692,12818
2023-11-09 12:39:23,52,53,5692,12818
2023-11-09 12:39:24,52,54,5692,12818
2023-11-09 12:39:25,52,53,5692,12818
2023-11-09 12:39:37,51,53,5692,12818
2023-11-09 12:39:46,51,53,5807,12933
2023-11-09 12:39:47,51,52,5807,12933
2023-11-09 12:39:51,50,52,5807,12933
2023-11-09 12:39:51,51,52,5807,12933
2023-11-09 12:39:53,50,52,5807,12933
2023-11-09 12:39:54,51,52,5807,12933
2023-11-09 12:39:55,50,52,5807,12933
2023-11-09 12:39:57,50,51,5807,12933
2023-11-09 12:39:57,50,51,6007,13133
2023-11-09 12:39:57,50,52,6007,13133
2023-11-09 12:40:05,50,52,6007,13183
2023-11-09 12:40:06,49,52,6007,13183
2023-11-09 12:40:06,50,52,6007,13183
2023-11-09 12:40:09,50,51,6007,13183
2023-11-09 12:40:10,50,51,6067,13243
2023-11-09 12:40:10,50,51,6207,13383
2023-11-09 12:40:10,50,51,6347,13523
2023-11-09 12:40:10,49,51,6347,13523
2023-11-09 12:40:12,49,51,6407,13583
2023-11-09 12:40:13,50,51,6407,13583
2023-11-09 12:40:33,50,52,6407,13583
2023-11-09 12:40:34,51,52,6407,13583
2023-11-09 12:41:09,51,54,6407,13583
2023-11-09 12:41:09,51,53,6407,13583
2023-11-09 12:41:09,52,53,6407,13583
2023-11-09 12:41:14,51,53,6407,13583
2023-11-09 12:41:14,52,53,6407,13583
2023-11-09 12:41:14,52,54,6407,13583
2023-11-09 12:41:14,52,54,6407,13643
2023-11-09 12:41:14,51,54,6407,13643
2023-11-09 12:41:15,52,54,6407,13643
2023-11-09 12:41:16,51,54,6407,13643
2023-11-09 12:41:18,51,53,6407,13643
2023-11-09 12:41:20,51,54,6407,13643
2023-11-09 12:41:23,52,54,6407,13643
2023-11-09 12:41:32,51,54,6407,13643
2023-11-09 12:41:32,52,54,6407,13643
2023-11-09 12:41:32,51,54,6407,13643
2023-11-09 12:41:33,51,53,6407,13643
2023-11-09 12:42:32,51,54,6407,13643
2023-11-09 12:42:33,51,53,6407,13643
2023-11-09 12:42:34,51,54,6407,13643
2023-11-09 12:42:57,52,54,6407,13643
2023-11-09 12:43:07,52,54,6407,13668
2023-11-09 12:43:45,52,53,6407,13668
2023-11-09 12:43:57,52,54,6407,13668
2023-11-09 12:44:23,52,53,6407,13668
2023-11-09 12:44:28,51,53,6407,13668
2023-11-09 12:44:46,52,53,6407,13668
2023-11-09 12:44:48,51,53,6407,13668
2023-11-09 12:44:48,52,53,6407,13668
2023-11-09 12:44:58,52,54,6407,13668
2023-11-09 12:45:14,52,53,6407,13668
2023-11-09 12:45:17,52,54,6407,13668
2023-11-09 12:45:21,52,53,6407,13668
2023-11-09 12:45:23,51,53,6407,13668
2023-11-09 12:45:23,52,53,6407,13668
2023-11-09 12:45:30,52,54,6407,13668
2023-11-09 12:45:54,53,54,6407,13668
2023-11-09 12:46:19,54,55,6408,13669
2023-11-09 12:48:28,55,56,6409,13670
2023-11-09 12:48:48,55,57,6410,14071
2023-11-09 12:48:55,57,58,6911,15172
2023-11-09 12:48:55,57,58,6971,15232
2023-11-09 12:48:55,55,57,7111,15372
2023-11-09 12:48:55,55,58,7111,15372
2023-11-09 12:48:55,55,57,7111,15372
2023-11-09 12:48:56,56,57,7111,15372
2023-11-09 12:49:02,56,58,7111,15372
2023-11-09 12:49:05,57,58,7111,15372
2023-11-09 12:49:05,57,58,7231,15492
2023-11-09 12:49:24,58,59,7732,17117
2023-11-09 12:49:24,58,59,7812,17197
2023-11-09 12:49:25,58,59,7892,17277
2023-11-09 12:49:30,58,59,7952,17337
2023-11-09 12:49:34,57,59,8132,17517
2023-11-09 12:50:06,57,59,8287,17672
2023-11-09 12:50:19,57,59,8337,17722
2023-11-09 12:50:33,58,59,8337,17722
2023-11-09 12:50:35,58,59,8531,17916
2023-11-09 12:50:36,57,59,8531,17916
2023-11-09 12:50:36,57,58,8531,17916
2023-11-09 12:50:51,57,58,8875,18316
2023-11-09 12:50:55,57,59,8875,18316
2023-11-09 12:50:55,57,58,8875,18316
2023-11-09 12:50:55,58,59,8875,19238
2023-11-09 12:50:55,57,59,8875,19238
2023-11-09 12:50:56,58,59,8875,19238
2023-11-09 12:56:45,59,60,8876,19239
2023-11-09 12:57:19,60,61,8877,19240
2023-11-09 12:57:28,60,61,8877,19292
2023-11-09 12:59:40,60,61,8677,19892
2023-11-09 13:01:14,59,60,8677,19910
2023-11-09 13:01:20,59,61,8677,19910
2023-11-09 13:01:21,59,60,8677,19910
2023-11-09 13:01:22,59,61,8677,19910
2023-11-09 13:01:22,59,61,8777,20010
2023-11-09 13:01:22,59,60,8777,20010
2023-11-09 13:01:23,58,59,8777,20810
2023-11-09 13:01:23,58,60,8777,20910
2023-11-09 13:01:24,59,60,8777,20910
2023-11-09 13:01:24,59,61,8777,20910
2023-11-09 13:01:24,59,60,8777,20910
2023-11-09 13:01:41,58,60,8777,21110
2023-11-09 13:01:42,58,59,8777,21110
2023-11-09 13:01:43,58,60,8777,21110
2023-11-09 13:01:43,58,59,8777,21110
2023-11-09 13:01:49,58,59,8777,21610
2023-11-09 13:01:49,58,59,8777,22110
2023-11-09 13:01:49,56,59,8777,22110
2023-11-09 13:01:49,56,59,9177,22510
2023-11-09 13:01:50,55,59,9177,22510
2023-11-09 13:01:50,56,59,9177,22510
2023-11-09 13:01:50,57,59,9177,22510
2023-11-09 13:01:50,57,59,9237,22570
2023-11-09 13:01:50,57,59,9337,22670
2023-11-09 13:01:50,57,58,9337,22670
2023-11-09 13:01:51,57,59,9337,22670
2023-11-09 13:01:51,57,59,9337,22670
2023-11-09 13:01:51,56,59,9337,22670
2023-11-09 13:01:51,56,57,9337,22670
2023-11-09 13:01:51,56,57,9437,22770
2023-11-09 13:01:52,54,57,9437,22770
2023-11-09 13:01:52,55,57,9437,22770
2023-11-09 13:01:52,55,58,9437,22770
2023-11-09 13:01:52,55,56,9437,22770
2023-11-09 13:01:53,54,56,9437,22770
2023-11-09 13:01:53,55,56,9437,22770
2023-11-09 13:01:54,55,56,9437,22870
2023-11-09 13:01:54,54,56,9437,22870
2023-11-09 13:01:54,54,57,9437,22870
2023-11-09 13:01:54,54,55,9437,22870
2023-11-09 13:01:55,54,56,9437,22870
2023-11-09 13:01:56,54,55,9437,22870
2023-11-09 13:01:56,54,55,9637,23070
2023-11-09 13:01:56,54,56,9637,23070
2023-11-09 13:01:56,54,55,9637,23070
2023-11-09 13:01:56,53,54,9837,23270
2023-11-09 13:01:56,53,54,10037,23570
2023-11-09 13:01:57,53,55,10037,23570
2023-11-09 13:01:57,53,54,10037,23570
2023-11-09 13:01:57,52,54,10037,23570
2023-11-09 13:01:57,52,53,10037,23570
2023-11-09 13:01:57,52,53,10337,23870
2023-11-09 13:01:58,52,54,10337,23870
2023-11-09 13:01:58,53,54,10337,23870
2023-11-09 13:01:58,53,54,10337,24870
2023-11-09 13:01:58,53,54,10371,24970
2023-11-09 13:02:00,52,54,10371,24970
2023-11-09 13:02:02,51,54,10371,24970
2023-11-09 13:02:02,51,53,10371,24970
2023-11-09 13:02:04,51,52,10371,24970
2023-11-09 13:02:10,50,52,10471,25070
2023-11-09 13:02:12,50,51,10471,25070
2023-11-09 13:02:15,49,51,10471,25070
2023-11-09 13:02:16,49,50,10471,25070
2023-11-09 13:02:16,48,50,10471,25070
2023-11-09 13:02:17,48,49,10471,25070
2023-11-09 13:02:18,48,50,10471,25070
2023-11-09 13:02:19,48,49,10471,25070
2023-11-09 13:02:19,48,49,10531,25130
2023-11-09 13:02:20,47,49,10531,25130
2023-11-09 13:02:20,46,49,10631,25230
2023-11-09 13:02:21,46,48,10631,25230
2023-11-09 13:02:21,46,47,10631,25230
2023-11-09 13:02:22,46,47,10729,25328
2023-11-09 13:02:23,45,47,10729,25328
2023-11-09 13:02:23,44,47,10729,25328
2023-11-09 13:02:24,44,46,10729,25328
2023-11-09 13:02:24,44,45,10729,25328
2023-11-09 13:02:24,43,45,10729,25328
2023-11-09 13:02:26,43,46,10729,25328
2023-11-09 13:02:26,43,44,10729,25328
2023-11-09 13:02:27,43,46,10729,25328
2023-11-09 13:02:29,43,45,10729,25328
2023-11-09 13:02:29,42,45,10729,25328
2023-11-09 13:02:35,42,44,10729,25328
2023-11-09 13:02:36,42,45,10729,25328
2023-11-09 13:02:39,42,43,10729,25328
2023-11-09 13:02:39,40,43,10729,25328
2023-11-09 13:02:44,40,42,10729,25328
2023-11-09 13:02:44,40,42,10895,25528
2023-11-09 13:02:44,39,42,10895,25528
2023-11-09 13:02:45,38,42,10895,25528
2023-11-09 13:02:49,38,41,10895,25528
2023-11-09 13:02:50,37,41,10895,25528
2023-11-09 13:02:54,38,41,10895,25528
2023-11-09 13:02:56,37,41,10895,25528
2023-11-09 13:03:00,37,40,10895,25528
2023-11-09 13:03:00,36,40,10895,25528
2023-11-09 13:03:01,36,39,10895,25528
2023-11-09 13:03:02,35,39,10895,25528
2023-11-09 13:03:04,35,38,10895,25528
2023-11-09 13:03:05,34,38,10895,25528
2023-11-09 13:03:06,34,37,10895,25528
2023-11-09 13:03:07,34,36,10895,25528
2023-11-09 13:03:08,33,36,10895,25528
2023-11-09 13:03:09,33,34,10895,25528
2023-11-09 13:03:09,31,34,10895,25728
2023-11-09 13:03:10,30,34,10895,25728
2023-11-09 13:03:10,30,33,10895,25728
2023-11-09 13:03:10,30,33,10772,25851
2023-11-09 13:03:15,30,32,10772,25851
2023-11-09 13:03:17,30,31,10772,25851
2023-11-09 13:03:17,28,31,10772,25851
2023-11-09 13:03:17,28,30,10772,25851
2023-11-09 13:03:17,27,30,10772,25851
2023-11-09 13:03:18,27,29,10772,25851
2023-11-09 13:03:20,26,29,10772,25851
2023-11-09 13:03:25,26,28,10772,25851
2023-11-09 13:03:26,25,28,10772,25851
2023-11-09 13:03:26,25,27,10772,25851
2023-11-09 13:03:27,25,28,10772,25851
2023-11-09 13:03:29,25,29,10772,25851
2023-11-09 13:03:29,25,28,10772,25851
2023-11-09 13:03:30,25,29,10772,25851
2023-11-09 13:03:31,25,28,10772,25851
2023-11-09 13:03:32,25,29,10772,25851
2023-11-09 13:03:34,27,29,10772,25851
2023-11-09 13:03:34,27,30,10772,26051
2023-11-09 13:03:36,27,29,10772,26051
2023-11-09 13:03:37,26,29,10772,26051
2023-11-09 13:03:37,26,28,10772,26051
2023-11-09 13:03:38,25,28,10772,26051
2023-11-09 13:03:39,25,27,10772,26051
2023-11-09 13:03:44,25,26,10772,26051
2023-11-09 13:03:44,24,26,10772,26051
2023-11-09 13:03:46,24,27,10772,26251
2023-11-09 13:03:50,24,26,10772,26251
2023-11-09 13:03:51,24,25,10772,26251
2023-11-09 13:03:51,23,25,10772,26251
2023-11-09 13:03:51,23,25,10772,26501
2023-11-09 13:03:58,23,24,10772,26501
2023-11-09 13:03:59,23,25,10772,26701
2023-11-09 13:04:00,23,25,10772,26951
2023-11-09 13:04:01,23,26,10772,26951
2023-11-09 13:04:02,24,26,10772,26951
2023-11-09 13:04:05,24,26,10772,28651
2023-11-09 13:04:05,24,27,10772,28651
2023-11-09 13:04:07,24,26,10772,28651
2023-11-09 13:04:11,24,27,10772,28651
2023-11-09 13:04:16,24,26,10772,28651
2023-11-09 13:04:17,24,27,10772,28651
2023-11-09 13:04:19,23,27,10772,28651
2023-11-09 13:04:19,23,26,10772,28651
2023-11-09 13:04:23,24,26,10772,28651
2023-11-09 13:04:26,24,27,10772,28651
2023-11-09 13:04:31,25,27,10772,28651
2023-11-09 13:04:32,25,28,10772,28651
2023-11-09 13:04:33,26,28,10772,28651
2023-11-09 13:04:35,26,29,10772,28651
2023-11-09 13:04:40,27,29,10772,28651
2023-11-09 13:04:42,27,30,10772,28651
2023-11-09 13:04:44,28,30,10772,28651
2023-11-09 13:04:46,28,30,10772,28901
2023-11-09 13:04:47,28,31,10772,28901
2023-11-09 13:04:48,29,31,10772,28901
2023-11-09 13:04:49,29,32,10772,28967
2023-11-09 13:04:51,29,32,10772,29217
2023-11-09 13:04:51,29,33,10772,29217
2023-11-09 13:04:51,30,33,10772,29217
2023-11-09 13:04:52,31,33,10772,29217
2023-11-09 13:05:00,31,33,10772,29467
2023-11-09 13:05:00,31,34,10772,29467
2023-11-09 13:05:00,33,34,10772,29467
2023-11-09 13:05:01,33,35,10772,29467
2023-11-09 13:05:01,34,35,10772,29467
2023-11-09 13:05:02,34,36,10772,29467
2023-11-09 13:05:02,34,35,10772,29467
2023-11-09 13:05:02,34,36,10772,29467
2023-11-09 13:05:04,33,36,10772,29467
2023-11-09 13:05:05,34,36,10772,29467
2023-11-09 13:05:08,34,37,10772,29467
2023-11-09 13:05:08,35,37,10772,29467
2023-11-09 13:05:08,36,37,10772,29467
2023-11-09 13:05:10,35,37,10772,29467
2023-11-09 13:05:10,35,37,10822,29517
2023-11-09 13:05:12,36,37,10822,29517
2023-11-09 13:05:13,36,37,10422,29917
2023-11-09 13:05:14,36,37,10422,30067
2023-11-09 13:05:14,36,37,10222,30267
2023-11-09 13:05:14,36,37,10222,30613
2023-11-09 13:05:15,36,37,10222,30863
2023-11-09 13:05:15,34,37,10222,30941
2023-11-09 13:05:15,34,36,10222,30941
2023-11-09 13:05:16,34,35,10222,30941
2023-11-09 13:05:16,33,35,10222,30941
2023-11-09 13:05:16,33,34,10222,30941
2023-11-09 13:05:17,33,35,10222,30941
2023-11-09 13:05:17,36,37,11568,32341
2023-11-09 13:05:17,36,37,11849,32656
2023-11-09 13:05:17,36,37,11999,32806
2023-11-09 13:05:18,33,36,12134,32941
2023-11-09 13:05:18,33,35,12134,32941
2023-11-09 13:05:18,33,34,12134,32941
2023-11-09 13:05:19,32,34,12134,32941
2023-11-09 13:05:19,32,33,12134,32941
2023-11-09 13:05:20,32,34,12134,32941
2023-11-09 13:05:20,32,33,12134,32941
2023-11-09 13:05:24,32,34,12134,32941
2023-11-09 13:05:26,32,33,12134,32941
2023-11-09 13:05:26,31,33,12134,32941
2023-11-09 13:05:27,32,33,12134,32941
2023-11-09 13:05:29,31,33,12134,32941
2023-11-09 13:05:31,31,32,12134,32941
2023-11-09 13:05:34,31,32,12134,33141
2023-11-09 13:05:35,29,32,12134,33141
2023-11-09 13:05:35,29,31,12134,33141
2023-11-09 13:05:39,29,30,12134,33141
2023-11-09 13:05:40,28,30,12134,33141
2023-11-09 13:05:50,28,31,12134,33141
2023-11-09 13:05:53,29,31,12134,33141
2023-11-09 13:05:53,29,32,12134,33141
2023-11-09 13:06:02,30,32,12134,33141
2023-11-09 13:06:02,30,33,12134,33141
2023-11-09 13:06:04,30,32,12134,33141
2023-11-09 13:06:06,28,32,12134,33141
2023-11-09 13:06:06,29,32,12134,33141
2023-11-09 13:06:10,29,31,12134,33141
2023-11-09 13:06:12,28,31,12134,33141
2023-11-09 13:06:17,28,29,12134,33141
2023-11-09 13:06:18,27,29,12134,33141
2023-11-09 13:06:21,27,28,12134,33141
2023-11-09 13:06:22,27,28,12134,33341
2023-11-09 13:06:22,25,28,12134,33341
2023-11-09 13:06:22,26,28,12134,33341
2023-11-09 13:06:26,26,27,12134,33341
2023-11-09 13:06:28,25,27,12134,33341
2023-11-09 13:06:30,25,26,12134,33341
2023-11-09 13:06:34,25,26,12134,33741
2023-11-09 13:06:34,23,26,12134,34141
2023-11-09 13:06:34,22,26,12134,34141
2023-11-09 13:06:35,23,26,12134,34141
2023-11-09 13:06:35,24,26,12134,34141
2023-11-09 13:06:35,24,25,12134,34141
2023-11-09 13:06:36,24,26,12134,34141
2023-11-09 13:06:41,24,26,12034,34241
2023-11-09 13:06:41,23,26,12034,34241
2023-11-09 13:06:41,23,25,12034,34241
2023-11-09 13:06:42,22,25,12034,34241
2023-11-09 13:06:42,23,25,12034,34241
2023-11-09 13:06:43,22,25,12034,34241
2023-11-09 13:06:46,22,26,12034,35241
2023-11-09 13:06:46,23,26,12034,35241
2023-11-09 13:06:46,23,25,12034,35241
2023-11-09 13:06:49,23,24,12034,35241
2023-11-09 13:06:49,22,24,12034,35241
2023-11-09 13:06:50,22,24,12034,35641
2023-11-09 13:06:51,22,23,12034,35641
2023-11-09 13:06:52,22,23,12034,35741
2023-11-09 13:06:56,20,23,12034,35741
2023-11-09 13:06:56,21,23,12034,35741
2023-11-09 13:07:01,21,22,12034,35741
2023-11-09 13:07:02,21,22,12034,35791
2023-11-09 13:07:07,21,23,12034,35791
2023-11-09 13:07:07,20,23,12034,35791
2023-11-09 13:07:07,22,23,12034,35791
2023-11-09 13:07:10,22,23,12034,35991
2023-11-09 13:07:10,20,23,12034,35991
2023-11-09 13:07:10,21,23,12034,35991
2023-11-09 13:07:12,22,23,12034,35991
2023-11-09 13:07:14,22,23,12234,36191
2023-11-09 13:07:15,22,23,12834,36791
2023-11-09 13:07:16,22,23,12934,36891
2023-11-09 13:07:21,22,24,12934,36891
2023-11-09 13:07:22,22,24,12971,36928
2023-11-09 13:07:26,23,24,12971,36928
2023-11-09 13:07:26,23,25,12971,36928
2023-11-09 13:07:32,22,25,12971,36928
2023-11-09 13:07:35,22,24,12971,36928
2023-11-09 13:07:36,22,24,13034,37278
2023-11-09 13:07:36,21,24,13034,37278
2023-11-09 13:07:40,21,23,13034,37278
2023-11-09 13:07:42,21,24,13034,37278
2023-11-09 13:07:42,21,23,13034,37278
2023-11-09 13:07:43,21,22,13034,37278
2023-11-09 13:07:44,20,22,13034,37278
2023-11-09 13:07:44,20,23,13034,37278
2023-11-09 13:07:44,20,22,13034,37278
2023-11-09 13:07:49,20,23,13034,37278
2023-11-09 13:07:49,20,22,13034,37278
2023-11-09 13:07:50,20,23,13034,37278
2023-11-09 13:07:52,21,23,13034,37278
2023-11-09 13:07:53,21,24,13034,37278
2023-11-09 13:07:54,21,23,13034,37278
2023-11-09 13:07:55,20,23,13034,37278
2023-11-09 13:08:04,20,22,13034,37278
2023-11-09 13:08:05,20,23,13034,37278
2023-11-09 13:08:16,21,23,13034,37278
2023-11-09 13:08:21,20,23,13034,37278
2023-11-09 13:08:22,20,22,13034,37278
2023-11-09 13:08:29,19,22,13034,37278
2023-11-09 13:08:34,19,23,13034,37278
2023-11-09 13:08:34,20,23,13034,37278
2023-11-09 13:08:35,20,22,13034,37278
2023-11-09 13:08:37,20,23,13034,37278
2023-11-09 13:08:38,20,22,13034,37278
2023-11-09 13:08:39,20,23,13034,37278
2023-11-09 13:08:40,21,23,13034,37278
2023-11-09 13:08:40,21,24,13034,37278
2023-11-09 13:08:41,21,23,13034,37278
2023-11-09 13:08:42,21,24,13034,37278
2023-11-09 13:08:42,21,23,13034,37278
2023-11-09 13:08:43,22,23,13034,37278
2023-11-09 13:08:43,22,24,13034,37278
2023-11-09 13:08:43,22,23,13034,37278
2023-11-09 13:08:43,22,25,13034,37278
2023-11-09 13:08:44,22,24,13034,37278
2023-11-09 13:08:53,22,25,13034,37278
2023-11-09 13:08:54,22,24,13034,37278
2023-11-09 13:08:59,22,25,13034,37278
2023-11-09 13:08:59,22,24,13034,37278
2023-11-09 13:09:00,21,24,13034,37278
2023-11-09 13:09:01,21,23,13034,37278
2023-11-09 13:09:04,21,24,13034,37278
2023-11-09 13:09:04,21,23,13034,37278
2023-11-09 13:09:06,21,24,13034,37278
2023-11-09 13:09:11,22,24,13034,37278
2023-11-09 13:09:12,21,24,13034,37278
2023-11-09 13:09:12,21,23,13034,37278
2023-11-09 13:09:14,22,23,13034,37278
2023-11-09 13:09:14,22,24,13034,37278
2023-11-09 13:09:15,22,23,13034,37278
2023-11-09 13:09:17,22,24,13034,37278
2023-11-09 13:09:18,22,25,13034,37278
2023-11-09 13:09:19,23,25,13034,37278
2023-11-09 13:09:20,23,26,13034,37278
2023-11-09 13:09:20,23,25,13034,37278
2023-11-09 13:09:23,24,25,13034,37278
2023-11-09 13:09:23,24,26,13034,37278
2023-11-09 13:09:30,23,26,13034,37278
2023-11-09 13:09:30,23,25,13034,37278
2023-11-09 13:09:31,22,25,13034,37278
2023-11-09 13:09:31,22,26,13034,37278
2023-11-09 13:09:31,22,25,13034,37278
2023-11-09 13:09:32,22,24,13034,37278
2023-11-09 13:09:34,22,24,13110,37354
2023-11-09 13:09:35,22,25,13110,37354
2023-11-09 13:09:37,23,25,13110,37354
2023-11-09 13:09:38,23,26,13110,37354
2023-11-09 13:09:51,24,26,13110,37354
2023-11-09 13:09:52,24,27,13110,37354
2023-11-09 13:09:59,25,27,13110,37354
2023-11-09 13:09:59,25,28,13110,37354
2023-11-09 13:10:01,26,28,13110,37354
2023-11-09 13:10:08,25,28,13110,37354
2023-11-09 13:10:11,25,27,13110,37354
2023-11-09 13:10:12,24,27,13110,37354
2023-11-09 13:10:27,25,27,13110,37354
2023-11-09 13:10:27,25,28,13110,37354
2023-11-09 13:10:33,27,28,13110,37354
2023-11-09 13:10:33,27,29,13110,38154
2023-11-09 13:10:34,27,30,13110,38154
2023-11-09 13:10:44,27,31,13110,38154
2023-11-09 13:10:44,27,30,13110,38154
2023-11-09 13:10:44,28,30,13110,38154
2023-11-09 13:10:47,28,31,13110,38154
2023-11-09 13:10:53,28,32,13110,38154
2023-11-09 13:10:53,29,32,13110,38154
2023-11-09 13:10:54,30,32,13110,38154
2023-11-09 13:10:59,30,33,13110,38154
2023-11-09 13:10:59,31,33,13110,38154
2023-11-09 13:11:02,31,34,13110,38154
2023-11-09 13:11:06,31,34,13110,38154
2023-11-09 13:11:07,32,34,13110,38154
2023-11-09 13:11:07,32,34,13110,38304
2023-11-09 13:11:08,31,34,13110,38304
2023-11-09 13:11:13,32,34,13110,38304
2023-11-09 13:11:19,33,34,13110,38304
2023-11-09 13:11:20,33,35,13110,38304
2023-11-09 13:11:23,32,35,13110,38304
2023-11-09 13:11:26,31,35,13110,38304
2023-11-09 13:11:26,31,34,13110,38304
2023-11-09 13:11:27,31,33,13110,38304
2023-11-09 13:11:29,30,33,13110,38304
2023-11-09 13:11:39,29,33,13110,38304
2023-11-09 13:11:41,29,32,13110,38304
2023-11-09 13:11:42,28,31,13110,38304
2023-11-09 13:11:49,28,31,13160,38354
2023-11-09 13:11:54,29,31,13160,38354
2023-11-09 13:12:04,29,32,13160,38354
2023-11-09 13:12:07,29,33,13160,38354
2023-11-09 13:12:07,30,33,13160,38354
2023-11-09 13:12:11,29,33,13160,38354
2023-11-09 13:12:12,29,32,13160,38354
2023-11-09 13:12:14,29,33,13160,38354
2023-11-09 13:12:15,29,32,13160,38354
2023-11-09 13:12:21,30,32,13160,38354
2023-11-09 13:12:21,30,33,13160,38354
2023-11-09 13:12:24,31,33,13160,38354
2023-11-09 13:12:39,31,34,13160,38354
2023-11-09 13:12:39,32,35,13160,38354
2023-11-09 13:12:45,32,34,13160,38354
2023-11-09 13:12:46,32,35,13160,38354
2023-11-09 13:12:47,32,34,13160,38354
2023-11-09 13:12:48,32,35,13160,38354
2023-11-09 13:12:54,32,34,13160,38354
2023-11-09 13:12:59,32,33,13160,38354
2023-11-09 13:12:59,31,33,13160,38354
2023-11-09 13:12:59,30,33,13160,38354
2023-11-09 13:13:27,31,33,13160,38354
2023-11-09 13:13:30,31,34,13160,38354
2023-11-09 13:13:31,32,34,13160,38354
2023-11-09 13:13:33,31,34,13160,38354
2023-11-09 13:13:39,32,34,13160,38354
2023-11-09 13:13:40,32,35,13160,38354
2023-11-09 13:13:44,33,35,13160,38354
2023-11-09 13:13:58,33,36,13160,38354
2023-11-09 13:14:03,34,36,13160,38354
2023-11-09 13:14:03,35,36,13160,38354
2023-11-09 13:14:03,35,36,13160,38504
2023-11-09 13:14:03,35,37,13160,38504
2023-11-09 13:14:04,34,37,13160,38504
2023-11-09 13:14:06,34,38,13160,38504
2023-11-09 13:14:06,35,38,13160,38504
2023-11-09 13:14:11,36,38,13160,38504
2023-11-09 13:14:13,37,38,13160,38504
2023-11-09 13:14:13,36,38,13160,38704
2023-11-09 13:14:13,36,39,13160,38704
2023-11-09 13:14:20,37,39,13160,38704
2023-11-09 13:14:20,37,39,13160,38804
2023-11-09 13:14:21,38,39,13160,38804
2023-11-09 13:14:21,38,40,13160,38804
2023-11-09 13:14:26,38,41,13160,38804
2023-11-09 13:14:27,39,41,13160,38804
2023-11-09 13:14:33,39,42,13160,38804
2023-11-09 13:14:33,40,42,13160,38804
2023-11-09 13:14:33,39,42,13160,39004
2023-11-09 13:14:44,41,42,13160,39004
2023-11-09 13:14:44,41,42,13160,39404
2023-11-09 13:14:44,41,43,13160,39404
2023-11-09 13:14:45,41,45,13060,39504
2023-11-09 13:14:45,44,45,13060,39504
2023-11-09 13:14:45,44,46,13060,39504
2023-11-09 13:14:45,44,46,13060,39704
2023-11-09 13:14:46,44,46,13229,40004
2023-11-09 13:14:48,44,47,13229,40004
2023-11-09 13:14:48,45,47,13229,40004
2023-11-09 13:14:50,43,47,13229,41004
2023-11-09 13:14:51,43,46,13229,41004
2023-11-09 13:14:51,43,45,13229,41004
2023-11-09 13:14:52,43,46,13229,41004
2023-11-09 13:14:52,44,46,13229,41004
2023-11-09 13:14:52,44,47,13229,41004
2023-11-09 13:14:53,45,47,13229,41004
2023-11-09 13:14:55,45,48,13229,41204
2023-11-09 13:14:56,46,48,13229,41204
2023-11-09 13:14:57,45,48,13229,41404
2023-11-09 13:15:01,45,47,13229,41404
2023-11-09 13:15:03,44,47,13229,41404
2023-11-09 13:15:06,44,46,13229,41404
2023-11-09 13:15:07,43,46,13229,41404
2023-11-09 13:15:07,43,45,13229,41404
2023-11-09 13:15:11,43,46,13229,41404
2023-11-09 13:15:13,43,47,13229,41404
2023-11-09 13:15:17,43,45,13229,41404
2023-11-09 13:15:23,43,44,13229,41404
2023-11-09 13:15:27,43,45,13229,41404
2023-11-09 13:15:32,42,45,13229,41404
2023-11-09 13:15:32,42,44,13229,41404
2023-11-09 13:15:33,42,44,13029,41604
2023-11-09 13:15:33,40,43,13029,41604
2023-11-09 13:15:34,41,43,13029,41604
2023-11-09 13:15:36,41,42,13029,41604
2023-11-09 13:15:37,40,42,13029,41604
2023-11-09 13:15:39,40,41,13029,41604
2023-11-09 13:15:39,39,41,13029,41604
2023-11-09 13:15:40,39,40,13029,41604
2023-11-09 13:15:55,39,40,12829,41804
2023-11-09 13:15:59,39,40,12629,42004
2023-11-09 13:15:59,37,40,12629,42004
2023-11-09 13:15:59,38,40,12629,42004
2023-11-09 13:16:04,39,40,12629,42004
2023-11-09 13:16:05,39,40,12503,42130
2023-11-09 13:16:09,39,41,12503,42130
2023-11-09 13:16:12,39,42,12503,42130
2023-11-09 13:16:14,40,42,12503,42130
2023-11-09 13:16:17,40,41,12503,42130
2023-11-09 13:16:17,38,41,12503,42130
2023-11-09 13:16:17,39,41,12503,42130
2023-11-09 13:16:25,39,42,12503,42130
2023-11-09 13:16:26,39,43,12503,42130
2023-11-09 13:16:26,40,43,12503,42130
2023-11-09 13:16:26,41,43,12503,42130
2023-11-09 13:16:26,42,43,12503,42130
2023-11-09 13:16:26,42,43,12653,42280
2023-11-09 13:16:27,41,43,12653,42280
2023-11-09 13:16:27,41,44,12653,42280
2023-11-09 13:16:32,41,43,12653,42280
2023-11-09 13:16:38,41,42,12653,42280
2023-11-09 13:16:38,40,42,12653,42280
2023-11-09 13:16:40,40,43,12653,42280
2023-11-09 13:16:41,40,42,12653,42280
2023-11-09 13:16:42,40,43,12653,42280
2023-11-09 13:16:51,41,43,12653,42280
2023-11-09 13:16:52,41,44,12653,42280
2023-11-09 13:17:08,41,43,12653,42280
2023-11-09 13:17:14,41,42,12653,42280
2023-11-09 13:17:14,39,42,12653,42280
2023-11-09 13:17:15,40,42,12653,42280
2023-11-09 13:17:15,40,41,12653,42280
2023-11-09 13:17:16,40,41,12653,42653
2023-11-09 13:17:19,40,41,12653,42803
2023-11-09 13:17:21,40,42,12653,42803
2023-11-09 13:17:23,40,41,12653,42803
2023-11-09 13:17:29,40,42,12653,42803
2023-11-09 13:17:30,40,41,12653,42803
2023-11-09 13:17:40,38,40,12539,42917
2023-11-09 13:17:43,37,40,12539,42917
2023-11-09 13:17:43,37,39,12539,42917
2023-11-09 13:18:13,37,38,12539,42917
2023-11-09 13:18:14,36,38,12539,42917
2023-11-09 13:18:16,35,38,12539,42917
2023-11-09 13:18:17,35,36,12539,42917
2023-11-09 13:18:22,35,38,12539,42917
2023-11-09 13:18:28,36,38,12539,42917
2023-11-09 13:18:32,36,39,12539,42917
2023-11-09 13:18:34,36,38,12539,42917
2023-11-09 13:18:36,35,38,12539,42917
2023-11-09 13:18:44,35,39,12934,43917
2023-11-09 13:18:45,38,39,12934,43917
2023-11-09 13:18:45,38,40,12934,43917
2023-11-09 13:18:55,38,39,12934,43917
2023-11-09 13:19:08,38,40,12934,43917
2023-11-09 13:19:18,39,40,12934,43917
2023-11-09 13:19:18,39,41,12934,43917
2023-11-09 13:19:25,38,41,12934,43917
2023-11-09 13:19:25,38,40,12934,43917
2023-11-09 13:19:27,39,40,12934,43917
2023-11-09 13:19:27,39,41,12934,43917
2023-11-09 13:19:31,40,41,12934,43917
2023-11-09 13:19:31,40,42,12934,43917
2023-11-09 13:19:38,39,42,12934,43917
2023-11-09 13:19:38,39,41,12934,43917
2023-11-09 13:19:46,40,41,12934,43917
2023-11-09 13:19:47,40,42,12934,43917
2023-11-09 13:20:06,39,42,12934,43917
2023-11-09 13:20:06,39,41,12934,43917
2023-11-09 13:20:19,39,42,12934,43917
2023-11-09 13:20:19,39,41,12934,43917
2023-11-09 13:20:20,40,41,12934,43917
2023-11-09 13:20:21,40,42,12934,43917
2023-11-09 13:20:22,40,41,12934,43917
2023-11-09 13:20:22,40,42,12934,43917
2023-11-09 13:20:27,41,42,12934,43917
2023-11-09 13:20:27,41,42,12939,44317
2023-11-09 13:20:27,40,42,13339,44717
2023-11-09 13:20:27,40,44,13339,44717
2023-11-09 13:20:28,40,43,13339,44717
2023-11-09 13:20:28,41,43,13339,44717
2023-11-09 13:20:30,41,44,13339,44717
2023-11-09 13:20:32,41,43,13339,44717
2023-11-09 13:20:33,41,44,13339,44717
2023-11-09 13:20:38,41,43,13339,44717
2023-11-09 13:20:45,41,44,13339,44717
2023-11-09 13:20:48,41,42,13339,44717
2023-11-09 13:20:48,40,42,13339,44717
2023-11-09 13:20:49,39,42,13339,44717
2023-11-09 13:20:49,39,41,13339,44717
2023-11-09 13:20:49,40,41,13339,44717
2023-11-09 13:20:50,40,41,13339,44817
2023-11-09 13:20:51,40,42,13339,44817
2023-11-09 13:21:09,41,42,13339,44817
2023-11-09 13:21:10,41,44,13339,44817
2023-11-09 13:21:18,42,44,13339,44817
2023-11-09 13:21:24,43,44,13339,44817
2023-11-09 13:21:24,43,45,13339,44817
2023-11-09 13:21:25,44,45,13339,44817
2023-11-09 13:21:26,45,46,13339,44817
2023-11-09 13:21:51,44,47,13339,44817
2023-11-09 13:21:55,44,46,13339,44817
2023-11-09 13:21:56,43,46,13339,44817
2023-11-09 13:21:56,44,46,13339,44817
2023-11-09 13:22:00,45,46,13339,44817
2023-11-09 13:22:08,44,46,13339,44817
2023-11-09 13:22:09,43,46,13339,44817
2023-11-09 13:22:09,43,45,13339,44817
2023-11-09 13:22:10,43,46,13339,44817
2023-11-09 13:22:10,43,45,13339,44817
2023-11-09 13:22:11,43,44,13339,44817
2023-11-09 13:22:12,43,46,13339,44817
2023-11-09 13:22:12,43,44,13339,44817
2023-11-09 13:22:16,43,46,13339,44817
2023-11-09 13:22:20,42,46,13339,44817
2023-11-09 13:22:20,43,46,13339,44817
2023-11-09 13:22:23,43,45,13339,44817
2023-11-09 13:22:23,43,44,13339,44817
2023-11-09 13:22:31,43,45,13339,44817
2023-11-09 13:22:31,43,44,13339,44817
2023-11-09 13:22:32,43,45,13339,44817
2023-11-09 13:22:32,43,44,13339,44817
2023-11-09 13:22:34,43,45,13339,44817
2023-11-09 13:22:58,43,46,13339,44817
2023-11-09 13:22:58,43,45,13339,44817
2023-11-09 13:23:02,44,45,13339,44817
2023-11-09 13:23:02,44,46,13339,44817
2023-11-09 13:23:03,44,47,13339,44817
2023-11-09 13:23:05,45,47,13339,44817
2023-11-09 13:23:15,46,47,13339,44817
2023-11-09 13:23:20,46,47,13339,45017
2023-11-09 13:23:21,46,47,13339,45217
2023-11-09 13:23:23,46,47,13339,45417
2023-11-09 13:23:33,46,47,13339,45617
2023-11-09 13:23:34,46,49,13339,45617
2023-11-09 13:23:40,46,48,13339,45617
2023-11-09 13:23:57,47,48,13339,45617
2023-11-09 13:24:27,47,49,13339,45617
2023-11-09 13:24:36,48,49,13339,45617
2023-11-09 13:24:37,48,50,13339,46217
2023-11-09 13:24:37,48,51,13339,46217
2023-11-09 13:24:37,45,51,13339,46217
2023-11-09 13:24:38,46,51,13339,46217
2023-11-09 13:24:38,47,51,13339,46217
2023-11-09 13:24:38,48,51,13339,46217
2023-11-09 13:24:39,47,51,13339,46217
2023-11-09 13:24:39,49,51,13339,46217
2023-11-09 13:24:40,47,51,13339,46217
2023-11-09 13:24:40,50,51,13339,46217
2023-11-09 13:24:49,50,53,13339,46417
2023-11-09 13:24:49,48,53,13339,46417
2023-11-09 13:24:49,51,53,13339,46417
2023-11-09 13:25:02,48,53,12939,46817
2023-11-09 13:25:07,52,53,12939,46817
2023-11-09 13:25:12,51,53,12939,47017
2023-11-09 13:25:17,48,53,12939,47017
2023-11-09 13:25:17,49,53,12939,47017
2023-11-09 13:25:17,50,53,12939,47017
2023-11-09 13:25:19,50,51,12939,47017
2023-11-09 13:25:24,50,53,12939,47417
2023-11-09 13:25:30,50,52,12939,47417
2023-11-09 13:25:34,50,51,12939,47417
2023-11-09 13:25:39,49,51,12939,47617
2023-11-09 13:25:41,49,52,12939,47617
2023-11-09 13:25:41,49,51,12939,47617
2023-11-09 13:25:42,49,52,12939,47617
2023-11-09 13:25:42,49,51,12939,47617
2023-11-09 13:25:43,49,52,12939,47617
2023-11-09 13:25:55,49,53,12939,47617
2023-11-09 13:26:11,49,52,12939,47617
2023-11-09 13:26:16,49,51,12939,47617
2023-11-09 13:26:16,48,49,12939,47817
2023-11-09 13:26:17,47,49,12939,47817
2023-11-09 13:26:17,46,49,12939,47817
2023-11-09 13:26:21,46,48,12939,47817
2023-11-09 13:26:22,46,49,12939,47817
2023-11-09 13:26:22,46,47,12939,47817
2023-11-09 13:26:23,46,49,12939,47817
2023-11-09 13:26:24,46,48,12939,47817
2023-11-09 13:26:24,45,48,12939,47817
2023-11-09 13:26:26,45,47,12939,47817
2023-11-09 13:26:28,45,48,12939,47817
2023-11-09 13:26:28,45,46,12939,47817
2023-11-09 13:26:28,44,46,12939,48317
2023-11-09 13:26:29,44,46,13189,48567
2023-11-09 13:26:29,45,46,13189,48567
2023-11-09 13:26:29,45,46,14189,49567
2023-11-09 13:26:30,45,46,14439,49817
2023-11-09 13:26:32,45,48,14686,50064
2023-11-09 13:26:36,45,49,14686,50064
2023-11-09 13:26:37,46,49,14686,50064
2023-11-09 13:26:38,46,51,14686,50064
2023-11-09 13:26:38,46,48,14686,50064
2023-11-09 13:26:38,47,48,14686,50064
2023-11-09 13:26:38,47,49,14686,50064
2023-11-09 13:26:39,47,49,14936,50314
2023-11-09 13:26:41,47,50,14936,50314
2023-11-09 13:26:45,48,50,14936,50314
2023-11-09 13:26:50,48,49,14936,50314
2023-11-09 13:26:51,48,49,14936,50564
2023-11-09 13:26:52,48,50,14936,50614
2023-11-09 13:26:54,48,50,14936,50864
2023-11-09 13:26:58,48,52,14936,51114
2023-11-09 13:27:08,48,51,14936,51114
2023-11-09 13:27:15,47,51,14936,51114
2023-11-09 13:27:16,47,50,14936,51114
2023-11-09 13:27:27,47,49,14936,51114
2023-11-09 13:27:27,46,49,14936,51114
2023-11-09 13:27:31,46,50,14936,51114
2023-11-09 13:27:31,47,50,14936,51114
2023-11-09 13:27:34,46,50,14936,51114
2023-11-09 13:27:35,46,49,14936,51114
2023-11-09 13:27:46,46,50,14936,51114
2023-11-09 13:27:48,46,49,14936,51114
2023-11-09 13:27:52,46,48,14936,51114
2023-11-09 13:27:52,45,48,14936,51114
2023-11-09 13:28:07,46,48,14936,51114
2023-11-09 13:28:10,46,49,14936,51114
2023-11-09 13:28:13,46,48,14936,51114
2023-11-09 13:28:15,45,48,14936,51114
2023-11-09 13:28:21,45,49,14936,51314
2023-11-09 13:28:22,45,48,14936,51314
2023-11-09 13:28:22,46,48,14936,51314
2023-11-09 13:28:30,46,49,14936,51314
2023-11-09 13:28:48,46,50,14936,51314
2023-11-09 13:28:49,47,50,14936,51314
2023-11-09 13:28:50,46,50,14936,51314
2023-11-09 13:28:51,48,50,14936,51314
2023-11-09 13:28:56,49,50,14936,51314
2023-11-09 13:28:58,48,50,14936,51314
2023-11-09 13:29:04,48,51,14936,51314
2023-11-09 13:29:08,48,52,14936,51314
2023-11-09 13:29:09,50,52,14936,51314
2023-11-09 13:29:20,50,51,14936,51314
2023-11-09 13:29:22,50,52,14936,51314
2023-11-09 13:29:32,50,53,14936,51314
2023-11-09 13:29:36,50,52,14936,51314
2023-11-09 13:29:38,51,52,14936,51314
2023-11-09 13:30:02,51,52,14736,51514
2023-11-09 13:30:03,51,52,14336,51914
2023-11-09 13:30:03,48,52,14336,51914
2023-11-09 13:30:03,50,52,14336,51914
2023-11-09 13:30:04,50,51,14336,51914
2023-11-09 13:30:07,48,51,14336,51914
2023-11-09 13:30:07,49,51,14336,51914
2023-11-09 13:30:08,50,51,14336,51914
2023-11-09 13:30:09,49,51,14336,51914
2023-11-09 13:30:11,49,50,14336,51914
2023-11-09 13:30:11,48,50,14336,51914
2023-11-09 13:30:12,49,50,14336,51914
2023-11-09 13:30:13,48,50,14336,51914
2023-11-09 13:30:14,47,50,14336,51914
2023-11-09 13:30:14,48,50,14336,51914
2023-11-09 13:30:15,48,49,14336,51914
2023-11-09 13:30:15,47,49,14336,51914
2023-11-09 13:30:15,46,49,14336,51914
2023-11-09 13:30:16,46,48,14336,51914
2023-11-09 13:30:18,46,47,14336,51914
2023-11-09 13:30:19,46,48,14336,51914
2023-11-09 13:30:23,45,48,14336,51914
2023-11-09 13:30:26,45,47,14336,51914
2023-11-09 13:30:26,45,46,14336,51914
2023-11-09 13:30:29,45,47,14336,51914
2023-11-09 13:30:38,45,46,14336,51914
2023-11-09 13:30:42,44,46,14336,51914
2023-11-09 13:30:46,44,47,14336,51914
2023-11-09 13:31:30,44,48,14336,51914
2023-11-09 13:31:30,45,48,14336,51914
2023-11-09 13:32:03,45,47,14336,51914
2023-11-09 13:32:04,44,47,14336,51914
2023-11-09 13:32:04,44,46,14336,51914
2023-11-09 13:32:07,43,46,14336,51914
2023-11-09 13:32:07,43,45,14336,51914
2023-11-09 13:32:14,43,46,14336,51914
2023-11-09 13:32:26,44,46,14336,51914
2023-11-09 13:32:29,44,47,14336,51914
2023-11-09 13:32:30,46,47,14336,51914
2023-11-09 13:32:30,46,48,14336,51914
2023-11-09 13:32:30,46,48,14396,51974
2023-11-09 13:32:31,46,49,14396,51974
2023-11-09 13:32:31,46,50,14396,51974
2023-11-09 13:32:31,47,50,14396,51974
2023-11-09 13:32:32,48,50,14396,51974
2023-11-09 13:32:33,48,51,14396,51974
2023-11-09 13:32:41,48,50,14396,51974
2023-11-09 13:32:45,47,50,14396,51974
2023-11-09 13:32:45,48,50,14396,51974
2023-11-09 13:32:50,47,50,14396,51974
2023-11-09 13:32:53,47,49,14396,51974
2023-11-09 13:32:57,46,49,14396,51974
2023-11-09 13:33:13,46,48,14396,51974
2023-11-09 13:33:14,46,49,14396,51974
2023-11-09 13:33:14,46,48,14396,51974
2023-11-09 13:33:37,46,47,14396,51974
2023-11-09 13:33:46,46,48,14396,51974
2023-11-09 13:33:51,47,48,14396,51974
2023-11-09 13:33:51,47,48,14396,52124
2023-11-09 13:33:57,47,49,14396,52124
2023-11-09 13:34:03,46,49,14396,52124
2023-11-09 13:34:03,47,49,14396,52124
2023-11-09 13:34:14,47,48,14396,52124
2023-11-09 13:34:14,46,48,14396,52124
2023-11-09 13:34:40,46,49,14396,52124
2023-11-09 13:34:46,48,49,14396,52124
2023-11-09 13:34:48,49,50,14396,52124
2023-11-09 13:34:48,49,51,14396,52124
2023-11-09 13:34:51,49,52,14396,52124
2023-11-09 13:34:54,50,52,14396,52124
2023-11-09 13:35:08,49,52,14396,52124
2023-11-09 13:35:09,49,51,14396,52124
2023-11-09 13:35:20,49,52,14396,52124
2023-11-09 13:35:22,50,52,14396,52124
2023-11-09 13:35:26,50,52,14516,52244
2023-11-09 13:35:30,51,52,14516,52244
2023-11-09 13:35:30,51,52,14666,52394
2023-11-09 13:35:30,51,53,14666,52394
2023-11-09 13:35:31,50,53,14666,52394
2023-11-09 13:35:33,50,52,14666,52394
2023-11-09 13:35:34,50,53,14666,52394
2023-11-09 13:35:43,50,52,14666,52394
2023-11-09 13:35:57,50,53,14666,52394
2023-11-09 13:35:58,50,52,14666,52394
2023-11-09 13:36:01,50,53,14666,52394
2023-11-09 13:36:02,51,53,14666,52394
2023-11-09 13:36:17,52,53,14666,52394
2023-11-09 13:36:17,52,54,14666,52394
2023-11-09 13:36:21,53,54,14666,52394
2023-11-09 13:36:21,53,55,14666,52394
2023-11-09 13:36:22,53,54,14666,52394
2023-11-09 13:36:29,53,55,14666,52394
2023-11-09 13:36:29,53,54,14666,52394
2023-11-09 13:36:34,53,54,14866,52594
2023-11-09 13:36:34,53,55,14866,52594
2023-11-09 13:36:34,53,56,14866,52594
2023-11-09 13:36:47,55,56,14866,52594
2023-11-09 13:36:47,55,57,14866,52594
2023-11-09 13:36:48,55,56,14866,52594
2023-11-09 13:37:03,55,57,14866,52594
2023-11-09 13:37:07,56,57,14866,52594
2023-11-09 13:37:14,55,57,14866,52619
2023-11-09 13:37:14,55,56,14866,52619
2023-11-09 13:37:36,53,56,14866,52619
2023-11-09 13:37:37,53,55,14866,52619
2023-11-09 13:37:42,53,54,14866,52619
2023-11-09 13:37:56,53,55,14866,52619
2023-11-09 13:37:56,53,54,14866,52619
2023-11-09 13:38:15,53,55,14866,52619
2023-11-09 13:38:15,53,54,14866,52619
2023-11-09 13:38:29,53,55,14866,52619
2023-11-09 13:38:33,53,54,14866,52619
2023-11-09 13:38:42,52,54,14866,52619
2023-11-09 13:38:42,52,55,15066,52819
2023-11-09 13:38:42,53,55,15066,52819
2023-11-09 13:38:42,53,56,15066,52819
2023-11-09 13:38:43,53,57,15066,52819
2023-11-09 13:38:43,53,56,15066,52819
2023-11-09 13:38:46,53,57,15066,52819
2023-11-09 13:38:46,53,56,15066,52819
2023-11-09 13:38:47,53,55,15066,52819
2023-11-09 13:38:52,53,56,15066,52819
2023-11-09 13:38:52,53,55,15066,52819
2023-11-09 13:38:53,53,54,15066,52819
2023-11-09 13:38:54,52,54,15066,52819
2023-11-09 13:38:56,52,55,15066,52819
2023-11-09 13:38:56,51,54,15066,52819
2023-11-09 13:38:57,51,53,15066,52819
2023-11-09 13:38:58,51,54,15066,52819
2023-11-09 13:38:58,51,53,15066,52819
2023-11-09 13:38:59,50,53,15066,52819
2023-11-09 13:38:59,50,52,15066,52819
2023-11-09 13:39:03,50,53,15066,52819
2023-11-09 13:39:04,50,52,15066,52819
2023-11-09 13:39:04,50,53,15066,52819
2023-11-09 13:39:04,50,52,15066,52819
2023-11-09 13:39:08,49,52,15066,52819
2023-11-09 13:39:15,49,53,15066,52819
2023-11-09 13:39:16,50,53,15066,52819
2023-11-09 13:39:23,49,53,15066,52819
2023-11-09 13:39:23,50,53,15066,52819
2023-11-09 13:39:24,50,52,15066,52819
2023-11-09 13:39:24,49,52,15066,52819
2023-11-09 13:39:24,50,52,15066,52819
2023-11-09 13:39:26,49,52,15066,52819
2023-11-09 13:39:28,49,51,15066,52819
2023-11-09 13:39:29,49,50,15066,52819
2023-11-09 13:39:29,48,50,15066,52819
2023-11-09 13:39:29,47,50,15066,52819
2023-11-09 13:39:32,47,49,15066,52819
2023-11-09 13:39:34,47,50,15066,52819
2023-11-09 13:39:41,48,50,15066,52819
2023-11-09 13:39:42,48,51,15066,52819
2023-11-09 13:39:47,48,50,15066,52819
2023-11-09 13:39:47,47,50,15066,52819
2023-11-09 13:39:48,48,50,15066,52819
2023-11-09 13:39:55,47,50,15066,52819
2023-11-09 13:39:55,48,50,15066,52819
2023-11-09 13:39:56,47,50,15066,52819
2023-11-09 13:39:56,48,50,15066,52819
2023-11-09 13:39:57,48,49,15066,52819
2023-11-09 13:39:57,47,49,15066,52819
2023-11-09 13:39:59,46,49,15066,52819
2023-11-09 13:40:00,46,48,15066,52819
2023-11-09 13:40:01,46,47,15066,52819
2023-11-09 13:40:05,45,47,15066,52819
2023-11-09 13:40:06,45,49,15066,52819
2023-11-09 13:40:06,45,47,15066,52819
2023-11-09 13:40:06,45,46,15066,52819
2023-11-09 13:40:12,45,47,15066,52819
2023-11-09 13:40:16,45,49,15066,52819
2023-11-09 13:40:16,45,48,15066,52819
2023-11-09 13:40:19,45,47,15066,52819
2023-11-09 13:40:20,45,48,15066,52819
2023-11-09 13:40:21,45,47,15066,52819
2023-11-09 13:40:24,46,47,15066,52819
2023-11-09 13:40:29,45,47,15066,52819
2023-11-09 13:40:29,46,47,15066,52819
2023-11-09 13:40:31,45,47,15066,52819
2023-11-09 13:40:34,44,47,15066,52819
2023-11-09 13:40:35,44,46,15066,52819
2023-11-09 13:40:39,43,46,15066,52819
2023-11-09 13:40:40,44,46,15066,52819
2023-11-09 13:40:47,44,47,15066,52819
2023-11-09 13:40:52,44,45,15066,52819
2023-11-09 13:40:53,44,45,14866,53019
2023-11-09 13:40:53,42,45,14866,53019
2023-11-09 13:40:53,43,45,14866,53019
2023-11-09 13:40:55,43,44,14866,53019
2023-11-09 13:40:58,42,44,14866,53019
2023-11-09 13:40:58,41,44,14866,53019
2023-11-09 13:40:58,42,44,14866,53019
2023-11-09 13:41:04,42,45,14866,53019
2023-11-09 13:41:06,42,46,14866,53019
2023-11-09 13:41:08,43,47,14866,53019
2023-11-09 13:41:09,43,47,14864,53021
2023-11-09 13:41:11,44,47,14864,53021
2023-11-09 13:41:12,45,47,14864,53021
2023-11-09 13:41:27,44,47,14864,53021
2023-11-09 13:41:27,44,46,14864,53021
2023-11-09 13:41:27,44,46,14534,53351
2023-11-09 13:41:27,43,46,14534,53351
2023-11-09 13:41:28,44,46,14534,53351
2023-11-09 13:41:32,45,46,14534,53351
2023-11-09 13:41:40,44,46,14534,53351
2023-11-09 13:41:40,45,46,14534,53351
2023-11-09 13:41:58,45,46,14334,53551
2023-11-09 13:41:58,43,46,14334,53551
2023-11-09 13:41:58,44,46,14334,53551
2023-11-09 13:41:59,44,46,14134,53751
2023-11-09 13:41:59,44,45,14134,53751
2023-11-09 13:41:59,42,45,14134,53751
2023-11-09 13:41:59,43,45,14134,53751
2023-11-09 13:42:00,43,44,14134,53751
2023-11-09 13:42:00,44,45,14134,53753
2023-11-09 13:42:05,44,45,13934,53953
2023-11-09 13:42:07,43,44,13805,54082
2023-11-09 13:42:08,43,45,13805,54082
2023-11-09 13:42:09,43,45,13405,54482
2023-11-09 13:42:09,41,42,13390,54497
2023-11-09 13:42:10,40,42,13390,54497
2023-11-09 13:42:10,40,42,13388,54499
2023-11-09 13:42:12,39,42,13388,54499
2023-11-09 13:42:12,39,41,13388,54499
2023-11-09 13:42:22,39,40,13388,54499
2023-11-09 13:42:23,38,40,13388,54499
2023-11-09 13:42:37,38,39,13388,54499
2023-11-09 13:42:39,38,40,13388,54499
2023-11-09 13:42:40,38,41,13388,54499
2023-11-09 13:42:41,38,40,13388,54499
2023-11-09 13:42:51,38,39,13388,54499
2023-11-09 13:43:05,37,39,13388,54499
2023-11-09 13:43:05,36,39,13388,54499
2023-11-09 13:43:06,36,38,13388,54499
2023-11-09 13:43:07,36,39,13388,54499
2023-11-09 13:43:13,36,38,13388,54499
2023-11-09 13:43:14,36,39,13388,54499
2023-11-09 13:43:15,36,38,13388,54499
2023-11-09 13:43:16,36,39,13388,54499
2023-11-09 13:43:17,37,39,13388,54499
2023-11-09 13:43:21,37,39,13388,54824
2023-11-09 13:43:26,37,40,13388,54824
2023-11-09 13:43:26,37,39,13388,54824
2023-11-09 13:43:28,36,39,13388,54824
2023-11-09 13:43:28,36,38,13388,54824
2023-11-09 13:43:35,36,39,13388,54824
2023-11-09 13:43:46,37,39,13388,54824
2023-11-09 13:43:48,37,40,13388,54824
2023-11-09 13:43:48,39,40,13388,54824
2023-11-09 13:43:51,39,41,13388,54824
2023-11-09 13:43:52,40,41,13388,54824
2023-11-09 13:43:52,40,42,13388,54824
2023-11-09 13:43:52,41,42,13388,54824
2023-11-09 13:44:05,41,43,13388,54824
2023-11-09 13:44:20,40,43,13388,54824
2023-11-09 13:44:25,40,42,13388,54824
2023-11-09 13:44:28,40,43,13388,54824
2023-11-09 13:44:28,42,43,13388,54824
2023-11-09 13:44:42,40,43,13388,54824
2023-11-09 13:44:45,40,42,13388,54824
2023-11-09 13:44:50,40,41,13388,54824
2023-11-09 13:44:51,38,41,13388,54824
2023-11-09 13:44:58,38,42,13388,54824
2023-11-09 13:44:58,39,42,13388,54824
2023-11-09 13:45:03,41,42,13388,54824
2023-11-09 13:45:09,41,43,13388,54824
2023-11-09 13:45:17,40,43,13388,54824
2023-11-09 13:45:23,40,44,13388,54824
2023-11-09 13:45:31,41,44,13388,54824
2023-11-09 13:45:37,41,43,13388,54824
2023-11-09 13:45:40,40,43,13388,54824
2023-11-09 13:45:40,42,43,13388,54824
2023-11-09 13:45:41,39,42,13388,54826
2023-11-09 13:45:50,38,42,13388,54826
2023-11-09 13:45:50,38,41,13388,54826
2023-11-09 13:45:55,38,40,13388,54826
2023-11-09 13:45:56,38,41,13388,54826
2023-11-09 13:46:01,38,42,13388,54826
2023-11-09 13:46:01,39,42,13388,54826
2023-11-09 13:46:05,39,43,13388,54826
2023-11-09 13:46:08,40,43,13388,54826
2023-11-09 13:46:34,41,43,13388,54826
2023-11-09 13:46:34,41,44,13388,54826
2023-11-09 13:46:43,41,43,13388,54826
2023-11-09 13:46:44,40,43,13388,54826
2023-11-09 13:46:48,40,44,13388,54826
2023-11-09 13:46:50,41,44,13388,54826
2023-11-09 13:46:56,42,44,13388,54826
2023-11-09 13:47:07,42,45,13388,54826
2023-11-09 13:47:36,41,45,13388,54826
2023-11-09 13:47:36,41,44,13388,54826
2023-11-09 13:47:39,40,42,13388,54826
2023-11-09 13:47:41,39,42,13388,54826
2023-11-09 13:47:47,40,42,13388,54826
2023-11-09 13:47:52,39,42,13388,54826
2023-11-09 13:47:53,39,41,13388,54826
2023-11-09 13:48:07,39,42,13388,54826
2023-11-09 13:48:08,39,41,13388,54826
2023-11-09 13:48:09,39,41,13388,54828
2023-11-09 13:48:11,39,40,13388,54828
2023-11-09 13:48:11,38,40,13388,54828
2023-11-09 13:48:26,38,41,13388,54828
2023-11-09 13:48:37,38,40,13388,54828
2023-11-09 13:48:46,38,41,13388,54828
2023-11-09 13:49:30,39,41,13388,54828
2023-11-09 13:49:31,39,42,13388,54828
2023-11-09 13:49:32,41,42,13388,54828
2023-11-09 13:49:32,41,43,13388,54828
2023-11-09 13:49:33,42,43,13388,54828
2023-11-09 13:49:39,41,42,13390,54830
2023-11-09 13:49:41,41,43,13390,54830
2023-11-09 13:49:41,41,42,13390,54830
2023-11-09 13:49:45,40,42,13390,54830
2023-11-09 13:49:45,39,42,13390,54830
2023-11-09 13:49:46,39,41,13390,54830
2023-11-09 13:50:00,40,41,13390,54830
2023-11-09 13:50:00,40,42,13390,54830
2023-11-09 13:50:04,40,41,13390,54830
2023-11-09 13:50:11,40,42,13390,54830
2023-11-09 13:50:18,41,42,13390,54830
2023-11-09 13:50:19,41,43,13390,54830
2023-11-09 13:50:23,40,43,13390,54830
2023-11-09 13:50:23,40,41,13390,54830
2023-11-09 13:50:26,39,41,13390,54830
2023-11-09 13:50:28,38,41,13390,54830
2023-11-09 13:50:29,38,40,13390,54830
2023-11-09 13:50:30,38,39,13390,54830
2023-11-09 13:50:31,36,39,13390,54830
2023-11-09 13:50:31,36,38,13390,54830
2023-11-09 13:50:32,36,38,13390,54832
2023-11-09 13:50:34,36,39,13390,54832
2023-11-09 13:50:37,37,39,13390,54832
2023-11-09 13:50:39,38,39,13390,54832
2023-11-09 13:50:39,38,40,13390,54832
2023-11-09 13:50:54,39,40,13390,54832
2023-11-09 13:51:05,39,41,13390,54832
2023-11-09 13:51:05,40,41,13390,54832
2023-11-09 13:51:20,39,41,13390,54832
2023-11-09 13:51:20,39,40,13390,54832
2023-11-09 13:51:34,38,40,13390,54832
2023-11-09 13:51:37,38,39,13390,54832
2023-11-09 13:51:44,37,39,13390,54832
2023-11-09 13:51:50,38,39,13390,54832
2023-11-09 13:52:04,37,39,13390,54832
2023-11-09 13:52:08,36,39,13390,54832
2023-11-09 13:52:08,36,38,13390,54832
2023-11-09 13:52:22,36,37,13390,54832
2023-11-09 13:52:24,36,38,13390,54832
2023-11-09 13:52:32,36,37,13390,54832
2023-11-09 13:52:40,35,37,13390,54832
2023-11-09 13:52:40,35,36,13390,54832
2023-11-09 13:52:46,34,36,13390,54832
2023-11-09 13:52:59,34,35,13390,54832
2023-11-09 13:53:11,34,36,13390,54832
2023-11-09 13:53:17,33,36,13390,54832
2023-11-09 13:53:17,33,35,13390,54832
2023-11-09 13:53:19,32,35,13390,54832
2023-11-09 13:53:26,33,35,13390,54832
2023-11-09 13:53:26,33,35,13395,54837
2023-11-09 13:53:36,32,35,13395,54837
2023-11-09 13:53:39,33,35,13395,54837
2023-11-09 13:53:44,32,35,13395,54837
2023-11-09 13:53:45,32,34,13395,54837
2023-11-09 13:54:12,32,35,13395,54839
2023-11-09 13:54:12,32,36,13395,54839
2023-11-09 13:54:13,33,36,13395,54839
2023-11-09 13:54:16,32,36,13395,54839
2023-11-09 13:54:21,33,36,13395,54839
2023-11-09 13:54:23,32,36,13395,54839
2023-11-09 13:54:32,32,35,13395,54839
2023-11-09 13:54:33,32,36,13395,54839
2023-11-09 13:54:35,33,36,13395,54839
2023-11-09 13:54:36,32,36,13395,54839
2023-11-09 13:54:39,32,35,13395,54839
2023-11-09 13:54:41,32,34,13395,54839
2023-11-09 13:54:44,31,34,13395,54839
2023-11-09 13:54:46,31,33,13395,54839
2023-11-09 13:54:53,31,34,13395,54839
2023-11-09 13:54:58,31,33,13395,54839
2023-11-09 13:55:02,31,34,13395,54839
2023-11-09 13:55:09,32,34,13395,54839
2023-11-09 13:55:09,32,35,13395,54839
2023-11-09 13:55:18,33,35,13395,54839
2023-11-09 13:55:18,33,36,13395,54839
2023-11-09 13:55:19,32,36,13395,54839
2023-11-09 13:55:20,33,36,13395,54839
2023-11-09 13:55:20,33,35,13395,54839
2023-11-09 13:55:21,33,36,13395,54839
2023-11-09 13:55:23,32,36,13395,54839
2023-11-09 13:55:23,32,35,13395,54839
2023-11-09 13:55:27,33,35,13395,54839
2023-11-09 13:55:27,33,36,13395,54839
2023-11-09 13:55:28,33,35,13395,54839
2023-11-09 13:55:31,33,36,13395,54839
2023-11-09 13:55:35,32,36,13395,54839
2023-11-09 13:55:36,33,36,13395,54839
2023-11-09 13:55:36,33,35,13395,54839
2023-11-09 13:55:36,33,36,13395,54839
2023-11-09 13:55:37,33,35,13395,54839
2023-11-09 13:55:38,32,35,13395,54839
2023-11-09 13:55:39,33,35,13395,54839
2023-11-09 13:55:42,33,36,13395,54839
2023-11-09 13:55:45,34,36,13395,54839
2023-11-09 13:55:45,34,37,13395,54839
2023-11-09 13:55:48,35,37,13395,54839
2023-11-09 13:55:48,35,38,13395,54839
2023-11-09 13:55:50,36,38,13395,54839
2023-11-09 13:56:01,36,38,13750,55394
2023-11-09 13:56:05,36,39,13750,55394
2023-11-09 13:56:05,36,38,13750,55394
2023-11-09 13:56:11,37,38,13750,55394
2023-11-09 13:56:11,37,39,13750,55394
2023-11-09 13:56:12,38,39,13750,55394
2023-11-09 13:56:12,38,40,13750,55394
2023-11-09 13:56:13,38,39,13750,55394
2023-11-09 13:56:16,38,40,13750,55394
2023-11-09 13:56:16,38,39,13750,55394
2023-11-09 13:56:18,37,39,13750,55394
2023-11-09 13:56:20,36,39,13750,55394
2023-11-09 13:56:21,36,38,13750,55394
2023-11-09 13:56:41,36,39,13750,55394
2023-11-09 13:56:41,36,38,13750,55394
2023-11-09 13:56:55,37,38,13750,55394
2023-11-09 13:56:55,37,39,13750,55394
2023-11-09 13:56:57,37,38,13750,55394
2023-11-09 13:57:04,36,38,13750,55394
2023-11-09 13:57:12,35,38,13750,55394
2023-11-09 13:57:13,35,37,13750,55394
2023-11-09 13:57:14,34,37,13750,55394
2023-11-09 13:57:14,35,37,13750,55394
2023-11-09 13:57:14,35,38,13750,55394
2023-11-09 13:57:14,35,37,13750,55394
2023-11-09 13:57:15,34,37,13750,55394
2023-11-09 13:57:16,34,36,13750,55394
2023-11-09 13:57:20,34,35,13750,55394
2023-11-09 13:57:21,33,35,13750,55394
2023-11-09 13:57:21,33,34,13750,55394
2023-11-09 13:57:22,32,34,13750,55394
2023-11-09 13:57:27,32,33,13750,55394
2023-11-09 13:57:28,31,33,13750,55394
2023-11-09 13:57:31,31,32,13750,55394
2023-11-09 13:57:32,31,33,13750,55394
2023-11-09 13:57:35,32,33,13750,55394
2023-11-09 13:57:48,31,33,13950,55594
2023-11-09 13:57:48,31,32,13950,55594
2023-11-09 13:57:56,31,33,13950,55594
2023-11-09 13:57:57,31,32,13950,55594
2023-11-09 13:58:12,30,32,13950,55594
2023-11-09 13:58:27,30,33,13950,55794
2023-11-09 13:58:29,30,32,13950,55794
2023-11-09 13:58:34,31,32,13950,55794
2023-11-09 13:58:45,31,32,14368,56349
2023-11-09 13:58:45,31,32,14921,56902
2023-11-09 13:58:49,31,32,15121,57102
2023-11-09 13:58:49,31,32,15521,57502
2023-11-09 13:58:49,31,32,15856,57837
2023-11-09 13:58:52,29,32,15856,57837
2023-11-09 13:58:52,29,31,15856,57837
2023-11-09 13:58:52,29,30,15856,57837
2023-11-09 13:58:53,29,31,15856,57837
2023-11-09 13:58:53,29,30,15856,57837
2023-11-09 13:58:56,28,30,15856,58037
2023-11-09 13:58:56,28,29,15856,58037
2023-11-09 13:59:00,27,29,15856,58037
2023-11-09 13:59:04,28,29,15856,58037
2023-11-09 13:59:07,28,30,15856,58037
2023-11-09 13:59:07,28,29,15856,58037
2023-11-09 13:59:10,28,30,15856,58037
2023-11-09 13:59:16,29,30,15856,58037
2023-11-09 13:59:16,29,32,15856,58037
2023-11-09 13:59:16,29,31,15856,58037
2023-11-09 13:59:19,29,30,15856,58037
2023-11-09 13:59:20,29,31,15856,58037
2023-11-09 13:59:20,29,30,15856,58037
2023-11-09 13:59:23,29,31,15856,58037
2023-11-09 13:59:24,30,31,15856,58037
2023-11-09 13:59:25,30,31,15858,58097
2023-11-09 13:59:29,30,32,15858,58097
2023-11-09 13:59:29,30,31,15858,58097
2023-11-09 13:59:34,29,31,15858,58097
2023-11-09 13:59:38,30,31,15858,58097
2023-11-09 13:59:38,30,32,15858,58097
2023-11-09 13:59:39,30,31,15858,58097
2023-11-09 13:59:41,30,32,15858,58097
2023-11-09 13:59:42,31,32,15858,58097
2023-11-09 13:59:42,31,33,15858,58097
2023-11-09 13:59:42,31,32,15858,58097
2023-11-09 13:59:48,31,33,15858,58097
2023-11-09 13:59:49,32,33,15858,58097
2023-11-09 13:59:49,32,34,15858,58097
2023-11-09 13:59:49,32,33,15858,58097
2023-11-09 13:59:52,32,34,15858,58097
2023-11-09 13:59:52,32,33,15858,58097
2023-11-09 13:59:59,32,33,16413,58652
2023-11-09 13:59:59,32,34,16413,58652
2023-11-09 14:00:02,31,34,16413,58652
2023-11-09 14:00:02,31,33,16413,58652
2023-11-09 14:00:03,31,33,16813,59052
2023-11-09 14:00:03,31,33,16913,59152
2023-11-09 14:00:03,31,33,17413,59752
2023-11-09 14:00:03,30,33,17413,59752
2023-11-09 14:00:03,29,33,17413,59752
2023-11-09 14:00:03,29,31,17413,59752
2023-11-09 14:00:03,28,31,17413,59752
2023-11-09 14:00:07,30,31,17413,59752
2023-11-09 14:00:07,30,31,17413,60552
2023-11-09 14:00:07,30,32,17413,60552
2023-11-09 14:00:07,29,32,17413,60952
2023-11-09 14:00:08,28,32,17413,60952
2023-11-09 14:00:08,28,31,17413,60952
2023-11-09 14:00:08,28,31,17413,61352
2023-11-09 14:00:08,28,31,17413,61452
2023-11-09 14:00:08,27,28,17213,61664
2023-11-09 14:00:08,27,29,17213,61664
2023-11-09 14:00:08,27,28,17213,61664
2023-11-09 14:00:09,27,29,17213,61664
2023-11-09 14:00:10,27,28,17213,61664
2023-11-09 14:00:11,27,30,17213,61664
2023-11-09 14:00:11,27,28,17213,61664
2023-11-09 14:00:12,27,29,17213,61664
2023-11-09 14:00:13,26,29,17213,61664
2023-11-09 14:00:13,27,29,17213,61664
2023-11-09 14:00:13,27,29,17618,62069
2023-11-09 14:00:13,26,29,17618,62069
2023-11-09 14:00:14,27,29,17618,62069
2023-11-09 14:00:14,26,29,17618,62069
2023-11-09 14:00:15,26,28,17618,62069
2023-11-09 14:00:16,25,28,17618,62269
2023-11-09 14:00:20,25,27,17618,62269
2023-11-09 14:00:20,25,26,17618,62269
2023-11-09 14:00:21,25,27,17618,62269
2023-11-09 14:00:23,25,26,17618,62269
2023-11-09 14:00:24,25,27,17618,62269
2023-11-09 14:00:24,25,28,17618,62269
2023-11-09 14:00:24,25,27,17618,62269
2023-11-09 14:00:24,25,26,17618,62269
2023-11-09 14:00:25,24,26,17618,62269
2023-11-09 14:00:25,23,26,17618,62269
2023-11-09 14:00:25,22,26,17618,62269
2023-11-09 14:00:27,22,25,17618,62269
2023-11-09 14:00:27,22,24,17618,62269
2023-11-09 14:00:28,23,24,17618,62269
2023-11-09 14:00:29,22,24,17618,62269
2023-11-09 14:00:29,23,24,17618,62269
2023-11-09 14:00:30,22,24,17618,62269
2023-11-09 14:00:30,22,23,17618,62269
2023-11-09 14:00:33,20,22,17618,62614
2023-11-09 14:00:33,22,23,17618,62669
2023-11-09 14:00:33,21,23,17618,62669
2023-11-09 14:00:34,21,22,17618,62669
2023-11-09 14:00:34,21,22,17260,63027
2023-11-09 14:00:35,20,22,17260,63027
2023-11-09 14:00:36,19,22,17260,63027
2023-11-09 14:00:36,21,22,16925,63362
2023-11-09 14:00:37,21,23,16925,63362
2023-11-09 14:00:37,21,22,16925,63362
2023-11-09 14:00:37,19,22,16925,63362
2023-11-09 14:00:39,19,23,16925,63362
2023-11-09 14:00:39,20,23,16925,63362
2023-11-09 14:00:41,21,23,16925,63362
2023-11-09 14:00:42,21,24,16925,63362
2023-11-09 14:00:42,22,25,16925,63362
2023-11-09 14:00:44,22,24,16925,63362
2023-11-09 14:00:44,21,24,16925,63362
2023-11-09 14:00:54,21,25,16925,63362
2023-11-09 14:00:54,22,25,16925,63362
2023-11-09 14:00:55,23,25,16925,63362
2023-11-09 14:00:56,23,27,16925,63362
2023-11-09 14:01:02,23,27,16925,63362
2023-11-09 14:01:02,24,26,16925,63362
2023-11-09 14:01:06,24,27,16925,63362
2023-11-09 14:01:08,25,27,16925,63362
2023-11-09 14:01:09,26,27,16925,63362
2023-11-09 14:01:11,25,27,16925,63362
2023-11-09 14:01:14,24,27,16925,63362
2023-11-09 14:01:14,25,27,16925,63362
2023-11-09 14:01:16,24,27,16925,63362
2023-11-09 14:01:18,23,27,16925,63362
2023-11-09 14:01:18,23,26,16925,63362
2023-11-09 14:01:25,23,25,16925,63362
2023-11-09 14:01:32,21,25,16925,63362
2023-11-09 14:01:32,21,24,16925,63362
2023-11-09 14:01:34,21,23,16925,63362
2023-11-09 14:01:34,21,23,16923,63364
2023-11-09 14:01:38,21,22,16923,63364
2023-11-09 14:01:39,20,22,16923,63364
2023-11-09 14:01:40,19,22,16923,63364
2023-11-09 14:01:43,19,20,16923,63364
2023-11-09 14:01:44,18,20,16923,63364
2023-11-09 14:01:49,17,20,16923,63364
2023-11-09 14:01:53,18,20,16923,63364
2023-11-09 14:02:05,17,20,16923,63364
2023-11-09 14:02:07,17,19,16923,63364
2023-11-09 14:02:15,18,19,16923,63364
2023-11-09 14:02:16,18,20,16923,63364
2023-11-09 14:02:20,18,19,16923,63364
2023-11-09 14:02:20,17,19,16923,63364
2023-11-09 14:02:23,17,18,16923,63364
2023-11-09 14:02:23,16,18,16923,63364
2023-11-09 14:02:28,16,17,16923,63364
2023-11-09 14:02:28,15,17,16923,63364
2023-11-09 14:02:33,14,15,17423,63864
2023-11-09 14:02:34,13,15,17423,63864
2023-11-09 14:02:34,13,16,17423,63864
2023-11-09 14:02:35,13,15,17423,63864
2023-11-09 14:02:36,14,15,17423,63864
2023-11-09 14:02:37,13,15,17423,63864
2023-11-09 14:02:37,14,15,17423,63864
2023-11-09 14:02:38,13,15,17423,63864
2023-11-09 14:02:45,13,16,17423,63864
2023-11-09 14:02:45,13,14,17423,63864
2023-11-09 14:02:57,13,15,17423,63864
2023-11-09 14:02:58,14,15,17423,63864
2023-11-09 14:02:59,13,15,17423,63864
2023-11-09 14:03:03,13,14,17423,63864
2023-11-09 14:03:04,13,14,17423,64064
2023-11-09 14:03:06,12,14,17423,64064
2023-11-09 14:03:06,12,13,17423,64064
2023-11-09 14:03:10,12,13,17423,64264
2023-11-09 14:03:19,10,11,17423,64864
2023-11-09 14:03:20,10,11,17673,65114
2023-11-09 14:03:21,10,11,17870,65314
2023-11-09 14:03:22,10,13,17920,65364
2023-11-09 14:03:22,11,13,17920,65364
2023-11-09 14:03:29,10,13,17920,65364
2023-11-09 14:03:30,11,13,17920,65364
2023-11-09 14:03:31,10,13,17920,65364
2023-11-09 14:03:33,10,12,17920,65364
2023-11-09 14:03:34,10,12,17920,65614
2023-11-09 14:03:35,10,13,17920,65864
2023-11-09 14:03:37,11,13,17920,65864
2023-11-09 14:03:38,11,14,17920,65864
2023-11-09 14:03:40,12,14,17920,65864
2023-11-09 14:03:41,12,14,17973,66114
2023-11-09 14:03:42,12,15,17973,66114
2023-11-09 14:03:46,13,15,17973,66114
2023-11-09 14:03:47,13,16,17973,66114
2023-11-09 14:03:47,14,16,17973,66114
2023-11-09 14:03:49,14,16,18223,66364
2023-11-09 14:03:52,14,17,18373,66514
2023-11-09 14:03:53,15,17,18373,66514
2023-11-09 14:03:55,15,16,18373,66514
2023-11-09 14:03:56,15,16,18623,66764
2023-11-09 14:03:56,15,17,18623,66764
2023-11-09 14:03:58,15,17,18873,67014
2023-11-09 14:03:59,16,17,18873,67014
2023-11-09 14:03:59,16,17,18873,67064
2023-11-09 14:04:00,16,17,19123,67314
2023-11-09 14:04:01,16,17,19373,67564
2023-11-09 14:04:03,16,18,19373,67564
2023-11-09 14:04:19,16,18,19623,67814
2023-11-09 14:04:20,17,18,19623,67814
2023-11-09 14:04:25,16,18,19623,67814
2023-11-09 14:04:32,16,17,19623,67814
2023-11-09 14:04:45,16,18,19623,67814
2023-11-09 14:04:50,17,18,19623,67814
2023-11-09 14:04:50,17,19,19623,67814
2023-11-09 14:04:59,17,18,19623,67814
2023-11-09 14:05:06,16,18,19623,67814
2023-11-09 14:05:37,16,17,19623,67814
2023-11-09 14:05:39,15,17,19623,67814
2023-11-09 14:05:42,15,16,19623,67814
2023-11-09 14:05:46,15,17,19623,67814
2023-11-09 14:05:50,14,17,19623,67814
2023-11-09 14:05:50,16,17,19623,67814
2023-11-09 14:06:03,16,18,19623,67814
2023-11-09 14:06:04,15,18,19623,67814
2023-11-09 14:06:04,17,18,19623,67814
2023-11-09 14:06:08,15,18,19623,67814
2023-11-09 14:06:08,16,18,19623,67814
2023-11-09 14:06:10,16,17,19623,67814
2023-11-09 14:06:17,14,17,19623,67814
2023-11-09 14:06:17,15,17,19623,67814
2023-11-09 14:06:33,13,15,19623,67864
2023-11-09 14:06:43,12,15,19623,67864
2023-11-09 14:06:44,12,14,19623,67864
2023-11-09 14:06:51,12,15,19623,67864
2023-11-09 14:06:51,13,15,19623,67864
2023-11-09 14:07:00,13,14,19623,67864
2023-11-09 14:07:01,12,14,19623,67864
2023-11-09 14:07:02,12,13,19623,67864
2023-11-09 14:07:04,12,14,19623,67864
2023-11-09 14:07:04,12,13,19623,67864
2023-11-09 14:07:05,12,14,19623,67864
2023-11-09 14:07:06,11,14,19623,67864
2023-11-09 14:07:10,11,13,19623,67864
2023-11-09 14:07:16,11,14,19623,67864
2023-11-09 14:07:17,13,14,19623,67864
2023-11-09 14:07:17,13,15,19623,67864
2023-11-09 14:07:17,13,15,19623,67914
2023-11-09 14:07:26,14,15,19623,67914
2023-11-09 14:07:26,14,16,19623,67914
2023-11-09 14:07:43,13,16,19623,67914
2023-11-09 14:07:46,13,15,19623,67914
2023-11-09 14:07:49,12,15,19623,67914
2023-11-09 14:07:52,13,15,19623,67914
2023-11-09 14:08:25,13,16,19623,67914
2023-11-09 14:08:28,14,16,19623,67914
2023-11-09 14:08:32,15,16,19623,67914
2023-11-09 14:08:34,14,16,19623,67914
2023-11-09 14:08:35,15,16,19623,67914
2023-11-09 14:08:36,14,16,19623,67914
2023-11-09 14:08:38,15,16,19623,67914
2023-11-09 14:08:40,15,17,19623,67914
2023-11-09 14:08:51,15,18,19623,67914
2023-11-09 14:08:51,16,18,19623,67914
2023-11-09 14:08:55,17,18,19623,67914
2023-11-09 14:08:56,17,19,19623,67914
2023-11-09 14:08:59,18,19,19623,67914
2023-11-09 14:09:01,18,20,19623,67914
2023-11-09 14:09:08,18,21,19623,67914
2023-11-09 14:09:25,18,21,19623,67914
2023-11-09 14:09:31,18,20,19623,67914
2023-11-09 14:09:33,18,21,19623,67914
2023-11-09 14:09:36,18,20,19623,67914
2023-11-09 14:09:38,17,20,19623,67914
2023-11-09 14:09:44,18,20,19623,67914
2023-11-09 14:09:45,18,21,19623,67914
2023-11-09 14:09:46,19,21,19623,67914
2023-11-09 14:10:02,18,21,19623,67914
2023-11-09 14:10:14,17,21,19623,67914
2023-11-09 14:10:15,17,20,19623,67914
2023-11-09 14:10:18,16,20,19623,67914
2023-11-09 14:10:19,16,18,19623,67914
2023-11-09 14:10:28,15,18,19623,67914
2023-11-09 14:10:28,16,18,19623,67914
2023-11-09 14:10:29,15,18,19623,67914
2023-11-09 14:10:29,16,18,19623,67914
2023-11-09 14:10:30,15,18,19623,67914
2023-11-09 14:10:35,16,18,19623,67914
2023-11-09 14:11:05,17,18,19623,67914
2023-11-09 14:11:07,17,19,19623,67914
2023-11-09 14:11:08,17,20,19623,67914
2023-11-09 14:11:13,17,19,19623,67914
2023-11-09 14:11:15,16,19,19623,67914
2023-11-09 14:11:15,15,19,19623,67914
2023-11-09 14:11:16,16,19,19623,67914
2023-11-09 14:11:17,16,18,19623,67914
2023-11-09 14:11:17,15,18,19623,67914
2023-11-09 14:11:17,16,18,19623,67914
2023-11-09 14:11:19,15,18,19623,67914
2023-11-09 14:11:21,15,17,19623,67914
2023-11-09 14:11:25,15,18,19623,67914
2023-11-09 14:11:26,16,18,19623,67914
2023-11-09 14:11:28,16,19,19623,67914
2023-11-09 14:11:32,16,18,19623,67914
2023-11-09 14:11:34,16,17,19623,67914
2023-11-09 14:11:34,15,17,19623,67914
2023-11-09 14:11:49,15,17,19523,68014
2023-11-09 14:12:04,16,17,19523,68014
2023-11-09 14:12:10,16,18,19523,68014
2023-11-09 14:12:13,16,17,19523,68014
2023-11-09 14:12:13,15,17,19523,68014
2023-11-09 14:12:22,15,16,19523,68014
2023-11-09 14:12:22,14,16,19523,68014
2023-11-09 14:12:31,13,16,19523,68014
2023-11-09 14:12:31,14,16,19523,68014
2023-11-09 14:12:32,14,16,19523,68414
2023-11-09 14:12:32,13,16,19523,68414
2023-11-09 14:12:33,12,15,19523,68414
2023-11-09 14:12:54,12,14,19523,68414
2023-11-09 14:13:07,11,14,19523,68414
2023-11-09 14:13:13,12,14,19523,68414
2023-11-09 14:13:20,11,14,19523,68414
2023-11-09 14:13:28,12,14,19523,68414
2023-11-09 14:13:36,11,14,19523,68414
2023-11-09 14:13:41,12,14,19523,68414
2023-11-09 14:13:43,11,14,19523,68414
2023-11-09 14:13:50,12,14,19523,68414
2023-11-09 14:13:51,13,14,19523,68414
2023-11-09 14:13:52,13,15,19523,68414
2023-11-09 14:14:32,12,15,19523,68414
2023-11-09 14:14:33,11,15,19523,68414
2023-11-09 14:14:33,11,14,19523,68414
2023-11-09 14:14:34,12,14,19523,68414
2023-11-09 14:14:36,11,14,19523,68414
2023-11-09 14:14:39,12,14,19523,68414
2023-11-09 14:14:47,11,14,19523,68414
2023-11-09 14:14:48,12,14,19523,68414
2023-11-09 14:15:11,11,14,19523,68414
2023-11-09 14:15:22,11,13,19523,68414
2023-11-09 14:15:44,11,12,19523,68414
2023-11-09 14:15:49,11,12,19523,68564
2023-11-09 14:15:50,10,12,19523,68564
2023-11-09 14:15:56,10,13,19523,68564
2023-11-09 14:15:57,11,13,19523,68564
2023-11-09 14:16:07,10,13,19523,68564
2023-11-09 14:16:07,10,12,19523,68564
2023-11-09 14:16:19,11,12,19523,68564
2023-11-09 14:16:20,11,13,19523,68564
2023-11-09 14:16:20,11,12,19523,68564
2023-11-09 14:16:21,11,13,19523,68564
2023-11-09 14:16:37,11,12,19523,68564
2023-11-09 14:16:38,10,12,19523,68564
2023-11-09 14:16:40,10,13,19523,68564
2023-11-09 14:16:40,10,12,19523,68564
2023-11-09 14:16:41,10,11,19523,68564
2023-11-09 14:17:03,10,12,19523,68564
2023-11-09 14:17:04,10,11,19523,68564
2023-11-09 14:17:07,10,12,19523,68564
2023-11-09 14:17:09,10,11,19523,68564
2023-11-09 14:17:10,10,12,19523,68564
2023-11-09 14:17:13,10,11,19523,68564
2023-11-09 14:17:14,10,12,19523,68564
2023-11-09 14:17:14,10,11,19523,68564
2023-11-09 14:17:15,10,12,19523,68564
2023-11-09 14:17:41,10,13,19523,68564
2023-11-09 14:17:41,11,13,19523,68564
2023-11-09 14:17:42,11,14,19523,68564
2023-11-09 14:17:52,11,13,19523,68564
2023-11-09 14:17:55,10,13,19523,68564
2023-11-09 14:17:55,11,13,19523,68564
2023-11-09 14:17:56,10,13,19523,68564
2023-11-09 14:17:56,11,13,19523,68564
2023-11-09 14:17:57,10,13,19523,68564
2023-11-09 14:18:16,10,13,19723,68764
2023-11-09 14:18:16,10,11,19723,68764
2023-11-09 14:18:17,9,11,19723,68764
2023-11-09 14:18:19,9,10,19723,68764
2023-11-09 14:18:23,8,10,19723,68964
2023-11-09 14:18:24,8,9,19723,68964
2023-11-09 14:18:34,9,11,19523,69164
2023-11-09 14:18:35,8,11,19523,69164
2023-11-09 14:18:39,9,11,19523,69164
2023-11-09 14:18:53,9,11,19398,69289
2023-11-09 14:18:54,8,11,19398,69289
2023-11-09 14:18:57,8,10,19398,69289
2023-11-09 14:19:21,7,10,19398,69289
2023-11-09 14:19:21,7,8,19398,69289
2023-11-09 14:19:21,7,8,19398,69298
2023-11-09 14:20:05,7,9,19398,69298
2023-11-09 14:20:06,7,10,19398,69298
2023-11-09 14:20:06,8,10,19398,69298
2023-11-09 14:20:15,9,10,19398,69298
2023-11-09 14:20:17,8,10,19398,69298
2023-11-09 14:20:18,9,10,19398,69298
2023-11-09 14:20:22,8,10,19398,69298
2023-11-09 14:20:49,9,10,19398,69298
2023-11-09 14:20:50,9,11,19398,69298
2023-11-09 14:20:50,9,12,19398,69298
2023-11-09 14:20:51,11,12,19398,69298
2023-11-09 14:20:51,11,13,19398,69298
2023-11-09 14:20:54,10,13,19398,69298
2023-11-09 14:21:08,11,13,19398,69298
2023-11-09 14:21:30,11,14,19598,69498
2023-11-09 14:21:31,12,14,19598,69498
2023-11-09 14:21:33,11,14,19598,69498
2023-11-09 14:21:41,12,14,19598,69498
2023-11-09 14:21:41,12,15,19598,69498
2023-11-09 14:21:43,13,15,19598,69498
2023-11-09 14:21:53,14,15,19598,69498
2023-11-09 14:22:05,13,16,19598,69498
2023-11-09 14:22:13,13,15,19598,69498
2023-11-09 14:22:15,12,15,19598,69498
2023-11-09 14:22:19,13,15,19598,69498
2023-11-09 14:22:19,13,16,19598,69498
2023-11-09 14:22:26,13,15,19598,69498
2023-11-09 14:22:26,13,14,19598,69498
2023-11-09 14:22:33,13,15,19598,69498
2023-11-09 14:22:33,13,14,19598,69498
2023-11-09 14:22:34,12,13,19598,69498
2023-11-09 14:22:35,11,13,19598,69498
2023-11-09 14:22:41,11,14,19598,69498
2023-11-09 14:22:41,11,13,19598,69498
2023-11-09 14:22:41,11,12,19598,69498
2023-11-09 14:22:42,11,13,19598,69498
2023-11-09 14:22:47,11,12,19598,69498
2023-11-09 14:22:53,11,13,19598,69498
2023-11-09 14:22:58,11,14,19598,69498
2023-11-09 14:23:11,11,14,19598,69498
2023-11-09 14:23:11,11,13,19598,69498
2023-11-09 14:23:20,12,13,19598,69498
2023-11-09 14:23:26,12,14,19598,69498
2023-11-09 14:23:26,12,13,19598,69498
2023-11-09 14:23:27,12,14,19598,69498
2023-11-09 14:23:27,12,13,19598,69498
2023-11-09 14:23:29,12,13,20153,70053
2023-11-09 14:23:29,12,15,20153,70053
2023-11-09 14:23:29,12,14,20153,70053
2023-11-09 14:23:41,13,14,20153,70053
2023-11-09 14:23:43,13,15,20153,70053
2023-11-09 14:23:43,13,14,20153,70053
2023-11-09 14:23:44,13,15,20153,70053
2023-11-09 14:23:52,13,14,20153,70053
2023-11-09 14:23:54,13,15,20153,70053
2023-11-09 14:23:59,12,15,20153,70053
2023-11-09 14:23:59,12,14,20153,70053
2023-11-09 14:24:03,12,15,20153,70053
2023-11-09 14:24:03,12,14,20153,70053
2023-11-09 14:24:07,13,14,20153,70053
2023-11-09 14:24:07,13,15,20153,70053
2023-11-09 14:24:07,13,16,20153,70053
2023-11-09 14:24:08,15,16,20153,70053
2023-11-09 14:24:09,15,17,20153,70053
2023-11-09 14:24:10,16,17,20153,70053
2023-11-09 14:24:10,16,18,20153,70053
2023-11-09 14:24:11,17,18,20153,70053
2023-11-09 14:24:11,17,19,20153,70053
2023-11-09 14:24:12,17,18,20153,70053
2023-11-09 14:24:16,17,19,20153,70053
2023-11-09 14:24:16,17,18,20153,70053
2023-11-09 14:24:17,17,19,20153,70053
2023-11-09 14:24:17,17,18,20153,70053
2023-11-09 14:24:19,17,19,20153,70053
2023-11-09 14:24:21,17,18,20153,70053
2023-11-09 14:24:22,16,18,20153,70053
2023-11-09 14:24:26,16,19,20153,70053
2023-11-09 14:24:27,16,18,20153,70053
2023-11-09 14:24:29,17,18,20153,70053
2023-11-09 14:24:29,17,19,20153,70053
2023-11-09 14:24:34,16,19,20153,70053
2023-11-09 14:24:38,16,18,20153,70053
2023-11-09 14:24:53,16,19,20153,70053
2023-11-09 14:24:53,16,18,20153,70053
2023-11-09 14:24:54,16,17,20153,70053
2023-11-09 14:24:55,16,18,20153,70053
2023-11-09 14:24:56,16,17,20153,70053
2023-11-09 14:24:58,16,18,20153,70053
2023-11-09 14:25:12,15,18,20153,70053
2023-11-09 14:25:12,15,17,20153,70053
2023-11-09 14:25:13,15,18,20153,70053
2023-11-09 14:25:13,15,17,20153,70053
2023-11-09 14:25:14,15,16,20153,70053
2023-11-09 14:25:15,14,16,20153,70053
2023-11-09 14:25:16,14,17,20153,70053
2023-11-09 14:25:16,14,16,20153,70053
2023-11-09 14:25:18,15,16,20153,70053
2023-11-09 14:25:18,15,17,20153,70053
2023-11-09 14:25:18,15,18,20153,70053
2023-11-09 14:25:18,15,17,20153,70053
2023-11-09 14:25:20,15,16,20153,70053
2023-11-09 14:25:21,15,17,20153,70053
2023-11-09 14:25:22,16,17,20153,70053
2023-11-09 14:25:22,16,18,20153,70053
2023-11-09 14:25:22,16,18,20153,70053
2023-11-09 14:25:26,17,18,20153,70053
2023-11-09 14:25:27,17,19,20153,70053
2023-11-09 14:25:33,17,18,20153,70053
2023-11-09 14:25:42,17,19,20153,70453
2023-11-09 14:25:42,17,20,20153,70453
2023-11-09 14:25:43,17,19,20153,70453
2023-11-09 14:25:44,17,19,20153,70853
2023-11-09 14:25:44,17,20,20153,71053
2023-11-09 14:25:44,18,20,20153,71053
2023-11-09 14:25:44,19,20,20153,71053
2023-11-09 14:25:45,19,21,20153,71053
2023-11-09 14:25:46,20,21,20153,71053
2023-11-09 14:25:47,20,21,20403,71303
2023-11-09 14:25:49,20,22,20403,71303
2023-11-09 14:25:50,21,22,20403,71303
2023-11-09 14:25:50,21,22,20653,71553
2023-11-09 14:25:51,21,23,20653,71553
2023-11-09 14:25:52,21,23,20903,71803
2023-11-09 14:25:53,22,23,20903,71803
2023-11-09 14:26:03,21,22,20905,71805
2023-11-09 14:26:04,20,22,20905,71805
2023-11-09 14:26:22,21,22,20905,71805
2023-11-09 14:26:23,21,23,20905,71805
2023-11-09 14:26:26,21,25,20905,71805
2023-11-09 14:26:26,22,25,20905,71805
2023-11-09 14:26:37,22,24,20905,71805
2023-11-09 14:26:43,22,23,20905,71805
2023-11-09 14:26:43,21,23,20905,71805
2023-11-09 14:26:49,21,24,20905,71805
2023-11-09 14:26:51,21,23,20905,71805
2023-11-09 14:26:57,21,22,20905,71805
2023-11-09 14:27:01,20,21,20905,71855
2023-11-09 14:27:01,19,21,20905,71855
2023-11-09 14:27:01,18,21,20905,71855
2023-11-09 14:27:02,18,20,20905,71855
2023-11-09 14:27:02,18,19,20905,71855
2023-11-09 14:27:02,18,19,20905,72105
2023-11-09 14:27:02,16,19,20905,72105
2023-11-09 14:27:03,17,19,20905,72105
2023-11-09 14:27:03,18,19,20905,72105
2023-11-09 14:27:09,17,19,20905,72105
2023-11-09 14:27:11,18,19,20905,72105
2023-11-09 14:27:17,17,19,20905,72105
2023-11-09 14:27:18,17,18,20905,72105
2023-11-09 14:27:18,16,18,20905,72105
2023-11-09 14:27:18,17,18,20905,72105
2023-11-09 14:27:26,16,18,20905,72105
2023-11-09 14:27:26,17,18,20905,72105
2023-11-09 14:27:28,17,19,20905,72105
2023-11-09 14:27:28,18,19,20905,72105
2023-11-09 14:27:39,17,19,20905,72105
2023-11-09 14:27:39,18,19,20905,72105
2023-11-09 14:27:42,16,19,20905,72105
2023-11-09 14:27:42,18,19,20905,72105
2023-11-09 14:27:44,16,19,20905,72105
2023-11-09 14:27:50,17,19,20905,72105
2023-11-09 14:27:51,18,19,20905,72105
2023-11-09 14:27:58,17,19,20905,72105
2023-11-09 14:27:58,18,19,20905,72105
2023-11-09 14:27:59,18,20,20905,72105
2023-11-09 14:27:59,19,20,20905,72105
2023-11-09 14:28:01,18,20,20905,72105
2023-11-09 14:28:01,18,19,20905,72105
2023-11-09 14:28:03,17,19,20905,72105
2023-11-09 14:28:03,18,19,20905,72105
2023-11-09 14:28:08,18,20,20905,72355
2023-11-09 14:28:09,19,20,20905,72355
2023-11-09 14:28:09,19,21,20905,72355
2023-11-09 14:28:10,19,20,20905,72355
2023-11-09 14:28:10,18,20,20905,72355
2023-11-09 14:28:15,17,20,20905,72355
2023-11-09 14:28:16,17,18,20905,72355
2023-11-09 14:28:18,17,18,20905,72555
2023-11-09 14:28:18,15,18,20905,72555
2023-11-09 14:28:18,16,18,20905,72555
2023-11-09 14:28:19,17,18,20905,72555
2023-11-09 14:28:26,17,18,20903,72557
2023-11-09 14:28:32,15,18,20903,72557
2023-11-09 14:28:32,17,18,20903,72557
