datetime,bid,ask,open_interest,volume
2023-08-09 09:30:06,18,40,107,107
2023-08-09 09:30:07,18,40,107,107
2023-08-09 09:30:07,19,40,107,107
2023-08-09 09:30:08,17,38,107,107
2023-08-09 09:30:08,17,40,107,107
2023-08-09 09:30:08,17,37,107,107
2023-08-09 09:30:08,20,37,107,107
2023-08-09 09:30:09,17,37,107,107
2023-08-09 09:30:09,17,40,107,107
2023-08-09 09:30:09,21,40,107,107
2023-08-09 09:30:09,21,36,107,107
2023-08-09 09:30:10,22,36,107,107
2023-08-09 09:30:10,22,35,107,107
2023-08-09 09:30:11,17,35,107,107
2023-08-09 09:30:11,23,35,107,107
2023-08-09 09:30:11,23,35,207,207
2023-08-09 09:30:12,17,35,207,207
2023-08-09 09:30:12,17,34,207,207
2023-08-09 09:30:12,24,35,307,307
2023-08-09 09:30:13,17,35,307,307
2023-08-09 09:30:13,25,35,307,307
2023-08-09 09:30:14,17,34,307,307
2023-08-09 09:30:14,17,33,307,307
2023-08-09 09:30:14,26,33,307,307
2023-08-09 09:30:15,27,33,307,307
2023-08-09 09:30:16,28,33,307,307
2023-08-09 09:30:17,29,32,307,307
2023-08-09 09:30:20,29,33,307,307
2023-08-09 09:30:20,30,33,307,307
2023-08-09 09:30:22,30,34,307,307
2023-08-09 09:30:22,31,34,307,307
2023-08-09 09:30:23,31,33,307,307
2023-08-09 09:30:24,31,34,307,307
2023-08-09 09:30:24,32,34,307,307
2023-08-09 09:30:25,31,34,307,307
2023-08-09 09:30:25,31,33,307,307
2023-08-09 09:30:27,31,34,307,307
2023-08-09 09:30:27,32,34,307,307
2023-08-09 09:30:31,32,40,307,307
2023-08-09 09:30:32,33,40,307,307
2023-08-09 09:30:32,33,39,307,307
2023-08-09 09:30:33,33,38,307,307
2023-08-09 09:30:34,31,38,307,307
2023-08-09 09:30:34,31,40,307,307
2023-08-09 09:30:35,17,39,307,307
2023-08-09 09:30:35,18,39,307,307
2023-08-09 09:30:36,17,39,307,307
2023-08-09 09:30:37,17,38,307,307
2023-08-09 09:30:37,20,38,307,307
2023-08-09 09:30:37,20,37,307,307
2023-08-09 09:30:38,20,36,307,307
2023-08-09 09:30:38,21,36,307,307
2023-08-09 09:30:39,17,36,307,307
2023-08-09 09:30:39,22,36,307,307
2023-08-09 09:30:40,23,36,307,307
2023-08-09 09:30:41,17,36,307,307
2023-08-09 09:30:41,17,37,307,307
2023-08-09 09:30:41,24,37,307,307
2023-08-09 09:30:42,17,37,307,307
2023-08-09 09:30:42,25,37,307,307
2023-08-09 09:30:43,17,37,307,307
2023-08-09 09:30:43,26,37,307,307
2023-08-09 09:30:44,26,38,307,307
2023-08-09 09:30:44,17,38,307,307
2023-08-09 09:30:44,27,38,307,307
2023-08-09 09:30:45,17,38,307,307
2023-08-09 09:30:45,28,38,307,307
2023-08-09 09:30:46,28,38,307,307
2023-08-09 09:30:46,28,40,307,307
2023-08-09 09:30:46,17,40,307,307
2023-08-09 09:30:47,18,40,307,307
2023-08-09 09:30:47,18,39,307,307
2023-08-09 09:30:48,17,39,307,307
2023-08-09 09:30:48,17,38,307,307
2023-08-09 09:30:49,17,38,307,307
2023-08-09 09:30:49,17,37,307,307
2023-08-09 09:30:49,20,37,307,307
2023-08-09 09:30:50,17,37,307,307
2023-08-09 09:30:50,17,36,307,307
2023-08-09 09:30:50,21,36,307,307
2023-08-09 09:30:51,17,36,307,307
2023-08-09 09:30:51,22,36,307,307
2023-08-09 09:30:52,17,36,307,307
2023-08-09 09:30:52,23,36,307,307
2023-08-09 09:30:53,17,36,307,307
2023-08-09 09:30:53,24,36,307,307
2023-08-09 09:30:54,17,36,307,307
2023-08-09 09:30:54,25,36,307,307
2023-08-09 09:30:55,25,37,307,307
2023-08-09 09:30:55,26,37,307,307
2023-08-09 09:30:56,17,37,307,307
2023-08-09 09:30:56,27,37,307,307
2023-08-09 09:30:57,17,37,307,307
2023-08-09 09:30:57,28,37,307,307
2023-08-09 09:30:58,17,37,307,307
2023-08-09 09:30:58,17,36,307,307
2023-08-09 09:30:58,29,36,307,307
2023-08-09 09:30:59,17,36,307,307
2023-08-09 09:30:59,30,36,307,307
2023-08-09 09:31:00,31,36,307,307
2023-08-09 09:31:00,33,36,307,307
2023-08-09 09:31:00,34,36,307,307
2023-08-09 09:31:00,35,36,307,307
2023-08-09 09:31:01,35,37,307,307
2023-08-09 09:31:02,35,36,307,307
2023-08-09 09:31:03,35,37,307,307
2023-08-09 09:31:04,35,36,307,307
2023-08-09 09:31:08,35,37,307,307
2023-08-09 09:31:09,35,36,307,307
2023-08-09 09:31:11,35,37,307,307
2023-08-09 09:31:12,35,36,307,307
2023-08-09 09:31:13,34,36,307,307
2023-08-09 09:31:13,34,37,307,307
2023-08-09 09:31:13,35,37,307,307
2023-08-09 09:31:14,34,37,307,307
2023-08-09 09:31:15,33,37,307,307
2023-08-09 09:31:15,34,37,307,307
2023-08-09 09:31:16,34,36,307,307
2023-08-09 09:31:17,34,35,307,307
2023-08-09 09:31:20,35,36,312,312
2023-08-09 09:31:21,34,36,312,312
2023-08-09 09:31:21,34,36,312,317
2023-08-09 09:31:23,34,35,312,317
2023-08-09 09:31:25,34,35,712,717
2023-08-09 09:31:26,33,35,712,717
2023-08-09 09:31:27,33,34,712,717
2023-08-09 09:31:31,33,34,1112,1117
2023-08-09 09:31:34,33,35,1112,1117
2023-08-09 09:31:34,33,34,1112,1117
2023-08-09 09:31:37,33,35,1112,1117
2023-08-09 09:31:41,34,35,1112,1117
2023-08-09 09:31:42,33,35,1112,1117
2023-08-09 09:31:43,34,35,1112,1117
2023-08-09 09:31:43,34,35,1112,1122
2023-08-09 09:31:44,33,35,1112,1122
2023-08-09 09:31:45,33,34,1112,1122
2023-08-09 09:31:48,33,35,1112,1122
2023-08-09 09:31:49,33,34,1112,1122
2023-08-09 09:31:50,33,35,1112,1122
2023-08-09 09:31:51,34,35,1112,1122
2023-08-09 09:31:51,34,35,1112,1127
2023-08-09 09:31:53,34,36,1112,1127
2023-08-09 09:31:53,33,36,1112,1127
2023-08-09 09:31:54,34,36,1112,1127
2023-08-09 09:31:55,35,36,1112,1127
2023-08-09 09:31:56,34,36,1112,1127
2023-08-09 09:32:00,35,36,1112,1127
2023-08-09 09:32:02,35,37,1112,1127
2023-08-09 09:32:02,34,36,1112,1127
2023-08-09 09:32:07,35,36,1112,1127
2023-08-09 09:32:09,34,36,1112,1127
2023-08-09 09:32:10,33,36,1112,1127
2023-08-09 09:32:10,33,35,1112,1127
2023-08-09 09:32:10,33,35,1112,1132
2023-08-09 09:32:12,33,36,1112,1132
2023-08-09 09:32:12,34,36,1112,1132
2023-08-09 09:32:16,35,36,1112,1132
2023-08-09 09:32:21,35,37,1112,1132
2023-08-09 09:32:22,36,37,1112,1132
2023-08-09 09:32:22,36,37,1112,1137
2023-08-09 09:32:23,35,37,1112,1137
2023-08-09 09:32:24,35,37,1112,1142
2023-08-09 09:32:25,36,37,1112,1152
2023-08-09 09:32:26,36,38,912,1352
2023-08-09 09:32:28,37,38,912,1352
2023-08-09 09:32:29,36,38,912,1352
2023-08-09 09:32:29,36,37,912,1352
2023-08-09 09:32:31,35,37,912,1352
2023-08-09 09:32:31,35,38,912,1352
2023-08-09 09:32:31,36,38,912,1352
2023-08-09 09:32:33,37,38,912,1352
2023-08-09 09:32:34,36,38,912,1352
2023-08-09 09:32:35,36,37,912,1352
2023-08-09 09:32:36,35,38,912,1352
2023-08-09 09:32:37,35,38,912,1352
2023-08-09 09:32:37,35,37,912,1352
2023-08-09 09:32:38,35,38,912,1352
2023-08-09 09:32:38,36,38,912,1352
2023-08-09 09:32:40,35,38,912,1352
2023-08-09 09:32:40,35,37,912,1352
2023-08-09 09:32:43,35,38,912,1352
2023-08-09 09:32:43,36,38,912,1352
2023-08-09 09:32:44,37,38,912,1352
2023-08-09 09:32:45,36,38,912,1352
2023-08-09 09:32:47,37,38,912,1352
2023-08-09 09:32:48,36,38,912,1352
2023-08-09 09:32:50,35,38,912,1352
2023-08-09 09:32:50,35,37,912,1352
2023-08-09 09:32:53,35,38,912,1352
2023-08-09 09:32:53,36,38,912,1352
2023-08-09 09:32:54,37,38,912,1352
2023-08-09 09:32:57,36,38,912,1352
2023-08-09 09:32:58,37,38,912,1352
2023-08-09 09:32:59,36,38,912,1352
2023-08-09 09:33:04,37,38,912,1352
2023-08-09 09:33:05,36,38,912,1352
2023-08-09 09:33:10,37,38,912,1352
2023-08-09 09:33:10,37,38,912,1357
2023-08-09 09:33:16,36,38,912,1357
2023-08-09 09:33:17,37,38,912,1357
2023-08-09 09:33:19,36,38,912,1357
2023-08-09 09:33:22,36,37,912,1357
2023-08-09 09:33:29,36,37,912,1362
2023-08-09 09:33:30,36,37,912,1367
2023-08-09 09:33:31,36,38,912,1367
2023-08-09 09:33:32,36,37,912,1367
2023-08-09 09:33:34,36,38,912,1367
2023-08-09 09:33:38,36,37,912,1367
2023-08-09 09:33:39,35,37,912,1367
2023-08-09 09:33:40,35,38,912,1367
2023-08-09 09:33:40,36,38,912,1367
2023-08-09 09:33:41,35,38,912,1367
2023-08-09 09:33:41,35,37,912,1367
2023-08-09 09:33:42,36,37,912,1367
2023-08-09 09:33:43,35,37,912,1367
2023-08-09 09:33:44,35,36,912,1367
2023-08-09 09:33:46,35,37,912,1367
2023-08-09 09:33:49,35,36,912,1367
2023-08-09 09:33:52,34,36,912,1367
2023-08-09 09:33:54,35,36,912,1367
2023-08-09 09:33:58,34,36,912,1367
2023-08-09 09:33:58,34,35,912,1367
2023-08-09 09:34:00,34,35,912,1372
2023-08-09 09:34:01,34,36,912,1372
2023-08-09 09:34:02,35,36,912,1372
2023-08-09 09:34:08,34,36,912,1372
2023-08-09 09:34:10,34,35,912,1372
2023-08-09 09:34:15,33,35,912,1372
2023-08-09 09:34:15,33,34,912,1372
2023-08-09 09:34:21,33,35,912,1372
2023-08-09 09:34:22,33,34,912,1372
2023-08-09 09:34:22,33,34,917,1377
2023-08-09 09:34:23,33,35,917,1377
2023-08-09 09:34:24,33,34,917,1377
2023-08-09 09:34:29,33,35,917,1377
2023-08-09 09:34:30,33,36,917,1377
2023-08-09 09:34:30,34,36,917,1377
2023-08-09 09:34:31,33,36,917,1377
2023-08-09 09:34:31,33,35,917,1377
2023-08-09 09:34:32,33,36,917,1377
2023-08-09 09:34:32,34,36,917,1377
2023-08-09 09:34:34,33,36,917,1377
2023-08-09 09:34:34,33,35,917,1377
2023-08-09 09:34:35,34,35,917,1377
2023-08-09 09:34:36,34,36,917,1377
2023-08-09 09:34:37,33,35,917,1377
2023-08-09 09:34:38,33,36,917,1377
2023-08-09 09:34:38,34,36,917,1377
2023-08-09 09:34:42,34,35,917,1377
2023-08-09 09:34:43,34,36,917,1377
2023-08-09 09:34:45,35,36,917,1377
2023-08-09 09:34:46,34,36,917,1377
2023-08-09 09:34:49,34,35,917,1377
2023-08-09 09:34:55,33,35,1117,1577
2023-08-09 09:34:56,33,34,1117,1577
2023-08-09 09:34:58,33,34,1117,1582
2023-08-09 09:34:59,33,35,1117,1582
2023-08-09 09:34:59,34,35,1117,1582
2023-08-09 09:34:59,34,36,1117,1582
2023-08-09 09:35:00,34,35,1117,1582
2023-08-09 09:35:02,34,36,1117,1582
2023-08-09 09:35:04,35,36,1117,1582
2023-08-09 09:35:06,34,36,1117,1582
2023-08-09 09:35:07,34,35,1117,1582
2023-08-09 09:35:11,34,36,1117,1582
2023-08-09 09:35:12,33,36,1117,1582
2023-08-09 09:35:12,33,35,1117,1582
2023-08-09 09:35:13,33,34,1117,1582
2023-08-09 09:35:14,33,35,1117,1582
2023-08-09 09:35:16,34,35,1117,1582
2023-08-09 09:35:17,33,36,1117,1582
2023-08-09 09:35:17,33,35,1117,1582
2023-08-09 09:35:19,34,36,1117,1582
2023-08-09 09:35:19,34,35,1117,1582
2023-08-09 09:35:21,34,36,1117,1582
2023-08-09 09:35:25,35,36,1117,1582
2023-08-09 09:35:26,35,36,1117,1587
2023-08-09 09:35:29,34,36,1117,1587
2023-08-09 09:35:30,34,35,1117,1587
2023-08-09 09:35:33,34,36,1117,1587
2023-08-09 09:35:35,34,35,1117,1587
2023-08-09 09:35:36,34,36,1117,1587
2023-08-09 09:35:39,35,36,1117,1587
2023-08-09 09:35:40,34,36,1117,1587
2023-08-09 09:35:41,35,36,1117,1587
2023-08-09 09:35:42,34,36,1117,1587
2023-08-09 09:35:43,35,36,1117,1587
2023-08-09 09:35:48,35,36,1117,1592
2023-08-09 09:35:52,35,36,1117,1992
2023-08-09 09:35:56,35,38,1217,2092
2023-08-09 09:35:57,36,38,1217,2092
2023-08-09 09:35:59,35,38,1217,2092
2023-08-09 09:35:59,35,37,1217,2092
2023-08-09 09:36:03,35,38,1217,2092
2023-08-09 09:36:03,36,38,1217,2092
2023-08-09 09:36:04,35,38,1217,2092
2023-08-09 09:36:04,35,37,1217,2092
2023-08-09 09:36:05,35,38,1217,2092
2023-08-09 09:36:05,36,38,1217,2092
2023-08-09 09:36:07,36,37,1217,2092
2023-08-09 09:36:08,35,37,1217,2092
2023-08-09 09:36:09,35,38,1217,2092
2023-08-09 09:36:09,36,38,1217,2092
2023-08-09 09:36:12,36,39,1217,2092
2023-08-09 09:36:12,37,39,1217,2092
2023-08-09 09:36:15,36,39,1217,2092
2023-08-09 09:36:15,36,38,1217,2092
2023-08-09 09:36:16,36,39,1217,2092
2023-08-09 09:36:16,37,39,1217,2092
2023-08-09 09:36:18,36,39,1217,2092
2023-08-09 09:36:18,36,38,1217,2092
2023-08-09 09:36:20,36,39,1217,2092
2023-08-09 09:36:20,37,39,1217,2092
2023-08-09 09:36:21,36,39,1217,2092
2023-08-09 09:36:21,36,38,1217,2092
2023-08-09 09:36:22,37,38,1217,2092
2023-08-09 09:36:24,36,39,1217,2092
2023-08-09 09:36:24,36,38,1217,2092
2023-08-09 09:36:31,36,37,1217,2092
2023-08-09 09:36:36,36,38,1217,2092
2023-08-09 09:36:38,35,38,1217,2092
2023-08-09 09:36:38,35,37,1217,2092
2023-08-09 09:36:38,36,37,1217,2092
2023-08-09 09:36:40,35,37,1217,2092
2023-08-09 09:36:40,36,37,1217,2092
2023-08-09 09:36:41,36,38,1217,2092
2023-08-09 09:36:43,37,38,1217,2092
2023-08-09 09:36:44,36,38,1217,2092
2023-08-09 09:36:44,35,38,1217,2092
2023-08-09 09:36:45,35,37,1217,2092
2023-08-09 09:36:47,35,38,1217,2092
2023-08-09 09:36:47,36,38,1217,2092
2023-08-09 09:36:50,37,38,1217,2092
2023-08-09 09:36:51,36,38,1217,2092
2023-08-09 09:36:54,37,38,1217,2092
2023-08-09 09:36:55,35,38,1217,2092
2023-08-09 09:36:56,36,38,1217,2092
2023-08-09 09:36:57,37,38,1217,2092
2023-08-09 09:36:58,37,39,1217,2092
2023-08-09 09:36:59,37,38,1217,2092
2023-08-09 09:37:04,37,39,1217,2092
2023-08-09 09:37:05,37,38,1217,2092
2023-08-09 09:37:05,36,38,1217,2092
2023-08-09 09:37:06,36,39,1217,2092
2023-08-09 09:37:06,37,39,1217,2092
2023-08-09 09:37:07,36,39,1217,2092
2023-08-09 09:37:07,36,38,1217,2092
2023-08-09 09:37:08,36,39,1217,2092
2023-08-09 09:37:08,37,39,1217,2092
2023-08-09 09:37:11,38,39,1217,2092
2023-08-09 09:37:12,37,39,1217,2092
2023-08-09 09:37:13,37,38,1217,2092
2023-08-09 09:37:16,36,38,1217,2092
2023-08-09 09:37:16,36,38,1217,2097
2023-08-09 09:37:19,37,38,1217,2097
2023-08-09 09:37:22,37,38,1217,2102
2023-08-09 09:37:22,36,38,1217,2102
2023-08-09 09:37:23,37,38,1217,2102
2023-08-09 09:37:24,36,38,1217,2102
2023-08-09 09:37:27,37,38,1217,2102
2023-08-09 09:37:30,36,38,1217,2102
2023-08-09 09:37:31,36,37,1217,2102
2023-08-09 09:37:32,36,38,1217,2102
2023-08-09 09:37:33,37,38,1217,2102
2023-08-09 09:37:35,36,38,1217,2102
2023-08-09 09:37:36,36,39,1217,2102
2023-08-09 09:37:36,37,39,1217,2102
2023-08-09 09:37:38,36,39,1217,2102
2023-08-09 09:37:38,36,38,1217,2102
2023-08-09 09:37:39,36,37,1217,2102
2023-08-09 09:37:40,36,38,1217,2102
2023-08-09 09:37:44,37,38,1217,2102
2023-08-09 09:37:45,37,39,1217,2102
2023-08-09 09:37:48,36,39,1217,2102
2023-08-09 09:37:48,36,38,1217,2102
2023-08-09 09:37:49,36,39,1217,2102
2023-08-09 09:37:49,37,39,1217,2102
2023-08-09 09:37:51,37,38,1217,2102
2023-08-09 09:37:53,37,39,1217,2102
2023-08-09 09:37:54,36,39,1217,2102
2023-08-09 09:37:54,36,38,1217,2102
2023-08-09 09:37:54,37,38,1217,2102
2023-08-09 09:37:55,36,37,1217,2107
2023-08-09 09:37:56,36,38,1217,2107
2023-08-09 09:37:57,36,39,1217,2107
2023-08-09 09:37:57,37,39,1217,2107
2023-08-09 09:37:58,36,39,1217,2107
2023-08-09 09:37:58,36,38,1217,2107
2023-08-09 09:37:59,36,39,1217,2107
2023-08-09 09:37:59,37,39,1217,2107
2023-08-09 09:38:04,36,39,1217,2107
2023-08-09 09:38:04,36,38,1217,2107
2023-08-09 09:38:04,36,37,1217,2107
2023-08-09 09:38:06,36,38,1217,2107
2023-08-09 09:38:08,37,38,1217,2107
2023-08-09 09:38:08,37,39,1217,2107
2023-08-09 09:38:09,36,39,1217,2107
2023-08-09 09:38:09,36,38,1217,2107
2023-08-09 09:38:10,37,38,1217,2107
2023-08-09 09:38:11,36,38,1217,2107
2023-08-09 09:38:12,36,39,1217,2107
2023-08-09 09:38:12,37,39,1217,2107
2023-08-09 09:38:13,37,39,1217,2112
2023-08-09 09:38:16,38,39,1217,2112
2023-08-09 09:38:17,37,39,1217,2112
2023-08-09 09:38:18,37,38,1217,2112
2023-08-09 09:38:22,37,39,1217,2112
2023-08-09 09:38:22,37,38,1217,2112
2023-08-09 09:38:23,37,39,1217,2112
2023-08-09 09:38:26,38,39,1217,2112
2023-08-09 09:38:28,37,39,1217,2112
2023-08-09 09:38:31,37,38,1217,2112
2023-08-09 09:38:33,37,39,1217,2112
2023-08-09 09:38:33,37,38,1217,2112
2023-08-09 09:38:35,37,39,1217,2112
2023-08-09 09:38:35,37,38,1217,2112
2023-08-09 09:38:39,37,39,1217,2112
2023-08-09 09:38:40,37,38,1217,2112
2023-08-09 09:38:41,37,39,1217,2112
2023-08-09 09:38:42,37,38,1217,2112
2023-08-09 09:38:43,37,39,1217,2112
2023-08-09 09:38:44,37,38,1217,2112
2023-08-09 09:38:45,37,39,1217,2112
2023-08-09 09:38:48,37,38,1217,2112
2023-08-09 09:38:50,37,39,1217,2112
2023-08-09 09:38:52,37,38,1217,2112
2023-08-09 09:38:54,37,39,1217,2112
2023-08-09 09:38:56,37,38,1217,2112
2023-08-09 09:38:57,37,39,1217,2112
2023-08-09 09:38:59,37,38,1217,2112
2023-08-09 09:39:00,37,39,1217,2112
2023-08-09 09:39:01,37,38,1217,2112
2023-08-09 09:39:01,37,38,1217,2117
2023-08-09 09:39:02,37,39,1217,2117
2023-08-09 09:39:03,37,38,1217,2117
2023-08-09 09:39:09,37,39,1217,2117
2023-08-09 09:39:10,37,38,1217,2117
2023-08-09 09:39:14,37,39,1217,2117
2023-08-09 09:39:16,37,38,1217,2117
2023-08-09 09:39:19,37,39,1217,2117
2023-08-09 09:39:19,37,39,1222,2122
2023-08-09 09:39:20,37,38,1222,2122
2023-08-09 09:39:21,37,39,1222,2122
2023-08-09 09:39:21,37,38,1222,2122
2023-08-09 09:39:22,38,39,1227,2127
2023-08-09 09:39:26,38,40,1227,2127
2023-08-09 09:39:26,39,40,1227,2127
2023-08-09 09:39:29,38,40,1227,2127
2023-08-09 09:39:31,38,39,1227,2127
2023-08-09 09:39:33,38,40,1227,2127
2023-08-09 09:39:34,38,39,1227,2127
2023-08-09 09:39:37,38,40,1227,2127
2023-08-09 09:39:38,38,39,1227,2127
2023-08-09 09:39:39,38,40,1227,2127
2023-08-09 09:39:40,38,39,1227,2127
2023-08-09 09:39:41,38,40,1227,2127
2023-08-09 09:39:41,39,40,1227,2127
2023-08-09 09:39:45,39,40,1227,2132
2023-08-09 09:39:58,39,40,1225,2137
2023-08-09 09:40:07,39,40,1230,2142
2023-08-09 09:40:09,39,40,1235,2147
2023-08-09 09:40:13,39,41,1235,2147
2023-08-09 09:40:13,40,41,1235,2147
2023-08-09 09:40:15,39,41,1255,2167
2023-08-09 09:40:16,39,40,1255,2167
2023-08-09 09:40:16,39,40,1255,2172
2023-08-09 09:40:20,38,40,1255,2172
2023-08-09 09:40:20,38,41,1255,2172
2023-08-09 09:40:20,39,41,1255,2172
2023-08-09 09:40:20,39,41,1250,2177
2023-08-09 09:40:20,40,41,1250,2177
2023-08-09 09:40:21,39,40,1250,2187
2023-08-09 09:40:22,39,41,1250,2187
2023-08-09 09:40:22,38,41,1250,2187
2023-08-09 09:40:22,38,40,1250,2187
2023-08-09 09:40:26,38,39,1250,2187
2023-08-09 09:40:28,38,40,1250,2187
2023-08-09 09:40:28,38,40,1260,2197
2023-08-09 09:40:31,39,40,1260,2197
2023-08-09 09:40:35,39,40,1255,2202
2023-08-09 09:40:37,39,40,1250,2207
2023-08-09 09:40:38,38,40,1250,2207
2023-08-09 09:40:38,39,40,1250,2207
2023-08-09 09:40:49,37,39,1250,2232
2023-08-09 09:40:52,37,38,1250,2232
2023-08-09 09:40:53,37,39,1250,2232
2023-08-09 09:40:54,37,39,1250,2242
2023-08-09 09:40:56,38,39,1250,2242
2023-08-09 09:40:59,38,39,1245,2247
2023-08-09 09:41:00,38,40,1245,2247
2023-08-09 09:41:01,38,39,1245,2247
2023-08-09 09:41:01,39,40,1250,2252
2023-08-09 09:41:05,39,40,1255,2257
2023-08-09 09:41:09,39,40,1260,2262
2023-08-09 09:41:11,39,40,1265,2267
2023-08-09 09:41:13,39,40,1270,2272
2023-08-09 09:41:17,38,39,1270,2277
2023-08-09 09:41:17,37,39,1270,2277
2023-08-09 09:41:17,37,39,1265,2282
2023-08-09 09:41:18,38,39,1265,2282
2023-08-09 09:41:19,38,40,1265,2282
2023-08-09 09:41:20,39,40,1265,2282
2023-08-09 09:41:23,37,40,1265,2282
2023-08-09 09:41:24,37,39,1265,2282
2023-08-09 09:41:24,38,39,1265,2282
2023-08-09 09:41:26,38,39,1260,2287
2023-08-09 09:41:28,38,39,1255,2292
2023-08-09 09:41:29,37,39,1255,2292
2023-08-09 09:41:30,37,40,1255,2292
2023-08-09 09:41:30,38,40,1255,2292
2023-08-09 09:41:31,38,39,1255,2292
2023-08-09 09:41:32,38,40,1255,2292
2023-08-09 09:41:32,37,40,1255,2292
2023-08-09 09:41:32,37,39,1255,2292
2023-08-09 09:41:34,37,38,1255,2292
2023-08-09 09:41:37,37,39,1255,2292
2023-08-09 09:41:37,38,39,1255,2292
2023-08-09 09:41:41,37,39,1295,2332
2023-08-09 09:41:42,37,38,1295,2332
2023-08-09 09:41:46,37,38,1300,2337
2023-08-09 09:41:51,37,39,1300,2337
2023-08-09 09:41:55,37,40,1300,2337
2023-08-09 09:41:55,38,40,1300,2337
2023-08-09 09:41:56,38,39,1300,2337
2023-08-09 09:42:03,38,40,1300,2337
2023-08-09 09:42:04,38,39,1300,2337
2023-08-09 09:42:05,38,40,1300,2337
2023-08-09 09:42:06,38,39,1300,2337
2023-08-09 09:42:09,37,39,1300,2337
2023-08-09 09:42:09,38,39,1300,2337
2023-08-09 09:42:18,37,38,1300,2337
2023-08-09 09:42:19,37,39,1300,2337
2023-08-09 09:42:20,37,38,1300,2337
2023-08-09 09:42:20,37,38,1300,2342
2023-08-09 09:42:23,37,39,1300,2342
2023-08-09 09:42:26,37,38,1300,2342
2023-08-09 09:42:28,37,39,1300,2342
2023-08-09 09:42:28,38,39,1300,2342
2023-08-09 09:42:35,38,39,1305,2347
2023-08-09 09:42:40,37,39,1320,2362
2023-08-09 09:42:41,37,38,1320,2362
2023-08-09 09:42:45,37,39,1320,2362
2023-08-09 09:42:46,37,38,1320,2362
2023-08-09 09:42:48,37,39,1320,2362
2023-08-09 09:42:48,38,39,1320,2362
2023-08-09 09:42:49,37,39,1320,2367
2023-08-09 09:42:50,37,38,1320,2367
2023-08-09 09:42:58,37,39,1320,2367
2023-08-09 09:42:59,37,38,1320,2367
2023-08-09 09:43:01,37,39,1320,2367
2023-08-09 09:43:01,38,39,1320,2367
2023-08-09 09:43:04,38,39,1325,2372
2023-08-09 09:43:06,38,40,1325,2372
2023-08-09 09:43:06,38,39,1325,2372
2023-08-09 09:43:09,38,40,1325,2372
2023-08-09 09:43:09,38,39,1325,2372
2023-08-09 09:43:10,37,39,1325,2372
2023-08-09 09:43:10,37,39,1335,2382
2023-08-09 09:43:12,38,39,1335,2382
2023-08-09 09:43:15,37,39,1335,2382
2023-08-09 09:43:17,37,38,1335,2382
2023-08-09 09:43:17,37,38,1335,2387
2023-08-09 09:43:18,37,39,1335,2387
2023-08-09 09:43:22,38,39,1335,2387
2023-08-09 09:43:25,37,39,1335,2387
2023-08-09 09:43:32,37,38,1335,2387
2023-08-09 09:43:33,37,39,1335,2387
2023-08-09 09:43:33,38,39,1335,2387
2023-08-09 09:43:37,37,39,1335,2387
2023-08-09 09:43:37,37,39,1340,2392
2023-08-09 09:43:39,37,40,1340,2392
2023-08-09 09:43:40,38,40,1340,2392
2023-08-09 09:43:40,38,39,1340,2392
2023-08-09 09:43:42,38,40,1340,2392
2023-08-09 09:43:42,39,40,1340,2392
2023-08-09 09:43:54,39,41,1340,2392
2023-08-09 09:43:55,39,40,1340,2392
2023-08-09 09:43:55,39,40,1340,2397
2023-08-09 09:43:59,38,40,1340,2397
2023-08-09 09:43:59,39,40,1340,2397
2023-08-09 09:44:02,39,40,1350,2407
2023-08-09 09:44:03,38,40,1350,2407
2023-08-09 09:44:03,39,40,1350,2407
2023-08-09 09:44:05,39,41,1350,2407
2023-08-09 09:44:06,39,40,1350,2407
2023-08-09 09:44:06,39,40,1370,2427
2023-08-09 09:44:07,39,41,1370,2427
2023-08-09 09:44:09,40,41,1370,2427
2023-08-09 09:44:23,39,41,1370,2427
2023-08-09 09:44:23,40,41,1370,2427
2023-08-09 09:44:33,40,41,970,2827
2023-08-09 09:44:43,40,41,975,2832
2023-08-09 09:45:00,40,41,970,2837
2023-08-09 09:45:11,40,41,965,2842
2023-08-09 09:45:13,40,41,960,2847
2023-08-09 09:45:40,39,41,960,2847
2023-08-09 09:45:40,40,41,960,2847
2023-08-09 09:45:48,39,41,960,2847
2023-08-09 09:45:48,40,41,960,2847
2023-08-09 09:45:59,39,41,960,2847
2023-08-09 09:46:15,39,40,960,2847
2023-08-09 09:46:16,38,40,960,2847
2023-08-09 09:46:16,39,40,960,2847
2023-08-09 09:46:20,38,40,990,2877
2023-08-09 09:46:21,38,39,990,2877
2023-08-09 09:46:23,38,40,990,2877
2023-08-09 09:46:24,39,40,990,2877
2023-08-09 09:46:25,39,41,990,2877
2023-08-09 09:46:25,38,41,990,2877
2023-08-09 09:46:25,38,40,990,2877
2023-08-09 09:46:27,38,41,990,2877
2023-08-09 09:46:28,38,40,990,2877
2023-08-09 09:46:29,38,40,1000,2887
2023-08-09 09:46:30,38,41,1000,2887
2023-08-09 09:46:30,39,41,1000,2887
2023-08-09 09:46:32,39,40,1000,2887
2023-08-09 09:46:37,39,41,1000,2887
2023-08-09 09:46:38,39,40,1000,2887
2023-08-09 09:46:40,39,41,1000,2887
2023-08-09 09:46:46,39,40,1000,2887
2023-08-09 09:46:57,38,40,1030,2917
2023-08-09 09:47:03,38,41,1030,2917
2023-08-09 09:47:03,39,41,1030,2917
2023-08-09 09:47:04,38,41,1030,2917
2023-08-09 09:47:04,38,40,1030,2917
2023-08-09 09:47:10,38,41,1030,2917
2023-08-09 09:47:10,39,41,1030,2917
2023-08-09 09:47:12,38,41,1030,2917
2023-08-09 09:47:12,38,40,1030,2917
2023-08-09 09:47:15,38,41,1030,2917
2023-08-09 09:47:16,38,40,1030,2917
2023-08-09 09:47:17,39,40,1030,2917
2023-08-09 09:47:18,39,40,1030,2917
2023-08-09 09:47:20,39,41,1030,2917
2023-08-09 09:47:26,40,41,1030,2917
2023-08-09 09:47:31,39,41,1040,2927
2023-08-09 09:47:31,38,41,1045,2932
2023-08-09 09:47:32,39,41,1045,2932
2023-08-09 09:47:32,39,40,1045,2932
2023-08-09 09:47:39,38,40,1045,2932
2023-08-09 09:47:39,39,40,1045,2932
2023-08-09 09:47:49,38,40,1085,2972
2023-08-09 09:47:49,39,40,1085,2972
2023-08-09 09:47:51,39,40,1090,2977
2023-08-09 09:47:53,39,40,1095,2982
2023-08-09 09:47:55,38,39,1095,2982
2023-08-09 09:47:57,38,40,1095,2982
2023-08-09 09:48:03,38,39,1095,2982
2023-08-09 09:48:05,38,40,1095,2982
2023-08-09 09:48:10,38,39,1095,2982
2023-08-09 09:48:13,38,40,1095,2982
2023-08-09 09:48:14,38,39,1095,2982
2023-08-09 09:48:16,38,40,1095,2982
2023-08-09 09:48:18,38,39,1095,2982
2023-08-09 09:48:20,38,40,1095,2982
2023-08-09 09:48:20,38,39,1095,2982
2023-08-09 09:48:22,38,40,1095,2982
2023-08-09 09:48:25,38,39,1095,2982
2023-08-09 09:48:30,38,40,1095,2982
2023-08-09 09:48:33,38,39,1095,2982
2023-08-09 09:48:35,38,40,1095,2982
2023-08-09 09:48:35,38,39,1095,2982
2023-08-09 09:48:37,38,40,1095,2982
2023-08-09 09:48:43,38,39,1095,2982
2023-08-09 09:48:44,38,40,1095,2982
2023-08-09 09:48:45,38,39,1095,2982
2023-08-09 09:48:47,38,40,1095,2982
2023-08-09 09:48:47,39,40,1095,2982
2023-08-09 09:48:53,39,40,1100,2987
2023-08-09 09:49:02,39,40,1100,2992
2023-08-09 09:49:11,39,41,1100,2992
2023-08-09 09:49:12,39,40,1100,2992
2023-08-09 09:49:12,39,40,1105,2997
2023-08-09 09:49:15,39,41,1105,2997
2023-08-09 09:49:18,39,40,1105,2997
2023-08-09 09:49:18,39,40,1105,3002
2023-08-09 09:49:20,39,40,1105,3007
2023-08-09 09:49:21,38,40,1355,3257
2023-08-09 09:49:23,39,40,1355,3257
2023-08-09 09:49:25,39,41,1355,3257
2023-08-09 09:49:26,39,40,1355,3257
2023-08-09 09:49:26,38,40,1360,3262
2023-08-09 09:49:27,39,40,1360,3262
2023-08-09 09:49:33,39,41,1360,3262
2023-08-09 09:49:33,39,40,1360,3262
2023-08-09 09:49:36,39,41,1360,3262
2023-08-09 09:49:38,39,40,1360,3262
2023-08-09 09:49:39,39,40,1360,3267
2023-08-09 09:49:47,38,40,1360,3267
2023-08-09 09:49:47,39,40,1360,3267
2023-08-09 09:49:48,39,41,1360,3267
2023-08-09 09:49:48,38,41,1360,3267
2023-08-09 09:49:48,38,40,1360,3267
2023-08-09 09:49:48,39,40,1360,3267
2023-08-09 09:49:50,39,41,1360,3267
2023-08-09 09:49:52,39,40,1360,3267
2023-08-09 09:49:55,39,41,1360,3267
2023-08-09 09:49:55,39,40,1360,3267
2023-08-09 09:49:55,39,40,1365,3272
2023-08-09 09:49:59,39,40,1365,3277
2023-08-09 09:50:00,39,41,1365,3277
2023-08-09 09:50:01,39,40,1365,3277
2023-08-09 09:50:02,39,41,1365,3277
2023-08-09 09:50:04,39,40,1365,3277
2023-08-09 09:50:07,39,41,1365,3277
2023-08-09 09:50:08,39,40,1365,3277
2023-08-09 09:50:11,39,41,1365,3277
2023-08-09 09:50:12,39,40,1365,3277
2023-08-09 09:50:13,39,40,1365,3282
2023-08-09 09:50:14,39,41,1365,3282
2023-08-09 09:50:15,39,40,1365,3282
2023-08-09 09:50:17,39,40,1370,3287
2023-08-09 09:50:18,38,40,1370,3287
2023-08-09 09:50:18,39,40,1370,3287
2023-08-09 09:50:26,39,40,1375,3292
2023-08-09 09:50:26,38,40,1375,3292
2023-08-09 09:50:29,38,39,1375,3292
2023-08-09 09:50:35,38,40,1375,3292
2023-08-09 09:50:40,39,40,1375,3292
2023-08-09 09:50:42,39,40,1375,3297
2023-08-09 09:50:43,39,41,1375,3297
2023-08-09 09:50:44,39,41,1370,3302
2023-08-09 09:50:46,39,40,1370,3302
2023-08-09 09:50:47,39,40,1380,3312
2023-08-09 09:50:48,39,41,1380,3312
2023-08-09 09:50:53,40,41,1380,3312
2023-08-09 09:51:01,40,41,1375,3317
2023-08-09 09:51:10,40,41,1375,3322
2023-08-09 09:51:13,40,41,1375,3327
2023-08-09 09:51:17,40,41,1375,3332
2023-08-09 09:51:50,40,42,1215,3492
2023-08-09 09:51:51,41,42,1215,3492
2023-08-09 09:51:53,40,42,1215,3492
2023-08-09 09:51:55,40,41,1215,3492
2023-08-09 09:51:56,40,42,1215,3492
2023-08-09 09:51:58,41,42,1215,3492
2023-08-09 09:51:59,40,42,1215,3492
2023-08-09 09:51:59,40,41,1215,3492
2023-08-09 09:52:01,40,42,1215,3492
2023-08-09 09:52:05,40,41,1215,3492
2023-08-09 09:52:06,40,42,1215,3492
2023-08-09 09:52:06,40,41,1215,3492
2023-08-09 09:52:09,40,42,1215,3492
2023-08-09 09:52:12,41,42,1215,3492
2023-08-09 09:52:14,40,42,1215,3492
2023-08-09 09:52:16,40,42,1215,3497
2023-08-09 09:52:16,41,42,1215,3497
2023-08-09 09:52:17,40,42,1215,3497
2023-08-09 09:52:18,41,42,1215,3497
2023-08-09 09:52:20,40,42,1215,3497
2023-08-09 09:52:20,41,42,1215,3497
2023-08-09 09:52:27,41,42,1215,3502
2023-08-09 09:52:42,41,42,1215,3507
2023-08-09 09:52:49,41,42,1215,3512
2023-08-09 09:53:09,41,42,1215,3517
2023-08-09 09:53:21,41,42,1215,3522
2023-08-09 09:53:26,41,42,1215,3527
2023-08-09 09:53:32,41,42,1215,3532
2023-08-09 09:53:36,41,42,1215,3537
2023-08-09 09:53:38,41,42,1215,3542
2023-08-09 09:54:04,41,42,1215,3547
2023-08-09 09:54:09,41,42,1210,3552
2023-08-09 09:54:22,40,42,1210,3552
2023-08-09 09:54:22,41,42,1210,3552
2023-08-09 09:54:39,41,42,1210,3557
2023-08-09 09:54:49,41,42,1210,3562
2023-08-09 09:54:52,41,42,1210,3567
2023-08-09 09:55:03,41,42,1210,3572
2023-08-09 09:55:05,41,42,1210,3577
2023-08-09 09:55:07,41,42,1210,3582
2023-08-09 09:55:53,41,42,1210,3587
2023-08-09 09:55:58,41,42,1210,3592
2023-08-09 09:56:04,41,42,1210,3597
2023-08-09 09:56:08,41,42,1210,3602
2023-08-09 09:56:10,41,42,907,4002
2023-08-09 09:56:10,41,42,902,4007
2023-08-09 09:56:15,41,42,907,4012
2023-08-09 09:56:17,41,42,912,4017
2023-08-09 09:56:21,41,42,907,4022
2023-08-09 09:56:49,40,42,907,4022
2023-08-09 09:56:50,41,42,907,4022
2023-08-09 09:56:51,40,42,907,4022
2023-08-09 09:56:52,41,42,907,4022
2023-08-09 09:56:52,41,42,902,4027
2023-08-09 09:56:53,40,42,902,4027
2023-08-09 09:56:56,41,42,902,4027
2023-08-09 09:56:58,40,42,902,4027
2023-08-09 09:57:00,40,41,902,4027
2023-08-09 09:57:02,40,42,902,4027
2023-08-09 09:57:02,41,42,902,4027
2023-08-09 09:57:05,40,42,902,4027
2023-08-09 09:57:07,41,42,902,4027
2023-08-09 09:57:08,40,42,902,4027
2023-08-09 09:57:09,41,42,902,4027
2023-08-09 09:57:13,40,42,902,4027
2023-08-09 09:57:18,40,42,897,4032
2023-08-09 09:57:24,41,42,897,4032
2023-08-09 09:57:29,40,42,897,4032
2023-08-09 09:57:29,40,41,897,4032
2023-08-09 09:57:30,41,42,892,4037
2023-08-09 09:57:31,40,42,892,4037
2023-08-09 09:57:36,41,42,892,4037
2023-08-09 09:57:39,40,42,892,4037
2023-08-09 09:57:46,40,41,892,4037
2023-08-09 09:57:48,40,42,892,4042
2023-08-09 09:57:50,40,42,892,4047
2023-08-09 09:58:02,41,42,892,4047
2023-08-09 09:58:03,40,42,892,4047
2023-08-09 09:58:08,40,41,892,4047
2023-08-09 09:58:10,41,42,897,4052
2023-08-09 09:58:14,41,42,897,4057
2023-08-09 09:58:16,41,42,902,4062
2023-08-09 09:58:22,41,42,907,4067
2023-08-09 09:58:25,41,42,907,4072
2023-08-09 09:58:26,40,42,907,4072
2023-08-09 09:58:31,40,41,907,4072
2023-08-09 09:58:33,40,42,907,4072
2023-08-09 09:58:35,40,42,907,4072
2023-08-09 09:58:36,41,42,907,4072
2023-08-09 09:58:41,40,42,907,4072
2023-08-09 09:58:43,41,42,907,4072
2023-08-09 09:58:43,41,42,902,4077
2023-08-09 09:58:44,40,42,902,4077
2023-08-09 09:58:45,41,42,902,4077
2023-08-09 09:58:47,40,42,902,4077
2023-08-09 09:58:47,40,41,902,4077
2023-08-09 09:58:49,40,42,902,4077
2023-08-09 09:58:49,41,42,902,4077
2023-08-09 09:58:51,40,42,902,4077
2023-08-09 09:58:56,40,41,902,4077
2023-08-09 09:58:57,41,42,902,4082
2023-08-09 09:58:59,40,42,902,4082
2023-08-09 09:59:00,41,42,902,4082
2023-08-09 09:59:02,40,42,902,4082
2023-08-09 09:59:10,41,42,902,4082
2023-08-09 09:59:15,41,42,907,4087
2023-08-09 09:59:23,41,42,907,4092
2023-08-09 09:59:25,40,42,912,4097
2023-08-09 09:59:30,40,41,912,4097
2023-08-09 09:59:34,40,42,912,4097
2023-08-09 09:59:40,41,42,912,4097
2023-08-09 09:59:42,40,42,912,4097
2023-08-09 09:59:47,41,42,912,4097
2023-08-09 09:59:51,40,42,912,4097
2023-08-09 09:59:51,41,42,912,4097
2023-08-09 09:59:53,40,42,912,4097
2023-08-09 09:59:55,41,42,912,4097
2023-08-09 09:59:58,40,42,912,4097
2023-08-09 09:59:58,41,42,912,4097
2023-08-09 10:00:00,40,42,912,4102
2023-08-09 10:00:00,40,42,912,4107
2023-08-09 10:00:03,41,42,912,4107
2023-08-09 10:00:06,41,42,912,4112
2023-08-09 10:00:07,40,42,912,4112
2023-08-09 10:00:08,41,42,912,4112
2023-08-09 10:00:10,40,42,912,4112
2023-08-09 10:00:10,40,41,912,4112
2023-08-09 10:00:13,40,42,912,4112
2023-08-09 10:00:14,41,42,912,4112
2023-08-09 10:00:15,40,42,912,4112
2023-08-09 10:00:21,40,42,912,4117
2023-08-09 10:00:23,41,42,912,4117
2023-08-09 10:00:25,40,42,912,4117
2023-08-09 10:00:28,41,42,912,4117
2023-08-09 10:00:32,40,42,912,4117
2023-08-09 10:00:32,40,41,912,4117
2023-08-09 10:00:47,40,41,912,4122
2023-08-09 10:00:51,39,41,912,4122
2023-08-09 10:00:51,39,40,912,4122
2023-08-09 10:00:53,39,41,912,4122
2023-08-09 10:00:54,39,40,912,4122
2023-08-09 10:00:57,39,41,912,4122
2023-08-09 10:01:00,39,40,912,4122
2023-08-09 10:01:02,39,41,912,4122
2023-08-09 10:01:02,39,40,912,4122
2023-08-09 10:01:04,39,41,912,4122
2023-08-09 10:01:07,38,41,912,4122
2023-08-09 10:01:07,39,41,912,4122
2023-08-09 10:01:08,40,41,912,4122
2023-08-09 10:01:09,40,41,917,4127
2023-08-09 10:01:10,39,41,917,4127
2023-08-09 10:01:11,40,41,917,4127
2023-08-09 10:01:14,39,41,917,4127
2023-08-09 10:01:19,38,41,917,4127
2023-08-09 10:01:21,38,40,917,4127
2023-08-09 10:01:22,39,40,917,4127
2023-08-09 10:01:23,39,41,917,4127
2023-08-09 10:01:25,38,41,917,4127
2023-08-09 10:01:26,39,41,917,4127
2023-08-09 10:01:32,38,41,917,4127
2023-08-09 10:01:33,38,40,917,4127
2023-08-09 10:01:43,38,39,917,4127
2023-08-09 10:01:46,38,40,917,4127
2023-08-09 10:01:51,39,40,917,4127
2023-08-09 10:01:53,38,40,917,4127
2023-08-09 10:01:54,38,39,917,4127
2023-08-09 10:01:59,38,40,917,4127
2023-08-09 10:02:06,38,39,917,4127
2023-08-09 10:02:08,38,40,917,4127
2023-08-09 10:02:10,38,39,917,4127
2023-08-09 10:02:14,39,40,917,4132
2023-08-09 10:02:32,39,42,917,4132
2023-08-09 10:02:32,39,41,917,4132
2023-08-09 10:02:41,40,41,917,4132
2023-08-09 10:02:42,40,41,917,4142
2023-08-09 10:02:44,39,41,917,4142
2023-08-09 10:02:55,40,41,917,4142
2023-08-09 10:02:56,39,41,917,4142
2023-08-09 10:03:00,39,40,917,4142
2023-08-09 10:03:01,40,41,917,4152
2023-08-09 10:03:06,41,42,917,4160
2023-08-09 10:03:08,40,42,917,4160
2023-08-09 10:03:16,39,41,917,4160
2023-08-09 10:03:17,40,41,917,4160
2023-08-09 10:03:18,40,42,917,4160
2023-08-09 10:03:20,39,42,917,4160
2023-08-09 10:03:27,40,42,917,4160
2023-08-09 10:03:29,39,42,917,4160
2023-08-09 10:03:29,39,41,917,4160
2023-08-09 10:03:31,39,42,917,4160
2023-08-09 10:03:31,40,42,917,4160
2023-08-09 10:03:35,41,42,917,4160
2023-08-09 10:03:38,40,42,917,4160
2023-08-09 10:03:40,40,41,917,4160
2023-08-09 10:03:42,39,41,917,4160
2023-08-09 10:03:42,39,41,917,4170
2023-08-09 10:03:43,39,40,917,4170
2023-08-09 10:03:47,39,40,1020,4370
2023-08-09 10:03:51,39,42,1389,4842
2023-08-09 10:03:51,40,42,1389,4842
2023-08-09 10:03:52,39,42,1389,4880
2023-08-09 10:03:53,39,40,1389,4880
2023-08-09 10:04:03,39,40,1492,5080
2023-08-09 10:04:03,39,41,1492,5080
2023-08-09 10:04:04,39,40,1492,5080
2023-08-09 10:04:05,39,41,1492,5080
2023-08-09 10:04:06,39,40,1492,5080
2023-08-09 10:04:31,39,40,1502,5090
2023-08-09 10:04:34,39,40,1502,5100
2023-08-09 10:04:38,39,40,1512,5110
2023-08-09 10:04:40,39,40,1522,5120
2023-08-09 10:05:00,38,40,1762,5370
2023-08-09 10:05:01,38,39,1762,5370
2023-08-09 10:05:01,38,39,1762,5380
2023-08-09 10:05:02,38,40,1762,5380
2023-08-09 10:05:03,38,40,1772,5390
2023-08-09 10:05:05,38,39,1772,5390
2023-08-09 10:05:07,38,40,1772,5390
2023-08-09 10:05:07,39,40,1772,5390
2023-08-09 10:05:13,39,41,1772,5390
2023-08-09 10:05:13,39,40,1772,5390
2023-08-09 10:05:15,39,41,1772,5390
2023-08-09 10:05:15,39,40,1772,5390
2023-08-09 10:05:21,38,40,1772,5390
2023-08-09 10:05:21,39,40,1772,5390
2023-08-09 10:05:25,39,41,1772,5390
2023-08-09 10:05:26,39,40,1772,5390
2023-08-09 10:05:27,39,41,1772,5390
2023-08-09 10:05:28,39,40,1772,5390
2023-08-09 10:05:31,39,41,1772,5390
2023-08-09 10:05:31,39,40,1772,5390
2023-08-09 10:05:34,39,41,1772,5390
2023-08-09 10:05:36,39,40,1772,5390
2023-08-09 10:05:39,39,40,1772,5400
2023-08-09 10:05:40,39,41,1772,5400
2023-08-09 10:05:42,40,41,1772,5400
2023-08-09 10:05:44,40,42,1772,5400
2023-08-09 10:05:46,40,41,1772,5400
2023-08-09 10:05:50,40,42,1772,5400
2023-08-09 10:05:56,40,41,1772,5400
2023-08-09 10:06:01,40,41,1792,5420
2023-08-09 10:06:05,40,42,1792,5420
2023-08-09 10:06:07,40,41,1792,5420
2023-08-09 10:06:07,40,41,1792,5430
2023-08-09 10:06:08,40,42,1792,5430
2023-08-09 10:06:08,41,42,1792,5430
2023-08-09 10:06:09,40,42,1802,5440
2023-08-09 10:06:10,40,41,1802,5440
2023-08-09 10:06:12,40,41,1812,5450
2023-08-09 10:06:17,40,42,1812,5450
2023-08-09 10:06:18,40,42,1812,5460
2023-08-09 10:06:20,40,41,1812,5460
2023-08-09 10:06:21,40,42,1812,5460
2023-08-09 10:06:21,41,42,1812,5460
2023-08-09 10:06:28,41,43,1812,5460
2023-08-09 10:06:35,41,42,1812,5460
2023-08-09 10:06:39,41,42,1816,5464
2023-08-09 10:06:40,41,43,1816,5464
2023-08-09 10:06:41,41,42,1816,5464
2023-08-09 10:06:42,41,43,1816,5464
2023-08-09 10:06:45,42,43,1816,5464
2023-08-09 10:06:47,41,43,1816,5464
2023-08-09 10:06:50,41,42,1816,5464
2023-08-09 10:06:54,41,43,1816,5464
2023-08-09 10:06:56,41,42,1816,5464
2023-08-09 10:06:57,41,43,1816,5464
2023-08-09 10:06:58,41,42,1816,5464
2023-08-09 10:07:04,41,43,1816,5464
2023-08-09 10:07:08,41,42,1816,5464
2023-08-09 10:07:10,41,43,1816,5464
2023-08-09 10:07:11,41,42,1816,5464
2023-08-09 10:07:15,41,43,1816,5464
2023-08-09 10:07:17,42,43,1816,5464
2023-08-09 10:07:17,41,42,1816,5474
2023-08-09 10:07:18,41,43,1816,5474
2023-08-09 10:07:19,41,42,1816,5474
2023-08-09 10:07:20,41,42,1819,5484
2023-08-09 10:07:22,41,43,1819,5484
2023-08-09 10:07:24,41,42,1819,5484
2023-08-09 10:07:33,41,43,1819,5484
2023-08-09 10:07:34,41,42,1819,5484
2023-08-09 10:07:38,41,42,1826,5494
2023-08-09 10:07:38,41,43,1826,5494
2023-08-09 10:07:41,41,42,1826,5494
2023-08-09 10:07:42,41,43,1826,5494
2023-08-09 10:07:43,41,42,1826,5494
2023-08-09 10:07:46,41,43,1826,5494
2023-08-09 10:07:49,41,42,1826,5494
2023-08-09 10:07:56,41,43,1826,5494
2023-08-09 10:07:56,41,42,1826,5494
2023-08-09 10:08:01,41,43,1826,5494
2023-08-09 10:08:07,41,42,1826,5494
2023-08-09 10:08:08,41,43,1826,5494
2023-08-09 10:08:11,41,43,1836,5504
2023-08-09 10:08:13,42,43,1836,5504
2023-08-09 10:08:13,42,43,1836,5514
2023-08-09 10:08:14,41,43,1836,5514
2023-08-09 10:08:15,41,42,1836,5514
2023-08-09 10:08:15,41,42,1836,5524
2023-08-09 10:08:17,41,43,1836,5524
2023-08-09 10:08:20,41,42,1836,5524
2023-08-09 10:08:21,41,43,1836,5524
2023-08-09 10:08:22,41,42,1836,5524
2023-08-09 10:08:24,41,43,1836,5524
2023-08-09 10:08:25,41,42,1836,5524
2023-08-09 10:08:26,41,43,1836,5524
2023-08-09 10:08:27,41,42,1836,5524
2023-08-09 10:08:28,41,43,1836,5524
2023-08-09 10:08:28,42,43,1836,5524
2023-08-09 10:08:31,41,43,1836,5524
2023-08-09 10:08:31,42,43,1836,5524
2023-08-09 10:08:32,41,43,1836,5524
2023-08-09 10:08:33,42,43,1836,5524
2023-08-09 10:08:35,41,43,1836,5524
2023-08-09 10:08:39,41,42,1836,5524
2023-08-09 10:08:40,41,43,1836,5524
2023-08-09 10:08:41,41,42,1836,5524
2023-08-09 10:08:42,41,42,1836,5534
2023-08-09 10:08:43,41,43,1836,5534
2023-08-09 10:08:47,41,42,1836,5534
2023-08-09 10:08:51,41,43,1836,5534
2023-08-09 10:08:51,41,42,1836,5534
2023-08-09 10:08:53,41,43,1836,5534
2023-08-09 10:08:54,42,43,1836,5534
2023-08-09 10:08:55,41,43,1836,5534
2023-08-09 10:08:55,41,42,1836,5534
2023-08-09 10:08:57,41,43,1836,5534
2023-08-09 10:08:59,41,42,1836,5534
2023-08-09 10:09:05,41,43,1836,5534
2023-08-09 10:09:07,42,43,1836,5534
2023-08-09 10:09:08,41,43,1836,5534
2023-08-09 10:09:08,41,42,1836,5534
2023-08-09 10:09:19,41,43,1836,5534
2023-08-09 10:09:20,41,42,1836,5534
2023-08-09 10:09:21,41,43,1836,5534
2023-08-09 10:09:21,41,43,1846,5544
2023-08-09 10:09:23,41,42,1846,5544
2023-08-09 10:09:27,41,43,1856,5554
2023-08-09 10:09:28,41,42,1856,5554
2023-08-09 10:09:34,41,43,1856,5554
2023-08-09 10:09:34,42,43,1856,5554
2023-08-09 10:09:36,41,43,1856,5554
2023-08-09 10:09:38,42,43,1856,5554
2023-08-09 10:09:39,41,43,1856,5554
2023-08-09 10:09:40,41,42,1856,5554
2023-08-09 10:09:42,41,43,1856,5554
2023-08-09 10:09:43,42,43,1856,5554
2023-08-09 10:09:43,42,43,1856,5564
2023-08-09 10:09:45,41,43,1856,5564
2023-08-09 10:09:51,41,43,1846,5574
2023-08-09 10:09:52,42,43,1846,5574
2023-08-09 10:10:00,41,43,1846,5574
2023-08-09 10:10:04,42,43,1846,5574
2023-08-09 10:10:05,41,43,1846,5574
2023-08-09 10:10:07,42,43,1846,5574
2023-08-09 10:10:08,41,43,1846,5574
2023-08-09 10:10:09,42,43,1846,5574
2023-08-09 10:10:10,41,43,1846,5574
2023-08-09 10:10:12,42,43,1846,5574
2023-08-09 10:10:17,41,43,1846,5574
2023-08-09 10:10:20,41,42,1846,5574
2023-08-09 10:10:21,41,43,1846,5574
2023-08-09 10:10:22,42,43,1846,5574
2023-08-09 10:10:24,41,43,1846,5574
2023-08-09 10:10:25,42,43,1846,5574
2023-08-09 10:10:27,41,43,1846,5574
2023-08-09 10:10:27,41,43,1836,5584
2023-08-09 10:10:29,42,43,1836,5584
2023-08-09 10:10:30,41,43,1836,5584
2023-08-09 10:10:32,41,42,1836,5584
2023-08-09 10:10:33,41,42,1836,5594
2023-08-09 10:10:35,41,43,1836,5594
2023-08-09 10:10:40,41,42,1836,5594
2023-08-09 10:10:44,41,43,1836,5594
2023-08-09 10:10:48,41,42,1836,5594
2023-08-09 10:10:56,41,43,1836,5594
2023-08-09 10:10:58,41,42,1836,5594
2023-08-09 10:11:01,41,42,1846,5604
2023-08-09 10:11:02,41,43,1846,5604
2023-08-09 10:11:05,41,42,1846,5604
2023-08-09 10:11:07,41,43,1846,5604
2023-08-09 10:11:07,41,43,1856,5614
2023-08-09 10:11:08,42,43,1856,5614
2023-08-09 10:11:10,41,43,1856,5614
2023-08-09 10:11:11,41,42,1856,5614
2023-08-09 10:11:13,41,43,1856,5614
2023-08-09 10:11:17,41,42,1856,5614
2023-08-09 10:11:18,41,43,1856,5614
2023-08-09 10:11:23,41,42,1856,5614
2023-08-09 10:11:24,41,43,1856,5614
2023-08-09 10:11:24,41,42,1856,5614
2023-08-09 10:11:26,41,43,1856,5614
2023-08-09 10:11:26,41,42,1856,5614
2023-08-09 10:11:29,41,43,1856,5614
2023-08-09 10:11:30,42,43,1856,5614
2023-08-09 10:11:31,41,43,1856,5614
2023-08-09 10:11:33,41,42,1856,5614
2023-08-09 10:11:35,41,43,1856,5614
2023-08-09 10:11:37,41,42,1856,5614
2023-08-09 10:11:38,41,42,1876,5634
2023-08-09 10:11:39,41,43,1876,5634
2023-08-09 10:11:42,41,42,1876,5634
2023-08-09 10:11:46,41,43,1876,5634
2023-08-09 10:11:46,42,43,1876,5634
2023-08-09 10:11:48,41,43,1876,5634
2023-08-09 10:11:49,42,43,1876,5634
2023-08-09 10:11:53,41,43,1876,5634
2023-08-09 10:11:53,42,43,1876,5634
2023-08-09 10:11:59,41,43,1876,5634
2023-08-09 10:11:59,42,43,1876,5634
2023-08-09 10:12:22,41,43,1876,5634
2023-08-09 10:12:28,41,42,1876,5634
2023-08-09 10:12:29,41,43,1876,5634
2023-08-09 10:12:31,41,42,1876,5634
2023-08-09 10:12:32,41,43,1876,5634
2023-08-09 10:12:33,41,42,1876,5634
2023-08-09 10:12:33,41,42,1876,5644
2023-08-09 10:12:41,41,43,1876,5644
2023-08-09 10:12:42,41,42,1876,5644
2023-08-09 10:12:44,41,43,1876,5644
2023-08-09 10:12:48,41,42,1876,5644
2023-08-09 10:12:50,41,43,1876,5644
2023-08-09 10:12:55,41,42,1876,5644
2023-08-09 10:12:58,41,43,1876,5644
2023-08-09 10:12:59,41,42,1876,5644
2023-08-09 10:13:01,41,43,1876,5644
2023-08-09 10:13:04,41,42,1876,5644
2023-08-09 10:13:05,41,43,1876,5644
2023-08-09 10:13:08,42,43,1876,5644
2023-08-09 10:13:09,41,43,1876,5644
2023-08-09 10:13:13,42,43,1876,5644
2023-08-09 10:13:46,41,43,1876,5644
2023-08-09 10:13:48,41,43,1876,5648
2023-08-09 10:13:48,42,43,1876,5648
2023-08-09 10:13:50,41,43,1876,5648
2023-08-09 10:13:57,42,43,1876,5648
2023-08-09 10:13:59,41,43,1876,5648
2023-08-09 10:14:00,42,43,1876,5648
2023-08-09 10:14:02,41,43,1876,5648
2023-08-09 10:14:03,41,42,1876,5648
2023-08-09 10:14:06,41,43,1876,5648
2023-08-09 10:14:06,41,43,1866,5658
2023-08-09 10:14:10,42,43,1866,5658
2023-08-09 10:14:12,41,43,1866,5658
2023-08-09 10:14:12,42,43,1866,5658
2023-08-09 10:14:14,41,43,1866,5658
2023-08-09 10:14:21,42,43,1866,5658
2023-08-09 10:14:29,41,43,1866,5658
2023-08-09 10:14:30,42,43,1866,5658
2023-08-09 10:14:31,41,43,1866,5658
2023-08-09 10:14:32,42,43,1866,5658
2023-08-09 10:14:34,41,43,1866,5658
2023-08-09 10:14:35,42,43,1866,5658
2023-08-09 10:14:39,42,43,1876,5668
2023-08-09 10:14:40,41,43,1876,5668
2023-08-09 10:14:41,42,43,1876,5668
2023-08-09 10:14:43,41,43,1876,5668
2023-08-09 10:14:45,42,43,1876,5668
2023-08-09 10:14:45,42,43,1866,5678
2023-08-09 10:14:50,41,43,1866,5678
2023-08-09 10:14:51,41,42,1866,5678
2023-08-09 10:14:53,41,43,1876,5688
2023-08-09 10:14:55,41,42,1876,5688
2023-08-09 10:14:57,41,42,1886,5698
2023-08-09 10:14:58,40,42,1886,5698
2023-08-09 10:14:58,40,42,1886,5708
2023-08-09 10:14:59,41,42,1886,5708
2023-08-09 10:15:00,40,42,1886,5708
2023-08-09 10:15:00,41,43,1886,5708
2023-08-09 10:15:01,41,42,1886,5708
2023-08-09 10:15:04,41,43,1886,5708
2023-08-09 10:15:08,41,42,1886,5708
2023-08-09 10:15:09,41,43,1886,5708
2023-08-09 10:15:13,42,43,1886,5708
2023-08-09 10:15:15,41,43,1886,5708
2023-08-09 10:15:16,42,43,1886,5708
2023-08-09 10:15:16,41,42,1916,5738
2023-08-09 10:15:17,41,43,1916,5738
2023-08-09 10:15:19,42,43,1916,5738
2023-08-09 10:15:21,41,43,1916,5738
2023-08-09 10:15:21,42,43,1916,5738
2023-08-09 10:15:25,41,43,1916,5738
2023-08-09 10:15:25,42,43,1916,5738
2023-08-09 10:15:39,42,43,1906,5748
2023-08-09 10:16:22,42,43,1899,5758
2023-08-09 10:16:30,41,43,1906,5768
2023-08-09 10:16:31,42,43,1906,5768
2023-08-09 10:16:38,42,43,1916,5778
2023-08-09 10:16:39,42,43,1906,5788
2023-08-09 10:17:30,42,43,1899,5798
2023-08-09 10:17:39,41,43,1899,5798
2023-08-09 10:17:39,42,43,1899,5798
2023-08-09 10:17:54,42,43,1899,5808
2023-08-09 10:17:55,42,43,1899,5818
2023-08-09 10:18:01,42,43,1899,5828
2023-08-09 10:18:05,42,43,1899,5838
2023-08-09 10:18:06,42,43,1899,5848
2023-08-09 10:18:07,41,43,1899,5848
2023-08-09 10:18:07,42,43,1899,5848
2023-08-09 10:18:09,41,43,1899,5858
2023-08-09 10:18:11,42,43,1899,5858
2023-08-09 10:18:12,41,43,1899,5858
2023-08-09 10:18:15,42,43,1899,5858
2023-08-09 10:18:16,41,43,1899,5858
2023-08-09 10:18:17,42,43,1899,5858
2023-08-09 10:18:18,42,43,1899,5868
2023-08-09 10:18:19,42,43,1899,5878
2023-08-09 10:18:24,42,43,1899,5888
2023-08-09 10:18:41,40,43,1899,5888
2023-08-09 10:18:41,41,43,1899,5888
2023-08-09 10:18:41,41,42,1899,5888
2023-08-09 10:18:43,41,43,1899,5888
2023-08-09 10:18:46,42,43,1899,5888
2023-08-09 10:18:48,41,43,1899,5888
2023-08-09 10:18:48,41,42,1899,5888
2023-08-09 10:18:50,41,43,1899,5888
2023-08-09 10:18:50,41,42,1899,5888
2023-08-09 10:18:53,41,43,1899,5888
2023-08-09 10:18:54,41,42,1899,5888
2023-08-09 10:18:55,42,43,1889,5898
2023-08-09 10:18:55,42,43,1879,5908
2023-08-09 10:18:56,41,43,1879,5908
2023-08-09 10:18:58,41,42,1879,5908
2023-08-09 10:19:01,41,43,1879,5908
2023-08-09 10:19:01,41,42,1879,5908
2023-08-09 10:19:02,41,42,1879,5918
2023-08-09 10:19:03,41,43,1879,5918
2023-08-09 10:19:03,42,43,1879,5918
2023-08-09 10:19:08,41,43,1879,5918
2023-08-09 10:19:10,42,43,1879,5918
2023-08-09 10:19:11,42,43,1869,5928
2023-08-09 10:19:11,41,43,1869,5928
2023-08-09 10:19:17,41,42,1869,5928
2023-08-09 10:19:19,41,43,1869,5928
2023-08-09 10:19:21,41,43,1869,5928
2023-08-09 10:19:26,41,42,1869,5928
2023-08-09 10:19:28,42,43,1859,5938
2023-08-09 10:19:31,42,43,1859,5948
2023-08-09 10:19:36,42,44,1823,5984
2023-08-09 10:19:42,42,44,1823,5994
2023-08-09 10:19:50,43,44,1823,5994
2023-08-09 10:19:52,42,44,1823,5994
2023-08-09 10:19:55,43,44,1823,5994
2023-08-09 10:19:57,42,43,1833,6004
2023-08-09 10:19:58,42,43,1843,6014
2023-08-09 10:20:00,42,44,1843,6014
2023-08-09 10:20:04,42,43,1843,6014
2023-08-09 10:20:05,42,43,1853,6024
2023-08-09 10:20:06,42,44,1853,6024
2023-08-09 10:20:09,42,43,1853,6024
2023-08-09 10:20:09,42,43,1863,6034
2023-08-09 10:20:11,42,44,1863,6034
2023-08-09 10:20:12,42,43,1863,6034
2023-08-09 10:20:16,42,44,1863,6034
2023-08-09 10:20:17,42,43,1863,6034
2023-08-09 10:20:20,42,43,1863,6044
2023-08-09 10:20:21,42,44,1863,6044
2023-08-09 10:20:21,42,43,1863,6044
2023-08-09 10:20:23,42,44,1853,6054
2023-08-09 10:20:23,42,43,1853,6054
2023-08-09 10:20:24,42,44,1843,6064
2023-08-09 10:20:28,42,43,1843,6064
2023-08-09 10:20:28,42,44,1843,6074
2023-08-09 10:20:30,43,44,1843,6074
2023-08-09 10:20:35,43,44,1850,6084
2023-08-09 10:20:36,43,44,1860,6094
2023-08-09 10:20:40,44,45,1860,6097
2023-08-09 10:20:43,43,45,1860,6097
2023-08-09 10:20:43,43,44,1860,6097
2023-08-09 10:20:46,43,45,1860,6097
2023-08-09 10:20:46,44,45,1860,6097
2023-08-09 10:20:49,43,45,1860,6097
2023-08-09 10:20:50,44,45,1860,6097
2023-08-09 10:20:51,44,45,1850,6107
2023-08-09 10:20:52,43,45,1850,6107
2023-08-09 10:20:52,44,45,1850,6107
2023-08-09 10:20:59,43,45,1850,6107
2023-08-09 10:21:01,43,45,1846,6117
2023-08-09 10:21:02,43,45,1846,6127
2023-08-09 10:21:07,44,45,1846,6127
2023-08-09 10:21:09,43,45,1846,6127
2023-08-09 10:21:11,43,44,1846,6127
2023-08-09 10:21:13,43,45,1846,6127
2023-08-09 10:21:17,44,45,1846,6127
2023-08-09 10:21:27,43,45,1846,6127
2023-08-09 10:21:29,43,45,1846,6137
2023-08-09 10:21:56,44,45,1846,6137
2023-08-09 10:21:58,43,45,1846,6137
2023-08-09 10:21:58,44,45,1846,6137
2023-08-09 10:22:01,44,45,1846,6147
2023-08-09 10:22:02,43,45,1846,6147
2023-08-09 10:22:02,43,45,1846,6157
2023-08-09 10:22:03,43,45,1846,6167
2023-08-09 10:22:05,44,45,1846,6167
2023-08-09 10:22:09,43,45,1846,6167
2023-08-09 10:22:48,43,44,1846,6167
2023-08-09 10:22:51,43,45,1846,6167
2023-08-09 10:22:51,43,44,1846,6167
2023-08-09 10:22:54,43,45,1846,6167
2023-08-09 10:22:57,44,45,1846,6167
2023-08-09 10:23:01,43,45,1846,6167
2023-08-09 10:23:05,43,45,1846,6177
2023-08-09 10:23:09,43,44,1846,6177
2023-08-09 10:23:11,43,45,1846,6177
2023-08-09 10:23:54,42,43,2016,6347
2023-08-09 10:23:56,42,45,2016,6347
2023-08-09 10:24:32,43,45,2016,6347
2023-08-09 10:24:42,42,45,2016,6347
2023-08-09 10:24:42,43,45,2016,6347
2023-08-09 10:25:09,42,45,2016,6347
2023-08-09 10:25:09,43,45,2016,6347
2023-08-09 10:25:11,43,44,2016,6347
2023-08-09 10:25:15,43,45,2016,6347
2023-08-09 10:25:22,43,44,2016,6347
2023-08-09 10:25:26,42,44,2016,6347
2023-08-09 10:25:26,43,44,2016,6347
2023-08-09 10:25:37,42,44,2016,6347
2023-08-09 10:25:49,43,44,2016,6347
2023-08-09 10:25:51,42,44,2016,6347
2023-08-09 10:25:52,43,44,2016,6347
2023-08-09 10:25:59,43,45,2016,6347
2023-08-09 10:26:01,43,44,2016,6347
2023-08-09 10:26:02,43,45,2016,6347
2023-08-09 10:26:02,43,44,2016,6347
2023-08-09 10:26:03,43,45,2016,6347
2023-08-09 10:26:30,43,44,2016,6347
2023-08-09 10:26:31,43,45,2016,6347
2023-08-09 10:26:32,44,45,2016,6347
2023-08-09 10:26:34,43,45,2016,6347
2023-08-09 10:26:39,43,44,2016,6347
2023-08-09 10:26:40,43,45,2016,6347
2023-08-09 10:26:50,43,44,2016,6347
2023-08-09 10:26:52,42,44,2016,6347
2023-08-09 10:26:52,43,44,2016,6347
2023-08-09 10:26:54,43,45,2016,6347
2023-08-09 10:26:55,43,44,2016,6347
2023-08-09 10:26:56,43,45,2016,6347
2023-08-09 10:26:57,43,44,2016,6347
2023-08-09 10:26:58,43,45,2016,6347
2023-08-09 10:27:01,43,44,2016,6347
2023-08-09 10:27:04,43,45,2016,6347
2023-08-09 10:27:06,43,44,2016,6347
2023-08-09 10:27:08,43,45,2016,6347
2023-08-09 10:27:09,43,44,2016,6347
2023-08-09 10:27:18,43,45,2016,6347
2023-08-09 10:27:20,43,44,2016,6347
2023-08-09 10:27:22,43,45,2016,6347
2023-08-09 10:27:24,43,44,2016,6347
2023-08-09 10:27:26,43,45,2016,6347
2023-08-09 10:27:31,43,44,2016,6347
2023-08-09 10:27:32,43,45,2016,6347
2023-08-09 10:27:36,44,45,2016,6347
2023-08-09 10:27:37,43,45,2016,6347
2023-08-09 10:27:42,43,44,2016,6347
2023-08-09 10:27:43,43,45,2016,6347
2023-08-09 10:27:49,43,44,2016,6347
2023-08-09 10:27:51,43,45,2016,6347
2023-08-09 10:27:58,44,45,2016,6347
2023-08-09 10:27:59,43,45,2016,6347
2023-08-09 10:28:03,43,44,2016,6347
2023-08-09 10:28:13,42,44,2016,6347
2023-08-09 10:28:19,41,44,2016,6347
2023-08-09 10:28:19,42,44,2016,6347
2023-08-09 10:28:24,43,44,2016,6347
2023-08-09 10:28:28,42,44,2016,6347
2023-08-09 10:28:29,42,43,2016,6347
2023-08-09 10:28:30,42,43,2026,6357
2023-08-09 10:28:31,42,44,2026,6357
2023-08-09 10:28:32,43,44,2026,6357
2023-08-09 10:28:32,42,43,2036,6367
2023-08-09 10:28:35,42,44,2036,6367
2023-08-09 10:28:35,42,43,2036,6367
2023-08-09 10:28:38,42,43,2026,6377
2023-08-09 10:28:39,42,44,2026,6377
2023-08-09 10:28:42,42,43,2026,6377
2023-08-09 10:28:44,42,44,2026,6377
2023-08-09 10:28:49,42,43,2026,6377
2023-08-09 10:28:51,42,44,2026,6377
2023-08-09 10:28:51,42,43,2026,6377
2023-08-09 10:28:51,43,44,2026,6387
2023-08-09 10:28:53,42,44,2026,6387
2023-08-09 10:28:53,43,44,2026,6387
2023-08-09 10:29:01,43,44,2026,6397
2023-08-09 10:29:21,43,44,2026,6407
2023-08-09 10:29:27,42,44,2026,6407
2023-08-09 10:29:27,43,44,2026,6407
2023-08-09 10:29:34,42,44,2026,6417
2023-08-09 10:29:40,42,43,2026,6417
2023-08-09 10:29:43,42,44,2026,6417
2023-08-09 10:29:43,42,43,2026,6417
2023-08-09 10:29:57,42,44,2026,6417
2023-08-09 10:29:58,42,43,2026,6417
2023-08-09 10:30:02,42,43,2046,6437
2023-08-09 10:30:02,42,44,2046,6437
2023-08-09 10:30:03,43,44,2046,6437
2023-08-09 10:30:08,43,44,2046,6447
2023-08-09 10:30:09,43,45,2046,6447
2023-08-09 10:30:09,43,44,2046,6447
2023-08-09 10:30:10,42,44,2046,6447
2023-08-09 10:30:11,42,43,2046,6447
2023-08-09 10:30:13,42,44,2046,6447
2023-08-09 10:30:15,42,43,2046,6447
2023-08-09 10:30:16,42,44,2046,6447
2023-08-09 10:30:18,42,44,2046,6457
2023-08-09 10:30:18,42,43,2046,6457
2023-08-09 10:30:19,42,43,2056,6467
2023-08-09 10:30:24,42,43,2066,6477
2023-08-09 10:30:27,42,44,2066,6477
2023-08-09 10:30:27,42,43,2066,6477
2023-08-09 10:30:30,42,43,2066,6487
2023-08-09 10:30:30,42,44,2066,6487
2023-08-09 10:30:31,42,44,2066,6497
2023-08-09 10:30:31,42,43,2066,6497
2023-08-09 10:30:32,42,44,2066,6497
2023-08-09 10:30:32,42,44,2066,6507
2023-08-09 10:30:33,41,44,2066,6507
2023-08-09 10:30:33,41,42,2066,6507
2023-08-09 10:30:36,41,43,2066,6507
2023-08-09 10:30:37,41,42,2066,6507
2023-08-09 10:30:39,41,43,2066,6507
2023-08-09 10:30:40,41,42,2066,6507
2023-08-09 10:30:42,41,43,2066,6507
2023-08-09 10:30:42,41,42,2066,6507
2023-08-09 10:30:44,41,43,2066,6507
2023-08-09 10:30:45,41,42,2066,6507
2023-08-09 10:30:48,41,43,2066,6507
2023-08-09 10:30:52,41,42,2066,6507
2023-08-09 10:30:57,41,44,2056,6517
2023-08-09 10:30:57,41,43,2056,6517
2023-08-09 10:30:57,42,43,2056,6517
2023-08-09 10:31:13,42,43,2056,6527
2023-08-09 10:31:15,42,44,2056,6527
2023-08-09 10:31:15,42,43,2056,6527
2023-08-09 10:31:21,42,43,2060,6537
2023-08-09 10:31:22,42,43,2060,6547
2023-08-09 10:31:23,42,44,2060,6547
2023-08-09 10:31:23,42,43,2060,6547
2023-08-09 10:31:24,41,43,2060,6547
2023-08-09 10:31:27,41,42,2060,6547
2023-08-09 10:31:28,41,43,2060,6547
2023-08-09 10:31:29,42,43,2060,6547
2023-08-09 10:31:32,42,43,2060,6557
2023-08-09 10:31:38,42,44,2060,6557
2023-08-09 10:31:40,43,44,2060,6557
2023-08-09 10:31:44,42,44,2060,6557
2023-08-09 10:31:45,42,43,2060,6557
2023-08-09 10:31:46,42,43,2060,6567
2023-08-09 10:31:49,42,44,2060,6567
2023-08-09 10:31:49,43,44,2060,6567
2023-08-09 10:31:52,42,44,2060,6567
2023-08-09 10:31:56,42,43,2060,6567
2023-08-09 10:32:00,42,44,2060,6567
2023-08-09 10:32:01,42,43,2060,6567
2023-08-09 10:32:06,42,44,2060,6567
2023-08-09 10:32:08,42,43,2060,6567
2023-08-09 10:32:08,42,43,2060,6577
2023-08-09 10:32:10,42,44,2060,6577
2023-08-09 10:32:12,42,43,2060,6577
2023-08-09 10:32:14,42,44,2060,6577
2023-08-09 10:32:16,42,43,2060,6577
2023-08-09 10:32:16,42,43,2066,6587
2023-08-09 10:32:17,42,43,2076,6597
2023-08-09 10:32:19,42,44,2076,6597
2023-08-09 10:32:22,42,43,2076,6597
2023-08-09 10:32:23,42,43,2086,6607
2023-08-09 10:32:25,42,44,2086,6607
2023-08-09 10:32:26,42,43,2086,6607
2023-08-09 10:32:27,42,44,2086,6607
2023-08-09 10:32:28,42,43,2086,6607
2023-08-09 10:32:30,42,44,2086,6607
2023-08-09 10:32:30,42,43,2086,6607
2023-08-09 10:32:34,42,44,2086,6607
2023-08-09 10:32:35,42,43,2086,6607
2023-08-09 10:32:38,42,44,2086,6607
2023-08-09 10:32:39,42,43,2086,6607
2023-08-09 10:32:41,42,44,2086,6607
2023-08-09 10:32:42,43,44,2086,6607
2023-08-09 10:32:46,42,44,2086,6607
2023-08-09 10:32:48,43,44,2086,6607
2023-08-09 10:32:49,42,44,2086,6607
2023-08-09 10:32:50,43,44,2086,6607
2023-08-09 10:32:50,43,44,2076,6617
2023-08-09 10:32:51,43,45,2076,6617
2023-08-09 10:32:52,43,44,2076,6617
2023-08-09 10:32:55,42,44,2076,6617
2023-08-09 10:32:55,42,44,2086,6627
2023-08-09 10:32:57,43,44,2086,6627
2023-08-09 10:32:59,42,44,2086,6627
2023-08-09 10:33:00,43,44,2086,6627
2023-08-09 10:33:02,42,44,2086,6627
2023-08-09 10:33:02,42,43,2086,6627
2023-08-09 10:33:04,42,44,2086,6627
2023-08-09 10:33:05,42,43,2086,6627
2023-08-09 10:33:07,42,44,2086,6627
2023-08-09 10:33:09,42,43,2086,6627
2023-08-09 10:33:13,42,44,2086,6627
2023-08-09 10:33:14,42,43,2086,6627
2023-08-09 10:33:17,42,44,2086,6627
2023-08-09 10:33:18,43,44,2086,6627
2023-08-09 10:33:20,42,44,2086,6627
2023-08-09 10:33:20,43,44,2086,6627
2023-08-09 10:33:23,42,44,2086,6627
2023-08-09 10:33:26,42,43,2086,6627
2023-08-09 10:33:32,42,44,2086,6627
2023-08-09 10:33:34,42,43,2086,6627
2023-08-09 10:33:37,42,44,2086,6627
2023-08-09 10:33:38,43,44,2086,6627
2023-08-09 10:33:39,42,45,2086,6627
2023-08-09 10:33:39,42,44,2086,6627
2023-08-09 10:33:40,42,43,2086,6627
2023-08-09 10:33:41,43,44,2086,6637
2023-08-09 10:33:42,43,45,2086,6637
2023-08-09 10:33:44,43,44,2086,6637
2023-08-09 10:33:45,43,45,2086,6637
2023-08-09 10:33:46,43,44,2086,6637
2023-08-09 10:33:49,43,44,2096,6647
2023-08-09 10:33:50,43,45,2096,6647
2023-08-09 10:33:50,43,44,2096,6647
2023-08-09 10:34:13,43,45,2096,6647
2023-08-09 10:34:13,43,44,2096,6647
2023-08-09 10:34:17,43,45,2096,6647
2023-08-09 10:34:17,43,44,2096,6647
2023-08-09 10:34:19,43,45,2096,6647
2023-08-09 10:34:19,43,44,2096,6647
2023-08-09 10:34:20,43,45,2096,6647
2023-08-09 10:34:21,43,44,2096,6647
2023-08-09 10:34:24,43,45,2096,6647
2023-08-09 10:34:24,43,44,2096,6647
2023-08-09 10:34:26,43,45,2096,6647
2023-08-09 10:34:29,43,44,2096,6647
2023-08-09 10:34:40,43,45,2096,6647
2023-08-09 10:34:43,43,44,2096,6647
2023-08-09 10:34:45,43,45,2096,6647
2023-08-09 10:34:48,44,45,2096,6647
2023-08-09 10:35:04,43,45,2096,6647
2023-08-09 10:35:04,44,45,2096,6647
2023-08-09 10:35:20,44,46,1952,6791
2023-08-09 10:35:21,45,46,1952,6791
2023-08-09 10:35:21,45,46,1942,6801
2023-08-09 10:35:23,45,46,1942,6811
2023-08-09 10:35:26,44,46,1942,6811
2023-08-09 10:35:29,45,46,1942,6811
2023-08-09 10:35:32,44,46,1942,6811
2023-08-09 10:35:37,45,46,1942,6811
2023-08-09 10:35:42,44,46,1942,6811
2023-08-09 10:35:56,44,45,1942,6811
2023-08-09 10:36:06,43,45,1942,6811
2023-08-09 10:36:07,44,45,1942,6811
2023-08-09 10:36:20,44,45,1942,6821
2023-08-09 10:36:20,43,45,1942,6821
2023-08-09 10:36:20,44,45,1942,6821
2023-08-09 10:36:24,43,45,1942,6821
2023-08-09 10:36:25,44,45,1942,6821
2023-08-09 10:36:25,43,44,1952,6831
2023-08-09 10:36:30,43,45,1952,6831
2023-08-09 10:36:33,43,44,1952,6831
2023-08-09 10:36:37,43,45,1952,6831
2023-08-09 10:36:40,43,44,1952,6831
2023-08-09 10:36:42,43,45,1952,6831
2023-08-09 10:36:43,43,44,1952,6831
2023-08-09 10:36:44,43,44,1952,6841
2023-08-09 10:36:45,43,45,1952,6841
2023-08-09 10:36:46,43,44,1952,6841
2023-08-09 10:36:55,43,45,1952,6841
2023-08-09 10:36:56,43,44,1952,6841
2023-08-09 10:37:09,42,44,1952,6841
2023-08-09 10:37:41,42,43,1952,6841
2023-08-09 10:37:44,42,44,1952,6841
2023-08-09 10:38:12,43,44,1952,6841
2023-08-09 10:38:22,43,45,1952,6841
2023-08-09 10:38:23,43,44,1952,6841
2023-08-09 10:38:24,43,45,1952,6841
2023-08-09 10:38:26,43,44,1952,6841
2023-08-09 10:38:28,43,45,1952,6841
2023-08-09 10:38:29,43,44,1952,6841
2023-08-09 10:38:43,42,44,1962,6851
2023-08-09 10:38:45,42,45,1962,6851
2023-08-09 10:38:45,42,44,1962,6851
2023-08-09 10:38:49,42,45,1962,6851
2023-08-09 10:38:49,42,44,1962,6851
2023-08-09 10:38:50,43,44,1962,6851
2023-08-09 10:38:51,42,44,1962,6851
2023-08-09 10:38:51,42,45,1962,6851
2023-08-09 10:38:51,42,44,1962,6851
2023-08-09 10:38:58,42,43,1962,6851
2023-08-09 10:38:59,42,44,1962,6851
2023-08-09 10:39:02,42,45,1962,6851
2023-08-09 10:39:02,43,45,1962,6851
2023-08-09 10:39:03,42,45,1962,6851
2023-08-09 10:39:03,42,44,1962,6851
2023-08-09 10:39:06,42,45,1962,6851
2023-08-09 10:39:06,43,45,1962,6851
2023-08-09 10:39:09,42,45,1962,6851
2023-08-09 10:39:09,42,44,1962,6851
2023-08-09 10:39:13,43,44,1962,6851
2023-08-09 10:39:21,43,45,1962,6851
2023-08-09 10:39:26,43,44,1962,6851
2023-08-09 10:39:29,43,45,1962,6851
2023-08-09 10:39:32,43,46,1962,6851
2023-08-09 10:39:32,44,46,1962,6851
2023-08-09 10:39:33,43,46,1962,6851
2023-08-09 10:39:33,43,45,1962,6851
2023-08-09 10:39:35,43,46,1962,6851
2023-08-09 10:39:35,44,46,1962,6851
2023-08-09 10:39:47,43,46,1962,6851
2023-08-09 10:39:47,43,45,1962,6851
2023-08-09 10:39:49,43,46,1962,6851
2023-08-09 10:39:49,43,45,1962,6851
2023-08-09 10:39:49,44,45,1962,6851
2023-08-09 10:39:50,43,45,1962,6851
2023-08-09 10:39:51,44,45,1962,6851
2023-08-09 10:39:52,43,45,1962,6851
2023-08-09 10:39:53,44,45,1962,6851
2023-08-09 10:39:54,43,45,1962,6851
2023-08-09 10:39:56,44,45,1962,6851
2023-08-09 10:39:57,44,46,1962,6851
2023-08-09 10:39:57,43,46,1962,6851
2023-08-09 10:39:57,43,45,1962,6851
2023-08-09 10:39:58,44,45,1962,6851
2023-08-09 10:39:59,43,45,1962,6851
2023-08-09 10:40:02,43,46,1962,6851
2023-08-09 10:40:02,44,46,1962,6851
2023-08-09 10:40:15,44,45,1962,6851
2023-08-09 10:40:19,44,46,1962,6851
2023-08-09 10:40:36,44,45,1962,6851
2023-08-09 10:40:39,44,46,1962,6851
2023-08-09 10:40:41,44,45,1962,6851
2023-08-09 10:40:46,44,46,1962,6851
2023-08-09 10:40:52,44,45,1962,6851
2023-08-09 10:40:53,44,46,1962,6851
2023-08-09 10:41:20,45,46,1962,6851
2023-08-09 10:41:22,44,46,1962,6851
2023-08-09 10:41:29,44,45,1962,6851
2023-08-09 10:41:30,44,46,1962,6851
2023-08-09 10:41:43,44,45,1962,6851
2023-08-09 10:41:45,44,46,1962,6851
2023-08-09 10:41:49,44,45,1962,6851
2023-08-09 10:41:52,44,46,1962,6851
2023-08-09 10:41:56,44,45,1962,6851
2023-08-09 10:41:57,44,46,1962,6851
2023-08-09 10:42:02,44,45,1962,6851
2023-08-09 10:42:07,44,46,1962,6851
2023-08-09 10:42:08,44,45,1962,6851
2023-08-09 10:42:09,44,46,1962,6851
2023-08-09 10:42:12,44,45,1962,6851
2023-08-09 10:42:13,44,46,1962,6851
2023-08-09 10:42:18,44,45,1962,6851
2023-08-09 10:42:19,44,46,1962,6851
2023-08-09 10:42:27,45,46,1962,6851
2023-08-09 10:42:53,44,46,1962,6861
2023-08-09 10:43:14,44,45,1962,6861
2023-08-09 10:43:15,44,46,1962,6861
2023-08-09 10:43:15,45,46,1962,6861
2023-08-09 10:43:18,44,46,1962,6861
2023-08-09 10:43:19,44,45,1962,6861
2023-08-09 10:43:20,44,46,1962,6861
2023-08-09 10:43:34,44,45,1962,6861
2023-08-09 10:43:35,44,46,1962,6861
2023-08-09 10:43:36,43,46,1962,6861
2023-08-09 10:43:36,43,45,1962,6861
2023-08-09 10:43:36,44,45,1962,6861
2023-08-09 10:43:42,44,46,1962,6861
2023-08-09 10:43:43,44,45,1962,6861
2023-08-09 10:43:43,43,45,1962,6861
2023-08-09 10:43:43,44,45,1962,6861
2023-08-09 10:43:47,44,46,1962,6861
2023-08-09 10:43:51,44,45,1962,6861
2023-08-09 10:43:52,44,46,1962,6861
2023-08-09 10:43:52,44,45,1962,6861
2023-08-09 10:43:53,44,46,1962,6861
2023-08-09 10:43:53,44,45,1962,6861
2023-08-09 10:43:58,44,46,1962,6861
2023-08-09 10:43:58,44,45,1962,6861
2023-08-09 10:44:02,43,45,1962,6861
2023-08-09 10:44:07,44,45,1962,6861
2023-08-09 10:44:08,43,45,1962,6861
2023-08-09 10:44:09,43,44,1962,6861
2023-08-09 10:44:10,43,45,1962,6861
2023-08-09 10:44:14,43,46,1962,6861
2023-08-09 10:44:14,44,46,1962,6861
2023-08-09 10:44:22,44,45,1962,6861
2023-08-09 10:44:23,44,46,1962,6861
2023-08-09 10:44:23,44,45,1962,6861
2023-08-09 10:44:29,43,45,1962,6861
2023-08-09 10:44:36,44,45,1962,6861
2023-08-09 10:44:42,44,46,1962,6861
2023-08-09 10:44:45,44,45,1962,6861
2023-08-09 10:44:48,44,46,1962,6861
2023-08-09 10:44:49,43,46,1962,6861
2023-08-09 10:44:56,44,46,1962,6861
2023-08-09 10:44:58,44,45,1962,6861
2023-08-09 10:45:00,44,46,1962,6861
2023-08-09 10:45:16,45,46,1962,6861
2023-08-09 10:45:53,44,46,1962,6861
2023-08-09 10:45:53,45,46,1962,6861
2023-08-09 10:45:55,44,46,1962,6861
2023-08-09 10:46:12,45,46,1962,6861
2023-08-09 10:46:16,44,46,1962,6861
2023-08-09 10:46:17,45,46,1962,6861
2023-08-09 10:46:21,44,46,1962,6861
2023-08-09 10:46:29,45,46,1962,6861
2023-08-09 10:46:31,44,46,1962,6861
2023-08-09 10:46:34,45,46,1962,6861
2023-08-09 10:46:43,44,46,1962,6861
2023-08-09 10:46:43,45,46,1962,6861
2023-08-09 10:46:58,45,46,1962,6871
2023-08-09 10:46:59,45,46,1962,6881
2023-08-09 10:47:00,44,46,1962,6881
2023-08-09 10:47:00,45,46,1962,6881
2023-08-09 10:47:11,44,46,1962,6881
2023-08-09 10:47:38,44,45,1962,6881
2023-08-09 10:47:40,44,46,1962,6881
2023-08-09 10:47:40,44,45,1962,6881
2023-08-09 10:47:43,44,46,1962,6881
2023-08-09 10:47:43,45,46,1962,6881
2023-08-09 10:47:46,44,46,1962,6881
2023-08-09 10:47:48,45,46,1962,6881
2023-08-09 10:47:51,44,46,1962,6881
2023-08-09 10:48:01,44,45,1962,6881
2023-08-09 10:48:07,44,45,1962,6891
2023-08-09 10:48:08,44,46,1962,6891
2023-08-09 10:48:08,45,46,1962,6891
2023-08-09 10:48:15,44,46,1962,6891
2023-08-09 10:48:15,45,46,1962,6891
2023-08-09 10:48:17,44,46,1962,6891
2023-08-09 10:48:18,45,46,1962,6891
2023-08-09 10:48:21,44,46,1962,6891
2023-08-09 10:48:25,45,46,1962,6891
2023-08-09 10:48:56,45,46,1962,6901
2023-08-09 10:48:58,45,46,1962,6911
2023-08-09 10:49:16,45,46,1962,6921
2023-08-09 10:49:38,44,46,1962,6921
2023-08-09 10:49:38,45,46,1962,6921
2023-08-09 10:49:42,46,47,1962,6931
2023-08-09 10:49:45,45,47,1962,6931
2023-08-09 10:49:46,46,47,1962,6931
2023-08-09 10:49:57,46,47,1962,6941
2023-08-09 10:49:59,46,47,1962,6951
2023-08-09 10:50:03,46,48,1962,6951
2023-08-09 10:50:03,46,48,1962,6961
2023-08-09 10:50:04,47,48,1962,6961
2023-08-09 10:50:05,47,48,1962,6971
2023-08-09 10:50:06,46,48,1962,6971
2023-08-09 10:50:08,46,48,1962,6981
2023-08-09 10:50:10,47,48,1962,6981
2023-08-09 10:50:12,47,48,1962,6991
2023-08-09 10:50:13,46,48,1962,6991
2023-08-09 10:50:15,46,48,1962,6991
2023-08-09 10:50:16,47,48,1962,6991
2023-08-09 10:50:19,46,48,1962,6991
2023-08-09 10:50:19,46,48,1962,7001
2023-08-09 10:50:20,46,48,1962,7011
2023-08-09 10:50:21,47,48,1962,7011
2023-08-09 10:50:22,47,48,1962,7021
2023-08-09 10:50:23,46,48,1962,7021
2023-08-09 10:50:23,47,48,1962,7021
2023-08-09 10:50:29,46,48,1962,7021
2023-08-09 10:50:30,47,48,1962,7021
2023-08-09 10:50:33,46,48,1962,7021
2023-08-09 10:50:33,47,48,1962,7021
2023-08-09 10:50:34,47,48,1962,7031
2023-08-09 10:50:37,46,48,1962,7031
2023-08-09 10:50:38,47,48,1962,7031
2023-08-09 10:50:39,47,48,1962,7041
2023-08-09 10:50:41,46,48,1962,7041
2023-08-09 10:50:41,46,48,1962,7051
2023-08-09 10:50:41,46,48,1962,7061
2023-08-09 10:50:42,46,47,1962,7061
2023-08-09 10:50:44,46,48,1962,7061
2023-08-09 10:50:44,46,48,1962,7071
2023-08-09 10:50:45,46,48,1962,7081
2023-08-09 10:50:46,46,47,1962,7081
2023-08-09 10:50:47,46,47,1962,7091
2023-08-09 10:50:48,46,48,1962,7091
2023-08-09 10:50:51,46,48,1962,7101
2023-08-09 10:50:52,47,48,1962,7101
2023-08-09 10:50:54,46,48,1962,7101
2023-08-09 10:50:55,46,47,1962,7101
2023-08-09 10:50:57,46,48,1962,7101
2023-08-09 10:50:57,46,48,1962,7111
2023-08-09 10:50:58,46,48,1962,7121
2023-08-09 10:50:59,46,48,1962,7131
2023-08-09 10:51:00,46,48,1962,7141
2023-08-09 10:51:01,46,47,1962,7141
2023-08-09 10:51:03,46,47,1962,7151
2023-08-09 10:51:05,46,48,1962,7151
2023-08-09 10:51:05,46,48,1962,7161
2023-08-09 10:51:05,46,47,1962,7161
2023-08-09 10:51:09,46,47,1962,7171
2023-08-09 10:51:11,46,47,1962,7181
2023-08-09 10:51:12,46,48,1962,7181
2023-08-09 10:51:12,46,48,1962,7191
2023-08-09 10:51:13,46,47,1962,7191
2023-08-09 10:51:16,46,47,1962,7201
2023-08-09 10:51:17,46,48,1962,7201
2023-08-09 10:51:17,47,48,1962,7201
2023-08-09 10:51:20,46,48,1962,7201
2023-08-09 10:51:22,47,48,1962,7201
2023-08-09 10:51:23,46,48,1962,7201
2023-08-09 10:51:23,47,48,1962,7201
2023-08-09 10:51:30,46,48,1962,7201
2023-08-09 10:51:30,47,48,1962,7201
2023-08-09 10:51:38,46,48,1962,7201
2023-08-09 10:51:55,46,47,1962,7201
2023-08-09 10:52:00,46,48,1962,7201
2023-08-09 10:52:03,46,47,1962,7201
2023-08-09 10:52:05,46,48,1962,7201
2023-08-09 10:52:06,46,47,1962,7201
2023-08-09 10:52:08,46,47,1962,7211
2023-08-09 10:52:09,46,48,1962,7211
2023-08-09 10:52:09,47,48,1962,7211
2023-08-09 10:52:10,46,48,1962,7221
2023-08-09 10:52:13,47,48,1962,7221
2023-08-09 10:52:21,46,48,1962,7221
2023-08-09 10:52:21,47,48,1962,7221
2023-08-09 10:52:27,47,48,1962,7231
2023-08-09 10:52:34,47,48,1962,7241
2023-08-09 10:52:36,47,48,1962,7251
2023-08-09 10:52:38,47,48,1962,7261
2023-08-09 10:52:40,47,48,1962,7271
2023-08-09 10:52:41,47,48,1962,7281
2023-08-09 10:52:41,47,48,1962,7291
2023-08-09 10:52:42,47,48,1962,7301
2023-08-09 10:52:43,47,48,1962,7311
2023-08-09 10:52:43,46,48,1962,7311
2023-08-09 10:52:43,46,48,1962,7331
2023-08-09 10:52:43,46,48,1962,7341
2023-08-09 10:52:44,47,48,1962,7341
2023-08-09 10:52:49,46,48,1962,7341
2023-08-09 10:52:55,46,48,1973,7361
2023-08-09 10:52:56,47,48,1973,7361
2023-08-09 10:52:57,47,48,1963,7371
2023-08-09 10:53:01,47,48,1962,7381
2023-08-09 10:53:01,47,48,1973,7401
2023-08-09 10:53:04,47,48,1983,7411
2023-08-09 10:53:13,47,48,1993,7421
2023-08-09 10:54:04,47,48,1983,7431
2023-08-09 10:54:05,47,48,1993,7441
2023-08-09 10:55:25,47,48,2003,7451
2023-08-09 10:55:51,47,49,2003,7451
2023-08-09 10:56:06,48,49,2003,7451
2023-08-09 10:56:20,48,49,2007,7455
2023-08-09 10:56:28,47,49,2007,7455
2023-08-09 10:56:43,47,48,2007,7455
2023-08-09 10:56:46,47,49,2007,7455
2023-08-09 10:57:13,47,48,2007,7455
2023-08-09 10:57:15,46,48,2007,7455
2023-08-09 10:57:20,47,48,2007,7455
2023-08-09 10:57:21,47,48,1997,7465
2023-08-09 10:57:26,47,48,1997,7475
2023-08-09 10:57:27,47,49,1997,7475
2023-08-09 10:57:28,47,48,1997,7475
2023-08-09 10:57:28,47,48,1987,7485
2023-08-09 10:57:37,47,48,1987,7495
2023-08-09 10:57:37,47,49,1987,7495
2023-08-09 10:57:38,47,49,1997,7505
2023-08-09 10:57:49,47,49,1987,7515
2023-08-09 10:57:52,47,49,1997,7525
2023-08-09 10:57:53,47,49,2007,7535
2023-08-09 10:58:07,48,49,2007,7535
2023-08-09 10:58:26,47,49,2007,7535
2023-08-09 10:58:26,48,49,2007,7535
2023-08-09 10:58:31,48,49,2007,7545
2023-08-09 10:58:35,47,49,2007,7545
2023-08-09 10:58:35,48,49,2007,7545
2023-08-09 10:58:39,47,49,2007,7545
2023-08-09 10:58:39,48,49,2007,7545
2023-08-09 10:58:46,47,49,2007,7545
2023-08-09 10:58:46,48,49,2007,7545
2023-08-09 10:58:49,47,49,2007,7555
2023-08-09 10:58:50,47,48,2007,7555
2023-08-09 10:58:52,47,49,1997,7565
2023-08-09 10:58:54,47,48,1997,7565
2023-08-09 10:58:56,47,49,1997,7565
2023-08-09 10:58:56,47,48,1997,7565
2023-08-09 10:59:01,48,49,1997,7565
2023-08-09 10:59:04,47,49,1997,7565
2023-08-09 10:59:04,48,49,1997,7565
2023-08-09 10:59:06,47,49,1997,7565
2023-08-09 10:59:07,47,49,2007,7575
2023-08-09 10:59:22,47,48,2007,7575
2023-08-09 10:59:28,47,49,2007,7575
2023-08-09 10:59:59,47,48,2007,7575
2023-08-09 11:00:01,47,49,2007,7575
2023-08-09 11:00:14,46,49,2007,7575
2023-08-09 11:00:22,47,49,2007,7575
2023-08-09 11:00:41,46,49,2007,7575
2023-08-09 11:00:43,47,49,2007,7575
2023-08-09 11:00:45,46,49,2007,7575
2023-08-09 11:00:50,47,49,2007,7575
2023-08-09 11:01:19,46,49,2007,7575
2023-08-09 11:01:20,47,49,2007,7575
2023-08-09 11:02:14,48,49,2007,7575
2023-08-09 11:02:25,47,49,2007,7575
2023-08-09 11:02:25,48,49,2007,7575
2023-08-09 11:02:38,47,49,2007,7575
2023-08-09 11:02:38,48,49,2007,7575
2023-08-09 11:02:51,47,49,2007,7575
2023-08-09 11:02:51,48,49,2007,7575
2023-08-09 11:03:22,47,49,2007,7575
2023-08-09 11:03:22,48,49,2007,7575
2023-08-09 11:03:24,47,49,2007,7575
2023-08-09 11:03:24,48,49,2007,7575
2023-08-09 11:03:33,47,49,2007,7575
2023-08-09 11:03:33,48,49,2007,7575
2023-08-09 11:04:57,48,50,2007,7575
2023-08-09 11:07:57,48,49,2007,7575
2023-08-09 11:08:18,48,50,2007,7575
2023-08-09 11:08:25,49,50,2007,7575
2023-08-09 11:08:27,48,50,2007,7575
2023-08-09 11:08:29,49,50,2007,7575
2023-08-09 11:08:31,48,50,2007,7575
2023-08-09 11:08:32,49,50,2007,7575
2023-08-09 11:08:34,48,50,2007,7575
2023-08-09 11:08:36,49,50,2007,7575
2023-08-09 11:08:37,48,50,2007,7575
2023-08-09 11:08:38,49,50,2007,7575
2023-08-09 11:08:39,48,50,2007,7575
2023-08-09 11:08:41,49,50,2007,7575
2023-08-09 11:08:43,48,50,2007,7575
2023-08-09 11:08:45,49,50,2007,7575
2023-08-09 11:08:47,48,50,2007,7575
2023-08-09 11:08:50,49,50,2007,7575
2023-08-09 11:08:51,48,50,2007,7575
2023-08-09 11:08:52,49,50,2007,7575
2023-08-09 11:08:55,48,50,2007,7575
2023-08-09 11:08:56,48,49,2007,7575
2023-08-09 11:08:57,48,50,2007,7575
2023-08-09 11:09:01,49,50,2007,7575
2023-08-09 11:09:02,48,50,2007,7575
2023-08-09 11:09:04,49,50,2007,7575
2023-08-09 11:09:05,48,50,2007,7575
2023-08-09 11:09:09,49,50,2007,7575
2023-08-09 11:09:11,48,50,2007,7575
2023-08-09 11:09:13,49,50,2007,7575
2023-08-09 11:09:15,48,50,2007,7575
2023-08-09 11:09:19,48,49,2007,7575
2023-08-09 11:09:20,48,50,2007,7575
2023-08-09 11:09:23,49,50,2007,7575
2023-08-09 11:09:24,48,50,2007,7575
2023-08-09 11:09:26,49,50,2007,7575
2023-08-09 11:09:28,48,50,2007,7575
2023-08-09 11:09:31,49,50,2007,7575
2023-08-09 11:09:33,48,50,2007,7575
2023-08-09 11:09:44,49,50,2007,7575
2023-08-09 11:09:45,48,50,2007,7575
2023-08-09 11:09:54,49,50,2007,7575
2023-08-09 11:09:56,48,50,2007,7575
2023-08-09 11:09:59,49,50,2007,7575
2023-08-09 11:10:00,48,50,2007,7575
2023-08-09 11:10:08,49,50,2007,7575
2023-08-09 11:10:10,48,50,2007,7575
2023-08-09 11:10:12,49,50,2007,7575
2023-08-09 11:10:13,48,50,2007,7575
2023-08-09 11:10:15,49,50,2007,7575
2023-08-09 11:10:18,48,50,2007,7575
2023-08-09 11:10:25,49,50,2007,7575
2023-08-09 11:10:26,48,50,2007,7575
2023-08-09 11:10:29,48,49,2007,7575
2023-08-09 11:10:31,48,50,2007,7575
2023-08-09 11:10:32,49,50,2007,7575
2023-08-09 11:10:33,48,50,2007,7575
2023-08-09 11:10:35,48,49,2007,7575
2023-08-09 11:10:36,48,50,2007,7575
2023-08-09 11:10:39,49,50,2007,7575
2023-08-09 11:10:41,48,50,2007,7575
2023-08-09 11:10:48,49,50,2007,7575
2023-08-09 11:11:01,48,50,2007,7575
2023-08-09 11:11:04,49,50,2007,7575
2023-08-09 11:11:05,48,50,2007,7575
2023-08-09 11:11:06,49,50,2007,7575
2023-08-09 11:11:08,48,50,2007,7575
2023-08-09 11:11:12,49,50,2007,7575
2023-08-09 11:11:15,48,50,2007,7575
2023-08-09 11:11:16,49,50,2007,7575
2023-08-09 11:11:30,48,50,2007,7575
2023-08-09 11:11:31,49,50,2007,7575
2023-08-09 11:11:55,48,50,2007,7575
2023-08-09 11:11:57,49,50,2007,7575
2023-08-09 11:12:00,48,50,2007,7575
2023-08-09 11:12:01,49,50,2007,7575
2023-08-09 11:12:02,48,50,2007,7575
2023-08-09 11:12:04,49,50,2007,7575
2023-08-09 11:12:07,48,50,2007,7575
2023-08-09 11:12:08,49,50,2007,7575
2023-08-09 11:12:15,48,50,2007,7575
2023-08-09 11:12:17,49,50,2007,7575
2023-08-09 11:12:19,48,50,2007,7575
2023-08-09 11:12:20,49,50,2007,7575
2023-08-09 11:12:25,48,50,2007,7575
2023-08-09 11:12:26,49,50,2007,7575
2023-08-09 11:12:27,48,50,2007,7575
2023-08-09 11:12:29,49,50,2007,7575
2023-08-09 11:12:31,48,50,2007,7575
2023-08-09 11:12:32,49,50,2007,7575
2023-08-09 11:12:35,48,50,2007,7575
2023-08-09 11:12:42,49,50,2007,7575
2023-08-09 11:12:48,48,50,2007,7575
2023-08-09 11:12:49,49,50,2007,7575
2023-08-09 11:12:50,49,50,2007,7751
2023-08-09 11:12:51,47,49,2007,7797
2023-08-09 11:12:52,48,49,2007,7797
2023-08-09 11:12:58,47,49,2007,7797
2023-08-09 11:13:03,47,48,2007,7797
2023-08-09 11:13:04,47,49,2007,7797
2023-08-09 11:13:05,47,48,2007,7797
2023-08-09 11:13:06,47,49,2007,7797
2023-08-09 11:13:06,47,49,1997,7807
2023-08-09 11:13:07,46,49,1997,7807
2023-08-09 11:13:07,46,48,1997,7807
2023-08-09 11:13:08,46,47,1997,7807
2023-08-09 11:13:08,46,48,2219,8029
2023-08-09 11:13:10,47,48,2219,8029
2023-08-09 11:13:15,47,49,2219,8029
2023-08-09 11:13:16,46,49,2219,8029
2023-08-09 11:13:16,46,48,2219,8029
2023-08-09 11:13:17,46,49,2219,8029
2023-08-09 11:13:17,47,49,2219,8029
2023-08-09 11:13:24,46,49,2219,8029
2023-08-09 11:13:24,46,48,2219,8029
2023-08-09 11:13:27,46,49,2219,8029
2023-08-09 11:13:27,47,49,2219,8029
2023-08-09 11:13:33,47,48,2219,8029
2023-08-09 11:13:39,46,48,2219,8029
2023-08-09 11:13:40,47,48,2219,8029
2023-08-09 11:13:42,47,49,2219,8029
2023-08-09 11:13:43,46,49,2219,8029
2023-08-09 11:13:43,46,48,2219,8029
2023-08-09 11:13:47,47,48,2219,8029
2023-08-09 11:13:49,46,48,2219,8029
2023-08-09 11:13:50,47,48,2219,8029
2023-08-09 11:13:51,46,48,2219,8029
2023-08-09 11:13:56,46,47,2219,8029
2023-08-09 11:14:03,46,47,2209,8039
2023-08-09 11:14:06,45,47,2209,8039
2023-08-09 11:14:11,45,46,2209,8039
2023-08-09 11:14:17,45,46,2189,8059
2023-08-09 11:14:26,45,46,2169,8079
2023-08-09 11:14:34,44,46,2169,8079
2023-08-09 11:14:35,45,46,2169,8079
2023-08-09 11:14:51,45,47,2149,8317
2023-08-09 11:14:52,45,46,2149,8317
2023-08-09 11:14:52,46,47,2149,8335
2023-08-09 11:14:53,46,47,2149,8353
2023-08-09 11:14:54,46,47,2149,8371
2023-08-09 11:14:55,44,47,2149,8371
2023-08-09 11:14:55,44,46,2149,8371
2023-08-09 11:14:56,45,46,2149,8371
2023-08-09 11:14:57,45,46,2149,8389
2023-08-09 11:14:57,46,47,2149,8407
2023-08-09 11:14:58,46,47,2149,8425
2023-08-09 11:14:59,45,47,2149,8425
2023-08-09 11:14:59,45,46,2149,8425
2023-08-09 11:15:06,45,47,2149,8425
2023-08-09 11:15:07,46,47,2149,8425
2023-08-09 11:15:12,45,47,2149,8425
2023-08-09 11:15:13,46,47,2149,8425
2023-08-09 11:15:32,45,47,2149,8425
2023-08-09 11:15:34,46,47,2149,8425
2023-08-09 11:15:37,45,47,2149,8425
2023-08-09 11:15:42,46,47,2149,8425
2023-08-09 11:15:43,46,47,2129,8445
2023-08-09 11:15:44,44,47,2129,8445
2023-08-09 11:15:44,44,46,2129,8445
2023-08-09 11:15:45,45,46,2129,8445
2023-08-09 11:15:54,44,46,2129,8445
2023-08-09 11:15:56,45,46,2129,8445
2023-08-09 11:15:56,45,46,2109,8465
2023-08-09 11:15:57,44,46,2109,8465
2023-08-09 11:15:58,45,46,2109,8465
2023-08-09 11:15:59,44,46,2109,8465
2023-08-09 11:16:02,45,46,2109,8465
2023-08-09 11:16:04,44,46,2109,8465
2023-08-09 11:16:05,44,46,2099,8475
2023-08-09 11:16:06,44,45,2099,8475
2023-08-09 11:16:06,45,46,2099,8675
2023-08-09 11:16:07,44,46,2099,8675
2023-08-09 11:16:08,44,46,2059,8715
2023-08-09 11:16:10,43,46,2059,8715
2023-08-09 11:16:10,43,45,2059,8715
2023-08-09 11:16:10,43,44,2059,8715
2023-08-09 11:16:13,43,45,2059,8715
2023-08-09 11:16:14,43,45,2049,8725
2023-08-09 11:16:14,43,44,2049,8725
2023-08-09 11:16:24,42,44,2049,8725
2023-08-09 11:16:24,42,43,2049,8725
2023-08-09 11:16:28,42,43,2029,8745
2023-08-09 11:16:36,41,43,2029,8745
2023-08-09 11:16:37,41,42,2029,8745
2023-08-09 11:16:39,41,43,2029,8745
2023-08-09 11:16:40,41,42,2029,8745
2023-08-09 11:16:46,41,42,1989,8785
2023-08-09 11:16:51,41,43,1989,8785
2023-08-09 11:16:52,42,43,1989,8785
2023-08-09 11:16:53,41,43,1989,8785
2023-08-09 11:16:56,41,43,1969,8805
2023-08-09 11:16:58,41,42,1969,8805
2023-08-09 11:16:59,40,42,1969,8805
2023-08-09 11:16:59,41,42,1969,8805
2023-08-09 11:17:00,40,42,1969,9027
2023-08-09 11:17:01,40,42,1919,9077
2023-08-09 11:17:04,39,42,1919,9077
2023-08-09 11:17:06,40,41,1919,9077
2023-08-09 11:17:07,39,41,1919,9077
2023-08-09 11:17:07,39,41,1879,9117
2023-08-09 11:17:09,40,41,1879,9117
2023-08-09 11:17:10,40,41,1779,9217
2023-08-09 11:17:10,40,41,1759,9237
2023-08-09 11:17:11,39,41,1759,9237
2023-08-09 11:17:23,39,40,1759,9237
2023-08-09 11:17:26,38,40,1759,9237
2023-08-09 11:17:27,39,40,1759,9237
2023-08-09 11:17:31,38,40,1759,9237
2023-08-09 11:17:32,39,40,1759,9237
2023-08-09 11:17:35,38,40,1759,9237
2023-08-09 11:17:37,39,40,1759,9237
2023-08-09 11:17:37,39,40,1759,9337
2023-08-09 11:17:37,39,40,1719,9377
2023-08-09 11:17:39,38,39,1719,9459
2023-08-09 11:17:40,38,40,1719,9459
2023-08-09 11:17:42,37,40,1719,9459
2023-08-09 11:17:43,37,39,1719,9459
2023-08-09 11:17:43,38,39,1719,9459
2023-08-09 11:17:44,38,40,1669,9509
2023-08-09 11:17:45,39,40,1669,9509
2023-08-09 11:17:49,39,40,1649,9529
2023-08-09 11:17:51,39,41,1733,9689
2023-08-09 11:17:53,39,40,1733,9689
2023-08-09 11:17:53,39,41,2103,10089
2023-08-09 11:17:53,40,41,2103,10089
2023-08-09 11:17:56,40,42,2211,10197
2023-08-09 11:17:57,41,42,2211,10197
2023-08-09 11:17:58,41,42,2611,10597
2023-08-09 11:18:02,41,43,3011,10997
2023-08-09 11:18:02,41,43,3011,11037
2023-08-09 11:18:02,41,42,3011,11037
2023-08-09 11:18:05,41,42,3011,11057
2023-08-09 11:18:10,40,42,3011,11057
2023-08-09 11:18:12,40,41,3011,11057
2023-08-09 11:18:12,40,41,3011,11107
2023-08-09 11:18:15,39,41,3011,11107
2023-08-09 11:18:16,40,41,3011,11107
2023-08-09 11:18:18,40,41,3011,11147
2023-08-09 11:18:20,39,41,3011,11147
2023-08-09 11:18:22,40,41,3011,11147
2023-08-09 11:18:23,39,41,3011,11147
2023-08-09 11:18:24,40,41,3011,11147
2023-08-09 11:18:40,40,41,3061,11197
2023-08-09 11:18:42,39,41,3061,11197
2023-08-09 11:18:43,40,41,3061,11197
2023-08-09 11:18:44,40,41,3121,11257
2023-08-09 11:18:48,39,41,3121,11257
2023-08-09 11:18:50,40,41,3121,11257
2023-08-09 11:18:51,39,41,3121,11257
2023-08-09 11:18:52,38,41,3121,11257
2023-08-09 11:18:52,38,40,3121,11257
2023-08-09 11:18:53,38,41,3121,11257
2023-08-09 11:18:53,39,41,3121,11257
2023-08-09 11:18:54,40,41,3121,11257
2023-08-09 11:18:55,38,41,3121,11257
2023-08-09 11:18:56,39,41,3121,11257
2023-08-09 11:18:57,40,41,3121,11257
2023-08-09 11:18:57,40,41,3121,11357
2023-08-09 11:18:58,40,41,3121,11367
2023-08-09 11:18:58,39,41,3121,11367
2023-08-09 11:19:01,40,41,3121,11367
2023-08-09 11:19:03,40,41,3121,11397
2023-08-09 11:19:13,39,41,3121,11397
2023-08-09 11:19:14,40,41,3121,11397
2023-08-09 11:19:16,39,41,3121,11397
2023-08-09 11:19:17,39,41,3121,11417
2023-08-09 11:19:17,39,40,3121,11417
2023-08-09 11:19:19,38,40,3121,11417
2023-08-09 11:19:24,39,40,3121,11417
2023-08-09 11:19:24,39,40,3151,11447
2023-08-09 11:19:27,38,40,3151,11447
2023-08-09 11:19:33,39,40,3151,11447
2023-08-09 11:19:42,38,40,3151,11447
2023-08-09 11:19:43,39,40,3151,11447
2023-08-09 11:19:45,38,40,3151,11447
2023-08-09 11:19:45,38,39,3151,11447
2023-08-09 11:19:46,39,41,3151,11487
2023-08-09 11:19:49,38,41,3151,11487
2023-08-09 11:19:49,38,40,3151,11487
2023-08-09 11:19:50,38,41,3151,11487
2023-08-09 11:19:50,39,41,3151,11487
2023-08-09 11:19:58,39,41,3151,11497
2023-08-09 11:20:03,38,41,3151,11497
2023-08-09 11:20:03,38,40,3151,11497
2023-08-09 11:20:04,38,41,3151,11497
2023-08-09 11:20:04,39,41,3151,11497
2023-08-09 11:20:06,38,41,3151,11497
2023-08-09 11:20:06,38,40,3151,11497
2023-08-09 11:20:08,38,41,3151,11497
2023-08-09 11:20:08,39,41,3151,11497
2023-08-09 11:20:10,39,41,3151,11547
2023-08-09 11:20:11,39,41,3171,11567
2023-08-09 11:20:12,38,41,3171,11567
2023-08-09 11:20:12,38,40,3171,11567
2023-08-09 11:20:13,37,40,3171,11567
2023-08-09 11:20:14,38,40,3171,11567
2023-08-09 11:20:16,39,40,3171,11567
2023-08-09 11:20:20,38,40,3171,11567
2023-08-09 11:20:23,37,40,3171,11567
2023-08-09 11:20:23,37,39,3171,11567
2023-08-09 11:20:24,37,40,3171,11567
2023-08-09 11:20:24,38,40,3171,11567
2023-08-09 11:20:28,37,40,3171,11567
2023-08-09 11:20:29,38,40,3171,11567
2023-08-09 11:20:29,38,40,3171,11597
2023-08-09 11:20:30,37,40,3171,11597
2023-08-09 11:20:30,37,39,3171,11597
2023-08-09 11:20:31,37,40,3171,11597
2023-08-09 11:20:31,38,40,3171,11597
2023-08-09 11:20:32,37,40,3171,11597
2023-08-09 11:20:32,37,39,3171,11597
2023-08-09 11:20:38,37,40,3171,11597
2023-08-09 11:20:39,38,40,3171,11597
2023-08-09 11:20:40,38,39,3171,11597
2023-08-09 11:20:41,38,39,3231,11657
2023-08-09 11:20:43,37,39,3231,11657
2023-08-09 11:20:45,38,39,3231,11657
2023-08-09 11:20:46,37,39,3231,11657
2023-08-09 11:20:48,38,39,3231,11657
2023-08-09 11:20:50,37,39,3231,11657
2023-08-09 11:20:52,38,39,3231,11657
2023-08-09 11:20:54,37,39,3231,11657
2023-08-09 11:20:56,38,39,3231,11657
2023-08-09 11:20:57,37,39,3231,11657
2023-08-09 11:21:00,38,39,3231,11657
2023-08-09 11:21:02,37,39,3231,11657
2023-08-09 11:21:03,37,38,3231,11657
2023-08-09 11:21:05,37,39,3231,11657
2023-08-09 11:21:06,37,38,3231,11657
2023-08-09 11:21:07,37,39,3231,11657
2023-08-09 11:21:10,37,38,3231,11657
2023-08-09 11:21:11,37,39,3231,11657
2023-08-09 11:21:15,38,39,3231,11657
2023-08-09 11:21:16,37,39,3231,11657
2023-08-09 11:21:19,38,39,3231,11657
2023-08-09 11:21:21,37,39,3231,11657
2023-08-09 11:21:22,38,39,3231,11657
2023-08-09 11:21:25,37,39,3231,11657
2023-08-09 11:21:26,38,39,3231,11657
2023-08-09 11:21:32,37,39,3231,11657
2023-08-09 11:21:36,38,39,3231,11657
2023-08-09 11:21:39,37,39,3231,11657
2023-08-09 11:21:41,37,38,3231,11657
2023-08-09 11:21:44,37,39,3231,11657
2023-08-09 11:21:46,37,38,3231,11657
2023-08-09 11:21:49,37,39,3231,11657
2023-08-09 11:21:55,37,38,3231,11657
2023-08-09 11:21:56,37,39,3231,11657
2023-08-09 11:21:56,37,38,3231,11657
2023-08-09 11:22:10,36,38,3231,11857
2023-08-09 11:22:12,36,37,3231,11857
2023-08-09 11:22:19,35,37,3231,11857
2023-08-09 11:22:20,35,36,3231,11857
2023-08-09 11:22:22,35,36,3221,11867
2023-08-09 11:22:23,34,36,2831,12257
2023-08-09 11:22:25,35,36,2831,12257
2023-08-09 11:22:26,34,36,2831,12257
2023-08-09 11:22:29,34,35,2831,12257
2023-08-09 11:22:31,35,36,2831,12267
2023-08-09 11:22:31,35,36,2831,12277
2023-08-09 11:22:32,34,36,2831,12457
2023-08-09 11:22:33,34,35,2831,12457
2023-08-09 11:22:35,34,36,2831,12457
2023-08-09 11:22:37,34,35,2831,12457
2023-08-09 11:22:41,34,36,2831,12457
2023-08-09 11:22:41,33,36,2831,12457
2023-08-09 11:22:42,33,35,2831,12457
2023-08-09 11:22:44,34,35,2831,12457
2023-08-09 11:22:45,33,35,2831,12457
2023-08-09 11:22:46,33,34,2831,12457
2023-08-09 11:22:48,33,35,2831,12457
2023-08-09 11:22:49,34,35,2831,12457
2023-08-09 11:22:51,34,36,2831,12457
2023-08-09 11:22:53,34,35,2831,12457
2023-08-09 11:22:58,34,36,2831,12679
2023-08-09 11:23:01,35,36,2831,12689
2023-08-09 11:23:33,35,36,2835,12699
2023-08-09 11:23:38,35,37,3035,12899
2023-08-09 11:23:39,36,37,3035,12899
2023-08-09 11:23:46,35,37,3035,12899
2023-08-09 11:23:47,36,37,3035,12899
2023-08-09 11:23:49,35,37,3035,12899
2023-08-09 11:23:50,36,37,3035,12899
2023-08-09 11:23:51,36,37,3045,12909
2023-08-09 11:23:52,36,37,3055,12919
2023-08-09 11:23:55,35,37,3055,12919
2023-08-09 11:23:57,36,37,3055,12919
2023-08-09 11:23:58,35,37,3055,12919
2023-08-09 11:23:59,36,37,3055,12919
2023-08-09 11:24:01,35,37,3055,12919
2023-08-09 11:24:02,36,37,3055,12919
2023-08-09 11:24:03,35,37,3055,12919
2023-08-09 11:24:04,36,37,3055,12919
2023-08-09 11:24:07,35,37,3055,12919
2023-08-09 11:24:08,36,37,3055,12919
2023-08-09 11:24:10,35,37,3055,12919
2023-08-09 11:24:14,35,36,3055,12919
2023-08-09 11:24:18,35,37,3055,12919
2023-08-09 11:24:22,36,37,3055,12919
2023-08-09 11:24:23,35,37,3055,12919
2023-08-09 11:24:26,35,36,3055,12919
2023-08-09 11:24:38,35,37,3055,12919
2023-08-09 11:24:39,35,36,3055,12919
2023-08-09 11:24:40,35,37,3055,12919
2023-08-09 11:24:41,35,36,3055,12919
2023-08-09 11:24:42,35,37,3055,12919
2023-08-09 11:24:43,35,36,3055,12919
2023-08-09 11:24:45,35,37,3055,12919
2023-08-09 11:24:46,35,36,3055,12919
2023-08-09 11:24:49,35,37,3055,12919
2023-08-09 11:24:50,35,36,3055,12919
2023-08-09 11:24:57,35,36,3055,13319
2023-08-09 11:25:02,34,36,3055,13577
2023-08-09 11:25:03,34,35,3055,13577
2023-08-09 11:25:05,33,35,3055,13577
2023-08-09 11:25:05,34,35,3055,13577
2023-08-09 11:25:14,34,36,3055,13577
2023-08-09 11:25:16,35,36,3055,13577
2023-08-09 11:25:18,34,36,3055,13577
2023-08-09 11:25:18,35,36,3055,13577
2023-08-09 11:25:21,34,36,3055,13577
2023-08-09 11:25:28,35,36,3055,13577
2023-08-09 11:25:29,34,36,3055,13577
2023-08-09 11:25:30,35,36,3055,13577
2023-08-09 11:25:31,34,36,3055,13577
2023-08-09 11:25:31,35,36,3055,13577
2023-08-09 11:25:52,35,36,3055,13587
2023-08-09 11:25:59,33,36,3055,13777
2023-08-09 11:25:59,34,36,3055,13777
2023-08-09 11:26:00,34,35,3055,13777
2023-08-09 11:26:01,33,35,3055,13777
2023-08-09 11:26:03,33,36,3055,13777
2023-08-09 11:26:03,34,36,3055,13777
2023-08-09 11:26:05,34,35,3055,13777
2023-08-09 11:26:06,33,35,3055,13777
2023-08-09 11:26:06,34,35,3055,13777
2023-08-09 11:26:08,33,35,3055,13777
2023-08-09 11:26:14,33,34,3055,13777
2023-08-09 11:26:16,33,35,3055,13777
2023-08-09 11:26:23,33,34,3055,13777
2023-08-09 11:26:28,33,35,3055,13777
2023-08-09 11:26:36,34,35,3055,13777
2023-08-09 11:26:42,34,36,3055,13777
2023-08-09 11:26:42,35,36,3055,13777
2023-08-09 11:26:43,34,35,3045,13787
2023-08-09 11:27:07,34,36,3045,13787
2023-08-09 11:27:15,34,35,3045,13787
2023-08-09 11:27:16,34,36,3045,13787
2023-08-09 11:27:17,34,35,3045,13787
2023-08-09 11:27:20,34,36,3045,13787
2023-08-09 11:27:22,34,35,3045,13787
2023-08-09 11:27:23,34,36,3045,13787
2023-08-09 11:27:24,34,35,3045,13787
2023-08-09 11:27:24,35,36,3045,14009
2023-08-09 11:27:27,34,36,3045,14287
2023-08-09 11:27:28,34,35,3045,14287
2023-08-09 11:27:31,33,35,3035,14307
2023-08-09 11:27:32,33,34,3035,14307
2023-08-09 11:27:43,34,36,2995,14347
2023-08-09 11:27:43,34,35,2995,14347
2023-08-09 11:27:52,34,37,2995,14347
2023-08-09 11:27:52,34,36,2995,14347
2023-08-09 11:27:53,35,36,2995,14347
2023-08-09 11:28:15,34,36,2995,14347
2023-08-09 11:28:17,34,35,2995,14347
2023-08-09 11:28:18,34,36,2995,14347
2023-08-09 11:28:20,35,36,2995,14347
2023-08-09 11:28:22,34,36,2995,14347
2023-08-09 11:28:22,34,35,2995,14347
2023-08-09 11:28:27,34,36,2995,14347
2023-08-09 11:28:27,35,36,2995,14347
2023-08-09 11:28:34,35,37,2995,14407
2023-08-09 11:28:34,35,36,2995,14407
2023-08-09 11:28:35,35,37,3005,14417
2023-08-09 11:28:37,36,37,3005,14417
2023-08-09 11:28:39,36,38,3005,14417
2023-08-09 11:28:39,36,38,3005,14437
2023-08-09 11:28:41,37,38,3005,14437
2023-08-09 11:28:42,36,38,3005,14437
2023-08-09 11:28:49,37,38,3005,14437
2023-08-09 11:28:50,36,38,3005,14437
2023-08-09 11:28:50,36,37,3005,14437
2023-08-09 11:28:50,36,37,3005,14447
2023-08-09 11:28:51,35,37,3005,14447
2023-08-09 11:28:55,34,37,3005,14447
2023-08-09 11:28:56,35,37,3005,14447
2023-08-09 11:28:56,34,35,2995,14457
2023-08-09 11:28:57,33,35,2995,14457
2023-08-09 11:28:57,34,35,2995,14457
2023-08-09 11:29:00,33,35,2995,14457
2023-08-09 11:29:02,34,35,2995,14457
2023-08-09 11:29:09,33,35,2995,14457
2023-08-09 11:29:09,34,35,2995,14457
2023-08-09 11:29:10,34,36,2995,14457
2023-08-09 11:29:10,34,36,2995,14477
2023-08-09 11:29:12,33,36,2995,14477
2023-08-09 11:29:13,34,36,2995,14477
2023-08-09 11:29:15,33,36,2995,14477
2023-08-09 11:29:17,34,36,2995,14477
2023-08-09 11:29:21,34,35,2995,14477
2023-08-09 11:29:26,34,36,2995,14477
2023-08-09 11:29:26,34,35,2995,14477
2023-08-09 11:29:28,34,36,2995,14477
2023-08-09 11:29:29,34,35,2995,14477
2023-08-09 11:29:30,34,36,3005,14487
2023-08-09 11:29:30,34,37,3005,14487
2023-08-09 11:29:30,34,36,3005,14487
2023-08-09 11:29:30,34,35,3005,14487
2023-08-09 11:29:31,34,36,3005,14517
2023-08-09 11:29:34,34,37,3005,14517
2023-08-09 11:29:50,35,37,3005,14517
2023-08-09 11:29:52,34,37,3005,14517
2023-08-09 11:30:01,36,37,3005,14517
2023-08-09 11:30:03,34,37,3005,14517
2023-08-09 11:30:04,34,36,3005,14517
2023-08-09 11:30:12,33,36,3005,14517
2023-08-09 11:30:14,33,34,3005,14517
2023-08-09 11:30:17,34,36,2985,14537
2023-08-09 11:30:18,33,36,2985,14537
2023-08-09 11:30:18,34,36,2985,14537
2023-08-09 11:30:20,33,36,2985,14537
2023-08-09 11:30:20,34,36,2985,14537
2023-08-09 11:30:22,33,36,2985,14537
2023-08-09 11:30:26,33,34,2985,14537
2023-08-09 11:30:32,33,34,2713,14937
2023-08-09 11:30:33,32,34,2713,14937
2023-08-09 11:30:35,33,34,2713,14937
2023-08-09 11:30:37,32,34,2713,14937
2023-08-09 11:30:39,32,33,2713,14937
2023-08-09 11:31:10,32,33,2713,15337
2023-08-09 11:31:11,31,33,2713,15615
2023-08-09 11:31:12,31,32,2713,15615
2023-08-09 11:31:13,31,33,2713,15615
2023-08-09 11:31:15,31,32,2713,15615
2023-08-09 11:31:20,31,32,2703,15625
2023-08-09 11:31:24,31,33,2693,15635
2023-08-09 11:31:25,32,33,2693,15635
2023-08-09 11:31:26,32,34,2693,15635
2023-08-09 11:31:27,32,33,2693,15635
2023-08-09 11:31:29,32,34,2683,15645
2023-08-09 11:31:29,33,34,2683,15645
2023-08-09 11:31:31,32,34,2683,15645
2023-08-09 11:31:37,33,34,2683,15645
2023-08-09 11:31:38,33,35,2653,15675
2023-08-09 11:31:39,34,35,2653,15675
2023-08-09 11:31:47,32,35,2653,15675
2023-08-09 11:31:47,34,35,2653,15675
2023-08-09 11:31:52,32,35,2653,15675
2023-08-09 11:31:52,34,35,2653,15675
2023-08-09 11:31:57,33,35,2653,15675
2023-08-09 11:32:00,33,34,2653,15675
2023-08-09 11:32:10,33,35,2613,15715
2023-08-09 11:32:15,33,34,2613,15715
2023-08-09 11:32:17,33,35,2613,15715
2023-08-09 11:32:31,34,35,2613,15715
2023-08-09 11:32:33,34,36,2613,16115
2023-08-09 11:32:36,33,36,2613,16115
2023-08-09 11:32:36,34,36,2613,16115
2023-08-09 11:32:38,33,36,2613,16115
2023-08-09 11:32:38,34,36,2613,16115
2023-08-09 11:32:41,35,36,2613,16115
2023-08-09 11:32:42,35,37,2613,16115
2023-08-09 11:32:46,35,36,2613,16115
2023-08-09 11:32:47,35,37,2613,16115
2023-08-09 11:32:59,36,37,2613,16115
2023-08-09 11:33:01,35,37,2613,16115
2023-08-09 11:33:17,35,38,2613,16115
2023-08-09 11:33:18,35,37,2613,16115
2023-08-09 11:33:19,35,38,2613,16115
2023-08-09 11:33:23,36,38,2613,16115
2023-08-09 11:33:25,36,37,2613,16115
2023-08-09 11:33:28,36,38,2613,16115
2023-08-09 11:33:33,35,38,2613,16115
2023-08-09 11:33:34,36,38,2613,16115
2023-08-09 11:33:35,37,38,2613,16115
2023-08-09 11:33:47,37,38,2613,16125
2023-08-09 11:33:50,36,38,2613,16125
2023-08-09 11:33:51,37,38,2613,16125
2023-08-09 11:33:54,37,39,2707,16525
2023-08-09 11:34:01,36,39,2707,16525
2023-08-09 11:34:01,37,39,2707,16525
2023-08-09 11:34:02,38,39,2707,16525
2023-08-09 11:34:05,37,39,2707,16525
2023-08-09 11:34:09,38,39,2707,16525
2023-08-09 11:34:10,37,39,2707,16525
2023-08-09 11:34:12,38,39,2707,16525
2023-08-09 11:34:16,37,39,2707,16525
2023-08-09 11:34:17,38,39,2707,16525
2023-08-09 11:34:21,38,39,2717,16535
2023-08-09 11:34:35,38,40,2717,16535
2023-08-09 11:34:53,38,41,3117,16935
2023-08-09 11:34:54,39,41,3117,16935
2023-08-09 11:35:30,40,41,3117,16935
2023-08-09 11:35:39,39,41,3117,16935
2023-08-09 11:35:41,39,40,3117,16935
2023-08-09 11:35:45,39,41,3117,16935
2023-08-09 11:35:53,40,41,3117,16935
2023-08-09 11:35:54,39,41,3117,16935
2023-08-09 11:35:54,40,41,3117,16935
2023-08-09 11:35:55,40,42,3117,16935
2023-08-09 11:35:55,40,41,3117,16935
2023-08-09 11:36:08,39,41,3117,16935
2023-08-09 11:36:11,40,41,3117,16935
2023-08-09 11:36:17,39,41,3117,16935
2023-08-09 11:36:18,39,40,3117,16935
2023-08-09 11:36:20,39,41,3117,16935
2023-08-09 11:36:23,40,41,3117,16935
2023-08-09 11:36:24,39,41,3117,16935
2023-08-09 11:36:27,39,40,3117,16935
2023-08-09 11:36:32,39,41,3117,16935
2023-08-09 11:36:33,40,41,3117,16935
2023-08-09 11:36:34,39,41,3117,16935
2023-08-09 11:36:36,40,41,3117,16935
2023-08-09 11:36:48,39,41,3117,16935
2023-08-09 11:36:50,40,41,3117,16935
2023-08-09 11:36:55,39,41,3117,16935
2023-08-09 11:36:55,40,41,3117,16935
2023-08-09 11:36:56,39,41,3117,16935
2023-08-09 11:36:57,40,41,3117,16935
2023-08-09 11:36:58,39,41,3117,16935
2023-08-09 11:36:59,40,41,3117,16935
2023-08-09 11:37:23,39,41,3117,16935
2023-08-09 11:37:25,40,41,3117,16935
2023-08-09 11:37:30,40,42,3117,16935
2023-08-09 11:37:30,39,41,3117,16935
2023-08-09 11:37:31,40,41,3117,16935
2023-08-09 11:37:32,40,42,3117,16965
2023-08-09 11:37:36,40,41,3117,16965
2023-08-09 11:37:37,40,42,3117,16965
2023-08-09 11:37:53,40,41,3117,16965
2023-08-09 11:38:00,39,41,3117,16965
2023-08-09 11:38:00,40,41,3117,16965
2023-08-09 11:38:03,39,41,3117,16965
2023-08-09 11:38:06,40,41,3117,16965
2023-08-09 11:38:12,39,41,3117,16965
2023-08-09 11:38:20,40,41,3117,16965
2023-08-09 11:38:27,39,41,3117,16965
2023-08-09 11:38:28,40,41,3117,16965
2023-08-09 11:38:30,39,41,3117,16965
2023-08-09 11:38:30,40,41,3117,16965
2023-08-09 11:38:31,40,42,3117,16965
2023-08-09 11:38:31,40,41,3117,16965
2023-08-09 11:38:45,40,42,3117,16965
2023-08-09 11:38:48,40,41,3117,16965
2023-08-09 11:38:51,40,42,3117,16965
2023-08-09 11:38:59,40,41,3117,16965
2023-08-09 11:39:04,40,42,3117,16965
2023-08-09 11:39:09,40,42,3117,16965
2023-08-09 11:39:17,39,42,3117,16965
2023-08-09 11:39:17,39,41,3117,16965
2023-08-09 11:39:19,39,42,3117,16965
2023-08-09 11:39:20,40,42,3117,16965
2023-08-09 11:39:22,40,41,3117,16965
2023-08-09 11:39:24,40,42,3117,16965
2023-08-09 11:39:28,40,41,3117,16965
2023-08-09 11:39:29,39,41,3117,16965
2023-08-09 11:39:30,40,41,3117,16965
2023-08-09 11:39:32,40,42,3117,16965
2023-08-09 11:39:32,40,41,3117,16965
2023-08-09 11:39:37,40,42,3117,16965
2023-08-09 11:39:43,40,41,3117,16965
2023-08-09 11:39:45,40,42,3117,16965
2023-08-09 11:39:46,40,41,3117,16965
2023-08-09 11:40:01,40,42,3117,16975
2023-08-09 11:40:14,41,42,3117,16975
2023-08-09 11:40:18,41,43,3117,16975
2023-08-09 11:40:19,42,43,3117,16975
2023-08-09 11:40:19,42,43,3127,16985
2023-08-09 11:40:21,42,43,3137,16995
2023-08-09 11:40:28,41,43,3137,16995
2023-08-09 11:40:29,42,43,3137,16995
2023-08-09 11:40:32,41,43,3137,16995
2023-08-09 11:40:33,41,42,3137,16995
2023-08-09 11:40:34,41,43,3137,16995
2023-08-09 11:40:35,42,43,3137,16995
2023-08-09 11:40:36,41,43,3137,16995
2023-08-09 11:40:39,40,43,3137,16995
2023-08-09 11:40:39,40,42,3137,16995
2023-08-09 11:40:41,40,41,3137,16995
2023-08-09 11:40:50,39,41,3137,16995
2023-08-09 11:40:52,39,40,3137,16995
2023-08-09 11:40:54,39,41,3137,16995
2023-08-09 11:40:54,39,40,3137,16995
2023-08-09 11:42:04,38,40,2937,17195
2023-08-09 11:42:05,38,39,2937,17195
2023-08-09 11:42:05,38,39,2927,17205
2023-08-09 11:42:08,38,40,2927,17205
2023-08-09 11:42:11,38,39,2927,17205
2023-08-09 11:42:14,38,40,2927,17205
2023-08-09 11:42:16,39,40,2927,17205
2023-08-09 11:42:17,38,40,2927,17205
2023-08-09 11:42:20,39,40,2927,17205
2023-08-09 11:42:27,38,40,2927,17205
2023-08-09 11:42:29,38,39,2927,17205
2023-08-09 11:42:31,38,40,2927,17205
2023-08-09 11:42:31,39,40,2927,17205
2023-08-09 11:42:32,38,40,2927,17205
2023-08-09 11:42:32,39,40,2927,17205
2023-08-09 11:42:33,38,40,2927,17205
2023-08-09 11:42:34,38,39,2927,17205
2023-08-09 11:42:36,38,40,2927,17205
2023-08-09 11:42:37,38,39,2927,17205
2023-08-09 11:42:40,38,40,2927,17205
2023-08-09 11:42:41,38,39,2927,17205
2023-08-09 11:42:45,38,40,2927,17205
2023-08-09 11:42:45,39,40,2927,17205
2023-08-09 11:42:46,38,40,2927,17205
2023-08-09 11:42:47,38,39,2927,17205
2023-08-09 11:42:51,38,40,2927,17205
2023-08-09 11:42:52,38,39,2927,17205
2023-08-09 11:42:55,38,40,2927,17205
2023-08-09 11:42:55,38,39,2927,17205
2023-08-09 11:43:02,38,40,2927,17205
2023-08-09 11:43:04,38,39,2927,17205
2023-08-09 11:43:05,38,40,2927,17205
2023-08-09 11:43:09,38,39,2927,17205
2023-08-09 11:43:11,38,40,2927,17205
2023-08-09 11:43:14,38,40,2934,17212
2023-08-09 11:43:17,37,40,2934,17212
2023-08-09 11:43:17,37,39,2934,17212
2023-08-09 11:43:20,38,39,2934,17212
2023-08-09 11:43:21,37,39,2934,17212
2023-08-09 11:43:45,38,39,2934,17212
2023-08-09 11:43:46,37,39,2934,17212
2023-08-09 11:43:50,38,39,2934,17212
2023-08-09 11:43:51,37,39,2934,17212
2023-08-09 11:44:10,38,39,2934,17212
2023-08-09 11:44:11,37,39,2934,17212
2023-08-09 11:44:50,38,39,2934,17212
2023-08-09 11:44:51,37,40,2934,17212
2023-08-09 11:44:51,37,39,2934,17212
2023-08-09 11:45:22,38,39,2934,17212
2023-08-09 11:45:22,38,40,2934,17212
2023-08-09 11:45:23,38,39,2934,17212
2023-08-09 11:45:33,38,39,2934,17212
2023-08-09 11:45:34,37,39,2934,17212
2023-08-09 11:45:36,38,39,2934,17212
2023-08-09 11:45:37,38,40,2934,17212
2023-08-09 11:45:37,38,39,2934,17212
2023-08-09 11:45:40,38,40,2934,17212
2023-08-09 11:45:40,38,39,2934,17212
2023-08-09 11:45:51,37,39,2934,17212
2023-08-09 11:45:57,38,39,2934,17212
2023-08-09 11:45:57,38,40,2934,17212
2023-08-09 11:45:58,38,39,2934,17212
2023-08-09 11:45:59,37,39,2934,17212
2023-08-09 11:46:08,37,38,2934,17212
2023-08-09 11:46:16,37,39,2934,17212
2023-08-09 11:46:17,37,39,2914,17232
2023-08-09 11:46:18,36,39,2914,17232
2023-08-09 11:46:19,36,38,2914,17232
2023-08-09 11:46:22,35,38,2914,17232
2023-08-09 11:46:29,35,37,2914,17232
2023-08-09 11:46:44,35,36,2914,17232
2023-08-09 11:46:56,34,36,2914,17482
2023-08-09 11:46:56,35,36,2914,17482
2023-08-09 11:46:56,34,35,2904,17492
2023-08-09 11:46:59,33,35,2904,17492
2023-08-09 11:47:00,33,34,2904,17492
2023-08-09 11:47:02,33,35,2904,17492
2023-08-09 11:47:02,33,34,2904,17492
2023-08-09 11:47:07,32,34,2800,17699
2023-08-09 11:47:08,33,34,2800,17699
2023-08-09 11:47:17,34,35,2750,17749
2023-08-09 11:47:17,34,35,2740,17759
