datetime,bid,ask,open_interest,volume
2023-05-23 09:30:29,30,38,2258,3299
2023-05-23 09:30:30,30,37,2258,3299
2023-05-23 09:30:30,37,38,2303,3344
2023-05-23 09:30:30,30,38,2303,3344
2023-05-23 09:30:36,38,39,2348,3389
2023-05-23 09:30:36,30,39,2348,3389
2023-05-23 09:30:53,39,45,2393,3434
2023-05-23 09:30:53,30,45,2393,3434
2023-05-23 09:30:56,30,40,2393,3434
2023-05-23 09:31:00,30,45,2393,3434
2023-05-23 09:31:00,30,35,2393,3434
2023-05-23 09:31:01,35,45,2438,3479
2023-05-23 09:31:01,30,45,2438,3479
2023-05-23 09:31:05,34,45,2438,3479
2023-05-23 09:31:05,34,41,2438,3479
2023-05-23 09:31:05,34,40,2438,3479
2023-05-23 09:31:05,36,39,2438,3479
2023-05-23 09:31:34,36,38,2438,3479
2023-05-23 09:31:55,35,37,2438,3479
2023-05-23 09:32:05,35,36,2438,3479
2023-05-23 09:32:15,35,37,2438,3479
2023-05-23 09:32:15,35,36,2438,3479
2023-05-23 09:32:37,34,36,2438,3479
2023-05-23 09:32:37,34,36,2288,3629
2023-05-23 09:32:49,34,35,2288,3629
2023-05-23 09:32:55,34,35,2038,3879
2023-05-23 09:33:05,33,35,2038,3879
2023-05-23 09:33:05,33,34,2038,3879
2023-05-23 09:33:08,34,35,2038,3929
2023-05-23 09:33:08,33,35,2038,3929
2023-05-23 09:33:32,35,36,2083,3974
2023-05-23 09:33:32,33,36,2083,3974
2023-05-23 09:33:33,33,36,2283,4174
2023-05-23 09:33:40,34,36,2283,4174
2023-05-23 09:34:10,34,36,2483,4374
2023-05-23 09:34:12,34,35,2483,4374
2023-05-23 09:34:12,34,36,2683,4574
2023-05-23 09:34:33,34,36,2829,4774
2023-05-23 09:35:04,35,36,2829,4774
2023-05-23 09:35:05,34,36,2829,4774
2023-05-23 09:35:30,33,34,2819,4784
2023-05-23 09:35:31,33,36,2819,4784
2023-05-23 09:35:35,32,33,2634,4969
2023-05-23 09:35:35,32,36,2634,4969
2023-05-23 09:35:36,32,35,2634,4969
2023-05-23 09:35:36,32,36,2634,4969
2023-05-23 09:35:36,33,36,2634,4969
2023-05-23 09:35:36,33,34,2634,4969
2023-05-23 09:35:37,32,34,2434,5169
2023-05-23 09:35:38,33,34,2434,5169
2023-05-23 09:35:43,34,36,2434,5214
2023-05-23 09:35:55,34,35,2434,5214
2023-05-23 09:35:57,34,36,2434,5214
2023-05-23 09:36:01,34,35,2434,5214
2023-05-23 09:36:34,33,35,2434,5214
2023-05-23 09:37:41,34,35,2434,5214
2023-05-23 09:38:08,35,36,2434,5259
2023-05-23 09:38:58,36,37,2434,5304
2023-05-23 09:39:55,35,37,2434,5304
2023-05-23 09:39:57,35,36,2434,5304
2023-05-23 09:40:17,34,35,2429,5309
2023-05-23 09:40:32,33,34,2424,5314
2023-05-23 09:40:32,33,35,2424,5314
2023-05-23 09:42:00,33,34,2424,5314
2023-05-23 09:42:04,33,34,2424,5324
2023-05-23 09:42:04,33,34,2424,5334
2023-05-23 09:42:05,33,34,2424,5424
2023-05-23 09:42:05,32,33,2383,5469
2023-05-23 09:42:05,32,34,2383,5469
2023-05-23 09:42:07,32,34,2183,5669
2023-05-23 09:42:14,32,33,2183,5669
2023-05-23 09:42:14,32,33,2168,5869
2023-05-23 09:42:16,31,32,2123,6014
2023-05-23 09:42:16,31,33,2123,6014
2023-05-23 09:42:55,32,33,2123,6014
2023-05-23 09:43:03,33,34,2168,6059
2023-05-23 09:43:03,32,34,2168,6059
2023-05-23 09:43:14,33,34,2168,6059
2023-05-23 09:43:44,34,35,2213,6104
2023-05-23 09:43:44,33,35,2368,6259
2023-05-23 09:44:58,33,35,2438,6459
2023-05-23 09:44:58,33,34,2438,6459
2023-05-23 09:44:59,33,34,2633,6659
2023-05-23 09:45:00,33,35,2633,6689
2023-05-23 09:45:00,33,35,2833,6889
2023-05-23 09:45:01,34,35,2833,6889
2023-05-23 09:45:01,34,35,2863,6919
2023-05-23 09:45:01,33,34,3058,7114
2023-05-23 09:45:02,32,33,3088,7144
2023-05-23 09:45:02,32,34,3088,7144
2023-05-23 09:45:02,33,34,3088,7144
2023-05-23 09:45:03,32,34,3088,7144
2023-05-23 09:45:03,32,34,3288,7344
2023-05-23 09:45:04,33,34,3288,7344
2023-05-23 09:45:04,32,33,3288,7349
2023-05-23 09:45:04,32,34,3288,7349
2023-05-23 09:45:05,32,33,3288,7349
2023-05-23 09:45:05,32,33,3443,7549
2023-05-23 09:45:06,32,34,3443,7549
2023-05-23 09:45:06,32,34,3643,7749
2023-05-23 09:45:07,32,33,3643,7749
2023-05-23 09:45:07,32,34,3643,7749
2023-05-23 09:45:07,31,32,3673,7779
2023-05-23 09:45:07,31,34,3673,7779
2023-05-23 09:45:08,32,34,3673,7779
2023-05-23 09:45:08,31,34,3703,7809
2023-05-23 09:45:08,31,33,3703,7809
2023-05-23 09:45:08,31,34,3703,7809
2023-05-23 09:45:09,31,33,3703,7809
2023-05-23 09:45:09,31,34,3703,7809
2023-05-23 09:45:10,32,34,3703,7809
2023-05-23 09:45:10,32,33,3703,7809
2023-05-23 09:45:10,32,33,3713,7819
2023-05-23 09:45:11,31,34,3733,7839
2023-05-23 09:45:11,31,33,3733,7839
2023-05-23 09:45:11,31,34,3733,7839
2023-05-23 09:45:12,31,33,3733,7839
2023-05-23 09:45:13,31,34,3733,7839
2023-05-23 09:45:14,31,33,3733,7839
2023-05-23 09:45:14,31,34,3733,7839
2023-05-23 09:45:19,33,34,3733,7839
2023-05-23 09:45:20,33,34,3808,7914
2023-05-23 09:45:32,31,33,3803,7994
2023-05-23 09:45:36,31,32,3803,7994
2023-05-23 09:45:37,32,33,3653,8144
2023-05-23 09:45:37,31,33,3653,8144
2023-05-23 09:45:39,31,33,3453,8344
2023-05-23 09:45:40,31,33,3253,8544
2023-05-23 09:45:41,31,34,3253,8544
2023-05-23 09:45:41,31,33,3253,8544
2023-05-23 09:45:42,33,34,3253,8549
2023-05-23 09:45:42,31,34,3253,8549
2023-05-23 09:45:45,31,34,3088,8749
2023-05-23 09:45:51,31,34,2888,8949
2023-05-23 09:45:52,32,34,2888,8949
2023-05-23 09:45:53,31,34,2888,8949
2023-05-23 09:45:54,31,34,2718,9149
2023-05-23 09:45:54,32,34,2718,9149
2023-05-23 09:45:55,32,34,2543,9349
2023-05-23 09:45:56,32,33,2543,9349
2023-05-23 09:45:56,33,34,2548,9354
2023-05-23 09:45:56,32,34,2548,9354
2023-05-23 09:45:58,32,35,2548,9354
2023-05-23 09:46:02,33,35,2548,9354
2023-05-23 09:46:08,33,34,2548,9354
2023-05-23 09:46:08,32,34,2548,9354
2023-05-23 09:46:09,34,35,2578,9384
2023-05-23 09:46:09,32,35,2578,9384
2023-05-23 09:46:09,32,34,2578,9384
2023-05-23 09:46:12,32,35,2578,9384
2023-05-23 09:46:13,32,34,2578,9384
2023-05-23 09:46:51,33,34,2578,9384
2023-05-23 09:47:24,34,35,2623,9529
2023-05-23 09:47:24,33,35,2623,9529
2023-05-23 09:48:05,34,35,2623,9529
2023-05-23 09:48:45,34,35,2623,9538
2023-05-23 09:49:00,34,35,2623,9588
2023-05-23 09:49:01,33,34,2617,9594
2023-05-23 09:49:04,33,35,2617,9594
2023-05-23 09:49:40,32,35,2617,9599
2023-05-23 09:49:41,32,34,2617,9599
2023-05-23 09:50:07,33,34,2617,9599
2023-05-23 09:50:09,32,34,2617,9599
2023-05-23 09:50:15,33,34,2617,9599
2023-05-23 09:50:16,32,34,2617,9599
2023-05-23 09:50:18,33,34,2617,9599
2023-05-23 09:50:25,34,35,2662,9644
2023-05-23 09:50:25,33,35,2662,9644
2023-05-23 09:51:17,33,34,2662,9644
2023-05-23 09:51:19,32,34,2662,9649
2023-05-23 09:51:22,32,33,2662,9649
2023-05-23 09:51:25,32,33,2717,9749
2023-05-23 09:51:25,32,33,2747,9779
2023-05-23 09:51:25,31,33,2747,9779
2023-05-23 09:51:26,31,32,2747,9779
2023-05-23 09:51:39,32,33,2767,9799
2023-05-23 09:51:44,32,34,2767,9799
2023-05-23 09:52:31,33,34,2767,9799
2023-05-23 09:52:43,33,34,2772,9999
2023-05-23 09:53:03,34,35,2812,10039
2023-05-23 09:53:04,33,35,2812,10039
2023-05-23 09:54:15,33,34,2812,10039
2023-05-23 09:54:59,32,33,2807,10044
2023-05-23 09:55:55,31,32,2762,10089
2023-05-23 09:55:56,31,33,2762,10089
2023-05-23 09:56:18,31,32,2762,10089
2023-05-23 09:56:58,32,33,2807,10134
2023-05-23 09:56:58,32,33,2812,10139
2023-05-23 09:57:02,31,33,2812,10139
2023-05-23 09:57:12,32,33,2812,10139
2023-05-23 09:57:24,32,33,2842,10169
2023-05-23 09:57:52,31,32,2797,10234
2023-05-23 09:57:52,31,33,2797,10234
2023-05-23 09:57:53,32,33,2797,10234
2023-05-23 09:57:56,33,34,2842,10279
2023-05-23 09:57:56,33,34,2947,10384
2023-05-23 09:58:19,32,34,2947,10384
2023-05-23 09:59:13,33,34,2947,10384
2023-05-23 09:59:58,34,35,3022,10459
2023-05-23 09:59:58,33,35,3022,10459
2023-05-23 09:59:58,33,34,3022,10459
2023-05-23 09:59:59,33,35,3022,10459
2023-05-23 09:59:59,34,35,3022,10459
2023-05-23 09:59:59,33,35,3022,10459
2023-05-23 10:00:00,33,35,3067,10659
2023-05-23 10:00:01,33,35,3097,10859
2023-05-23 10:00:02,33,34,3097,10859
2023-05-23 10:00:02,33,35,3127,11059
2023-05-23 10:00:03,33,34,3127,11059
2023-05-23 10:00:04,31,32,3153,11249
2023-05-23 10:00:05,31,33,3153,11249
2023-05-23 10:00:05,31,32,3153,11249
2023-05-23 10:00:06,31,32,3153,11279
2023-05-23 10:00:13,32,33,3103,11334
2023-05-23 10:00:13,32,33,3103,11349
2023-05-23 10:00:15,33,34,3103,11354
2023-05-23 10:00:15,33,34,3103,11444
2023-05-23 10:00:16,33,35,3103,11444
2023-05-23 10:00:16,32,35,3103,11444
2023-05-23 10:00:16,32,34,3103,11444
2023-05-23 10:00:16,33,34,3103,11444
2023-05-23 10:00:33,32,33,3098,11499
2023-05-23 10:00:33,32,34,3098,11499
2023-05-23 10:00:54,33,34,3098,11499
2023-05-23 10:00:54,32,34,3098,11499
2023-05-23 10:00:58,33,34,3098,11499
2023-05-23 10:00:58,32,34,3297,11699
2023-05-23 10:01:00,33,34,3297,11699
2023-05-23 10:01:00,32,34,3297,11899
2023-05-23 10:01:01,32,34,3252,12099
2023-05-23 10:01:08,32,33,3252,12099
2023-05-23 10:01:25,31,32,3162,12189
2023-05-23 10:01:26,31,33,3162,12189
2023-05-23 10:01:27,32,33,3162,12189
2023-05-23 10:01:27,31,32,3162,12192
2023-05-23 10:01:27,31,33,3162,12192
2023-05-23 10:01:28,31,33,3037,12392
2023-05-23 10:02:50,31,33,3143,12563
2023-05-23 10:02:50,30,31,3270,12690
2023-05-23 10:03:19,31,32,3359,12779
2023-05-23 10:03:45,32,33,3404,12854
2023-05-23 10:03:45,32,33,3409,12859
2023-05-23 10:04:48,33,34,3454,12904
2023-05-23 10:05:03,34,35,3499,12949
2023-05-23 10:05:03,34,36,3499,12949
2023-05-23 10:05:03,34,36,3504,12954
2023-05-23 10:05:03,34,35,3504,12954
2023-05-23 10:05:03,34,36,3504,12954
2023-05-23 10:05:05,35,36,3504,12954
2023-05-23 10:05:05,35,36,3555,13005
2023-05-23 10:05:10,35,37,3555,13005
2023-05-23 10:05:10,35,36,3555,13005
2023-05-23 10:06:06,33,35,3550,13059
2023-05-23 10:07:22,34,35,3550,13059
2023-05-23 10:07:25,35,36,3595,13104
2023-05-23 10:07:25,35,36,3600,13109
2023-05-23 10:07:25,35,36,3605,13114
2023-05-23 10:07:42,33,35,3600,13164
2023-05-23 10:07:43,33,36,3600,13164
2023-05-23 10:07:46,33,35,3600,13164
2023-05-23 10:08:11,33,34,3600,13164
2023-05-23 10:08:15,33,35,3600,13164
2023-05-23 10:08:16,33,34,3600,13164
2023-05-23 10:08:23,33,34,3693,13267
2023-05-23 10:08:28,32,34,3693,13267
2023-05-23 10:08:29,32,33,3693,13267
2023-05-23 10:10:31,31,33,3693,13267
2023-05-23 10:10:49,32,33,3693,13267
2023-05-23 10:11:41,33,34,3738,13312
2023-05-23 10:13:50,34,35,3783,13357
2023-05-23 10:15:38,35,36,3828,13402
2023-05-23 10:15:46,36,37,3873,13447
2023-05-23 10:15:46,35,37,3873,13447
2023-05-23 10:15:50,36,37,3873,13447
2023-05-23 10:15:54,37,38,3918,13492
2023-05-23 10:15:54,36,38,4073,13647
2023-05-23 10:15:57,36,39,4073,13647
2023-05-23 10:15:57,37,39,4073,13647
2023-05-23 10:16:03,38,39,4073,13647
2023-05-23 10:16:06,39,40,4118,13692
2023-05-23 10:16:39,38,39,4113,13697
2023-05-23 10:16:41,37,38,4108,13802
2023-05-23 10:16:42,37,38,4138,14002
2023-05-23 10:16:43,37,39,4138,14002
2023-05-23 10:16:44,37,38,4138,14002
2023-05-23 10:16:45,37,38,4139,14003
2023-05-23 10:17:20,35,37,4104,14138
2023-05-23 10:17:21,35,38,4104,14138
2023-05-23 10:17:50,35,37,4104,14138
2023-05-23 10:17:54,35,36,4104,14138
2023-05-23 10:17:55,35,37,4104,14138
2023-05-23 10:18:01,35,36,4104,14138
2023-05-23 10:18:02,34,35,4068,14174
2023-05-23 10:18:03,34,36,4068,14174
2023-05-23 10:18:04,34,35,4068,14174
2023-05-23 10:20:05,33,34,4032,14210
2023-05-23 10:20:05,33,35,4032,14210
2023-05-23 10:20:13,33,34,4032,14210
2023-05-23 10:20:14,33,35,4032,14210
2023-05-23 10:20:22,33,34,4032,14210
2023-05-23 10:20:32,33,35,4032,14210
2023-05-23 10:21:23,33,34,4032,14210
2023-05-23 10:21:27,33,35,4032,14210
2023-05-23 10:22:23,34,35,4032,14210
2023-05-23 10:22:52,35,36,4077,14255
2023-05-23 10:23:02,36,37,4122,14300
2023-05-23 10:23:03,35,37,4122,14300
2023-05-23 10:23:04,36,37,4122,14300
2023-05-23 10:23:42,35,37,4122,14300
2023-05-23 10:23:44,35,36,4122,14300
2023-05-23 10:24:16,34,36,4122,14300
2023-05-23 10:24:39,35,36,4122,14300
2023-05-23 10:24:42,34,36,4122,14300
2023-05-23 10:24:57,34,37,4127,14305
2023-05-23 10:24:58,34,36,4127,14305
2023-05-23 10:24:59,35,36,4127,14305
2023-05-23 10:25:11,36,37,4132,14310
2023-05-23 10:25:19,35,37,4132,14310
2023-05-23 10:28:48,37,38,4177,14355
2023-05-23 10:28:48,37,38,4182,14360
2023-05-23 10:28:48,37,38,4187,14365
2023-05-23 10:28:49,37,38,4277,14455
2023-05-23 10:28:49,35,37,4332,14510
2023-05-23 10:28:50,35,37,4332,14515
2023-05-23 10:29:02,36,37,4332,14515
2023-05-23 10:29:08,37,38,4367,14550
2023-05-23 10:29:13,38,39,4442,14625
2023-05-23 10:29:43,36,39,4442,14625
2023-05-23 10:30:14,37,39,4442,14625
2023-05-23 10:30:36,38,39,4442,14625
2023-05-23 10:30:38,38,39,4512,14695
2023-05-23 10:30:38,38,40,4547,14730
2023-05-23 10:30:38,39,40,4547,14730
2023-05-23 10:31:10,40,41,4622,14805
2023-05-23 10:31:10,39,41,4622,14805
2023-05-23 10:31:14,39,41,4622,15005
2023-05-23 10:31:15,41,42,4652,15035
2023-05-23 10:31:15,39,42,4652,15035
2023-05-23 10:31:16,40,42,4652,15035
2023-05-23 10:31:25,41,42,4652,15035
2023-05-23 10:31:25,41,42,4692,15075
2023-05-23 10:32:38,41,42,4727,15110
2023-05-23 10:32:38,41,42,4977,15360
2023-05-23 10:32:39,40,42,5052,15440
2023-05-23 10:32:42,40,41,5052,15440
2023-05-23 10:32:43,40,42,5052,15440
2023-05-23 10:32:45,40,41,5052,15440
2023-05-23 10:32:58,39,41,5052,15445
2023-05-23 10:32:58,39,41,5176,15574
2023-05-23 10:32:59,39,40,5176,15574
2023-05-23 10:34:13,39,40,5176,15774
2023-05-23 10:34:24,37,40,5176,15774
2023-05-23 10:35:28,37,39,5176,15774
2023-05-23 10:35:33,37,40,5176,15774
2023-05-23 10:36:13,38,40,5176,15774
2023-05-23 10:36:27,39,40,5176,15774
2023-05-23 10:36:27,38,40,5376,15974
2023-05-23 10:38:17,38,39,5376,15974
2023-05-23 10:39:12,38,39,5516,16119
2023-05-23 10:39:14,37,38,5516,16179
2023-05-23 10:39:30,36,37,5511,16184
2023-05-23 10:42:11,37,38,5516,16189
2023-05-23 10:42:26,38,39,5521,16194
2023-05-23 10:42:26,37,39,5521,16194
2023-05-23 10:44:25,37,38,5521,16194
2023-05-23 10:45:53,38,39,5526,16199
2023-05-23 10:45:53,37,39,5526,16199
2023-05-23 10:46:17,38,39,5526,16199
2023-05-23 10:47:09,39,40,5531,16204
2023-05-23 10:47:09,38,40,5531,16204
2023-05-23 10:47:12,39,40,5531,16204
2023-05-23 10:48:37,38,40,5531,16204
2023-05-23 10:48:37,38,39,5531,16204
2023-05-23 10:50:02,39,40,5536,16209
2023-05-23 10:50:02,38,40,5536,16209
2023-05-23 10:50:07,39,40,5536,16209
2023-05-23 10:50:08,40,41,5541,16214
2023-05-23 10:50:08,39,41,5541,16214
2023-05-23 10:50:37,40,41,5541,16214
2023-05-23 10:50:38,39,41,5541,16214
2023-05-23 10:50:39,40,41,5541,16214
2023-05-23 10:50:43,41,42,5586,16259
2023-05-23 10:50:43,40,42,5586,16259
2023-05-23 10:50:47,41,42,5586,16259
2023-05-23 10:50:49,42,43,5661,16334
2023-05-23 10:50:49,41,43,5661,16334
2023-05-23 10:50:53,41,44,5661,16334
2023-05-23 10:50:54,41,43,5661,16334
2023-05-23 10:50:59,42,43,5661,16334
2023-05-23 10:50:59,43,44,5706,16379
2023-05-23 10:50:59,42,44,5706,16379
2023-05-23 10:51:00,43,44,5706,16379
2023-05-23 10:51:00,43,44,5706,16779
2023-05-23 10:51:03,43,44,5706,16979
2023-05-23 10:51:03,43,44,5711,16984
2023-05-23 10:51:04,43,44,5821,17094
2023-05-23 10:51:04,44,46,5866,17139
2023-05-23 10:51:04,43,46,5866,17139
2023-05-23 10:51:04,43,46,5971,17249
2023-05-23 10:51:06,44,46,5971,17249
2023-05-23 10:51:07,44,46,5971,17449
2023-05-23 10:51:28,44,45,5971,17449
2023-05-23 10:52:13,43,44,5966,17454
2023-05-23 10:52:24,42,43,5961,17459
2023-05-23 10:55:00,43,44,5966,17464
2023-05-23 10:55:00,42,44,5966,17464
2023-05-23 10:55:20,44,45,5971,17469
2023-05-23 10:56:00,45,46,6016,17514
2023-05-23 10:56:00,44,46,6016,17514
2023-05-23 10:56:01,44,45,6016,17514
2023-05-23 10:56:52,44,45,6016,17714
2023-05-23 10:57:22,42,45,6016,17714
2023-05-23 10:58:20,42,44,6016,17714
2023-05-23 10:58:24,42,45,6016,17714
2023-05-23 10:58:27,42,44,6016,17714
2023-05-23 10:58:34,42,45,6016,17714
2023-05-23 10:59:02,43,45,6016,17714
2023-05-23 10:59:31,44,45,6016,17714
2023-05-23 11:00:06,43,44,5861,17869
2023-05-23 11:00:07,43,45,5861,17869
2023-05-23 11:00:20,43,44,5861,17869
2023-05-23 11:00:26,43,45,5861,17869
2023-05-23 11:00:26,43,44,5861,17869
2023-05-23 11:00:47,42,43,5856,17874
2023-05-23 11:01:00,41,43,5856,17874
2023-05-23 11:01:07,41,42,5856,17874
2023-05-23 11:02:50,40,42,5856,17874
2023-05-23 11:02:53,39,42,5856,17954
2023-05-23 11:02:53,39,40,5856,17954
2023-05-23 11:03:44,38,40,5856,18079
2023-05-23 11:03:58,38,40,5857,18080
2023-05-23 11:05:16,39,40,5857,18080
2023-05-23 11:05:19,40,41,5929,18152
2023-05-23 11:05:37,39,40,5884,18197
2023-05-23 11:05:37,39,41,5884,18197
2023-05-23 11:06:11,39,40,5884,18197
2023-05-23 11:06:15,38,40,5884,18242
2023-05-23 11:06:15,38,39,5884,18242
2023-05-23 11:07:06,36,39,5884,18242
2023-05-23 11:07:14,36,38,5884,18242
2023-05-23 11:08:33,36,37,5884,18242
2023-05-23 11:09:01,37,38,5889,18247
2023-05-23 11:09:01,37,38,5964,18322
2023-05-23 11:09:10,38,39,5969,18327
2023-05-23 11:09:23,37,38,5964,18332
2023-05-23 11:09:23,37,39,5964,18332
2023-05-23 11:10:49,37,39,6054,18432
2023-05-23 11:10:51,37,40,6054,18432
2023-05-23 11:10:51,38,40,6054,18432
2023-05-23 11:10:51,39,40,6054,18432
2023-05-23 11:11:05,40,41,6099,18477
2023-05-23 11:11:05,39,41,6154,18532
2023-05-23 11:11:49,39,41,6179,18557
2023-05-23 11:11:57,38,41,6179,18587
2023-05-23 11:11:57,38,39,6179,18587
2023-05-23 11:13:13,39,41,6202,18610
2023-05-23 11:13:19,38,41,6202,18610
2023-05-23 11:13:20,39,41,6202,18610
2023-05-23 11:13:24,38,41,6202,18610
2023-05-23 11:13:24,39,41,6202,18610
2023-05-23 11:13:25,40,41,6202,18610
2023-05-23 11:13:31,39,41,6402,18815
2023-05-23 11:13:31,39,40,6402,18815
2023-05-23 11:13:58,39,40,6602,19015
2023-05-23 11:14:00,40,41,6617,19030
2023-05-23 11:14:00,39,41,6617,19030
2023-05-23 11:14:08,40,41,6617,19030
2023-05-23 11:14:09,39,41,6617,19030
2023-05-23 11:14:11,40,41,6617,19030
2023-05-23 11:14:18,39,41,6617,19030
2023-05-23 11:14:24,40,41,6617,19030
2023-05-23 11:15:25,39,40,6612,19035
2023-05-23 11:15:25,39,41,6612,19035
2023-05-23 11:16:47,40,41,6612,19035
2023-05-23 11:16:50,39,41,6612,19035
2023-05-23 11:18:31,40,41,6612,19035
2023-05-23 11:18:33,39,41,6612,19035
2023-05-23 11:18:34,40,41,6612,19035
2023-05-23 11:19:55,41,42,6657,19080
2023-05-23 11:19:59,42,43,6702,19125
2023-05-23 11:19:59,42,44,6702,19125
2023-05-23 11:20:38,42,43,6702,19125
2023-05-23 11:20:47,40,43,6702,19125
2023-05-23 11:20:50,40,42,6702,19125
2023-05-23 11:22:05,40,41,6702,19125
2023-05-23 11:22:08,39,40,6697,19130
2023-05-23 11:23:02,38,39,6692,19135
2023-05-23 11:23:15,38,39,6642,19335
2023-05-23 11:23:18,38,39,6642,19535
2023-05-23 11:23:22,36,38,6592,19635
2023-05-23 11:23:22,36,39,6592,19635
2023-05-23 11:23:24,36,38,6592,19635
2023-05-23 11:23:35,36,38,6592,19835
2023-05-23 11:23:35,36,37,6592,19835
2023-05-23 11:23:39,36,37,6592,20035
2023-05-23 11:24:05,35,37,6592,20110
2023-05-23 11:24:12,35,36,6592,20110
2023-05-23 11:29:07,34,35,6517,20185
2023-05-23 11:29:07,34,36,6517,20185
2023-05-23 11:29:07,34,35,6517,20185
2023-05-23 11:29:40,35,36,6522,20220
2023-05-23 11:29:42,34,35,6447,20360
2023-05-23 11:29:42,34,36,6447,20360
2023-05-23 11:30:07,35,36,6447,20360
2023-05-23 11:30:11,34,36,6447,20360
2023-05-23 11:31:42,35,36,6447,20360
2023-05-23 11:31:43,35,36,6492,20460
2023-05-23 11:31:44,35,36,6492,20560
2023-05-23 11:31:46,35,37,6492,20560
2023-05-23 11:31:46,35,36,6492,20560
2023-05-23 11:31:47,36,37,6537,20605
2023-05-23 11:31:56,35,37,6537,20605
2023-05-23 11:33:33,36,37,6537,20605
2023-05-23 11:35:07,37,38,6582,20650
2023-05-23 11:35:07,37,38,6614,20682
2023-05-23 11:35:31,38,39,6659,20727
2023-05-23 11:40:07,37,38,6559,20827
2023-05-23 11:40:07,37,39,6559,20827
2023-05-23 11:40:29,36,37,6499,20887
2023-05-23 11:40:29,36,39,6499,20887
2023-05-23 11:40:34,37,39,6499,20887
2023-05-23 11:40:36,36,39,6499,20887
2023-05-23 11:40:36,37,39,6499,20887
2023-05-23 11:41:29,36,37,6494,20892
2023-05-23 11:41:29,36,39,6494,20892
2023-05-23 11:41:37,36,38,6494,20892
2023-05-23 11:41:42,35,36,6434,20952
2023-05-23 11:41:42,35,38,6434,20952
2023-05-23 11:42:45,35,37,6434,20952
2023-05-23 11:42:55,34,35,6374,21012
2023-05-23 11:42:55,34,37,6374,21012
2023-05-23 11:43:42,34,36,6374,21012
2023-05-23 11:43:46,33,34,6369,21017
2023-05-23 11:43:46,33,36,6369,21017
2023-05-23 11:44:01,33,36,6369,21217
2023-05-23 11:44:06,33,36,6369,21417
2023-05-23 11:44:45,33,35,6369,21417
2023-05-23 11:45:37,32,33,6364,21422
2023-05-23 11:45:37,32,35,6364,21422
2023-05-23 11:45:43,32,34,6364,21422
2023-05-23 11:45:49,33,34,6364,21422
2023-05-23 11:45:51,33,34,6464,21522
2023-05-23 11:45:53,32,34,6464,21522
2023-05-23 11:45:53,34,35,6509,21567
2023-05-23 11:45:59,33,35,6509,21567
2023-05-23 11:46:03,33,35,6554,21667
2023-05-23 11:46:04,33,36,6554,21667
2023-05-23 11:46:05,34,36,6554,21667
2023-05-23 11:46:26,35,36,6554,21667
2023-05-23 11:46:29,36,37,6599,21712
2023-05-23 11:46:34,37,38,6644,21757
2023-05-23 11:46:35,37,39,6644,21757
2023-05-23 11:46:50,37,38,6644,21757
2023-05-23 11:47:31,37,38,6666,21784
2023-05-23 11:48:13,38,39,6711,21829
2023-05-23 11:48:32,37,39,6711,21829
2023-05-23 11:50:28,39,40,6756,21874
2023-05-23 11:50:28,39,40,6796,21914
2023-05-23 11:51:29,40,41,6841,21959
2023-05-23 11:51:29,40,41,6921,22039
2023-05-23 11:51:30,39,41,6921,22039
2023-05-23 11:51:33,41,42,6966,22084
2023-05-23 11:51:33,39,42,6966,22084
2023-05-23 11:51:34,40,42,6966,22084
2023-05-23 11:51:37,41,42,6966,22084
2023-05-23 11:51:41,42,43,7011,22129
2023-05-23 11:51:41,41,43,7011,22129
2023-05-23 11:54:38,41,42,7011,22129
2023-05-23 11:54:43,41,43,7011,22129
2023-05-23 11:54:44,41,42,7011,22129
2023-05-23 11:54:47,40,42,7011,22129
2023-05-23 11:54:55,40,41,7011,22129
2023-05-23 11:55:18,39,40,7006,22134
2023-05-23 11:55:46,38,40,7006,22134
2023-05-23 11:55:54,38,39,7006,22134
2023-05-23 11:55:57,38,40,7006,22134
2023-05-23 11:55:59,38,39,7006,22134
2023-05-23 11:56:00,38,40,7006,22134
2023-05-23 11:56:17,38,39,7006,22134
2023-05-23 11:56:21,37,38,6956,22184
2023-05-23 11:56:21,37,39,6956,22184
2023-05-23 11:56:50,36,37,6866,22274
2023-05-23 11:56:50,36,39,6866,22274
2023-05-23 11:56:57,37,39,6866,22274
2023-05-23 11:57:21,36,37,6781,22359
2023-05-23 11:58:02,36,37,6781,22462
2023-05-23 11:58:02,35,36,6754,22489
2023-05-23 11:58:02,35,37,6754,22489
2023-05-23 11:58:14,35,37,6845,22689
2023-05-23 11:58:14,35,36,6845,22689
2023-05-23 11:58:16,35,36,7045,22889
2023-05-23 11:58:17,35,36,7245,23089
2023-05-23 11:58:19,33,35,7245,23094
2023-05-23 11:58:19,33,36,7245,23094
2023-05-23 11:58:19,33,35,7245,23094
2023-05-23 11:58:43,34,35,7245,23094
2023-05-23 11:59:03,35,36,7250,23099
2023-05-23 11:59:12,34,36,7250,23099
2023-05-23 11:59:33,35,36,7250,23099
2023-05-23 11:59:35,36,37,7295,23144
2023-05-23 11:59:38,36,37,7340,23244
2023-05-23 11:59:40,36,37,7340,23344
2023-05-23 11:59:40,37,39,7265,23419
2023-05-23 11:59:40,36,39,7265,23419
2023-05-23 11:59:41,36,37,7265,23419
2023-05-23 11:59:41,37,39,7265,23464
2023-05-23 11:59:41,36,39,7265,23464
2023-05-23 11:59:42,37,39,7265,23464
2023-05-23 11:59:45,37,40,7265,23464
2023-05-23 11:59:45,37,39,7265,23464
2023-05-23 12:00:05,37,38,7265,23464
2023-05-23 12:00:18,37,38,7465,23664
2023-05-23 12:00:21,36,38,7465,23664
2023-05-23 12:01:01,35,38,7465,23664
2023-05-23 12:01:15,35,37,7465,23664
2023-05-23 12:02:03,34,37,7465,23664
2023-05-23 12:02:47,35,37,7465,23664
2023-05-23 12:02:57,37,38,7470,23669
2023-05-23 12:03:10,38,39,7490,23689
2023-05-23 12:03:51,39,40,7535,23734
2023-05-23 12:04:08,40,41,7535,23754
2023-05-23 12:04:08,39,41,7535,23754
2023-05-23 12:04:16,40,41,7535,23754
2023-05-23 12:04:26,41,42,7535,23774
2023-05-23 12:04:26,40,42,7535,23774
2023-05-23 12:04:28,41,42,7535,23774
2023-05-23 12:05:06,42,43,7535,23794
2023-05-23 12:05:06,41,43,7535,23794
2023-05-23 12:05:37,42,43,7535,23794
2023-05-23 12:05:46,43,44,7535,23814
2023-05-23 12:05:46,42,44,7535,23814
2023-05-23 12:06:01,43,44,7535,23814
2023-05-23 12:06:02,44,45,7535,23834
2023-05-23 12:06:02,43,45,7535,23834
2023-05-23 12:06:02,43,44,7535,23834
2023-05-23 12:06:03,44,45,7595,23894
2023-05-23 12:06:04,45,47,7595,23914
2023-05-23 12:06:04,44,47,7595,23914
2023-05-23 12:06:18,44,47,7595,23915
2023-05-23 12:06:18,45,47,7595,23915
2023-05-23 12:06:42,46,47,7595,23915
2023-05-23 12:06:46,47,48,7595,23935
2023-05-23 12:06:46,46,48,7595,23935
2023-05-23 12:06:46,47,48,7595,23935
2023-05-23 12:06:49,47,49,7595,23935
2023-05-23 12:06:57,47,48,7595,23935
2023-05-23 12:07:27,46,47,7590,23940
2023-05-23 12:08:30,45,46,7585,23945
2023-05-23 12:08:38,44,45,7580,23950
2023-05-23 12:09:50,45,46,7580,23955
2023-05-23 12:09:50,44,46,7580,23955
2023-05-23 12:09:50,45,46,7580,23955
2023-05-23 12:10:12,46,47,7580,23960
2023-05-23 12:10:12,45,47,7580,23960
2023-05-23 12:10:12,46,47,7580,23960
2023-05-23 12:10:13,47,48,7580,23965
2023-05-23 12:10:13,46,48,7580,23965
2023-05-23 12:10:26,47,48,7580,23965
2023-05-23 12:10:28,48,49,7580,23985
2023-05-23 12:10:28,47,49,7580,23985
2023-05-23 12:10:45,47,49,7590,23995
2023-05-23 12:11:12,48,49,7590,23995
2023-05-23 12:11:40,49,50,7590,24015
2023-05-23 12:11:40,48,50,7590,24015
2023-05-23 12:11:40,49,50,7590,24015
2023-05-23 12:12:17,48,49,7585,24020
2023-05-23 12:12:35,48,50,7615,24050
2023-05-23 12:12:38,49,50,7615,24050
2023-05-23 12:12:58,48,49,7615,24055
2023-05-23 12:13:16,47,48,7615,24060
2023-05-23 12:13:59,46,47,7594,24081
2023-05-23 12:14:02,46,48,7594,24081
2023-05-23 12:14:02,46,47,7594,24081
2023-05-23 12:14:25,45,47,7594,24081
2023-05-23 12:14:40,45,46,7594,24081
2023-05-23 12:14:43,45,47,7594,24081
2023-05-23 12:15:36,45,46,7594,24081
2023-05-23 12:15:58,45,47,7604,24294
2023-05-23 12:16:15,45,46,7604,24294
2023-05-23 12:16:21,44,46,7604,24294
2023-05-23 12:16:33,44,47,7642,24502
2023-05-23 12:16:33,45,47,7642,24502
2023-05-23 12:16:46,46,47,7642,24502
2023-05-23 12:16:58,45,46,7642,24525
2023-05-23 12:16:58,45,47,7642,24525
2023-05-23 12:18:06,46,47,7642,24525
2023-05-23 12:18:10,45,47,7642,24525
2023-05-23 12:18:10,46,47,7642,24525
2023-05-23 12:18:46,47,48,7642,24530
2023-05-23 12:18:49,47,48,7622,24730
2023-05-23 12:18:56,47,49,7622,24730
2023-05-23 12:19:57,47,48,7622,24730
2023-05-23 12:20:21,46,48,7622,24730
2023-05-23 12:25:39,47,48,7622,24730
2023-05-23 12:26:35,48,49,7627,24735
2023-05-23 12:26:35,48,49,7652,24760
2023-05-23 12:26:36,49,50,7657,24765
2023-05-23 12:26:36,49,50,7672,24780
2023-05-23 12:27:04,50,52,7677,24785
2023-05-23 12:28:08,51,52,7677,24785
2023-05-23 12:28:14,52,53,7697,24805
2023-05-23 12:28:15,51,53,7697,24805
2023-05-23 12:28:25,52,53,7697,24805
2023-05-23 12:28:34,52,53,7538,25005
2023-05-23 12:28:34,52,53,7538,25205
2023-05-23 12:28:37,51,53,7538,25205
2023-05-23 12:28:40,52,53,7538,25205
2023-05-23 12:28:44,53,54,7538,25225
2023-05-23 12:28:44,52,54,7538,25225
2023-05-23 12:28:44,52,53,7538,25225
2023-05-23 12:29:01,53,54,7538,25231
2023-05-23 12:29:01,52,54,7538,25231
2023-05-23 12:29:37,53,54,7538,25231
2023-05-23 12:29:38,54,55,7538,25251
2023-05-23 12:29:38,53,55,7538,25251
2023-05-23 12:29:45,52,55,7538,25251
2023-05-23 12:30:14,53,55,7538,25251
2023-05-23 12:30:15,52,55,7538,25251
2023-05-23 12:30:18,53,55,7538,25251
2023-05-23 12:30:21,55,56,7538,25271
2023-05-23 12:30:21,53,56,7538,25271
2023-05-23 12:30:23,54,56,7538,25271
2023-05-23 12:30:25,53,56,7538,25271
2023-05-23 12:30:33,53,55,7538,25271
2023-05-23 12:30:34,52,53,7538,25276
2023-05-23 12:31:40,53,54,7538,25281
2023-05-23 12:31:40,52,54,7538,25281
2023-05-23 12:32:48,53,54,7538,25281
2023-05-23 12:32:53,54,55,7538,25286
2023-05-23 12:32:53,53,55,7538,25286
2023-05-23 12:33:55,54,55,7538,25286
2023-05-23 12:33:56,55,56,7538,25291
2023-05-23 12:33:56,54,56,7538,25291
2023-05-23 12:33:57,54,56,7435,25491
2023-05-23 12:33:58,55,56,7435,25491
2023-05-23 12:33:59,55,56,7435,25691
2023-05-23 12:34:01,55,56,7435,25886
2023-05-23 12:34:01,55,56,7435,26086
2023-05-23 12:34:01,55,58,7435,26086
2023-05-23 12:34:04,55,56,7435,26086
2023-05-23 12:34:04,56,58,7440,26091
2023-05-23 12:34:04,55,58,7440,26091
2023-05-23 12:34:07,56,58,7440,26091
2023-05-23 12:34:28,56,58,7440,26218
2023-05-23 12:34:44,57,58,7440,26218
2023-05-23 12:34:47,56,58,7440,26218
2023-05-23 12:35:06,57,58,7440,26218
2023-05-23 12:35:06,58,59,7460,26238
2023-05-23 12:35:06,57,59,7460,26238
2023-05-23 12:35:15,56,57,7625,26403
2023-05-23 12:35:16,56,57,7625,26408
2023-05-23 12:35:17,56,57,7825,26608
2023-05-23 12:35:21,57,59,7877,26660
2023-05-23 12:35:21,56,59,7877,26660
2023-05-23 12:35:22,57,59,7877,26660
2023-05-23 12:35:45,59,60,7897,26680
2023-05-23 12:35:45,57,60,7897,26680
2023-05-23 12:35:45,58,60,7897,26680
2023-05-23 12:35:45,59,60,7897,26680
2023-05-23 12:35:48,58,59,8097,26885
2023-05-23 12:35:49,58,59,8297,27085
2023-05-23 12:35:49,59,60,8425,27213
2023-05-23 12:35:51,60,61,8445,27233
2023-05-23 12:35:52,60,61,8495,27283
2023-05-23 12:35:52,60,62,8495,27283
2023-05-23 12:35:54,61,62,8495,27283
2023-05-23 12:35:54,61,62,8512,27300
2023-05-23 12:35:55,60,62,8712,27500
2023-05-23 12:36:05,60,62,8988,27776
2023-05-23 12:36:09,60,61,8988,27776
2023-05-23 12:36:10,60,62,8988,27776
2023-05-23 12:36:10,59,60,8983,27855
2023-05-23 12:36:11,59,60,8983,28055
2023-05-23 12:36:12,59,60,8983,28255
2023-05-23 12:36:13,59,60,8983,28455
2023-05-23 12:36:14,59,61,8983,28455
2023-05-23 12:36:15,59,60,8983,28455
2023-05-23 12:36:21,58,59,9109,28586
2023-05-23 12:36:40,57,58,9104,28591
2023-05-23 12:36:50,57,58,9099,28791
2023-05-23 12:37:14,58,59,9104,28826
2023-05-23 12:37:14,57,59,9104,28826
2023-05-23 12:37:28,59,60,9109,28831
2023-05-23 12:37:28,57,60,9109,28831
2023-05-23 12:37:28,58,60,9109,28831
2023-05-23 12:37:50,60,61,9114,28836
2023-05-23 12:37:50,58,61,9114,28836
2023-05-23 12:38:01,58,60,9114,28836
2023-05-23 12:38:01,58,60,9117,29036
2023-05-23 12:38:01,58,60,9137,29056
2023-05-23 12:38:02,58,60,9137,29256
2023-05-23 12:38:04,59,60,9137,29436
2023-05-23 12:38:04,58,60,9157,29456
2023-05-23 12:38:06,57,60,9187,29491
2023-05-23 12:38:06,57,59,9187,29491
2023-05-23 12:38:14,57,59,9188,29492
2023-05-23 12:38:22,60,61,9192,29526
2023-05-23 12:38:22,60,61,9212,29546
2023-05-23 12:38:28,60,61,9262,29596
2023-05-23 12:38:30,60,61,9392,29726
2023-05-23 12:38:43,60,62,9392,29726
2023-05-23 12:38:43,60,62,9427,29766
2023-05-23 12:38:48,59,62,9427,29766
2023-05-23 12:38:48,60,62,9427,29766
2023-05-23 12:38:57,60,63,9427,29766
2023-05-23 12:38:57,60,62,9427,29766
2023-05-23 12:39:01,60,62,9482,29821
2023-05-23 12:39:01,60,62,9512,29851
2023-05-23 12:39:05,60,62,9582,29921
2023-05-23 12:39:55,60,62,9582,30014
2023-05-23 12:39:56,60,61,9582,30014
2023-05-23 12:40:07,61,62,9582,30107
2023-05-23 12:40:09,61,62,9582,30200
2023-05-23 12:40:09,61,62,9582,30293
2023-05-23 12:40:10,61,62,9582,30386
2023-05-23 12:40:51,60,61,9572,30424
2023-05-23 12:42:51,58,59,9562,31064
2023-05-23 12:43:03,57,59,9557,31099
2023-05-23 12:43:19,57,58,9557,31099
2023-05-23 12:43:37,54,58,9557,31099
2023-05-23 12:43:37,54,59,9557,31099
2023-05-23 12:43:38,54,57,9557,31099
2023-05-23 12:43:45,54,58,9557,31099
2023-05-23 12:43:45,54,56,9557,31099
2023-05-23 12:43:57,54,58,9557,31099
2023-05-23 12:43:57,54,55,9557,31099
2023-05-23 12:44:02,52,55,9557,31099
2023-05-23 12:44:14,55,57,9562,31164
2023-05-23 12:44:14,55,58,9562,31164
2023-05-23 12:44:22,58,59,9597,31199
2023-05-23 12:44:29,59,60,9647,31249
2023-05-23 12:44:40,60,61,9697,31899
2023-05-23 12:44:55,60,61,9697,31999
2023-05-23 12:44:59,60,61,9697,32199
2023-05-23 12:45:01,60,61,9697,32299
2023-05-23 12:45:03,60,61,9697,32399
2023-05-23 12:45:05,60,61,9697,32499
2023-05-23 12:45:28,59,60,9692,33104
2023-05-23 12:45:28,58,60,9592,33704
2023-05-23 12:45:29,58,59,9592,33704
2023-05-23 12:45:29,58,59,9659,33771
2023-05-23 12:45:30,57,58,9722,33834
2023-05-23 12:46:05,59,60,9839,33981
2023-05-23 12:46:05,59,60,9877,34019
2023-05-23 12:46:16,59,60,9888,34030
2023-05-23 12:46:17,59,60,9899,34041
2023-05-23 12:46:18,59,60,9988,34130
2023-05-23 12:46:19,59,60,10034,34176
2023-05-23 12:46:43,59,60,10042,34184
2023-05-23 12:47:09,59,60,10067,34209
2023-05-23 12:47:17,59,60,10067,34409
2023-05-23 12:47:18,59,60,10067,34609
2023-05-23 12:47:18,59,60,10237,34779
2023-05-23 12:47:18,59,60,10265,34807
2023-05-23 12:47:20,59,60,10365,34907
2023-05-23 12:47:22,59,60,10465,35007
2023-05-23 12:47:30,59,60,10465,35207
2023-05-23 12:47:31,59,60,10545,35287
2023-05-23 12:47:33,59,60,10645,35387
2023-05-23 12:47:33,59,60,10745,35487
2023-05-23 12:47:36,59,60,10765,35507
2023-05-23 12:47:36,59,60,10785,35527
2023-05-23 12:47:37,59,60,10840,35582
2023-05-23 12:47:38,59,60,10895,35637
2023-05-23 12:47:45,59,60,10892,35837
2023-05-23 12:47:55,57,59,10890,35839
2023-05-23 12:47:57,57,58,10890,35839
2023-05-23 12:48:01,57,58,10888,35841
2023-05-23 12:48:02,57,58,10886,35843
2023-05-23 12:48:03,57,58,10884,35845
2023-05-23 12:48:04,56,57,10880,35849
2023-05-23 12:52:03,57,58,10885,35854
2023-05-23 12:52:06,58,59,10890,35859
2023-05-23 12:53:05,59,60,10895,35864
2023-05-23 12:54:08,59,60,10895,35866
2023-05-23 12:55:07,60,61,10900,35873
2023-05-23 12:55:17,60,61,10900,35875
2023-05-23 12:56:08,60,62,10920,35954
2023-05-23 12:57:26,62,63,10940,36377
2023-05-23 12:57:26,62,63,10950,36387
2023-05-23 12:58:27,62,63,10965,36402
2023-05-23 12:58:27,62,63,10965,36602
2023-05-23 12:58:58,62,63,10965,36802
2023-05-23 13:00:26,63,64,10985,36825
2023-05-23 13:01:58,63,64,11005,36845
2023-05-23 13:01:58,63,64,11025,36865
2023-05-23 13:02:38,63,64,11035,36875
2023-05-23 13:03:33,63,64,11075,36915
2023-05-23 13:05:09,63,64,11075,37115
2023-05-23 13:05:15,63,64,11075,37315
2023-05-23 13:05:15,63,64,11210,37450
2023-05-23 13:05:23,63,64,11210,37650
2023-05-23 13:06:55,63,64,11255,37850
2023-05-23 13:07:51,63,64,11455,38050
2023-05-23 13:08:37,64,65,11452,38073
2023-05-23 13:08:53,65,66,11502,38123
2023-05-23 13:09:01,65,66,11502,38124
2023-05-23 13:11:47,65,66,11512,38134
2023-05-23 13:11:59,67,68,11542,38164
2023-05-23 13:14:06,67,69,11962,38584
2023-05-23 13:14:17,68,69,11962,38584
2023-05-23 13:15:08,68,69,11963,38585
2023-05-23 13:15:20,67,68,11927,38621
2023-05-23 13:16:10,68,69,11927,38626
2023-05-23 13:16:13,67,69,11927,38626
2023-05-23 13:16:19,68,69,11927,38626
2023-05-23 13:16:48,67,68,11922,38631
2023-05-23 13:16:48,67,69,11922,38631
2023-05-23 13:18:01,67,69,11917,38831
2023-05-23 13:18:17,67,69,11917,39031
2023-05-23 13:18:18,66,67,11912,39041
2023-05-23 13:18:18,66,69,11912,39041
2023-05-23 13:18:31,67,69,11912,39041
2023-05-23 13:18:54,67,69,11913,39042
2023-05-23 13:18:55,68,69,11913,39042
2023-05-23 13:18:55,67,68,11912,39043
2023-05-23 13:18:55,67,69,11912,39043
2023-05-23 13:19:08,68,69,11912,39043
2023-05-23 13:20:38,69,70,11912,39063
2023-05-23 13:22:02,70,71,11912,39083
2023-05-23 13:24:43,70,71,11925,39096
2023-05-23 13:24:55,69,71,11925,39096
2023-05-23 13:25:48,70,71,11925,39096
2023-05-23 13:27:12,71,72,11925,39116
2023-05-23 13:27:12,70,72,11925,39296
2023-05-23 13:27:32,71,72,11925,39296
2023-05-23 13:27:33,71,72,11945,39346
2023-05-23 13:27:34,71,73,11945,39346
2023-05-23 13:28:20,71,72,11945,39346
2023-05-23 13:28:45,70,71,11945,39351
2023-05-23 13:29:26,69,70,11945,39356
2023-05-23 13:29:26,70,71,12140,39551
2023-05-23 13:29:26,69,71,12140,39551
2023-05-23 13:29:32,69,70,12140,39551
2023-05-23 13:29:38,69,70,12141,39552
2023-05-23 13:30:02,68,69,12136,39557
2023-05-23 13:30:02,68,70,12136,39557
2023-05-23 13:30:03,68,69,12136,39557
2023-05-23 13:30:06,67,68,12116,39577
2023-05-23 13:30:06,67,69,12116,39577
2023-05-23 13:30:12,67,69,12116,39597
2023-05-23 13:30:12,67,68,12116,39597
2023-05-23 13:30:12,67,69,12116,39597
2023-05-23 13:30:14,67,68,12116,39597
2023-05-23 13:30:17,66,67,12146,39642
2023-05-23 13:30:17,65,67,12146,39642
2023-05-23 13:30:19,65,66,12146,39642
2023-05-23 13:30:21,65,66,12146,39842
2023-05-23 13:30:23,65,66,12146,40042
2023-05-23 13:30:24,63,65,12126,40115
2023-05-23 13:30:24,63,66,12126,40115
2023-05-23 13:30:25,63,65,12126,40115
2023-05-23 13:30:35,63,64,12126,40115
2023-05-23 13:30:42,62,63,12086,40155
2023-05-23 13:30:49,62,65,12086,40155
2023-05-23 13:30:49,63,65,12086,40155
2023-05-23 13:30:49,63,65,12091,40160
2023-05-23 13:31:01,63,64,12091,40160
2023-05-23 13:31:01,63,65,12091,40160
2023-05-23 13:31:15,64,65,12091,40160
2023-05-23 13:31:18,63,65,12091,40160
2023-05-23 13:31:30,63,64,12091,40160
2023-05-23 13:31:42,62,64,12091,40160
2023-05-23 13:31:42,62,63,12091,40160
2023-05-23 13:31:51,62,64,12091,40160
2023-05-23 13:32:01,62,63,12091,40160
2023-05-23 13:32:06,62,63,12091,40180
2023-05-23 13:32:12,62,63,12090,40181
2023-05-23 13:32:13,61,63,12090,40181
2023-05-23 13:32:13,61,64,12090,40181
2023-05-23 13:32:13,61,62,12090,40181
2023-05-23 13:33:19,62,63,12053,40223
2023-05-23 13:33:24,63,64,12058,40278
2023-05-23 13:33:24,62,64,12058,40278
2023-05-23 13:33:24,62,63,12058,40278
2023-05-23 13:33:25,63,64,12100,40320
2023-05-23 13:33:25,62,64,12100,40320
2023-05-23 13:33:26,65,66,12340,40560
2023-05-23 13:33:26,65,66,12365,40585
2023-05-23 13:33:26,65,66,12370,40590
2023-05-23 13:33:26,65,66,12376,40596
2023-05-23 13:33:26,65,66,12401,40621
2023-05-23 13:34:51,65,66,12361,40821
2023-05-23 13:34:51,65,66,12366,40826
2023-05-23 13:34:51,65,66,12366,40926
2023-05-23 13:34:52,65,66,12566,41126
2023-05-23 13:34:52,65,66,12566,41326
2023-05-23 13:34:53,65,66,12566,41426
2023-05-23 13:34:53,65,66,12566,41626
2023-05-23 13:34:54,65,66,12566,41826
2023-05-23 13:34:54,63,66,12601,41861
2023-05-23 13:34:55,63,65,12601,41861
2023-05-23 13:34:59,63,64,12601,41861
2023-05-23 13:35:03,63,64,12601,41881
2023-05-23 13:35:28,64,65,12601,41886
2023-05-23 13:36:07,65,66,12606,41891
2023-05-23 13:36:07,64,66,12606,41891
2023-05-23 13:36:07,65,66,12606,41891
2023-05-23 13:36:10,66,67,12626,41961
2023-05-23 13:36:10,65,67,12626,41961
2023-05-23 13:36:10,66,67,12626,41961
2023-05-23 13:36:49,66,67,12826,42161
2023-05-23 13:36:57,67,68,12846,42181
2023-05-23 13:36:57,66,68,12846,42181
2023-05-23 13:36:57,67,68,12846,42181
2023-05-23 13:38:05,67,68,12847,42182
2023-05-23 13:38:59,67,69,13297,42632
2023-05-23 13:39:09,66,69,13297,42637
2023-05-23 13:39:09,66,68,13297,42637
2023-05-23 13:39:09,66,67,13297,42657
2023-05-23 13:39:41,67,69,13297,42667
2023-05-23 13:39:51,67,68,13297,42667
2023-05-23 13:41:03,68,69,13302,42674
2023-05-23 13:41:03,67,69,13302,42674
2023-05-23 13:41:03,68,69,13302,42674
2023-05-23 13:41:04,68,69,13502,42874
2023-05-23 13:41:05,69,70,13522,42897
2023-05-23 13:41:05,68,70,13522,42897
2023-05-23 13:41:17,69,70,13522,42897
2023-05-23 13:41:20,68,70,13522,42917
2023-05-23 13:41:21,68,70,13522,43117
2023-05-23 13:41:22,68,70,13522,43317
2023-05-23 13:41:23,69,70,13522,43317
2023-05-23 13:41:30,70,71,13562,43357
2023-05-23 13:41:30,69,71,13562,43357
2023-05-23 13:41:32,69,72,13762,43557
2023-05-23 13:41:34,69,71,13762,43557
2023-05-23 13:41:38,69,71,13762,43559
2023-05-23 13:41:51,69,70,13762,43559
2023-05-23 13:43:45,70,71,13767,43567
2023-05-23 13:43:45,69,71,13767,43567
2023-05-23 13:43:51,70,71,13767,43567
2023-05-23 13:46:03,71,72,13807,43610
2023-05-23 13:46:03,70,72,13807,43610
2023-05-23 13:47:17,70,71,13807,43610
2023-05-23 13:47:26,69,70,13802,43615
2023-05-23 13:47:26,69,71,13802,43615
2023-05-23 13:47:30,70,71,13802,43615
2023-05-23 13:47:30,69,71,13602,43815
2023-05-23 13:47:30,69,70,13602,43815
2023-05-23 13:47:36,68,69,13592,43825
2023-05-23 13:47:36,68,70,13592,43825
2023-05-23 13:47:37,69,70,13592,43825
2023-05-23 13:47:37,68,70,13392,44025
2023-05-23 13:48:02,67,68,13382,44035
2023-05-23 13:48:02,67,70,13382,44035
2023-05-23 13:48:05,68,70,13382,44035
2023-05-23 13:48:06,67,70,13382,44035
2023-05-23 13:48:29,67,70,13384,44037
2023-05-23 13:48:31,67,68,13384,44037
2023-05-23 13:48:31,67,68,13214,44237
2023-05-23 13:48:32,66,68,13214,44237
2023-05-23 13:48:40,67,68,13214,44237
2023-05-23 13:49:32,66,67,13174,44277
2023-05-23 13:49:50,66,67,12974,44477
2023-05-23 13:49:57,66,67,12974,44497
2023-05-23 13:49:57,64,65,12704,44767
2023-05-23 13:50:08,64,65,12504,44967
2023-05-23 13:50:32,63,64,12499,44972
2023-05-23 13:50:42,62,64,12299,45172
2023-05-23 13:50:42,62,63,12299,45172
2023-05-23 13:50:46,62,64,12299,45172
2023-05-23 13:51:08,63,64,12299,45172
2023-05-23 13:51:12,63,64,12339,45372
2023-05-23 13:51:19,63,64,12339,45572
2023-05-23 13:51:30,64,65,12344,45642
2023-05-23 13:51:30,63,65,12344,45642
2023-05-23 13:51:30,64,65,12344,45642
2023-05-23 13:51:30,63,65,12344,45642
2023-05-23 13:51:34,64,65,12344,45642
2023-05-23 13:51:55,65,66,12364,45662
2023-05-23 13:51:55,64,66,12364,45662
2023-05-23 13:51:58,65,66,12364,45662
2023-05-23 13:52:28,65,67,12410,45711
2023-05-23 13:52:45,65,66,12410,45711
2023-05-23 13:52:49,64,66,12410,45711
2023-05-23 13:53:46,65,66,12410,45711
2023-05-23 13:54:15,66,67,12420,45721
2023-05-23 13:54:15,65,67,12420,45721
2023-05-23 13:54:15,66,67,12420,45721
2023-05-23 13:54:17,67,68,12440,45741
2023-05-23 13:55:18,68,69,12660,45961
2023-05-23 13:55:18,68,70,12660,45961
2023-05-23 13:55:47,68,69,12660,45961
2023-05-23 13:55:58,67,69,12660,45961
2023-05-23 13:56:03,67,68,12660,45961
2023-05-23 13:56:10,67,69,12660,45961
2023-05-23 13:56:10,66,67,12660,45966
2023-05-23 13:56:53,67,68,12665,45971
2023-05-23 13:56:53,66,68,12665,45971
2023-05-23 13:57:14,67,68,12665,45971
2023-05-23 13:57:15,66,68,12665,45971
2023-05-23 13:57:18,66,67,12665,45971
2023-05-23 13:57:20,67,68,12663,45973
2023-05-23 13:58:39,66,68,12663,45978
2023-05-23 13:59:14,66,68,12663,45986
2023-05-23 13:59:14,66,68,12663,45986
2023-05-23 13:59:21,67,68,12663,45986
2023-05-23 13:59:21,67,68,12663,45993
2023-05-23 14:00:15,66,67,12663,45998
2023-05-23 14:00:30,67,68,12667,46002
2023-05-23 14:00:30,66,68,12667,46002
2023-05-23 14:00:31,67,68,12667,46002
2023-05-23 14:00:33,67,68,12677,46202
2023-05-23 14:00:33,67,69,12677,46202
2023-05-23 14:01:08,68,69,12677,46202
2023-05-23 14:01:14,69,70,12697,46224
2023-05-23 14:01:23,70,71,12795,46322
2023-05-23 14:01:42,71,72,12835,46364
2023-05-23 14:01:42,70,72,12835,46364
2023-05-23 14:02:03,71,72,12835,46364
2023-05-23 14:03:12,70,72,12835,46366
2023-05-23 14:03:12,68,72,12835,46370
2023-05-23 14:03:12,68,71,12835,46370
2023-05-23 14:03:12,68,70,12835,46370
2023-05-23 14:03:14,69,70,12835,46370
2023-05-23 14:03:15,69,71,12835,46370
2023-05-23 14:03:16,68,71,12835,46370
2023-05-23 14:03:22,69,71,12835,46370
2023-05-23 14:04:05,70,71,12835,46370
2023-05-23 14:04:45,71,72,12837,46372
2023-05-23 14:04:45,70,72,12837,46372
2023-05-23 14:05:16,70,72,12837,46375
2023-05-23 14:06:12,71,72,12837,46375
2023-05-23 14:06:24,72,73,12857,46399
2023-05-23 14:06:24,71,73,12857,46399
2023-05-23 14:06:25,72,73,12857,46399
2023-05-23 14:06:27,73,74,12857,46592
2023-05-23 14:06:27,72,74,12857,46592
2023-05-23 14:06:30,73,74,12857,46592
2023-05-23 14:07:02,73,75,13077,46816
2023-05-23 14:07:32,74,75,13077,46816
2023-05-23 14:08:48,74,75,13076,46817
2023-05-23 14:09:05,73,74,13075,46818
2023-05-23 14:09:05,73,75,13075,46818
2023-05-23 14:09:05,73,74,13075,46818
2023-05-23 14:09:06,71,74,13075,46820
2023-05-23 14:09:06,71,73,13075,46820
2023-05-23 14:10:08,71,72,13075,46820
2023-05-23 14:11:03,72,73,12892,47005
2023-05-23 14:11:03,71,73,12892,47020
2023-05-23 14:11:17,72,73,12892,47020
2023-05-23 14:11:37,73,74,12894,47022
2023-05-23 14:12:23,72,74,12894,47022
2023-05-23 14:12:26,72,73,12894,47022
2023-05-23 14:12:31,71,72,12892,47024
2023-05-23 14:12:31,71,73,12892,47024
2023-05-23 14:12:31,71,72,12892,47024
2023-05-23 14:12:32,70,71,12892,47026
2023-05-23 14:12:32,70,71,12897,47031
2023-05-23 14:12:35,69,71,12897,47031
2023-05-23 14:12:52,69,70,12897,47031
2023-05-23 14:12:52,68,69,12879,47049
2023-05-23 14:12:52,68,70,12879,47049
2023-05-23 14:12:53,68,70,12679,47249
2023-05-23 14:12:54,67,70,12679,47249
2023-05-23 14:12:54,67,68,12679,47249
2023-05-23 14:12:59,67,68,12479,47449
2023-05-23 14:13:02,67,68,12279,47649
2023-05-23 14:13:03,68,71,12281,47651
2023-05-23 14:13:04,68,70,12281,47651
2023-05-23 14:13:04,69,70,12281,47651
2023-05-23 14:13:04,69,70,12283,47653
2023-05-23 14:13:04,69,70,12285,47655
2023-05-23 14:13:04,69,71,12285,47655
2023-05-23 14:13:05,69,70,12285,47655
2023-05-23 14:13:52,68,70,12285,47673
2023-05-23 14:13:52,68,69,12285,47673
2023-05-23 14:14:05,67,69,12285,47691
2023-05-23 14:14:05,67,68,12285,47691
2023-05-23 14:14:23,66,67,12247,47729
2023-05-23 14:14:23,66,68,12247,47729
2023-05-23 14:14:24,66,67,12247,47729
2023-05-23 14:14:27,66,67,12247,47929
2023-05-23 14:14:29,66,67,12247,48129
2023-05-23 14:14:31,64,67,12247,48245
2023-05-23 14:14:31,64,66,12247,48245
2023-05-23 14:14:32,64,65,12247,48245
2023-05-23 14:14:33,63,65,12247,48245
2023-05-23 14:14:34,63,66,12247,48245
2023-05-23 14:14:34,63,64,12247,48245
2023-05-23 14:14:37,63,66,12247,48245
2023-05-23 14:14:37,63,65,12247,48245
2023-05-23 14:14:38,64,65,12247,48245
2023-05-23 14:14:38,63,65,12277,48275
2023-05-23 14:14:38,63,64,12277,48275
2023-05-23 14:14:38,62,64,12307,48307
2023-05-23 14:14:42,63,64,12307,48307
2023-05-23 14:14:42,62,64,12307,48507
2023-05-23 14:14:47,64,66,12311,48511
2023-05-23 14:14:47,64,66,12313,48513
2023-05-23 14:14:47,64,65,12313,48513
2023-05-23 14:14:47,64,66,12313,48513
2023-05-23 14:14:48,65,66,12313,48513
2023-05-23 14:14:48,65,66,12325,48525
2023-05-23 14:14:50,66,67,12351,48551
2023-05-23 14:15:03,65,66,12500,48702
2023-05-23 14:15:10,64,65,12498,48704
2023-05-23 14:15:10,64,66,12498,48704
2023-05-23 14:15:11,64,65,12498,48704
2023-05-23 14:16:05,65,66,12500,48706
2023-05-23 14:16:10,66,67,12502,48708
2023-05-23 14:16:10,65,67,12502,48708
2023-05-23 14:16:11,67,68,12502,48786
2023-05-23 14:16:11,65,68,12502,48786
2023-05-23 14:16:11,66,68,12502,48786
2023-05-23 14:16:11,68,69,12520,48806
2023-05-23 14:16:22,65,68,12518,48808
2023-05-23 14:16:22,65,67,12518,48808
2023-05-23 14:16:46,65,67,12518,49008
2023-05-23 14:16:47,65,67,12518,49208
2023-05-23 14:16:48,65,67,12518,49408
2023-05-23 14:16:48,65,66,12518,49408
2023-05-23 14:16:50,63,65,12516,49410
2023-05-23 14:16:50,63,66,12516,49410
2023-05-23 14:16:51,63,65,12516,49410
2023-05-23 14:16:58,63,64,12516,49410
2023-05-23 14:16:58,61,63,12514,49584
2023-05-23 14:16:58,61,64,12514,49584
2023-05-23 14:17:02,61,63,12514,49584
2023-05-23 14:17:17,59,63,12514,49600
2023-05-23 14:17:17,59,61,12514,49600
2023-05-23 14:17:18,60,61,12514,49600
2023-05-23 14:17:18,59,61,12514,49618
2023-05-23 14:17:48,60,61,12514,49618
2023-05-23 14:17:48,60,61,12514,49698
2023-05-23 14:17:50,59,61,12514,49698
2023-05-23 14:18:08,59,60,12514,49698
2023-05-23 14:18:08,58,59,12476,49736
2023-05-23 14:18:08,58,60,12476,49736
2023-05-23 14:18:08,58,59,12476,49736
2023-05-23 14:18:11,55,58,12438,49774
2023-05-23 14:18:14,55,57,12438,49774
2023-05-23 14:18:17,55,57,12438,49974
2023-05-23 14:18:19,55,58,12438,49974
2023-05-23 14:18:20,54,55,12438,50004
2023-05-23 14:18:20,53,55,12438,50004
2023-05-23 14:18:23,54,55,12438,50004
2023-05-23 14:18:49,52,55,12438,50004
2023-05-23 14:18:49,52,54,12438,50004
2023-05-23 14:18:50,52,55,12438,50004
2023-05-23 14:18:50,52,53,12438,50004
2023-05-23 14:19:51,52,54,12440,50006
2023-05-23 14:19:53,53,54,12440,50006
2023-05-23 14:20:02,53,55,12442,50008
2023-05-23 14:20:03,53,54,12442,50008
2023-05-23 14:20:35,54,55,12444,50010
2023-05-23 14:20:35,53,55,12444,50010
2023-05-23 14:20:47,53,54,12444,50010
2023-05-23 14:20:59,54,55,12446,50042
2023-05-23 14:20:59,53,55,12446,50042
2023-05-23 14:21:20,53,54,12446,50042
2023-05-23 14:21:23,52,54,12446,50242
2023-05-23 14:21:23,49,54,12446,50269
2023-05-23 14:21:23,49,53,12446,50269
2023-05-23 14:21:23,49,52,12446,50269
2023-05-23 14:21:23,47,52,12446,50269
2023-05-23 14:21:23,45,52,12446,50269
2023-05-23 14:21:23,49,52,12446,50269
2023-05-23 14:21:24,50,52,12446,50269
2023-05-23 14:21:25,50,51,12446,50269
2023-05-23 14:21:25,50,51,12446,50272
2023-05-23 14:21:25,50,51,12446,50302
2023-05-23 14:21:25,50,52,12446,50332
2023-05-23 14:21:25,50,51,12446,50332
2023-05-23 14:21:26,50,51,12446,50382
2023-05-23 14:21:27,50,51,12446,50432
2023-05-23 14:21:27,49,51,12446,50469
2023-05-23 14:21:28,49,51,12446,50569
2023-05-23 14:21:30,49,51,12446,50769
2023-05-23 14:21:30,49,51,12446,50869
2023-05-23 14:21:30,49,50,12446,50869
2023-05-23 14:21:31,49,50,12449,51069
2023-05-23 14:21:32,47,49,12506,51126
2023-05-23 14:21:32,47,50,12506,51126
2023-05-23 14:21:34,49,50,12506,51126
2023-05-23 14:21:38,49,52,12506,51126
2023-05-23 14:21:38,49,51,12506,51126
2023-05-23 14:21:39,47,51,12506,51126
2023-05-23 14:21:39,48,51,12506,51126
2023-05-23 14:21:41,49,51,12506,51126
2023-05-23 14:21:44,49,50,12506,51126
2023-05-23 14:21:45,47,50,12506,51326
2023-05-23 14:21:45,47,49,12506,51326
2023-05-23 14:21:46,49,50,12506,51356
2023-05-23 14:21:46,49,50,12406,51456
2023-05-23 14:21:47,47,49,12406,51526
2023-05-23 14:21:47,47,50,12406,51526
2023-05-23 14:21:48,46,50,12406,51526
2023-05-23 14:21:48,46,49,12406,51526
2023-05-23 14:21:48,48,49,12406,51526
2023-05-23 14:21:56,48,50,12406,51526
2023-05-23 14:21:58,45,50,12406,51526
2023-05-23 14:21:58,47,50,12406,51526
2023-05-23 14:21:59,47,49,12406,51526
2023-05-23 14:22:00,45,49,12406,51526
2023-05-23 14:22:00,46,49,12406,51526
2023-05-23 14:22:01,46,48,12406,51526
2023-05-23 14:22:03,45,48,12406,51526
2023-05-23 14:22:03,47,48,12406,51526
2023-05-23 14:22:16,46,48,12406,51526
2023-05-23 14:22:17,46,48,12406,51726
2023-05-23 14:22:17,45,48,12406,51726
2023-05-23 14:22:17,45,47,12406,51726
2023-05-23 14:22:20,45,46,12406,51726
2023-05-23 14:22:21,44,46,12406,51926
2023-05-23 14:22:23,44,45,12406,51926
2023-05-23 14:22:28,44,46,12406,51926
2023-05-23 14:22:28,44,45,12406,51926
2023-05-23 14:22:33,43,44,12404,51928
2023-05-23 14:22:33,43,44,12402,51930
2023-05-23 14:22:38,41,44,12185,52177
2023-05-23 14:22:39,40,44,12185,52177
2023-05-23 14:22:40,40,43,12185,52177
2023-05-23 14:22:44,41,43,12185,52177
2023-05-23 14:22:47,42,43,12185,52177
2023-05-23 14:22:47,42,45,12185,52177
2023-05-23 14:22:47,42,44,12185,52177
2023-05-23 14:22:47,39,40,12054,52467
2023-05-23 14:22:48,39,40,12054,52517
2023-05-23 14:22:48,39,40,12054,52567
2023-05-23 14:22:48,42,44,11994,52627
2023-05-23 14:23:02,42,43,11994,52627
2023-05-23 14:23:12,41,43,11994,52627
2023-05-23 14:23:13,41,44,11994,52627
2023-05-23 14:23:13,41,42,11994,52627
2023-05-23 14:23:14,38,39,12084,52825
2023-05-23 14:23:14,35,39,12084,52825
2023-05-23 14:23:14,39,41,12084,52827
2023-05-23 14:23:14,35,41,12084,52827
2023-05-23 14:23:15,35,40,12084,52827
2023-05-23 14:23:15,34,40,12084,52827
2023-05-23 14:23:16,34,39,12084,52827
2023-05-23 14:23:17,34,37,12084,52827
2023-05-23 14:23:19,33,37,12084,52827
2023-05-23 14:23:20,33,38,12084,52827
2023-05-23 14:23:20,33,36,12084,52827
2023-05-23 14:23:21,32,36,12084,52827
2023-05-23 14:23:21,32,36,12085,52828
2023-05-23 14:23:22,31,36,12085,52828
2023-05-23 14:23:22,31,37,12085,52828
2023-05-23 14:23:22,31,35,12085,52828
2023-05-23 14:23:24,31,36,12085,52828
2023-05-23 14:23:24,31,34,12085,52828
2023-05-23 14:23:28,31,37,12085,52828
2023-05-23 14:23:28,31,35,12085,52828
2023-05-23 14:23:29,32,35,12085,52828
2023-05-23 14:23:32,31,35,12085,52828
2023-05-23 14:23:32,31,37,12085,52828
2023-05-23 14:23:32,32,37,12085,52828
2023-05-23 14:23:32,32,34,12085,52828
2023-05-23 14:23:38,32,33,12085,52828
2023-05-23 14:23:43,32,34,12085,52828
2023-05-23 14:23:51,32,33,12085,52828
2023-05-23 14:23:58,31,33,12085,52828
2023-05-23 14:23:58,31,32,12085,52828
2023-05-23 14:24:09,30,31,12085,52848
2023-05-23 14:24:12,27,30,12085,52868
2023-05-23 14:24:12,27,31,12085,52868
2023-05-23 14:24:12,27,29,12085,52868
2023-05-23 14:24:19,27,28,12085,52868
2023-05-23 14:24:22,25,28,12085,52868
2023-05-23 14:24:22,24,28,12085,52868
2023-05-23 14:24:22,24,29,12085,52868
2023-05-23 14:24:22,25,29,12085,52868
2023-05-23 14:24:22,25,27,12085,52868
2023-05-23 14:24:23,25,28,12085,52868
2023-05-23 14:24:23,25,26,12085,52868
2023-05-23 14:24:30,25,26,11954,53068
2023-05-23 14:24:30,25,28,11954,53068
2023-05-23 14:24:30,25,27,11954,53068
2023-05-23 14:24:30,26,27,11954,53068
2023-05-23 14:24:31,26,28,11954,53068
2023-05-23 14:24:36,27,28,11954,53068
2023-05-23 14:24:37,28,29,11954,53121
2023-05-23 14:24:46,24,29,11954,53121
2023-05-23 14:24:47,24,28,11954,53121
2023-05-23 14:24:47,23,28,11954,53121
2023-05-23 14:24:47,26,28,11954,53121
2023-05-23 14:24:47,26,27,11954,53121
2023-05-23 14:24:58,23,26,11954,53141
2023-05-23 14:24:58,21,26,11954,53141
2023-05-23 14:24:59,21,25,11954,53141
2023-05-23 14:25:07,21,24,11954,53141
2023-05-23 14:25:08,21,25,12014,53241
2023-05-23 14:25:08,21,24,12014,53241
2023-05-23 14:25:08,25,26,12225,53483
2023-05-23 14:25:08,25,26,12323,53581
2023-05-23 14:25:08,25,26,12373,53631
2023-05-23 14:25:09,25,26,12429,53687
2023-05-23 14:25:10,25,26,12529,53787
2023-05-23 14:25:11,25,27,12529,53787
2023-05-23 14:25:12,25,27,12529,53837
2023-05-23 14:25:33,25,27,12729,54037
2023-05-23 14:25:33,25,27,12929,54237
2023-05-23 14:25:33,23,27,12953,54261
2023-05-23 14:25:33,23,26,12953,54261
2023-05-23 14:25:33,21,26,12953,54261
2023-05-23 14:25:34,21,25,12953,54261
2023-05-23 14:25:34,22,25,12953,54261
2023-05-23 14:25:34,22,24,12953,54261
2023-05-23 14:25:36,22,25,12953,54261
2023-05-23 14:25:38,22,24,12953,54261
2023-05-23 14:25:40,27,28,13273,54603
2023-05-23 14:25:40,27,28,13523,54853
2023-05-23 14:25:40,27,28,13525,54855
2023-05-23 14:25:40,27,28,13527,54857
2023-05-23 14:25:40,27,28,13529,54859
2023-05-23 14:25:40,27,28,13679,55009
2023-05-23 14:25:40,27,28,13879,55209
2023-05-23 14:25:40,27,28,13881,55211
2023-05-23 14:25:40,27,28,13911,55241
2023-05-23 14:25:40,27,28,13941,55271
2023-05-23 14:25:40,27,28,13943,55273
2023-05-23 14:25:40,27,28,13993,55323
2023-05-23 14:25:40,27,28,13995,55325
2023-05-23 14:25:40,27,28,14045,55375
2023-05-23 14:25:40,27,28,14095,55425
2023-05-23 14:25:41,27,28,14145,55475
2023-05-23 14:25:41,27,28,14289,55619
2023-05-23 14:25:41,27,28,14489,55819
2023-05-23 14:25:42,27,28,14573,55903
2023-05-23 14:25:42,27,28,14773,56103
2023-05-23 14:25:43,27,28,14785,56115
2023-05-23 14:25:43,23,27,14933,56263
2023-05-23 14:25:43,23,28,14933,56263
2023-05-23 14:25:43,23,27,14933,56263
2023-05-23 14:25:47,24,27,14933,56263
2023-05-23 14:25:48,26,27,14933,56263
2023-05-23 14:25:51,25,27,14933,56263
2023-05-23 14:25:52,24,27,14933,56263
2023-05-23 14:26:00,25,27,14933,56263
2023-05-23 14:26:05,24,27,14933,56263
2023-05-23 14:26:07,26,27,14933,56263
2023-05-23 14:26:07,27,28,15037,56487
2023-05-23 14:26:08,26,28,14913,56687
2023-05-23 14:26:10,24,28,14913,56687
2023-05-23 14:26:10,25,28,14913,56687
2023-05-23 14:26:11,26,28,14913,56687
2023-05-23 14:26:15,27,28,14913,56687
2023-05-23 14:26:21,28,30,14908,56805
2023-05-23 14:26:22,27,30,14908,56805
2023-05-23 14:26:22,28,30,14908,56805
2023-05-23 14:26:22,27,30,14908,56805
2023-05-23 14:26:22,29,30,14908,56805
2023-05-23 14:26:29,30,31,14908,56825
2023-05-23 14:26:29,30,31,14908,56841
2023-05-23 14:26:30,28,31,14908,56841
2023-05-23 14:26:30,29,31,14908,56841
2023-05-23 14:26:30,30,31,14908,56841
2023-05-23 14:26:30,29,31,14908,56841
2023-05-23 14:26:31,30,31,14908,56841
2023-05-23 14:27:55,31,32,14908,56861
2023-05-23 14:27:56,32,34,14908,56881
2023-05-23 14:27:56,31,34,14908,56881
2023-05-23 14:27:56,33,34,14908,56881
2023-05-23 14:28:31,34,37,14908,56901
2023-05-23 14:28:32,33,37,14908,56901
2023-05-23 14:28:32,35,37,14908,56901
2023-05-23 14:28:36,35,37,14908,57101
2023-05-23 14:28:38,33,35,14618,57391
2023-05-23 14:28:45,31,35,14618,57391
2023-05-23 14:28:47,33,35,14618,57391
2023-05-23 14:28:53,34,35,14618,57391
2023-05-23 14:28:58,34,35,14418,57591
2023-05-23 14:28:58,34,35,14418,57641
2023-05-23 14:28:59,34,35,14345,57841
2023-05-23 14:28:59,34,35,14345,57891
2023-05-23 14:28:59,33,35,14345,57891
2023-05-23 14:29:00,33,35,14345,57941
2023-05-23 14:29:00,33,35,14345,57991
2023-05-23 14:29:00,34,35,14345,57991
2023-05-23 14:29:00,34,35,14345,58091
2023-05-23 14:29:00,34,35,14345,58141
2023-05-23 14:29:02,34,35,14345,58241
2023-05-23 14:29:04,34,35,14345,58341
2023-05-23 14:29:07,34,35,14145,58541
2023-05-23 14:29:07,34,35,14145,58641
2023-05-23 14:29:08,34,35,13945,58841
2023-05-23 14:29:09,34,35,13945,58941
2023-05-23 14:29:09,34,35,13745,59141
2023-05-23 14:29:09,34,35,13745,59746
2023-05-23 14:29:10,34,35,13545,59946
2023-05-23 14:29:10,34,35,13545,60046
2023-05-23 14:29:11,34,35,13345,60246
2023-05-23 14:29:12,35,39,13190,60421
2023-05-23 14:29:12,36,39,13190,60421
2023-05-23 14:29:12,37,39,13190,60421
2023-05-23 14:29:12,36,39,13190,60421
2023-05-23 14:29:15,37,39,13190,60421
2023-05-23 14:29:24,37,39,12990,60621
2023-05-23 14:29:24,38,39,12990,60621
2023-05-23 14:29:25,39,40,12888,60743
2023-05-23 14:29:25,38,40,12888,60743
2023-05-23 14:29:25,39,40,12888,60743
2023-05-23 14:29:27,39,40,12888,60793
2023-05-23 14:29:33,38,40,12888,60793
2023-05-23 14:29:35,38,40,12888,60817
2023-05-23 14:29:36,39,40,12888,60817
2023-05-23 14:29:38,39,41,12888,60817
2023-05-23 14:29:38,37,41,12888,60817
2023-05-23 14:29:38,39,41,12888,60817
2023-05-23 14:29:39,39,40,12888,60817
2023-05-23 14:29:42,40,41,12712,61013
2023-05-23 14:29:42,39,41,12712,61013
2023-05-23 14:29:43,38,39,12710,61015
2023-05-23 14:29:43,38,39,12785,61215
2023-05-23 14:29:44,38,39,12785,61217
2023-05-23 14:29:45,38,39,12785,61247
2023-05-23 14:29:47,36,39,12785,61247
2023-05-23 14:29:47,33,39,12785,61247
2023-05-23 14:29:47,33,38,12785,61247
2023-05-23 14:29:47,33,36,12785,61247
2023-05-23 14:29:49,33,37,12785,61247
2023-05-23 14:29:55,33,36,12785,61247
2023-05-23 14:29:56,33,37,12785,61247
2023-05-23 14:30:13,33,36,12785,61247
2023-05-23 14:30:16,33,35,12785,61247
2023-05-23 14:30:18,33,34,12785,61247
2023-05-23 14:30:29,33,34,12785,61347
2023-05-23 14:30:30,33,34,12708,61547
2023-05-23 14:30:31,33,34,12708,61647
2023-05-23 14:30:31,34,36,12525,61845
2023-05-23 14:30:31,33,36,12525,61845
2023-05-23 14:30:31,34,36,12525,61845
2023-05-23 14:30:32,34,36,12527,61847
2023-05-23 14:30:33,34,36,12527,62047
2023-05-23 14:30:34,34,36,12527,62247
2023-05-23 14:30:40,34,36,12527,62271
2023-05-23 14:30:42,34,36,12527,62471
2023-05-23 14:30:43,34,36,12527,62571
2023-05-23 14:30:43,34,36,12527,62771
2023-05-23 14:30:45,34,36,12527,62871
2023-05-23 14:30:47,34,36,12527,62971
2023-05-23 14:30:48,34,36,12527,63071
2023-05-23 14:30:49,35,36,12527,63071
2023-05-23 14:30:50,35,36,12527,63171
2023-05-23 14:30:52,35,36,12527,63271
2023-05-23 14:30:54,36,37,12529,63368
2023-05-23 14:30:59,35,37,12529,63368
2023-05-23 14:30:59,35,36,12529,63368
2023-05-23 14:31:04,36,37,12531,63370
2023-05-23 14:31:04,35,37,12531,63370
2023-05-23 14:31:04,36,37,12531,63370
2023-05-23 14:31:04,35,37,12531,63370
2023-05-23 14:31:04,35,38,12531,63370
2023-05-23 14:31:04,36,38,12531,63370
2023-05-23 14:31:05,37,38,12531,63370
2023-05-23 14:31:12,39,40,12533,63398
2023-05-23 14:31:12,39,41,12533,63398
2023-05-23 14:31:31,39,41,12533,63399
2023-05-23 14:31:45,41,42,12552,63418
2023-05-23 14:31:53,42,44,12572,63438
2023-05-23 14:31:53,41,44,12572,63438
2023-05-23 14:31:53,42,44,12572,63438
2023-05-23 14:31:55,44,45,12592,63458
2023-05-23 14:32:21,45,47,12612,63478
2023-05-23 14:32:21,44,47,12612,63478
2023-05-23 14:32:21,46,47,12612,63478
2023-05-23 14:32:24,46,47,12612,63578
2023-05-23 14:32:26,46,47,12612,63678
2023-05-23 14:32:28,44,46,12610,63772
2023-05-23 14:32:32,45,46,12610,63772
2023-05-23 14:32:40,44,46,12610,63772
2023-05-23 14:32:55,44,45,12610,63772
2023-05-23 14:32:57,44,45,12608,63872
2023-05-23 14:32:58,42,44,12608,63919
2023-05-23 14:33:04,42,45,12608,63919
2023-05-23 14:33:06,42,44,12608,63919
2023-05-23 14:33:52,43,44,12608,63919
2023-05-23 14:33:57,44,45,12610,63921
2023-05-23 14:34:08,45,46,12612,63923
2023-05-23 14:34:08,44,46,12612,63923
2023-05-23 14:34:09,44,46,12612,63925
2023-05-23 14:34:23,44,45,12612,63925
2023-05-23 14:34:35,42,43,12610,63927
2023-05-23 14:34:38,42,43,12610,63937
2023-05-23 14:34:39,42,43,12689,64137
2023-05-23 14:34:49,40,43,12689,64137
2023-05-23 14:34:58,40,42,12689,64137
2023-05-23 14:35:05,40,41,12689,64137
2023-05-23 14:35:09,40,41,12689,64152
2023-05-23 14:35:13,38,41,12689,64152
2023-05-23 14:35:14,39,41,12689,64152
2023-05-23 14:35:17,38,41,12689,64152
2023-05-23 14:35:27,38,40,12689,64152
2023-05-23 14:35:45,38,40,12690,64153
2023-05-23 14:35:50,38,40,12690,64353
2023-05-23 14:35:52,38,40,12690,64553
2023-05-23 14:35:53,38,39,12690,64553
2023-05-23 14:35:53,38,39,12513,64753
2023-05-23 14:35:54,35,38,12490,64776
2023-05-23 14:36:08,35,37,12490,64776
2023-05-23 14:36:12,35,36,12490,64776
2023-05-23 14:36:21,33,36,12355,64976
2023-05-23 14:36:23,32,36,12355,64976
2023-05-23 14:36:25,32,35,12355,64976
2023-05-23 14:36:28,32,35,12605,65226
2023-05-23 14:36:28,32,35,12608,65229
2023-05-23 14:36:28,32,34,12608,65229
2023-05-23 14:36:28,32,34,12611,65232
2023-05-23 14:36:28,32,34,12614,65235
2023-05-23 14:36:28,32,34,12709,65330
2023-05-23 14:36:28,32,34,12712,65333
2023-05-23 14:36:28,32,34,12715,65336
2023-05-23 14:36:28,32,34,12718,65339
2023-05-23 14:36:28,32,34,12721,65342
2023-05-23 14:36:28,32,34,12724,65345
2023-05-23 14:36:28,32,34,12727,65348
2023-05-23 14:36:28,32,34,12730,65351
2023-05-23 14:36:29,32,34,12733,65354
2023-05-23 14:36:29,32,34,12736,65357
2023-05-23 14:36:29,32,34,12739,65360
2023-05-23 14:36:29,32,34,12742,65363
2023-05-23 14:36:29,32,34,12745,65366
2023-05-23 14:36:29,32,34,12748,65369
2023-05-23 14:36:29,32,34,12751,65372
2023-05-23 14:36:29,32,34,12754,65375
2023-05-23 14:36:29,32,34,12757,65378
2023-05-23 14:36:29,32,34,12760,65381
2023-05-23 14:36:30,32,34,12763,65384
2023-05-23 14:36:30,32,34,12766,65387
2023-05-23 14:36:30,32,34,12769,65390
2023-05-23 14:36:30,32,34,12772,65393
2023-05-23 14:36:30,32,34,12775,65396
2023-05-23 14:36:30,32,34,12985,65606
2023-05-23 14:36:30,32,34,12988,65609
2023-05-23 14:36:30,32,33,12988,65609
2023-05-23 14:36:30,32,33,12991,65612
2023-05-23 14:36:30,32,33,12994,65615
2023-05-23 14:36:31,32,33,12997,65618
2023-05-23 14:36:31,32,33,13000,65621
2023-05-23 14:36:31,32,33,13003,65624
2023-05-23 14:36:31,32,33,13006,65627
2023-05-23 14:36:31,32,33,13009,65630
2023-05-23 14:36:31,32,33,13015,65636
2023-05-23 14:36:31,32,33,13018,65639
2023-05-23 14:36:31,32,33,13042,65663
2023-05-23 14:36:31,32,33,13045,65666
2023-05-23 14:36:31,32,33,13048,65669
2023-05-23 14:36:32,32,33,13051,65672
2023-05-23 14:36:32,32,33,13054,65675
2023-05-23 14:36:32,32,33,13057,65678
2023-05-23 14:36:32,32,33,13060,65681
2023-05-23 14:36:32,32,33,13115,65736
2023-05-23 14:36:32,32,33,13118,65739
2023-05-23 14:36:32,32,33,13121,65742
2023-05-23 14:36:33,32,33,13124,65745
2023-05-23 14:36:33,32,33,13127,65748
2023-05-23 14:36:33,32,33,13130,65751
2023-05-23 14:36:33,32,33,13133,65754
2023-05-23 14:36:33,32,33,13136,65757
2023-05-23 14:36:33,32,33,13157,65778
2023-05-23 14:36:33,32,33,13160,65781
2023-05-23 14:36:33,32,33,13163,65784
2023-05-23 14:36:34,32,33,13166,65787
2023-05-23 14:36:34,32,33,13216,65837
2023-05-23 14:36:34,31,33,13243,65864
2023-05-23 14:36:35,30,33,13273,65894
2023-05-23 14:36:36,30,31,13273,65894
2023-05-23 14:36:37,30,31,13298,65919
2023-05-23 14:36:37,30,31,13323,65944
2023-05-23 14:36:38,29,31,13323,65944
2023-05-23 14:36:38,30,31,13323,65944
2023-05-23 14:36:38,30,31,13379,66000
2023-05-23 14:36:52,30,31,13559,66180
2023-05-23 14:37:13,28,30,13559,66220
2023-05-23 14:37:13,27,30,13559,66220
2023-05-23 14:37:14,27,29,13559,66220
2023-05-23 14:37:14,27,30,13559,66220
2023-05-23 14:37:15,27,28,13559,66220
2023-05-23 14:37:25,25,28,13579,66240
2023-05-23 14:37:25,25,27,13579,66240
2023-05-23 14:37:31,26,27,13579,66240
2023-05-23 14:37:34,25,27,13579,66240
2023-05-23 14:37:38,26,27,13579,66240
2023-05-23 14:37:41,27,28,13579,66322
2023-05-23 14:37:41,26,28,13597,66340
2023-05-23 14:37:42,27,28,13597,66340
2023-05-23 14:37:42,27,28,13704,66526
2023-05-23 14:37:43,27,28,13704,66626
2023-05-23 14:37:43,27,28,13704,66826
2023-05-23 14:37:44,27,30,13704,66826
2023-05-23 14:37:44,28,30,13704,66826
2023-05-23 14:37:48,28,29,13704,66826
2023-05-23 14:38:26,28,29,13746,66926
2023-05-23 14:38:28,28,29,13846,67026
2023-05-23 14:38:51,27,28,13846,67066
2023-05-23 14:38:55,27,28,13904,67124
2023-05-23 14:38:55,27,28,13962,67182
2023-05-23 14:38:55,27,28,13962,67202
2023-05-23 14:39:01,25,28,13962,67202
2023-05-23 14:39:09,25,27,13962,67202
2023-05-23 14:39:10,25,28,13962,67202
2023-05-23 14:39:17,25,27,13962,67202
2023-05-23 14:39:17,25,28,13962,67202
2023-05-23 14:39:18,26,28,13962,67202
2023-05-23 14:39:20,25,28,13962,67202
2023-05-23 14:39:27,26,28,13962,67202
2023-05-23 14:39:42,27,28,13962,67202
2023-05-23 14:39:49,28,29,13979,67264
2023-05-23 14:39:49,27,29,13979,67264
2023-05-23 14:39:57,28,29,13979,67264
2023-05-23 14:39:58,29,31,14114,67399
2023-05-23 14:39:58,28,31,14114,67399
2023-05-23 14:40:28,28,30,14114,67399
2023-05-23 14:40:31,28,29,14114,67399
2023-05-23 14:41:59,29,31,14116,67401
2023-05-23 14:41:59,30,31,14116,67401
2023-05-23 14:42:29,29,30,14057,67505
2023-05-23 14:42:29,27,28,14188,67639
2023-05-23 14:42:29,25,28,14188,67639
2023-05-23 14:42:29,24,28,14188,67639
2023-05-23 14:42:30,24,30,14188,67639
2023-05-23 14:42:30,24,29,14188,67639
2023-05-23 14:42:30,24,28,14188,67639
2023-05-23 14:42:31,24,26,14188,67639
2023-05-23 14:42:33,24,27,14188,67639
2023-05-23 14:42:33,24,25,14188,67639
2023-05-23 14:42:44,24,25,14088,67739
2023-05-23 14:43:07,24,25,14088,67839
2023-05-23 14:43:09,25,26,14088,67865
2023-05-23 14:43:12,26,27,14160,67991
2023-05-23 14:43:12,26,30,14160,67991
2023-05-23 14:43:12,26,27,14160,67991
2023-05-23 14:43:13,27,31,14162,67993
2023-05-23 14:43:13,26,31,14162,67993
2023-05-23 14:43:13,26,29,14162,67993
2023-05-23 14:43:13,27,29,14162,67993
2023-05-23 14:43:16,28,29,14162,67993
2023-05-23 14:43:16,28,31,14162,67993
2023-05-23 14:43:16,28,29,14162,67993
2023-05-23 14:43:16,29,30,14182,68013
2023-05-23 14:43:18,29,31,14182,68013
2023-05-23 14:43:20,30,31,14182,68013
2023-05-23 14:43:32,31,34,14207,68038
2023-05-23 14:43:32,30,34,14207,68038
2023-05-23 14:43:33,32,34,14207,68038
2023-05-23 14:43:39,31,34,14207,68038
2023-05-23 14:43:41,31,35,14207,68038
2023-05-23 14:43:41,31,33,14207,68038
2023-05-23 14:43:48,31,32,14207,68038
2023-05-23 14:43:49,32,33,14207,68068
2023-05-23 14:43:54,31,33,14207,68068
2023-05-23 14:43:55,31,33,14207,68069
2023-05-23 14:44:54,33,35,14226,68088
2023-05-23 14:44:54,31,35,14226,68088
2023-05-23 14:45:18,32,35,14226,68088
2023-05-23 14:45:22,33,35,14226,68088
2023-05-23 14:45:23,35,36,14246,68108
2023-05-23 14:45:23,33,36,14246,68108
2023-05-23 14:45:24,34,36,14246,68108
2023-05-23 14:45:24,35,36,14246,68108
2023-05-23 14:45:24,36,40,14266,68128
2023-05-23 14:45:24,35,40,14266,68128
2023-05-23 14:45:24,35,39,14266,68128
2023-05-23 14:45:25,36,39,14266,68128
2023-05-23 14:45:25,37,39,14266,68128
2023-05-23 14:45:28,37,41,14266,68128
2023-05-23 14:45:30,37,39,14266,68128
2023-05-23 14:45:43,37,38,14266,68128
2023-05-23 14:45:43,38,39,14266,68130
2023-05-23 14:45:43,37,39,14266,68130
2023-05-23 14:45:44,37,39,14265,68131
2023-05-23 14:45:52,34,39,14265,68131
2023-05-23 14:45:54,34,38,14265,68131
2023-05-23 14:45:55,34,37,14265,68131
2023-05-23 14:45:57,32,37,14265,68131
2023-05-23 14:46:03,32,36,14265,68131
2023-05-23 14:46:05,32,35,14265,68131
2023-05-23 14:46:10,32,34,14265,68131
2023-05-23 14:46:11,32,33,14265,68131
2023-05-23 14:46:21,32,33,14265,68133
2023-05-23 14:46:21,28,33,14265,68133
2023-05-23 14:46:24,28,33,14266,68134
2023-05-23 14:46:24,28,31,14266,68134
2023-05-23 14:46:25,28,33,14266,68134
2023-05-23 14:46:25,28,30,14266,68134
2023-05-23 14:46:57,28,29,14266,68134
2023-05-23 14:47:01,28,30,14266,68134
2023-05-23 14:47:03,29,30,14266,68134
2023-05-23 14:47:05,30,32,14268,68136
2023-05-23 14:47:10,30,31,14268,68136
2023-05-23 14:47:14,28,31,14268,68136
2023-05-23 14:47:17,28,30,14268,68136
2023-05-23 14:47:24,29,30,14268,68136
2023-05-23 14:47:25,29,30,14468,68336
2023-05-23 14:47:26,30,31,14518,68386
2023-05-23 14:47:26,30,31,14523,68391
2023-05-23 14:47:27,31,32,14525,68393
2023-05-23 14:47:27,30,32,14525,68393
2023-05-23 14:47:28,30,32,14527,68395
2023-05-23 14:47:36,29,32,14527,68395
2023-05-23 14:47:36,29,34,14527,68395
2023-05-23 14:47:36,29,31,14527,68395
2023-05-23 14:47:48,30,31,14527,68395
2023-05-23 14:47:51,31,32,14529,68397
2023-05-23 14:47:56,30,32,14529,68397
2023-05-23 14:47:56,31,32,14529,68397
2023-05-23 14:48:15,31,32,14528,68398
2023-05-23 14:48:25,32,33,14532,68402
2023-05-23 14:48:25,31,33,14532,68402
2023-05-23 14:48:26,32,33,14532,68402
2023-05-23 14:48:43,33,36,14536,68409
2023-05-23 14:48:48,32,36,14536,68409
2023-05-23 14:48:49,32,34,14536,68409
2023-05-23 14:48:49,33,34,14536,68409
2023-05-23 14:48:51,33,34,14535,68410
2023-05-23 14:49:06,34,36,14537,68414
2023-05-23 14:49:10,34,35,14537,68414
2023-05-23 14:49:12,33,35,14537,68414
2023-05-23 14:49:50,33,34,14537,68414
2023-05-23 14:50:07,32,34,14537,68414
2023-05-23 14:50:13,33,34,14537,68414
2023-05-23 14:50:21,34,35,14539,68419
2023-05-23 14:50:21,33,35,14539,68419
2023-05-23 14:50:21,34,35,14539,68419
2023-05-23 14:50:29,35,36,14541,68424
2023-05-23 14:50:29,34,36,14541,68424
2023-05-23 14:50:29,35,36,14541,68424
2023-05-23 14:50:31,36,39,14541,68426
2023-05-23 14:50:31,35,39,14541,68426
2023-05-23 14:50:31,36,39,14541,68426
2023-05-23 14:50:32,36,41,14541,68426
2023-05-23 14:50:34,36,40,14541,68426
2023-05-23 14:50:34,36,40,14543,68428
2023-05-23 14:50:37,35,40,14543,68428
2023-05-23 14:50:37,36,40,14543,68428
2023-05-23 14:50:46,37,40,14543,68428
2023-05-23 14:50:46,38,40,14543,68428
2023-05-23 14:50:46,38,40,14555,68440
2023-05-23 14:50:50,37,40,14555,68440
2023-05-23 14:50:52,37,39,14555,68440
2023-05-23 14:51:04,38,39,14555,68440
2023-05-23 14:51:04,38,39,14555,68443
2023-05-23 14:51:05,39,40,14557,68448
2023-05-23 14:51:05,38,40,14557,68448
2023-05-23 14:51:06,37,40,14557,68448
2023-05-23 14:51:12,37,39,14557,68448
2023-05-23 14:51:16,37,40,14557,68448
2023-05-23 14:51:17,38,40,14557,68448
2023-05-23 14:51:18,40,43,14585,68479
2023-05-23 14:51:18,38,43,14585,68479
2023-05-23 14:51:21,39,43,14585,68479
2023-05-23 14:51:25,39,43,14585,68482
2023-05-23 14:51:26,39,42,14585,68482
2023-05-23 14:51:27,39,43,14585,68482
2023-05-23 14:51:27,39,41,14585,68482
2023-05-23 14:51:28,39,43,14585,68482
2023-05-23 14:51:28,39,40,14585,68482
2023-05-23 14:51:42,38,40,14585,68482
2023-05-23 14:51:44,38,39,14585,68482
2023-05-23 14:52:22,39,40,14587,68487
2023-05-23 14:52:22,38,40,14587,68487
2023-05-23 14:52:23,39,40,14587,68487
2023-05-23 14:52:24,38,40,14587,68487
2023-05-23 14:52:26,38,39,14587,68487
2023-05-23 14:52:34,37,39,14587,68487
2023-05-23 14:52:37,38,39,14587,68487
2023-05-23 14:52:54,39,40,14591,68494
2023-05-23 14:52:54,38,40,14591,68494
2023-05-23 14:52:54,39,40,14591,68494
2023-05-23 14:52:57,40,42,14593,68500
2023-05-23 14:52:57,39,42,14593,68500
2023-05-23 14:52:58,40,42,14593,68500
2023-05-23 14:53:05,41,42,14593,68500
2023-05-23 14:53:14,40,42,14627,68536
2023-05-23 14:53:19,42,44,14647,68556
2023-05-23 14:53:19,40,44,14647,68556
2023-05-23 14:53:22,40,43,14647,68556
2023-05-23 14:53:30,40,44,14647,68556
2023-05-23 14:53:30,40,42,14647,68556
2023-05-23 14:53:34,40,41,14647,68556
2023-05-23 14:54:49,40,41,14610,68593
2023-05-23 14:55:20,40,41,14510,68693
2023-05-23 14:55:26,39,41,14410,68793
2023-05-23 14:55:39,40,41,14410,68793
2023-05-23 14:55:41,39,41,14410,68793
2023-05-23 14:55:56,39,40,14410,68793
2023-05-23 14:56:00,37,40,14410,68793
2023-05-23 14:56:12,38,40,14410,68793
2023-05-23 14:56:42,39,40,14410,68793
2023-05-23 14:56:46,40,41,14430,68813
2023-05-23 14:57:00,41,44,14450,68837
2023-05-23 14:57:00,41,43,14450,68837
2023-05-23 14:58:12,42,43,14450,68837
2023-05-23 14:58:12,42,43,14472,68859
2023-05-23 14:58:29,43,44,14492,68879
2023-05-23 14:58:30,43,44,14549,68936
2023-05-23 14:58:30,42,44,14572,68959
2023-05-23 14:58:33,43,44,14572,68959
2023-05-23 14:58:35,42,44,14572,68959
2023-05-23 14:58:36,43,44,14572,68959
2023-05-23 14:58:36,42,43,14570,68961
2023-05-23 14:58:56,43,44,14572,68963
2023-05-23 14:59:06,44,45,14592,68983
2023-05-23 14:59:06,44,45,14601,68992
2023-05-23 14:59:16,42,45,14601,68992
2023-05-23 14:59:17,42,44,14601,68992
2023-05-23 14:59:27,42,45,14601,68992
2023-05-23 14:59:27,42,43,14601,68992
2023-05-23 15:00:06,42,44,14603,68994
2023-05-23 15:00:06,43,44,14603,68994
2023-05-23 15:00:06,42,44,14603,68994
2023-05-23 15:00:06,43,44,14603,68994
2023-05-23 15:00:07,44,45,14605,68996
2023-05-23 15:00:07,43,45,14605,68996
2023-05-23 15:00:07,44,45,14605,68996
2023-05-23 15:00:13,43,45,14605,68996
2023-05-23 15:00:14,43,44,14605,68996
2023-05-23 15:00:25,44,45,14607,68998
2023-05-23 15:00:25,43,45,14607,68998
2023-05-23 15:00:25,44,45,14607,68998
2023-05-23 15:00:26,45,46,14627,69018
2023-05-23 15:00:26,44,46,14627,69018
2023-05-23 15:00:27,45,46,14627,69018
2023-05-23 15:00:27,44,46,14627,69018
2023-05-23 15:00:28,45,46,14627,69018
2023-05-23 15:00:39,45,46,14627,69038
2023-05-23 15:00:39,45,46,14627,69040
2023-05-23 15:00:39,45,46,14627,69140
2023-05-23 15:00:41,43,45,14625,69142
2023-05-23 15:00:59,44,45,14625,69142
2023-05-23 15:00:59,44,45,14632,69149
2023-05-23 15:01:04,44,45,14632,69151
2023-05-23 15:01:07,45,46,14634,69153
2023-05-23 15:01:07,44,46,14732,69251
2023-05-23 15:01:07,45,46,14732,69251
2023-05-23 15:01:08,44,46,14762,69281
2023-05-23 15:01:13,44,45,14762,69281
2023-05-23 15:01:26,44,45,14723,69320
2023-05-23 15:01:26,43,45,14748,69468
2023-05-23 15:01:37,43,44,14748,69468
2023-05-23 15:01:37,43,45,14748,69468
2023-05-23 15:01:37,43,44,14748,69468
2023-05-23 15:01:37,43,44,14778,69498
2023-05-23 15:01:38,39,44,14778,69498
2023-05-23 15:01:38,39,43,14778,69498
2023-05-23 15:01:38,41,43,14778,69498
2023-05-23 15:01:47,41,42,14778,69498
2023-05-23 15:01:48,40,41,14778,69518
2023-05-23 15:01:57,40,41,14883,69718
2023-05-23 15:01:57,38,41,15083,69918
2023-05-23 15:01:58,38,41,15083,70118
2023-05-23 15:01:59,38,41,15083,70318
2023-05-23 15:02:00,38,40,15083,70318
2023-05-23 15:02:00,38,40,15083,70518
2023-05-23 15:02:01,38,40,15083,70608
2023-05-23 15:02:01,38,39,15083,70608
2023-05-23 15:02:02,38,39,15083,70808
2023-05-23 15:02:02,38,40,15083,70808
2023-05-23 15:02:03,35,38,15083,70814
2023-05-23 15:02:03,35,40,15083,70814
2023-05-23 15:02:03,35,39,15083,70814
2023-05-23 15:02:03,35,38,15083,70814
2023-05-23 15:02:05,35,37,15083,70814
2023-05-23 15:02:11,38,39,14968,71004
2023-05-23 15:02:11,35,39,14968,71014
2023-05-23 15:02:11,35,37,14968,71014
2023-05-23 15:02:11,35,38,14968,71014
2023-05-23 15:02:12,35,38,15029,71214
2023-05-23 15:02:12,36,38,15029,71214
2023-05-23 15:02:12,37,38,15029,71214
2023-05-23 15:02:13,36,37,15089,71334
2023-05-23 15:02:13,36,38,15089,71334
2023-05-23 15:02:13,35,38,15089,71334
2023-05-23 15:02:13,36,38,15089,71334
2023-05-23 15:02:14,35,36,15119,71364
2023-05-23 15:02:14,35,38,15119,71364
2023-05-23 15:02:15,34,35,15149,71396
2023-05-23 15:02:15,34,38,15149,71396
2023-05-23 15:02:15,33,38,15149,71396
2023-05-23 15:02:15,34,38,15149,71396
2023-05-23 15:02:15,35,38,15149,71396
2023-05-23 15:02:16,34,35,15179,71426
2023-05-23 15:02:16,34,38,15179,71426
2023-05-23 15:02:16,33,38,15179,71426
2023-05-23 15:02:16,34,38,15179,71426
2023-05-23 15:02:16,35,38,15179,71426
2023-05-23 15:02:17,34,35,15209,71456
2023-05-23 15:02:17,34,38,15209,71456
2023-05-23 15:02:17,33,38,15209,71456
2023-05-23 15:02:17,34,38,15209,71456
2023-05-23 15:02:17,35,38,15209,71456
2023-05-23 15:02:18,34,35,15239,71486
2023-05-23 15:02:18,34,38,15239,71486
2023-05-23 15:02:18,33,38,15239,71486
2023-05-23 15:02:18,34,38,15239,71486
2023-05-23 15:02:20,34,35,15239,71486
2023-05-23 15:02:20,34,38,15243,71490
2023-05-23 15:02:21,35,38,15243,71490
2023-05-23 15:02:24,34,38,15243,71490
2023-05-23 15:02:41,35,38,15243,71490
2023-05-23 15:02:42,35,37,15243,71490
2023-05-23 15:02:43,35,37,15243,71590
2023-05-23 15:02:45,35,38,15243,71590
2023-05-23 15:02:45,35,36,15243,71590
2023-05-23 15:02:46,35,36,15243,71690
2023-05-23 15:02:48,36,38,15243,71704
2023-05-23 15:02:53,35,38,15243,71704
2023-05-23 15:02:54,35,37,15243,71704
2023-05-23 15:03:01,35,38,15243,71704
2023-05-23 15:03:03,35,38,15244,71705
2023-05-23 15:03:15,36,38,15244,71705
2023-05-23 15:03:15,38,41,15244,71728
2023-05-23 15:03:15,36,41,15244,71728
2023-05-23 15:03:16,36,40,15244,71728
2023-05-23 15:03:16,37,40,15244,71728
2023-05-23 15:03:18,37,41,15244,71728
2023-05-23 15:03:28,37,40,15244,71728
2023-05-23 15:03:36,37,39,15244,71728
2023-05-23 15:03:38,35,39,15244,71728
2023-05-23 15:03:52,36,39,15244,71728
2023-05-23 15:03:57,35,39,15244,71728
2023-05-23 15:04:10,35,38,15244,71728
2023-05-23 15:04:15,35,37,15244,71728
2023-05-23 15:04:16,35,38,15244,71728
2023-05-23 15:04:46,36,38,15244,71728
2023-05-23 15:04:50,35,38,15244,71728
2023-05-23 15:04:58,36,38,15244,71728
2023-05-23 15:05:00,36,38,15246,71828
2023-05-23 15:05:01,36,39,15246,71828
2023-05-23 15:05:08,37,39,15246,71828
2023-05-23 15:05:08,38,39,15246,71828
2023-05-23 15:05:08,39,41,15266,71848
2023-05-23 15:05:08,39,40,15266,71848
2023-05-23 15:05:08,39,41,15266,71848
2023-05-23 15:05:49,39,40,15266,71848
2023-05-23 15:06:00,36,40,15266,71848
2023-05-23 15:06:02,36,39,15266,71848
2023-05-23 15:06:04,36,40,15266,71848
2023-05-23 15:06:05,36,39,15266,71848
2023-05-23 15:06:07,36,38,15266,71848
2023-05-23 15:06:10,36,39,15266,71848
2023-05-23 15:06:21,37,39,15266,71848
2023-05-23 15:06:21,36,39,15266,71848
2023-05-23 15:06:28,37,39,15266,71848
2023-05-23 15:06:34,36,39,15266,71848
2023-05-23 15:06:44,37,39,15266,71848
2023-05-23 15:06:46,36,39,15266,71848
2023-05-23 15:06:52,36,38,15266,71848
2023-05-23 15:06:56,36,37,15266,71848
2023-05-23 15:07:02,33,35,15280,72012
2023-05-23 15:07:03,33,36,15280,72012
2023-05-23 15:07:05,33,35,15280,72012
2023-05-23 15:07:08,33,35,15480,72212
2023-05-23 15:07:09,29,35,15480,72212
2023-05-23 15:07:09,29,33,15480,72212
2023-05-23 15:07:10,28,33,15480,72212
2023-05-23 15:07:10,28,32,15480,72212
2023-05-23 15:07:11,29,32,15480,72212
2023-05-23 15:07:18,29,31,15480,72212
2023-05-23 15:07:22,29,32,15480,72212
2023-05-23 15:07:26,27,32,15480,72212
2023-05-23 15:07:29,28,32,15480,72212
2023-05-23 15:07:31,27,32,15480,72212
2023-05-23 15:07:35,27,31,15480,72212
2023-05-23 15:07:39,27,30,15480,72212
2023-05-23 15:07:41,27,29,15480,72212
2023-05-23 15:07:46,25,27,15500,72232
2023-05-23 15:07:46,25,29,15500,72232
2023-05-23 15:07:49,25,30,15500,72232
2023-05-23 15:07:50,25,29,15500,72232
2023-05-23 15:07:51,26,29,15500,72232
2023-05-23 15:07:58,25,29,15500,72232
2023-05-23 15:08:14,25,28,15500,72232
2023-05-23 15:08:22,25,28,15500,72245
2023-05-23 15:08:25,25,29,15500,72245
2023-05-23 15:08:37,26,29,15500,72245
2023-05-23 15:08:37,27,29,15500,72245
2023-05-23 15:08:40,26,29,15500,72245
2023-05-23 15:08:45,26,28,15500,72245
2023-05-23 15:08:47,26,29,15500,72245
2023-05-23 15:08:48,25,29,15500,72245
2023-05-23 15:08:49,26,29,15500,72245
2023-05-23 15:08:49,26,28,15500,72245
2023-05-23 15:09:14,27,28,15500,72245
2023-05-23 15:09:18,28,29,15500,72267
2023-05-23 15:09:27,29,30,15500,72289
2023-05-23 15:09:30,29,30,15519,72389
2023-05-23 15:09:32,30,32,15559,72429
2023-05-23 15:09:33,31,32,15559,72429
2023-05-23 15:09:33,30,32,15559,72429
2023-05-23 15:09:34,31,32,15559,72429
2023-05-23 15:09:54,31,32,15559,72529
2023-05-23 15:09:56,31,32,15559,72629
2023-05-23 15:09:58,32,34,15579,72702
2023-05-23 15:10:03,32,34,15579,72802
2023-05-23 15:10:04,32,34,15379,73002
2023-05-23 15:10:05,32,34,15179,73202
2023-05-23 15:10:06,33,34,15179,73202
2023-05-23 15:10:06,34,39,15179,73204
2023-05-23 15:10:06,33,39,15179,73204
2023-05-23 15:10:06,34,39,15179,73204
2023-05-23 15:10:06,35,39,15179,73204
2023-05-23 15:10:17,36,39,15179,73204
2023-05-23 15:10:19,35,39,15179,73204
2023-05-23 15:10:22,36,39,15179,73204
2023-05-23 15:10:24,35,39,15179,73204
2023-05-23 15:10:25,35,40,15199,73224
2023-05-23 15:10:25,35,39,15199,73224
2023-05-23 15:10:31,35,38,15199,73224
2023-05-23 15:10:32,35,38,15204,73229
2023-05-23 15:10:33,36,38,15204,73229
2023-05-23 15:10:33,36,39,15204,73229
2023-05-23 15:10:35,35,39,15204,73229
2023-05-23 15:10:35,37,39,15204,73229
2023-05-23 15:10:38,35,39,15204,73229
2023-05-23 15:10:38,36,39,15204,73229
2023-05-23 15:10:40,36,38,15204,73229
2023-05-23 15:10:47,36,39,15204,73229
2023-05-23 15:10:47,37,39,15204,73229
2023-05-23 15:10:50,36,39,15204,73229
2023-05-23 15:10:50,38,39,15204,73229
2023-05-23 15:11:06,37,38,15204,73231
2023-05-23 15:11:06,37,39,15204,73231
2023-05-23 15:11:19,37,38,15204,73231
2023-05-23 15:11:20,36,37,15204,73315
2023-05-23 15:11:20,36,38,15204,73315
2023-05-23 15:11:22,36,37,15204,73315
2023-05-23 15:11:24,35,36,15273,73399
2023-05-23 15:11:24,35,37,15273,73399
2023-05-23 15:11:25,34,37,15273,73399
2023-05-23 15:11:25,35,37,15273,73399
2023-05-23 15:11:29,34,37,15273,73399
2023-05-23 15:11:31,34,36,15273,73399
2023-05-23 15:11:34,34,37,15273,73399
2023-05-23 15:11:36,34,36,15273,73399
2023-05-23 15:11:43,32,36,15268,73424
2023-05-23 15:11:44,33,36,15268,73424
2023-05-23 15:11:44,34,36,15268,73424
2023-05-23 15:11:50,34,36,15268,73449
2023-05-23 15:11:56,33,36,15268,73449
2023-05-23 15:12:01,32,36,15268,73449
2023-05-23 15:12:01,33,36,15268,73449
2023-05-23 15:12:07,33,35,15268,73449
2023-05-23 15:12:07,33,36,15268,73449
2023-05-23 15:12:12,33,35,15268,73449
2023-05-23 15:12:12,33,36,15268,73449
2023-05-23 15:12:17,33,35,15268,73449
2023-05-23 15:12:17,33,36,15268,73449
2023-05-23 15:12:23,33,35,15268,73449
2023-05-23 15:12:23,33,36,15268,73449
2023-05-23 15:12:28,33,35,15268,73449
2023-05-23 15:12:28,33,36,15268,73449
2023-05-23 15:12:30,34,36,15268,73449
2023-05-23 15:12:37,35,36,15268,73449
2023-05-23 15:12:46,35,36,15304,73549
2023-05-23 15:12:49,36,37,15391,73636
2023-05-23 15:12:57,37,39,15391,73755
2023-05-23 15:12:57,36,39,15391,73755
2023-05-23 15:12:57,36,38,15391,73755
2023-05-23 15:12:57,36,39,15391,73755
2023-05-23 15:12:57,37,39,15391,73755
2023-05-23 15:13:01,38,39,15391,73755
2023-05-23 15:13:01,38,39,15391,73777
2023-05-23 15:13:04,39,40,15390,73897
2023-05-23 15:13:04,38,40,15390,73897
2023-05-23 15:13:04,39,40,15390,73897
2023-05-23 15:13:07,40,41,15384,73903
2023-05-23 15:13:07,39,41,15384,73903
2023-05-23 15:13:07,40,41,15384,73903
2023-05-23 15:13:08,40,41,15386,73905
2023-05-23 15:13:24,41,42,15386,73927
2023-05-23 15:13:24,40,42,15386,73927
2023-05-23 15:13:24,41,42,15386,73927
2023-05-23 15:13:24,41,43,15386,73927
2023-05-23 15:13:25,42,43,15386,73927
2023-05-23 15:13:43,42,43,15386,73928
2023-05-23 15:13:54,43,44,15426,74104
2023-05-23 15:13:54,42,44,15426,74104
2023-05-23 15:13:55,43,44,15426,74104
2023-05-23 15:13:59,42,44,15426,74104
2023-05-23 15:14:00,43,44,15426,74104
2023-05-23 15:14:01,42,44,15426,74104
2023-05-23 15:14:02,42,45,15426,74104
2023-05-23 15:14:02,42,43,15426,74104
2023-05-23 15:14:05,43,45,15426,74106
2023-05-23 15:14:05,42,45,15426,74106
2023-05-23 15:14:05,42,44,15426,74106
2023-05-23 15:14:07,42,43,15426,74106
2023-05-23 15:14:24,43,45,15428,74108
2023-05-23 15:14:24,42,45,15428,74108
2023-05-23 15:14:24,43,44,15428,74108
2023-05-23 15:14:27,43,45,15430,74110
2023-05-23 15:14:28,43,44,15430,74110
2023-05-23 15:14:32,43,45,15432,74112
2023-05-23 15:14:46,44,45,15432,74112
2023-05-23 15:14:57,45,46,15436,74119
2023-05-23 15:15:00,44,46,15436,74119
2023-05-23 15:15:00,45,46,15436,74119
2023-05-23 15:15:03,46,48,15436,74122
2023-05-23 15:15:03,45,48,15436,74122
2023-05-23 15:15:09,44,48,15436,74122
2023-05-23 15:15:09,44,47,15436,74122
2023-05-23 15:15:11,44,46,15436,74122
2023-05-23 15:15:18,46,47,15438,74124
2023-05-23 15:15:22,46,48,15440,74126
2023-05-23 15:15:22,46,47,15440,74126
2023-05-23 15:15:23,44,47,15441,74127
2023-05-23 15:15:25,44,47,15444,74130
2023-05-23 15:15:25,44,48,15444,74130
2023-05-23 15:15:25,44,47,15444,74130
2023-05-23 15:15:29,43,47,15444,74130
2023-05-23 15:15:29,43,45,15444,74130
2023-05-23 15:15:30,43,44,15444,74130
2023-05-23 15:15:30,43,45,15444,74130
2023-05-23 15:15:30,43,45,15450,74136
2023-05-23 15:15:32,43,45,15450,74216
2023-05-23 15:15:33,45,46,15477,74243
2023-05-23 15:15:33,45,46,15513,74279
2023-05-23 15:15:33,45,46,15543,74309
2023-05-23 15:15:34,43,45,15552,74365
2023-05-23 15:15:34,43,46,15552,74365
2023-05-23 15:15:34,43,45,15452,74465
2023-05-23 15:15:34,43,44,15452,74465
2023-05-23 15:15:34,43,47,15452,74465
2023-05-23 15:15:34,43,46,15452,74465
2023-05-23 15:15:36,43,45,15452,74465
2023-05-23 15:15:36,43,44,15452,74465
2023-05-23 15:15:37,42,43,15526,74559
2023-05-23 15:15:37,42,44,15526,74559
2023-05-23 15:15:37,42,43,15526,74559
2023-05-23 15:15:38,42,43,15446,74639
2023-05-23 15:15:41,41,43,15531,74839
2023-05-23 15:15:46,41,42,15531,74839
2023-05-23 15:15:53,38,41,15551,74889
2023-05-23 15:15:53,38,42,15551,74889
2023-05-23 15:15:53,39,42,15551,74889
2023-05-23 15:15:59,38,42,15551,74889
2023-05-23 15:16:02,38,41,15551,74889
2023-05-23 15:16:04,38,40,15551,74889
2023-05-23 15:16:04,38,41,15551,74889
2023-05-23 15:16:07,38,42,15551,74889
2023-05-23 15:16:08,38,41,15551,74889
2023-05-23 15:16:09,39,41,15551,74889
2023-05-23 15:16:12,39,41,15552,74890
2023-05-23 15:16:14,38,41,15552,74890
2023-05-23 15:16:14,38,40,15552,74890
2023-05-23 15:16:19,39,40,15552,74890
2023-05-23 15:16:19,39,41,15552,74890
2023-05-23 15:16:23,38,41,15552,74890
2023-05-23 15:16:23,38,40,15552,74890
2023-05-23 15:16:25,39,40,15552,74890
2023-05-23 15:16:34,39,40,15552,74891
2023-05-23 15:16:35,38,39,15596,74935
2023-05-23 15:16:35,38,40,15596,74935
2023-05-23 15:16:35,38,39,15596,74935
2023-05-23 15:16:38,35,38,15616,74955
2023-05-23 15:16:38,35,39,15616,74955
2023-05-23 15:16:40,34,39,15616,74955
2023-05-23 15:16:40,35,39,15616,74955
2023-05-23 15:16:47,35,38,15616,74955
2023-05-23 15:16:52,35,37,15616,74955
2023-05-23 15:16:53,35,36,15616,74955
2023-05-23 15:16:56,34,35,15636,74975
2023-05-23 15:16:56,34,36,15636,74975
2023-05-23 15:16:56,34,35,15636,74975
2023-05-23 15:16:56,34,36,15636,74975
2023-05-23 15:16:59,34,35,15636,74975
2023-05-23 15:17:00,31,34,15656,74995
2023-05-23 15:17:00,31,35,15656,74995
2023-05-23 15:17:08,32,35,15656,74995
2023-05-23 15:17:08,33,35,15656,74995
2023-05-23 15:17:16,33,34,15656,74995
2023-05-23 15:17:23,31,33,15676,75015
2023-05-23 15:17:23,31,34,15676,75015
2023-05-23 15:17:28,31,35,15676,75015
2023-05-23 15:17:30,31,34,15676,75015
2023-05-23 15:17:31,32,34,15676,75015
2023-05-23 15:17:33,31,34,15676,75015
2023-05-23 15:17:34,32,34,15676,75015
2023-05-23 15:17:53,31,32,15696,75035
2023-05-23 15:17:53,31,34,15696,75035
2023-05-23 15:17:54,31,33,15696,75035
2023-05-23 15:17:59,28,31,15716,75055
2023-05-23 15:17:59,28,33,15716,75055
2023-05-23 15:18:00,28,32,15716,75055
2023-05-23 15:18:03,28,31,15716,75055
2023-05-23 15:18:09,28,30,15716,75055
2023-05-23 15:18:09,28,31,15716,75055
2023-05-23 15:18:09,28,30,15716,75055
2023-05-23 15:18:10,28,29,15716,75055
2023-05-23 15:18:10,27,28,15736,75075
2023-05-23 15:18:10,27,29,15736,75075
2023-05-23 15:18:11,27,29,15936,75275
2023-05-23 15:18:12,27,28,15936,75275
2023-05-23 15:18:12,27,29,15936,75275
2023-05-23 15:18:12,25,27,15945,75284
2023-05-23 15:18:12,25,28,15945,75284
2023-05-23 15:18:12,25,29,15945,75284
2023-05-23 15:18:13,25,28,15945,75284
2023-05-23 15:18:13,25,29,15945,75284
2023-05-23 15:18:15,25,28,15945,75284
2023-05-23 15:18:16,25,27,15945,75284
2023-05-23 15:18:21,25,27,16145,75484
2023-05-23 15:18:22,24,25,16202,75541
2023-05-23 15:18:22,24,27,16202,75541
2023-05-23 15:18:26,24,26,16202,75541
2023-05-23 15:18:26,24,27,16202,75541
2023-05-23 15:18:27,24,26,16202,75541
2023-05-23 15:18:28,24,26,16402,75741
2023-05-23 15:18:32,24,25,16402,75741
2023-05-23 15:18:32,22,24,16480,75819
2023-05-23 15:18:32,22,25,16480,75819
2023-05-23 15:18:35,22,26,16480,75819
2023-05-23 15:18:36,22,27,16480,75819
2023-05-23 15:18:50,22,26,16480,75819
2023-05-23 15:18:52,22,27,16480,75819
2023-05-23 15:18:54,23,27,16480,75819
2023-05-23 15:18:58,23,26,16480,75819
2023-05-23 15:19:00,23,25,16480,75819
2023-05-23 15:19:03,23,24,16480,75819
2023-05-23 15:19:03,23,24,16680,76019
2023-05-23 15:19:04,20,23,16745,76084
2023-05-23 15:19:04,20,24,16745,76084
2023-05-23 15:19:04,20,25,16745,76084
2023-05-23 15:19:04,20,24,16745,76084
2023-05-23 15:19:06,19,24,16745,76084
2023-05-23 15:19:07,18,24,16745,76084
2023-05-23 15:19:07,18,23,16745,76084
2023-05-23 15:19:09,18,22,16745,76084
2023-05-23 15:19:10,18,21,16745,76084
2023-05-23 15:19:10,18,20,16745,76084
2023-05-23 15:19:10,18,20,16945,76284
2023-05-23 15:19:15,17,20,16945,76284
2023-05-23 15:19:17,17,19,16945,76284
2023-05-23 15:19:18,17,18,16945,76284
2023-05-23 15:19:23,17,19,16945,76284
2023-05-23 15:19:23,17,20,16945,76284
2023-05-23 15:19:23,17,19,16945,76284
2023-05-23 15:19:34,17,19,17078,76417
2023-05-23 15:19:45,17,19,17081,76420
2023-05-23 15:19:48,17,19,17281,76620
2023-05-23 15:19:48,17,19,17481,76820
2023-05-23 15:19:48,17,18,17481,76820
2023-05-23 15:19:50,15,17,17545,76884
2023-05-23 15:19:50,15,18,17545,76884
2023-05-23 15:19:51,15,17,17545,76884
2023-05-23 15:20:00,15,16,17545,76884
2023-05-23 15:20:02,15,16,17575,76914
2023-05-23 15:20:02,15,16,17605,76944
2023-05-23 15:20:03,15,16,17745,77084
2023-05-23 15:20:03,15,16,17885,77224
2023-05-23 15:20:15,15,18,17885,77224
2023-05-23 15:20:15,15,19,17885,77224
2023-05-23 15:20:23,16,19,17885,77224
2023-05-23 15:20:29,15,19,17885,77224
2023-05-23 15:20:31,16,19,17885,77224
2023-05-23 15:20:34,17,19,17885,77224
2023-05-23 15:20:40,18,19,17885,77224
2023-05-23 15:20:45,18,21,17685,77424
2023-05-23 15:20:45,19,21,17685,77424
2023-05-23 15:20:48,18,21,17685,77424
2023-05-23 15:20:51,19,21,17685,77424
2023-05-23 15:21:02,20,21,17685,77424
2023-05-23 15:21:05,19,21,17685,77424
2023-05-23 15:21:13,20,21,17685,77424
2023-05-23 15:21:15,19,21,17685,77424
2023-05-23 15:21:15,20,21,17685,77424
2023-05-23 15:21:17,21,23,17600,77564
2023-05-23 15:21:17,20,23,17600,77564
2023-05-23 15:21:17,21,23,17600,77564
2023-05-23 15:21:19,22,23,17600,77564
2023-05-23 15:21:21,23,26,17600,77566
2023-05-23 15:21:21,22,26,17600,77566
2023-05-23 15:21:21,23,26,17600,77566
2023-05-23 15:21:21,24,26,17600,77566
2023-05-23 15:21:22,23,26,17600,77566
2023-05-23 15:21:22,24,26,17600,77566
2023-05-23 15:21:26,24,26,17400,77766
2023-05-23 15:21:26,25,26,17400,77766
2023-05-23 15:21:26,25,30,17400,77766
2023-05-23 15:21:27,26,30,17400,77766
2023-05-23 15:21:27,27,30,17400,77766
2023-05-23 15:21:29,26,30,17400,77766
2023-05-23 15:21:30,27,30,17400,77766
2023-05-23 15:21:34,26,30,17400,77766
2023-05-23 15:21:43,26,29,17400,77766
2023-05-23 15:21:45,26,28,17400,77766
2023-05-23 15:21:45,26,29,17400,77766
2023-05-23 15:21:54,26,28,17400,77766
2023-05-23 15:21:55,24,28,17400,77766
2023-05-23 15:22:00,24,27,17400,77766
2023-05-23 15:22:00,24,28,17400,77766
2023-05-23 15:22:03,25,28,17400,77766
2023-05-23 15:22:09,24,28,17400,77766
2023-05-23 15:22:17,24,27,17400,77766
2023-05-23 15:22:19,25,27,17400,77766
2023-05-23 15:22:23,26,27,17400,77766
2023-05-23 15:22:23,26,27,17420,77786
2023-05-23 15:22:27,27,28,17423,77789
2023-05-23 15:22:27,26,28,17482,77848
2023-05-23 15:22:27,26,27,17482,77848
2023-05-23 15:22:27,25,27,17482,77848
2023-05-23 15:22:40,25,26,17482,77848
2023-05-23 15:22:53,25,27,17482,77848
2023-05-23 15:23:15,24,27,17425,77998
2023-05-23 15:23:17,24,26,17425,77998
2023-05-23 15:23:21,24,27,17425,77998
2023-05-23 15:23:24,24,26,17425,77998
2023-05-23 15:23:29,24,27,17425,77998
2023-05-23 15:23:29,24,25,17425,77998
2023-05-23 15:23:32,25,27,17425,78048
2023-05-23 15:23:32,25,27,17462,78086
2023-05-23 15:23:34,25,26,17462,78086
2023-05-23 15:23:36,24,26,17462,78086
2023-05-23 15:23:39,24,25,17462,78086
2023-05-23 15:23:42,23,24,17462,78112
2023-05-23 15:23:42,23,25,17462,78112
2023-05-23 15:23:42,23,24,17462,78112
2023-05-23 15:23:52,20,24,17462,78112
2023-05-23 15:23:52,20,23,17462,78112
2023-05-23 15:23:56,20,24,17462,78112
2023-05-23 15:23:57,21,24,17462,78112
2023-05-23 15:23:59,20,24,17462,78112
2023-05-23 15:24:13,24,25,17471,78168
2023-05-23 15:24:14,25,26,17471,78198
2023-05-23 15:24:14,24,26,17471,78198
2023-05-23 15:24:15,24,26,17271,78398
2023-05-23 15:24:15,24,26,17271,78498
2023-05-23 15:24:16,24,27,17271,78498
2023-05-23 15:24:16,26,27,17271,78498
2023-05-23 15:24:16,24,27,17271,78498
2023-05-23 15:24:16,27,31,17330,78557
2023-05-23 15:24:16,27,33,17330,78557
2023-05-23 15:24:18,28,33,17330,78557
2023-05-23 15:24:18,30,33,17330,78557
2023-05-23 15:24:19,30,32,17330,78557
2023-05-23 15:24:21,27,32,17330,78557
2023-05-23 15:24:21,29,32,17330,78557
2023-05-23 15:24:23,30,32,17330,78557
2023-05-23 15:24:43,30,32,17330,78558
2023-05-23 15:24:43,31,32,17330,78558
2023-05-23 15:24:57,32,33,17330,78577
2023-05-23 15:24:57,31,33,17330,78618
2023-05-23 15:25:08,32,33,17330,78638
2023-05-23 15:25:08,31,33,17330,78638
2023-05-23 15:25:09,32,33,17330,78638
2023-05-23 15:25:40,31,32,17345,78715
2023-05-23 15:25:40,31,33,17345,78715
2023-05-23 15:25:40,31,32,17345,78715
2023-05-23 15:26:11,31,32,17345,78724
2023-05-23 15:26:11,30,31,17372,78757
2023-05-23 15:26:11,30,32,17372,78757
2023-05-23 15:26:13,28,32,17372,78757
2023-05-23 15:26:13,27,32,17372,78757
2023-05-23 15:26:13,27,31,17372,78757
2023-05-23 15:26:14,27,30,17372,78757
2023-05-23 15:26:14,26,30,17372,78757
2023-05-23 15:26:15,26,29,17372,78757
2023-05-23 15:26:16,25,29,17372,78757
2023-05-23 15:26:17,26,29,17372,78757
2023-05-23 15:26:22,27,29,17372,78757
2023-05-23 15:26:24,26,29,17372,78757
2023-05-23 15:26:29,26,29,17373,78758
2023-05-23 15:26:29,26,28,17373,78758
2023-05-23 15:26:33,27,28,17373,78758
2023-05-23 15:26:33,27,29,17373,78758
2023-05-23 15:26:39,28,29,17373,78758
2023-05-23 15:26:46,27,29,17373,78758
2023-05-23 15:26:48,26,29,17373,78758
2023-05-23 15:26:48,27,29,17373,78758
2023-05-23 15:26:48,27,28,17373,78758
2023-05-23 15:26:52,27,28,17373,78759
2023-05-23 15:26:57,27,29,17373,78759
2023-05-23 15:27:02,26,29,17373,78759
2023-05-23 15:27:04,25,29,17373,78759
2023-05-23 15:27:08,26,29,17373,78759
2023-05-23 15:27:10,25,29,17373,78759
2023-05-23 15:27:16,24,29,17373,78759
2023-05-23 15:27:21,25,29,17373,78759
2023-05-23 15:27:22,28,29,17373,78759
2023-05-23 15:29:01,26,28,17395,78781
2023-05-23 15:29:01,26,29,17395,78781
2023-05-23 15:29:02,26,29,17398,78784
2023-05-23 15:29:02,26,28,17398,78784
2023-05-23 15:29:02,23,28,17398,78784
2023-05-23 15:29:02,24,28,17398,78784
2023-05-23 15:29:05,24,27,17398,78784
2023-05-23 15:29:15,25,27,17398,78784
2023-05-23 15:29:17,25,29,17438,78854
2023-05-23 15:29:17,27,29,17438,78854
2023-05-23 15:29:18,27,30,17438,78854
2023-05-23 15:29:18,27,29,17438,78854
2023-05-23 15:29:20,28,29,17438,78854
2023-05-23 15:29:30,28,29,17438,78857
2023-05-23 15:29:30,29,33,17502,78921
2023-05-23 15:29:38,30,33,17502,78921
2023-05-23 15:29:41,30,33,17501,78922
2023-05-23 15:29:50,31,33,17501,78922
2023-05-23 15:30:04,32,33,17501,78922
2023-05-23 15:30:06,33,38,17521,78945
2023-05-23 15:30:06,33,37,17521,78945
2023-05-23 15:30:11,34,37,17521,78945
2023-05-23 15:30:19,34,39,17574,79078
2023-05-23 15:30:19,34,38,17574,79078
2023-05-23 15:30:19,35,38,17574,79078
2023-05-23 15:30:19,37,38,17574,79078
2023-05-23 15:30:19,35,38,17574,79108
2023-05-23 15:30:22,35,39,17574,79108
2023-05-23 15:30:22,35,40,17574,79108
2023-05-23 15:30:23,35,39,17574,79108
2023-05-23 15:30:26,35,40,17577,79111
2023-05-23 15:30:26,35,39,17577,79111
2023-05-23 15:30:27,35,36,17577,79111
2023-05-23 15:30:30,35,43,17577,79113
2023-05-23 15:30:30,35,42,17577,79113
2023-05-23 15:30:30,36,42,17577,79113
2023-05-23 15:30:30,37,42,17577,79113
2023-05-23 15:30:30,37,40,17577,79113
2023-05-23 15:30:30,37,39,17577,79113
2023-05-23 15:30:31,36,39,17577,79113
2023-05-23 15:30:32,36,39,17579,79115
2023-05-23 15:30:34,36,42,17582,79122
2023-05-23 15:30:34,36,41,17582,79122
2023-05-23 15:30:35,36,39,17582,79122
2023-05-23 15:30:37,37,39,17582,79122
2023-05-23 15:30:41,36,39,17582,79122
2023-05-23 15:30:43,36,38,17582,79122
2023-05-23 15:30:43,36,37,17582,79122
2023-05-23 15:30:43,36,38,17582,79122
2023-05-23 15:30:49,35,38,17580,79124
2023-05-23 15:30:58,35,37,17580,79124
2023-05-23 15:30:59,35,38,17580,79124
2023-05-23 15:31:11,35,40,17627,79174
2023-05-23 15:31:12,35,39,17627,79174
2023-05-23 15:31:12,37,39,17627,79174
2023-05-23 15:31:12,35,39,17627,79174
2023-05-23 15:31:12,38,39,17627,79174
2023-05-23 15:31:22,33,38,17627,79176
2023-05-23 15:31:23,35,38,17627,79176
2023-05-23 15:31:23,33,38,17627,79176
2023-05-23 15:31:23,33,37,17627,79176
2023-05-23 15:31:23,36,37,17627,79176
2023-05-23 15:31:24,36,38,17627,79176
2023-05-23 15:31:33,36,37,17627,79176
2023-05-23 15:31:34,36,37,17627,79179
2023-05-23 15:31:37,33,37,17623,79183
2023-05-23 15:31:38,36,37,17623,79183
2023-05-23 15:31:47,38,42,17634,79194
2023-05-23 15:31:47,38,41,17634,79194
2023-05-23 15:32:08,38,40,17634,79194
2023-05-23 15:32:08,38,39,17634,79194
2023-05-23 15:32:09,34,38,17637,79199
2023-05-23 15:32:09,34,39,17637,79199
2023-05-23 15:32:09,34,38,17637,79199
2023-05-23 15:32:13,34,40,17637,79199
2023-05-23 15:32:13,34,39,17637,79199
2023-05-23 15:32:14,35,39,17637,79199
2023-05-23 15:32:14,35,38,17637,79199
2023-05-23 15:32:19,36,38,17637,79199
2023-05-23 15:32:21,37,38,17637,79199
2023-05-23 15:32:31,39,42,17639,79201
2023-05-23 15:32:34,39,41,17639,79201
2023-05-23 15:32:34,39,42,17639,79201
2023-05-23 15:32:41,40,42,17639,79201
2023-05-23 15:32:42,41,42,17639,79201
2023-05-23 15:32:44,42,43,17639,79221
2023-05-23 15:32:44,41,43,17639,79221
2023-05-23 15:32:45,42,43,17639,79221
2023-05-23 15:32:53,43,44,17639,79241
2023-05-23 15:32:53,42,44,17639,79241
2023-05-23 15:32:53,42,43,17639,79241
2023-05-23 15:32:53,43,44,17642,79244
2023-05-23 15:32:53,43,44,17667,79269
2023-05-23 15:32:53,42,43,17669,79271
2023-05-23 15:32:53,43,44,17672,79274
2023-05-23 15:32:56,44,47,17672,79294
2023-05-23 15:32:56,43,47,17672,79294
2023-05-23 15:32:56,44,47,17672,79294
2023-05-23 15:33:01,45,47,17672,79294
2023-05-23 15:33:02,44,47,17672,79294
2023-05-23 15:33:05,45,47,17672,79294
2023-05-23 15:33:06,44,47,17672,79294
2023-05-23 15:33:13,44,47,17570,79451
2023-05-23 15:33:17,44,46,17570,79451
2023-05-23 15:33:20,44,45,17570,79451
2023-05-23 15:33:26,43,45,17570,79451
2023-05-23 15:33:26,43,44,17570,79451
2023-05-23 15:33:31,43,44,17507,79514
2023-05-23 15:33:31,43,45,17507,79514
2023-05-23 15:33:31,43,44,17507,79514
2023-05-23 15:33:33,43,44,17507,79544
2023-05-23 15:33:33,43,44,17507,79547
2023-05-23 15:33:33,43,44,17507,79577
2023-05-23 15:33:33,42,44,17507,79580
2023-05-23 15:33:34,42,43,17507,79580
2023-05-23 15:33:37,39,43,17621,79709
