datetime,bid,ask,open_interest,volume
2023-03-01 09:31:04,26,100,1573,2065
2023-03-01 09:31:04,26,32,1573,2065
2023-03-01 09:31:22,26,30,1573,2065
2023-03-01 09:31:22,23,30,1573,2065
2023-03-01 09:31:22,24,30,1573,2065
2023-03-01 09:31:22,25,30,1573,2065
2023-03-01 09:31:23,24,30,1573,2065
2023-03-01 09:31:24,25,30,1573,2065
2023-03-01 09:31:26,24,30,1573,2065
2023-03-01 09:31:27,25,30,1573,2065
2023-03-01 09:31:31,24,30,1573,2065
2023-03-01 09:32:11,25,30,1573,2065
2023-03-01 09:32:18,24,30,1573,2065
2023-03-01 09:32:20,25,30,1573,2065
2023-03-01 09:32:27,26,30,1573,2065
2023-03-01 09:32:28,26,32,1573,2065
2023-03-01 09:32:37,26,31,1573,2065
2023-03-01 09:32:59,26,32,1573,2065
2023-03-01 09:33:04,27,32,1573,2065
2023-03-01 09:33:49,28,32,1573,2065
2023-03-01 09:33:49,28,33,1573,2065
2023-03-01 09:34:00,27,33,1573,2065
2023-03-01 09:34:01,28,33,1573,2065
2023-03-01 09:34:03,27,33,1573,2065
2023-03-01 09:34:05,28,33,1573,2065
2023-03-01 09:34:08,27,33,1573,2065
2023-03-01 09:34:09,28,33,1573,2065
2023-03-01 09:34:26,28,34,1573,2065
2023-03-01 09:36:56,29,35,1757,2249
2023-03-01 09:36:56,31,35,1757,2249
2023-03-01 09:37:03,29,35,1757,2249
2023-03-01 09:37:29,32,34,1757,2249
2023-03-01 09:37:29,32,34,1757,2423
2023-03-01 09:37:29,29,32,1757,2433
2023-03-01 09:37:39,29,34,1757,2433
2023-03-01 09:37:39,29,30,1757,2433
2023-03-01 09:38:25,29,32,1757,2433
2023-03-01 09:38:25,29,35,1757,2433
2023-03-01 09:38:25,29,30,1757,2433
2023-03-01 09:38:41,29,32,1757,2433
2023-03-01 09:38:41,29,35,1757,2433
2023-03-01 09:38:41,29,35,1841,2517
2023-03-01 09:38:41,29,31,1841,2517
2023-03-01 09:38:49,29,32,1841,2517
2023-03-01 09:38:49,29,30,1841,2517
2023-03-01 09:39:08,29,32,1841,2517
2023-03-01 09:39:08,29,31,1841,2517
2023-03-01 09:39:08,28,29,1957,2633
2023-03-01 09:39:24,28,31,1957,2633
2023-03-01 09:39:24,28,29,1957,2633
2023-03-01 09:39:26,27,29,1957,2633
2023-03-01 09:39:39,26,29,1957,2633
2023-03-01 09:39:39,26,31,1957,2633
2023-03-01 09:39:39,26,28,1957,2633
2023-03-01 09:39:45,28,30,1998,2674
2023-03-01 09:40:02,26,28,2057,2733
2023-03-01 09:40:13,24,28,2057,2733
2023-03-01 09:40:13,24,30,2057,2733
2023-03-01 09:40:13,26,30,2057,2733
2023-03-01 09:40:13,26,29,2057,2733
2023-03-01 09:40:34,24,29,2057,2733
2023-03-01 09:40:34,24,30,2057,2733
2023-03-01 09:40:34,25,30,2057,2733
2023-03-01 09:40:34,25,28,2057,2733
2023-03-01 09:40:55,25,30,2057,2733
2023-03-01 09:40:55,26,30,2057,2733
2023-03-01 09:40:55,26,28,2057,2733
2023-03-01 09:41:10,25,28,2057,2733
2023-03-01 09:41:10,25,30,2057,2733
2023-03-01 09:41:10,26,30,2057,2733
2023-03-01 09:41:10,26,28,2057,2733
2023-03-01 09:41:33,24,28,2057,2733
2023-03-01 09:41:33,24,30,2057,2733
2023-03-01 09:41:34,26,30,2057,2733
2023-03-01 09:41:34,26,28,2057,2733
2023-03-01 09:41:59,24,28,2057,2733
2023-03-01 09:41:59,24,30,2057,2733
2023-03-01 09:41:59,25,30,2057,2733
2023-03-01 09:41:59,25,28,2057,2733
2023-03-01 09:42:26,24,28,2057,2733
2023-03-01 09:42:26,24,30,2057,2733
2023-03-01 09:42:26,25,30,2057,2733
2023-03-01 09:42:26,25,28,2057,2733
2023-03-01 09:42:51,24,28,2057,2733
2023-03-01 09:42:51,24,30,2057,2733
2023-03-01 09:42:52,25,30,2057,2733
2023-03-01 09:42:52,25,29,2057,2733
2023-03-01 09:42:52,25,27,2057,2733
2023-03-01 09:43:08,24,27,2057,2733
2023-03-01 09:43:08,24,29,2057,2733
2023-03-01 09:43:08,25,29,2057,2733
2023-03-01 09:43:08,25,27,2057,2733
2023-03-01 09:43:18,27,29,2057,2778
2023-03-01 09:43:28,25,29,2057,2778
2023-03-01 09:43:41,25,31,2057,2778
2023-03-01 09:43:41,26,31,2057,2778
2023-03-01 09:43:41,26,28,2057,2778
2023-03-01 09:43:52,25,28,2057,2778
2023-03-01 09:43:53,26,28,2057,2778
2023-03-01 09:44:18,25,28,2057,2778
2023-03-01 09:44:18,25,30,2057,2778
2023-03-01 09:44:19,25,28,2057,2778
2023-03-01 09:44:46,25,30,2057,2778
2023-03-01 09:44:46,26,30,2057,2778
2023-03-01 09:44:46,26,28,2057,2778
2023-03-01 09:45:07,25,28,2057,2778
2023-03-01 09:45:07,25,30,2057,2778
2023-03-01 09:45:08,25,28,2057,2778
2023-03-01 09:45:31,23,28,2057,2778
2023-03-01 09:45:31,23,29,2057,2778
2023-03-01 09:45:31,25,29,2057,2778
2023-03-01 09:45:31,25,27,2057,2778
2023-03-01 09:45:48,23,27,2057,2778
2023-03-01 09:45:48,23,29,2057,2778
2023-03-01 09:45:49,24,29,2057,2778
2023-03-01 09:45:49,24,28,2057,2778
2023-03-01 09:45:49,24,26,2057,2778
2023-03-01 09:46:05,23,26,2057,2778
2023-03-01 09:46:05,23,28,2057,2778
2023-03-01 09:46:05,24,28,2057,2778
2023-03-01 09:46:05,24,26,2057,2778
2023-03-01 09:46:32,24,30,2057,2778
2023-03-01 09:46:32,24,29,2057,2778
2023-03-01 09:46:32,24,27,2057,2778
2023-03-01 09:46:46,23,27,2057,2778
2023-03-01 09:46:46,23,29,2057,2778
2023-03-01 09:46:46,24,29,2057,2778
2023-03-01 09:46:46,24,26,2057,2778
2023-03-01 09:47:26,23,26,2057,2778
2023-03-01 09:47:26,23,29,2057,2778
2023-03-01 09:47:27,24,29,2057,2778
2023-03-01 09:47:27,24,28,2057,2778
2023-03-01 09:47:27,24,26,2057,2778
2023-03-01 09:47:47,22,26,2057,2778
2023-03-01 09:47:47,22,28,2057,2778
2023-03-01 09:47:48,23,28,2057,2778
2023-03-01 09:47:48,23,25,2057,2778
2023-03-01 09:47:58,22,25,2057,2778
2023-03-01 09:47:58,22,27,2057,2778
2023-03-01 09:47:58,23,27,2057,2778
2023-03-01 09:47:58,23,25,2057,2778
2023-03-01 09:48:25,22,25,2057,2778
2023-03-01 09:48:25,22,27,2057,2778
2023-03-01 09:48:25,23,27,2057,2778
2023-03-01 09:48:25,23,25,2057,2778
2023-03-01 09:48:31,23,27,2348,3069
2023-03-01 09:48:37,22,27,2348,3069
2023-03-01 09:48:37,22,28,2348,3069
2023-03-01 09:48:37,24,28,2348,3069
2023-03-01 09:48:37,24,27,2348,3069
2023-03-01 09:48:49,22,27,2348,3069
2023-03-01 09:48:49,22,28,2348,3069
2023-03-01 09:48:49,23,28,2348,3069
2023-03-01 09:48:49,23,25,2348,3069
2023-03-01 09:49:33,21,25,2348,3069
2023-03-01 09:49:33,21,27,2348,3069
2023-03-01 09:49:33,23,27,2348,3069
2023-03-01 09:49:33,23,25,2348,3069
2023-03-01 09:49:42,21,25,2348,3069
2023-03-01 09:49:42,21,27,2348,3069
2023-03-01 09:49:42,22,27,2348,3069
2023-03-01 09:49:42,22,24,2348,3069
2023-03-01 09:50:28,20,24,2348,3069
2023-03-01 09:50:28,20,25,2348,3069
2023-03-01 09:50:29,21,25,2348,3069
2023-03-01 09:50:29,21,23,2348,3069
2023-03-01 09:50:51,21,25,2348,3069
2023-03-01 09:50:52,21,23,2348,3069
2023-03-01 09:51:04,20,23,2348,3069
2023-03-01 09:51:04,20,26,2348,3069
2023-03-01 09:51:05,22,26,2348,3069
2023-03-01 09:51:05,22,24,2348,3069
2023-03-01 09:51:38,21,24,2348,3069
2023-03-01 09:51:38,21,26,2348,3069
2023-03-01 09:51:38,21,28,2348,3069
2023-03-01 09:51:38,22,28,2348,3069
2023-03-01 09:51:38,22,27,2348,3069
2023-03-01 09:51:38,22,25,2348,3069
2023-03-01 09:51:51,22,27,2348,3069
2023-03-01 09:51:51,23,27,2348,3069
2023-03-01 09:51:51,23,25,2348,3069
2023-03-01 09:52:06,22,25,2348,3069
2023-03-01 09:52:06,22,27,2348,3069
2023-03-01 09:52:06,22,28,2348,3069
2023-03-01 09:52:07,23,28,2348,3069
2023-03-01 09:52:07,23,25,2348,3069
2023-03-01 09:52:41,21,25,2348,3069
2023-03-01 09:52:41,21,27,2348,3069
2023-03-01 09:52:41,21,28,2348,3069
2023-03-01 09:52:41,22,28,2348,3069
2023-03-01 09:52:41,22,25,2348,3069
2023-03-01 09:53:00,22,27,2348,3069
2023-03-01 09:53:00,23,27,2348,3069
2023-03-01 09:53:00,23,25,2348,3069
2023-03-01 09:53:10,22,25,2348,3069
2023-03-01 09:53:10,22,27,2348,3069
2023-03-01 09:53:10,22,28,2348,3069
2023-03-01 09:53:10,23,28,2348,3069
2023-03-01 09:53:10,23,26,2348,3069
2023-03-01 09:53:29,22,26,2348,3069
2023-03-01 09:53:29,22,28,2348,3069
2023-03-01 09:53:29,24,28,2348,3069
2023-03-01 09:53:29,24,26,2348,3069
2023-03-01 09:53:59,22,26,2348,3069
2023-03-01 09:53:59,23,26,2348,3069
2023-03-01 09:54:27,21,26,2348,3069
2023-03-01 09:54:27,21,28,2348,3069
2023-03-01 09:54:28,23,28,2348,3069
2023-03-01 09:54:28,23,25,2348,3069
2023-03-01 09:54:46,22,25,2348,3069
2023-03-01 09:54:46,22,27,2348,3069
2023-03-01 09:54:46,23,27,2348,3069
2023-03-01 09:54:46,23,25,2348,3069
2023-03-01 09:55:01,22,25,2348,3069
2023-03-01 09:55:01,22,27,2348,3069
2023-03-01 09:55:01,23,27,2348,3069
2023-03-01 09:55:02,23,26,2348,3069
2023-03-01 09:55:28,21,26,2348,3069
2023-03-01 09:55:28,21,28,2348,3069
2023-03-01 09:55:29,22,28,2348,3069
2023-03-01 09:55:29,22,27,2348,3069
2023-03-01 09:55:29,22,25,2348,3069
2023-03-01 09:55:47,21,25,2348,3069
2023-03-01 09:55:47,21,27,2348,3069
2023-03-01 09:55:48,23,27,2348,3069
2023-03-01 09:55:48,23,25,2348,3069
2023-03-01 09:56:04,21,25,2348,3069
2023-03-01 09:56:04,21,27,2348,3069
2023-03-01 09:56:04,23,27,2348,3069
2023-03-01 09:56:04,23,25,2348,3069
2023-03-01 09:56:32,22,25,2348,3069
2023-03-01 09:56:32,22,28,2348,3069
2023-03-01 09:56:32,23,28,2348,3069
2023-03-01 09:56:32,23,27,2348,3069
2023-03-01 09:56:32,23,25,2348,3069
2023-03-01 09:56:45,21,25,2348,3069
2023-03-01 09:56:45,21,27,2348,3069
2023-03-01 09:56:45,23,27,2348,3069
2023-03-01 09:56:45,23,25,2348,3069
2023-03-01 09:57:00,21,25,2348,3069
2023-03-01 09:57:00,21,27,2348,3069
2023-03-01 09:57:00,22,27,2348,3069
2023-03-01 09:57:00,22,25,2348,3069
2023-03-01 09:57:29,21,25,2348,3069
2023-03-01 09:57:29,21,27,2348,3069
2023-03-01 09:57:30,23,27,2348,3069
2023-03-01 09:57:30,23,25,2348,3069
2023-03-01 09:57:43,21,25,2348,3069
2023-03-01 09:57:43,21,27,2348,3069
2023-03-01 09:57:43,23,27,2348,3069
2023-03-01 09:57:43,23,25,2348,3069
2023-03-01 09:57:59,23,28,2348,3069
2023-03-01 09:57:59,23,27,2348,3069
2023-03-01 09:57:59,23,25,2348,3069
2023-03-01 09:58:28,22,25,2348,3069
2023-03-01 09:58:28,22,27,2348,3069
2023-03-01 09:58:28,22,28,2348,3069
2023-03-01 09:58:28,24,28,2348,3069
2023-03-01 09:58:28,24,26,2348,3069
2023-03-01 09:58:50,22,26,2348,3069
2023-03-01 09:58:50,24,26,2348,3069
2023-03-01 09:59:12,23,26,2348,3069
2023-03-01 09:59:12,23,28,2348,3069
2023-03-01 09:59:12,24,28,2348,3069
2023-03-01 09:59:12,24,26,2348,3069
2023-03-01 09:59:17,23,26,2348,3069
2023-03-01 09:59:17,23,28,2348,3069
2023-03-01 09:59:17,24,28,2348,3069
2023-03-01 09:59:17,24,26,2348,3069
2023-03-01 09:59:35,23,26,2348,3069
2023-03-01 09:59:35,23,30,2348,3069
2023-03-01 09:59:35,25,30,2348,3069
2023-03-01 09:59:35,25,27,2348,3069
2023-03-01 09:59:43,23,27,2348,3069
2023-03-01 09:59:43,23,29,2348,3069
2023-03-01 09:59:43,25,29,2348,3069
2023-03-01 09:59:43,25,27,2348,3069
2023-03-01 10:00:07,25,29,2348,3069
2023-03-01 10:00:07,25,27,2348,3069
2023-03-01 10:00:15,26,27,2348,3069
2023-03-01 10:00:18,27,29,2348,3148
2023-03-01 10:00:19,26,27,2348,3169
2023-03-01 10:00:20,25,27,2348,3169
2023-03-01 10:00:30,26,27,2348,3169
2023-03-01 10:00:32,25,27,2348,3169
2023-03-01 10:00:42,26,27,2348,3169
2023-03-01 10:00:43,27,29,2348,3267
2023-03-01 10:00:46,27,31,2348,3267
2023-03-01 10:00:46,27,32,2348,3267
2023-03-01 10:00:46,27,30,2348,3267
2023-03-01 10:00:46,27,28,2348,3267
2023-03-01 10:00:48,26,28,2348,3267
2023-03-01 10:01:02,26,30,2348,3267
2023-03-01 10:01:03,26,29,2348,3267
2023-03-01 10:01:16,26,28,2348,3267
2023-03-01 10:01:19,26,29,2348,3267
2023-03-01 10:01:21,26,28,2348,3267
2023-03-01 10:01:22,24,28,2221,3394
2023-03-01 10:01:23,24,29,2221,3394
2023-03-01 10:01:34,24,28,2221,3394
2023-03-01 10:01:37,22,28,2221,3394
2023-03-01 10:01:38,24,28,2221,3394
2023-03-01 10:01:38,24,26,2221,3394
2023-03-01 10:01:51,22,26,2221,3394
2023-03-01 10:01:51,22,28,2221,3394
2023-03-01 10:01:51,24,28,2221,3394
2023-03-01 10:01:51,24,27,2221,3394
2023-03-01 10:02:03,26,27,2221,3394
2023-03-01 10:02:07,26,31,2221,3394
2023-03-01 10:02:07,26,32,2221,3394
2023-03-01 10:02:07,26,28,2221,3394
2023-03-01 10:02:07,26,28,2293,3466
2023-03-01 10:02:16,26,29,2293,3466
2023-03-01 10:02:16,26,27,2293,3466
2023-03-01 10:02:27,24,27,2293,3466
2023-03-01 10:02:39,24,27,2254,3505
2023-03-01 10:02:40,25,27,2254,3505
2023-03-01 10:02:50,24,27,2254,3505
2023-03-01 10:02:50,25,27,2254,3505
2023-03-01 10:03:06,24,27,2254,3505
2023-03-01 10:03:06,25,27,2254,3505
2023-03-01 10:03:09,25,28,2254,3505
2023-03-01 10:03:23,26,28,2254,3505
2023-03-01 10:03:36,26,29,2254,3505
2023-03-01 10:03:45,27,29,2254,3505
2023-03-01 10:04:05,27,31,2254,3505
2023-03-01 10:04:05,27,30,2254,3505
2023-03-01 10:04:25,27,31,2254,3505
2023-03-01 10:04:25,27,30,2254,3505
2023-03-01 10:04:32,28,30,2254,3505
2023-03-01 10:04:38,28,31,2254,3505
2023-03-01 10:04:39,28,30,2254,3505
2023-03-01 10:04:41,29,30,2254,3505
2023-03-01 10:04:57,29,33,2254,3505
2023-03-01 10:04:58,29,31,2254,3505
2023-03-01 10:05:17,30,31,2254,3505
2023-03-01 10:05:27,30,33,2254,3505
2023-03-01 10:05:27,30,32,2254,3505
2023-03-01 10:05:43,31,32,2254,3505
2023-03-01 10:05:53,31,34,2254,3505
2023-03-01 10:05:53,31,32,2254,3505
2023-03-01 10:06:04,31,32,2382,3633
2023-03-01 10:06:09,31,35,2382,3633
2023-03-01 10:06:10,31,33,2382,3633
2023-03-01 10:06:15,31,35,2382,3633
2023-03-01 10:06:15,31,33,2382,3633
2023-03-01 10:06:18,31,33,2421,3672
2023-03-01 10:06:33,28,33,2421,3672
2023-03-01 10:06:33,27,33,2421,3672
2023-03-01 10:06:33,23,33,2421,3672
2023-03-01 10:06:33,31,33,2421,3672
2023-03-01 10:06:49,28,33,2421,3672
2023-03-01 10:06:49,28,35,2421,3672
2023-03-01 10:06:49,28,36,2421,3672
2023-03-01 10:06:49,30,36,2421,3672
2023-03-01 10:06:49,32,36,2421,3672
2023-03-01 10:06:49,32,34,2421,3672
2023-03-01 10:07:07,30,34,2421,3672
2023-03-01 10:07:07,32,34,2421,3672
2023-03-01 10:07:29,28,34,2421,3672
2023-03-01 10:07:29,23,34,2421,3672
2023-03-01 10:07:29,23,36,2421,3672
2023-03-01 10:07:30,30,36,2421,3672
2023-03-01 10:07:30,32,36,2421,3672
2023-03-01 10:07:30,32,34,2421,3672
2023-03-01 10:07:48,23,34,2421,3672
2023-03-01 10:07:48,23,36,2421,3672
2023-03-01 10:07:48,30,36,2421,3672
2023-03-01 10:07:48,32,36,2421,3672
2023-03-01 10:07:48,32,34,2421,3672
2023-03-01 10:08:09,28,34,2421,3672
2023-03-01 10:08:09,28,36,2421,3672
2023-03-01 10:08:09,31,36,2421,3672
2023-03-01 10:08:09,31,34,2421,3672
2023-03-01 10:08:28,31,34,2423,3674
2023-03-01 10:08:38,23,34,2423,3674
2023-03-01 10:08:38,23,36,2423,3674
2023-03-01 10:08:38,30,36,2423,3674
2023-03-01 10:08:38,32,36,2423,3674
2023-03-01 10:08:38,32,34,2423,3674
2023-03-01 10:09:08,30,34,2423,3674
2023-03-01 10:09:08,27,34,2423,3674
2023-03-01 10:09:08,27,37,2423,3674
2023-03-01 10:09:08,31,37,2423,3674
2023-03-01 10:09:09,31,36,2423,3674
2023-03-01 10:09:09,31,34,2423,3674
2023-03-01 10:09:33,27,34,2423,3674
2023-03-01 10:09:33,27,37,2423,3674
2023-03-01 10:09:34,32,37,2423,3674
2023-03-01 10:09:34,32,36,2423,3674
2023-03-01 10:09:34,32,34,2423,3674
2023-03-01 10:09:48,30,34,2423,3674
2023-03-01 10:09:48,32,34,2423,3674
2023-03-01 10:10:10,30,34,2423,3674
2023-03-01 10:10:10,32,34,2423,3674
2023-03-01 10:10:31,28,34,2423,3674
2023-03-01 10:10:31,27,34,2423,3674
2023-03-01 10:10:31,27,36,2423,3674
2023-03-01 10:10:31,27,37,2423,3674
2023-03-01 10:10:31,30,37,2423,3674
2023-03-01 10:10:31,32,37,2423,3674
2023-03-01 10:10:31,32,35,2423,3674
2023-03-01 10:10:50,30,35,2423,3674
2023-03-01 10:10:50,32,35,2423,3674
2023-03-01 10:11:35,27,35,2423,3674
2023-03-01 10:11:35,27,37,2423,3674
2023-03-01 10:11:35,30,37,2423,3674
2023-03-01 10:11:35,32,37,2423,3674
2023-03-01 10:11:35,32,35,2423,3674
2023-03-01 10:12:01,30,35,2423,3674
2023-03-01 10:12:01,32,35,2423,3674
2023-03-01 10:12:49,30,35,2423,3674
2023-03-01 10:12:49,27,35,2423,3674
2023-03-01 10:12:49,27,37,2423,3674
2023-03-01 10:12:50,28,37,2423,3674
2023-03-01 10:12:50,32,37,2423,3674
2023-03-01 10:12:50,32,35,2423,3674
2023-03-01 10:13:04,32,37,2423,3674
2023-03-01 10:13:04,32,35,2423,3674
2023-03-01 10:13:40,27,35,2423,3674
2023-03-01 10:13:40,27,37,2423,3674
2023-03-01 10:13:40,28,37,2423,3674
2023-03-01 10:13:40,30,37,2423,3674
2023-03-01 10:13:40,32,37,2423,3674
2023-03-01 10:13:40,32,35,2423,3674
2023-03-01 10:13:50,28,35,2423,3674
2023-03-01 10:13:50,31,35,2423,3674
2023-03-01 10:13:50,33,35,2423,3674
2023-03-01 10:14:06,33,37,2423,3674
2023-03-01 10:14:06,33,35,2423,3674
2023-03-01 10:14:28,33,37,2423,3674
2023-03-01 10:14:29,33,35,2423,3674
2023-03-01 10:14:57,33,37,2423,3674
2023-03-01 10:14:57,33,35,2423,3674
2023-03-01 10:16:25,31,35,2423,3674
2023-03-01 10:16:25,27,35,2423,3674
2023-03-01 10:16:25,27,36,2423,3674
2023-03-01 10:16:25,28,36,2423,3674
2023-03-01 10:16:25,33,36,2423,3674
2023-03-01 10:16:25,33,35,2423,3674
2023-03-01 10:16:46,33,36,2423,3674
2023-03-01 10:16:46,33,35,2423,3674
2023-03-01 10:17:06,31,35,2423,3674
2023-03-01 10:17:07,33,35,2423,3674
2023-03-01 10:17:50,33,37,2423,3674
2023-03-01 10:17:50,33,35,2423,3674
2023-03-01 10:18:40,31,35,2423,3674
2023-03-01 10:18:40,31,37,2423,3674
2023-03-01 10:18:40,33,37,2423,3674
2023-03-01 10:18:40,33,35,2423,3674
2023-03-01 10:19:33,33,37,2423,3674
2023-03-01 10:19:33,33,36,2423,3674
2023-03-01 10:19:43,31,36,2423,3674
2023-03-01 10:19:43,28,36,2423,3674
2023-03-01 10:19:43,28,37,2423,3674
2023-03-01 10:19:43,33,37,2423,3674
2023-03-01 10:19:43,33,36,2423,3674
2023-03-01 10:21:56,31,36,2423,3674
2023-03-01 10:21:56,28,36,2423,3674
2023-03-01 10:21:56,28,37,2423,3674
2023-03-01 10:21:56,33,37,2423,3674
2023-03-01 10:21:56,33,36,2423,3674
2023-03-01 10:22:06,34,36,2423,3674
2023-03-01 10:22:32,34,37,2423,3674
2023-03-01 10:22:33,34,36,2423,3674
2023-03-01 10:22:48,34,37,2423,3674
2023-03-01 10:22:49,34,36,2423,3674
2023-03-01 10:24:36,34,38,2423,3674
2023-03-01 10:24:37,34,36,2423,3674
2023-03-01 10:25:04,34,38,2423,3674
2023-03-01 10:25:04,34,36,2423,3674
2023-03-01 10:25:35,34,38,2423,3674
2023-03-01 10:25:36,34,36,2423,3674
2023-03-01 10:27:37,34,38,2423,3674
2023-03-01 10:27:38,34,36,2423,3674
2023-03-01 10:27:52,34,38,2423,3674
2023-03-01 10:27:53,34,37,2423,3674
2023-03-01 10:29:44,34,39,2423,3674
2023-03-01 10:29:44,34,40,2423,3674
2023-03-01 10:29:44,34,38,2423,3674
2023-03-01 10:29:44,34,37,2423,3674
2023-03-01 10:30:34,34,39,2423,3674
2023-03-01 10:30:34,34,40,2423,3674
2023-03-01 10:30:34,35,40,2423,3674
2023-03-01 10:30:34,35,38,2423,3674
2023-03-01 10:30:56,34,38,2423,3674
2023-03-01 10:30:57,34,40,2423,3674
2023-03-01 10:31:36,36,40,2423,3674
2023-03-01 10:31:36,36,38,2423,3674
2023-03-01 10:32:29,34,38,2423,3674
2023-03-01 10:32:29,34,40,2423,3674
2023-03-01 10:32:29,36,40,2423,3674
2023-03-01 10:32:29,36,38,2423,3674
2023-03-01 10:32:48,34,38,2423,3674
2023-03-01 10:32:48,36,38,2423,3674
2023-03-01 10:33:46,34,38,2423,3674
2023-03-01 10:33:46,34,40,2423,3674
2023-03-01 10:33:47,36,40,2423,3674
2023-03-01 10:33:47,36,38,2423,3674
2023-03-01 10:33:56,34,38,2423,3674
2023-03-01 10:33:57,36,38,2423,3674
2023-03-01 10:34:28,36,40,2423,3674
2023-03-01 10:34:29,36,38,2423,3674
2023-03-01 10:34:45,34,38,2423,3674
2023-03-01 10:34:45,36,38,2423,3674
2023-03-01 10:35:28,34,38,2423,3674
2023-03-01 10:35:28,36,38,2423,3674
2023-03-01 10:35:47,34,38,2423,3674
2023-03-01 10:35:47,36,38,2423,3674
2023-03-01 10:35:59,36,40,2423,3674
2023-03-01 10:36:00,36,38,2423,3674
2023-03-01 10:36:31,34,38,2423,3674
2023-03-01 10:36:31,34,40,2423,3674
2023-03-01 10:36:31,36,40,2423,3674
2023-03-01 10:36:31,36,38,2423,3674
2023-03-01 10:36:41,34,38,2423,3674
2023-03-01 10:36:41,34,40,2423,3674
2023-03-01 10:36:42,36,40,2423,3674
2023-03-01 10:36:42,36,38,2423,3674
2023-03-01 10:37:00,34,38,2423,3674
2023-03-01 10:37:00,36,38,2423,3674
2023-03-01 10:37:29,34,38,2423,3674
2023-03-01 10:37:29,34,40,2423,3674
2023-03-01 10:37:29,35,40,2423,3674
2023-03-01 10:37:29,35,38,2423,3674
2023-03-01 10:38:20,34,38,2423,3674
2023-03-01 10:38:20,35,38,2423,3674
2023-03-01 10:38:20,35,37,2423,3674
2023-03-01 10:38:29,34,37,2423,3674
2023-03-01 10:38:29,34,38,2423,3674
2023-03-01 10:38:29,35,38,2423,3674
2023-03-01 10:38:29,35,37,2423,3674
2023-03-01 10:38:32,35,36,2423,3674
2023-03-01 10:38:35,35,37,2423,3674
2023-03-01 10:38:41,35,36,2423,3674
2023-03-01 10:38:44,35,37,2423,3674
2023-03-01 10:38:49,34,37,2423,3674
2023-03-01 10:38:49,34,38,2423,3674
2023-03-01 10:38:49,34,36,2423,3674
2023-03-01 10:39:31,34,38,2423,3674
2023-03-01 10:39:32,34,36,2423,3674
2023-03-01 10:39:45,34,38,2423,3674
2023-03-01 10:39:45,34,36,2423,3674
2023-03-01 10:40:05,34,38,2423,3674
2023-03-01 10:40:06,34,37,2423,3674
2023-03-01 10:40:39,34,36,2423,3674
2023-03-01 10:41:03,32,34,2334,3863
2023-03-01 10:41:07,32,36,2334,3863
2023-03-01 10:41:11,33,36,2334,3863
2023-03-01 10:41:11,33,35,2334,3863
2023-03-01 10:41:15,33,34,2334,3863
2023-03-01 10:41:16,33,35,2334,3863
2023-03-01 10:41:18,31,35,2334,3863
2023-03-01 10:41:18,31,36,2334,3863
2023-03-01 10:41:18,33,36,2334,3863
2023-03-01 10:41:18,33,35,2334,3863
2023-03-01 10:41:25,33,34,2334,3863
2023-03-01 10:41:41,31,34,2334,3863
2023-03-01 10:41:41,30,34,2334,3863
2023-03-01 10:41:41,32,34,2334,3863
2023-03-01 10:41:57,30,34,2334,3863
2023-03-01 10:41:57,32,34,2334,3863
2023-03-01 10:42:29,30,34,2334,3863
2023-03-01 10:42:30,31,34,2334,3863
2023-03-01 10:42:53,30,34,2334,3863
2023-03-01 10:42:53,31,34,2334,3863
2023-03-01 10:43:01,31,36,2334,3863
2023-03-01 10:43:01,31,34,2334,3863
2023-03-01 10:43:21,32,34,2334,3863
2023-03-01 10:43:27,32,36,2334,3863
2023-03-01 10:43:27,32,34,2334,3863
2023-03-01 10:43:45,32,36,2334,3863
2023-03-01 10:43:46,32,34,2334,3863
2023-03-01 10:44:32,32,36,2334,3863
2023-03-01 10:44:33,32,34,2334,3863
2023-03-01 10:44:46,32,34,2334,3896
2023-03-01 10:44:47,32,36,2334,3896
2023-03-01 10:44:47,32,35,2334,3896
2023-03-01 10:44:58,32,34,2334,3896
2023-03-01 10:45:03,32,35,2334,3896
2023-03-01 10:45:06,30,35,2334,3896
2023-03-01 10:45:06,30,36,2334,3896
2023-03-01 10:45:06,33,36,2334,3896
2023-03-01 10:45:06,33,35,2334,3896
2023-03-01 10:45:06,33,34,2334,3896
2023-03-01 10:45:17,33,35,2334,3896
2023-03-01 10:45:24,33,34,2334,3896
2023-03-01 10:45:29,33,35,2334,3896
2023-03-01 10:45:31,31,35,2334,3896
2023-03-01 10:45:31,30,35,2334,3896
2023-03-01 10:45:31,30,36,2334,3896
2023-03-01 10:45:32,32,36,2334,3896
2023-03-01 10:45:32,32,34,2334,3896
2023-03-01 10:45:50,32,36,2334,3896
2023-03-01 10:45:50,32,34,2334,3896
2023-03-01 10:46:06,32,36,2334,3896
2023-03-01 10:46:06,32,35,2334,3896
2023-03-01 10:46:19,32,34,2334,3896
2023-03-01 10:46:34,30,34,2334,3896
2023-03-01 10:46:35,32,34,2334,3896
2023-03-01 10:46:53,30,34,2334,3896
2023-03-01 10:46:53,30,36,2334,3896
2023-03-01 10:46:53,31,36,2334,3896
2023-03-01 10:46:53,31,34,2334,3896
2023-03-01 10:47:00,32,34,2334,3896
2023-03-01 10:47:07,32,36,2334,3896
2023-03-01 10:47:07,32,34,2334,3896
2023-03-01 10:47:24,32,36,2375,3985
2023-03-01 10:47:33,33,36,2375,3985
2023-03-01 10:47:33,33,35,2375,3985
2023-03-01 10:47:45,32,35,2375,3985
2023-03-01 10:47:45,32,36,2375,3985
2023-03-01 10:47:46,32,35,2375,3985
2023-03-01 10:48:06,33,35,2375,3985
2023-03-01 10:48:21,33,34,2375,3985
2023-03-01 10:48:25,33,35,2375,3985
2023-03-01 10:48:46,32,35,2375,3985
2023-03-01 10:48:46,32,36,2375,3985
2023-03-01 10:48:47,32,35,2375,3985
2023-03-01 10:49:04,32,36,2375,3985
2023-03-01 10:49:04,33,36,2375,3985
2023-03-01 10:49:04,33,35,2375,3985
2023-03-01 10:49:17,33,34,2375,3985
2023-03-01 10:49:36,30,34,2375,3985
2023-03-01 10:49:36,32,34,2375,3985
2023-03-01 10:49:47,30,34,2375,3985
2023-03-01 10:49:47,30,36,2375,3985
2023-03-01 10:49:47,32,36,2375,3985
2023-03-01 10:49:47,32,34,2375,3985
2023-03-01 10:49:51,32,34,2375,3987
2023-03-01 10:50:06,32,36,2375,3987
2023-03-01 10:50:06,32,35,2375,3987
2023-03-01 10:50:35,32,36,2375,3987
2023-03-01 10:50:35,33,36,2375,3987
2023-03-01 10:50:35,33,35,2375,3987
2023-03-01 10:50:52,32,35,2375,3987
2023-03-01 10:50:52,32,36,2375,3987
2023-03-01 10:50:53,33,36,2375,3987
2023-03-01 10:51:10,32,36,2375,3987
2023-03-01 10:51:10,33,36,2375,3987
2023-03-01 10:51:53,32,36,2375,3987
2023-03-01 10:51:53,33,36,2375,3987
2023-03-01 10:52:41,32,36,2375,3987
2023-03-01 10:52:41,34,36,2375,3987
2023-03-01 10:52:58,32,36,2375,3987
2023-03-01 10:52:59,34,36,2375,3987
2023-03-01 10:53:14,32,36,2375,3987
2023-03-01 10:53:14,34,36,2375,3987
2023-03-01 10:53:33,32,36,2375,3987
2023-03-01 10:53:34,34,36,2375,3987
2023-03-01 10:54:22,32,36,2375,3987
2023-03-01 10:54:23,32,38,2375,3987
2023-03-01 10:54:23,35,38,2375,3987
2023-03-01 10:54:23,35,37,2375,3987
2023-03-01 10:55:18,34,37,2375,3987
2023-03-01 10:55:18,34,38,2375,3987
2023-03-01 10:55:19,36,38,2375,3987
2023-03-01 10:55:56,34,38,2375,3987
2023-03-01 10:55:56,35,38,2375,3987
2023-03-01 10:56:14,34,38,2375,3987
2023-03-01 10:56:14,35,38,2375,3987
2023-03-01 10:56:14,35,37,2375,3987
2023-03-01 10:56:43,34,37,2375,3987
2023-03-01 10:56:43,34,38,2375,3987
2023-03-01 10:56:44,35,38,2375,3987
2023-03-01 10:56:58,34,38,2375,3987
2023-03-01 10:56:58,35,38,2375,3987
2023-03-01 10:57:27,34,38,2375,3987
2023-03-01 10:57:27,36,38,2375,3987
2023-03-01 10:57:36,36,39,2375,3987
2023-03-01 10:57:54,36,40,2375,3987
2023-03-01 10:57:55,36,39,2375,3987
2023-03-01 10:58:07,36,40,2375,3987
2023-03-01 10:58:08,37,40,2375,3987
2023-03-01 10:58:08,37,39,2375,3987
2023-03-01 10:58:31,36,39,2375,3987
2023-03-01 10:58:31,36,40,2375,3987
2023-03-01 10:58:32,37,40,2375,3987
2023-03-01 10:58:51,36,40,2375,3987
2023-03-01 10:58:51,37,40,2375,3987
2023-03-01 10:58:51,37,39,2375,3987
2023-03-01 10:59:06,37,38,2375,3987
2023-03-01 10:59:19,35,38,2375,3987
2023-03-01 10:59:19,37,38,2375,3987
2023-03-01 10:59:38,35,38,2375,3987
2023-03-01 10:59:38,34,38,2375,3987
2023-03-01 10:59:39,35,38,2375,3987
2023-03-01 11:00:00,34,38,2375,3987
2023-03-01 11:00:00,34,40,2375,3987
2023-03-01 11:00:00,35,40,2375,3987
2023-03-01 11:00:00,35,38,2375,3987
2023-03-01 11:00:15,36,38,2375,3987
2023-03-01 11:00:37,38,40,2502,4114
2023-03-01 11:00:42,38,41,2502,4114
2023-03-01 11:00:43,38,40,2502,4114
2023-03-01 11:01:11,38,41,2502,4114
2023-03-01 11:01:11,38,40,2502,4114
2023-03-01 11:01:27,38,42,2502,4114
2023-03-01 11:01:28,39,42,2502,4114
2023-03-01 11:01:28,39,41,2502,4114
2023-03-01 11:02:11,38,41,2502,4114
2023-03-01 11:02:32,38,42,2502,4114
2023-03-01 11:02:32,38,41,2502,4114
2023-03-01 11:03:14,38,42,2502,4114
2023-03-01 11:03:15,39,42,2502,4114
2023-03-01 11:03:15,39,41,2502,4114
2023-03-01 11:03:39,38,41,2502,4114
2023-03-01 11:03:39,38,42,2502,4114
2023-03-01 11:03:39,39,42,2502,4114
2023-03-01 11:03:39,39,41,2502,4114
2023-03-01 11:03:53,39,42,2502,4114
2023-03-01 11:03:53,39,41,2502,4114
2023-03-01 11:04:21,38,41,2502,4114
2023-03-01 11:04:21,39,41,2502,4114
2023-03-01 11:04:57,38,41,2502,4114
2023-03-01 11:04:57,38,42,2502,4114
2023-03-01 11:04:57,39,42,2502,4114
2023-03-01 11:05:14,40,42,2502,4114
2023-03-01 11:05:40,39,42,2502,4114
2023-03-01 11:05:40,38,42,2502,4114
2023-03-01 11:05:41,40,42,2502,4114
2023-03-01 11:06:40,38,42,2502,4114
2023-03-01 11:06:41,40,42,2502,4114
2023-03-01 11:06:55,40,43,2502,4114
2023-03-01 11:08:52,40,42,2502,4114
2023-03-01 11:08:58,40,41,2502,4114
2023-03-01 11:09:08,38,41,2502,4114
2023-03-01 11:09:09,40,41,2502,4114
2023-03-01 11:09:11,40,41,2491,4125
2023-03-01 11:09:19,40,41,2480,4136
2023-03-01 11:09:36,38,41,2480,4136
2023-03-01 11:09:36,36,41,2480,4136
2023-03-01 11:09:37,39,41,2480,4136
2023-03-01 11:09:38,39,40,2480,4136
2023-03-01 11:09:48,39,41,2480,4136
2023-03-01 11:09:56,37,41,2480,4136
2023-03-01 11:09:56,39,41,2480,4136
2023-03-01 11:09:56,39,40,2480,4136
2023-03-01 11:09:57,39,41,2480,4136
2023-03-01 11:09:58,40,41,2480,4136
2023-03-01 11:10:01,39,41,2480,4136
2023-03-01 11:10:05,38,41,2480,4136
2023-03-01 11:10:05,38,42,2480,4136
2023-03-01 11:10:06,39,42,2480,4136
2023-03-01 11:10:06,39,41,2480,4136
2023-03-01 11:10:07,39,40,2480,4136
2023-03-01 11:10:27,37,40,2480,4213
2023-03-01 11:10:41,36,40,2480,4213
2023-03-01 11:10:42,38,40,2480,4213
2023-03-01 11:11:14,38,40,2364,4329
2023-03-01 11:11:22,34,40,2364,4329
2023-03-01 11:11:22,34,41,2364,4329
2023-03-01 11:11:22,37,41,2364,4329
2023-03-01 11:11:22,37,40,2364,4329
2023-03-01 11:11:49,35,40,2364,4329
2023-03-01 11:11:49,34,40,2364,4329
2023-03-01 11:11:49,34,41,2364,4329
2023-03-01 11:11:49,36,41,2364,4329
2023-03-01 11:11:49,36,39,2364,4329
2023-03-01 11:12:15,34,39,2364,4329
2023-03-01 11:12:15,34,41,2364,4329
2023-03-01 11:12:16,37,41,2364,4329
2023-03-01 11:12:16,37,39,2364,4329
2023-03-01 11:12:53,34,39,2364,4329
2023-03-01 11:12:53,34,41,2364,4329
2023-03-01 11:12:53,35,41,2364,4329
2023-03-01 11:12:53,37,41,2364,4329
2023-03-01 11:12:53,37,39,2364,4329
2023-03-01 11:13:24,34,39,2364,4329
2023-03-01 11:13:24,34,41,2364,4329
2023-03-01 11:13:24,36,41,2364,4329
2023-03-01 11:13:24,36,39,2364,4329
2023-03-01 11:13:56,34,39,2364,4329
2023-03-01 11:13:56,34,41,2364,4329
2023-03-01 11:13:56,35,41,2364,4329
2023-03-01 11:13:56,37,41,2364,4329
2023-03-01 11:13:56,37,39,2364,4329
2023-03-01 11:14:18,35,39,2364,4329
2023-03-01 11:14:18,37,39,2364,4329
2023-03-01 11:14:42,36,39,2364,4329
2023-03-01 11:14:42,36,41,2364,4329
2023-03-01 11:14:42,36,42,2364,4329
2023-03-01 11:14:42,37,42,2364,4329
2023-03-01 11:14:42,37,40,2364,4329
2023-03-01 11:14:53,36,40,2364,4329
2023-03-01 11:14:53,36,42,2364,4329
2023-03-01 11:14:53,37,42,2364,4329
2023-03-01 11:14:53,37,40,2364,4329
2023-03-01 11:15:16,37,41,2364,4329
2023-03-01 11:15:16,37,40,2364,4329
2023-03-01 11:15:43,36,40,2364,4329
2023-03-01 11:15:43,36,42,2364,4329
2023-03-01 11:15:43,37,42,2364,4329
2023-03-01 11:15:43,37,40,2364,4329
2023-03-01 11:16:06,36,40,2364,4329
2023-03-01 11:16:07,36,42,2364,4329
2023-03-01 11:16:07,38,42,2364,4329
2023-03-01 11:16:07,38,40,2364,4329
2023-03-01 11:16:44,36,40,2364,4329
2023-03-01 11:16:44,34,40,2364,4329
2023-03-01 11:16:44,34,41,2364,4329
2023-03-01 11:16:45,35,41,2364,4329
2023-03-01 11:16:45,37,41,2364,4329
2023-03-01 11:16:45,37,39,2364,4329
2023-03-01 11:16:58,35,39,2364,4329
2023-03-01 11:16:58,35,41,2364,4329
2023-03-01 11:16:58,37,41,2364,4329
2023-03-01 11:16:58,37,39,2364,4329
2023-03-01 11:17:31,35,39,2364,4329
2023-03-01 11:17:31,34,39,2364,4329
2023-03-01 11:17:31,37,39,2364,4329
2023-03-01 11:17:54,35,39,2364,4329
2023-03-01 11:17:54,35,41,2364,4329
2023-03-01 11:17:54,37,41,2364,4329
2023-03-01 11:17:54,37,39,2364,4329
2023-03-01 11:18:34,36,39,2364,4329
2023-03-01 11:18:34,36,41,2364,4329
2023-03-01 11:18:34,37,41,2364,4329
2023-03-01 11:18:34,37,39,2364,4329
2023-03-01 11:18:48,38,39,2364,4329
2023-03-01 11:19:08,37,39,2364,4329
2023-03-01 11:19:08,36,39,2364,4329
2023-03-01 11:19:08,36,42,2364,4329
2023-03-01 11:19:08,38,42,2364,4329
2023-03-01 11:19:08,38,40,2364,4329
2023-03-01 11:19:41,34,40,2364,4329
2023-03-01 11:19:41,34,42,2364,4329
2023-03-01 11:19:41,37,42,2364,4329
2023-03-01 11:19:41,37,40,2364,4329
2023-03-01 11:20:11,35,40,2364,4329
2023-03-01 11:20:11,35,42,2364,4329
2023-03-01 11:20:12,37,42,2364,4329
2023-03-01 11:20:12,37,41,2364,4329
2023-03-01 11:20:12,37,39,2364,4329
2023-03-01 11:20:29,35,39,2364,4329
2023-03-01 11:20:29,34,39,2364,4329
2023-03-01 11:20:29,34,41,2364,4329
2023-03-01 11:20:29,34,42,2364,4329
2023-03-01 11:20:29,37,42,2364,4329
2023-03-01 11:20:29,37,40,2364,4329
2023-03-01 11:20:49,36,40,2364,4329
2023-03-01 11:20:49,36,42,2364,4329
2023-03-01 11:20:49,38,42,2364,4329
2023-03-01 11:20:49,38,40,2364,4329
2023-03-01 11:20:59,36,40,2364,4329
2023-03-01 11:20:59,36,42,2364,4329
2023-03-01 11:20:59,38,42,2364,4329
2023-03-01 11:20:59,38,40,2364,4329
2023-03-01 11:21:26,34,40,2364,4329
2023-03-01 11:21:26,34,42,2364,4329
2023-03-01 11:21:26,37,42,2364,4329
2023-03-01 11:21:26,37,40,2364,4329
2023-03-01 11:21:46,37,42,2364,4329
2023-03-01 11:21:46,37,40,2364,4329
2023-03-01 11:21:55,36,40,2364,4329
2023-03-01 11:21:55,36,43,2364,4329
2023-03-01 11:21:55,38,43,2364,4329
2023-03-01 11:21:55,38,41,2364,4329
2023-03-01 11:22:26,36,41,2364,4329
2023-03-01 11:22:26,36,43,2364,4329
2023-03-01 11:22:26,38,43,2364,4329
2023-03-01 11:22:26,38,41,2364,4329
2023-03-01 11:22:43,36,41,2364,4329
2023-03-01 11:22:43,38,41,2364,4329
2023-03-01 11:22:59,38,44,2364,4329
2023-03-01 11:23:00,38,41,2364,4329
2023-03-01 11:23:26,38,44,2364,4329
2023-03-01 11:23:26,39,44,2364,4329
2023-03-01 11:23:26,39,43,2364,4329
2023-03-01 11:23:51,39,44,2364,4329
2023-03-01 11:23:51,39,43,2364,4329
2023-03-01 11:24:09,38,43,2364,4329
2023-03-01 11:24:09,38,44,2364,4329
2023-03-01 11:24:10,39,44,2364,4329
2023-03-01 11:24:10,39,41,2364,4329
2023-03-01 11:24:31,38,41,2364,4329
2023-03-01 11:24:31,38,44,2364,4329
2023-03-01 11:24:31,39,44,2364,4329
2023-03-01 11:24:31,39,43,2364,4329
2023-03-01 11:25:03,40,43,2364,4329
2023-03-01 11:25:33,40,44,2364,4329
2023-03-01 11:25:34,40,43,2364,4329
2023-03-01 11:25:53,40,44,2364,4329
2023-03-01 11:25:53,41,44,2364,4329
2023-03-01 11:27:29,40,44,2364,4329
2023-03-01 11:27:29,41,44,2364,4329
2023-03-01 11:28:23,42,44,2364,4329
2023-03-01 11:28:37,42,47,2364,4329
2023-03-01 11:28:37,42,45,2364,4329
2023-03-01 11:28:37,42,44,2364,4329
2023-03-01 11:28:51,42,47,2364,4329
2023-03-01 11:28:52,42,45,2364,4329
2023-03-01 11:28:52,42,44,2364,4329
2023-03-01 11:28:56,42,45,2411,4376
2023-03-01 11:29:08,42,44,2411,4376
2023-03-01 11:29:27,42,48,2411,4376
2023-03-01 11:29:28,42,47,2411,4376
2023-03-01 11:29:28,42,45,2411,4376
2023-03-01 11:29:28,42,44,2411,4376
2023-03-01 11:29:43,42,45,2411,4376
2023-03-01 11:29:44,42,44,2411,4376
2023-03-01 11:30:32,42,45,2411,4376
2023-03-01 11:30:32,42,44,2411,4376
2023-03-01 11:30:52,42,48,2411,4376
2023-03-01 11:30:53,42,47,2411,4376
2023-03-01 11:30:53,42,45,2411,4376
2023-03-01 11:30:53,42,44,2411,4376
2023-03-01 11:31:33,42,45,2411,4376
2023-03-01 11:31:33,42,48,2411,4376
2023-03-01 11:31:33,42,44,2411,4376
2023-03-01 11:32:11,42,46,2411,4376
2023-03-01 11:32:12,42,44,2411,4376
2023-03-01 11:32:30,42,48,2411,4376
2023-03-01 11:32:31,42,46,2411,4376
2023-03-01 11:32:31,42,44,2411,4376
2023-03-01 11:32:55,42,46,2411,4376
2023-03-01 11:32:55,42,44,2411,4376
2023-03-01 11:33:15,42,46,2411,4376
2023-03-01 11:33:15,42,48,2411,4376
2023-03-01 11:33:16,42,47,2411,4376
2023-03-01 11:33:16,42,45,2411,4376
2023-03-01 11:33:16,42,44,2411,4376
2023-03-01 11:33:48,42,48,2411,4376
2023-03-01 11:33:48,42,46,2411,4376
2023-03-01 11:33:48,42,44,2411,4376
2023-03-01 11:34:04,42,46,2411,4376
2023-03-01 11:34:04,42,48,2411,4376
2023-03-01 11:34:04,42,47,2411,4376
2023-03-01 11:34:04,42,45,2411,4376
2023-03-01 11:34:04,42,44,2411,4376
2023-03-01 11:35:12,42,48,2411,4376
2023-03-01 11:35:12,42,46,2411,4376
2023-03-01 11:35:12,42,44,2411,4376
2023-03-01 11:35:33,42,46,2411,4376
2023-03-01 11:35:33,42,44,2411,4376
2023-03-01 11:36:30,42,46,2411,4376
2023-03-01 11:36:30,42,48,2411,4376
2023-03-01 11:36:30,42,44,2411,4376
2023-03-01 11:37:34,42,46,2411,4376
2023-03-01 11:37:34,42,48,2411,4376
2023-03-01 11:37:34,42,44,2411,4376
2023-03-01 11:39:29,42,46,2411,4376
2023-03-01 11:39:29,42,44,2411,4376
2023-03-01 11:39:40,42,46,2411,4376
2023-03-01 11:39:40,42,49,2411,4376
2023-03-01 11:39:41,42,48,2411,4376
2023-03-01 11:39:41,42,44,2411,4376
2023-03-01 11:40:42,42,48,2411,4376
2023-03-01 11:40:42,42,49,2411,4376
2023-03-01 11:40:43,42,46,2411,4376
2023-03-01 11:40:43,42,44,2411,4376
2023-03-01 11:40:53,42,44,2444,4409
2023-03-01 11:40:57,42,46,2498,4463
2023-03-01 11:40:59,42,49,2498,4463
2023-03-01 11:40:59,42,45,2498,4463
2023-03-01 11:41:19,42,47,2498,4463
2023-03-01 11:41:19,42,45,2498,4463
2023-03-01 11:41:35,44,45,2498,4463
2023-03-01 11:41:51,44,47,2498,4463
2023-03-01 11:41:51,44,49,2498,4463
2023-03-01 11:41:52,44,45,2498,4463
2023-03-01 11:42:06,44,47,2498,4463
2023-03-01 11:42:06,44,45,2498,4463
2023-03-01 11:42:36,44,49,2498,4463
2023-03-01 11:42:37,44,47,2498,4463
2023-03-01 11:42:37,44,45,2498,4463
2023-03-01 11:42:55,44,47,2498,4463
2023-03-01 11:42:55,44,45,2498,4463
2023-03-01 11:43:00,44,47,2585,4550
2023-03-01 11:43:16,44,49,2585,4550
2023-03-01 11:43:17,44,50,2585,4550
2023-03-01 11:43:17,44,47,2585,4550
2023-03-01 11:43:17,44,45,2585,4550
2023-03-01 11:43:23,44,45,2658,4623
2023-03-01 11:43:43,44,47,2658,4623
2023-03-01 11:43:44,44,45,2658,4623
2023-03-01 11:44:21,44,46,2658,4623
2023-03-01 11:45:37,44,45,2658,4623
2023-03-01 11:45:58,44,46,2658,4623
2023-03-01 11:46:17,44,45,2658,4623
2023-03-01 11:47:14,44,46,2658,4623
2023-03-01 11:47:14,44,45,2658,4623
2023-03-01 11:47:26,43,45,2658,4623
2023-03-01 11:47:29,43,46,2658,4623
2023-03-01 11:47:29,43,45,2658,4623
2023-03-01 11:47:53,41,45,2658,4623
2023-03-01 11:47:53,40,45,2658,4623
2023-03-01 11:47:54,41,45,2658,4623
2023-03-01 11:47:54,41,44,2658,4623
2023-03-01 11:48:16,40,44,2658,4623
2023-03-01 11:48:32,40,43,2658,4623
2023-03-01 11:48:37,40,44,2658,4623
2023-03-01 11:48:43,40,43,2658,4623
2023-03-01 11:49:11,40,44,2658,4623
2023-03-01 11:49:12,40,43,2658,4623
2023-03-01 11:49:27,40,43,2708,4673
2023-03-01 11:49:35,40,44,2708,4673
2023-03-01 11:49:35,41,44,2708,4673
2023-03-01 11:49:49,40,44,2708,4673
2023-03-01 11:50:28,40,43,2708,4673
2023-03-01 11:50:34,40,44,2708,4673
2023-03-01 11:50:39,40,43,2708,4673
2023-03-01 11:50:40,40,44,2708,4673
2023-03-01 11:50:41,40,43,2708,4673
2023-03-01 11:50:49,40,44,2708,4673
2023-03-01 11:50:49,40,43,2708,4673
2023-03-01 11:50:50,40,44,2708,4673
2023-03-01 11:51:00,40,43,2708,4673
2023-03-01 11:52:00,40,44,2708,4673
2023-03-01 11:52:00,41,44,2708,4673
2023-03-01 11:52:11,41,43,2708,4673
2023-03-01 11:52:14,41,44,2708,4673
2023-03-01 11:52:18,41,43,2708,4673
2023-03-01 11:52:29,41,42,2708,4673
2023-03-01 11:52:31,41,43,2708,4673
2023-03-01 11:52:42,41,42,2708,4673
2023-03-01 11:52:43,38,42,2708,4673
2023-03-01 11:52:43,40,42,2708,4673
2023-03-01 11:53:00,38,42,2708,4673
2023-03-01 11:53:00,40,42,2708,4673
2023-03-01 11:53:01,40,41,2708,4673
2023-03-01 11:53:02,40,41,2658,4723
2023-03-01 11:53:43,39,41,2658,4723
2023-03-01 11:54:09,38,41,2658,4723
2023-03-01 11:54:09,38,43,2658,4723
2023-03-01 11:54:09,38,41,2658,4723
2023-03-01 11:54:31,38,43,2658,4723
2023-03-01 11:54:31,39,43,2658,4723
2023-03-01 11:54:35,39,41,2658,4723
2023-03-01 11:54:37,39,43,2658,4723
2023-03-01 11:55:02,39,41,2658,4723
2023-03-01 11:55:08,39,43,2658,4723
2023-03-01 11:55:13,38,43,2658,4723
2023-03-01 11:55:13,40,43,2658,4723
2023-03-01 11:55:29,40,42,2658,4723
2023-03-01 11:55:34,40,43,2658,4723
2023-03-01 11:55:35,38,43,2658,4723
2023-03-01 11:55:36,39,43,2658,4723
2023-03-01 11:55:41,39,42,2658,4723
2023-03-01 11:55:48,39,43,2658,4723
2023-03-01 11:55:48,40,43,2658,4723
2023-03-01 11:55:50,40,42,2658,4723
2023-03-01 11:55:51,40,43,2658,4723
2023-03-01 11:55:55,40,42,2658,4723
2023-03-01 11:56:01,40,43,2658,4723
2023-03-01 11:56:02,40,42,2658,4723
2023-03-01 11:56:17,39,42,2658,4723
2023-03-01 11:56:17,38,42,2658,4723
2023-03-01 11:56:17,40,42,2658,4723
2023-03-01 11:56:32,40,41,2658,4723
2023-03-01 11:56:37,38,41,2658,4723
2023-03-01 11:56:37,39,41,2658,4723
2023-03-01 11:56:41,39,42,2658,4723
2023-03-01 11:56:43,39,41,2658,4723
2023-03-01 11:56:44,39,42,2658,4723
2023-03-01 11:56:58,38,42,2658,4723
2023-03-01 11:56:58,40,42,2658,4723
2023-03-01 11:57:02,40,41,2658,4723
2023-03-01 11:57:17,40,42,2658,4723
2023-03-01 11:57:20,40,41,2658,4723
2023-03-01 11:57:40,38,41,2658,4723
2023-03-01 11:57:40,39,41,2658,4723
2023-03-01 11:58:02,38,41,2658,4723
2023-03-01 11:58:02,38,42,2658,4723
2023-03-01 11:58:02,39,42,2658,4723
2023-03-01 11:58:03,39,41,2658,4723
2023-03-01 11:58:31,38,41,2658,4723
2023-03-01 11:58:31,39,41,2658,4723
2023-03-01 11:58:47,38,41,2658,4723
2023-03-01 11:58:47,38,42,2658,4723
2023-03-01 11:58:48,39,42,2658,4723
2023-03-01 11:59:08,38,42,2658,4723
2023-03-01 11:59:08,40,42,2658,4723
2023-03-01 11:59:32,40,41,2658,4723
2023-03-01 11:59:32,38,41,2658,4723
2023-03-01 11:59:32,40,41,2658,4723
2023-03-01 11:59:33,40,42,2658,4723
2023-03-01 11:59:45,38,42,2658,4723
2023-03-01 11:59:45,40,42,2658,4723
2023-03-01 11:59:52,40,43,2658,4723
2023-03-01 11:59:58,40,42,2658,4723
2023-03-01 12:00:05,40,43,2658,4723
2023-03-01 12:00:14,38,43,2658,4723
2023-03-01 12:00:14,40,43,2658,4723
2023-03-01 12:00:21,38,43,2658,4723
2023-03-01 12:00:21,40,43,2658,4723
2023-03-01 12:00:28,40,44,2658,4723
2023-03-01 12:00:29,40,43,2658,4723
2023-03-01 12:00:43,41,43,2658,4723
2023-03-01 12:00:48,41,44,2658,4723
2023-03-01 12:00:50,41,43,2658,4723
2023-03-01 12:00:51,41,44,2658,4723
2023-03-01 12:01:03,41,43,2658,4723
2023-03-01 12:01:06,40,43,2658,4723
2023-03-01 12:01:06,41,43,2658,4723
2023-03-01 12:01:10,41,44,2658,4723
2023-03-01 12:01:13,41,43,2658,4723
2023-03-01 12:01:35,40,43,2658,4723
2023-03-01 12:01:35,41,43,2658,4723
2023-03-01 12:01:46,40,43,2658,4723
2023-03-01 12:01:46,41,43,2658,4723
2023-03-01 12:02:28,41,44,2658,4723
2023-03-01 12:02:31,40,44,2658,4723
2023-03-01 12:02:31,41,44,2658,4723
2023-03-01 12:02:59,40,44,2658,4723
2023-03-01 12:03:00,42,44,2658,4723
2023-03-01 12:03:10,40,44,2658,4723
2023-03-01 12:03:10,41,44,2658,4723
2023-03-01 12:03:29,40,44,2658,4723
2023-03-01 12:03:29,42,44,2658,4723
2023-03-01 12:03:57,40,44,2658,4723
2023-03-01 12:03:57,42,44,2658,4723
2023-03-01 12:04:21,40,44,2658,4723
2023-03-01 12:04:21,42,44,2658,4723
2023-03-01 12:04:47,40,44,2658,4723
2023-03-01 12:04:47,41,44,2658,4723
2023-03-01 12:04:47,43,44,2658,4723
2023-03-01 12:05:03,43,44,2736,4801
2023-03-01 12:05:10,42,44,2736,4801
2023-03-01 12:05:10,43,44,2736,4801
2023-03-01 12:05:31,43,44,2751,4816
2023-03-01 12:05:40,42,44,2751,4816
2023-03-01 12:05:40,43,44,2751,4816
2023-03-01 12:05:58,43,45,2758,4831
2023-03-01 12:06:03,42,45,2758,4831
2023-03-01 12:06:03,43,45,2758,4831
2023-03-01 12:06:30,42,45,2758,4831
2023-03-01 12:06:30,43,45,2758,4831
2023-03-01 12:06:41,43,45,2693,4896
2023-03-01 12:06:44,41,45,2693,4896
2023-03-01 12:06:44,41,47,2693,4896
2023-03-01 12:06:45,43,47,2693,4896
2023-03-01 12:06:45,43,45,2693,4896
2023-03-01 12:06:52,41,45,2693,4896
2023-03-01 12:06:52,41,47,2693,4896
2023-03-01 12:06:52,42,47,2693,4896
2023-03-01 12:06:52,42,46,2693,4896
2023-03-01 12:06:52,42,44,2693,4896
2023-03-01 12:07:12,41,44,2693,4896
2023-03-01 12:07:12,42,44,2693,4896
2023-03-01 12:07:34,41,44,2693,4896
2023-03-01 12:07:34,41,46,2693,4896
2023-03-01 12:07:34,42,46,2693,4896
2023-03-01 12:07:34,42,44,2693,4896
2023-03-01 12:07:59,42,47,2693,4896
2023-03-01 12:07:59,42,46,2693,4896
2023-03-01 12:07:59,42,44,2693,4896
2023-03-01 12:08:27,39,44,2693,4896
2023-03-01 12:08:27,39,45,2693,4896
2023-03-01 12:08:27,41,45,2693,4896
2023-03-01 12:08:27,41,44,2693,4896
2023-03-01 12:08:49,39,44,2693,4896
2023-03-01 12:08:49,39,45,2693,4896
2023-03-01 12:08:49,41,45,2693,4896
2023-03-01 12:08:49,41,44,2693,4896
2023-03-01 12:09:28,39,44,2693,4896
2023-03-01 12:09:28,38,44,2693,4896
2023-03-01 12:09:28,40,44,2693,4896
2023-03-01 12:09:45,40,45,2693,4896
2023-03-01 12:09:45,40,44,2693,4896
2023-03-01 12:09:59,40,44,2726,4929
2023-03-01 12:09:59,39,44,2726,4929
2023-03-01 12:09:59,39,45,2726,4929
2023-03-01 12:10:00,40,45,2726,4929
2023-03-01 12:10:00,40,44,2726,4929
2023-03-01 12:10:12,38,44,2726,4929
2023-03-01 12:10:12,40,44,2726,4929
2023-03-01 12:10:15,40,43,2726,4929
2023-03-01 12:10:27,37,43,2726,4929
2023-03-01 12:10:28,39,43,2726,4929
2023-03-01 12:10:34,39,42,2726,4929
2023-03-01 12:10:41,39,43,2726,4929
2023-03-01 12:10:41,39,41,2726,4929
2023-03-01 12:10:43,37,41,2726,4929
2023-03-01 12:10:43,35,41,2726,4929
2023-03-01 12:10:43,36,41,2726,4929
2023-03-01 12:10:43,38,41,2726,4929
2023-03-01 12:11:03,38,40,2726,4929
2023-03-01 12:11:08,36,40,2726,4929
2023-03-01 12:11:08,38,40,2726,4929
2023-03-01 12:11:08,36,38,2638,5017
2023-03-01 12:11:13,33,38,2638,5017
2023-03-01 12:11:13,33,39,2638,5017
2023-03-01 12:11:13,37,39,2638,5017
2023-03-01 12:11:20,37,40,2638,5017
2023-03-01 12:11:37,34,40,2638,5017
2023-03-01 12:11:38,35,40,2638,5017
2023-03-01 12:11:38,35,38,2638,5017
2023-03-01 12:11:55,34,38,2638,5017
2023-03-01 12:11:55,34,40,2638,5017
2023-03-01 12:11:55,36,40,2638,5017
2023-03-01 12:11:55,36,38,2638,5017
2023-03-01 12:12:25,34,38,2638,5017
2023-03-01 12:12:25,34,40,2638,5017
2023-03-01 12:12:26,35,40,2638,5017
2023-03-01 12:12:26,35,38,2638,5017
2023-03-01 12:12:41,34,38,2638,5017
2023-03-01 12:12:41,34,40,2638,5017
2023-03-01 12:12:41,36,40,2638,5017
2023-03-01 12:12:41,36,38,2638,5017
2023-03-01 12:12:49,36,40,2684,5063
2023-03-01 12:13:06,34,40,2684,5063
2023-03-01 12:13:06,35,40,2684,5063
2023-03-01 12:13:06,37,40,2684,5063
2023-03-01 12:13:06,37,39,2684,5063
2023-03-01 12:13:41,37,41,2823,5202
2023-03-01 12:13:47,38,41,2823,5202
2023-03-01 12:13:52,38,44,2823,5202
2023-03-01 12:13:52,38,41,2823,5202
2023-03-01 12:14:09,38,45,2823,5202
2023-03-01 12:14:09,40,45,2823,5202
2023-03-01 12:14:09,40,44,2823,5202
2023-03-01 12:14:36,40,46,2823,5202
2023-03-01 12:14:37,42,46,2823,5202
2023-03-01 12:14:37,42,44,2823,5202
2023-03-01 12:14:54,40,44,2823,5202
2023-03-01 12:14:54,42,44,2823,5202
2023-03-01 12:15:07,42,43,2823,5202
2023-03-01 12:15:10,40,43,2786,5239
2023-03-01 12:15:13,36,43,2786,5239
2023-03-01 12:15:13,38,43,2786,5239
2023-03-01 12:15:13,40,43,2786,5239
2023-03-01 12:15:36,38,43,2786,5239
2023-03-01 12:15:36,40,43,2786,5239
2023-03-01 12:15:51,38,43,2786,5239
2023-03-01 12:15:51,40,43,2786,5239
2023-03-01 12:16:05,36,43,2786,5239
2023-03-01 12:16:06,38,43,2786,5239
2023-03-01 12:16:06,40,43,2786,5239
2023-03-01 12:16:35,38,43,2786,5239
2023-03-01 12:16:35,36,43,2786,5239
2023-03-01 12:16:35,40,43,2786,5239
2023-03-01 12:17:05,36,43,2786,5239
2023-03-01 12:17:05,38,43,2786,5239
2023-03-01 12:17:05,40,43,2786,5239
2023-03-01 12:17:27,40,44,2786,5239
2023-03-01 12:17:27,38,44,2786,5239
2023-03-01 12:17:27,38,45,2786,5239
2023-03-01 12:17:28,41,45,2786,5239
2023-03-01 12:17:28,41,44,2786,5239
2023-03-01 12:17:43,39,44,2786,5239
2023-03-01 12:17:43,39,45,2786,5239
2023-03-01 12:17:43,41,45,2786,5239
2023-03-01 12:17:43,41,44,2786,5239
2023-03-01 12:18:03,38,44,2786,5239
2023-03-01 12:18:03,39,44,2786,5239
2023-03-01 12:18:03,41,44,2786,5239
2023-03-01 12:18:31,39,44,2786,5239
2023-03-01 12:18:31,41,44,2786,5239
2023-03-01 12:18:47,39,44,2786,5239
2023-03-01 12:18:47,38,44,2786,5239
2023-03-01 12:18:48,40,44,2786,5239
2023-03-01 12:19:04,38,44,2786,5239
2023-03-01 12:19:04,39,44,2786,5239
2023-03-01 12:19:04,41,44,2786,5239
2023-03-01 12:19:25,39,44,2786,5239
2023-03-01 12:19:25,38,44,2786,5239
2023-03-01 12:19:25,41,44,2786,5239
2023-03-01 12:19:39,39,44,2786,5239
2023-03-01 12:19:39,41,44,2786,5239
2023-03-01 12:20:01,39,44,2786,5239
2023-03-01 12:20:01,41,44,2786,5239
2023-03-01 12:20:36,38,44,2786,5239
2023-03-01 12:20:36,38,45,2786,5239
2023-03-01 12:20:36,39,45,2786,5239
2023-03-01 12:20:36,41,45,2786,5239
2023-03-01 12:20:36,41,44,2786,5239
2023-03-01 12:21:35,38,44,2786,5239
2023-03-01 12:21:36,39,44,2786,5239
2023-03-01 12:21:36,41,44,2786,5239
2023-03-01 12:21:49,39,44,2786,5239
2023-03-01 12:21:49,38,44,2786,5239
2023-03-01 12:21:49,40,44,2786,5239
2023-03-01 12:22:01,38,44,2786,5239
2023-03-01 12:22:01,39,44,2786,5239
2023-03-01 12:22:01,41,44,2786,5239
2023-03-01 12:22:28,39,44,2786,5239
2023-03-01 12:22:28,39,45,2786,5239
2023-03-01 12:22:28,39,46,2786,5239
2023-03-01 12:22:28,41,46,2786,5239
2023-03-01 12:22:29,41,44,2786,5239
2023-03-01 12:22:45,39,44,2786,5239
2023-03-01 12:22:45,39,45,2786,5239
2023-03-01 12:22:45,41,45,2786,5239
2023-03-01 12:22:45,41,44,2786,5239
2023-03-01 12:23:12,41,43,2786,5239
2023-03-01 12:23:30,41,42,2786,5239
2023-03-01 12:23:33,41,42,2686,5339
2023-03-01 12:23:33,41,43,2686,5339
2023-03-01 12:23:35,41,42,2686,5339
2023-03-01 12:23:36,41,42,2612,5439
2023-03-01 12:23:40,39,41,2612,5475
2023-03-01 12:23:42,37,41,2612,5475
2023-03-01 12:23:42,36,41,2612,5475
2023-03-01 12:23:42,40,41,2612,5475
2023-03-01 12:23:43,38,40,2612,5514
2023-03-01 12:23:49,38,42,2612,5514
2023-03-01 12:23:49,36,42,2612,5514
2023-03-01 12:23:49,37,42,2612,5514
2023-03-01 12:23:49,39,42,2612,5514
2023-03-01 12:23:49,39,41,2612,5514
2023-03-01 12:24:18,38,41,2612,5514
2023-03-01 12:24:18,38,44,2612,5514
2023-03-01 12:24:18,38,43,2612,5514
2023-03-01 12:24:18,38,40,2612,5514
2023-03-01 12:24:38,38,45,2612,5514
2023-03-01 12:24:39,40,45,2612,5514
2023-03-01 12:24:39,40,43,2612,5514
2023-03-01 12:25:01,38,43,2612,5514
2023-03-01 12:25:01,38,44,2612,5514
2023-03-01 12:25:01,38,45,2612,5514
2023-03-01 12:25:02,39,45,2612,5514
2023-03-01 12:25:02,41,45,2612,5514
2023-03-01 12:25:02,41,44,2612,5514
2023-03-01 12:25:21,39,44,2612,5514
2023-03-01 12:25:21,38,44,2612,5514
2023-03-01 12:25:21,38,45,2612,5514
2023-03-01 12:25:22,41,45,2612,5514
2023-03-01 12:25:22,41,44,2612,5514
2023-03-01 12:25:44,39,44,2612,5514
2023-03-01 12:25:44,38,44,2612,5514
2023-03-01 12:25:45,40,44,2612,5514
2023-03-01 12:25:49,40,43,2612,5514
2023-03-01 12:26:03,36,43,2612,5514
2023-03-01 12:26:03,37,43,2612,5514
2023-03-01 12:26:03,39,43,2612,5514
2023-03-01 12:26:05,39,42,2612,5514
2023-03-01 12:26:07,39,41,2612,5514
2023-03-01 12:26:12,37,41,2612,5514
2023-03-01 12:26:12,39,41,2612,5514
2023-03-01 12:26:31,34,41,2612,5514
2023-03-01 12:26:31,35,41,2612,5514
2023-03-01 12:26:31,37,41,2612,5514
2023-03-01 12:26:32,37,40,2612,5514
2023-03-01 12:27:32,36,40,2612,5514
2023-03-01 12:27:32,39,40,2612,5514
2023-03-01 12:27:41,39,41,2612,5514
2023-03-01 12:27:49,36,41,2612,5514
2023-03-01 12:27:49,37,41,2612,5514
2023-03-01 12:27:49,37,39,2612,5514
2023-03-01 12:28:18,36,39,2612,5514
2023-03-01 12:28:18,37,39,2612,5514
2023-03-01 12:28:38,36,39,2612,5514
2023-03-01 12:28:38,37,39,2612,5514
2023-03-01 12:28:46,37,39,2612,5547
2023-03-01 12:28:49,37,40,2612,5547
2023-03-01 12:28:53,36,40,2612,5547
2023-03-01 12:28:53,37,40,2612,5547
2023-03-01 12:28:53,39,40,2612,5547
2023-03-01 12:29:16,36,40,2612,5547
2023-03-01 12:29:16,38,40,2612,5547
2023-03-01 12:29:28,38,41,2612,5547
2023-03-01 12:29:39,39,41,2612,5547
2023-03-01 12:30:00,38,41,2612,5547
2023-03-01 12:30:00,38,44,2612,5547
2023-03-01 12:30:00,38,45,2612,5547
2023-03-01 12:30:00,40,45,2612,5547
2023-03-01 12:30:00,40,44,2612,5547
2023-03-01 12:30:34,40,45,2612,5547
2023-03-01 12:30:34,40,44,2612,5547
2023-03-01 12:30:53,38,44,2612,5547
2023-03-01 12:30:53,41,44,2612,5547
2023-03-01 12:31:10,39,44,2612,5547
2023-03-01 12:31:10,38,44,2612,5547
2023-03-01 12:31:10,40,44,2612,5547
2023-03-01 12:31:29,38,44,2612,5547
2023-03-01 12:31:29,40,44,2612,5547
2023-03-01 12:31:29,40,43,2612,5547
2023-03-01 12:31:53,38,43,2612,5547
2023-03-01 12:31:53,40,45,2612,5547
2023-03-01 12:31:53,40,44,2612,5547
2023-03-01 12:32:16,38,44,2612,5547
2023-03-01 12:32:16,40,44,2612,5547
2023-03-01 12:32:16,40,43,2612,5547
2023-03-01 12:32:42,38,43,2612,5547
2023-03-01 12:32:42,41,43,2612,5547
2023-03-01 12:32:47,41,44,2612,5547
2023-03-01 12:33:05,39,44,2612,5547
2023-03-01 12:33:05,41,44,2612,5547
2023-03-01 12:34:26,39,44,2612,5547
2023-03-01 12:34:27,38,44,2612,5547
2023-03-01 12:34:27,40,44,2612,5547
2023-03-01 12:34:45,38,44,2612,5547
2023-03-01 12:34:45,39,44,2612,5547
2023-03-01 12:34:45,41,44,2612,5547
2023-03-01 12:34:56,40,44,2612,5547
2023-03-01 12:34:56,41,44,2612,5547
2023-03-01 12:35:03,42,44,2612,5547
2023-03-01 12:35:35,43,44,2612,5547
2023-03-01 12:35:43,43,45,2612,5547
2023-03-01 12:35:49,41,45,2612,5547
2023-03-01 12:35:49,40,45,2612,5547
2023-03-01 12:35:49,42,45,2612,5547
2023-03-01 12:35:59,40,45,2612,5547
2023-03-01 12:35:59,42,45,2612,5547
2023-03-01 12:35:59,42,44,2612,5547
2023-03-01 12:36:32,40,44,2612,5547
2023-03-01 12:36:32,38,44,2612,5547
2023-03-01 12:36:32,39,44,2612,5547
2023-03-01 12:36:32,41,44,2612,5547
2023-03-01 12:36:41,39,44,2612,5547
2023-03-01 12:36:41,38,44,2612,5547
2023-03-01 12:36:42,41,44,2612,5547
2023-03-01 12:36:56,38,44,2612,5547
2023-03-01 12:36:57,40,44,2612,5547
2023-03-01 12:37:25,38,44,2612,5547
2023-03-01 12:37:26,39,44,2612,5547
2023-03-01 12:37:26,41,44,2612,5547
2023-03-01 12:37:57,40,44,2612,5547
2023-03-01 12:37:57,42,44,2612,5547
2023-03-01 12:38:25,40,44,2612,5547
2023-03-01 12:38:25,43,44,2612,5547
2023-03-01 12:38:35,43,45,2612,5547
2023-03-01 12:38:39,41,45,2612,5547
2023-03-01 12:38:39,40,45,2612,5547
2023-03-01 12:38:39,42,45,2612,5547
2023-03-01 12:38:59,40,45,2612,5547
2023-03-01 12:38:59,42,45,2612,5547
2023-03-01 12:39:28,40,45,2612,5547
2023-03-01 12:39:28,40,47,2612,5547
2023-03-01 12:39:28,41,47,2612,5547
2023-03-01 12:39:28,43,47,2612,5547
2023-03-01 12:39:28,43,45,2612,5547
2023-03-01 12:39:57,41,45,2612,5547
2023-03-01 12:39:58,40,45,2612,5547
2023-03-01 12:39:58,42,45,2612,5547
2023-03-01 12:39:58,42,44,2612,5547
2023-03-01 12:40:30,40,44,2612,5547
2023-03-01 12:40:30,42,44,2612,5547
2023-03-01 12:40:43,40,44,2612,5547
2023-03-01 12:40:43,42,44,2612,5547
2023-03-01 12:40:58,42,46,2612,5547
2023-03-01 12:40:58,42,44,2612,5547
2023-03-01 12:41:24,38,44,2612,5547
2023-03-01 12:41:24,40,44,2612,5547
2023-03-01 12:41:47,38,44,2612,5547
2023-03-01 12:41:48,41,44,2612,5547
2023-03-01 12:41:57,39,44,2612,5547
2023-03-01 12:41:57,41,44,2612,5547
2023-03-01 12:42:29,38,44,2612,5547
2023-03-01 12:42:30,39,44,2612,5547
2023-03-01 12:42:30,41,44,2612,5547
2023-03-01 12:42:44,39,44,2612,5547
2023-03-01 12:42:44,41,44,2612,5547
2023-03-01 12:42:58,38,44,2612,5547
2023-03-01 12:42:58,40,44,2612,5547
2023-03-01 12:42:58,40,43,2612,5547
2023-03-01 12:43:26,38,43,2612,5547
2023-03-01 12:43:27,39,43,2612,5547
2023-03-01 12:43:27,41,43,2612,5547
2023-03-01 12:43:28,41,44,2612,5547
2023-03-01 12:43:44,39,44,2612,5547
2023-03-01 12:43:44,41,44,2612,5547
2023-03-01 12:43:57,39,44,2612,5547
2023-03-01 12:43:57,38,44,2612,5547
2023-03-01 12:43:57,40,44,2612,5547
2023-03-01 12:43:57,40,43,2612,5547
2023-03-01 12:44:25,38,43,2612,5547
2023-03-01 12:44:25,40,43,2612,5547
2023-03-01 12:44:44,38,43,2612,5547
2023-03-01 12:44:44,40,43,2612,5547
2023-03-01 12:45:30,38,43,2612,5547
2023-03-01 12:45:30,40,43,2612,5547
2023-03-01 12:45:34,40,42,2612,5547
2023-03-01 12:45:46,38,42,2612,5547
2023-03-01 12:45:46,36,42,2612,5547
2023-03-01 12:45:46,38,42,2612,5547
2023-03-01 12:45:46,38,41,2612,5547
2023-03-01 12:46:45,36,41,2612,5547
2023-03-01 12:46:45,40,44,2612,5547
2023-03-01 12:46:45,40,43,2612,5547
2023-03-01 12:47:02,38,43,2612,5547
2023-03-01 12:47:02,41,43,2612,5547
2023-03-01 12:47:29,39,43,2612,5547
2023-03-01 12:47:29,41,43,2612,5547
2023-03-01 12:47:40,41,44,2612,5547
2023-03-01 12:47:43,39,44,2612,5547
2023-03-01 12:47:43,41,44,2612,5547
2023-03-01 12:47:57,39,44,2612,5547
2023-03-01 12:47:57,38,44,2612,5547
2023-03-01 12:47:58,41,44,2612,5547
2023-03-01 12:48:32,39,44,2612,5547
2023-03-01 12:48:32,38,44,2612,5547
2023-03-01 12:48:33,40,44,2612,5547
2023-03-01 12:48:33,40,43,2612,5547
2023-03-01 12:49:02,38,43,2612,5547
2023-03-01 12:49:02,40,43,2612,5547
2023-03-01 12:49:32,38,43,2612,5547
2023-03-01 12:49:32,41,43,2612,5547
2023-03-01 12:49:41,38,43,2612,5547
2023-03-01 12:49:41,40,44,2612,5547
2023-03-01 12:50:29,38,44,2612,5547
2023-03-01 12:50:30,40,45,2612,5547
2023-03-01 12:50:30,40,44,2612,5547
2023-03-01 12:51:00,38,44,2612,5547
2023-03-01 12:51:00,38,45,2612,5547
2023-03-01 12:51:00,38,44,2612,5547
2023-03-01 12:51:00,41,44,2612,5547
2023-03-01 12:51:29,38,44,2612,5547
2023-03-01 12:51:29,39,44,2612,5547
2023-03-01 12:51:29,41,44,2612,5547
2023-03-01 12:51:47,39,44,2612,5547
2023-03-01 12:51:47,41,44,2612,5547
2023-03-01 12:52:08,39,44,2612,5547
2023-03-01 12:52:08,38,44,2612,5547
2023-03-01 12:52:08,40,44,2612,5547
2023-03-01 12:52:09,40,43,2612,5547
2023-03-01 12:52:38,38,43,2612,5547
2023-03-01 12:52:39,41,43,2612,5547
2023-03-01 12:52:47,41,44,2612,5547
2023-03-01 12:52:50,38,44,2612,5547
2023-03-01 12:52:50,40,44,2612,5547
2023-03-01 12:53:11,38,44,2612,5547
2023-03-01 12:53:11,40,44,2612,5547
2023-03-01 12:53:11,40,43,2612,5547
2023-03-01 12:53:28,38,43,2612,5547
2023-03-01 12:53:29,39,43,2612,5547
2023-03-01 12:53:29,39,41,2612,5547
2023-03-01 12:54:06,38,43,2612,5547
2023-03-01 12:54:06,38,44,2612,5547
2023-03-01 12:54:06,40,44,2612,5547
2023-03-01 12:54:06,40,43,2612,5547
2023-03-01 12:54:47,38,43,2612,5547
2023-03-01 12:54:47,40,43,2612,5547
2023-03-01 12:54:59,38,43,2612,5547
2023-03-01 12:54:59,38,44,2612,5547
2023-03-01 12:54:59,40,44,2612,5547
2023-03-01 12:54:59,40,43,2612,5547
2023-03-01 12:55:23,38,43,2612,5547
2023-03-01 12:55:23,40,43,2612,5547
2023-03-01 12:55:41,41,43,2612,5547
2023-03-01 12:55:57,40,43,2612,5547
2023-03-01 12:55:57,41,43,2612,5547
2023-03-01 12:56:04,41,44,2612,5547
2023-03-01 12:56:48,40,44,2612,5547
2023-03-01 12:56:48,41,44,2612,5547
2023-03-01 12:57:08,40,44,2612,5547
2023-03-01 12:57:08,42,44,2612,5547
2023-03-01 12:57:29,40,44,2612,5547
2023-03-01 12:57:29,42,44,2612,5547
2023-03-01 12:57:40,40,44,2612,5547
2023-03-01 12:57:40,42,44,2612,5547
2023-03-01 12:57:52,40,44,2612,5547
2023-03-01 12:57:52,42,44,2612,5547
2023-03-01 12:57:56,42,44,2612,5580
2023-03-01 12:58:05,42,45,2612,5580
2023-03-01 12:58:14,44,45,2612,5580
2023-03-01 12:58:17,44,45,2612,5615
2023-03-01 12:58:22,44,45,2945,5948
2023-03-01 12:58:33,44,45,2945,6027
2023-03-01 12:59:10,44,46,2945,6027
2023-03-01 12:59:23,42,46,2945,6027
2023-03-01 12:59:23,42,49,2945,6027
2023-03-01 12:59:23,43,49,2945,6027
2023-03-01 12:59:23,43,45,2945,6027
2023-03-01 12:59:48,42,45,2945,6027
2023-03-01 12:59:48,42,49,2945,6027
2023-03-01 12:59:48,43,49,2945,6027
2023-03-01 12:59:48,43,46,2945,6027
2023-03-01 13:00:06,42,46,2945,6027
2023-03-01 13:00:06,44,46,2945,6027
2023-03-01 13:00:47,45,46,2945,6027
2023-03-01 13:01:05,45,47,2945,6027
2023-03-01 13:01:39,46,47,2945,6027
2023-03-01 13:01:48,46,49,2945,6027
2023-03-01 13:01:48,46,52,2945,6027
2023-03-01 13:01:49,46,50,2945,6027
2023-03-01 13:01:49,46,48,2945,6027
2023-03-01 13:02:10,46,52,2945,6027
2023-03-01 13:02:10,46,48,2945,6027
2023-03-01 13:03:00,46,52,2945,6027
2023-03-01 13:03:00,46,50,2945,6027
2023-03-01 13:03:00,46,48,2945,6027
2023-03-01 13:03:19,48,50,3135,6217
2023-03-01 13:03:28,46,50,3135,6217
2023-03-01 13:03:32,46,48,3135,6217
2023-03-01 13:04:24,46,49,3135,6217
2023-03-01 13:04:46,46,48,3135,6217
2023-03-01 13:04:55,46,49,3135,6217
2023-03-01 13:05:28,47,49,3135,6217
2023-03-01 13:05:34,46,49,3135,6217
2023-03-01 13:05:36,48,49,3135,6217
2023-03-01 13:05:49,46,49,3135,6217
2023-03-01 13:05:57,46,50,3135,6217
2023-03-01 13:05:58,46,49,3135,6217
2023-03-01 13:06:09,48,49,3135,6217
2023-03-01 13:06:29,48,50,3135,6217
2023-03-01 13:06:31,48,49,3135,6217
2023-03-01 13:06:38,48,50,3135,6217
2023-03-01 13:07:44,48,50,3145,6227
2023-03-01 13:07:44,47,50,3145,6227
2023-03-01 13:07:45,41,50,3145,6227
2023-03-01 13:07:45,44,50,3145,6227
2023-03-01 13:07:45,48,50,3145,6227
2023-03-01 13:08:26,41,50,3145,6227
2023-03-01 13:08:27,43,53,3145,6227
2023-03-01 13:08:27,45,53,3145,6227
2023-03-01 13:08:27,47,53,3145,6227
2023-03-01 13:08:27,47,52,3145,6227
2023-03-01 13:08:27,47,50,3145,6227
2023-03-01 13:08:46,45,50,3145,6227
2023-03-01 13:08:46,43,50,3145,6227
2023-03-01 13:08:46,42,50,3145,6227
2023-03-01 13:08:46,44,50,3145,6227
2023-03-01 13:08:46,48,50,3145,6227
2023-03-01 13:09:28,44,50,3145,6227
2023-03-01 13:09:28,42,50,3145,6227
2023-03-01 13:09:29,46,50,3145,6227
2023-03-01 13:09:29,48,50,3145,6227
2023-03-01 13:09:51,46,50,3145,6227
2023-03-01 13:09:51,48,50,3145,6227
2023-03-01 13:10:27,42,50,3145,6227
2023-03-01 13:10:27,44,50,3145,6227
2023-03-01 13:10:27,46,50,3145,6227
2023-03-01 13:10:27,48,50,3145,6227
2023-03-01 13:10:35,48,52,3190,6272
2023-03-01 13:10:39,46,52,3190,6272
2023-03-01 13:10:40,48,52,3190,6272
2023-03-01 13:10:40,48,51,3190,6272
2023-03-01 13:11:05,46,51,3190,6272
2023-03-01 13:11:05,48,51,3190,6272
2023-03-01 13:11:29,46,51,3190,6272
2023-03-01 13:11:29,42,51,3190,6272
2023-03-01 13:11:29,47,51,3190,6272
2023-03-01 13:11:29,49,51,3190,6272
2023-03-01 13:11:51,42,51,3190,6272
2023-03-01 13:11:51,46,53,3190,6272
2023-03-01 13:11:51,48,53,3190,6272
2023-03-01 13:11:51,48,51,3190,6272
2023-03-01 13:12:06,43,51,3190,6272
2023-03-01 13:12:06,42,51,3190,6272
2023-03-01 13:12:06,49,51,3190,6272
2023-03-01 13:12:53,42,51,3190,6272
2023-03-01 13:12:53,48,51,3190,6272
2023-03-01 13:13:15,46,51,3190,6272
2023-03-01 13:13:15,48,51,3190,6272
2023-03-01 13:13:45,46,51,3190,6272
2023-03-01 13:13:45,48,51,3190,6272
2023-03-01 13:14:15,46,51,3190,6272
2023-03-01 13:14:15,46,53,3190,6272
2023-03-01 13:14:15,48,53,3190,6272
2023-03-01 13:14:15,48,51,3190,6272
2023-03-01 13:14:26,46,51,3190,6272
2023-03-01 13:14:26,43,51,3190,6272
2023-03-01 13:14:26,49,51,3190,6272
2023-03-01 13:14:57,47,51,3190,6272
2023-03-01 13:14:57,45,51,3190,6272
2023-03-01 13:14:57,43,51,3190,6272
2023-03-01 13:14:58,46,51,3190,6272
2023-03-01 13:14:58,48,51,3190,6272
2023-03-01 13:15:24,46,51,3190,6272
2023-03-01 13:15:24,48,51,3190,6272
2023-03-01 13:15:24,48,50,3190,6272
2023-03-01 13:15:45,46,50,3190,6272
2023-03-01 13:15:45,48,50,3190,6272
2023-03-01 13:16:02,48,51,3190,6272
2023-03-01 13:16:27,43,51,3190,6272
2023-03-01 13:16:27,43,53,3190,6272
2023-03-01 13:16:27,47,53,3190,6272
2023-03-01 13:16:27,49,53,3190,6272
2023-03-01 13:16:27,49,51,3190,6272
2023-03-01 13:16:46,47,51,3190,6272
2023-03-01 13:16:46,49,51,3190,6272
2023-03-01 13:17:02,49,52,3190,6272
2023-03-01 13:17:05,47,52,3190,6272
2023-03-01 13:17:05,49,52,3190,6272
2023-03-01 13:17:05,49,51,3190,6272
2023-03-01 13:17:26,45,51,3190,6272
2023-03-01 13:17:26,43,51,3190,6272
2023-03-01 13:17:26,48,51,3190,6272
2023-03-01 13:17:49,46,51,3190,6272
2023-03-01 13:17:49,48,51,3190,6272
2023-03-01 13:18:28,43,51,3190,6272
2023-03-01 13:18:29,46,51,3190,6272
2023-03-01 13:18:29,48,51,3190,6272
2023-03-01 13:18:29,48,50,3190,6272
2023-03-01 13:18:42,46,50,3190,6272
2023-03-01 13:18:42,48,50,3190,6272
2023-03-01 13:19:04,46,50,3190,6272
2023-03-01 13:19:05,48,52,3190,6272
2023-03-01 13:19:05,48,50,3190,6272
2023-03-01 13:19:23,46,50,3190,6272
2023-03-01 13:19:23,32,50,3190,6272
2023-03-01 13:19:23,32,52,3190,6272
2023-03-01 13:19:23,32,55,3190,6272
2023-03-01 13:19:23,47,55,3190,6272
2023-03-01 13:19:23,49,55,3190,6272
2023-03-01 13:19:23,49,53,3190,6272
2023-03-01 13:19:23,49,51,3190,6272
2023-03-01 13:19:49,47,51,3190,6272
2023-03-01 13:19:49,49,51,3190,6272
2023-03-01 13:19:59,47,51,3190,6272
2023-03-01 13:19:59,49,51,3190,6272
2023-03-01 13:20:34,47,51,3190,6272
2023-03-01 13:20:34,47,53,3190,6272
2023-03-01 13:20:34,47,55,3190,6272
2023-03-01 13:20:34,49,55,3190,6272
2023-03-01 13:20:34,49,54,3190,6272
2023-03-01 13:20:34,49,52,3190,6272
2023-03-01 13:20:48,47,52,3190,6272
2023-03-01 13:20:48,32,52,3190,6272
2023-03-01 13:20:49,49,52,3190,6272
2023-03-01 13:21:01,47,52,3190,6272
2023-03-01 13:21:01,45,52,3190,6272
2023-03-01 13:21:02,50,52,3190,6272
2023-03-01 13:21:32,48,52,3190,6272
2023-03-01 13:21:32,32,52,3190,6272
2023-03-01 13:21:32,32,55,3190,6272
2023-03-01 13:21:32,46,55,3190,6272
2023-03-01 13:21:32,50,55,3190,6272
2023-03-01 13:21:32,50,54,3190,6272
2023-03-01 13:21:32,50,52,3190,6272
2023-03-01 13:21:45,48,52,3190,6272
2023-03-01 13:21:45,48,55,3190,6272
2023-03-01 13:21:46,50,55,3190,6272
2023-03-01 13:21:46,50,53,3190,6272
2023-03-01 13:22:25,48,53,3190,6272
2023-03-01 13:22:25,32,53,3190,6272
2023-03-01 13:22:25,46,53,3190,6272
2023-03-01 13:22:25,50,53,3190,6272
2023-03-01 13:23:10,50,55,3190,6272
2023-03-01 13:23:10,50,53,3190,6272
2023-03-01 13:23:31,48,53,3190,6272
2023-03-01 13:23:31,20,53,3190,6272
2023-03-01 13:23:31,47,53,3190,6272
2023-03-01 13:23:31,49,53,3190,6272
2023-03-01 13:23:31,51,53,3190,6272
2023-03-01 13:24:26,47,53,3190,6272
2023-03-01 13:24:26,45,53,3190,6272
2023-03-01 13:24:26,45,55,3190,6272
2023-03-01 13:24:26,45,56,3190,6272
2023-03-01 13:24:26,49,56,3190,6272
2023-03-01 13:24:26,51,56,3190,6272
2023-03-01 13:24:26,51,53,3190,6272
2023-03-01 13:24:38,49,53,3190,6272
2023-03-01 13:24:38,51,53,3190,6272
2023-03-01 13:24:48,51,54,3190,6272
2023-03-01 13:24:55,49,54,3190,6272
2023-03-01 13:24:55,51,54,3190,6272
2023-03-01 13:25:47,46,54,3190,6272
2023-03-01 13:25:47,50,54,3190,6272
2023-03-01 13:25:47,50,53,3190,6272
2023-03-01 13:26:25,45,53,3190,6272
2023-03-01 13:26:26,46,53,3190,6272
2023-03-01 13:26:26,48,53,3190,6272
2023-03-01 13:26:26,50,53,3190,6272
2023-03-01 13:26:26,50,52,3190,6272
2023-03-01 13:26:37,48,52,3190,6272
2023-03-01 13:26:37,48,54,3190,6272
2023-03-01 13:26:37,48,57,3190,6272
2023-03-01 13:26:37,50,57,3190,6272
2023-03-01 13:26:37,50,53,3190,6272
2023-03-01 13:27:26,45,53,3190,6272
2023-03-01 13:27:26,49,53,3190,6272
2023-03-01 13:27:26,51,53,3190,6272
2023-03-01 13:27:58,51,53,3193,6275
2023-03-01 13:28:57,49,53,3193,6275
2023-03-01 13:28:57,51,53,3193,6275
2023-03-01 13:29:20,51,55,3193,6275
2023-03-01 13:29:21,51,53,3193,6275
2023-03-01 13:29:44,49,53,3193,6275
2023-03-01 13:29:44,51,53,3193,6275
2023-03-01 13:30:01,51,54,3193,6275
2023-03-01 13:30:31,49,54,3193,6275
2023-03-01 13:30:31,47,54,3193,6275
2023-03-01 13:30:31,45,54,3193,6275
2023-03-01 13:30:31,51,54,3193,6275
2023-03-01 13:30:49,49,54,3193,6275
2023-03-01 13:30:49,45,54,3193,6275
2023-03-01 13:30:49,48,54,3193,6275
2023-03-01 13:30:49,50,54,3193,6275
2023-03-01 13:30:49,52,54,3193,6275
2023-03-01 13:32:39,45,54,3193,6275
2023-03-01 13:32:39,45,56,3193,6275
2023-03-01 13:32:39,45,59,3193,6275
2023-03-01 13:32:39,50,59,3193,6275
2023-03-01 13:32:39,52,59,3193,6275
2023-03-01 13:32:39,52,54,3193,6275
2023-03-01 13:33:42,50,54,3193,6275
2023-03-01 13:33:42,52,54,3193,6275
2023-03-01 13:34:40,50,54,3193,6275
2023-03-01 13:34:40,52,54,3193,6275
2023-03-01 13:35:17,52,55,3193,6275
2023-03-01 13:36:31,50,55,3193,6275
2023-03-01 13:36:31,52,55,3193,6275
2023-03-01 13:37:00,50,55,3193,6275
2023-03-01 13:37:00,46,55,3193,6275
2023-03-01 13:37:00,46,57,3193,6275
2023-03-01 13:37:00,46,59,3193,6275
2023-03-01 13:37:00,48,59,3193,6275
2023-03-01 13:37:00,52,59,3193,6275
2023-03-01 13:37:00,52,55,3193,6275
2023-03-01 13:37:15,52,57,3193,6275
2023-03-01 13:37:15,52,55,3193,6275
2023-03-01 13:37:28,47,55,3193,6275
2023-03-01 13:37:28,46,55,3193,6275
2023-03-01 13:37:28,46,57,3193,6275
2023-03-01 13:37:28,49,57,3193,6275
2023-03-01 13:37:28,53,57,3193,6275
2023-03-01 13:37:28,53,55,3193,6275
2023-03-01 13:37:47,51,55,3193,6275
2023-03-01 13:37:47,49,55,3193,6275
2023-03-01 13:37:47,52,55,3193,6275
2023-03-01 13:37:54,49,55,3193,6275
2023-03-01 13:37:54,51,55,3193,6275
2023-03-01 13:37:54,53,55,3193,6275
2023-03-01 13:38:23,53,59,3193,6275
2023-03-01 13:38:23,53,57,3193,6275
2023-03-01 13:38:23,53,55,3193,6275
2023-03-01 13:39:43,51,55,3193,6275
2023-03-01 13:39:43,51,57,3193,6275
2023-03-01 13:39:43,53,57,3193,6275
2023-03-01 13:39:43,53,55,3193,6275
2023-03-01 13:39:53,51,55,3193,6275
2023-03-01 13:39:53,51,57,3193,6275
2023-03-01 13:39:53,53,57,3193,6275
2023-03-01 13:39:53,53,55,3193,6275
2023-03-01 13:41:20,51,55,3193,6275
2023-03-01 13:41:20,51,57,3193,6275
2023-03-01 13:41:20,53,57,3193,6275
2023-03-01 13:41:20,53,55,3193,6275
2023-03-01 13:42:26,51,55,3193,6275
2023-03-01 13:42:26,51,57,3193,6275
2023-03-01 13:42:26,53,57,3193,6275
2023-03-01 13:42:26,53,55,3193,6275
2023-03-01 13:42:46,51,55,3193,6275
2023-03-01 13:42:46,49,55,3193,6275
2023-03-01 13:42:46,47,55,3193,6275
2023-03-01 13:42:46,47,57,3193,6275
2023-03-01 13:42:46,47,60,3193,6275
2023-03-01 13:42:47,53,60,3193,6275
2023-03-01 13:42:47,53,58,3193,6275
2023-03-01 13:42:47,53,56,3193,6275
2023-03-01 13:42:54,51,56,3193,6275
2023-03-01 13:42:54,51,58,3193,6275
2023-03-01 13:42:54,53,58,3193,6275
2023-03-01 13:42:54,53,56,3193,6275
2023-03-01 13:43:27,51,56,3193,6275
2023-03-01 13:43:27,51,60,3193,6275
2023-03-01 13:43:27,51,61,3193,6275
2023-03-01 13:43:27,53,61,3193,6275
2023-03-01 13:43:27,53,55,3193,6275
2023-03-01 13:43:43,48,55,3193,6275
2023-03-01 13:43:43,48,62,3193,6275
2023-03-01 13:43:44,51,62,3193,6275
2023-03-01 13:43:44,53,62,3193,6275
2023-03-01 13:43:44,53,58,3193,6275
2023-03-01 13:43:44,53,56,3193,6275
2023-03-01 13:44:44,48,56,3193,6275
2023-03-01 13:44:44,48,58,3193,6275
2023-03-01 13:44:44,52,58,3193,6275
2023-03-01 13:44:44,54,58,3193,6275
2023-03-01 13:44:44,54,56,3193,6275
2023-03-01 13:45:27,52,56,3193,6275
2023-03-01 13:45:27,52,58,3193,6275
2023-03-01 13:45:27,54,58,3193,6275
2023-03-01 13:45:27,54,56,3193,6275
2023-03-01 13:45:38,52,56,3193,6275
2023-03-01 13:45:38,52,58,3193,6275
2023-03-01 13:45:38,52,60,3193,6275
2023-03-01 13:45:38,52,61,3193,6275
2023-03-01 13:45:38,54,61,3193,6275
2023-03-01 13:45:38,54,57,3193,6275
2023-03-01 13:45:50,48,57,3193,6275
2023-03-01 13:45:50,50,57,3193,6275
2023-03-01 13:45:50,52,57,3193,6275
2023-03-01 13:45:50,54,57,3193,6275
2023-03-01 13:46:29,52,57,3193,6275
2023-03-01 13:46:29,50,57,3193,6275
2023-03-01 13:46:29,48,57,3193,6275
2023-03-01 13:46:29,54,57,3193,6275
2023-03-01 13:47:29,49,57,3193,6275
2023-03-01 13:47:29,48,57,3193,6275
2023-03-01 13:47:30,52,57,3193,6275
2023-03-01 13:47:30,54,57,3193,6275
2023-03-01 13:47:48,52,57,3193,6275
2023-03-01 13:47:48,50,57,3193,6275
2023-03-01 13:47:48,48,57,3193,6275
2023-03-01 13:47:48,53,57,3193,6275
2023-03-01 13:47:48,55,57,3193,6275
2023-03-01 13:48:09,53,57,3193,6275
2023-03-01 13:48:09,53,59,3193,6275
2023-03-01 13:48:09,53,60,3193,6275
2023-03-01 13:48:09,55,60,3193,6275
2023-03-01 13:48:09,55,58,3193,6275
2023-03-01 13:48:34,48,58,3193,6275
2023-03-01 13:48:34,48,60,3193,6275
2023-03-01 13:48:34,52,60,3193,6275
2023-03-01 13:48:34,56,60,3193,6275
2023-03-01 13:48:34,56,58,3193,6275
2023-03-01 13:48:54,52,58,3193,6275
2023-03-01 13:48:54,48,58,3193,6275
2023-03-01 13:48:54,51,58,3193,6275
2023-03-01 13:48:54,53,58,3193,6275
2023-03-01 13:48:54,55,58,3193,6275
2023-03-01 13:49:11,51,58,3193,6275
2023-03-01 13:49:11,48,58,3193,6275
2023-03-01 13:49:12,54,58,3193,6275
2023-03-01 13:49:12,56,58,3193,6275
2023-03-01 13:49:33,48,58,3193,6275
2023-03-01 13:49:33,52,58,3193,6275
2023-03-01 13:49:33,54,58,3193,6275
2023-03-01 13:49:33,56,58,3193,6275
2023-03-01 13:49:48,54,58,3193,6275
2023-03-01 13:49:48,56,58,3193,6275
2023-03-01 13:50:36,48,58,3193,6275
2023-03-01 13:50:36,55,58,3193,6275
2023-03-01 13:51:56,53,58,3193,6275
2023-03-01 13:51:56,48,58,3193,6275
2023-03-01 13:51:56,56,60,3193,6275
2023-03-01 13:51:56,56,58,3193,6275
2023-03-01 13:52:38,54,58,3193,6275
2023-03-01 13:52:38,56,58,3193,6275
2023-03-01 13:52:51,56,60,3193,6275
2023-03-01 13:52:51,56,61,3193,6275
2023-03-01 13:52:52,56,58,3193,6275
2023-03-01 13:53:49,54,58,3193,6275
2023-03-01 13:53:49,56,58,3193,6275
2023-03-01 13:54:15,56,60,3193,6275
2023-03-01 13:54:15,56,58,3193,6275
2023-03-01 13:54:46,54,58,3193,6275
2023-03-01 13:54:46,56,58,3193,6275
2023-03-01 13:55:06,56,60,3193,6275
2023-03-01 13:55:06,56,62,3193,6275
2023-03-01 13:55:06,56,59,3193,6275
2023-03-01 13:55:26,56,61,3193,6275
2023-03-01 13:55:26,56,59,3193,6275
2023-03-01 13:55:56,54,59,3193,6275
2023-03-01 13:55:56,56,59,3193,6275
2023-03-01 13:56:26,54,59,3193,6275
2023-03-01 13:56:26,51,59,3193,6275
2023-03-01 13:56:26,49,59,3193,6275
2023-03-01 13:56:26,49,61,3193,6275
2023-03-01 13:56:26,49,62,3193,6275
2023-03-01 13:56:26,56,62,3193,6275
2023-03-01 13:56:26,56,59,3193,6275
2023-03-01 13:56:59,54,59,3193,6275
2023-03-01 13:56:59,49,59,3193,6275
2023-03-01 13:56:59,55,59,3193,6275
2023-03-01 13:56:59,56,59,3193,6275
2023-03-01 13:57:10,56,61,3193,6275
2023-03-01 13:57:10,56,59,3193,6275
2023-03-01 13:57:59,55,59,3193,6275
2023-03-01 13:57:59,56,59,3193,6275
2023-03-01 13:58:17,53,59,3193,6275
2023-03-01 13:58:17,49,59,3193,6275
2023-03-01 13:58:17,49,61,3193,6275
2023-03-01 13:58:17,52,61,3193,6275
2023-03-01 13:58:17,56,61,3193,6275
2023-03-01 13:58:17,56,59,3193,6275
2023-03-01 13:58:25,49,59,3193,6275
2023-03-01 13:58:25,49,61,3193,6275
2023-03-01 13:58:25,49,62,3193,6275
2023-03-01 13:58:25,55,62,3193,6275
2023-03-01 13:58:25,56,62,3193,6275
2023-03-01 13:58:25,56,59,3193,6275
2023-03-01 13:58:45,56,61,3193,6275
2023-03-01 13:58:45,56,59,3193,6275
2023-03-01 13:59:03,56,61,3193,6275
2023-03-01 13:59:03,56,59,3193,6275
2023-03-01 14:00:45,55,59,3193,6275
2023-03-01 14:00:45,55,61,3193,6275
2023-03-01 14:00:45,56,61,3193,6275
2023-03-01 14:00:45,56,59,3193,6275
2023-03-01 14:01:03,55,59,3193,6275
2023-03-01 14:01:03,50,59,3193,6275
2023-03-01 14:01:03,50,61,3193,6275
2023-03-01 14:01:03,50,63,3193,6275
2023-03-01 14:01:04,56,63,3193,6275
2023-03-01 14:01:04,56,62,3193,6275
2023-03-01 14:01:04,56,60,3193,6275
2023-03-01 14:01:37,55,60,3193,6275
2023-03-01 14:01:37,56,60,3193,6275
2023-03-01 14:01:51,55,60,3193,6275
2023-03-01 14:01:51,50,60,3193,6275
2023-03-01 14:01:51,50,63,3193,6275
2023-03-01 14:01:51,53,63,3193,6275
2023-03-01 14:01:51,56,63,3193,6275
2023-03-01 14:01:51,56,62,3193,6275
2023-03-01 14:01:51,56,60,3193,6275
2023-03-01 14:02:33,55,60,3193,6275
2023-03-01 14:02:33,50,60,3193,6275
2023-03-01 14:02:33,50,62,3193,6275
2023-03-01 14:02:33,53,62,3193,6275
2023-03-01 14:02:33,56,62,3193,6275
2023-03-01 14:02:33,56,60,3193,6275
2023-03-01 14:03:12,50,60,3193,6275
2023-03-01 14:03:12,50,62,3193,6275
2023-03-01 14:03:12,54,62,3193,6275
2023-03-01 14:03:12,57,62,3193,6275
2023-03-01 14:03:12,57,60,3193,6275
2023-03-01 14:03:57,56,60,3193,6275
2023-03-01 14:03:57,51,60,3193,6275
2023-03-01 14:03:57,51,62,3193,6275
2023-03-01 14:03:57,53,62,3193,6275
2023-03-01 14:03:57,55,62,3193,6275
2023-03-01 14:03:57,56,62,3193,6275
2023-03-01 14:03:57,56,60,3193,6275
2023-03-01 14:04:38,55,60,3193,6275
2023-03-01 14:04:38,51,60,3193,6275
2023-03-01 14:04:38,51,62,3193,6275
2023-03-01 14:04:38,56,62,3193,6275
2023-03-01 14:04:38,57,62,3193,6275
2023-03-01 14:04:38,57,60,3193,6275
2023-03-01 14:04:45,56,60,3193,6275
2023-03-01 14:04:45,56,62,3193,6275
2023-03-01 14:04:45,57,62,3193,6275
2023-03-01 14:04:45,57,60,3193,6275
2023-03-01 14:05:02,56,60,3193,6275
2023-03-01 14:05:02,56,63,3193,6275
2023-03-01 14:05:03,57,63,3193,6275
2023-03-01 14:05:03,57,61,3193,6275
2023-03-01 14:05:28,56,61,3193,6275
2023-03-01 14:05:28,51,61,3193,6275
2023-03-01 14:05:28,51,62,3193,6275
2023-03-01 14:05:28,59,62,3193,6275
2023-03-01 14:05:28,61,62,3193,6275
2023-03-01 14:05:36,61,63,3193,6275
2023-03-01 14:05:42,59,63,3193,6275
2023-03-01 14:05:42,61,63,3193,6275
2023-03-01 14:06:06,59,63,3193,6275
2023-03-01 14:06:06,61,63,3193,6275
2023-03-01 14:06:24,61,62,3193,6275
2023-03-01 14:06:32,59,62,3193,6275
2023-03-01 14:06:32,61,62,3193,6275
2023-03-01 14:06:42,61,63,3193,6275
2023-03-01 14:06:43,61,62,3193,6275
2023-03-01 14:06:44,59,62,3193,6275
2023-03-01 14:06:44,61,62,3193,6275
2023-03-01 14:06:45,61,63,3193,6275
2023-03-01 14:07:05,61,62,3193,6275
2023-03-01 14:07:06,61,63,3193,6275
2023-03-01 14:07:39,61,62,3193,6275
2023-03-01 14:07:49,59,61,3045,6423
2023-03-01 14:07:56,59,62,3045,6423
2023-03-01 14:07:57,61,62,3045,6423
2023-03-01 14:08:20,61,62,3033,6435
2023-03-01 14:08:24,59,62,3033,6435
2023-03-01 14:08:24,57,62,3033,6435
2023-03-01 14:08:24,60,62,3033,6435
2023-03-01 14:08:30,60,61,3033,6435
2023-03-01 14:08:41,57,61,3033,6435
2023-03-01 14:08:41,59,61,3033,6435
2023-03-01 14:08:41,61,62,3021,6447
2023-03-01 14:08:48,59,62,3021,6447
2023-03-01 14:08:48,57,62,3021,6447
2023-03-01 14:08:48,60,62,3021,6447
2023-03-01 14:08:57,57,62,3021,6447
2023-03-01 14:08:57,60,62,3021,6447
2023-03-01 14:09:14,59,62,3021,6447
2023-03-01 14:09:14,60,62,3021,6447
2023-03-01 14:09:28,60,63,3021,6447
2023-03-01 14:09:33,59,63,3021,6447
2023-03-01 14:09:33,59,64,3021,6447
2023-03-01 14:09:33,60,64,3021,6447
2023-03-01 14:09:33,62,64,3021,6447
2023-03-01 14:09:43,59,64,3021,6447
2023-03-01 14:09:43,61,64,3021,6447
2023-03-01 14:10:25,59,64,3021,6447
2023-03-01 14:10:25,62,64,3021,6447
2023-03-01 14:10:59,61,64,3021,6447
2023-03-01 14:10:59,62,64,3021,6447
2023-03-01 14:11:25,61,64,3021,6447
2023-03-01 14:11:25,62,64,3021,6447
2023-03-01 14:11:57,61,64,3021,6447
2023-03-01 14:11:57,62,64,3021,6447
2023-03-01 14:12:58,61,64,3021,6447
2023-03-01 14:12:58,62,64,3021,6447
2023-03-01 14:13:28,61,64,3021,6447
2023-03-01 14:13:28,62,64,3021,6447
2023-03-01 14:13:45,61,64,3021,6447
2023-03-01 14:13:45,62,64,3021,6447
2023-03-01 14:14:05,61,64,3021,6447
2023-03-01 14:14:06,63,64,3021,6447
2023-03-01 14:14:24,63,65,3021,6447
2023-03-01 14:14:25,61,65,3021,6447
2023-03-01 14:14:25,61,66,3021,6447
2023-03-01 14:14:25,63,66,3021,6447
2023-03-01 14:14:25,63,65,3021,6447
2023-03-01 14:14:47,61,65,3021,6447
2023-03-01 14:14:47,63,65,3021,6447
2023-03-01 14:14:58,61,65,3021,6447
2023-03-01 14:14:58,61,66,3021,6447
2023-03-01 14:14:58,63,66,3021,6447
2023-03-01 14:14:58,63,65,3021,6447
2023-03-01 14:15:05,61,65,3021,6447
2023-03-01 14:15:05,63,65,3021,6447
2023-03-01 14:15:15,61,65,3021,6447
2023-03-01 14:15:15,63,65,3021,6447
2023-03-01 14:15:17,63,66,3021,6447
2023-03-01 14:15:26,61,66,3021,6447
2023-03-01 14:15:27,63,66,3021,6447
2023-03-01 14:15:27,63,65,3021,6447
2023-03-01 14:15:39,61,65,3021,6447
2023-03-01 14:15:39,61,66,3021,6447
2023-03-01 14:15:39,63,66,3021,6447
2023-03-01 14:15:53,61,66,3021,6447
2023-03-01 14:15:53,63,66,3021,6447
2023-03-01 14:16:01,63,65,3021,6447
2023-03-01 14:16:10,63,66,3021,6447
2023-03-01 14:16:13,63,65,3021,6447
2023-03-01 14:16:23,61,65,3021,6447
2023-03-01 14:16:24,63,65,3021,6447
2023-03-01 14:16:31,61,65,3021,6447
2023-03-01 14:16:31,62,65,3021,6447
2023-03-01 14:16:45,61,65,3021,6447
2023-03-01 14:16:45,63,65,3021,6447
2023-03-01 14:16:59,61,65,3021,6447
2023-03-01 14:16:59,63,65,3021,6447
2023-03-01 14:17:22,61,65,3021,6447
2023-03-01 14:17:22,63,65,3021,6447
2023-03-01 14:17:29,61,65,3021,6447
2023-03-01 14:17:30,64,65,3021,6447
2023-03-01 14:17:40,64,66,3021,6447
2023-03-01 14:17:44,62,66,3021,6447
2023-03-01 14:17:44,64,66,3021,6447
2023-03-01 14:17:57,62,66,3021,6447
2023-03-01 14:17:58,64,66,3021,6447
2023-03-01 14:18:24,64,65,3021,6447
2023-03-01 14:18:25,64,66,3021,6447
2023-03-01 14:18:43,62,66,3021,6447
2023-03-01 14:18:43,64,66,3021,6447
2023-03-01 14:18:58,62,66,3021,6447
2023-03-01 14:18:58,64,66,3021,6447
2023-03-01 14:19:14,64,65,3021,6447
2023-03-01 14:19:27,62,65,3021,6447
2023-03-01 14:19:27,64,65,3021,6447
2023-03-01 14:19:59,62,65,3021,6447
2023-03-01 14:19:59,64,65,3021,6447
2023-03-01 14:20:02,64,66,3021,6447
2023-03-01 14:20:07,64,65,3021,6447
2023-03-01 14:20:23,62,65,3021,6447
2023-03-01 14:20:23,64,65,3021,6447
2023-03-01 14:20:29,64,66,3021,6447
2023-03-01 14:20:34,64,65,3021,6447
2023-03-01 14:20:44,64,65,3013,6455
2023-03-01 14:20:51,62,65,3013,6455
2023-03-01 14:20:51,64,65,3013,6455
2023-03-01 14:21:31,62,65,3013,6455
2023-03-01 14:21:31,64,65,3013,6455
2023-03-01 14:21:47,64,66,3013,6455
2023-03-01 14:21:51,62,65,3013,6455
2023-03-01 14:21:51,64,65,3013,6455
2023-03-01 14:22:03,64,67,3013,6455
2023-03-01 14:22:05,64,66,3013,6455
2023-03-01 14:22:14,64,65,3013,6455
2023-03-01 14:22:31,62,65,3013,6455
2023-03-01 14:22:31,64,65,3013,6455
2023-03-01 14:22:47,62,65,3013,6455
2023-03-01 14:22:48,64,65,3013,6455
2023-03-01 14:23:29,62,65,3013,6455
2023-03-01 14:23:29,64,65,3013,6455
2023-03-01 14:23:41,64,66,3013,6455
2023-03-01 14:23:52,62,66,3013,6455
2023-03-01 14:23:52,62,67,3013,6455
2023-03-01 14:23:52,64,67,3013,6455
2023-03-01 14:23:52,64,66,3013,6455
2023-03-01 14:24:09,63,66,3013,6455
2023-03-01 14:24:09,63,67,3013,6455
2023-03-01 14:24:09,64,67,3013,6455
2023-03-01 14:24:15,63,67,3013,6455
2023-03-01 14:24:15,65,67,3013,6455
2023-03-01 14:24:31,63,67,3013,6455
2023-03-01 14:24:31,65,67,3013,6455
2023-03-01 14:24:44,63,67,3013,6455
2023-03-01 14:24:44,65,67,3013,6455
2023-03-01 14:24:55,63,67,3013,6455
2023-03-01 14:24:55,65,67,3013,6455
2023-03-01 14:25:43,63,67,3013,6455
2023-03-01 14:25:43,65,67,3013,6455
2023-03-01 14:26:14,65,67,2993,6475
2023-03-01 14:26:28,63,67,2993,6475
2023-03-01 14:26:28,62,67,2993,6475
2023-03-01 14:26:29,65,67,2993,6475
2023-03-01 14:26:36,62,67,2993,6475
2023-03-01 14:26:36,64,67,2993,6475
2023-03-01 14:26:44,62,67,2993,6475
2023-03-01 14:26:44,63,67,2993,6475
2023-03-01 14:26:44,65,67,2993,6475
2023-03-01 14:26:51,63,67,2993,6475
2023-03-01 14:26:51,62,67,2993,6475
2023-03-01 14:26:51,64,67,2993,6475
2023-03-01 14:26:58,62,67,2993,6475
2023-03-01 14:26:58,62,69,2993,6475
2023-03-01 14:26:58,65,69,2993,6475
2023-03-01 14:26:58,65,67,2993,6475
2023-03-01 14:27:24,63,67,2993,6475
2023-03-01 14:27:24,61,67,2993,6475
2023-03-01 14:27:25,64,67,2993,6475
2023-03-01 14:28:17,62,67,2993,6475
2023-03-01 14:28:18,64,67,2993,6475
2023-03-01 14:28:18,64,66,2993,6475
2023-03-01 14:28:25,62,66,2993,6475
2023-03-01 14:28:25,62,67,2993,6475
2023-03-01 14:28:25,64,67,2993,6475
2023-03-01 14:28:34,62,67,2993,6475
2023-03-01 14:28:34,64,67,2993,6475
2023-03-01 14:28:34,64,66,2993,6475
2023-03-01 14:28:42,62,66,2993,6475
2023-03-01 14:28:42,62,67,2993,6475
2023-03-01 14:28:42,64,67,2993,6475
2023-03-01 14:28:42,64,66,2993,6475
2023-03-01 14:28:55,62,66,2993,6475
2023-03-01 14:28:55,64,66,2993,6475
2023-03-01 14:29:25,60,66,2993,6475
2023-03-01 14:29:25,61,66,2993,6475
2023-03-01 14:29:25,63,66,2993,6475
2023-03-01 14:29:41,63,65,2993,6475
2023-03-01 14:29:42,59,65,2993,6475
2023-03-01 14:29:42,62,65,2993,6475
2023-03-01 14:29:42,64,65,2993,6475
2023-03-01 14:29:43,64,66,2993,6475
2023-03-01 14:29:51,62,66,2993,6475
2023-03-01 14:29:51,59,66,2993,6475
2023-03-01 14:29:51,63,66,2993,6475
2023-03-01 14:29:57,61,66,2993,6475
2023-03-01 14:29:57,59,66,2993,6475
2023-03-01 14:29:57,63,66,2993,6475
2023-03-01 14:29:57,63,65,2993,6475
2023-03-01 14:30:03,63,64,2993,6475
2023-03-01 14:30:19,61,64,2993,6475
2023-03-01 14:30:19,58,64,2993,6475
2023-03-01 14:30:19,60,64,2993,6475
2023-03-01 14:30:19,62,64,2993,6475
2023-03-01 14:30:28,58,64,2993,6475
2023-03-01 14:30:28,59,64,2993,6475
2023-03-01 14:30:28,61,64,2993,6475
2023-03-01 14:30:45,61,66,2993,6475
2023-03-01 14:30:45,61,63,2993,6475
2023-03-01 14:31:02,59,63,2993,6475
2023-03-01 14:31:02,58,63,2993,6475
2023-03-01 14:31:02,58,64,2993,6475
2023-03-01 14:31:02,60,64,2993,6475
2023-03-01 14:31:02,62,64,2993,6475
2023-03-01 14:31:26,60,64,2993,6475
2023-03-01 14:31:26,58,64,2993,6475
2023-03-01 14:31:27,59,64,2993,6475
2023-03-01 14:31:27,61,64,2993,6475
2023-03-01 14:31:53,59,64,2993,6475
2023-03-01 14:31:53,59,66,2993,6475
2023-03-01 14:31:53,62,66,2993,6475
2023-03-01 14:31:53,62,64,2993,6475
2023-03-01 14:32:21,60,64,2993,6475
2023-03-01 14:32:21,60,66,2993,6475
2023-03-01 14:32:21,61,66,2993,6475
2023-03-01 14:32:21,63,66,2993,6475
2023-03-01 14:32:21,63,65,2993,6475
2023-03-01 14:32:26,63,64,2993,6475
2023-03-01 14:32:31,61,64,2993,6475
2023-03-01 14:32:31,58,64,2993,6475
2023-03-01 14:32:31,62,64,2993,6475
2023-03-01 14:32:35,60,64,2993,6475
2023-03-01 14:32:36,62,64,2993,6475
2023-03-01 14:32:43,60,64,2993,6475
2023-03-01 14:32:43,58,64,2993,6475
2023-03-01 14:32:43,59,64,2993,6475
2023-03-01 14:32:43,61,64,2993,6475
2023-03-01 14:32:43,61,63,2993,6475
2023-03-01 14:32:55,59,63,2993,6475
2023-03-01 14:32:55,59,64,2993,6475
2023-03-01 14:32:55,61,64,2993,6475
2023-03-01 14:32:56,61,63,2993,6475
2023-03-01 14:33:25,59,63,2993,6475
2023-03-01 14:33:25,61,63,2993,6475
2023-03-01 14:33:45,59,63,2993,6475
2023-03-01 14:33:45,58,63,2993,6475
2023-03-01 14:33:45,58,64,2993,6475
2023-03-01 14:33:45,61,64,2993,6475
2023-03-01 14:33:46,61,63,2993,6475
2023-03-01 14:34:27,59,63,2993,6475
2023-03-01 14:34:27,58,63,2993,6475
2023-03-01 14:34:27,58,65,2993,6475
2023-03-01 14:34:27,61,65,2993,6475
2023-03-01 14:34:27,61,64,2993,6475
2023-03-01 14:34:43,59,64,2993,6475
2023-03-01 14:34:43,59,65,2993,6475
2023-03-01 14:34:43,62,65,2993,6475
2023-03-01 14:34:43,62,64,2993,6475
2023-03-01 14:34:52,62,65,2993,6475
2023-03-01 14:34:52,62,64,2993,6475
2023-03-01 14:35:29,61,64,2993,6475
2023-03-01 14:35:29,61,67,2993,6475
2023-03-01 14:35:29,62,67,2993,6475
2023-03-01 14:35:29,64,67,2993,6475
2023-03-01 14:35:29,64,66,2993,6475
2023-03-01 14:35:46,62,66,2993,6475
2023-03-01 14:35:46,62,67,2993,6475
2023-03-01 14:35:46,64,67,2993,6475
2023-03-01 14:35:46,64,66,2993,6475
2023-03-01 14:35:57,62,66,2993,6475
2023-03-01 14:35:57,62,67,2993,6475
2023-03-01 14:35:57,64,67,2993,6475
2023-03-01 14:35:57,64,66,2993,6475
2023-03-01 14:36:25,61,66,2993,6475
2023-03-01 14:36:25,61,67,2993,6475
2023-03-01 14:36:25,62,67,2993,6475
2023-03-01 14:36:25,64,67,2993,6475
2023-03-01 14:36:25,64,66,2993,6475
2023-03-01 14:36:39,62,66,2993,6475
2023-03-01 14:36:39,62,67,2993,6475
2023-03-01 14:36:39,64,67,2993,6475
2023-03-01 14:36:39,64,66,2993,6475
2023-03-01 14:37:27,62,66,2993,6475
2023-03-01 14:37:27,64,66,2993,6475
2023-03-01 14:37:45,60,66,2993,6475
2023-03-01 14:37:45,61,66,2993,6475
2023-03-01 14:37:46,63,66,2993,6475
2023-03-01 14:37:46,63,65,2993,6475
2023-03-01 14:37:58,61,65,2993,6475
2023-03-01 14:37:58,61,66,2993,6475
2023-03-01 14:37:58,63,66,2993,6475
2023-03-01 14:38:24,61,66,2993,6475
2023-03-01 14:38:24,60,66,2993,6475
2023-03-01 14:38:25,62,66,2993,6475
2023-03-01 14:38:25,62,65,2993,6475
2023-03-01 14:38:43,60,65,2993,6475
2023-03-01 14:38:43,60,66,2993,6475
2023-03-01 14:38:43,63,66,2993,6475
2023-03-01 14:38:43,63,65,2993,6475
2023-03-01 14:38:57,60,65,2993,6475
2023-03-01 14:38:57,60,66,2993,6475
2023-03-01 14:38:57,64,66,2993,6475
2023-03-01 14:39:29,63,66,2993,6475
2023-03-01 14:39:29,63,69,2993,6475
2023-03-01 14:39:29,65,69,2993,6475
2023-03-01 14:39:29,65,68,2993,6475
2023-03-01 14:39:39,63,68,2993,6475
2023-03-01 14:39:39,63,69,2993,6475
2023-03-01 14:39:39,64,69,2993,6475
2023-03-01 14:39:39,66,69,2993,6475
2023-03-01 14:39:39,66,68,2993,6475
2023-03-01 14:39:56,65,68,2993,6475
2023-03-01 14:39:56,65,70,2993,6475
2023-03-01 14:39:56,65,71,2993,6475
2023-03-01 14:39:56,66,71,2993,6475
2023-03-01 14:39:56,66,69,2993,6475
2023-03-01 14:40:23,64,69,2993,6475
2023-03-01 14:40:23,66,69,2993,6475
2023-03-01 14:40:23,66,68,2993,6475
2023-03-01 14:40:45,63,68,2993,6475
2023-03-01 14:40:45,63,69,2993,6475
2023-03-01 14:40:46,65,69,2993,6475
2023-03-01 14:40:46,65,68,2993,6475
2023-03-01 14:40:52,63,68,2993,6475
2023-03-01 14:40:52,61,68,2993,6475
2023-03-01 14:40:52,66,68,2993,6475
2023-03-01 14:41:19,66,67,2993,6475
2023-03-01 14:41:25,66,68,2993,6475
2023-03-01 14:41:26,62,68,2993,6475
2023-03-01 14:41:26,61,68,2993,6475
2023-03-01 14:41:26,64,68,2993,6475
2023-03-01 14:41:26,64,66,2993,6475
2023-03-01 14:41:45,62,66,2993,6475
2023-03-01 14:41:45,62,68,2993,6475
2023-03-01 14:41:45,64,68,2993,6475
2023-03-01 14:41:45,64,66,2993,6475
2023-03-01 14:41:58,62,66,2993,6475
2023-03-01 14:41:59,62,68,2993,6475
2023-03-01 14:41:59,64,68,2993,6475
2023-03-01 14:41:59,64,66,2993,6475
2023-03-01 14:42:03,62,66,2993,6475
2023-03-01 14:42:03,62,68,2993,6475
2023-03-01 14:42:03,64,68,2993,6475
2023-03-01 14:42:03,64,66,2993,6475
2023-03-01 14:42:26,64,68,2993,6475
2023-03-01 14:42:26,64,66,2993,6475
2023-03-01 14:42:44,62,66,2993,6475
2023-03-01 14:42:44,64,66,2993,6475
2023-03-01 14:42:57,62,66,2993,6475
2023-03-01 14:42:57,62,68,2993,6475
2023-03-01 14:42:57,64,68,2993,6475
2023-03-01 14:42:57,64,66,2993,6475
2023-03-01 14:43:26,62,66,2993,6475
2023-03-01 14:43:26,61,66,2993,6475
2023-03-01 14:43:26,61,67,2993,6475
2023-03-01 14:43:26,63,67,2993,6475
2023-03-01 14:43:26,63,66,2993,6475
2023-03-01 14:43:57,62,66,2993,6475
2023-03-01 14:43:57,62,68,2993,6475
2023-03-01 14:43:57,64,68,2993,6475
2023-03-01 14:43:57,64,66,2993,6475
2023-03-01 14:44:05,62,66,2993,6475
2023-03-01 14:44:05,62,68,2993,6475
2023-03-01 14:44:05,62,69,2993,6475
2023-03-01 14:44:05,65,69,2993,6475
2023-03-01 14:44:06,65,67,2993,6475
2023-03-01 14:44:28,62,67,2993,6475
2023-03-01 14:44:28,62,69,2993,6475
2023-03-01 14:44:29,66,69,2993,6475
2023-03-01 14:44:45,64,69,2993,6475
2023-03-01 14:44:45,64,71,2993,6475
2023-03-01 14:44:45,67,71,2993,6475
2023-03-01 14:44:45,67,69,2993,6475
2023-03-01 14:44:59,65,69,2993,6475
2023-03-01 14:44:59,65,71,2993,6475
2023-03-01 14:44:59,67,71,2993,6475
2023-03-01 14:44:59,67,70,2993,6475
2023-03-01 14:45:20,67,69,2993,6475
2023-03-01 14:45:28,65,69,2993,6475
2023-03-01 14:45:28,63,69,2993,6475
2023-03-01 14:45:28,62,69,2993,6475
2023-03-01 14:45:28,64,69,2993,6475
2023-03-01 14:45:28,66,69,2993,6475
2023-03-01 14:45:42,64,69,2993,6475
2023-03-01 14:45:42,66,69,2993,6475
2023-03-01 14:46:26,64,69,2993,6475
2023-03-01 14:46:26,64,71,2993,6475
2023-03-01 14:46:27,66,71,2993,6475
2023-03-01 14:46:27,68,71,2993,6475
2023-03-01 14:46:27,68,70,2993,6475
2023-03-01 14:46:42,66,70,2993,6475
2023-03-01 14:46:42,64,70,2993,6475
2023-03-01 14:46:42,67,70,2993,6475
2023-03-01 14:46:52,65,70,2993,6475
2023-03-01 14:46:52,67,70,2993,6475
2023-03-01 14:46:52,67,69,2993,6475
2023-03-01 14:47:19,67,68,2993,6475
2023-03-01 14:47:25,63,68,2993,6475
2023-03-01 14:47:25,62,68,2993,6475
2023-03-01 14:47:25,66,68,2993,6475
2023-03-01 14:47:47,62,68,2993,6475
2023-03-01 14:47:47,63,68,2993,6475
2023-03-01 14:47:47,65,68,2993,6475
2023-03-01 14:47:57,62,68,2993,6475
2023-03-01 14:47:57,64,68,2993,6475
2023-03-01 14:47:57,66,68,2993,6475
2023-03-01 14:48:05,66,67,2993,6475
2023-03-01 14:48:06,66,68,2993,6475
2023-03-01 14:48:25,62,68,2993,6475
2023-03-01 14:48:25,63,68,2993,6475
2023-03-01 14:48:25,65,68,2993,6475
2023-03-01 14:48:25,65,67,2993,6475
2023-03-01 14:48:43,63,67,2993,6475
2023-03-01 14:48:43,63,68,2993,6475
2023-03-01 14:48:43,65,68,2993,6475
2023-03-01 14:48:57,63,68,2993,6475
2023-03-01 14:48:57,65,68,2993,6475
2023-03-01 14:48:57,65,67,2993,6475
2023-03-01 14:49:24,60,67,2993,6475
2023-03-01 14:49:24,64,67,2993,6475
2023-03-01 14:49:40,60,67,2993,6475
2023-03-01 14:49:40,60,68,2993,6475
2023-03-01 14:49:40,63,68,2993,6475
2023-03-01 14:49:40,65,68,2993,6475
2023-03-01 14:49:40,65,67,2993,6475
2023-03-01 14:49:57,61,67,2993,6475
2023-03-01 14:49:57,60,67,2993,6475
2023-03-01 14:49:57,64,67,2993,6475
2023-03-01 14:50:46,60,67,2993,6475
2023-03-01 14:50:46,65,67,2993,6475
2023-03-01 14:50:58,61,67,2993,6475
2023-03-01 14:50:58,60,67,2993,6475
2023-03-01 14:50:59,62,67,2993,6475
2023-03-01 14:50:59,64,67,2993,6475
2023-03-01 14:50:59,64,66,2993,6475
2023-03-01 14:51:03,64,65,2993,6475
2023-03-01 14:51:14,62,64,2939,6529
2023-03-01 14:51:22,60,64,2939,6529
2023-03-01 14:51:22,61,64,2939,6529
2023-03-01 14:51:22,63,64,2939,6529
2023-03-01 14:51:27,61,63,2831,6637
2023-03-01 14:51:29,60,63,2831,6637
2023-03-01 14:51:29,61,63,2831,6637
2023-03-01 14:51:40,60,63,2831,6637
2023-03-01 14:51:53,61,63,2831,6637
2023-03-01 14:51:59,60,63,2831,6637
2023-03-01 14:52:10,62,63,2831,6637
2023-03-01 14:52:14,60,63,2831,6637
2023-03-01 14:52:14,61,63,2831,6637
2023-03-01 14:52:15,60,63,2831,6637
2023-03-01 14:52:43,60,62,2831,6637
2023-03-01 14:52:49,59,62,2831,6637
2023-03-01 14:53:11,60,62,2831,6637
2023-03-01 14:53:14,59,62,2831,6637
2023-03-01 14:53:14,62,64,2902,6708
2023-03-01 14:53:19,62,66,2902,6708
2023-03-01 14:53:20,62,65,2902,6708
2023-03-01 14:53:20,62,63,2902,6708
2023-03-01 14:53:27,62,63,2993,6799
2023-03-01 14:53:29,62,67,2993,6799
2023-03-01 14:53:29,62,66,2993,6799
2023-03-01 14:53:29,62,64,2993,6799
2023-03-01 14:53:37,63,64,2993,6799
2023-03-01 14:53:46,62,64,2993,6799
2023-03-01 14:53:46,62,65,2993,6799
2023-03-01 14:53:46,62,68,2993,6799
2023-03-01 14:53:46,65,68,2993,6799
2023-03-01 14:53:46,65,67,2993,6799
2023-03-01 14:53:54,63,67,2993,6799
2023-03-01 14:53:54,63,68,2993,6799
2023-03-01 14:53:54,65,68,2993,6799
2023-03-01 14:54:03,64,68,2993,6799
2023-03-01 14:54:03,64,70,2993,6799
2023-03-01 14:54:03,65,70,2993,6799
2023-03-01 14:54:03,65,67,2993,6799
2023-03-01 14:54:14,64,67,2993,6799
2023-03-01 14:54:14,64,69,2993,6799
2023-03-01 14:54:14,65,69,2993,6799
2023-03-01 14:54:14,65,67,2993,6799
2023-03-01 14:54:50,65,71,2993,6799
2023-03-01 14:54:50,67,71,2993,6799
2023-03-01 14:54:50,67,70,2993,6799
2023-03-01 14:55:00,66,70,2993,6799
2023-03-01 14:55:00,66,72,2993,6799
2023-03-01 14:55:00,68,72,2993,6799
2023-03-01 14:55:00,68,70,2993,6799
2023-03-01 14:55:18,66,70,2993,6799
2023-03-01 14:55:18,64,70,2993,6799
2023-03-01 14:55:18,67,70,2993,6799
2023-03-01 14:55:25,65,70,2993,6799
2023-03-01 14:55:25,67,70,2993,6799
2023-03-01 14:55:39,65,70,2993,6799
2023-03-01 14:55:39,65,72,2993,6799
2023-03-01 14:55:39,67,72,2993,6799
2023-03-01 14:55:39,67,69,2993,6799
2023-03-01 14:55:53,65,69,2993,6799
2023-03-01 14:55:53,65,72,2993,6799
2023-03-01 14:55:53,65,71,2993,6799
2023-03-01 14:55:53,67,71,2993,6799
2023-03-01 14:55:53,67,70,2993,6799
2023-03-01 14:56:26,67,72,2993,6799
2023-03-01 14:56:26,67,74,2993,6799
2023-03-01 14:56:27,69,74,2993,6799
2023-03-01 14:56:27,69,72,2993,6799
2023-03-01 14:56:46,67,72,2993,6799
2023-03-01 14:56:46,68,72,2993,6799
2023-03-01 14:56:47,70,72,2993,6799
2023-03-01 14:57:27,68,72,2993,6799
2023-03-01 14:57:27,70,72,2993,6799
2023-03-01 14:57:44,67,72,2993,6799
2023-03-01 14:57:44,67,73,2993,6799
2023-03-01 14:57:44,69,73,2993,6799
2023-03-01 14:57:44,69,72,2993,6799
2023-03-01 14:57:58,67,72,2993,6799
2023-03-01 14:57:58,69,72,2993,6799
2023-03-01 14:58:27,67,72,2993,6799
2023-03-01 14:58:28,66,72,2993,6799
2023-03-01 14:58:28,68,72,2993,6799
2023-03-01 14:58:40,66,72,2993,6799
2023-03-01 14:58:40,69,72,2993,6799
2023-03-01 14:58:58,67,72,2993,6799
2023-03-01 14:58:58,69,72,2993,6799
2023-03-01 14:59:26,68,72,2993,6799
2023-03-01 14:59:26,68,73,2993,6799
2023-03-01 14:59:26,68,74,2993,6799
2023-03-01 14:59:26,70,74,2993,6799
2023-03-01 14:59:42,69,73,2993,6799
2023-03-01 14:59:42,69,75,2993,6799
2023-03-01 14:59:42,71,75,2993,6799
2023-03-01 14:59:42,71,74,2993,6799
2023-03-01 14:59:56,71,73,2993,6799
2023-03-01 14:59:58,69,73,2993,6799
2023-03-01 14:59:58,71,73,2993,6799
2023-03-01 15:00:04,71,72,2993,6799
2023-03-01 15:00:14,69,72,2993,6799
2023-03-01 15:00:14,66,72,2993,6799
2023-03-01 15:00:14,70,72,2993,6799
2023-03-01 15:00:20,70,73,2993,6799
2023-03-01 15:00:22,68,73,2993,6799
2023-03-01 15:00:22,68,74,2993,6799
2023-03-01 15:00:22,70,74,2993,6799
2023-03-01 15:00:22,70,72,2993,6799
2023-03-01 15:00:34,68,72,2993,6799
2023-03-01 15:00:34,68,74,2993,6799
2023-03-01 15:00:34,70,74,2993,6799
2023-03-01 15:00:34,70,72,2993,6799
2023-03-01 15:00:39,68,72,2993,6799
2023-03-01 15:00:39,68,74,2993,6799
2023-03-01 15:00:39,69,74,2993,6799
2023-03-01 15:00:39,71,74,2993,6799
2023-03-01 15:00:39,71,73,2993,6799
2023-03-01 15:01:25,69,73,2993,6799
2023-03-01 15:01:25,69,75,2993,6799
2023-03-01 15:01:25,72,75,2993,6799
2023-03-01 15:01:36,71,75,2993,6799
2023-03-01 15:01:36,71,77,2993,6799
2023-03-01 15:01:37,72,77,2993,6799
2023-03-01 15:01:37,74,77,2993,6799
2023-03-01 15:01:37,74,76,2993,6799
2023-03-01 15:01:54,72,76,2993,6799
2023-03-01 15:01:54,72,77,2993,6799
2023-03-01 15:01:54,74,77,2993,6799
2023-03-01 15:01:54,74,76,2993,6799
2023-03-01 15:02:24,72,76,2993,6799
2023-03-01 15:02:24,70,76,2993,6799
2023-03-01 15:02:24,73,76,2993,6799
2023-03-01 15:02:25,73,75,2993,6799
2023-03-01 15:02:39,73,76,2993,6799
2023-03-01 15:02:39,73,75,2993,6799
2023-03-01 15:02:53,73,74,2993,6799
2023-03-01 15:02:58,69,74,2993,6799
2023-03-01 15:02:58,71,74,2993,6799
2023-03-01 15:03:00,71,73,2993,6799
2023-03-01 15:03:04,71,74,2993,6799
2023-03-01 15:03:15,69,74,2993,6799
2023-03-01 15:03:15,71,74,2993,6799
2023-03-01 15:03:15,71,73,2993,6799
2023-03-01 15:03:26,69,73,2993,6799
2023-03-01 15:03:26,69,74,2993,6799
2023-03-01 15:03:26,71,74,2993,6799
2023-03-01 15:03:35,69,74,2993,6799
2023-03-01 15:03:35,69,76,2993,6799
2023-03-01 15:03:35,73,76,2993,6799
2023-03-01 15:03:35,73,75,2993,6799
2023-03-01 15:03:40,69,75,2993,6799
2023-03-01 15:03:40,72,75,2993,6799
2023-03-01 15:03:40,72,74,2993,6799
2023-03-01 15:03:54,70,74,2993,6799
2023-03-01 15:03:54,69,74,2993,6799
2023-03-01 15:03:54,69,76,2993,6799
2023-03-01 15:03:54,72,76,2993,6799
2023-03-01 15:03:54,72,74,2993,6799
2023-03-01 15:04:22,69,74,2993,6799
2023-03-01 15:04:22,69,76,2993,6799
2023-03-01 15:04:22,71,76,2993,6799
2023-03-01 15:04:22,73,76,2993,6799
2023-03-01 15:04:22,73,75,2993,6799
2023-03-01 15:04:41,71,75,2993,6799
2023-03-01 15:04:41,71,76,2993,6799
2023-03-01 15:04:41,73,76,2993,6799
2023-03-01 15:04:41,73,75,2993,6799
2023-03-01 15:04:53,71,75,2993,6799
2023-03-01 15:04:53,73,75,2993,6799
2023-03-01 15:05:00,73,76,2993,6799
2023-03-01 15:05:02,73,75,2993,6799
2023-03-01 15:05:03,73,76,2993,6799
2023-03-01 15:05:11,73,75,2993,6799
2023-03-01 15:05:19,73,76,2993,6799
2023-03-01 15:05:21,71,76,2993,6799
2023-03-01 15:05:21,73,76,2993,6799
2023-03-01 15:05:21,73,75,2993,6799
2023-03-01 15:05:40,70,75,2993,6799
2023-03-01 15:05:40,70,76,2993,6799
2023-03-01 15:05:40,74,76,2993,6799
2023-03-01 15:05:53,72,76,2993,6799
2023-03-01 15:05:53,72,77,2993,6799
2023-03-01 15:05:53,74,77,2993,6799
2023-03-01 15:05:53,74,76,2993,6799
2023-03-01 15:06:22,71,76,2993,6799
2023-03-01 15:06:22,71,77,2993,6799
2023-03-01 15:06:22,73,77,2993,6799
2023-03-01 15:06:22,75,77,2993,6799
2023-03-01 15:06:38,73,77,2993,6799
2023-03-01 15:06:38,75,77,2993,6799
2023-03-01 15:06:54,73,77,2993,6799
2023-03-01 15:06:54,75,77,2993,6799
2023-03-01 15:07:24,75,78,2993,6799
2023-03-01 15:07:30,75,77,2993,6799
2023-03-01 15:07:36,75,78,2993,6799
2023-03-01 15:08:01,74,75,2993,6810
2023-03-01 15:08:24,74,76,2993,6810
2023-03-01 15:08:25,72,76,2993,6810
2023-03-01 15:08:25,72,77,2993,6810
2023-03-01 15:08:25,73,77,2993,6810
2023-03-01 15:08:25,73,76,2993,6810
2023-03-01 15:08:39,72,76,2993,6810
2023-03-01 15:08:39,74,76,2993,6810
2023-03-01 15:08:54,72,76,2993,6810
2023-03-01 15:08:54,74,76,2993,6810
2023-03-01 15:09:21,72,76,2993,6810
2023-03-01 15:09:21,75,76,2993,6810
2023-03-01 15:09:26,75,77,2993,6810
2023-03-01 15:09:34,76,77,2993,6810
2023-03-01 15:09:40,76,79,2993,6810
2023-03-01 15:09:40,77,79,2993,6810
2023-03-01 15:09:48,76,79,2993,6810
2023-03-01 15:09:48,76,80,2993,6810
2023-03-01 15:09:48,78,80,2993,6810
2023-03-01 15:09:56,76,80,2993,6810
2023-03-01 15:09:56,78,80,2993,6810
2023-03-01 15:10:18,78,80,2993,6812
2023-03-01 15:10:24,77,80,2993,6812
2023-03-01 15:10:24,78,80,2993,6812
2023-03-01 15:10:33,78,81,2993,6812
2023-03-01 15:10:35,78,80,2993,6812
2023-03-01 15:10:42,78,81,2993,6812
2023-03-01 15:10:42,79,81,2993,6812
2023-03-01 15:11:04,78,81,2993,6812
2023-03-01 15:11:05,79,81,2993,6812
2023-03-01 15:11:10,80,81,2993,6812
2023-03-01 15:11:16,79,81,2993,6812
2023-03-01 15:11:17,80,81,2993,6812
2023-03-01 15:11:18,80,81,2994,6813
2023-03-01 15:11:20,79,81,2994,6813
2023-03-01 15:11:22,79,83,2994,6813
2023-03-01 15:11:22,79,81,2994,6813
2023-03-01 15:11:41,79,83,2994,6813
2023-03-01 15:11:41,79,81,2994,6813
2023-03-01 15:11:57,79,83,2994,6813
2023-03-01 15:11:57,79,82,2994,6813
2023-03-01 15:12:24,78,82,2994,6813
2023-03-01 15:12:24,80,82,2994,6813
2023-03-01 15:12:32,80,81,2994,6813
2023-03-01 15:12:35,80,82,2994,6813
2023-03-01 15:12:35,78,80,2982,6825
2023-03-01 15:12:39,77,80,2982,6825
2023-03-01 15:12:39,79,80,2982,6825
2023-03-01 15:12:52,79,81,2982,6825
2023-03-01 15:13:24,78,81,2982,6825
2023-03-01 15:13:24,79,81,2982,6825
2023-03-01 15:13:40,78,81,2982,6825
