datetime,bid,ask,open_interest,volume
2023-09-12 09:30:13,26,37,47,47
2023-09-12 09:30:13,24,37,47,47
2023-09-12 09:30:13,22,37,47,47
2023-09-12 09:30:13,0,37,47,47
2023-09-12 09:30:13,0,39,47,47
2023-09-12 09:30:13,0,40,47,47
2023-09-12 09:30:14,1,40,47,47
2023-09-12 09:30:30,0,40,47,47
2023-09-12 09:30:30,10,40,47,47
2023-09-12 09:30:41,10,40,48,48
2023-09-12 09:30:50,0,40,48,48
2023-09-12 09:30:50,10,40,48,48
2023-09-12 09:31:00,10,37,48,48
2023-09-12 09:31:00,10,35,48,48
2023-09-12 09:31:00,32,35,48,48
2023-09-12 09:31:08,33,34,48,48
2023-09-12 09:31:25,32,34,448,448
2023-09-12 09:31:33,33,34,448,448
2023-09-12 09:31:39,32,34,448,448
2023-09-12 09:31:43,33,34,448,448
2023-09-12 09:31:44,32,34,448,448
2023-09-12 09:31:45,33,34,448,448
2023-09-12 09:31:51,32,34,448,448
2023-09-12 09:32:00,33,34,448,448
2023-09-12 09:32:03,33,35,448,448
2023-09-12 09:32:22,33,34,448,448
2023-09-12 09:32:32,33,35,448,448
2023-09-12 09:32:32,33,34,448,448
2023-09-12 09:32:33,33,35,448,448
2023-09-12 09:32:33,32,35,638,648
2023-09-12 09:32:35,32,34,638,648
2023-09-12 09:32:41,32,35,638,648
2023-09-12 09:32:41,33,35,638,648
2023-09-12 09:32:42,32,35,638,648
2023-09-12 09:32:46,32,33,638,648
2023-09-12 09:32:48,31,33,638,648
2023-09-12 09:32:49,31,34,638,648
2023-09-12 09:32:49,31,32,638,648
2023-09-12 09:32:52,31,33,638,648
2023-09-12 09:32:52,31,32,638,648
2023-09-12 09:32:54,31,32,888,898
2023-09-12 09:32:59,31,33,888,898
2023-09-12 09:32:59,31,33,1088,1098
2023-09-12 09:33:00,31,32,1088,1098
2023-09-12 09:33:04,30,32,1088,1098
2023-09-12 09:33:04,30,31,1088,1098
2023-09-12 09:33:08,30,32,1088,1098
2023-09-12 09:33:19,30,31,1088,1098
2023-09-12 09:33:22,30,32,1088,1098
2023-09-12 09:33:33,31,32,1088,1098
2023-09-12 09:33:35,30,32,1088,1098
2023-09-12 09:33:35,31,32,1088,1098
2023-09-12 09:33:36,30,32,1088,1098
2023-09-12 09:33:51,31,32,1088,1098
2023-09-12 09:33:53,31,33,1088,1098
2023-09-12 09:33:58,30,33,1088,1098
2023-09-12 09:34:01,30,32,1088,1098
2023-09-12 09:34:11,29,32,1088,1098
2023-09-12 09:34:11,29,31,1088,1098
2023-09-12 09:34:20,30,31,1088,1098
2023-09-12 09:34:21,30,32,1088,1098
2023-09-12 09:34:28,30,33,1088,1098
2023-09-12 09:34:41,30,32,1088,1098
2023-09-12 09:34:43,30,33,1088,1098
2023-09-12 09:35:04,30,32,1088,1098
2023-09-12 09:35:41,31,32,1088,1098
2023-09-12 09:35:41,31,33,1088,1098
2023-09-12 09:35:44,32,33,1088,1098
2023-09-12 09:35:45,32,34,1088,1098
2023-09-12 09:35:45,32,33,1088,1098
2023-09-12 09:35:48,32,34,1088,1098
2023-09-12 09:36:07,32,33,1088,1098
2023-09-12 09:36:12,31,33,1088,1098
2023-09-12 09:36:19,31,34,1088,1098
2023-09-12 09:36:19,31,33,1088,1098
2023-09-12 09:36:31,31,32,1088,1098
2023-09-12 09:36:32,30,32,1088,1098
2023-09-12 09:37:36,31,32,1088,1098
2023-09-12 09:37:37,30,32,1088,1098
2023-09-12 09:38:24,30,33,1088,1098
2023-09-12 09:38:24,30,32,1088,1098
2023-09-12 09:38:25,31,32,1088,1098
2023-09-12 09:38:30,31,33,1088,1098
2023-09-12 09:38:32,31,32,1088,1098
2023-09-12 09:38:34,31,33,1188,1198
2023-09-12 09:38:51,31,34,1188,1198
2023-09-12 09:38:51,31,33,1188,1198
2023-09-12 09:38:59,31,34,1188,1198
2023-09-12 09:38:59,31,33,1188,1198
2023-09-12 09:39:43,30,33,1188,1198
2023-09-12 09:39:47,30,32,1188,1198
2023-09-12 09:39:51,30,31,1188,1198
2023-09-12 09:40:38,30,31,1188,1498
2023-09-12 09:40:41,29,30,1088,1598
2023-09-12 09:40:48,29,30,1188,1698
2023-09-12 09:40:49,28,30,1188,1698
2023-09-12 09:40:59,28,29,1188,1698
2023-09-12 09:41:08,28,30,1188,1698
2023-09-12 09:41:20,28,31,1188,1698
2023-09-12 09:41:34,29,31,1188,1698
2023-09-12 09:41:37,28,31,1188,1698
2023-09-12 09:41:43,28,30,1188,1698
2023-09-12 09:42:24,28,29,1188,1698
2023-09-12 09:42:27,27,29,1188,1698
2023-09-12 09:42:30,27,28,1188,1698
2023-09-12 09:42:31,27,28,1238,1948
2023-09-12 09:42:44,27,29,1238,1948
2023-09-12 09:43:09,28,29,1238,1948
2023-09-12 09:43:10,28,30,1238,1948
2023-09-12 09:43:13,27,30,1238,1948
2023-09-12 09:43:26,27,29,1238,1948
2023-09-12 09:43:48,27,30,1238,1948
2023-09-12 09:43:57,28,30,1238,1948
2023-09-12 09:43:58,28,31,1238,1948
2023-09-12 09:43:58,28,30,1238,1948
2023-09-12 09:44:17,28,31,1238,1948
2023-09-12 09:44:18,29,31,1238,1948
2023-09-12 09:44:23,30,31,1238,1948
2023-09-12 09:44:51,29,31,1238,1948
2023-09-12 09:44:54,28,31,1238,1948
2023-09-12 09:44:55,28,30,1238,1948
2023-09-12 09:45:21,28,31,1238,1948
2023-09-12 09:45:21,28,30,1238,1948
2023-09-12 09:45:22,29,30,1238,1948
2023-09-12 09:45:22,29,31,1238,1948
2023-09-12 09:45:22,29,30,1238,1948
2023-09-12 09:45:23,29,31,1238,1948
2023-09-12 09:45:31,30,31,1238,1948
2023-09-12 09:45:31,30,32,1238,1948
2023-09-12 09:46:12,30,31,1238,1948
2023-09-12 09:46:36,30,32,1238,1948
2023-09-12 09:47:02,30,31,1238,1948
2023-09-12 09:47:30,29,31,1238,1948
2023-09-12 09:47:30,29,30,1238,1948
2023-09-12 09:47:33,28,30,1238,1948
2023-09-12 09:47:35,28,29,1238,1948
2023-09-12 09:48:14,28,30,1238,1948
2023-09-12 09:48:14,28,29,1238,1948
2023-09-12 09:48:15,28,31,1238,1948
2023-09-12 09:48:15,28,30,1238,1948
2023-09-12 09:48:16,29,30,1238,1948
2023-09-12 09:48:26,29,32,1238,1948
2023-09-12 09:48:26,29,31,1238,1948
2023-09-12 09:48:42,30,31,1238,1948
2023-09-12 09:48:49,30,32,1238,1948
2023-09-12 09:49:06,31,32,1238,1948
2023-09-12 09:49:13,30,32,1238,1948
2023-09-12 09:49:39,31,32,1238,1948
2023-09-12 09:49:51,31,33,1238,1948
2023-09-12 09:49:58,31,32,1238,1948
2023-09-12 09:50:00,30,32,1238,1948
2023-09-12 09:50:16,30,33,1238,1948
2023-09-12 09:50:16,30,32,1238,1948
2023-09-12 09:50:28,31,32,1238,1948
2023-09-12 09:50:37,31,33,1238,1948
2023-09-12 09:51:01,30,33,1238,1948
2023-09-12 09:51:01,31,33,1238,1948
2023-09-12 09:51:02,30,33,1238,1948
2023-09-12 09:51:03,30,32,1238,1948
2023-09-12 09:51:14,30,31,1238,1948
2023-09-12 09:51:26,30,33,1238,1948
2023-09-12 09:51:26,31,33,1238,1948
2023-09-12 09:51:26,31,32,1238,1948
2023-09-12 09:51:31,30,32,1238,1948
2023-09-12 09:51:42,30,31,1238,1948
2023-09-12 09:51:48,29,31,1238,1948
2023-09-12 09:52:00,30,31,1238,1948
2023-09-12 09:52:08,30,32,1238,1948
2023-09-12 09:52:15,29,32,1238,1948
2023-09-12 09:52:16,29,31,1238,1948
2023-09-12 09:52:22,29,30,1238,1948
2023-09-12 09:52:25,28,30,1238,1948
2023-09-12 09:52:33,28,29,1238,1948
2023-09-12 09:53:34,28,30,1238,1948
2023-09-12 09:53:34,28,29,1238,1948
2023-09-12 09:54:35,28,30,1238,1948
2023-09-12 09:54:53,28,29,1238,1948
2023-09-12 09:55:06,27,29,1238,1948
2023-09-12 09:55:07,27,28,1238,1948
2023-09-12 09:55:21,26,28,1238,1948
2023-09-12 09:55:24,26,27,1238,1948
2023-09-12 09:55:43,26,28,1238,1948
2023-09-12 09:56:32,26,27,1238,1948
2023-09-12 09:56:43,26,28,1238,1948
2023-09-12 09:56:44,26,27,1238,1948
2023-09-12 09:56:45,26,28,1238,1948
2023-09-12 09:56:47,26,27,1238,1948
2023-09-12 09:57:04,25,27,1238,1948
2023-09-12 09:57:06,25,26,1238,1948
2023-09-12 09:57:31,24,26,1238,1948
2023-09-12 09:57:43,24,25,1238,1948
2023-09-12 09:58:02,24,26,1238,1948
2023-09-12 09:59:21,25,26,1238,1948
2023-09-12 09:59:21,25,27,1238,1948
2023-09-12 09:59:41,24,27,1238,1948
2023-09-12 09:59:44,24,26,1238,1948
2023-09-12 10:00:01,24,27,1238,1948
2023-09-12 10:00:01,24,26,1238,1948
2023-09-12 10:00:05,25,26,1238,1948
2023-09-12 10:00:06,25,27,1238,1948
2023-09-12 10:00:13,26,27,1238,1948
2023-09-12 10:00:14,26,28,1238,1948
2023-09-12 10:00:20,26,29,1238,1948
2023-09-12 10:00:23,27,29,1238,1948
2023-09-12 10:00:37,28,29,1238,1948
2023-09-12 10:01:05,28,30,1238,1948
2023-09-12 10:01:06,29,30,1238,1948
2023-09-12 10:01:20,29,31,1338,2048
2023-09-12 10:01:33,29,30,1338,2048
2023-09-12 10:01:50,28,30,1338,2048
2023-09-12 10:02:03,28,31,1338,2048
2023-09-12 10:02:03,28,30,1338,2048
2023-09-12 10:02:52,28,29,1338,2048
2023-09-12 10:02:52,27,29,1338,2048
2023-09-12 10:02:55,28,29,1338,2048
2023-09-12 10:02:57,28,31,1338,2048
2023-09-12 10:02:57,28,30,1338,2048
2023-09-12 10:03:15,27,30,1338,2048
2023-09-12 10:03:16,27,29,1338,2048
2023-09-12 10:03:26,27,28,1338,2048
2023-09-12 10:03:46,27,29,1338,2048
2023-09-12 10:04:42,28,29,1338,2048
2023-09-12 10:04:45,28,30,1338,2048
2023-09-12 10:04:46,27,30,1338,2048
2023-09-12 10:05:08,28,30,1338,2048
2023-09-12 10:05:21,27,30,1338,2048
2023-09-12 10:05:24,28,30,1338,2048
2023-09-12 10:05:26,28,31,1338,2048
2023-09-12 10:05:26,28,30,1338,2048
2023-09-12 10:05:28,29,30,1338,2048
2023-09-12 10:05:33,28,30,1338,2048
2023-09-12 10:05:56,27,30,1338,2048
2023-09-12 10:05:58,27,28,1338,2048
2023-09-12 10:06:13,27,29,1338,2048
2023-09-12 10:06:26,28,29,1338,2048
2023-09-12 10:06:26,28,30,1338,2048
2023-09-12 10:06:26,28,29,1338,2048
2023-09-12 10:06:33,27,29,1338,2048
2023-09-12 10:06:53,28,29,1338,2048
2023-09-12 10:06:53,28,31,1338,2048
2023-09-12 10:06:53,28,30,1338,2048
2023-09-12 10:06:56,29,30,1338,2048
2023-09-12 10:07:01,28,30,1338,2048
2023-09-12 10:07:02,27,30,1338,2048
2023-09-12 10:07:02,27,29,1338,2048
2023-09-12 10:08:06,27,28,1338,2048
2023-09-12 10:08:09,26,28,1338,2048
2023-09-12 10:08:56,27,28,1338,2048
2023-09-12 10:08:58,26,28,1338,2048
2023-09-12 10:09:03,27,28,1338,2048
2023-09-12 10:09:06,27,29,1338,2048
2023-09-12 10:09:07,27,30,1338,2048
2023-09-12 10:09:07,27,29,1338,2048
2023-09-12 10:09:12,28,29,1338,2048
2023-09-12 10:09:12,28,31,1338,2048
2023-09-12 10:09:12,28,30,1338,2048
2023-09-12 10:09:19,29,30,1338,2048
2023-09-12 10:09:21,29,31,1338,2048
2023-09-12 10:09:40,29,30,1338,2048
2023-09-12 10:09:45,28,30,1338,2048
2023-09-12 10:10:31,27,30,1338,2048
2023-09-12 10:10:34,28,30,1338,2048
2023-09-12 10:10:38,27,30,1338,2048
2023-09-12 10:10:40,27,29,1338,2048
2023-09-12 10:10:47,28,29,1338,2048
2023-09-12 10:10:56,27,29,1338,2048
2023-09-12 10:11:02,28,29,1338,2048
2023-09-12 10:11:07,28,31,1338,2048
2023-09-12 10:11:07,28,30,1338,2048
2023-09-12 10:11:17,28,31,1338,2048
2023-09-12 10:11:25,29,31,1338,2048
2023-09-12 10:11:28,30,31,1338,2048
2023-09-12 10:11:29,30,32,1338,2048
2023-09-12 10:11:30,31,32,1338,2048
2023-09-12 10:11:40,30,32,1338,2048
2023-09-12 10:11:48,30,31,1338,2048
2023-09-12 10:11:54,29,31,1338,2048
2023-09-12 10:12:01,29,30,1338,2048
2023-09-12 10:12:22,28,30,1338,2048
2023-09-12 10:12:27,28,29,1338,2048
2023-09-12 10:12:30,27,29,1338,2048
2023-09-12 10:12:59,27,28,1338,2048
2023-09-12 10:14:02,26,28,1338,2048
2023-09-12 10:14:09,26,27,1338,2048
2023-09-12 10:14:14,25,27,1338,2048
2023-09-12 10:14:47,26,27,1338,2048
2023-09-12 10:14:50,26,28,1338,2048
2023-09-12 10:14:53,25,28,1338,2048
2023-09-12 10:15:08,26,28,1338,2048
2023-09-12 10:15:12,25,28,1338,2048
2023-09-12 10:15:21,26,28,1338,2048
2023-09-12 10:15:23,26,29,1338,2048
2023-09-12 10:15:23,26,28,1338,2048
2023-09-12 10:15:37,25,28,1338,2048
2023-09-12 10:15:40,25,27,1338,2048
2023-09-12 10:16:01,26,27,1338,2048
2023-09-12 10:16:01,26,28,1338,2048
2023-09-12 10:16:02,27,28,1338,2048
2023-09-12 10:16:02,27,29,1338,2048
2023-09-12 10:16:04,27,30,1338,2048
2023-09-12 10:16:11,28,30,1338,2048
2023-09-12 10:16:18,27,30,1338,2048
2023-09-12 10:16:30,27,29,1338,2048
2023-09-12 10:16:42,27,28,1338,2048
2023-09-12 10:16:55,26,28,1338,2048
2023-09-12 10:16:55,26,27,1338,2048
2023-09-12 10:17:08,26,28,1338,2048
2023-09-12 10:17:09,26,27,1338,2048
2023-09-12 10:17:12,26,28,1338,2048
2023-09-12 10:17:16,26,27,1338,2048
2023-09-12 10:17:17,26,28,1338,2048
2023-09-12 10:17:19,26,27,1338,2048
2023-09-12 10:17:27,25,27,1338,2048
2023-09-12 10:17:29,26,27,1338,2048
2023-09-12 10:17:32,26,28,1338,2048
2023-09-12 10:17:37,25,28,1338,2048
2023-09-12 10:17:51,26,28,1338,2048
2023-09-12 10:17:59,26,27,1338,2048
2023-09-12 10:18:02,26,28,1338,2048
2023-09-12 10:18:03,26,27,1338,2048
2023-09-12 10:18:05,26,28,1338,2048
2023-09-12 10:18:32,27,28,1338,2048
2023-09-12 10:18:32,27,29,1338,2048
2023-09-12 10:18:36,26,29,1338,2048
2023-09-12 10:18:39,26,28,1338,2048
2023-09-12 10:18:47,25,28,1338,2048
2023-09-12 10:18:51,25,27,1338,2048
2023-09-12 10:18:52,25,26,1338,2048
2023-09-12 10:18:54,25,26,1588,2298
2023-09-12 10:19:05,25,27,1588,2298
2023-09-12 10:19:06,25,26,1588,2298
2023-09-12 10:19:08,25,27,1588,2298
2023-09-12 10:19:15,26,27,1588,2298
2023-09-12 10:19:16,26,28,1588,2298
2023-09-12 10:19:16,26,27,1588,2298
2023-09-12 10:19:20,25,27,1588,2298
2023-09-12 10:19:21,26,27,1588,2298
2023-09-12 10:19:28,25,27,1588,2298
2023-09-12 10:19:54,26,27,1588,2298
2023-09-12 10:19:55,25,27,1588,2298
2023-09-12 10:20:00,25,26,1588,2298
2023-09-12 10:20:01,26,27,1804,2514
2023-09-12 10:20:02,25,27,1804,2514
2023-09-12 10:20:03,26,27,1804,2514
2023-09-12 10:20:06,26,28,1804,2514
2023-09-12 10:20:25,26,27,1804,2514
2023-09-12 10:20:26,26,28,1804,2514
2023-09-12 10:20:40,26,27,1804,2514
2023-09-12 10:20:41,26,28,1804,2514
2023-09-12 10:20:58,26,29,1804,2514
2023-09-12 10:20:58,28,29,1804,2514
2023-09-12 10:21:05,28,29,2004,2714
2023-09-12 10:21:06,29,31,2101,2811
2023-09-12 10:21:07,29,30,2101,2811
2023-09-12 10:21:09,29,31,2101,2811
2023-09-12 10:21:14,28,31,2101,2811
2023-09-12 10:21:15,28,30,2101,2811
2023-09-12 10:21:21,28,31,2101,2811
2023-09-12 10:21:25,29,31,2101,2811
2023-09-12 10:21:55,30,31,2101,2811
2023-09-12 10:21:57,30,32,2101,2811
2023-09-12 10:22:01,31,32,2101,2811
2023-09-12 10:22:03,31,32,2101,2871
2023-09-12 10:22:04,31,33,2101,2871
2023-09-12 10:22:04,32,33,2101,2871
2023-09-12 10:22:05,32,34,2101,2871
2023-09-12 10:22:22,32,33,2101,2871
2023-09-12 10:22:23,32,34,2101,2871
2023-09-12 10:22:26,32,33,2101,2871
2023-09-12 10:22:27,31,33,2101,2871
2023-09-12 10:22:31,32,33,2101,2871
2023-09-12 10:23:08,31,33,2101,2871
2023-09-12 10:23:34,31,34,2101,2871
2023-09-12 10:23:34,31,33,2101,2871
2023-09-12 10:23:46,32,33,2101,2871
2023-09-12 10:24:00,32,34,2101,2871
2023-09-12 10:24:00,32,33,2101,2871
2023-09-12 10:24:05,33,34,2201,2971
2023-09-12 10:24:21,33,35,2201,2971
2023-09-12 10:24:21,33,34,2201,2971
2023-09-12 10:24:32,33,35,2201,2971
2023-09-12 10:24:35,34,35,2201,2971
2023-09-12 10:25:01,34,36,2201,2971
2023-09-12 10:25:03,35,36,2201,2971
2023-09-12 10:25:16,35,37,2201,2971
2023-09-12 10:25:17,36,37,2201,2971
2023-09-12 10:25:20,36,38,2201,2971
2023-09-12 10:25:20,36,37,2201,2971
2023-09-12 10:25:21,36,38,2401,3171
2023-09-12 10:25:23,37,38,2401,3171
2023-09-12 10:25:31,37,39,2601,3371
2023-09-12 10:25:36,38,39,2601,3371
2023-09-12 10:25:40,37,39,2601,3371
2023-09-12 10:25:41,38,39,2601,3371
2023-09-12 10:25:42,37,39,2601,3371
2023-09-12 10:25:45,38,39,2601,3371
2023-09-12 10:25:51,38,40,2601,3371
2023-09-12 10:25:53,39,40,2601,3371
2023-09-12 10:26:00,38,40,2601,3371
2023-09-12 10:26:03,39,40,2601,3371
2023-09-12 10:26:12,39,40,2851,3621
2023-09-12 10:27:18,40,41,2851,3622
2023-09-12 10:27:37,39,41,2851,3622
2023-09-12 10:27:44,39,40,2851,3622
2023-09-12 10:27:45,39,40,3054,3825
2023-09-12 10:27:46,39,40,3057,3828
2023-09-12 10:27:46,39,41,3057,3828
2023-09-12 10:27:47,40,41,3057,3828
2023-09-12 10:27:55,40,42,3057,3828
2023-09-12 10:28:05,40,41,3057,3828
2023-09-12 10:28:20,39,41,3057,3828
2023-09-12 10:29:06,39,42,3057,3828
2023-09-12 10:29:06,39,41,3057,3828
2023-09-12 10:29:13,40,41,3057,3828
2023-09-12 10:29:14,39,41,3057,3828
2023-09-12 10:29:15,40,41,3057,3828
2023-09-12 10:29:20,40,42,3057,3828
2023-09-12 10:29:26,40,41,3057,3828
2023-09-12 10:29:34,40,42,3057,3828
2023-09-12 10:29:34,40,41,3057,3828
2023-09-12 10:29:42,40,42,3057,3828
2023-09-12 10:30:04,41,42,3057,3828
2023-09-12 10:30:10,41,43,2857,4028
2023-09-12 10:30:11,42,43,2857,4028
2023-09-12 10:30:11,42,43,2457,4428
2023-09-12 10:30:12,41,43,2457,4428
2023-09-12 10:30:12,41,44,2257,4628
2023-09-12 10:30:13,42,44,2257,4628
2023-09-12 10:30:14,43,44,2257,4628
2023-09-12 10:30:34,42,44,2257,4628
2023-09-12 10:30:34,41,44,2089,5028
2023-09-12 10:30:35,42,44,2089,5028
2023-09-12 10:30:35,43,44,2089,5028
2023-09-12 10:30:41,42,44,2089,5028
2023-09-12 10:31:30,41,44,2089,5028
2023-09-12 10:31:30,42,44,2089,5028
2023-09-12 10:31:36,41,44,2089,5028
2023-09-12 10:31:38,41,43,2089,5028
2023-09-12 10:31:39,41,44,2089,5028
2023-09-12 10:31:41,41,43,2089,5028
2023-09-12 10:31:42,41,44,2089,5028
2023-09-12 10:31:45,42,44,2089,5028
2023-09-12 10:32:01,42,43,2089,5028
2023-09-12 10:32:02,42,44,2089,5028
2023-09-12 10:32:16,41,44,2089,5028
2023-09-12 10:32:28,42,44,2089,5028
2023-09-12 10:32:34,41,44,2089,5028
2023-09-12 10:32:36,42,44,2089,5028
2023-09-12 10:32:37,41,44,2089,5028
2023-09-12 10:32:40,41,43,2089,5028
2023-09-12 10:32:41,42,43,2089,5028
2023-09-12 10:32:42,41,43,2089,5028
2023-09-12 10:32:43,42,43,2089,5028
2023-09-12 10:32:51,41,43,2089,5028
2023-09-12 10:32:52,42,43,2089,5028
2023-09-12 10:33:01,41,43,2089,5028
2023-09-12 10:33:02,42,43,2089,5028
2023-09-12 10:33:03,42,43,2089,5228
2023-09-12 10:33:04,41,43,2189,5328
2023-09-12 10:33:05,42,43,2189,5328
2023-09-12 10:33:06,41,43,2189,5328
2023-09-12 10:33:07,40,43,3366,6505
2023-09-12 10:33:08,40,42,3366,6505
2023-09-12 10:33:09,41,42,3366,6505
2023-09-12 10:33:10,40,42,3366,6505
2023-09-12 10:33:13,40,43,3366,6505
2023-09-12 10:33:13,40,42,3366,6505
2023-09-12 10:33:14,40,43,3366,6505
2023-09-12 10:33:14,40,42,3366,6505
2023-09-12 10:33:14,41,42,3366,6505
2023-09-12 10:33:15,41,43,3366,6505
2023-09-12 10:33:29,40,42,3366,6505
2023-09-12 10:33:30,41,42,3366,6505
2023-09-12 10:33:35,40,42,3366,6505
2023-09-12 10:33:39,40,41,3366,6505
2023-09-12 10:34:20,40,42,3366,6505
2023-09-12 10:34:21,40,43,3366,6505
2023-09-12 10:34:21,41,43,3366,6505
2023-09-12 10:34:27,41,42,3366,6505
2023-09-12 10:34:28,41,43,3366,6505
2023-09-12 10:34:29,41,42,3366,6505
2023-09-12 10:34:33,41,43,3366,6505
2023-09-12 10:35:15,41,43,3689,6828
2023-09-12 10:35:23,42,43,3689,6828
2023-09-12 10:35:35,41,43,3689,6828
2023-09-12 10:35:36,41,42,3689,6828
2023-09-12 10:35:59,41,43,3689,6828
2023-09-12 10:36:00,42,43,3689,6828
2023-09-12 10:36:36,41,43,3689,6828
2023-09-12 10:36:36,41,42,3689,6828
2023-09-12 10:37:07,41,43,3689,6828
2023-09-12 10:37:07,42,43,3689,6828
2023-09-12 10:37:28,41,43,3689,6828
2023-09-12 10:37:31,42,43,3689,6828
2023-09-12 10:37:43,41,43,3689,6828
2023-09-12 10:37:48,42,43,3689,6828
2023-09-12 10:38:17,41,43,3689,6828
2023-09-12 10:38:18,42,43,3689,6828
2023-09-12 10:38:35,42,44,3689,6828
2023-09-12 10:38:40,43,44,3689,6828
2023-09-12 10:39:12,42,44,3689,6828
2023-09-12 10:39:32,43,44,3689,6828
2023-09-12 10:40:21,43,44,3689,7228
2023-09-12 10:41:11,43,44,4059,7628
2023-09-12 10:41:12,43,45,4089,7658
2023-09-12 10:41:13,44,45,4089,7658
2023-09-12 10:41:31,44,45,4289,7858
2023-09-12 10:41:51,43,45,4289,7858
2023-09-12 10:41:51,43,45,4293,8258
2023-09-12 10:41:51,44,45,4293,8258
2023-09-12 10:42:04,44,45,4293,8658
2023-09-12 10:42:21,44,46,4293,8658
2023-09-12 10:44:27,44,45,4293,8658
2023-09-12 10:44:29,44,46,4293,8658
2023-09-12 10:44:29,44,45,4293,8658
2023-09-12 10:45:28,44,46,4293,8658
2023-09-12 10:45:28,44,45,4293,8658
2023-09-12 10:45:43,44,46,4293,8658
2023-09-12 10:45:44,44,45,4293,8658
2023-09-12 10:46:14,44,46,4293,8658
2023-09-12 10:46:14,44,45,4293,8658
2023-09-12 10:47:10,43,44,4493,8858
2023-09-12 10:48:05,43,44,4693,9058
2023-09-12 10:49:04,43,45,4793,9158
2023-09-12 10:49:10,43,46,4793,9158
2023-09-12 10:49:10,43,45,4793,9158
2023-09-12 10:49:34,43,46,4793,9158
2023-09-12 10:49:40,44,46,4793,9158
2023-09-12 10:50:07,45,46,4793,9158
2023-09-12 10:50:51,45,47,4793,9158
2023-09-12 10:52:20,45,47,4793,9162
2023-09-12 10:53:14,46,47,4793,9162
2023-09-12 10:55:51,46,48,4793,9162
2023-09-12 11:00:15,46,47,4793,9162
2023-09-12 11:00:16,46,48,4793,9162
2023-09-12 11:00:24,46,47,4793,9162
2023-09-12 11:00:24,46,47,4793,9562
2023-09-12 11:00:33,46,48,4793,9562
2023-09-12 11:00:34,46,47,4793,9562
2023-09-12 11:00:35,46,48,4793,9562
2023-09-12 11:00:42,47,48,4793,9562
2023-09-12 11:00:47,46,48,4793,9562
2023-09-12 11:00:50,47,48,4793,9562
2023-09-12 11:00:53,46,48,4793,9562
2023-09-12 11:01:01,47,48,4793,9562
2023-09-12 11:02:29,46,48,4793,9562
2023-09-12 11:02:30,47,48,4793,9562
2023-09-12 11:02:41,46,48,4793,9562
2023-09-12 11:02:47,47,48,4793,9562
2023-09-12 11:05:54,47,49,4793,9562
2023-09-12 11:05:55,48,49,4793,9562
2023-09-12 11:08:00,48,49,4934,9763
2023-09-12 11:08:00,47,49,4993,9822
2023-09-12 11:09:06,47,48,4993,9822
2023-09-12 11:09:25,46,48,4993,9822
2023-09-12 11:09:29,46,47,4993,9822
2023-09-12 11:09:32,46,48,4993,9822
2023-09-12 11:09:32,46,47,4993,9822
2023-09-12 11:09:35,45,47,4993,9822
2023-09-12 11:09:37,45,46,4993,9822
2023-09-12 11:10:00,45,47,4993,9822
2023-09-12 11:10:00,45,46,4993,9822
2023-09-12 11:10:31,44,46,5193,10022
2023-09-12 11:10:32,44,45,5193,10022
2023-09-12 11:10:33,44,46,5193,10022
2023-09-12 11:10:34,44,45,5193,10022
2023-09-12 11:10:35,44,46,5193,10022
2023-09-12 11:10:36,44,45,5193,10022
2023-09-12 11:10:37,44,46,5193,10022
2023-09-12 11:10:38,44,45,5193,10022
2023-09-12 11:11:32,43,45,5193,10222
2023-09-12 11:11:34,43,44,5193,10222
2023-09-12 11:12:25,43,45,5193,10222
2023-09-12 11:12:33,43,44,5193,10222
2023-09-12 11:12:35,43,45,5193,10222
2023-09-12 11:13:00,43,46,5193,10222
2023-09-12 11:13:05,43,45,5193,10222
2023-09-12 11:13:23,43,46,5193,10222
2023-09-12 11:13:28,43,45,5193,10222
2023-09-12 11:13:34,43,46,5193,10222
2023-09-12 11:14:00,44,46,5193,10222
2023-09-12 11:14:11,45,46,5193,10222
2023-09-12 11:14:17,44,46,5193,10222
2023-09-12 11:14:29,45,46,5193,10222
2023-09-12 11:14:33,44,46,5193,10222
2023-09-12 11:14:54,45,46,5193,10222
2023-09-12 11:15:10,44,46,5193,10222
2023-09-12 11:15:13,45,46,5193,10222
2023-09-12 11:15:37,44,46,5193,10222
2023-09-12 11:15:43,44,45,5193,10222
2023-09-12 11:15:45,44,46,5193,10222
2023-09-12 11:15:46,44,45,5193,10222
2023-09-12 11:15:48,44,46,5193,10222
2023-09-12 11:15:49,44,45,5193,10222
2023-09-12 11:15:54,44,46,5193,10222
2023-09-12 11:15:56,44,45,5193,10222
2023-09-12 11:15:57,44,46,5193,10222
2023-09-12 11:15:59,45,46,5193,10222
2023-09-12 11:16:02,44,46,5193,10222
2023-09-12 11:16:06,43,46,5193,10222
2023-09-12 11:16:06,43,45,5193,10222
2023-09-12 11:16:19,43,46,5193,10222
2023-09-12 11:16:33,43,45,5193,10222
2023-09-12 11:16:46,44,45,5193,10222
2023-09-12 11:16:46,44,46,5193,10222
2023-09-12 11:18:07,44,45,5193,10222
2023-09-12 11:18:11,44,46,5193,10222
2023-09-12 11:18:17,44,45,5193,10222
2023-09-12 11:18:23,44,46,5193,10222
2023-09-12 11:18:33,45,46,5193,10222
2023-09-12 11:18:34,44,46,5193,10222
2023-09-12 11:19:51,44,45,5193,10222
2023-09-12 11:19:52,44,46,5193,10222
2023-09-12 11:19:54,45,46,5193,10222
2023-09-12 11:19:57,44,46,5193,10222
2023-09-12 11:20:23,44,45,5193,10222
2023-09-12 11:20:37,44,46,5193,10222
2023-09-12 11:21:09,44,45,5193,10222
2023-09-12 11:21:10,44,46,5193,10222
2023-09-12 11:21:27,44,47,5193,10222
2023-09-12 11:22:04,44,46,5193,10222
2023-09-12 11:22:05,44,47,5193,10222
2023-09-12 11:22:05,45,47,5193,10222
2023-09-12 11:22:07,44,47,5193,10222
2023-09-12 11:22:12,44,46,5193,10222
2023-09-12 11:22:13,45,46,5193,10222
2023-09-12 11:22:13,45,47,5193,10422
2023-09-12 11:22:17,45,48,5193,10422
2023-09-12 11:22:18,46,48,5193,10422
2023-09-12 11:22:20,45,48,5193,10422
2023-09-12 11:22:23,45,47,5193,10422
2023-09-12 11:22:45,46,47,5193,10422
2023-09-12 11:22:50,46,47,5193,10432
2023-09-12 11:22:53,46,48,5193,10432
2023-09-12 11:22:59,46,47,5193,10432
2023-09-12 11:23:08,46,48,5193,10432
2023-09-12 11:23:14,46,47,5193,10432
2023-09-12 11:23:23,46,47,5193,10682
2023-09-12 11:24:00,46,48,5193,10682
2023-09-12 11:24:04,46,47,5193,10682
2023-09-12 11:24:20,46,48,5193,10682
2023-09-12 11:24:20,46,48,5193,10683
2023-09-12 11:24:24,46,47,5193,10683
2023-09-12 11:24:25,46,48,5193,10683
2023-09-12 11:24:36,46,47,5193,10683
2023-09-12 11:24:37,46,48,5193,10683
2023-09-12 11:24:38,46,47,5193,10683
2023-09-12 11:24:40,46,48,5193,10905
2023-09-12 11:24:41,46,47,5193,10905
2023-09-12 11:24:41,46,48,5193,11091
2023-09-12 11:24:43,46,47,5193,11091
2023-09-12 11:24:44,46,47,5193,11341
2023-09-12 11:25:08,46,48,5193,11341
2023-09-12 11:25:09,46,47,5193,11341
2023-09-12 11:25:15,46,47,5193,11342
2023-09-12 11:25:18,46,48,5193,11546
2023-09-12 11:25:19,46,47,5193,11546
2023-09-12 11:25:20,46,48,5193,11751
2023-09-12 11:25:21,46,47,5193,11751
2023-09-12 11:25:23,46,47,5193,11752
2023-09-12 11:25:32,46,48,5193,11752
2023-09-12 11:25:34,46,48,5193,11753
2023-09-12 11:25:35,46,47,5193,11753
2023-09-12 11:25:38,46,48,5193,11753
2023-09-12 11:25:39,46,47,5193,11753
2023-09-12 11:25:55,46,48,5193,11753
2023-09-12 11:26:03,46,47,5193,11753
2023-09-12 11:26:12,46,48,5193,11753
2023-09-12 11:26:25,46,47,5193,11753
2023-09-12 11:26:27,46,48,5193,11753
2023-09-12 11:26:36,46,47,5193,11753
2023-09-12 11:26:39,46,48,5193,11753
2023-09-12 11:27:00,46,47,5193,11753
2023-09-12 11:27:07,46,48,5193,11753
2023-09-12 11:27:19,46,49,5193,11753
2023-09-12 11:27:20,46,48,5193,11753
2023-09-12 11:27:23,46,49,5193,11753
2023-09-12 11:27:33,46,48,5193,11753
2023-09-12 11:27:34,46,49,5193,11753
2023-09-12 11:27:36,47,49,5193,11753
2023-09-12 11:27:48,47,48,5193,11753
2023-09-12 11:27:52,47,49,5193,11753
2023-09-12 11:27:55,48,49,5193,11753
2023-09-12 11:28:03,48,50,5193,11753
2023-09-12 11:28:16,48,49,5193,11753
2023-09-12 11:28:18,48,50,5193,11753
2023-09-12 11:28:19,48,49,5193,11753
2023-09-12 11:28:21,48,50,5193,11753
2023-09-12 11:29:08,49,50,5193,11753
2023-09-12 11:29:09,48,50,5193,11753
2023-09-12 11:29:10,48,50,5194,11754
2023-09-12 11:29:16,49,50,5194,11754
2023-09-12 11:29:20,49,51,5195,11755
2023-09-12 11:29:35,50,51,5195,11755
2023-09-12 11:30:06,50,52,5195,11755
2023-09-12 11:30:17,51,52,5195,11755
2023-09-12 11:30:21,50,52,5195,11755
2023-09-12 11:30:23,51,52,5195,11755
2023-09-12 11:30:50,51,53,5195,11955
2023-09-12 11:30:51,52,53,5195,11955
2023-09-12 11:30:59,52,53,5195,11956
2023-09-12 11:31:02,52,53,5195,11957
2023-09-12 11:31:14,52,53,5195,11958
2023-09-12 11:31:17,52,53,5198,12358
2023-09-12 11:31:18,52,54,5595,12755
2023-09-12 11:31:19,53,54,5595,12755
2023-09-12 11:31:25,53,54,5595,12756
2023-09-12 11:31:30,53,54,5595,13156
2023-09-12 11:31:31,53,54,5595,13556
2023-09-12 11:31:43,53,55,5695,13656
2023-09-12 11:31:53,53,55,5695,13657
2023-09-12 11:32:05,53,54,5695,13657
2023-09-12 11:32:20,53,54,5696,13658
2023-09-12 11:32:21,53,55,5696,13658
2023-09-12 11:32:24,54,55,5696,13658
2023-09-12 11:33:39,54,55,5697,13659
2023-09-12 11:33:55,54,55,5698,13660
2023-09-12 11:33:55,54,56,5698,13660
2023-09-12 11:33:55,54,55,5698,13660
2023-09-12 11:34:56,54,56,5698,13660
2023-09-12 11:34:56,54,55,5698,13660
2023-09-12 11:34:59,53,55,6298,14660
2023-09-12 11:35:15,53,56,6298,14660
2023-09-12 11:35:15,53,55,6298,14660
2023-09-12 11:35:32,53,56,6298,14660
2023-09-12 11:35:32,53,55,6298,14660
2023-09-12 11:35:47,53,56,6298,14660
2023-09-12 11:35:47,53,55,6298,14660
2023-09-12 11:35:52,53,56,6298,14660
2023-09-12 11:35:52,53,55,6298,14660
2023-09-12 11:36:12,53,56,6298,14660
2023-09-12 11:36:12,53,55,6298,14660
2023-09-12 11:36:44,53,56,6298,14660
2023-09-12 11:36:44,53,55,6298,14660
2023-09-12 11:36:52,53,55,6298,14810
2023-09-12 11:36:53,53,56,6298,14810
2023-09-12 11:36:53,53,55,6298,14810
2023-09-12 11:37:01,54,55,6298,14810
2023-09-12 11:37:10,54,56,6298,14810
2023-09-12 11:37:16,54,56,6298,14824
2023-09-12 11:37:57,54,55,6298,14824
2023-09-12 11:38:10,55,56,6398,14924
2023-09-12 11:39:32,55,56,6398,14934
2023-09-12 11:42:25,55,56,6348,15034
2023-09-12 11:42:33,55,57,6348,15034
2023-09-12 11:42:33,55,56,6348,15034
2023-09-12 11:43:00,55,57,6348,15034
2023-09-12 11:43:00,55,56,6348,15034
2023-09-12 11:43:07,55,57,6348,15034
2023-09-12 11:43:07,55,56,6348,15034
2023-09-12 11:43:16,55,57,6348,15034
2023-09-12 11:43:16,55,56,6348,15034
2023-09-12 11:43:20,55,57,6348,15034
2023-09-12 11:43:20,55,56,6348,15034
2023-09-12 11:43:53,55,57,6348,15034
2023-09-12 11:43:53,55,56,6348,15034
2023-09-12 11:44:01,55,57,6348,15034
2023-09-12 11:44:01,55,56,6348,15034
2023-09-12 11:44:39,55,56,6448,15134
2023-09-12 11:45:02,55,57,6448,15134
2023-09-12 11:45:02,55,56,6448,15134
2023-09-12 11:45:12,55,57,6448,15134
2023-09-12 11:45:12,55,56,6448,15134
2023-09-12 11:45:19,55,57,6448,15134
2023-09-12 11:45:19,55,56,6448,15134
2023-09-12 11:45:35,55,57,6448,15134
2023-09-12 11:46:17,55,56,6448,15134
2023-09-12 11:46:17,55,57,6548,15234
2023-09-12 11:46:26,55,56,6548,15234
2023-09-12 11:46:31,55,57,6548,15234
2023-09-12 11:46:53,56,57,6548,15234
2023-09-12 11:47:59,55,57,6548,15234
2023-09-12 11:48:25,56,57,6548,15234
2023-09-12 11:48:26,55,57,6548,15234
2023-09-12 11:48:29,56,57,6548,15234
2023-09-12 11:53:15,55,56,6638,15324
2023-09-12 11:53:22,55,57,6648,15334
2023-09-12 11:54:05,55,57,6648,15679
2023-09-12 11:54:06,56,57,6648,15679
2023-09-12 11:54:41,56,58,6648,15679
2023-09-12 11:54:41,56,57,6648,15679
2023-09-12 11:54:43,56,58,6648,15679
2023-09-12 11:54:43,56,57,6648,15679
2023-09-12 11:54:56,56,58,6648,15679
2023-09-12 11:54:56,56,57,6648,15679
2023-09-12 11:55:31,56,58,6648,15679
2023-09-12 11:55:31,56,57,6648,15679
2023-09-12 11:55:39,56,58,6648,15679
2023-09-12 11:55:39,56,57,6648,15679
2023-09-12 11:55:40,56,58,6648,15679
2023-09-12 11:55:40,56,57,6648,15679
2023-09-12 11:55:40,56,58,6648,15679
2023-09-12 11:55:40,56,57,6648,15679
2023-09-12 11:56:41,56,58,6648,15679
2023-09-12 11:56:41,56,57,6648,15679
2023-09-12 11:56:46,56,58,6648,15679
2023-09-12 11:56:46,56,58,6748,15779
2023-09-12 11:56:47,55,58,6748,15779
2023-09-12 11:56:47,56,58,6748,15779
2023-09-12 11:57:17,56,57,6748,15779
2023-09-12 11:57:18,55,57,6748,15979
2023-09-12 11:57:22,55,58,6748,15979
2023-09-12 11:57:22,55,57,6748,15979
2023-09-12 11:57:33,55,58,6748,15979
2023-09-12 11:57:33,55,57,6748,15979
2023-09-12 11:57:35,55,58,6748,15979
2023-09-12 11:57:35,55,57,6748,15979
2023-09-12 11:57:43,55,57,6751,15982
2023-09-12 11:57:43,55,58,6751,15982
2023-09-12 11:57:43,55,57,6751,15982
2023-09-12 11:57:47,56,57,6751,15982
2023-09-12 11:58:01,56,58,6751,15982
2023-09-12 11:58:01,56,57,6751,15982
2023-09-12 11:58:52,56,58,6751,15982
2023-09-12 11:58:52,56,57,6751,15982
2023-09-12 11:59:07,56,58,6751,15982
2023-09-12 11:59:07,56,57,6751,15982
2023-09-12 11:59:09,56,57,6754,15985
2023-09-12 11:59:13,56,58,6754,15985
2023-09-12 11:59:13,56,57,6754,15985
2023-09-12 11:59:16,56,57,6757,15988
2023-09-12 11:59:30,56,58,6854,16085
2023-09-12 11:59:32,56,57,6854,16085
2023-09-12 11:59:40,57,58,6954,16185
2023-09-12 11:59:47,56,58,7054,16285
2023-09-12 12:00:35,57,58,7054,16285
2023-09-12 12:01:32,57,58,7054,16288
2023-09-12 12:01:34,57,58,7054,16291
2023-09-12 12:02:27,57,58,7054,16294
2023-09-12 12:03:53,56,58,7054,16294
2023-09-12 12:04:35,56,57,7054,16294
2023-09-12 12:05:11,56,58,7054,16294
2023-09-12 12:05:11,56,57,7054,16294
2023-09-12 12:05:24,56,58,7054,16294
2023-09-12 12:05:24,56,57,7054,16294
2023-09-12 12:05:32,56,58,7054,16294
2023-09-12 12:05:32,56,57,7054,16294
2023-09-12 12:05:56,56,58,7054,16294
2023-09-12 12:05:56,56,57,7054,16294
2023-09-12 12:06:00,56,57,7054,16312
2023-09-12 12:06:02,56,58,7054,16312
2023-09-12 12:06:02,56,57,7054,16312
2023-09-12 12:06:24,56,58,7054,16312
2023-09-12 12:06:24,56,57,7054,16312
2023-09-12 12:06:51,56,58,7054,16312
2023-09-12 12:06:51,56,57,7054,16312
2023-09-12 12:06:54,56,58,7154,16412
2023-09-12 12:07:09,57,58,7154,16412
2023-09-12 12:08:26,57,58,7254,16512
2023-09-12 12:09:09,56,57,7354,16612
2023-09-12 12:09:45,56,58,7354,16612
2023-09-12 12:09:45,56,57,7354,16612
2023-09-12 12:10:11,56,58,7354,16612
2023-09-12 12:10:11,56,57,7354,16612
2023-09-12 12:10:21,56,58,7354,16612
2023-09-12 12:13:32,56,57,7354,16612
2023-09-12 12:13:46,56,58,7354,16612
2023-09-12 12:13:46,56,57,7354,16612
2023-09-12 12:14:28,56,58,7354,16612
2023-09-12 12:14:28,56,57,7354,16612
2023-09-12 12:14:46,56,58,7354,16612
2023-09-12 12:14:46,56,57,7354,16612
2023-09-12 12:14:51,55,57,7354,16612
2023-09-12 12:15:00,55,58,7354,16612
2023-09-12 12:15:00,55,57,7354,16612
2023-09-12 12:15:01,56,57,7354,16612
2023-09-12 12:15:02,56,58,7354,16612
2023-09-12 12:15:02,56,57,7354,16612
2023-09-12 12:15:38,56,58,7354,16612
2023-09-12 12:15:38,56,57,7354,16612
2023-09-12 12:16:05,56,58,7354,16612
2023-09-12 12:16:05,56,57,7354,16612
2023-09-12 12:16:06,55,57,7354,16612
2023-09-12 12:16:11,55,56,7354,16612
2023-09-12 12:16:24,55,58,7354,16612
2023-09-12 12:16:24,55,56,7354,16612
2023-09-12 12:16:43,55,57,7354,16612
2023-09-12 12:16:43,55,56,7354,16612
2023-09-12 12:17:43,55,57,7354,16612
2023-09-12 12:17:44,55,56,7354,16612
2023-09-12 12:18:35,55,58,7354,16612
2023-09-12 12:18:35,55,57,7354,16612
2023-09-12 12:18:42,55,58,7354,16612
2023-09-12 12:18:42,55,57,7354,16612
2023-09-12 12:18:45,55,58,7354,16612
2023-09-12 12:18:45,55,57,7354,16612
2023-09-12 12:18:46,56,57,7354,16612
2023-09-12 12:19:05,56,58,7354,16612
2023-09-12 12:19:05,56,57,7354,16612
2023-09-12 12:20:05,56,58,7354,16612
2023-09-12 12:20:06,56,57,7354,16612
2023-09-12 12:20:48,56,58,7354,16612
2023-09-12 12:20:48,56,57,7354,16612
2023-09-12 12:20:59,56,58,7354,16612
2023-09-12 12:21:00,56,57,7354,16612
2023-09-12 12:21:15,56,58,7354,16612
2023-09-12 12:21:15,56,57,7354,16612
2023-09-12 12:21:20,56,58,7354,16612
2023-09-12 12:21:20,56,57,7354,16612
2023-09-12 12:21:25,56,58,7354,16612
2023-09-12 12:21:25,56,57,7354,16612
2023-09-12 12:21:25,56,58,7354,16612
2023-09-12 12:21:25,56,57,7354,16612
2023-09-12 12:21:26,56,58,7454,16712
2023-09-12 12:21:51,56,58,7817,17267
2023-09-12 12:21:52,57,58,7817,17267
2023-09-12 12:22:12,57,59,7817,17267
2023-09-12 12:22:12,57,58,7817,17267
2023-09-12 12:22:32,57,59,7817,17267
2023-09-12 12:26:42,58,59,7817,17267
2023-09-12 12:27:33,59,60,7817,17271
2023-09-12 12:27:45,58,60,7817,17271
2023-09-12 12:28:29,58,60,7817,17771
2023-09-12 12:29:02,59,60,7817,17771
2023-09-12 12:29:46,58,60,7817,17771
2023-09-12 12:30:06,59,60,7817,17771
2023-09-12 12:35:26,59,61,7817,17771
2023-09-12 12:35:43,60,61,7817,17771
2023-09-12 12:37:14,59,61,7817,17771
2023-09-12 12:37:15,60,61,7817,17771
2023-09-12 12:38:59,60,61,7817,17831
2023-09-12 12:41:11,60,62,7817,17831
2023-09-12 12:44:25,60,61,7817,17831
2023-09-12 12:44:25,60,62,7817,17831
2023-09-12 12:46:26,60,62,7617,18031
2023-09-12 12:46:26,61,62,7617,18031
2023-09-12 12:47:09,61,63,7617,18031
2023-09-12 12:47:09,61,62,7617,18031
2023-09-12 12:47:23,61,62,7627,18041
2023-09-12 12:48:09,61,62,7441,18227
2023-09-12 12:48:17,61,62,7441,18412
2023-09-12 12:48:18,60,62,7441,18412
2023-09-12 12:48:28,60,61,7441,18412
2023-09-12 12:48:46,60,62,7441,18412
2023-09-12 12:49:03,60,61,7441,18412
2023-09-12 12:49:04,60,62,7441,18412
2023-09-12 12:49:07,60,63,7441,18412
2023-09-12 12:49:07,60,62,7441,18412
2023-09-12 12:49:14,60,63,7441,18412
2023-09-12 12:49:15,60,62,7441,18412
2023-09-12 12:49:52,60,62,7257,18596
2023-09-12 12:50:03,60,62,7063,18790
2023-09-12 12:50:32,60,61,7063,18790
2023-09-12 12:50:41,60,63,7063,18790
2023-09-12 12:50:41,60,61,7063,18790
2023-09-12 12:50:46,60,63,7063,18790
2023-09-12 12:50:46,60,61,7063,18790
2023-09-12 12:51:15,60,63,7063,18790
2023-09-12 12:51:15,60,62,7063,18790
2023-09-12 12:51:16,61,62,7063,18790
2023-09-12 12:51:22,61,63,7063,18790
2023-09-12 12:51:22,61,62,7063,18790
2023-09-12 12:52:09,61,63,7463,19190
2023-09-12 12:52:10,61,62,7463,19190
2023-09-12 12:52:14,61,63,7663,19390
2023-09-12 12:52:15,62,63,7663,19390
2023-09-12 12:52:15,61,63,7863,19590
2023-09-12 12:52:15,62,63,7863,19590
2023-09-12 12:52:31,62,63,7963,19690
2023-09-12 13:00:23,62,64,7963,19845
2023-09-12 13:00:24,63,64,7963,19845
2023-09-12 13:01:29,63,64,7463,20345
2023-09-12 13:01:35,62,64,7463,20345
2023-09-12 13:01:43,62,63,7463,20345
2023-09-12 13:01:45,62,64,7463,20345
2023-09-12 13:01:51,63,64,7463,20345
2023-09-12 13:02:02,62,64,7463,20345
2023-09-12 13:02:18,63,64,7463,20345
2023-09-12 13:02:36,62,64,7463,20345
2023-09-12 13:02:51,61,64,7463,20345
2023-09-12 13:02:59,62,64,7463,20345
2023-09-12 13:03:03,61,64,7463,20345
2023-09-12 13:03:06,62,64,7463,20345
2023-09-12 13:03:09,61,64,7463,20345
2023-09-12 13:03:21,62,64,7463,20345
2023-09-12 13:03:30,62,64,7463,20347
2023-09-12 13:03:56,61,64,7463,20347
2023-09-12 13:03:57,62,64,7463,20347
2023-09-12 13:04:43,62,64,7518,20627
2023-09-12 13:04:43,62,63,7518,20627
2023-09-12 13:05:00,61,63,7518,20627
2023-09-12 13:05:30,61,62,7518,20627
2023-09-12 13:06:23,61,63,7518,20627
2023-09-12 13:06:58,61,62,7518,20627
2023-09-12 13:07:02,61,64,7518,20627
2023-09-12 13:07:02,61,63,7518,20627
2023-09-12 13:07:22,63,64,7486,20659
2023-09-12 13:07:38,63,64,7486,20661
2023-09-12 13:07:40,63,64,7486,20663
2023-09-12 13:07:45,63,64,7486,20665
2023-09-12 13:08:02,63,64,7486,20667
2023-09-12 13:09:48,63,65,7486,20667
2023-09-12 13:10:09,63,65,7486,20669
2023-09-12 13:10:11,63,65,7486,20671
2023-09-12 13:10:15,63,65,7486,20673
2023-09-12 13:10:40,63,65,7486,20675
2023-09-12 13:10:50,63,65,7486,20677
2023-09-12 13:10:56,63,65,7486,20679
2023-09-12 13:13:51,63,65,7643,21004
2023-09-12 13:13:52,63,64,7643,21004
2023-09-12 13:14:02,63,64,7683,21044
2023-09-12 13:14:43,63,65,7683,21044
2023-09-12 13:15:27,63,64,7683,21044
2023-09-12 13:15:33,62,64,7683,21044
2023-09-12 13:16:32,61,64,7683,21044
2023-09-12 13:16:49,61,63,7683,21044
2023-09-12 13:16:53,61,64,7683,21044
2023-09-12 13:16:59,62,64,7683,21044
2023-09-12 13:17:01,61,64,7683,21044
2023-09-12 13:17:04,62,64,7683,21044
2023-09-12 13:17:05,61,64,7683,21044
2023-09-12 13:17:06,62,64,7683,21044
2023-09-12 13:17:32,62,65,7683,21044
2023-09-12 13:17:57,63,65,7683,21044
2023-09-12 13:18:59,62,65,7683,21044
2023-09-12 13:19:00,63,65,7683,21044
2023-09-12 13:19:02,62,65,7683,21044
2023-09-12 13:19:04,62,64,7683,21044
2023-09-12 13:19:22,61,64,7683,21044
2023-09-12 13:20:01,61,62,7683,21044
2023-09-12 13:20:01,61,62,7732,21093
2023-09-12 13:20:02,60,62,7732,21093
2023-09-12 13:20:09,60,61,7732,21093
2023-09-12 13:20:11,60,62,7732,21093
2023-09-12 13:20:11,60,61,7732,21093
2023-09-12 13:20:15,59,61,7732,21093
2023-09-12 13:20:20,59,60,7732,21093
2023-09-12 13:20:20,59,61,7732,21093
2023-09-12 13:20:30,59,60,7732,21093
2023-09-12 13:20:30,58,60,7732,21093
2023-09-12 13:20:31,58,61,7732,21093
2023-09-12 13:20:36,59,61,7732,21093
2023-09-12 13:20:45,59,62,7732,21093
2023-09-12 13:20:45,59,61,7732,21093
2023-09-12 13:20:58,59,62,7732,21093
2023-09-12 13:21:03,59,61,7732,21093
2023-09-12 13:21:04,58,61,7732,21093
2023-09-12 13:21:13,58,60,7732,21093
2023-09-12 13:21:14,58,61,7732,21093
2023-09-12 13:21:15,58,60,7732,21093
2023-09-12 13:21:17,57,60,7732,21093
2023-09-12 13:21:17,56,60,7732,21493
2023-09-12 13:21:17,56,59,7792,21553
2023-09-12 13:21:18,55,59,7792,21553
2023-09-12 13:21:18,56,60,7792,21553
2023-09-12 13:21:18,56,59,7792,21553
2023-09-12 13:21:19,56,57,7792,21553
2023-09-12 13:21:23,55,57,7792,21553
2023-09-12 13:21:23,55,56,7792,21553
2023-09-12 13:21:36,55,56,7792,21753
2023-09-12 13:21:40,55,56,7792,21953
2023-09-12 13:21:40,55,57,7792,21953
2023-09-12 13:21:45,56,57,7792,21953
2023-09-12 13:21:48,56,57,7792,22153
2023-09-12 13:21:48,56,59,7792,22153
2023-09-12 13:21:48,56,60,7792,22153
2023-09-12 13:21:48,56,58,7792,22153
2023-09-12 13:21:59,57,58,7792,22153
2023-09-12 13:22:00,56,58,7792,22153
2023-09-12 13:22:08,57,58,7792,22153
2023-09-12 13:22:08,57,60,7792,22153
2023-09-12 13:22:08,57,59,7792,22153
2023-09-12 13:22:13,57,58,7792,22153
2023-09-12 13:22:20,56,58,7792,22153
2023-09-12 13:22:20,57,58,7792,22153
2023-09-12 13:22:25,57,59,7792,22153
2023-09-12 13:22:34,56,59,7792,22153
2023-09-12 13:22:34,56,58,7792,22153
2023-09-12 13:22:44,57,58,7792,22153
2023-09-12 13:22:44,57,59,7792,22153
2023-09-12 13:23:02,57,58,7792,22153
2023-09-12 13:23:02,56,58,7792,22153
2023-09-12 13:23:22,55,58,7792,22153
2023-09-12 13:23:22,55,57,7792,22153
2023-09-12 13:23:28,54,57,7792,22153
2023-09-12 13:23:29,54,55,7792,22153
2023-09-12 13:23:30,53,55,7792,22153
2023-09-12 13:23:30,52,55,7792,22153
2023-09-12 13:23:31,52,54,7792,22153
2023-09-12 13:23:32,52,55,7792,22213
2023-09-12 13:23:32,52,54,7792,22213
2023-09-12 13:23:34,52,54,7792,22463
2023-09-12 13:23:34,52,55,7792,22463
2023-09-12 13:23:34,52,54,7792,22463
2023-09-12 13:23:35,52,55,7792,22693
2023-09-12 13:23:35,52,54,7792,22693
2023-09-12 13:23:37,52,55,7792,22941
2023-09-12 13:23:37,52,54,7792,22941
2023-09-12 13:23:51,52,53,7792,22941
2023-09-12 13:23:51,50,53,7792,22941
2023-09-12 13:23:52,49,53,7792,22941
2023-09-12 13:23:52,49,51,7792,22941
2023-09-12 13:23:54,49,50,7792,22941
2023-09-12 13:23:54,48,50,7792,22941
2023-09-12 13:23:55,48,49,7792,22941
2023-09-12 13:23:58,46,50,7792,22941
2023-09-12 13:23:58,47,50,7792,22941
2023-09-12 13:24:01,46,50,7792,22941
2023-09-12 13:24:01,46,49,7792,22941
2023-09-12 13:24:06,46,48,7792,22941
2023-09-12 13:24:08,45,48,7792,22941
2023-09-12 13:24:15,45,47,7792,22941
2023-09-12 13:24:36,45,48,7792,22941
2023-09-12 13:24:40,45,47,7792,22941
2023-09-12 13:24:41,45,48,7792,22941
2023-09-12 13:24:46,45,46,7792,22941
2023-09-12 13:24:46,44,46,7792,22941
2023-09-12 13:24:46,44,45,7792,22941
2023-09-12 13:25:07,44,45,7792,22963
2023-09-12 13:25:15,44,45,7992,23163
2023-09-12 13:25:19,44,48,8032,23203
2023-09-12 13:25:20,45,48,8032,23203
2023-09-12 13:25:33,45,49,8032,23203
2023-09-12 13:25:33,46,49,8032,23203
2023-09-12 13:25:42,46,50,8032,23203
2023-09-12 13:25:43,47,50,8032,23203
2023-09-12 13:25:45,48,50,8032,23203
2023-09-12 13:25:50,48,51,8032,23203
2023-09-12 13:25:55,48,50,8032,23203
2023-09-12 13:25:58,47,50,8032,23203
2023-09-12 13:26:09,47,51,8032,23203
2023-09-12 13:26:09,48,51,8032,23203
2023-09-12 13:26:10,47,51,8032,23203
2023-09-12 13:26:10,47,50,8032,23203
2023-09-12 13:26:11,47,51,8032,23203
2023-09-12 13:26:11,48,51,8032,23203
2023-09-12 13:26:18,49,51,8032,23203
2023-09-12 13:26:36,49,52,8032,23203
2023-09-12 13:26:44,49,52,8034,23205
2023-09-12 13:26:44,50,52,8034,23205
2023-09-12 13:27:11,50,51,8034,23205
2023-09-12 13:27:35,50,52,8034,23205
2023-09-12 13:27:38,50,51,8034,23205
2023-09-12 13:27:39,50,52,8034,23205
2023-09-12 13:28:05,49,52,8034,23205
2023-09-12 13:28:05,51,52,8034,23205
2023-09-12 13:28:10,51,53,8034,23205
2023-09-12 13:28:11,51,52,8034,23205
2023-09-12 13:28:21,49,52,8034,23205
2023-09-12 13:28:21,50,52,8034,23205
2023-09-12 13:28:32,49,52,8034,23205
2023-09-12 13:28:32,51,52,8034,23205
2023-09-12 13:28:36,51,53,8034,23205
2023-09-12 13:28:42,52,53,8034,23205
2023-09-12 13:28:45,52,54,8034,23205
2023-09-12 13:28:46,52,53,8034,23205
2023-09-12 13:28:48,52,54,8034,23205
2023-09-12 13:28:49,52,53,8034,23205
2023-09-12 13:28:54,50,53,8034,23205
2023-09-12 13:28:54,51,53,8034,23205
2023-09-12 13:28:56,51,53,8034,23207
2023-09-12 13:29:04,50,53,8034,23207
2023-09-12 13:29:04,52,53,8034,23207
2023-09-12 13:29:17,50,53,8034,23207
2023-09-12 13:29:17,51,53,8034,23207
2023-09-12 13:29:19,51,52,8034,23207
2023-09-12 13:29:24,51,52,8034,23209
2023-09-12 13:29:49,51,53,8034,23209
2023-09-12 13:29:57,50,53,8034,23209
2023-09-12 13:29:57,52,53,8034,23209
2023-09-12 13:30:01,50,53,8034,23209
2023-09-12 13:30:01,51,53,8034,23209
2023-09-12 13:30:02,51,52,8034,23209
2023-09-12 13:30:05,49,52,8034,23209
2023-09-12 13:30:05,50,52,8034,23209
2023-09-12 13:30:06,50,52,8034,23211
2023-09-12 13:30:07,50,51,8034,23211
2023-09-12 13:30:07,48,50,8032,23213
2023-09-12 13:30:08,48,50,8032,23215
2023-09-12 13:30:09,47,50,8032,23215
2023-09-12 13:30:13,47,50,8032,23315
2023-09-12 13:30:15,47,50,8032,23317
2023-09-12 13:30:20,47,49,8032,23317
2023-09-12 13:30:22,46,49,8032,23317
2023-09-12 13:30:55,46,50,8032,23317
2023-09-12 13:30:55,47,50,8032,23317
2023-09-12 13:30:57,46,50,8032,23317
2023-09-12 13:30:57,46,49,8032,23317
2023-09-12 13:31:13,46,50,8032,23317
2023-09-12 13:31:13,47,50,8032,23317
2023-09-12 13:31:16,47,49,8032,23317
2023-09-12 13:31:16,46,49,8032,23317
2023-09-12 13:31:25,46,48,8032,23317
2023-09-12 13:31:34,46,49,8032,23317
2023-09-12 13:31:45,47,49,8032,23317
2023-09-12 13:31:45,47,50,8032,23317
2023-09-12 13:31:47,48,50,8032,23317
2023-09-12 13:31:47,48,51,8032,23317
2023-09-12 13:31:50,47,51,8032,23317
2023-09-12 13:31:50,47,50,8032,23317
2023-09-12 13:31:52,48,50,8032,23317
2023-09-12 13:31:52,48,51,8032,23317
2023-09-12 13:32:06,48,50,8032,23317
2023-09-12 13:32:06,47,50,8032,23317
2023-09-12 13:32:23,48,50,8032,23317
2023-09-12 13:32:23,48,51,8032,23317
2023-09-12 13:32:33,49,51,8032,23317
2023-09-12 13:32:35,48,51,8032,23317
2023-09-12 13:32:43,48,50,8032,23317
2023-09-12 13:32:43,47,50,8032,23317
2023-09-12 13:32:48,48,50,8032,23317
2023-09-12 13:32:48,48,51,8032,23317
2023-09-12 13:32:55,48,51,8034,23319
2023-09-12 13:32:55,49,51,8034,23319
2023-09-12 13:33:16,49,50,8034,23319
2023-09-12 13:33:17,47,50,8034,23319
2023-09-12 13:33:17,48,50,8034,23319
2023-09-12 13:33:26,47,50,8034,23319
2023-09-12 13:33:26,49,50,8034,23319
2023-09-12 13:33:32,47,50,8034,23319
2023-09-12 13:33:32,48,50,8034,23319
2023-09-12 13:33:39,48,50,8034,23321
2023-09-12 13:33:46,49,50,8034,23321
2023-09-12 13:33:47,49,51,8034,23321
2023-09-12 13:33:47,49,51,8036,23323
2023-09-12 13:34:12,49,50,8036,23323
2023-09-12 13:34:14,49,51,8036,23323
2023-09-12 13:34:23,49,50,8036,23323
2023-09-12 13:34:24,49,51,8036,23323
2023-09-12 13:34:25,49,50,8036,23323
2023-09-12 13:34:31,47,50,8036,23323
2023-09-12 13:34:31,48,50,8036,23323
2023-09-12 13:34:33,48,50,8036,23325
2023-09-12 13:34:42,47,50,8036,23325
2023-09-12 13:34:42,49,50,8036,23325
2023-09-12 13:34:43,49,51,8036,23325
2023-09-12 13:34:52,49,50,8036,23325
2023-09-12 13:35:03,49,51,8036,23325
2023-09-12 13:35:04,49,50,8036,23325
2023-09-12 13:35:11,47,50,8036,23325
2023-09-12 13:35:11,48,50,8036,23325
2023-09-12 13:35:20,48,49,8036,23325
2023-09-12 13:35:21,48,50,8036,23325
2023-09-12 13:35:23,49,50,8036,23325
2023-09-12 13:35:23,49,51,8036,23325
2023-09-12 13:35:25,49,50,8036,23325
2023-09-12 13:35:28,49,50,8036,23327
2023-09-12 13:35:50,47,50,8036,23327
2023-09-12 13:35:50,48,50,8036,23327
2023-09-12 13:35:53,48,49,8036,23327
2023-09-12 13:35:56,46,49,8036,23327
2023-09-12 13:35:56,47,49,8036,23327
2023-09-12 13:36:02,46,49,8036,23327
2023-09-12 13:36:02,48,49,8036,23327
2023-09-12 13:36:05,48,50,8036,23327
2023-09-12 13:36:08,48,49,8036,23327
2023-09-12 13:36:16,46,49,8036,23327
2023-09-12 13:36:16,47,49,8036,23327
2023-09-12 13:36:19,47,50,8036,23327
2023-09-12 13:36:19,46,50,8036,23327
2023-09-12 13:36:19,48,50,8036,23327
2023-09-12 13:36:25,47,50,8036,23327
2023-09-12 13:36:25,49,50,8036,23327
2023-09-12 13:36:26,49,51,8036,23327
2023-09-12 13:36:30,49,50,8036,23327
2023-09-12 13:36:33,49,51,8036,23327
2023-09-12 13:36:36,48,51,8036,23327
2023-09-12 13:36:36,50,51,8036,23327
2023-09-12 13:36:36,50,52,8036,23327
2023-09-12 13:36:52,49,52,8036,23327
2023-09-12 13:36:52,51,52,8036,23327
2023-09-12 13:36:52,51,53,8036,23327
2023-09-12 13:37:02,51,54,8036,23327
2023-09-12 13:37:02,50,54,8036,23327
2023-09-12 13:37:02,52,54,8036,23327
2023-09-12 13:37:03,52,53,8036,23327
2023-09-12 13:37:04,51,53,8036,23327
2023-09-12 13:37:06,51,52,8036,23327
2023-09-12 13:37:07,51,53,8036,23327
2023-09-12 13:37:10,51,52,8036,23327
2023-09-12 13:37:11,50,52,8036,23327
2023-09-12 13:37:19,50,51,8036,23327
2023-09-12 13:37:21,50,51,8036,23329
2023-09-12 13:37:27,50,52,8036,23329
2023-09-12 13:37:33,50,52,8036,23331
2023-09-12 13:37:37,50,51,8036,23331
2023-09-12 13:37:41,48,51,8036,23331
2023-09-12 13:37:41,49,51,8036,23331
2023-09-12 13:37:58,48,51,8036,23331
2023-09-12 13:37:58,50,51,8036,23331
2023-09-12 13:38:02,50,52,8036,23331
2023-09-12 13:38:06,49,52,8036,23331
2023-09-12 13:38:06,49,53,8036,23331
2023-09-12 13:38:06,51,53,8036,23331
2023-09-12 13:38:07,51,52,8036,23331
2023-09-12 13:38:09,51,52,8036,23333
2023-09-12 13:38:13,51,53,8036,23333
2023-09-12 13:38:17,51,53,8036,23335
2023-09-12 13:38:21,50,53,8036,23335
2023-09-12 13:38:21,52,53,8036,23335
2023-09-12 13:38:23,52,54,8036,23335
2023-09-12 13:38:30,52,53,8036,23335
2023-09-12 13:38:36,52,54,8036,23335
2023-09-12 13:38:38,52,54,8036,23337
2023-09-12 13:38:42,52,53,8036,23337
2023-09-12 13:38:46,50,53,8036,23337
2023-09-12 13:38:46,51,53,8036,23337
2023-09-12 13:38:51,52,53,8036,23337
2023-09-12 13:38:51,52,54,8036,23337
2023-09-12 13:38:51,52,55,8036,23337
2023-09-12 13:38:52,53,55,8036,23337
2023-09-12 13:38:52,52,55,8036,23337
2023-09-12 13:38:52,53,55,8036,23337
2023-09-12 13:38:52,54,55,8036,23337
2023-09-12 13:38:56,54,55,8036,23339
2023-09-12 13:39:00,54,55,8036,23341
2023-09-12 13:39:05,54,55,8036,23343
2023-09-12 13:39:38,53,54,8032,23347
2023-09-12 13:39:38,52,54,8032,23347
2023-09-12 13:39:42,52,55,8032,23347
2023-09-12 13:39:45,53,55,8032,23347
2023-09-12 13:40:09,52,55,8032,23347
2023-09-12 13:40:16,53,55,8032,23347
2023-09-12 13:40:50,53,56,8032,23347
2023-09-12 13:40:51,54,56,8032,23347
2023-09-12 13:40:52,55,56,8032,23347
2023-09-12 13:40:55,54,56,8032,23347
2023-09-12 13:41:09,54,57,8032,23347
2023-09-12 13:41:13,55,57,8032,23347
2023-09-12 13:41:23,55,58,8032,23347
2023-09-12 13:41:23,56,58,8032,23347
2023-09-12 13:41:26,56,59,8032,23347
2023-09-12 13:41:28,57,59,8032,23347
2023-09-12 13:41:30,57,60,8032,23347
2023-09-12 13:41:30,58,60,8032,23347
2023-09-12 13:41:37,58,61,8032,23347
2023-09-12 13:41:37,59,61,8032,23347
2023-09-12 13:41:38,60,61,8032,23347
2023-09-12 13:41:38,60,61,8032,23349
2023-09-12 13:41:57,60,62,8032,23349
2023-09-12 13:41:57,61,62,8032,23349
2023-09-12 13:42:01,61,63,8032,23349
2023-09-12 13:42:02,62,63,8032,23349
2023-09-12 13:42:03,62,64,8032,23349
2023-09-12 13:42:04,63,64,8032,23349
2023-09-12 13:42:07,63,65,8032,23549
2023-09-12 13:42:08,64,65,8032,23549
2023-09-12 13:42:14,64,65,8032,23551
2023-09-12 13:42:27,64,65,8032,23553
2023-09-12 13:42:31,63,65,8032,23553
2023-09-12 13:42:32,64,65,8032,23553
2023-09-12 13:42:44,64,65,8032,23558
2023-09-12 13:42:50,64,66,8032,23558
2023-09-12 13:42:50,65,66,8032,23558
2023-09-12 13:42:57,65,66,8032,23560
2023-09-12 13:42:57,65,67,8032,23758
2023-09-12 13:42:58,66,67,8032,23758
2023-09-12 13:43:07,66,67,8032,23760
2023-09-12 13:43:49,66,67,8032,23762
2023-09-12 13:43:55,66,67,8032,23764
2023-09-12 13:44:03,66,67,7912,23884
2023-09-12 13:44:05,66,68,7838,23958
2023-09-12 13:44:06,67,68,7838,23958
2023-09-12 13:44:53,67,68,7838,23960
2023-09-12 13:44:59,67,68,7838,23962
2023-09-12 13:45:10,67,68,7838,23964
2023-09-12 13:45:30,67,68,7838,23966
2023-09-12 13:45:32,67,68,7838,23968
2023-09-12 13:45:55,67,68,7838,23970
2023-09-12 13:46:24,67,69,7838,23970
2023-09-12 13:46:24,68,69,7838,23970
2023-09-12 13:47:09,67,69,7838,23970
2023-09-12 13:47:09,67,69,7838,24370
2023-09-12 13:47:10,68,69,7838,24370
2023-09-12 13:47:36,68,70,7838,24370
2023-09-12 13:48:25,68,70,7838,24372
2023-09-12 13:48:38,68,70,7838,24374
2023-09-12 13:48:48,68,70,7838,24376
2023-09-12 13:51:34,69,70,7838,24376
2023-09-12 13:51:54,69,71,7838,24376
2023-09-12 13:51:55,69,71,7838,24378
2023-09-12 13:52:19,70,71,7838,24378
2023-09-12 13:52:22,69,71,7838,24378
2023-09-12 13:52:30,69,71,7838,24380
2023-09-12 13:52:43,69,71,7838,24382
2023-09-12 13:52:59,69,71,7838,24384
2023-09-12 13:53:10,69,71,7838,24386
2023-09-12 13:53:30,69,71,7838,24388
2023-09-12 13:53:32,69,71,7838,24390
2023-09-12 13:53:33,70,71,7838,24390
2023-09-12 13:53:39,70,71,7838,24392
2023-09-12 13:53:53,69,71,7838,24392
2023-09-12 13:54:09,68,71,7838,24392
2023-09-12 13:54:09,69,71,7838,24392
2023-09-12 13:54:10,68,71,7838,24392
2023-09-12 13:54:11,69,71,7838,24392
2023-09-12 13:54:14,68,71,7838,24392
2023-09-12 13:54:15,69,71,7838,24392
2023-09-12 13:54:17,68,71,7838,24392
2023-09-12 13:54:18,68,70,7838,24392
2023-09-12 13:54:23,68,69,7838,24392
2023-09-12 13:54:32,67,69,7838,24392
2023-09-12 13:54:45,67,70,7838,24392
2023-09-12 13:54:46,68,70,7838,24392
2023-09-12 13:54:51,68,71,7838,24392
2023-09-12 13:54:59,68,70,7838,24392
2023-09-12 13:55:00,68,71,7838,24392
2023-09-12 13:55:01,68,70,7838,24392
2023-09-12 13:55:02,68,71,7838,24392
2023-09-12 13:55:13,69,71,7838,24392
2023-09-12 13:55:20,69,70,7838,24392
2023-09-12 13:55:21,68,70,7838,24392
2023-09-12 13:55:42,67,70,7838,24392
2023-09-12 13:55:46,68,70,7838,24392
2023-09-12 13:55:48,67,70,7838,24392
2023-09-12 13:55:52,68,70,7838,24392
2023-09-12 13:56:15,67,70,7838,24392
2023-09-12 13:56:16,67,69,7838,24392
2023-09-12 13:56:21,66,69,7838,24392
2023-09-12 13:56:21,66,68,7838,24392
2023-09-12 13:56:22,66,67,7838,24392
2023-09-12 13:56:22,66,68,7838,24392
2023-09-12 13:56:26,66,69,7838,24392
2023-09-12 13:56:28,67,69,7838,24392
2023-09-12 13:56:39,67,69,7838,24397
2023-09-12 13:56:41,68,69,7838,24397
2023-09-12 13:56:43,67,69,7838,24397
2023-09-12 13:56:45,68,69,7838,24397
2023-09-12 13:56:47,67,69,7838,24397
2023-09-12 13:56:47,67,68,7838,24397
2023-09-12 13:56:53,66,68,7838,24397
2023-09-12 13:57:00,66,67,7838,24397
2023-09-12 13:57:02,65,67,7838,24397
2023-09-12 13:57:02,65,66,7838,24397
2023-09-12 13:57:21,66,68,7838,24402
2023-09-12 13:57:22,66,69,7838,24402
2023-09-12 13:57:24,66,68,7838,24402
2023-09-12 13:57:26,66,69,7838,24402
2023-09-12 13:57:33,66,68,7838,24402
2023-09-12 13:57:34,66,69,7838,24402
2023-09-12 13:57:37,66,68,7838,24402
2023-09-12 13:57:49,65,68,7838,24402
2023-09-12 13:57:50,66,68,7838,24402
2023-09-12 13:57:53,66,69,7838,24402
2023-09-12 13:57:56,67,69,7838,24402
2023-09-12 13:58:01,67,68,7838,24402
2023-09-12 13:58:02,67,69,7838,24402
2023-09-12 13:58:04,68,69,7838,24402
2023-09-12 13:58:06,67,69,7838,24402
2023-09-12 13:58:08,68,69,7838,24402
2023-09-12 13:58:13,68,70,7838,24402
2023-09-12 13:58:23,68,71,7838,24402
2023-09-12 13:58:35,69,71,7838,24402
2023-09-12 13:59:56,69,71,7838,24404
2023-09-12 13:59:57,70,71,7838,24404
2023-09-12 13:59:58,69,71,7838,24404
2023-09-12 14:00:02,69,70,7838,24404
2023-09-12 14:00:04,69,71,7838,24404
2023-09-12 14:00:07,69,70,7838,24404
2023-09-12 14:00:10,68,70,7838,24404
2023-09-12 14:00:22,67,70,7838,24404
2023-09-12 14:00:23,68,70,7838,24404
2023-09-12 14:00:23,68,69,7838,24404
2023-09-12 14:00:24,67,69,7838,24404
2023-09-12 14:00:27,67,68,7838,24404
2023-09-12 14:00:29,66,68,7838,24404
2023-09-12 14:00:30,66,67,7838,24404
2023-09-12 14:00:36,66,68,7838,24404
2023-09-12 14:00:41,66,67,7838,24404
2023-09-12 14:00:55,66,67,8038,24604
2023-09-12 14:01:07,67,68,8042,24608
2023-09-12 14:01:09,66,68,8042,24608
2023-09-12 14:01:10,67,68,8042,24608
2023-09-12 14:01:11,66,68,8042,24608
2023-09-12 14:01:22,67,68,8042,24608
2023-09-12 14:01:25,66,68,8042,24608
2023-09-12 14:01:26,67,68,8042,24608
2023-09-12 14:01:32,66,68,8042,24608
2023-09-12 14:01:39,66,67,8042,24608
2023-09-12 14:01:40,66,68,8042,24608
2023-09-12 14:01:41,66,67,8042,24608
2023-09-12 14:01:55,65,67,8042,24608
2023-09-12 14:01:55,65,66,8042,24608
2023-09-12 14:02:04,65,66,8042,24610
2023-09-12 14:02:11,65,67,8042,24610
2023-09-12 14:02:13,65,66,8042,24610
2023-09-12 14:02:14,65,67,8042,24610
2023-09-12 14:02:15,65,66,8042,24610
2023-09-12 14:02:20,65,67,8042,24610
2023-09-12 14:02:22,66,67,8042,24610
2023-09-12 14:02:26,66,68,8042,24610
2023-09-12 14:02:27,67,68,8042,24610
2023-09-12 14:02:28,66,67,8042,24612
2023-09-12 14:02:35,66,68,8042,24612
2023-09-12 14:02:41,66,67,8042,24612
2023-09-12 14:02:42,67,68,8042,24802
2023-09-12 14:02:43,66,68,8042,24802
2023-09-12 14:02:47,67,68,8042,24802
2023-09-12 14:02:47,67,69,8042,24802
2023-09-12 14:02:47,67,70,8042,24802
2023-09-12 14:02:52,67,69,8042,24802
2023-09-12 14:03:27,68,69,8042,24802
2023-09-12 14:03:27,68,70,8042,24802
2023-09-12 14:03:32,68,69,8042,24802
2023-09-12 14:03:33,68,70,8042,24802
2023-09-12 14:03:38,68,71,8042,24802
2023-09-12 14:03:39,68,71,8042,24804
2023-09-12 14:03:43,68,70,8042,24804
2023-09-12 14:03:44,68,71,8042,24804
2023-09-12 14:03:45,70,71,8042,24804
2023-09-12 14:03:47,68,70,8042,24806
2023-09-12 14:03:54,68,71,8042,24806
2023-09-12 14:03:58,68,70,8042,24806
2023-09-12 14:03:59,68,71,8042,24806
2023-09-12 14:04:00,68,70,8042,24806
2023-09-12 14:04:03,68,71,8042,24806
2023-09-12 14:04:05,68,70,8042,24806
2023-09-12 14:04:08,68,70,8042,24808
2023-09-12 14:04:30,68,70,8042,24810
2023-09-12 14:04:42,68,70,8042,24812
2023-09-12 14:04:50,68,69,8042,24812
2023-09-12 14:04:57,68,69,8042,24814
2023-09-12 14:04:59,67,69,8042,24814
2023-09-12 14:04:59,67,68,8042,24814
2023-09-12 14:05:05,66,68,8042,24814
2023-09-12 14:05:06,66,67,8042,24814
2023-09-12 14:05:15,66,67,8042,25014
2023-09-12 14:05:15,67,68,8042,25018
2023-09-12 14:05:16,67,70,8042,25018
2023-09-12 14:05:17,68,70,8042,25018
2023-09-12 14:05:18,68,69,8042,25018
2023-09-12 14:05:20,68,70,8042,25018
2023-09-12 14:05:22,68,69,8042,25018
2023-09-12 14:05:31,67,69,8042,25018
2023-09-12 14:05:36,67,68,8042,25018
2023-09-12 14:05:51,66,68,8042,25018
2023-09-12 14:06:09,67,68,8042,25018
2023-09-12 14:06:10,67,69,8042,25018
2023-09-12 14:06:36,67,70,8042,25018
2023-09-12 14:06:42,67,69,8042,25018
2023-09-12 14:06:43,67,70,8042,25018
2023-09-12 14:06:45,67,69,8042,25018
2023-09-12 14:07:09,66,69,8042,25018
2023-09-12 14:07:21,67,69,8042,25018
2023-09-12 14:07:22,66,69,8042,25018
2023-09-12 14:07:33,67,69,8042,25018
2023-09-12 14:07:42,67,70,8042,25018
2023-09-12 14:07:43,67,69,8042,25018
2023-09-12 14:07:43,67,69,8042,25020
2023-09-12 14:07:44,67,70,8042,25020
2023-09-12 14:07:44,67,69,8042,25020
2023-09-12 14:07:47,67,70,8042,25020
2023-09-12 14:07:48,67,69,8042,25020
2023-09-12 14:07:51,67,69,8042,25022
2023-09-12 14:07:56,67,70,8042,25022
2023-09-12 14:08:00,67,69,8042,25022
2023-09-12 14:08:03,66,69,8042,25022
2023-09-12 14:08:05,66,68,8042,25022
2023-09-12 14:08:13,65,68,8042,25022
2023-09-12 14:08:13,65,67,8042,25022
2023-09-12 14:08:17,65,66,8042,25022
2023-09-12 14:08:18,65,66,8042,25024
2023-09-12 14:08:30,65,67,8042,25024
2023-09-12 14:08:30,66,67,8042,25024
2023-09-12 14:08:32,65,66,8042,25026
2023-09-12 14:08:33,65,67,8042,25026
2023-09-12 14:08:45,65,66,8042,25026
2023-09-12 14:08:52,65,67,8042,25026
2023-09-12 14:08:56,65,68,8042,25026
2023-09-12 14:08:56,66,68,8042,25026
2023-09-12 14:08:59,65,68,8042,25026
2023-09-12 14:09:03,65,67,8042,25026
2023-09-12 14:09:07,65,67,8142,25126
2023-09-12 14:09:14,65,68,8142,25126
2023-09-12 14:09:24,65,67,8142,25126
2023-09-12 14:09:25,65,68,8142,25126
2023-09-12 14:09:27,65,67,8142,25126
2023-09-12 14:09:31,65,68,8142,25126
2023-09-12 14:09:33,65,67,8142,25126
2023-09-12 14:09:38,65,68,8142,25126
2023-09-12 14:09:44,65,67,8142,25126
2023-09-12 14:09:45,65,68,8142,25126
2023-09-12 14:10:00,65,67,8142,25126
2023-09-12 14:10:05,65,68,8142,25126
2023-09-12 14:10:07,66,68,8142,25126
2023-09-12 14:10:15,65,68,8142,25126
2023-09-12 14:10:22,66,68,8142,25126
2023-09-12 14:10:26,66,69,8142,25126
2023-09-12 14:10:26,67,69,8142,25126
2023-09-12 14:10:32,67,70,8142,25126
2023-09-12 14:10:35,68,70,8142,25126
2023-09-12 14:10:57,67,70,8142,25126
2023-09-12 14:11:03,67,69,8142,25126
2023-09-12 14:11:09,67,70,8142,25126
2023-09-12 14:11:12,67,69,8142,25126
2023-09-12 14:11:13,67,70,8142,25126
2023-09-12 14:11:15,67,69,8142,25126
2023-09-12 14:11:17,67,69,8142,25128
2023-09-12 14:11:19,67,70,8142,25128
2023-09-12 14:11:20,67,69,8142,25128
2023-09-12 14:11:32,67,70,8142,25128
2023-09-12 14:11:36,67,69,8142,25128
2023-09-12 14:11:56,67,70,8142,25128
2023-09-12 14:12:15,68,70,8142,25128
2023-09-12 14:12:19,68,71,8142,25128
2023-09-12 14:12:19,69,71,8142,25128
2023-09-12 14:13:04,70,71,8142,25128
2023-09-12 14:13:07,69,71,8142,25128
2023-09-12 14:13:11,70,71,8142,25128
2023-09-12 14:13:19,69,71,8142,25128
2023-09-12 14:13:20,70,71,8142,25128
2023-09-12 14:13:21,69,71,8142,25128
2023-09-12 14:13:23,70,71,8142,25128
2023-09-12 14:13:27,69,71,8142,25128
2023-09-12 14:13:48,69,71,8142,25130
2023-09-12 14:14:08,69,70,8142,25130
2023-09-12 14:14:08,68,70,8142,25130
2023-09-12 14:14:09,68,70,8142,25132
2023-09-12 14:14:11,68,70,8142,25134
2023-09-12 14:14:19,67,70,8142,25134
2023-09-12 14:14:36,68,70,8142,25134
2023-09-12 14:14:39,68,69,8142,25134
2023-09-12 14:14:42,68,70,8142,25134
2023-09-12 14:14:42,68,69,8142,25134
2023-09-12 14:14:44,68,70,8142,25134
2023-09-12 14:14:52,68,69,8142,25134
2023-09-12 14:14:55,67,69,8142,25134
2023-09-12 14:14:56,68,69,8142,25134
2023-09-12 14:15:00,67,69,8142,25134
2023-09-12 14:15:06,67,70,8142,25134
2023-09-12 14:15:09,68,70,8142,25134
2023-09-12 14:15:17,67,70,8142,25134
2023-09-12 14:15:23,68,70,8142,25134
2023-09-12 14:15:54,69,70,8142,25134
2023-09-12 14:15:57,68,70,8142,25134
2023-09-12 14:16:00,67,70,8142,25134
2023-09-12 14:16:04,68,70,8142,25134
2023-09-12 14:16:11,67,70,8142,25134
2023-09-12 14:16:12,68,70,8142,25134
2023-09-12 14:16:17,68,71,8142,25134
2023-09-12 14:16:24,69,71,8142,25134
2023-09-12 14:16:41,68,71,8142,25134
2023-09-12 14:16:47,69,71,8142,25134
2023-09-12 14:16:57,68,71,8142,25134
2023-09-12 14:16:57,69,71,8142,25134
2023-09-12 14:17:14,69,71,8142,25136
2023-09-12 14:17:29,70,71,8142,25136
2023-09-12 14:17:30,70,71,8142,25138
2023-09-12 14:18:57,70,71,8147,25143
2023-09-12 14:19:08,68,71,8147,25143
2023-09-12 14:19:09,68,70,8147,25143
2023-09-12 14:19:09,68,69,8147,25143
2023-09-12 14:19:09,67,69,8147,25143
2023-09-12 14:19:11,67,68,8147,25143
2023-09-12 14:19:11,66,68,8147,25143
2023-09-12 14:19:11,66,67,8147,25143
2023-09-12 14:19:12,65,67,8147,25143
2023-09-12 14:19:13,65,66,8147,25143
2023-09-12 14:19:15,65,68,8147,25143
2023-09-12 14:19:15,66,68,8147,25143
2023-09-12 14:19:15,66,67,8147,25143
2023-09-12 14:19:15,66,68,8147,25143
2023-09-12 14:19:16,65,68,8147,25143
2023-09-12 14:19:16,65,67,8147,25143
2023-09-12 14:19:20,63,67,8147,25143
2023-09-12 14:19:21,63,66,8147,25143
2023-09-12 14:19:21,63,65,8147,25143
2023-09-12 14:19:22,63,64,8147,25143
2023-09-12 14:19:23,63,65,8147,25143
2023-09-12 14:19:23,63,64,8147,25143
2023-09-12 14:19:25,63,66,8147,25143
2023-09-12 14:19:26,63,65,8147,25143
2023-09-12 14:19:27,62,65,8147,25143
2023-09-12 14:19:27,62,64,8147,25143
2023-09-12 14:19:27,61,64,8147,25143
2023-09-12 14:19:28,62,64,8147,25143
2023-09-12 14:19:29,62,65,8147,25143
2023-09-12 14:19:29,63,65,8147,25143
2023-09-12 14:19:31,63,64,8147,25143
2023-09-12 14:19:31,62,64,8147,25143
2023-09-12 14:19:32,63,64,8147,25143
2023-09-12 14:19:33,63,64,8147,25343
2023-09-12 14:19:33,63,65,8147,25343
2023-09-12 14:19:33,63,66,8147,25343
2023-09-12 14:19:33,63,67,8147,25343
2023-09-12 14:19:34,63,66,8147,25343
2023-09-12 14:19:37,63,65,8147,25343
2023-09-12 14:19:38,64,65,8147,25343
2023-09-12 14:19:38,64,66,8147,25343
2023-09-12 14:19:38,64,67,8147,25343
2023-09-12 14:19:39,65,67,8147,25343
2023-09-12 14:19:40,64,67,8147,25343
2023-09-12 14:19:41,65,67,8147,25343
2023-09-12 14:19:44,64,67,8147,25343
2023-09-12 14:19:45,64,66,8147,25343
2023-09-12 14:19:47,65,66,8147,25343
2023-09-12 14:19:47,65,67,8147,25343
2023-09-12 14:19:48,64,67,8147,25343
2023-09-12 14:19:49,64,66,8147,25343
2023-09-12 14:19:50,63,66,8147,25343
2023-09-12 14:19:52,64,66,8147,25343
2023-09-12 14:19:54,63,66,8147,25343
2023-09-12 14:19:57,64,66,8147,25343
2023-09-12 14:19:57,64,67,8147,25343
2023-09-12 14:20:00,65,67,8147,25343
2023-09-12 14:20:03,64,67,8147,25343
2023-09-12 14:20:05,64,66,8147,25343
2023-09-12 14:20:08,64,66,8147,25345
2023-09-12 14:20:10,64,67,8147,25345
2023-09-12 14:20:14,64,66,8147,25345
2023-09-12 14:20:18,63,66,8147,25345
2023-09-12 14:20:25,64,66,8147,25345
2023-09-12 14:20:26,63,66,8147,25345
2023-09-12 14:20:31,64,66,8147,25345
2023-09-12 14:20:33,64,67,8147,25345
2023-09-12 14:20:34,64,66,8147,25345
2023-09-12 14:20:35,63,66,8147,25345
2023-09-12 14:20:40,63,65,8147,25345
2023-09-12 14:20:41,63,64,8147,25345
2023-09-12 14:20:43,63,66,8147,25345
2023-09-12 14:20:44,63,65,8147,25345
2023-09-12 14:20:45,63,64,8147,25345
2023-09-12 14:20:49,63,64,8131,25361
2023-09-12 14:20:50,63,64,8115,25377
2023-09-12 14:20:50,61,64,8047,25445
2023-09-12 14:20:51,61,63,8047,25445
2023-09-12 14:20:51,61,62,8047,25445
2023-09-12 14:20:54,62,63,8047,25630
2023-09-12 14:20:55,61,63,8047,25630
2023-09-12 14:21:01,62,63,8047,25630
2023-09-12 14:21:05,61,63,8047,25630
2023-09-12 14:21:14,60,63,8047,25630
2023-09-12 14:21:14,60,62,8047,25630
2023-09-12 14:21:15,60,61,8047,25630
2023-09-12 14:21:19,59,61,8047,25630
2023-09-12 14:21:20,59,60,8047,25630
2023-09-12 14:21:22,59,61,8047,25630
2023-09-12 14:21:24,59,62,8047,25630
2023-09-12 14:21:25,59,61,8047,25630
2023-09-12 14:21:27,59,62,8047,25630
2023-09-12 14:21:31,59,61,8047,25630
2023-09-12 14:21:32,59,62,8047,25630
2023-09-12 14:21:33,60,62,8047,25630
2023-09-12 14:21:34,59,62,8047,25630
2023-09-12 14:21:39,59,61,8047,25630
2023-09-12 14:21:41,59,62,8047,25630
2023-09-12 14:21:47,59,61,8047,25630
2023-09-12 14:21:48,59,62,8047,25630
2023-09-12 14:21:49,60,62,8047,25630
2023-09-12 14:22:17,59,62,8047,25630
2023-09-12 14:22:22,59,61,8047,25630
2023-09-12 14:22:24,58,61,8047,25630
2023-09-12 14:22:24,58,60,8047,25630
2023-09-12 14:22:26,58,61,8047,25630
2023-09-12 14:22:29,60,61,8047,25630
2023-09-12 14:22:30,60,62,8047,25630
2023-09-12 14:22:30,60,63,8047,25630
2023-09-12 14:22:30,61,63,8047,25630
2023-09-12 14:22:33,62,63,8047,25630
2023-09-12 14:22:33,63,65,8107,25690
2023-09-12 14:22:33,63,66,8107,25690
2023-09-12 14:22:34,63,65,8107,25690
2023-09-12 14:22:35,64,65,8107,25690
2023-09-12 14:22:36,63,65,8107,25690
2023-09-12 14:22:36,62,65,8107,25690
2023-09-12 14:22:37,63,65,8107,25690
2023-09-12 14:22:39,64,65,8107,25690
2023-09-12 14:22:40,63,65,8107,25690
2023-09-12 14:22:43,63,66,8107,25690
2023-09-12 14:22:43,64,66,8107,25690
2023-09-12 14:22:47,64,67,8107,25690
2023-09-12 14:22:49,64,66,8107,25690
2023-09-12 14:22:56,64,65,8107,25690
2023-09-12 14:22:56,63,65,8107,25690
2023-09-12 14:22:57,63,65,8107,25692
2023-09-12 14:22:59,63,66,8107,25692
2023-09-12 14:22:59,64,66,8107,25692
2023-09-12 14:23:02,64,65,8107,25692
2023-09-12 14:23:02,63,65,8107,25692
2023-09-12 14:23:10,63,66,8107,25692
2023-09-12 14:23:10,64,66,8107,25692
2023-09-12 14:23:12,63,66,8107,25692
2023-09-12 14:23:14,63,65,8107,25692
2023-09-12 14:23:17,63,66,8107,25692
2023-09-12 14:23:17,64,66,8107,25692
2023-09-12 14:23:31,65,66,8107,25692
2023-09-12 14:23:40,65,67,8107,25692
2023-09-12 14:23:45,65,66,8107,25692
2023-09-12 14:23:49,65,66,8107,25694
2023-09-12 14:23:50,65,66,8107,25894
2023-09-12 14:23:50,64,66,8107,25894
2023-09-12 14:23:51,65,66,8107,25894
2023-09-12 14:23:53,65,67,8107,25894
2023-09-12 14:24:38,65,68,8107,25894
2023-09-12 14:24:39,66,68,8107,25894
2023-09-12 14:24:41,65,68,8107,25894
2023-09-12 14:24:42,66,68,8107,25894
2023-09-12 14:24:53,65,68,8107,25894
2023-09-12 14:24:54,66,68,8107,25894
2023-09-12 14:24:56,65,68,8107,25894
2023-09-12 14:25:01,65,67,8107,25894
2023-09-12 14:25:07,65,68,8107,25894
2023-09-12 14:25:13,66,68,8107,25894
2023-09-12 14:25:18,65,68,8107,25894
2023-09-12 14:25:21,66,68,8107,25894
2023-09-12 14:25:33,67,68,8107,25894
2023-09-12 14:25:36,66,68,8107,25894
2023-09-12 14:25:39,66,69,8107,25894
2023-09-12 14:25:39,67,69,8107,25894
2023-09-12 14:25:40,67,70,8107,25894
2023-09-12 14:25:40,68,70,8107,25894
2023-09-12 14:25:41,69,70,8107,25894
2023-09-12 14:25:42,69,71,8107,25894
2023-09-12 14:25:42,70,71,8107,25894
2023-09-12 14:25:47,70,71,8109,25896
2023-09-12 14:26:20,70,71,8309,26096
2023-09-12 14:26:21,70,71,8509,26296
2023-09-12 14:26:27,70,72,8509,26296
2023-09-12 14:26:27,71,72,8509,26296
2023-09-12 14:26:28,71,72,8509,26298
2023-09-12 14:26:37,71,73,8509,26496
2023-09-12 14:26:38,72,73,8509,26496
2023-09-12 14:26:38,72,73,8509,26498
2023-09-12 14:26:39,71,72,8698,26687
2023-09-12 14:26:39,71,72,8698,26747
2023-09-12 14:26:41,71,72,8700,26749
2023-09-12 14:26:43,71,72,8702,26751
2023-09-12 14:26:57,71,72,8704,26753
2023-09-12 14:27:07,71,72,8706,26755
2023-09-12 14:27:26,71,72,8708,26757
2023-09-12 14:27:30,70,72,8708,26757
2023-09-12 14:27:32,70,71,8708,26757
2023-09-12 14:27:36,70,71,8708,26759
2023-09-12 14:27:45,70,71,8708,26761
2023-09-12 14:27:51,70,72,8708,26761
2023-09-12 14:28:34,71,72,8708,26761
2023-09-12 14:28:36,71,72,9108,27161
2023-09-12 14:28:39,71,72,9108,27221
2023-09-12 14:28:45,71,72,9508,27621
2023-09-12 14:28:57,71,74,9508,27621
2023-09-12 14:28:58,72,74,9508,27621
2023-09-12 14:29:03,71,74,9508,27621
2023-09-12 14:29:03,72,74,9508,27621
2023-09-12 14:29:59,72,73,9508,27621
2023-09-12 14:30:01,71,72,9508,27808
2023-09-12 14:30:01,70,72,9508,27808
2023-09-12 14:30:02,70,73,9508,27808
2023-09-12 14:30:03,70,72,9508,27808
2023-09-12 14:30:09,70,71,9508,27808
2023-09-12 14:30:09,70,71,9508,27810
2023-09-12 14:30:09,70,72,9508,28285
2023-09-12 14:30:09,70,71,9508,28285
2023-09-12 14:30:17,68,70,9508,28287
2023-09-12 14:30:18,68,71,9508,28287
2023-09-12 14:30:19,68,70,9508,28287
2023-09-12 14:30:22,67,70,9508,28287
2023-09-12 14:30:22,67,69,9508,28287
2023-09-12 14:30:22,66,69,9508,28287
2023-09-12 14:30:22,66,68,9508,28287
2023-09-12 14:30:23,64,68,9508,28287
2023-09-12 14:30:23,64,67,9508,28287
2023-09-12 14:30:24,65,67,9508,28287
2023-09-12 14:30:24,65,68,9508,28287
2023-09-12 14:30:24,65,66,9508,28287
2023-09-12 14:30:27,65,68,9508,28287
2023-09-12 14:30:27,65,67,9508,28287
2023-09-12 14:30:27,65,68,9508,28287
2023-09-12 14:30:28,65,69,9508,28287
2023-09-12 14:30:28,65,67,9508,28287
2023-09-12 14:30:37,66,67,9508,28287
2023-09-12 14:30:37,66,69,9508,28287
2023-09-12 14:30:37,66,68,9508,28287
2023-09-12 14:30:37,66,69,9508,28287
2023-09-12 14:30:38,66,68,9508,28287
2023-09-12 14:30:39,66,67,9508,28287
2023-09-12 14:30:40,66,68,9508,28287
2023-09-12 14:30:41,66,67,9508,28287
2023-09-12 14:30:43,66,68,9508,28287
2023-09-12 14:30:45,66,69,9508,28287
2023-09-12 14:30:46,67,69,9508,28287
2023-09-12 14:30:48,67,69,9508,28289
2023-09-12 14:30:50,67,70,9508,28289
2023-09-12 14:30:53,68,70,9508,28289
2023-09-12 14:30:54,69,70,9508,28289
2023-09-12 14:30:56,69,71,9508,28289
2023-09-12 14:31:01,70,71,9508,28289
2023-09-12 14:31:01,70,72,9508,28289
2023-09-12 14:31:02,71,72,9508,28289
2023-09-12 14:31:02,71,73,9508,28289
2023-09-12 14:31:04,71,74,9508,28289
2023-09-12 14:31:06,72,74,9508,28289
2023-09-12 14:31:09,73,74,9508,28289
2023-09-12 14:31:12,73,74,9708,28489
2023-09-12 14:31:14,73,74,9710,28491
2023-09-12 14:31:18,73,74,9710,28551
2023-09-12 14:31:29,71,74,9710,28551
2023-09-12 14:31:30,72,74,9710,28551
2023-09-12 14:31:31,72,73,9710,28551
2023-09-12 14:31:31,72,73,9710,28553
2023-09-12 14:31:33,72,73,9710,28555
2023-09-12 14:31:35,72,73,9710,28557
2023-09-12 14:31:36,72,74,9710,28557
2023-09-12 14:31:39,72,74,9712,28559
2023-09-12 14:31:56,73,74,9712,28559
2023-09-12 14:31:58,73,74,9912,28759
2023-09-12 14:31:58,73,75,10122,28969
2023-09-12 14:32:06,73,76,10122,28969
2023-09-12 14:32:06,74,76,10122,28969
2023-09-12 14:32:35,74,76,10122,28971
2023-09-12 14:32:37,73,76,10122,28971
2023-09-12 14:32:38,73,75,10122,28971
2023-09-12 14:32:39,72,75,10122,28971
2023-09-12 14:32:39,72,75,10122,28973
2023-09-12 14:32:56,72,75,10122,28975
2023-09-12 14:32:59,73,75,10122,28975
2023-09-12 14:33:00,73,76,10122,28975
2023-09-12 14:33:15,74,76,10122,28975
2023-09-12 14:33:17,74,76,10122,28977
2023-09-12 14:33:26,74,76,10122,29077
2023-09-12 14:33:27,75,76,10122,29077
2023-09-12 14:33:52,75,77,10122,29077
2023-09-12 14:34:33,74,77,10122,29077
2023-09-12 14:34:39,74,76,10122,29077
2023-09-12 14:34:42,74,76,10124,29079
2023-09-12 14:34:43,75,76,10124,29079
2023-09-12 14:34:43,75,77,10124,29079
2023-09-12 14:34:45,75,77,10124,29081
2023-09-12 14:34:55,75,76,10124,29081
2023-09-12 14:34:58,74,76,10124,29081
2023-09-12 14:34:59,74,76,10124,29083
2023-09-12 14:35:05,75,76,10124,29083
2023-09-12 14:35:06,75,76,10124,29085
2023-09-12 14:35:10,75,76,10124,29087
2023-09-12 14:35:11,75,77,10124,29087
2023-09-12 14:35:14,75,76,10124,29087
2023-09-12 14:35:16,73,75,10122,29089
2023-09-12 14:35:25,73,76,10122,29089
2023-09-12 14:35:28,73,76,10122,29091
2023-09-12 14:35:37,74,76,10122,29091
2023-09-12 14:35:38,73,76,10122,29091
2023-09-12 14:35:43,73,76,10122,29093
2023-09-12 14:35:44,73,75,10122,29093
2023-09-12 14:35:52,72,75,10122,29093
2023-09-12 14:35:52,72,74,10122,29093
2023-09-12 14:36:10,72,75,10122,29093
2023-09-12 14:36:10,72,74,10122,29093
2023-09-12 14:36:21,72,75,10122,29093
2023-09-12 14:36:31,73,75,10122,29093
2023-09-12 14:36:35,72,75,10122,29093
2023-09-12 14:36:45,72,74,10122,29093
2023-09-12 14:36:46,72,75,10122,29093
2023-09-12 14:37:16,72,74,10122,29093
2023-09-12 14:37:24,72,75,10122,29093
2023-09-12 14:37:33,72,74,10122,29093
2023-09-12 14:37:39,72,75,10122,29093
2023-09-12 14:37:45,72,74,10122,29093
2023-09-12 14:37:50,72,75,10122,29093
2023-09-12 14:38:17,72,74,10122,29093
2023-09-12 14:38:25,72,75,10122,29093
2023-09-12 14:38:26,72,74,10122,29093
2023-09-12 14:38:30,71,74,10122,29093
2023-09-12 14:38:52,71,73,10122,29093
2023-09-12 14:38:55,70,73,10122,29093
2023-09-12 14:38:55,70,72,10122,29093
2023-09-12 14:38:56,70,73,10122,29093
2023-09-12 14:38:57,70,74,10122,29093
2023-09-12 14:38:58,71,74,10122,29093
2023-09-12 14:39:00,72,74,10122,29093
2023-09-12 14:39:00,72,75,10122,29093
2023-09-12 14:39:18,71,75,10122,29093
2023-09-12 14:39:18,71,74,10122,29093
2023-09-12 14:39:33,71,75,10122,29093
2023-09-12 14:39:33,72,75,10122,29093
2023-09-12 14:39:36,73,75,10122,29093
2023-09-12 14:40:18,72,75,10122,29093
2023-09-12 14:40:18,71,75,10122,29093
2023-09-12 14:40:21,71,74,10122,29093
2023-09-12 14:40:25,71,75,10122,29093
2023-09-12 14:40:26,72,75,10122,29093
2023-09-12 14:40:30,71,75,10122,29093
2023-09-12 14:40:33,71,73,10122,29093
2023-09-12 14:40:40,70,73,10122,29093
2023-09-12 14:40:41,70,72,10122,29093
2023-09-12 14:40:48,70,71,10122,29093
2023-09-12 14:40:49,70,72,10122,29093
2023-09-12 14:40:50,70,71,10122,29093
2023-09-12 14:40:51,70,72,10122,29093
2023-09-12 14:40:52,70,71,10122,29093
2023-09-12 14:40:55,70,72,10122,29093
2023-09-12 14:40:58,70,72,10122,29095
2023-09-12 14:41:02,70,73,10122,29095
2023-09-12 14:41:05,71,73,10122,29095
2023-09-12 14:41:11,70,73,10122,29095
2023-09-12 14:41:12,70,72,10122,29095
2023-09-12 14:41:31,70,73,10122,29095
2023-09-12 14:41:33,70,72,10122,29095
2023-09-12 14:41:40,70,71,10122,29095
2023-09-12 14:41:41,70,72,10122,29095
2023-09-12 14:41:42,70,71,10122,29095
2023-09-12 14:41:43,70,72,10122,29095
2023-09-12 14:41:44,70,71,10122,29095
2023-09-12 14:42:18,70,71,9922,29295
2023-09-12 14:42:20,70,72,9922,29295
2023-09-12 14:42:29,70,73,9922,29295
2023-09-12 14:42:30,70,72,9922,29295
2023-09-12 14:42:31,70,73,9922,29295
2023-09-12 14:42:32,70,72,9922,29295
2023-09-12 14:42:33,70,71,9922,29295
2023-09-12 14:42:34,70,72,9922,29295
2023-09-12 14:42:35,70,71,9922,29295
2023-09-12 14:42:36,70,72,9922,29295
2023-09-12 14:42:37,70,71,9922,29295
2023-09-12 14:42:37,70,71,9922,29297
2023-09-12 14:42:38,70,72,9922,29297
2023-09-12 14:42:40,70,73,9922,29297
2023-09-12 14:42:41,70,72,9922,29297
2023-09-12 14:42:42,70,73,9922,29297
2023-09-12 14:42:43,70,72,9922,29297
2023-09-12 14:42:43,70,71,9922,29297
2023-09-12 14:42:52,70,73,9922,29297
2023-09-12 14:42:56,70,72,9922,29297
2023-09-12 14:42:57,70,73,9922,29297
2023-09-12 14:43:06,70,72,9922,29297
2023-09-12 14:43:07,70,73,9922,29297
2023-09-12 14:43:08,70,72,9922,29297
2023-09-12 14:43:09,70,73,9922,29297
2023-09-12 14:43:10,70,72,9922,29297
2023-09-12 14:43:11,70,73,9922,29297
2023-09-12 14:43:12,70,72,9922,29297
2023-09-12 14:43:13,70,72,9922,29299
2023-09-12 14:43:13,70,73,9922,29299
2023-09-12 14:43:28,70,73,9922,29301
2023-09-12 14:43:30,70,72,9922,29301
2023-09-12 14:43:30,70,73,9922,29301
2023-09-12 14:43:31,70,72,9922,29301
2023-09-12 14:43:32,70,73,9922,29301
2023-09-12 14:43:34,70,72,9922,29301
2023-09-12 14:43:34,70,73,9922,29301
2023-09-12 14:43:36,70,72,9922,29301
2023-09-12 14:43:36,70,72,9922,29303
2023-09-12 14:43:36,70,73,9922,29303
2023-09-12 14:43:37,70,72,9922,29303
2023-09-12 14:43:38,70,73,9922,29303
2023-09-12 14:43:40,70,72,9922,29303
2023-09-12 14:43:41,70,73,9922,29303
2023-09-12 14:43:41,70,73,9922,29305
2023-09-12 14:43:50,70,72,9922,29305
2023-09-12 14:43:52,70,71,9922,29305
2023-09-12 14:43:53,70,72,9922,29305
2023-09-12 14:43:54,70,71,9922,29305
2023-09-12 14:43:55,70,72,9922,29305
2023-09-12 14:43:56,70,71,9922,29305
2023-09-12 14:43:57,70,72,9922,29305
2023-09-12 14:44:08,70,71,9922,29305
2023-09-12 14:44:09,70,72,9922,29305
2023-09-12 14:44:10,70,71,9922,29305
2023-09-12 14:44:11,70,72,9922,29305
2023-09-12 14:44:12,70,71,9922,29305
2023-09-12 14:44:13,70,72,9922,29305
2023-09-12 14:44:14,70,71,9922,29305
2023-09-12 14:44:15,70,72,9922,29305
2023-09-12 14:44:17,70,73,9922,29305
2023-09-12 14:44:24,70,72,9922,29305
2023-09-12 14:44:25,70,73,9922,29305
2023-09-12 14:44:26,70,72,9922,29305
2023-09-12 14:44:27,70,73,9922,29305
2023-09-12 14:44:28,70,72,9922,29305
2023-09-12 14:44:29,70,73,9922,29305
2023-09-12 14:44:30,70,72,9922,29305
2023-09-12 14:44:31,70,73,9922,29305
2023-09-12 14:44:31,70,71,9922,29305
2023-09-12 14:44:32,70,73,9922,29305
2023-09-12 14:44:33,70,72,9922,29305
2023-09-12 14:44:34,70,73,9922,29305
2023-09-12 14:44:35,70,72,9922,29305
2023-09-12 14:44:36,70,73,9922,29305
2023-09-12 14:44:37,70,72,9922,29305
2023-09-12 14:44:38,70,73,9922,29305
2023-09-12 14:44:39,70,72,9922,29305
2023-09-12 14:44:40,70,73,9922,29305
2023-09-12 14:44:41,70,72,9922,29305
2023-09-12 14:44:42,70,73,9922,29305
2023-09-12 14:44:43,70,72,9922,29305
2023-09-12 14:44:44,70,73,9922,29305
2023-09-12 14:44:45,70,72,9922,29305
2023-09-12 14:44:46,70,73,9922,29305
2023-09-12 14:44:47,70,72,9922,29305
2023-09-12 14:44:48,70,73,9922,29305
2023-09-12 14:44:53,70,73,9922,29307
2023-09-12 14:44:56,70,72,9922,29307
2023-09-12 14:44:57,70,73,9922,29307
2023-09-12 14:44:58,70,72,9922,29307
2023-09-12 14:44:59,70,73,9922,29307
2023-09-12 14:45:07,70,72,9922,29307
2023-09-12 14:45:08,70,73,9922,29307
2023-09-12 14:45:09,70,72,9922,29307
2023-09-12 14:45:10,70,71,9922,29307
2023-09-12 14:45:11,70,72,9922,29307
2023-09-12 14:45:12,70,71,9922,29307
2023-09-12 14:45:13,70,72,9922,29307
2023-09-12 14:45:15,70,71,9922,29307
2023-09-12 14:45:16,70,72,9922,29307
2023-09-12 14:45:17,70,71,9922,29307
2023-09-12 14:45:18,70,72,9922,29307
2023-09-12 14:45:19,70,71,9922,29307
2023-09-12 14:45:20,70,72,9922,29307
2023-09-12 14:45:22,70,73,9922,29307
2023-09-12 14:45:24,70,73,9922,29309
2023-09-12 14:45:26,70,72,9922,29309
2023-09-12 14:45:27,70,73,9922,29309
2023-09-12 14:45:28,70,72,9922,29309
2023-09-12 14:45:29,70,73,9922,29309
2023-09-12 14:45:30,70,72,9922,29309
2023-09-12 14:45:31,70,73,9922,29309
2023-09-12 14:45:32,70,72,9922,29309
2023-09-12 14:45:33,70,73,9922,29309
2023-09-12 14:45:33,70,71,9922,29309
2023-09-12 14:45:34,70,72,9922,29309
2023-09-12 14:45:37,70,73,9922,29309
2023-09-12 14:45:52,71,73,9922,29309
2023-09-12 14:45:56,71,74,9922,29309
2023-09-12 14:46:01,71,75,9922,29309
2023-09-12 14:46:03,72,75,9922,29309
2023-09-12 14:46:07,71,75,9922,29309
2023-09-12 14:46:11,71,74,9922,29309
2023-09-12 14:46:18,71,75,9922,29309
2023-09-12 14:46:19,71,74,9922,29309
2023-09-12 14:46:21,71,73,9922,29309
2023-09-12 14:46:22,70,73,9922,29309
2023-09-12 14:46:22,70,74,9922,29309
2023-09-12 14:46:23,70,73,9922,29309
2023-09-12 14:46:24,70,74,9922,29309
2023-09-12 14:46:24,70,72,9922,29309
2023-09-12 14:46:25,70,73,9922,29309
2023-09-12 14:46:27,70,72,9922,29309
2023-09-12 14:46:28,70,72,9922,29311
2023-09-12 14:46:28,70,73,9922,29311
2023-09-12 14:46:29,70,72,9922,29311
2023-09-12 14:46:30,70,71,9922,29311
2023-09-12 14:46:31,70,72,9922,29311
2023-09-12 14:46:32,70,71,9922,29311
2023-09-12 14:46:33,70,72,9922,29311
2023-09-12 14:46:34,70,72,9922,29313
2023-09-12 14:46:35,70,71,9922,29313
2023-09-12 14:46:36,70,72,9922,29313
2023-09-12 14:46:37,70,71,9922,29313
2023-09-12 14:46:38,70,71,9722,29513
2023-09-12 14:46:38,70,71,9322,29913
2023-09-12 14:46:39,70,71,9324,29915
2023-09-12 14:46:39,68,71,9124,30115
2023-09-12 14:46:40,68,70,9124,30115
2023-09-12 14:46:40,67,69,9124,30115
2023-09-12 14:46:41,67,68,9124,30115
2023-09-12 14:46:43,67,68,9124,30117
2023-09-12 14:46:46,67,68,9122,30119
2023-09-12 14:46:46,67,69,9122,30119
2023-09-12 14:46:47,68,69,9122,30119
2023-09-12 14:46:47,68,72,9122,30119
2023-09-12 14:46:47,68,71,9122,30119
2023-09-12 14:46:48,68,72,9122,30119
2023-09-12 14:46:48,68,71,9122,30119
2023-09-12 14:46:49,69,71,9122,30119
2023-09-12 14:46:49,69,73,9122,30119
2023-09-12 14:46:49,70,73,9122,30119
2023-09-12 14:46:56,71,73,9122,30119
2023-09-12 14:47:02,71,74,9122,30119
2023-09-12 14:47:03,72,74,9122,30119
2023-09-12 14:47:16,72,75,9122,30119
2023-09-12 14:47:17,73,75,9122,30119
2023-09-12 14:47:21,72,75,9122,30119
2023-09-12 14:47:21,73,75,9122,30119
2023-09-12 14:47:21,73,76,9122,30119
2023-09-12 14:47:21,73,77,9122,30119
2023-09-12 14:47:22,74,77,9122,30119
2023-09-12 14:47:22,74,78,9122,30119
2023-09-12 14:47:22,75,78,9122,30119
2023-09-12 14:47:22,76,78,9122,30119
2023-09-12 14:47:22,76,79,9122,30119
2023-09-12 14:47:23,77,79,9122,30119
2023-09-12 14:47:24,78,79,9122,30119
2023-09-12 14:47:27,78,79,9122,30121
2023-09-12 14:47:36,76,79,9122,30121
2023-09-12 14:47:36,76,78,9122,30121
2023-09-12 14:47:36,75,78,9122,30121
2023-09-12 14:47:37,76,78,9122,30121
2023-09-12 14:47:38,75,78,9122,30121
2023-09-12 14:47:39,75,78,9122,30123
2023-09-12 14:47:40,75,77,9122,30123
2023-09-12 14:47:41,74,77,9122,30123
2023-09-12 14:47:48,74,76,9122,30123
2023-09-12 14:47:52,74,77,9122,30123
2023-09-12 14:47:54,75,77,9122,30123
2023-09-12 14:47:55,74,77,9122,30123
2023-09-12 14:47:56,75,77,9122,30123
2023-09-12 14:48:00,74,77,9122,30123
2023-09-12 14:48:01,74,76,9122,30123
2023-09-12 14:48:02,74,77,9122,30123
2023-09-12 14:48:04,75,77,9122,30123
2023-09-12 14:48:06,74,77,9122,30123
2023-09-12 14:48:08,74,76,9122,30123
2023-09-12 14:48:11,73,76,9122,30123
2023-09-12 14:48:12,73,75,9122,30123
2023-09-12 14:48:13,72,75,9122,30123
2023-09-12 14:48:14,72,74,9122,30123
2023-09-12 14:48:15,72,73,9122,30123
2023-09-12 14:48:15,72,73,9122,30189
2023-09-12 14:48:16,71,73,9122,30189
2023-09-12 14:48:17,70,73,9122,30189
2023-09-12 14:48:18,69,73,9122,30189
2023-09-12 14:48:18,69,72,9122,30189
2023-09-12 14:48:19,69,71,9122,30189
2023-09-12 14:48:20,69,70,9122,30189
2023-09-12 14:48:31,69,70,9122,30191
2023-09-12 14:48:41,67,70,9122,30191
2023-09-12 14:48:45,67,70,9122,30219
2023-09-12 14:48:47,68,70,9122,30219
2023-09-12 14:48:52,67,70,9122,30219
2023-09-12 14:48:53,67,69,9122,30219
2023-09-12 14:49:09,67,70,9122,30219
2023-09-12 14:50:02,67,69,9122,30219
2023-09-12 14:50:03,66,69,9122,30219
2023-09-12 14:50:04,66,68,9122,30219
2023-09-12 14:50:11,66,69,9122,30219
2023-09-12 14:50:12,66,68,9122,30219
2023-09-12 14:50:17,65,68,9122,30219
2023-09-12 14:50:17,64,68,9122,30219
2023-09-12 14:50:18,64,67,9122,30219
2023-09-12 14:50:20,64,66,9122,30219
2023-09-12 14:50:24,65,66,9122,30219
2023-09-12 14:50:32,65,67,9122,30219
2023-09-12 14:50:32,63,67,9122,30239
2023-09-12 14:50:33,62,67,9122,30239
2023-09-12 14:50:33,62,65,9122,30239
2023-09-12 14:50:33,62,64,9122,30239
2023-09-12 14:50:34,62,63,9122,30239
2023-09-12 14:50:35,60,63,9122,30239
2023-09-12 14:50:36,60,62,9122,30239
2023-09-12 14:50:40,59,62,9122,30239
2023-09-12 14:50:42,59,61,9122,30239
2023-09-12 14:50:45,58,61,9122,30239
2023-09-12 14:50:47,58,60,9122,30239
2023-09-12 14:50:48,56,60,9122,30239
2023-09-12 14:50:49,56,58,9122,30239
2023-09-12 14:50:49,54,58,9122,30239
2023-09-12 14:50:50,53,58,9122,30239
2023-09-12 14:50:50,53,57,9122,30239
2023-09-12 14:50:51,53,56,9122,30239
2023-09-12 14:50:51,52,56,9122,30239
2023-09-12 14:50:51,51,56,9122,30239
2023-09-12 14:50:52,51,55,9122,30239
2023-09-12 14:50:52,51,54,9122,30239
2023-09-12 14:50:52,50,54,9122,30239
2023-09-12 14:50:54,50,53,9122,30239
2023-09-12 14:50:57,48,53,9122,30239
2023-09-12 14:50:58,48,51,9122,30239
2023-09-12 14:51:00,48,50,9122,30239
2023-09-12 14:51:01,46,50,9122,30239
2023-09-12 14:51:02,47,50,9122,30239
2023-09-12 14:51:02,47,49,9122,30239
2023-09-12 14:51:02,47,50,9122,30239
2023-09-12 14:51:03,46,50,9122,30239
2023-09-12 14:51:05,47,50,9122,30239
2023-09-12 14:51:06,46,50,9122,30239
2023-09-12 14:51:07,47,50,9122,30239
2023-09-12 14:51:07,48,50,9122,30239
2023-09-12 14:51:08,48,51,9122,30239
2023-09-12 14:51:08,48,53,9122,30239
2023-09-12 14:51:09,49,53,9122,30239
2023-09-12 14:51:09,49,52,9122,30239
2023-09-12 14:51:10,49,54,9122,30239
2023-09-12 14:51:10,49,53,9122,30239
2023-09-12 14:51:11,49,52,9122,30239
2023-09-12 14:51:12,49,54,9122,30239
2023-09-12 14:51:12,50,54,9122,30239
2023-09-12 14:51:13,50,53,9122,30239
2023-09-12 14:51:16,50,53,9124,30241
2023-09-12 14:51:19,50,56,9124,30241
2023-09-12 14:51:19,50,55,9124,30241
2023-09-12 14:51:20,50,54,9124,30241
2023-09-12 14:51:20,51,54,9124,30241
2023-09-12 14:51:21,51,56,9124,30241
2023-09-12 14:51:22,52,56,9124,30241
2023-09-12 14:51:22,52,55,9124,30241
2023-09-12 14:51:24,52,57,9124,30241
2023-09-12 14:51:25,52,56,9124,30241
2023-09-12 14:51:25,53,56,9124,30241
2023-09-12 14:51:26,52,56,9124,30241
2023-09-12 14:51:26,52,55,9124,30241
2023-09-12 14:51:30,50,55,9124,30241
2023-09-12 14:51:31,51,55,9124,30241
2023-09-12 14:51:40,51,54,9124,30241
2023-09-12 14:51:41,49,54,9124,30241
2023-09-12 14:51:42,49,53,9124,30241
2023-09-12 14:51:43,50,54,9124,30241
2023-09-12 14:51:43,51,54,9124,30241
2023-09-12 14:51:45,50,54,9124,30241
2023-09-12 14:51:45,50,53,9124,30241
2023-09-12 14:51:47,50,54,9124,30241
2023-09-12 14:51:47,51,54,9124,30241
2023-09-12 14:51:50,50,54,9124,30241
2023-09-12 14:51:53,50,53,9124,30241
2023-09-12 14:51:53,49,53,9124,30241
2023-09-12 14:51:53,48,53,9124,30241
2023-09-12 14:51:54,48,52,9124,30241
2023-09-12 14:51:54,49,52,9124,30241
2023-09-12 14:51:55,49,53,9124,30241
2023-09-12 14:51:55,50,53,9124,30241
2023-09-12 14:51:59,50,54,9124,30241
2023-09-12 14:52:00,50,54,9124,30243
2023-09-12 14:52:02,52,54,9124,30243
2023-09-12 14:52:02,52,55,9124,30243
2023-09-12 14:52:02,52,56,9124,30243
2023-09-12 14:52:03,52,55,9124,30243
2023-09-12 14:52:07,50,55,9124,30243
2023-09-12 14:52:07,50,54,9124,30243
2023-09-12 14:52:08,50,55,9124,30243
2023-09-12 14:52:08,51,55,9124,30243
2023-09-12 14:52:09,51,55,9124,30245
2023-09-12 14:52:09,52,55,9124,30245
2023-09-12 14:52:10,51,55,9124,30245
2023-09-12 14:52:10,51,54,9124,30245
2023-09-12 14:52:12,51,53,9124,30245
2023-09-12 14:52:12,50,53,9124,30245
2023-09-12 14:52:12,48,53,9124,30245
2023-09-12 14:52:13,49,53,9124,30245
2023-09-12 14:52:13,49,52,9124,30245
2023-09-12 14:52:16,48,52,9124,30245
2023-09-12 14:52:17,49,52,9124,30245
2023-09-12 14:52:17,49,52,9124,30247
2023-09-12 14:52:19,48,52,9124,30247
2023-09-12 14:52:19,48,51,9124,30247
2023-09-12 14:52:20,48,52,9124,30247
2023-09-12 14:52:20,49,52,9124,30247
2023-09-12 14:52:21,48,52,9124,30247
2023-09-12 14:52:21,48,51,9124,30247
2023-09-12 14:52:28,48,52,9124,30247
2023-09-12 14:52:28,49,52,9124,30247
2023-09-12 14:52:30,48,52,9124,30247
2023-09-12 14:52:30,48,51,9124,30247
2023-09-12 14:52:32,48,52,9124,30247
2023-09-12 14:52:32,49,52,9124,30247
2023-09-12 14:52:34,48,52,9124,30247
2023-09-12 14:52:34,48,51,9124,30247
2023-09-12 14:52:36,48,51,9124,30249
2023-09-12 14:52:40,48,51,9124,30251
2023-09-12 14:52:42,48,50,9124,30251
2023-09-12 14:52:43,48,51,9124,30251
2023-09-12 14:52:44,48,52,9124,30251
2023-09-12 14:52:44,49,52,9124,30251
2023-09-12 14:52:51,49,52,9124,30253
2023-09-12 14:52:54,48,52,9124,30253
2023-09-12 14:52:54,48,51,9124,30253
2023-09-12 14:53:07,48,52,9124,30253
2023-09-12 14:53:07,49,52,9124,30253
2023-09-12 14:53:09,48,52,9124,30253
2023-09-12 14:53:09,48,51,9124,30253
2023-09-12 14:53:14,48,51,9124,30255
2023-09-12 14:53:14,46,51,9124,30255
2023-09-12 14:53:15,47,51,9124,30255
2023-09-12 14:53:17,48,51,9124,30255
2023-09-12 14:53:20,48,52,9124,30255
2023-09-12 14:53:23,49,52,9124,30255
2023-09-12 14:53:23,49,53,9124,30255
2023-09-12 14:53:24,50,53,9124,30255
2023-09-12 14:53:26,50,55,9124,30255
2023-09-12 14:53:26,51,55,9124,30255
2023-09-12 14:53:26,51,54,9124,30255
2023-09-12 14:53:29,51,56,9124,30255
2023-09-12 14:53:29,51,55,9124,30255
2023-09-12 14:53:33,51,54,9124,30255
2023-09-12 14:53:34,50,54,9124,30255
2023-09-12 14:53:45,50,53,9124,30255
2023-09-12 14:53:45,48,53,9124,30255
2023-09-12 14:53:46,48,52,9124,30255
2023-09-12 14:53:46,49,52,9124,30255
2023-09-12 14:54:02,49,53,9124,30255
2023-09-12 14:54:02,50,53,9124,30255
2023-09-12 14:54:03,49,53,9124,30255
2023-09-12 14:54:03,49,52,9124,30255
2023-09-12 14:54:07,50,52,9124,30255
2023-09-12 14:54:07,50,53,9124,30255
2023-09-12 14:54:12,49,53,9124,30255
2023-09-12 14:54:14,49,52,9124,30255
2023-09-12 14:54:16,49,53,9126,30257
2023-09-12 14:54:17,49,52,9126,30257
2023-09-12 14:54:17,47,52,9126,30257
2023-09-12 14:54:18,47,52,9126,30259
2023-09-12 14:54:18,47,51,9126,30259
2023-09-12 14:54:25,48,51,9126,30261
2023-09-12 14:54:27,48,50,9126,30261
2023-09-12 14:54:27,46,50,9126,30261
2023-09-12 14:54:28,47,50,9126,30261
2023-09-12 14:54:32,46,50,9126,30261
2023-09-12 14:54:33,46,49,9126,30261
2023-09-12 14:54:35,46,50,9126,30261
2023-09-12 14:54:35,47,50,9126,30261
2023-09-12 14:54:37,47,50,9126,30263
2023-09-12 14:54:37,46,50,9126,30263
2023-09-12 14:54:38,46,49,9126,30263
2023-09-12 14:54:40,46,50,9126,30263
2023-09-12 14:54:40,47,50,9126,30263
2023-09-12 14:54:42,46,50,9126,30263
2023-09-12 14:54:46,46,49,9126,30263
2023-09-12 14:54:48,45,49,9126,30263
2023-09-12 14:54:50,46,49,9126,30263
2023-09-12 14:54:58,45,49,9126,30263
2023-09-12 14:54:58,45,48,9126,30263
2023-09-12 14:55:02,44,48,9126,30263
2023-09-12 14:55:02,44,47,9126,30263
2023-09-12 14:55:02,43,47,9126,30263
2023-09-12 14:55:03,43,48,9126,30263
2023-09-12 14:55:03,44,48,9126,30263
2023-09-12 14:55:03,44,47,9126,30263
2023-09-12 14:55:04,44,46,9126,30263
2023-09-12 14:55:07,44,48,9126,30263
2023-09-12 14:55:08,44,47,9126,30263
2023-09-12 14:55:08,45,47,9126,30263
2023-09-12 14:55:09,45,48,9126,30263
2023-09-12 14:55:10,44,48,9126,30263
2023-09-12 14:55:11,44,47,9126,30263
2023-09-12 14:55:12,44,48,9126,30263
2023-09-12 14:55:12,45,48,9126,30263
2023-09-12 14:55:19,47,48,9126,30263
2023-09-12 14:55:20,47,51,9126,30263
2023-09-12 14:55:20,47,52,9126,30263
2023-09-12 14:55:21,47,51,9126,30263
2023-09-12 14:55:21,48,51,9126,30263
2023-09-12 14:55:22,48,50,9126,30263
2023-09-12 14:55:22,47,50,9126,30263
2023-09-12 14:55:26,45,50,9126,30263
2023-09-12 14:55:27,46,50,9126,30263
2023-09-12 14:55:28,45,50,9126,30263
2023-09-12 14:55:29,45,49,9126,30263
2023-09-12 14:55:38,46,49,9126,30263
2023-09-12 14:55:40,47,49,9126,30263
2023-09-12 14:55:41,46,49,9126,30263
2023-09-12 14:55:44,45,49,9126,30263
2023-09-12 14:55:46,46,49,9126,30263
2023-09-12 14:55:51,45,49,9126,30263
2023-09-12 14:55:52,46,49,9126,30263
2023-09-12 14:55:53,45,49,9126,30263
2023-09-12 14:55:57,46,49,9126,30263
2023-09-12 14:55:58,47,49,9126,30263
2023-09-12 14:55:58,47,50,9126,30263
2023-09-12 14:55:58,47,49,9126,30263
2023-09-12 14:55:58,47,50,9126,30263
2023-09-12 14:56:00,46,50,9126,30263
2023-09-12 14:56:00,46,49,9126,30263
2023-09-12 14:56:03,47,49,9126,30263
2023-09-12 14:56:05,47,50,9126,30263
2023-09-12 14:56:06,46,50,9126,30263
2023-09-12 14:56:06,46,49,9126,30263
2023-09-12 14:56:11,48,49,9126,30263
2023-09-12 14:56:11,48,50,9126,30263
2023-09-12 14:56:12,46,50,9126,30263
2023-09-12 14:56:13,47,50,9126,30263
2023-09-12 14:56:13,47,52,9126,30263
2023-09-12 14:56:13,47,51,9126,30263
2023-09-12 14:56:14,48,51,9126,30263
2023-09-12 14:56:23,48,53,9126,30263
2023-09-12 14:56:23,48,52,9126,30263
2023-09-12 14:56:24,49,52,9126,30263
2023-09-12 14:56:25,48,52,9126,30263
2023-09-12 14:56:25,48,51,9126,30263
2023-09-12 14:56:30,46,51,9126,30263
2023-09-12 14:56:31,47,51,9126,30263
2023-09-12 14:56:32,47,51,9126,30265
2023-09-12 14:56:33,48,51,9126,30265
2023-09-12 14:56:34,48,52,9126,30265
2023-09-12 14:56:37,49,52,9126,30265
2023-09-12 14:56:37,49,53,9126,30265
2023-09-12 14:56:37,49,52,9126,30265
2023-09-12 14:56:37,49,53,9126,30265
2023-09-12 14:56:38,49,56,9126,30265
2023-09-12 14:56:38,49,54,9126,30265
2023-09-12 14:56:38,50,54,9126,30265
2023-09-12 14:56:39,51,54,9126,30265
2023-09-12 14:56:40,50,54,9126,30265
2023-09-12 14:56:40,50,53,9126,30265
2023-09-12 14:56:41,50,54,9126,30265
2023-09-12 14:56:41,51,54,9126,30265
2023-09-12 14:56:43,50,54,9126,30265
2023-09-12 14:56:43,50,53,9126,30265
2023-09-12 14:56:44,50,53,9126,30267
2023-09-12 14:56:46,50,54,9126,30267
2023-09-12 14:56:46,51,54,9126,30267
2023-09-12 14:56:47,50,54,9126,30267
2023-09-12 14:56:47,50,53,9126,30267
2023-09-12 14:56:48,50,54,9126,30267
2023-09-12 14:56:48,51,54,9126,30267
2023-09-12 14:56:51,51,55,9126,30267
2023-09-12 14:56:55,51,54,9126,30267
2023-09-12 14:57:00,51,55,9126,30267
2023-09-12 14:57:01,51,54,9126,30267
2023-09-12 14:57:04,51,54,9126,30269
2023-09-12 14:57:10,51,55,9126,30269
2023-09-12 14:57:13,51,54,9126,30269
2023-09-12 14:57:17,51,55,9126,30269
2023-09-12 14:57:25,51,54,9126,30269
2023-09-12 14:57:35,51,54,9126,30271
2023-09-12 14:57:35,50,54,9126,30271
2023-09-12 14:57:35,50,53,9126,30271
2023-09-12 14:57:38,48,53,9126,30271
2023-09-12 14:57:39,49,53,9126,30271
2023-09-12 14:57:39,49,52,9126,30271
2023-09-12 14:57:48,49,50,9126,30271
2023-09-12 14:57:48,46,50,9126,30271
2023-09-12 14:57:49,46,49,9126,30271
2023-09-12 14:57:49,45,49,9126,30271
2023-09-12 14:57:49,46,49,9126,30271
2023-09-12 14:57:55,44,49,9126,30271
2023-09-12 14:57:55,44,48,9126,30271
2023-09-12 14:57:56,45,48,9126,30271
2023-09-12 14:57:57,44,48,9126,30271
2023-09-12 14:58:00,45,48,9126,30271
2023-09-12 14:58:02,44,48,9126,30271
2023-09-12 14:58:06,45,48,9126,30271
2023-09-12 14:58:07,45,49,9126,30271
2023-09-12 14:58:13,45,48,9126,30271
2023-09-12 14:58:16,44,48,9126,30271
2023-09-12 14:58:19,45,48,9126,30271
2023-09-12 14:58:44,45,49,9126,30271
2023-09-12 14:58:45,45,48,9126,30271
2023-09-12 14:58:54,45,49,9126,30271
2023-09-12 14:58:54,45,48,9126,30271
2023-09-12 14:58:54,45,49,9126,30271
2023-09-12 14:58:57,47,49,9126,30271
2023-09-12 14:58:58,47,51,9126,30271
2023-09-12 14:58:58,47,50,9126,30271
2023-09-12 14:58:58,47,51,9126,30271
2023-09-12 14:58:59,47,52,9126,30271
2023-09-12 14:58:59,48,52,9126,30271
2023-09-12 14:58:59,48,53,9126,30271
2023-09-12 14:59:00,48,52,9126,30271
2023-09-12 14:59:00,48,51,9126,30271
2023-09-12 14:59:02,47,51,9126,30271
2023-09-12 14:59:04,48,51,9126,30271
2023-09-12 14:59:06,47,51,9126,30271
2023-09-12 14:59:08,47,50,9126,30271
2023-09-12 14:59:12,45,50,9126,30271
2023-09-12 14:59:13,46,50,9126,30271
2023-09-12 14:59:14,47,50,9126,30271
2023-09-12 14:59:19,46,50,9126,30271
2023-09-12 14:59:21,47,50,9126,30271
2023-09-12 14:59:22,46,50,9126,30271
2023-09-12 14:59:24,46,50,9128,30273
2023-09-12 14:59:28,47,50,9128,30273
2023-09-12 14:59:28,47,50,9128,30567
2023-09-12 14:59:32,47,51,9128,30567
2023-09-12 14:59:47,47,50,9128,30567
2023-09-12 14:59:55,46,50,9128,30567
2023-09-12 15:00:01,45,50,9128,30567
2023-09-12 15:00:01,45,49,9128,30567
2023-09-12 15:00:02,45,48,9128,30567
2023-09-12 15:00:03,45,47,9128,30567
2023-09-12 15:00:10,45,46,9128,30567
2023-09-12 15:00:11,45,47,9128,30879
2023-09-12 15:00:11,45,47,8928,31079
2023-09-12 15:00:11,45,47,8728,31279
2023-09-12 15:00:11,45,46,8728,31279
2023-09-12 15:00:11,40,46,8628,31379
2023-09-12 15:00:11,40,45,8628,31379
2023-09-12 15:00:12,42,45,8628,31379
2023-09-12 15:00:12,42,45,8686,31437
2023-09-12 15:00:12,42,44,8686,31437
2023-09-12 15:00:12,40,44,8828,31579
2023-09-12 15:00:13,40,43,8828,31579
2023-09-12 15:00:14,39,43,8828,31579
2023-09-12 15:00:15,39,42,8828,31579
2023-09-12 15:00:18,39,42,8828,31581
2023-09-12 15:00:20,38,39,9028,31781
2023-09-12 15:00:20,38,39,9278,32031
2023-09-12 15:00:22,38,42,9328,32081
2023-09-12 15:00:22,39,42,9328,32081
2023-09-12 15:00:23,39,43,9328,32081
2023-09-12 15:00:25,39,43,9828,32581
2023-09-12 15:00:26,38,43,9828,32581
2023-09-12 15:00:28,39,43,9828,32581
2023-09-12 15:00:28,39,42,9828,32581
2023-09-12 15:00:38,39,41,9828,32581
2023-09-12 15:00:38,38,41,9828,32581
2023-09-12 15:00:40,38,39,9828,32581
2023-09-12 15:00:45,36,38,10184,32937
2023-09-12 15:00:45,37,38,10184,32937
2023-09-12 15:00:46,37,42,10328,33081
2023-09-12 15:00:46,38,42,10328,33081
2023-09-12 15:00:46,39,42,10328,33081
2023-09-12 15:00:47,39,41,10328,33081
2023-09-12 15:00:47,38,41,10328,33081
2023-09-12 15:00:51,39,41,10328,33081
2023-09-12 15:00:51,39,42,10328,33081
2023-09-12 15:00:51,39,43,10328,33081
2023-09-12 15:00:52,40,43,10328,33081
2023-09-12 15:00:53,41,43,10328,33081
2023-09-12 15:00:55,40,43,10328,33081
2023-09-12 15:00:56,40,42,10328,33081
2023-09-12 15:01:00,40,43,10328,33081
2023-09-12 15:01:00,41,43,10328,33081
2023-09-12 15:01:01,40,43,10628,33381
2023-09-12 15:01:06,40,45,10628,33381
2023-09-12 15:01:06,40,44,10628,33381
2023-09-12 15:01:08,41,44,10628,33381
2023-09-12 15:01:10,41,43,10628,33381
2023-09-12 15:01:11,40,43,10628,33381
2023-09-12 15:01:12,39,43,10628,33381
2023-09-12 15:01:13,40,43,10628,33381
2023-09-12 15:01:29,40,44,10628,33381
2023-09-12 15:01:30,41,44,10628,33381
2023-09-12 15:01:30,41,45,10628,33381
2023-09-12 15:01:31,42,45,10628,33381
2023-09-12 15:01:32,43,45,10628,33381
2023-09-12 15:01:33,44,45,10628,33381
2023-09-12 15:01:35,44,47,10688,33441
2023-09-12 15:01:35,44,47,10888,33641
2023-09-12 15:01:35,45,47,10888,33641
2023-09-12 15:01:51,45,50,10888,33641
2023-09-12 15:01:51,45,48,10888,33641
2023-09-12 15:01:53,47,48,10888,33641
2023-09-12 15:01:53,47,50,10888,33641
2023-09-12 15:01:53,47,52,10888,33641
2023-09-12 15:01:53,47,50,10888,33641
2023-09-12 15:01:59,48,50,10888,33641
2023-09-12 15:01:59,48,52,10888,33641
2023-09-12 15:01:59,48,51,10888,33641
2023-09-12 15:01:59,48,49,10888,33641
2023-09-12 15:02:00,47,49,10888,33641
2023-09-12 15:02:00,45,49,10888,33641
2023-09-12 15:02:00,45,50,10888,33641
2023-09-12 15:02:00,44,50,10888,33641
2023-09-12 15:02:00,44,48,10888,33641
2023-09-12 15:02:01,45,48,10888,33641
2023-09-12 15:02:12,45,47,10888,33641
2023-09-12 15:02:23,45,48,10888,33641
2023-09-12 15:02:34,45,47,10888,33641
2023-09-12 15:02:35,43,47,10888,33641
2023-09-12 15:02:35,43,47,10888,33891
2023-09-12 15:02:36,43,48,10888,33891
2023-09-12 15:02:36,44,48,10888,33891
2023-09-12 15:02:46,44,50,10888,33891
2023-09-12 15:02:46,44,49,10888,33891
2023-09-12 15:02:47,44,48,10888,33891
2023-09-12 15:02:50,44,47,10888,33891
2023-09-12 15:02:51,44,49,10888,33891
2023-09-12 15:02:51,44,48,10888,33891
2023-09-12 15:03:06,44,47,10888,33891
2023-09-12 15:03:07,44,48,10888,33891
2023-09-12 15:03:25,44,46,10888,33891
2023-09-12 15:03:25,43,46,10888,33891
2023-09-12 15:03:26,43,46,10888,33893
2023-09-12 15:03:29,43,45,10888,33893
2023-09-12 15:03:32,41,43,10890,33895
2023-09-12 15:03:34,40,43,10890,33895
2023-09-12 15:03:35,39,43,10890,33895
2023-09-12 15:03:35,39,45,10898,34103
