datetime,bid,ask,open_interest,volume
2023-08-08 09:30:04,4,10,338,353
2023-08-08 09:30:07,5,10,338,353
2023-08-08 09:30:07,5,9,338,353
2023-08-08 09:30:08,5,8,338,353
2023-08-08 09:30:09,5,7,338,353
2023-08-08 09:30:13,4,7,338,353
2023-08-08 09:30:13,4,6,338,353
2023-08-08 09:30:16,4,7,338,353
2023-08-08 09:30:16,5,7,338,353
2023-08-08 09:30:20,4,7,338,353
2023-08-08 09:30:20,4,6,338,353
2023-08-08 09:30:21,4,7,338,353
2023-08-08 09:30:21,5,7,338,353
2023-08-08 09:30:23,5,6,338,353
2023-08-08 09:30:35,4,7,338,353
2023-08-08 09:30:35,5,7,338,353
2023-08-08 09:30:35,5,7,354,369
2023-08-08 09:30:36,4,7,354,369
2023-08-08 09:30:45,4,7,354,369
2023-08-08 09:30:45,5,7,354,369
2023-08-08 09:30:52,4,7,354,369
2023-08-08 09:30:52,4,6,354,369
2023-08-08 09:31:00,4,5,354,369
2023-08-08 09:31:01,4,5,422,437
2023-08-08 09:31:04,4,5,522,537
2023-08-08 09:31:07,4,5,604,619
2023-08-08 09:31:09,3,5,604,619
2023-08-08 09:31:12,4,5,604,619
2023-08-08 09:31:22,4,5,1004,1019
2023-08-08 09:31:26,3,5,1004,1019
2023-08-08 09:31:28,4,5,1004,1019
2023-08-08 09:31:33,4,5,1062,1077
2023-08-08 09:31:33,4,6,1062,1077
2023-08-08 09:31:35,5,6,1062,1077
2023-08-08 09:31:38,4,6,1062,1077
2023-08-08 09:31:44,5,6,1062,1077
2023-08-08 09:31:46,4,6,1062,1077
2023-08-08 09:31:47,5,6,1062,1077
2023-08-08 09:31:49,4,6,1062,1077
2023-08-08 09:31:51,5,6,1062,1077
2023-08-08 09:31:52,4,6,1062,1077
2023-08-08 09:31:53,5,6,1062,1077
2023-08-08 09:31:54,4,6,1062,1077
2023-08-08 09:31:55,5,6,1062,1077
2023-08-08 09:31:55,5,6,1110,1125
2023-08-08 09:31:56,4,6,1110,1125
2023-08-08 09:32:01,4,7,1110,1125
2023-08-08 09:32:01,5,7,1110,1125
2023-08-08 09:32:07,6,7,1110,1125
2023-08-08 09:32:08,5,7,1110,1125
2023-08-08 09:32:17,6,7,1110,1125
2023-08-08 09:32:19,5,7,1110,1125
2023-08-08 09:32:20,6,7,1110,1125
2023-08-08 09:32:26,5,7,1110,1125
2023-08-08 09:32:41,4,7,1110,1125
2023-08-08 09:32:41,4,6,1110,1125
2023-08-08 09:32:57,5,6,1110,1125
2023-08-08 09:33:00,4,6,1110,1125
2023-08-08 09:33:01,5,6,1110,1125
2023-08-08 09:33:02,4,6,1110,1125
2023-08-08 09:33:05,3,6,1110,1125
2023-08-08 09:33:11,4,6,1110,1125
2023-08-08 09:33:12,3,6,1110,1125
2023-08-08 09:33:22,4,6,1110,1125
2023-08-08 09:33:26,5,6,1110,1125
2023-08-08 09:33:27,4,6,1110,1125
2023-08-08 09:33:28,5,6,1110,1125
2023-08-08 09:33:29,4,6,1110,1125
2023-08-08 09:33:39,3,6,1110,1125
2023-08-08 09:33:41,4,6,1110,1125
2023-08-08 09:33:43,5,6,1110,1125
2023-08-08 09:33:44,4,6,1110,1125
2023-08-08 09:33:45,5,6,1110,1125
2023-08-08 09:33:46,4,6,1110,1125
2023-08-08 09:33:50,5,6,1110,1125
2023-08-08 09:33:51,4,6,1110,1125
2023-08-08 09:33:56,5,6,1110,1125
2023-08-08 09:33:58,4,6,1110,1125
2023-08-08 09:34:17,3,6,1110,1125
2023-08-08 09:34:17,4,6,1110,1125
2023-08-08 09:34:29,4,5,1110,1125
2023-08-08 09:34:48,4,6,1110,1125
2023-08-08 09:34:52,4,5,1110,1125
2023-08-08 09:34:55,3,5,1110,1125
2023-08-08 09:34:58,4,5,1110,1125
2023-08-08 09:35:10,4,6,1110,1125
2023-08-08 09:35:16,4,5,1110,1125
2023-08-08 09:35:38,4,6,1110,1125
2023-08-08 09:35:42,5,6,1110,1125
2023-08-08 09:35:43,4,6,1110,1125
2023-08-08 09:35:46,5,6,1110,1125
2023-08-08 09:35:47,4,6,1110,1125
2023-08-08 09:35:48,5,6,1110,1125
2023-08-08 09:35:49,4,6,1110,1125
2023-08-08 09:35:57,5,6,1110,1125
2023-08-08 09:35:58,5,7,1110,1125
2023-08-08 09:36:00,4,7,1110,1125
2023-08-08 09:36:00,4,6,1110,1125
2023-08-08 09:36:07,5,6,1110,1125
2023-08-08 09:36:11,5,7,1139,1154
2023-08-08 09:36:18,5,6,1139,1154
2023-08-08 09:36:22,4,6,1139,1154
2023-08-08 09:36:23,5,6,1139,1154
2023-08-08 09:36:30,4,6,1139,1154
2023-08-08 09:36:31,5,6,1139,1154
2023-08-08 09:36:38,5,7,1139,1154
2023-08-08 09:36:38,5,6,1139,1154
2023-08-08 09:36:39,5,7,1139,1154
2023-08-08 09:36:40,5,6,1139,1154
2023-08-08 09:36:52,5,7,1139,1154
2023-08-08 09:36:54,5,6,1139,1154
2023-08-08 09:36:56,5,7,1139,1154
2023-08-08 09:36:57,5,6,1139,1154
2023-08-08 09:36:59,5,7,1139,1154
2023-08-08 09:37:04,6,7,1139,1154
2023-08-08 09:37:05,5,7,1139,1154
2023-08-08 09:37:18,6,7,1139,1154
2023-08-08 09:37:39,6,8,1139,1154
2023-08-08 09:37:40,5,8,1139,1154
2023-08-08 09:37:40,5,7,1139,1154
2023-08-08 09:37:43,6,7,1139,1154
2023-08-08 09:37:45,5,7,1139,1154
2023-08-08 09:37:47,6,7,1139,1154
2023-08-08 09:38:29,6,7,1139,1165
2023-08-08 09:38:36,6,8,1139,1165
2023-08-08 09:38:37,6,7,1139,1165
2023-08-08 09:38:55,5,7,950,1354
2023-08-08 09:39:00,5,6,950,1354
2023-08-08 09:39:08,5,8,961,1365
2023-08-08 09:39:08,5,7,961,1365
2023-08-08 09:39:09,6,7,961,1365
2023-08-08 09:39:10,5,7,961,1365
2023-08-08 09:39:19,5,6,961,1365
2023-08-08 09:39:21,5,7,961,1365
2023-08-08 09:39:24,5,6,961,1365
2023-08-08 09:39:30,5,7,961,1365
2023-08-08 09:39:31,5,6,961,1365
2023-08-08 09:39:32,5,7,961,1365
2023-08-08 09:39:39,5,6,961,1365
2023-08-08 09:39:52,5,7,961,1365
2023-08-08 09:39:53,5,6,961,1365
2023-08-08 09:40:17,5,6,961,1376
2023-08-08 09:40:26,5,6,961,1387
2023-08-08 09:40:29,4,6,961,1387
2023-08-08 09:40:33,4,5,961,1387
2023-08-08 09:40:51,4,6,961,1387
2023-08-08 09:40:57,4,5,961,1387
2023-08-08 09:41:08,5,6,961,1398
2023-08-08 09:41:09,5,7,961,1398
2023-08-08 09:41:11,4,7,961,1398
2023-08-08 09:41:22,5,6,961,1398
2023-08-08 09:41:23,4,6,961,1398
2023-08-08 09:41:24,5,6,961,1398
2023-08-08 09:41:32,5,7,961,1398
2023-08-08 09:41:35,5,6,961,1398
2023-08-08 09:41:43,4,6,961,1398
2023-08-08 09:41:45,5,6,961,1398
2023-08-08 09:41:50,5,7,972,1409
2023-08-08 09:41:50,5,6,972,1409
2023-08-08 09:41:51,5,7,983,1420
2023-08-08 09:41:52,6,7,983,1420
2023-08-08 09:41:53,5,7,983,1420
2023-08-08 09:41:59,5,6,983,1420
2023-08-08 09:42:19,5,7,983,1420
2023-08-08 09:42:21,5,6,983,1420
2023-08-08 09:42:42,5,7,983,1420
2023-08-08 09:42:49,5,6,983,1420
2023-08-08 09:42:50,5,7,983,1420
2023-08-08 09:42:57,6,7,983,1420
2023-08-08 09:43:03,6,8,983,1420
2023-08-08 09:43:03,6,7,983,1420
2023-08-08 09:43:04,6,8,983,1420
2023-08-08 09:43:05,6,7,983,1420
2023-08-08 09:43:07,6,8,983,1420
2023-08-08 09:43:08,6,7,983,1420
2023-08-08 09:43:28,6,8,983,1420
2023-08-08 09:43:30,6,7,983,1420
2023-08-08 09:43:42,6,8,994,1431
2023-08-08 09:43:51,7,8,994,1431
2023-08-08 09:43:53,6,8,994,1431
2023-08-08 09:43:59,7,8,994,1431
2023-08-08 09:44:00,6,8,994,1431
2023-08-08 09:44:08,7,8,994,1431
2023-08-08 09:44:28,7,9,994,1431
2023-08-08 09:44:30,8,9,994,1431
2023-08-08 09:44:34,8,10,994,1431
2023-08-08 09:44:35,8,9,994,1431
2023-08-08 09:44:36,8,10,994,1431
2023-08-08 09:44:40,8,9,994,1431
2023-08-08 09:44:41,8,10,994,1431
2023-08-08 09:44:43,8,9,994,1431
2023-08-08 09:44:44,8,10,994,1431
2023-08-08 09:44:45,8,9,994,1431
2023-08-08 09:44:48,7,9,794,1631
2023-08-08 09:44:49,7,8,794,1631
2023-08-08 09:44:50,7,9,794,1631
2023-08-08 09:44:56,7,8,794,1631
2023-08-08 09:45:01,7,9,794,1631
2023-08-08 09:45:11,7,10,794,1631
2023-08-08 09:45:11,8,10,794,1631
2023-08-08 09:45:16,7,10,794,1631
2023-08-08 09:45:16,7,9,794,1631
2023-08-08 09:45:22,8,9,794,1631
2023-08-08 09:45:23,8,10,794,1631
2023-08-08 09:45:28,9,10,794,1631
2023-08-08 09:45:29,9,11,1005,1842
2023-08-08 09:45:31,9,10,1005,1842
2023-08-08 09:45:32,9,11,1005,1842
2023-08-08 09:45:33,9,10,1005,1842
2023-08-08 09:45:36,9,11,1005,1842
2023-08-08 09:45:41,9,10,1005,1842
2023-08-08 09:45:44,9,11,1005,1842
2023-08-08 09:45:50,9,10,1005,1842
2023-08-08 09:45:51,9,11,1005,1842
2023-08-08 09:45:52,10,11,1005,1842
2023-08-08 09:45:52,10,11,905,1942
2023-08-08 09:45:53,10,11,949,1986
2023-08-08 09:45:55,9,11,849,2086
2023-08-08 09:45:56,9,10,849,2086
2023-08-08 09:46:02,9,11,849,2086
2023-08-08 09:46:03,9,10,849,2086
2023-08-08 09:46:15,9,11,849,2086
2023-08-08 09:46:16,9,10,849,2086
2023-08-08 09:46:22,9,11,849,2086
2023-08-08 09:46:23,9,10,849,2086
2023-08-08 09:46:24,9,11,849,2086
2023-08-08 09:46:25,9,10,849,2086
2023-08-08 09:46:33,8,10,849,2086
2023-08-08 09:46:34,8,9,849,2086
2023-08-08 09:46:45,8,10,849,2086
2023-08-08 09:46:47,8,9,849,2086
2023-08-08 09:46:51,8,10,849,2086
2023-08-08 09:46:54,8,9,849,2086
2023-08-08 09:46:56,8,9,1032,2486
2023-08-08 09:46:57,7,9,1032,2536
2023-08-08 09:46:58,7,8,1032,2536
2023-08-08 09:46:59,7,9,1032,2536
2023-08-08 09:47:10,8,9,1032,2536
2023-08-08 09:47:12,7,9,1032,2536
2023-08-08 09:47:15,8,9,1032,2536
2023-08-08 09:47:20,7,9,1032,2536
2023-08-08 09:47:24,8,9,1032,2536
2023-08-08 09:47:26,7,9,1032,2536
2023-08-08 09:47:37,8,9,1032,2536
2023-08-08 09:47:39,7,9,1032,2536
2023-08-08 09:47:40,8,9,1032,2536
2023-08-08 09:47:41,7,9,1032,2536
2023-08-08 09:47:46,8,9,1032,2536
2023-08-08 09:47:47,7,9,1032,2536
2023-08-08 09:47:52,7,8,1032,2536
2023-08-08 09:47:54,7,9,1032,2536
2023-08-08 09:48:00,7,10,1032,2536
2023-08-08 09:48:00,8,10,1032,2536
2023-08-08 09:48:02,9,10,1032,2536
2023-08-08 09:48:13,9,11,1032,2536
2023-08-08 09:48:13,9,10,1032,2536
2023-08-08 09:48:17,9,11,1032,2536
2023-08-08 09:48:18,9,10,1032,2536
2023-08-08 09:48:19,9,11,1032,2536
2023-08-08 09:48:21,9,10,1032,2536
2023-08-08 09:48:22,9,11,1032,2536
2023-08-08 09:48:23,9,10,1032,2536
2023-08-08 09:48:29,9,11,1032,2536
2023-08-08 09:48:30,9,10,1032,2536
2023-08-08 09:48:31,9,11,1032,2536
2023-08-08 09:48:33,9,10,1032,2536
2023-08-08 09:48:34,9,11,1032,2536
2023-08-08 09:48:59,10,11,1032,2536
2023-08-08 09:49:23,10,12,1032,2536
2023-08-08 09:49:24,10,11,1032,2536
2023-08-08 09:49:26,10,12,1032,2536
2023-08-08 09:49:27,11,12,1032,2536
2023-08-08 09:49:38,10,12,1331,2836
2023-08-08 09:49:40,11,12,1331,2836
2023-08-08 09:49:43,11,12,1331,2886
2023-08-08 09:49:44,11,13,1331,2886
2023-08-08 09:49:45,12,13,1331,2886
2023-08-08 09:49:51,12,14,1331,2886
2023-08-08 09:49:52,13,14,1331,2886
2023-08-08 09:49:53,12,14,1331,2886
2023-08-08 09:50:00,13,14,1331,2886
2023-08-08 09:50:02,12,14,1331,2886
2023-08-08 09:50:05,13,14,1331,2886
2023-08-08 09:50:14,13,14,1331,2936
2023-08-08 09:50:15,13,15,1331,2936
2023-08-08 09:50:15,13,14,1331,2936
2023-08-08 09:50:17,13,15,1331,3036
2023-08-08 09:50:19,13,14,1331,3036
2023-08-08 09:50:20,13,15,1331,3136
2023-08-08 09:50:21,13,14,1331,3136
2023-08-08 09:50:21,13,15,1359,3236
2023-08-08 09:50:23,13,14,1359,3236
2023-08-08 09:50:23,13,15,1459,3336
2023-08-08 09:50:28,14,15,1459,3336
2023-08-08 09:50:41,14,15,1859,3736
2023-08-08 09:50:46,13,15,2009,3886
2023-08-08 09:50:47,13,14,2009,3886
2023-08-08 09:50:48,13,15,2009,3886
2023-08-08 09:50:50,13,14,2009,3886
2023-08-08 09:50:53,13,15,2009,3886
2023-08-08 09:50:55,13,14,2009,3886
2023-08-08 09:50:58,13,15,2109,3986
2023-08-08 09:50:59,13,14,2109,3986
2023-08-08 09:51:01,13,15,2209,4086
2023-08-08 09:51:02,13,14,2209,4086
2023-08-08 09:51:03,13,15,2309,4186
2023-08-08 09:51:05,13,14,2309,4186
2023-08-08 09:51:07,13,15,2309,4186
2023-08-08 09:51:08,13,14,2309,4186
2023-08-08 09:51:09,12,14,2309,4186
2023-08-08 09:51:13,12,13,2309,4186
2023-08-08 09:51:15,12,14,2409,4286
2023-08-08 09:51:16,12,13,2409,4286
2023-08-08 09:51:18,12,14,2409,4286
2023-08-08 09:51:19,12,13,2409,4286
2023-08-08 09:51:24,12,14,2509,4386
2023-08-08 09:51:25,12,13,2509,4386
2023-08-08 09:51:26,12,14,2509,4386
2023-08-08 09:51:28,12,13,2509,4386
2023-08-08 09:51:29,12,14,2509,4386
2023-08-08 09:51:31,12,13,2509,4386
2023-08-08 09:51:35,12,14,2509,4386
2023-08-08 09:51:39,12,13,2509,4386
2023-08-08 09:51:40,12,14,2509,4386
2023-08-08 09:51:41,13,14,2509,4386
2023-08-08 09:51:42,12,14,2509,4386
2023-08-08 09:51:45,12,13,2509,4386
2023-08-08 09:51:47,11,13,2659,4536
2023-08-08 09:51:48,11,12,2659,4536
2023-08-08 09:51:51,11,13,2659,4536
2023-08-08 09:51:52,11,12,2659,4536
2023-08-08 09:51:53,11,13,2659,4536
2023-08-08 09:51:55,11,12,2659,4536
2023-08-08 09:51:57,10,12,2859,4736
2023-08-08 09:51:58,10,11,2859,4736
2023-08-08 09:51:59,10,12,2859,4736
2023-08-08 09:52:01,10,11,2859,4736
2023-08-08 09:52:03,10,12,2959,4836
2023-08-08 09:52:04,10,11,2959,4836
2023-08-08 09:52:06,10,12,2959,4836
2023-08-08 09:52:07,10,13,2959,4836
2023-08-08 09:52:07,11,13,2959,4836
2023-08-08 09:52:09,10,13,2959,4836
2023-08-08 09:52:09,10,12,2959,4836
2023-08-08 09:52:11,10,13,2959,4836
2023-08-08 09:52:11,11,13,2959,4836
2023-08-08 09:52:14,11,12,2959,4836
2023-08-08 09:52:16,11,13,2959,4836
2023-08-08 09:52:22,11,12,2959,4836
2023-08-08 09:52:26,11,13,2959,4836
2023-08-08 09:52:35,11,12,2959,4836
2023-08-08 09:52:36,10,12,2959,4836
2023-08-08 09:52:40,10,11,2959,4836
2023-08-08 09:52:42,10,12,2959,4836
2023-08-08 09:52:43,10,11,2959,4836
2023-08-08 09:52:47,10,12,2959,4836
2023-08-08 09:52:52,10,11,2959,4836
2023-08-08 09:52:54,10,12,2959,4836
2023-08-08 09:52:54,11,12,2959,4836
2023-08-08 09:52:58,10,12,3109,4986
2023-08-08 09:53:00,10,11,3109,4986
2023-08-08 09:53:00,10,12,3209,5086
2023-08-08 09:53:01,10,11,3209,5086
2023-08-08 09:53:02,10,12,3209,5086
2023-08-08 09:53:03,10,11,3209,5086
2023-08-08 09:53:04,10,12,3309,5186
2023-08-08 09:53:05,10,11,3309,5186
2023-08-08 09:53:06,10,12,3409,5286
2023-08-08 09:53:08,10,11,3409,5286
2023-08-08 09:53:09,10,12,3409,5286
2023-08-08 09:53:13,10,11,3409,5286
2023-08-08 09:53:14,10,12,3409,5286
2023-08-08 09:53:15,10,11,3409,5286
2023-08-08 09:53:16,10,12,3409,5286
2023-08-08 09:53:17,10,11,3409,5286
2023-08-08 09:53:23,10,11,3809,5686
2023-08-08 09:53:27,10,11,4209,6086
2023-08-08 09:53:28,9,11,4237,6114
2023-08-08 09:53:29,9,10,4237,6114
2023-08-08 09:53:30,9,11,4237,6114
2023-08-08 09:53:31,9,10,4237,6114
2023-08-08 09:53:32,9,11,4337,6214
2023-08-08 09:53:33,9,10,4337,6214
2023-08-08 09:53:35,9,11,4437,6314
2023-08-08 09:53:36,9,11,4837,6714
2023-08-08 09:53:36,9,10,4837,6714
2023-08-08 09:54:01,9,11,4837,6714
2023-08-08 09:54:01,9,10,4837,6714
2023-08-08 09:54:05,9,11,4837,6714
2023-08-08 09:54:05,9,10,4837,6714
2023-08-08 09:54:06,9,11,4837,6714
2023-08-08 09:54:07,10,11,4837,6714
2023-08-08 09:54:11,10,11,4837,6758
2023-08-08 09:54:16,10,11,4837,6914
2023-08-08 09:54:17,9,11,5137,7214
2023-08-08 09:54:18,10,11,5137,7214
2023-08-08 09:54:20,10,11,5137,7258
2023-08-08 09:54:21,9,11,5193,7314
2023-08-08 09:54:22,9,10,5193,7314
2023-08-08 09:54:30,9,10,5293,7564
2023-08-08 09:54:31,9,11,5293,7564
2023-08-08 09:54:31,9,10,5293,7564
2023-08-08 09:54:33,9,11,5293,7564
2023-08-08 09:54:35,9,10,5293,7564
2023-08-08 09:54:36,9,11,5393,7664
2023-08-08 09:54:37,9,10,5393,7664
2023-08-08 09:54:37,9,11,5493,7764
2023-08-08 09:54:38,9,10,5493,7764
2023-08-08 09:54:44,9,11,5493,7764
2023-08-08 09:54:48,9,10,5493,7764
2023-08-08 09:54:52,9,11,5493,7764
2023-08-08 09:54:54,9,10,5493,7764
2023-08-08 09:54:56,9,11,5493,7764
2023-08-08 09:55:02,9,10,5493,7764
2023-08-08 09:55:03,9,11,5493,7764
2023-08-08 09:55:03,10,11,5493,7764
2023-08-08 09:55:08,10,12,5493,7964
2023-08-08 09:55:09,10,11,5493,7964
2023-08-08 09:55:12,10,12,5593,8064
2023-08-08 09:55:13,10,11,5593,8064
2023-08-08 09:55:13,10,12,5693,8164
2023-08-08 09:55:14,10,11,5693,8164
2023-08-08 09:55:14,10,12,5793,8264
2023-08-08 09:55:15,10,11,5793,8264
2023-08-08 09:55:16,10,12,5893,8364
2023-08-08 09:55:17,10,11,5893,8364
2023-08-08 09:55:18,10,12,5993,8464
2023-08-08 09:55:19,10,11,5993,8464
2023-08-08 09:55:26,10,12,6093,8564
2023-08-08 09:55:27,10,11,6093,8564
2023-08-08 09:55:28,10,12,6193,8664
2023-08-08 09:55:29,10,11,6193,8664
2023-08-08 09:55:30,10,12,6293,8764
2023-08-08 09:55:31,10,11,6293,8764
2023-08-08 09:55:34,10,12,6293,8764
2023-08-08 09:55:36,10,11,6293,8764
2023-08-08 09:55:37,10,12,6393,8864
2023-08-08 09:55:38,10,11,6393,8864
2023-08-08 09:55:39,10,11,6793,9264
2023-08-08 09:55:39,9,11,6793,9264
2023-08-08 09:55:39,10,11,6793,9264
2023-08-08 09:55:42,9,11,6843,9314
2023-08-08 09:55:43,9,10,6843,9314
2023-08-08 09:55:44,9,11,6943,9414
2023-08-08 09:55:45,9,10,6943,9414
2023-08-08 09:55:47,9,11,7043,9514
2023-08-08 09:56:02,9,12,7043,9514
2023-08-08 09:56:02,10,12,7043,9514
2023-08-08 09:56:03,9,12,7043,9514
2023-08-08 09:56:03,9,11,7043,9514
2023-08-08 09:56:05,9,12,7143,9614
2023-08-08 09:56:05,10,12,7143,9614
2023-08-08 09:56:37,10,12,7148,9619
2023-08-08 09:56:45,11,12,7148,9619
2023-08-08 09:56:49,11,13,7248,9719
2023-08-08 09:56:53,11,12,7248,9719
2023-08-08 09:57:19,11,13,7248,9719
2023-08-08 09:57:36,11,12,7248,9719
2023-08-08 09:57:37,11,13,7248,9719
2023-08-08 09:57:40,11,12,7248,9719
2023-08-08 09:57:47,10,12,7298,9769
2023-08-08 09:57:49,10,13,7298,9769
2023-08-08 09:57:49,10,12,7298,9769
2023-08-08 09:57:51,10,13,7298,9769
2023-08-08 09:57:57,10,12,7298,9769
2023-08-08 09:58:01,10,13,7298,9769
2023-08-08 09:58:04,10,12,7298,9769
2023-08-08 09:58:06,10,13,7298,9769
2023-08-08 09:58:07,11,13,7298,9769
2023-08-08 09:58:11,10,13,7298,9769
2023-08-08 09:58:15,10,12,7298,9769
2023-08-08 09:58:17,10,13,7298,9769
2023-08-08 09:58:23,10,12,7298,9769
2023-08-08 09:58:23,10,13,7303,9774
2023-08-08 09:58:30,10,12,7303,9774
2023-08-08 09:58:32,10,13,7303,9774
2023-08-08 09:58:43,10,12,7303,9774
2023-08-08 09:58:43,10,13,7308,9779
2023-08-08 09:58:51,11,13,7308,9779
2023-08-08 09:58:51,11,12,7308,9779
2023-08-08 09:58:54,11,12,7308,10029
2023-08-08 09:58:58,11,12,7308,10279
2023-08-08 09:59:01,11,13,7308,10379
2023-08-08 09:59:04,11,14,7308,10408
2023-08-08 09:59:07,11,13,7308,10408
2023-08-08 09:59:08,11,14,7313,10413
2023-08-08 09:59:14,11,13,7313,10413
2023-08-08 09:59:15,11,14,7318,10418
2023-08-08 09:59:22,11,13,7318,10418
2023-08-08 09:59:23,11,14,7323,10423
2023-08-08 09:59:29,11,13,7323,10423
2023-08-08 09:59:32,11,14,7323,10423
2023-08-08 09:59:32,11,13,7323,10423
2023-08-08 09:59:36,11,12,7323,10423
2023-08-08 09:59:37,11,13,7328,10428
2023-08-08 09:59:44,11,12,7328,10428
2023-08-08 09:59:44,11,13,7333,10433
2023-08-08 09:59:50,10,13,7333,10433
2023-08-08 09:59:51,10,12,7333,10433
2023-08-08 09:59:51,10,13,7338,10438
2023-08-08 09:59:55,10,12,7338,10438
2023-08-08 09:59:58,10,11,7338,10438
2023-08-08 09:59:59,10,12,7343,10443
2023-08-08 10:00:01,10,13,7343,10443
2023-08-08 10:00:02,10,12,7343,10443
2023-08-08 10:00:03,10,13,7343,10443
2023-08-08 10:00:06,10,12,7343,10443
2023-08-08 10:00:13,10,13,7343,10443
2023-08-08 10:00:13,10,12,7343,10443
2023-08-08 10:00:13,10,11,7343,10443
2023-08-08 10:00:15,10,13,7343,10443
2023-08-08 10:00:18,10,12,7343,10443
2023-08-08 10:00:20,10,13,7343,10443
2023-08-08 10:00:20,10,12,7343,10443
2023-08-08 10:00:27,10,13,7343,10443
2023-08-08 10:00:28,10,12,7343,10443
2023-08-08 10:00:29,10,13,7343,10443
2023-08-08 10:00:35,10,12,7343,10443
2023-08-08 10:00:36,10,13,7348,10448
2023-08-08 10:00:44,10,12,7348,10448
2023-08-08 10:00:49,10,13,7348,10448
2023-08-08 10:00:50,10,12,7348,10448
2023-08-08 10:00:52,10,13,7348,10448
2023-08-08 10:01:37,11,13,7348,10448
2023-08-08 10:01:44,11,13,7348,10698
2023-08-08 10:01:46,11,13,7348,10948
2023-08-08 10:01:48,11,13,7348,11198
2023-08-08 10:01:53,11,14,7348,11248
2023-08-08 10:01:54,11,15,7348,11248
2023-08-08 10:01:54,12,15,7348,11248
2023-08-08 10:01:57,12,14,7348,11248
2023-08-08 10:02:07,11,14,7348,11248
2023-08-08 10:02:32,11,13,7348,11248
2023-08-08 10:02:39,10,13,7348,11248
2023-08-08 10:03:00,10,14,7348,11248
2023-08-08 10:03:01,11,14,7348,11248
2023-08-08 10:03:12,11,13,7348,11248
2023-08-08 10:03:13,11,14,7348,11248
2023-08-08 10:03:44,11,13,7348,11248
2023-08-08 10:03:47,11,14,7348,11248
2023-08-08 10:03:52,11,13,7348,11248
2023-08-08 10:03:53,11,14,7348,11248
2023-08-08 10:03:55,11,13,7348,11248
2023-08-08 10:03:55,10,13,7348,11248
2023-08-08 10:04:21,10,12,7348,11248
2023-08-08 10:04:34,9,12,7348,11248
2023-08-08 10:04:49,9,11,7348,11248
2023-08-08 10:04:51,9,12,7348,11248
2023-08-08 10:04:53,9,11,7348,11248
2023-08-08 10:05:15,8,11,7348,11248
2023-08-08 10:05:15,8,10,7348,11248
2023-08-08 10:05:54,8,10,7358,11258
2023-08-08 10:06:06,8,11,7358,11258
2023-08-08 10:06:08,9,11,7358,11258
2023-08-08 10:06:13,9,12,7358,11258
2023-08-08 10:06:14,9,11,7358,11258
2023-08-08 10:06:15,9,12,7358,11258
2023-08-08 10:06:16,9,11,7358,11258
2023-08-08 10:06:22,8,11,7358,11258
2023-08-08 10:06:25,9,11,7358,11258
2023-08-08 10:06:29,8,11,7358,11258
2023-08-08 10:06:42,9,11,7358,11258
2023-08-08 10:06:43,8,11,7358,11283
2023-08-08 10:06:59,8,10,7358,11283
2023-08-08 10:07:02,8,11,7358,11283
2023-08-08 10:07:03,8,10,7358,11283
2023-08-08 10:07:05,8,11,7358,11283
2023-08-08 10:07:42,8,10,7358,11283
2023-08-08 10:07:43,8,11,7358,11283
2023-08-08 10:08:26,9,11,7358,11283
2023-08-08 10:08:30,8,11,7358,11283
2023-08-08 10:08:53,9,11,7358,11283
2023-08-08 10:08:54,8,11,7358,11295
2023-08-08 10:08:56,8,12,7358,11295
2023-08-08 10:08:57,8,11,7358,11295
2023-08-08 10:09:02,8,10,7358,11295
2023-08-08 10:09:02,9,10,7358,11295
2023-08-08 10:09:03,8,10,7358,11301
2023-08-08 10:09:04,8,11,7358,11301
2023-08-08 10:09:05,8,10,7358,11301
2023-08-08 10:09:06,8,11,7358,11301
2023-08-08 10:09:08,8,10,7358,11301
2023-08-08 10:10:03,8,11,7358,11301
2023-08-08 10:10:19,9,11,7358,11301
2023-08-08 10:10:21,9,12,7358,11301
2023-08-08 10:10:23,9,11,7358,11301
2023-08-08 10:10:25,9,12,7358,11301
2023-08-08 10:10:45,9,13,7358,11301
2023-08-08 10:10:45,10,13,7358,11301
2023-08-08 10:11:02,10,14,7358,11301
2023-08-08 10:11:02,11,14,7358,11301
2023-08-08 10:11:03,11,13,7358,11301
2023-08-08 10:11:10,11,14,7358,11301
2023-08-08 10:11:27,12,14,7358,11301
2023-08-08 10:11:41,12,15,7358,11301
2023-08-08 10:11:44,13,15,7358,11301
2023-08-08 10:12:32,12,15,7358,11301
2023-08-08 10:12:37,12,14,7358,11301
2023-08-08 10:12:43,12,15,7358,11301
2023-08-08 10:12:48,12,14,7358,11301
2023-08-08 10:12:50,12,15,7358,11301
2023-08-08 10:12:54,12,14,7358,11301
2023-08-08 10:13:02,11,14,7358,11301
2023-08-08 10:13:02,11,13,7358,11301
2023-08-08 10:13:07,11,14,7358,11301
2023-08-08 10:13:16,11,14,7363,11306
2023-08-08 10:13:19,12,14,7363,11306
2023-08-08 10:13:34,11,14,7363,11306
2023-08-08 10:13:54,12,14,7363,11306
2023-08-08 10:13:56,12,15,7363,11306
2023-08-08 10:14:09,13,15,7363,11306
2023-08-08 10:14:17,14,15,7363,11306
2023-08-08 10:14:20,14,16,7363,11363
2023-08-08 10:14:26,15,16,7363,11363
2023-08-08 10:14:27,15,17,7363,11363
2023-08-08 10:14:29,15,17,7463,11463
2023-08-08 10:14:44,15,17,7563,11563
2023-08-08 10:14:44,15,17,7663,11663
2023-08-08 10:14:56,14,17,7663,11663
2023-08-08 10:15:01,15,17,7663,11663
2023-08-08 10:15:04,15,17,7666,11666
2023-08-08 10:15:08,15,18,7666,11866
2023-08-08 10:15:09,16,18,7666,11866
2023-08-08 10:15:25,16,17,7666,11866
2023-08-08 10:15:35,16,18,7666,11966
2023-08-08 10:16:15,15,18,7666,11966
2023-08-08 10:16:50,16,18,7666,11966
2023-08-08 10:16:59,16,19,7666,12166
2023-08-08 10:17:00,17,19,7666,12166
2023-08-08 10:17:14,18,19,7666,12166
2023-08-08 10:17:15,18,20,7666,12166
2023-08-08 10:17:22,18,20,7666,12216
2023-08-08 10:17:27,19,20,7666,12216
2023-08-08 10:17:51,18,20,7666,12216
2023-08-08 10:17:54,17,20,7666,12216
2023-08-08 10:17:55,18,20,7666,12216
2023-08-08 10:17:57,17,20,7666,12216
2023-08-08 10:18:05,17,19,7666,12216
2023-08-08 10:18:32,17,18,7666,12216
2023-08-08 10:18:47,16,18,7666,12216
2023-08-08 10:19:37,15,18,7666,12216
2023-08-08 10:19:58,16,18,7666,12216
2023-08-08 10:20:03,16,19,7666,12216
2023-08-08 10:20:06,16,18,7666,12216
2023-08-08 10:20:19,15,18,7666,12216
2023-08-08 10:20:55,16,18,7666,12216
2023-08-08 10:20:57,16,19,7666,12216
2023-08-08 10:21:20,17,19,7666,12216
2023-08-08 10:21:26,17,20,7666,12216
2023-08-08 10:21:31,17,19,7666,12216
2023-08-08 10:22:21,17,20,7678,12228
2023-08-08 10:22:24,18,20,7678,12228
2023-08-08 10:22:45,17,20,7678,12228
2023-08-08 10:22:45,17,19,7678,12228
2023-08-08 10:22:46,17,20,7678,12228
2023-08-08 10:22:52,17,19,7678,12228
2023-08-08 10:22:53,17,20,7678,12228
2023-08-08 10:22:57,17,19,7678,12228
2023-08-08 10:22:58,17,20,7678,12228
2023-08-08 10:23:01,17,19,7678,12228
2023-08-08 10:23:02,17,20,7678,12228
2023-08-08 10:23:03,17,19,7678,12228
2023-08-08 10:23:05,17,20,7678,12228
2023-08-08 10:23:08,17,19,7678,12228
2023-08-08 10:23:11,17,20,7678,12228
2023-08-08 10:23:16,17,19,7678,12228
2023-08-08 10:23:17,16,19,7678,12228
2023-08-08 10:23:22,16,20,7678,12228
2023-08-08 10:23:24,16,19,7678,12228
2023-08-08 10:23:25,16,20,7678,12228
2023-08-08 10:23:25,16,19,7678,12228
2023-08-08 10:23:29,16,20,7678,12228
2023-08-08 10:23:30,16,19,7678,12228
2023-08-08 10:23:31,16,20,7678,12228
2023-08-08 10:23:31,16,19,7678,12228
2023-08-08 10:23:32,16,20,7678,12228
2023-08-08 10:23:33,16,19,7678,12228
2023-08-08 10:23:40,16,18,7678,12228
2023-08-08 10:23:41,16,19,7678,12228
2023-08-08 10:23:42,16,20,7678,12228
2023-08-08 10:23:42,16,19,7678,12228
2023-08-08 10:23:42,16,20,7678,12228
2023-08-08 10:23:43,16,19,7678,12228
2023-08-08 10:23:44,16,20,7678,12228
2023-08-08 10:23:46,16,19,7678,12228
2023-08-08 10:23:50,16,18,7678,12228
2023-08-08 10:23:51,16,19,7678,12228
2023-08-08 10:24:00,16,18,7678,12228
2023-08-08 10:24:02,16,19,7678,12228
2023-08-08 10:24:05,16,18,7678,12228
2023-08-08 10:24:06,16,19,7678,12228
2023-08-08 10:24:09,16,18,7678,12228
2023-08-08 10:24:14,15,18,7678,12228
2023-08-08 10:24:15,16,18,7678,12228
2023-08-08 10:24:16,15,18,7678,12228
2023-08-08 10:24:23,15,17,7678,12228
2023-08-08 10:24:24,15,18,7678,12228
2023-08-08 10:24:45,16,18,7678,12228
2023-08-08 10:24:53,16,19,7678,12228
2023-08-08 10:25:08,16,20,7678,12228
2023-08-08 10:25:12,16,19,7678,12228
2023-08-08 10:25:15,16,20,7678,12228
2023-08-08 10:25:15,17,20,7678,12228
2023-08-08 10:25:16,16,20,7678,12228
2023-08-08 10:25:18,17,20,7678,12228
2023-08-08 10:25:36,17,19,7678,12228
2023-08-08 10:25:37,16,19,7678,12228
2023-08-08 10:25:39,16,17,7678,12228
2023-08-08 10:25:40,16,19,7778,12328
2023-08-08 10:25:42,16,20,7778,12328
2023-08-08 10:25:43,16,19,7778,12328
2023-08-08 10:25:52,16,18,7778,12328
2023-08-08 10:25:52,16,18,7823,12373
2023-08-08 10:25:53,16,19,7823,12373
2023-08-08 10:26:10,16,18,7823,12373
2023-08-08 10:26:24,15,18,7823,12373
2023-08-08 10:26:31,15,17,7823,12373
2023-08-08 10:27:46,15,16,7823,12373
2023-08-08 10:27:54,14,16,7823,12373
2023-08-08 10:28:38,13,16,7823,12373
2023-08-08 10:29:16,13,15,7823,12373
2023-08-08 10:29:39,12,15,7823,12373
2023-08-08 10:29:40,12,14,7823,12373
2023-08-08 10:30:11,12,15,7823,12373
2023-08-08 10:30:14,13,15,7823,12373
2023-08-08 10:30:22,13,16,7823,12373
2023-08-08 10:30:26,13,15,7823,12373
2023-08-08 10:30:27,13,16,7823,12373
2023-08-08 10:31:12,13,15,7823,12373
2023-08-08 10:31:20,12,15,7823,12373
2023-08-08 10:31:29,13,15,7823,12373
2023-08-08 10:31:34,13,16,7823,12373
2023-08-08 10:31:44,14,16,7823,12373
2023-08-08 10:31:44,14,17,7823,12373
2023-08-08 10:32:16,14,16,7823,12373
2023-08-08 10:32:25,13,16,7823,12373
2023-08-08 10:32:31,14,16,7823,12373
2023-08-08 10:32:33,14,17,7823,12373
2023-08-08 10:32:44,14,16,7823,12373
2023-08-08 10:32:45,14,17,7823,12373
2023-08-08 10:32:52,14,16,7823,12373
2023-08-08 10:32:55,14,17,7823,12373
2023-08-08 10:33:04,15,17,7823,12373
2023-08-08 10:33:39,14,17,7823,12373
2023-08-08 10:33:39,14,16,7823,12373
2023-08-08 10:33:49,14,17,7823,12373
2023-08-08 10:34:01,15,17,7823,12373
2023-08-08 10:34:03,15,18,7823,12373
2023-08-08 10:34:53,15,17,7823,12373
2023-08-08 10:35:04,15,18,7823,12373
2023-08-08 10:35:28,15,17,7823,12373
2023-08-08 10:35:40,14,17,7823,12373
2023-08-08 10:35:52,14,16,7823,12373
2023-08-08 10:35:55,14,17,7823,12373
2023-08-08 10:36:00,14,18,7823,12373
2023-08-08 10:36:01,15,18,7823,12373
2023-08-08 10:36:05,16,18,7823,12373
2023-08-08 10:36:23,16,18,7823,12376
2023-08-08 10:36:45,15,18,7823,12376
2023-08-08 10:36:55,15,17,7823,12376
2023-08-08 10:37:16,15,18,7823,12376
2023-08-08 10:37:23,15,17,7823,12376
2023-08-08 10:37:26,15,18,7823,12376
2023-08-08 10:38:02,16,18,7823,12376
2023-08-08 10:38:35,15,18,7823,12376
2023-08-08 10:38:51,16,18,7823,12376
2023-08-08 10:39:12,15,18,7823,12376
2023-08-08 10:39:15,15,17,7823,12376
2023-08-08 10:39:17,15,18,7823,12376
2023-08-08 10:39:26,15,17,7823,12376
2023-08-08 10:39:36,14,17,7823,12376
2023-08-08 10:39:37,14,16,7823,12376
2023-08-08 10:39:40,13,16,7823,12376
2023-08-08 10:40:03,13,15,7823,12376
2023-08-08 10:40:07,12,15,7823,12376
2023-08-08 10:40:26,12,15,7823,12426
2023-08-08 10:40:42,13,15,7823,12426
2023-08-08 10:40:43,13,16,7823,12426
2023-08-08 10:41:04,13,17,7823,12426
2023-08-08 10:41:04,14,17,7823,12426
2023-08-08 10:41:06,14,16,7823,12426
2023-08-08 10:41:11,13,16,7823,12426
2023-08-08 10:41:48,13,15,7823,12426
2023-08-08 10:41:51,12,15,7823,12426
2023-08-08 10:41:52,13,15,7823,12426
2023-08-08 10:41:54,13,16,7823,12426
2023-08-08 10:41:58,12,16,7823,12426
2023-08-08 10:41:58,12,15,7823,12426
2023-08-08 10:42:00,13,15,7823,12426
2023-08-08 10:42:04,13,16,7823,12426
2023-08-08 10:42:06,12,16,7823,12426
2023-08-08 10:42:06,12,15,7823,12426
2023-08-08 10:42:47,12,14,7823,12426
2023-08-08 10:42:50,12,15,7823,12426
2023-08-08 10:42:51,12,14,7823,12426
2023-08-08 10:42:56,12,15,7823,12426
2023-08-08 10:42:57,12,14,7823,12426
2023-08-08 10:43:06,12,15,7823,12426
2023-08-08 10:43:10,12,14,7823,12426
2023-08-08 10:43:16,12,15,7823,12426
2023-08-08 10:43:17,12,14,7823,12426
2023-08-08 10:44:21,12,13,7823,12426
2023-08-08 10:44:27,12,14,7823,12426
2023-08-08 10:44:56,11,14,7823,12426
2023-08-08 10:44:56,11,13,7823,12426
2023-08-08 10:44:56,11,12,7823,12426
2023-08-08 10:45:20,11,13,7823,12426
2023-08-08 10:45:20,11,12,7823,12426
2023-08-08 10:45:45,11,13,7823,12426
2023-08-08 10:46:11,11,14,7823,12426
2023-08-08 10:46:11,11,13,7823,12426
2023-08-08 10:46:14,11,14,7823,12426
2023-08-08 10:46:14,12,14,7823,12426
2023-08-08 10:46:14,12,14,7923,12526
2023-08-08 10:46:42,13,14,7923,12526
2023-08-08 10:46:43,12,14,7923,12526
2023-08-08 10:46:44,12,15,7923,12626
2023-08-08 10:46:49,13,15,7923,12626
2023-08-08 10:48:04,13,16,7923,12626
2023-08-08 10:48:14,14,16,7923,12626
2023-08-08 10:48:34,14,17,7923,12626
2023-08-08 10:48:41,14,16,7923,12626
2023-08-08 10:48:58,13,16,7923,12626
2023-08-08 10:49:17,13,15,7923,12626
2023-08-08 10:49:40,13,16,7923,12626
2023-08-08 10:50:04,14,16,7923,12626
2023-08-08 10:50:07,13,16,7923,12626
2023-08-08 10:50:08,13,15,7923,12626
2023-08-08 10:50:39,13,14,7923,12626
2023-08-08 10:51:12,13,15,7923,12626
2023-08-08 10:51:40,13,16,7923,12626
2023-08-08 10:51:42,14,16,7923,12626
2023-08-08 10:51:52,14,17,7923,12626
2023-08-08 10:52:03,15,17,7923,12626
2023-08-08 10:52:20,14,17,7923,12626
2023-08-08 10:52:30,14,16,7923,12626
2023-08-08 10:52:35,14,17,7923,12626
2023-08-08 10:52:37,14,16,7923,12626
2023-08-08 10:52:55,13,16,7923,12626
2023-08-08 10:53:04,13,15,7923,12626
2023-08-08 10:53:14,13,16,7923,12626
2023-08-08 10:53:24,14,16,7923,12626
2023-08-08 10:53:31,14,17,7923,12626
2023-08-08 10:53:34,14,16,7923,12626
2023-08-08 10:53:42,14,17,7923,12626
2023-08-08 10:54:06,14,16,7923,12626
2023-08-08 10:54:11,13,16,7923,12626
2023-08-08 10:54:18,13,15,7923,12626
2023-08-08 10:54:28,13,16,7923,12626
2023-08-08 10:54:29,13,15,7923,12626
2023-08-08 10:54:30,13,16,7923,12626
2023-08-08 10:54:31,13,15,7923,12626
2023-08-08 10:54:34,13,16,7923,12626
2023-08-08 10:54:54,13,15,7923,12626
2023-08-08 10:55:05,13,16,7923,12626
2023-08-08 10:55:32,14,16,7923,12626
2023-08-08 10:55:48,14,17,7923,12626
2023-08-08 10:56:19,15,17,7923,12626
2023-08-08 10:56:21,15,18,7923,12626
2023-08-08 10:56:49,15,17,7923,12626
2023-08-08 10:56:50,15,18,7923,12626
2023-08-08 10:56:52,15,17,7923,12626
2023-08-08 10:56:53,15,18,7923,12626
2023-08-08 10:56:54,15,17,7923,12626
2023-08-08 10:56:59,15,18,7923,12626
2023-08-08 10:57:03,16,18,7923,12626
2023-08-08 10:57:06,15,18,7923,12626
2023-08-08 10:57:15,16,18,7923,12626
2023-08-08 10:57:18,15,18,7923,12626
2023-08-08 10:57:25,16,18,7923,12626
2023-08-08 10:57:27,15,18,7923,12626
2023-08-08 10:57:33,16,18,7923,12626
2023-08-08 10:57:37,16,19,7923,12626
2023-08-08 10:58:14,16,18,7923,12626
2023-08-08 10:58:15,16,19,7923,12626
2023-08-08 10:58:21,16,18,7923,12626
2023-08-08 10:58:27,16,19,7923,12626
2023-08-08 10:58:37,16,18,7923,12626
2023-08-08 10:58:50,16,19,7923,12626
2023-08-08 10:58:53,16,18,7923,12626
2023-08-08 10:58:56,15,18,7923,12626
2023-08-08 10:59:27,16,18,7923,12626
2023-08-08 10:59:32,15,18,7923,12626
2023-08-08 10:59:42,15,19,7923,12626
2023-08-08 10:59:42,16,19,7923,12626
2023-08-08 11:00:02,16,18,7923,12626
2023-08-08 11:00:03,16,19,7923,12626
2023-08-08 11:00:04,16,18,7923,12626
2023-08-08 11:00:08,16,19,7923,12626
2023-08-08 11:00:09,16,18,7923,12626
2023-08-08 11:00:12,15,18,7923,12626
2023-08-08 11:00:12,16,18,7923,12626
2023-08-08 11:00:16,15,18,7923,12626
2023-08-08 11:00:23,16,18,7923,12626
2023-08-08 11:00:24,15,18,7923,12632
2023-08-08 11:00:32,15,19,7923,12632
2023-08-08 11:00:32,15,18,7923,12632
2023-08-08 11:00:32,16,18,7923,12632
2023-08-08 11:00:33,16,19,7923,12632
2023-08-08 11:00:37,16,18,7923,12632
2023-08-08 11:00:39,16,19,7923,12632
2023-08-08 11:00:44,16,18,7923,12632
2023-08-08 11:00:55,16,19,7923,12632
2023-08-08 11:01:11,17,19,7923,12632
2023-08-08 11:01:12,17,18,7923,12632
2023-08-08 11:01:14,17,19,7923,12632
2023-08-08 11:01:33,18,19,7923,12632
2023-08-08 11:01:34,17,19,7923,12632
2023-08-08 11:01:57,16,19,7923,12632
2023-08-08 11:02:12,17,19,7923,12632
2023-08-08 11:02:51,17,20,7923,12632
2023-08-08 11:02:58,18,20,7923,12632
2023-08-08 11:03:06,17,20,7923,12632
2023-08-08 11:03:08,18,20,7923,12632
2023-08-08 11:03:19,17,20,7923,12632
2023-08-08 11:03:22,18,20,7923,12632
2023-08-08 11:03:33,17,20,7923,12632
2023-08-08 11:03:52,16,20,7923,12632
2023-08-08 11:03:54,16,19,7923,12632
2023-08-08 11:04:00,16,20,7923,12632
2023-08-08 11:04:00,16,19,7923,12632
2023-08-08 11:04:03,16,20,7923,12632
2023-08-08 11:04:07,16,19,7923,12632
2023-08-08 11:04:18,16,20,7923,12632
2023-08-08 11:04:20,16,19,7923,12632
2023-08-08 11:04:22,16,20,7923,12632
2023-08-08 11:04:25,17,20,7923,12632
2023-08-08 11:04:34,17,19,7923,12632
2023-08-08 11:04:40,17,20,7923,12632
2023-08-08 11:04:40,17,19,7923,12632
2023-08-08 11:04:42,17,20,7923,12632
2023-08-08 11:04:57,18,20,7923,12632
2023-08-08 11:04:58,17,20,7923,12632
2023-08-08 11:05:01,18,20,7923,12632
2023-08-08 11:05:31,18,21,7923,12852
2023-08-08 11:05:32,19,21,7923,12852
2023-08-08 11:06:23,18,21,7923,12852
2023-08-08 11:06:25,17,21,7923,12852
2023-08-08 11:06:27,17,20,7923,12852
2023-08-08 11:06:37,17,19,7923,12852
2023-08-08 11:06:43,17,20,7923,12852
2023-08-08 11:06:43,17,19,7923,12852
2023-08-08 11:06:45,17,20,7923,12852
2023-08-08 11:06:50,17,19,7923,12852
2023-08-08 11:06:54,17,20,7923,12852
2023-08-08 11:06:58,17,19,7923,12852
2023-08-08 11:07:00,17,20,7923,12852
2023-08-08 11:07:05,17,19,7923,12852
2023-08-08 11:07:07,17,20,7923,12852
2023-08-08 11:07:11,17,19,7923,12852
2023-08-08 11:07:11,16,19,7923,12852
2023-08-08 11:07:18,16,18,7923,12852
2023-08-08 11:07:23,16,19,7923,12852
2023-08-08 11:07:25,16,18,7923,12852
2023-08-08 11:07:27,16,19,7923,12852
2023-08-08 11:07:32,16,18,7923,12852
2023-08-08 11:07:36,16,19,7923,12852
2023-08-08 11:07:37,16,20,7923,12852
2023-08-08 11:07:37,17,20,7923,12852
2023-08-08 11:07:38,17,19,7923,12852
2023-08-08 11:07:40,17,20,7923,12852
2023-08-08 11:07:44,17,19,7923,12852
2023-08-08 11:07:47,17,20,7923,12852
2023-08-08 11:07:51,17,19,7923,12852
2023-08-08 11:07:54,17,20,7923,12852
2023-08-08 11:07:58,17,19,7923,12852
2023-08-08 11:08:04,17,20,7923,12852
2023-08-08 11:08:04,17,19,7923,12852
2023-08-08 11:08:10,17,20,7923,12852
2023-08-08 11:08:11,17,19,7923,12852
2023-08-08 11:08:14,17,20,7923,12852
2023-08-08 11:08:17,17,19,7923,12852
2023-08-08 11:08:21,16,19,7923,12852
2023-08-08 11:08:29,16,20,7923,12852
2023-08-08 11:08:30,16,19,7923,12852
2023-08-08 11:08:32,17,20,7923,12852
2023-08-08 11:08:36,17,19,7923,12852
2023-08-08 11:08:40,17,20,7923,12852
2023-08-08 11:08:41,17,21,7923,12852
2023-08-08 11:08:41,18,21,7923,12852
2023-08-08 11:08:43,18,20,7923,12852
2023-08-08 11:08:46,17,20,7923,12852
2023-08-08 11:08:58,17,21,7923,12852
2023-08-08 11:09:00,17,20,7923,12852
2023-08-08 11:09:03,17,19,7923,12852
2023-08-08 11:09:09,17,20,7923,12852
2023-08-08 11:09:09,17,19,7923,12852
2023-08-08 11:09:12,17,20,7923,12852
2023-08-08 11:09:15,17,19,7923,12852
2023-08-08 11:09:21,17,20,7923,12852
2023-08-08 11:09:22,17,19,7923,12852
2023-08-08 11:09:28,17,20,7923,12852
2023-08-08 11:09:28,17,19,7923,12852
2023-08-08 11:09:32,17,20,7923,12852
2023-08-08 11:09:32,16,20,7923,12852
2023-08-08 11:09:34,16,19,7923,12852
2023-08-08 11:09:47,16,20,7923,12852
2023-08-08 11:09:49,17,20,7923,12852
2023-08-08 11:09:51,17,19,7923,12852
2023-08-08 11:09:52,16,19,7923,12852
2023-08-08 11:09:58,16,17,7923,12852
2023-08-08 11:10:04,16,19,7923,12852
2023-08-08 11:10:04,16,18,7923,12852
2023-08-08 11:10:06,16,19,7923,12852
2023-08-08 11:10:11,16,17,7923,12852
2023-08-08 11:10:18,16,19,7923,12852
2023-08-08 11:10:18,16,17,7923,12852
2023-08-08 11:10:24,16,19,7923,12852
2023-08-08 11:10:25,16,18,7923,12852
2023-08-08 11:10:31,16,19,7923,12852
2023-08-08 11:10:32,16,18,7923,12852
2023-08-08 11:10:34,16,19,7923,12852
2023-08-08 11:10:38,16,18,7923,12852
2023-08-08 11:10:44,16,19,7923,12852
2023-08-08 11:10:44,16,20,7923,12852
2023-08-08 11:10:45,16,17,7923,12852
2023-08-08 11:10:47,16,20,7923,12852
2023-08-08 11:10:47,17,20,7923,12852
2023-08-08 11:10:52,17,19,7923,12852
2023-08-08 11:10:54,17,20,7923,12852
2023-08-08 11:10:58,17,19,7923,12852
2023-08-08 11:11:01,17,20,7923,12852
2023-08-08 11:11:03,17,21,7923,12852
2023-08-08 11:11:04,18,21,7923,12852
2023-08-08 11:11:05,18,19,7923,12852
2023-08-08 11:11:08,18,21,7923,12852
2023-08-08 11:11:13,18,19,7923,12852
2023-08-08 11:11:20,18,21,7923,12852
2023-08-08 11:11:20,18,19,7923,12852
2023-08-08 11:11:27,18,21,7923,12852
2023-08-08 11:11:27,18,19,7923,12852
2023-08-08 11:11:33,18,21,7923,12852
2023-08-08 11:11:34,18,20,7923,12852
2023-08-08 11:11:35,18,21,7923,12852
2023-08-08 11:11:35,18,20,7923,12852
2023-08-08 11:11:36,18,21,7923,12852
2023-08-08 11:11:39,18,20,7923,12852
2023-08-08 11:11:40,18,21,7923,12852
2023-08-08 11:11:40,18,20,7923,12852
2023-08-08 11:11:44,17,20,7923,12852
2023-08-08 11:11:52,17,19,7923,12852
2023-08-08 11:12:10,16,19,7923,12852
2023-08-08 11:12:18,16,18,7923,12852
2023-08-08 11:12:25,16,19,7923,12852
2023-08-08 11:12:25,16,18,7923,12852
2023-08-08 11:12:28,16,19,7923,12852
2023-08-08 11:12:31,16,18,7923,12852
2023-08-08 11:12:38,16,19,7923,12852
2023-08-08 11:12:38,16,18,7923,12852
2023-08-08 11:12:41,16,19,7923,12852
2023-08-08 11:12:45,16,18,7923,12852
2023-08-08 11:12:51,16,19,7923,12852
2023-08-08 11:12:51,16,18,7923,12852
2023-08-08 11:12:57,16,19,7923,12852
2023-08-08 11:12:58,16,18,7923,12852
2023-08-08 11:12:59,16,19,7923,12852
2023-08-08 11:13:01,16,20,7923,12852
2023-08-08 11:13:06,16,19,7923,12852
2023-08-08 11:13:08,16,20,7923,12852
2023-08-08 11:13:14,16,18,7923,12852
2023-08-08 11:13:21,16,20,7923,12852
2023-08-08 11:13:21,16,19,7923,12852
2023-08-08 11:13:21,16,18,7923,12852
2023-08-08 11:13:25,16,19,7923,12852
2023-08-08 11:13:28,16,17,7923,12852
2023-08-08 11:13:31,16,19,7923,12852
2023-08-08 11:13:35,16,18,7923,12852
2023-08-08 11:13:38,16,19,7923,12852
2023-08-08 11:13:41,16,18,7923,12852
2023-08-08 11:13:47,16,19,7923,12852
2023-08-08 11:13:48,16,18,7923,12852
2023-08-08 11:13:55,16,17,7923,12852
2023-08-08 11:14:02,16,18,7923,12852
2023-08-08 11:14:02,16,17,7923,12852
2023-08-08 11:14:04,16,18,7923,12852
2023-08-08 11:14:13,16,17,7923,12852
2023-08-08 11:14:20,16,17,7923,12863
2023-08-08 11:14:21,16,17,7923,12874
2023-08-08 11:14:22,16,17,7923,12885
2023-08-08 11:14:23,16,17,7923,12896
2023-08-08 11:14:23,16,17,7928,12901
2023-08-08 11:14:38,16,17,7933,12906
2023-08-08 11:14:53,16,17,7938,12911
2023-08-08 11:15:08,14,16,7938,13013
2023-08-08 11:15:09,14,17,7938,13013
2023-08-08 11:15:12,14,16,7938,13013
2023-08-08 11:15:19,14,17,7938,13013
2023-08-08 11:15:37,14,16,7938,13013
2023-08-08 11:15:42,14,17,7938,13013
2023-08-08 11:15:55,14,16,7938,13013
2023-08-08 11:15:57,14,17,7938,13013
2023-08-08 11:16:27,14,16,7938,13013
2023-08-08 11:16:28,14,17,7938,13013
2023-08-08 11:16:29,14,16,7938,13013
2023-08-08 11:16:30,14,17,7938,13013
2023-08-08 11:16:41,14,16,7938,13013
2023-08-08 11:17:06,14,17,7938,13013
2023-08-08 11:17:18,14,16,7938,13013
2023-08-08 11:17:20,14,17,7938,13013
2023-08-08 11:17:21,14,16,7938,13013
2023-08-08 11:17:59,14,17,7938,13013
2023-08-08 11:18:02,14,16,7938,13013
2023-08-08 11:18:04,14,17,7938,13013
2023-08-08 11:18:12,14,18,7938,13013
2023-08-08 11:18:14,15,18,7938,13013
2023-08-08 11:18:31,15,17,7938,13013
2023-08-08 11:18:32,15,18,7938,13013
2023-08-08 11:18:33,15,17,7938,13013
2023-08-08 11:18:36,14,17,7938,13013
2023-08-08 11:18:38,14,16,7938,13013
2023-08-08 11:18:57,14,15,7938,13013
2023-08-08 11:19:01,14,16,7938,13013
2023-08-08 11:19:04,14,15,7938,13013
2023-08-08 11:19:44,14,16,7938,13013
2023-08-08 11:19:57,14,15,7938,13013
2023-08-08 11:20:33,13,14,7938,13113
2023-08-08 11:20:34,13,15,7938,13113
2023-08-08 11:21:00,13,14,7938,13113
2023-08-08 11:21:20,13,15,7938,13113
2023-08-08 11:21:24,13,14,7938,13113
2023-08-08 11:21:27,13,14,7938,13263
2023-08-08 11:21:28,13,15,7938,13263
2023-08-08 11:21:32,12,15,7938,13263
2023-08-08 11:21:34,12,14,7938,13263
2023-08-08 11:21:41,12,15,7938,13263
2023-08-08 11:21:44,12,14,7938,13263
2023-08-08 11:21:50,12,15,7938,13263
2023-08-08 11:21:52,12,14,7938,13263
2023-08-08 11:21:55,12,15,7938,13263
2023-08-08 11:22:00,12,14,7938,13263
2023-08-08 11:22:01,12,15,7938,13263
2023-08-08 11:22:03,12,14,7938,13263
2023-08-08 11:22:04,12,15,7938,13263
2023-08-08 11:22:37,12,14,7938,13263
2023-08-08 11:22:39,12,15,7938,13263
2023-08-08 11:22:42,12,14,7938,13263
2023-08-08 11:22:43,12,15,7938,13263
2023-08-08 11:23:09,12,14,7938,13263
2023-08-08 11:23:17,12,15,7938,13263
2023-08-08 11:23:20,11,15,7938,13463
2023-08-08 11:23:21,11,14,7938,13463
2023-08-08 11:23:44,12,14,7938,13463
2023-08-08 11:23:45,12,15,7938,13463
2023-08-08 11:24:18,12,16,7938,13463
2023-08-08 11:24:18,13,16,7938,13463
2023-08-08 11:24:22,13,15,7938,13463
2023-08-08 11:24:27,12,15,7938,13463
2023-08-08 11:24:32,13,15,7938,13463
2023-08-08 11:24:33,12,15,7938,13473
2023-08-08 11:24:44,12,14,7938,13473
2023-08-08 11:24:47,11,14,7938,13473
2023-08-08 11:24:47,11,13,7938,13473
2023-08-08 11:24:49,11,14,7938,13473
2023-08-08 11:25:10,11,13,7938,13473
2023-08-08 11:25:17,11,14,7938,13473
2023-08-08 11:25:32,11,13,7938,13473
2023-08-08 11:25:40,11,14,7938,13473
2023-08-08 11:25:47,11,13,7938,13473
2023-08-08 11:25:49,11,15,7938,13473
2023-08-08 11:25:49,12,15,7938,13473
2023-08-08 11:25:55,12,14,7938,13473
2023-08-08 11:25:56,12,15,7938,13473
2023-08-08 11:26:02,12,14,7938,13473
2023-08-08 11:26:04,12,15,7938,13473
2023-08-08 11:26:09,12,16,7938,13473
2023-08-08 11:26:09,13,16,7938,13473
2023-08-08 11:26:09,13,15,7938,13473
2023-08-08 11:26:11,13,16,7938,13473
2023-08-08 11:26:17,13,15,7938,13473
2023-08-08 11:26:19,13,16,7938,13473
2023-08-08 11:26:27,13,15,7938,13473
2023-08-08 11:26:28,12,15,7938,13473
2023-08-08 11:26:29,12,16,7938,13473
2023-08-08 11:26:31,12,15,7938,13473
2023-08-08 11:26:31,13,15,7938,13473
2023-08-08 11:26:32,12,15,7938,13478
2023-08-08 11:26:34,12,16,7938,13478
2023-08-08 11:26:35,12,15,7938,13478
2023-08-08 11:26:39,12,14,7938,13478
2023-08-08 11:26:41,12,16,7938,13478
2023-08-08 11:26:43,12,15,7938,13478
2023-08-08 11:26:55,12,14,7938,13478
2023-08-08 11:26:56,12,15,7938,13478
2023-08-08 11:27:02,12,13,7938,13478
2023-08-08 11:27:05,12,15,7938,13478
2023-08-08 11:27:18,12,14,7938,13478
2023-08-08 11:27:25,12,15,7938,13478
2023-08-08 11:27:34,12,14,7938,13478
2023-08-08 11:27:35,12,15,7938,13478
2023-08-08 11:27:37,12,16,7938,13478
2023-08-08 11:27:40,13,16,7938,13478
2023-08-08 11:27:41,13,14,7938,13478
2023-08-08 11:27:49,13,16,7938,13478
2023-08-08 11:27:49,13,15,7938,13478
2023-08-08 11:27:56,13,16,7938,13478
2023-08-08 11:27:56,13,14,7938,13478
2023-08-08 11:27:58,13,16,7938,13478
2023-08-08 11:27:58,12,15,7938,13478
2023-08-08 11:28:04,12,14,7938,13478
2023-08-08 11:28:07,12,15,7938,13478
2023-08-08 11:28:16,11,15,7938,13478
2023-08-08 11:28:17,11,14,7938,13478
2023-08-08 11:28:36,11,13,7938,13478
2023-08-08 11:28:39,11,14,7938,13478
2023-08-08 11:28:42,11,13,7938,13478
2023-08-08 11:28:51,11,12,7938,13478
2023-08-08 11:28:57,11,13,7938,13478
2023-08-08 11:29:09,11,14,7938,13478
2023-08-08 11:29:11,11,13,7938,13478
2023-08-08 11:29:17,11,12,7938,13478
2023-08-08 11:29:20,11,13,7938,13478
2023-08-08 11:29:25,11,12,7938,13478
2023-08-08 11:29:27,11,13,7938,13478
2023-08-08 11:29:33,11,12,7938,13478
2023-08-08 11:29:35,11,13,7938,13478
2023-08-08 11:29:38,11,12,7938,13478
2023-08-08 11:29:44,10,12,7938,13478
2023-08-08 11:29:48,10,11,7938,13478
2023-08-08 11:29:52,10,12,7938,13478
2023-08-08 11:30:03,10,11,7938,13478
2023-08-08 11:30:05,10,12,7938,13478
2023-08-08 11:30:13,10,13,7938,13478
2023-08-08 11:30:15,10,12,7938,13478
2023-08-08 11:30:41,10,11,7938,13478
2023-08-08 11:30:43,10,12,7938,13478
2023-08-08 11:30:53,9,12,7938,13478
2023-08-08 11:31:12,9,11,7938,13478
2023-08-08 11:31:24,9,12,7938,13478
2023-08-08 11:31:27,9,11,7938,13478
2023-08-08 11:31:31,9,12,7938,13478
2023-08-08 11:31:34,9,12,7938,13478
2023-08-08 11:31:35,9,11,7938,13478
2023-08-08 11:31:36,9,12,7938,13478
2023-08-08 11:31:42,10,12,7938,13478
2023-08-08 11:31:49,10,13,7938,13478
2023-08-08 11:31:49,11,13,7938,13478
2023-08-08 11:31:59,10,13,7938,13478
2023-08-08 11:32:06,10,12,7938,13478
2023-08-08 11:32:07,10,13,7938,13478
2023-08-08 11:32:13,10,12,7938,13478
2023-08-08 11:32:16,10,13,7938,13478
2023-08-08 11:32:19,10,12,7938,13478
2023-08-08 11:32:20,9,12,7938,13478
2023-08-08 11:32:20,10,12,7938,13478
2023-08-08 11:32:22,9,12,7938,13478
2023-08-08 11:32:28,10,12,7938,13478
2023-08-08 11:32:31,9,12,7938,13478
2023-08-08 11:33:07,10,12,7938,13478
2023-08-08 11:33:08,9,12,7938,13478
2023-08-08 11:33:10,9,13,7938,13478
2023-08-08 11:33:10,10,13,7938,13478
2023-08-08 11:33:11,9,13,7938,13478
2023-08-08 11:33:11,9,12,7938,13478
2023-08-08 11:33:14,9,13,7938,13478
2023-08-08 11:33:14,10,13,7938,13478
2023-08-08 11:33:15,10,12,7938,13478
2023-08-08 11:33:16,10,13,7938,13478
2023-08-08 11:33:19,9,13,7938,13478
2023-08-08 11:33:19,9,12,7938,13478
2023-08-08 11:33:22,9,13,7938,13478
2023-08-08 11:33:22,10,13,7938,13478
2023-08-08 11:33:31,11,13,7938,13478
2023-08-08 11:33:32,10,13,7938,13478
2023-08-08 11:33:36,10,14,7938,13478
2023-08-08 11:33:37,11,14,7938,13478
2023-08-08 11:33:37,11,13,7938,13478
2023-08-08 11:33:38,10,13,7938,13478
2023-08-08 11:33:42,10,14,7938,13478
2023-08-08 11:33:45,10,13,7938,13478
2023-08-08 11:33:46,10,14,7938,13478
2023-08-08 11:33:47,10,13,7938,13478
2023-08-08 11:34:01,10,14,7938,13478
2023-08-08 11:34:04,11,14,7938,13478
2023-08-08 11:35:10,11,13,7938,13478
2023-08-08 11:35:11,10,13,7938,13478
2023-08-08 11:35:20,11,13,7938,13478
2023-08-08 11:35:24,10,13,7938,13478
2023-08-08 11:35:36,10,12,7938,13478
2023-08-08 11:35:40,10,13,7938,13478
2023-08-08 11:35:59,10,14,7938,13478
2023-08-08 11:36:00,11,14,7938,13478
2023-08-08 11:36:01,12,14,7938,13478
2023-08-08 11:36:02,11,14,7938,13478
2023-08-08 11:36:31,11,13,7938,13478
2023-08-08 11:36:33,10,13,7938,13478
2023-08-08 11:36:37,10,12,7938,13478
2023-08-08 11:37:11,11,12,7938,13478
2023-08-08 11:37:15,10,12,7938,13478
2023-08-08 11:37:18,11,12,7938,13478
2023-08-08 11:37:23,10,12,7938,13478
2023-08-08 11:37:25,11,12,7938,13478
2023-08-08 11:37:27,10,12,7938,13478
2023-08-08 11:37:34,9,12,7938,13478
2023-08-08 11:37:40,11,12,7938,13478
2023-08-08 11:37:42,9,12,7938,13478
2023-08-08 11:37:42,10,12,7938,13478
2023-08-08 11:37:43,9,12,7938,13478
2023-08-08 11:37:46,10,12,7938,13478
2023-08-08 11:37:47,9,12,7938,13478
2023-08-08 11:37:48,11,12,7938,13478
2023-08-08 11:37:51,9,12,7938,13478
2023-08-08 11:38:01,10,12,7938,13478
2023-08-08 11:38:06,9,12,7938,13478
2023-08-08 11:38:07,9,11,7938,13478
2023-08-08 11:38:11,10,11,7938,13478
2023-08-08 11:38:12,10,12,7938,13478
2023-08-08 11:38:12,9,12,7938,13478
2023-08-08 11:38:20,10,12,7938,13478
2023-08-08 11:38:28,9,12,7938,13478
2023-08-08 11:38:29,10,12,7938,13478
2023-08-08 11:38:31,9,12,7938,13478
2023-08-08 11:38:43,9,11,7938,13478
2023-08-08 11:38:44,10,11,7938,13478
2023-08-08 11:38:47,9,11,7938,13478
2023-08-08 11:38:51,10,11,7938,13478
2023-08-08 11:39:10,9,12,7938,13478
2023-08-08 11:39:27,11,12,7938,13478
2023-08-08 11:39:35,10,12,7938,13478
2023-08-08 11:39:37,9,12,7938,13478
2023-08-08 11:39:42,10,12,7938,13478
2023-08-08 11:39:45,9,12,7938,13478
2023-08-08 11:39:49,10,12,7938,13478
2023-08-08 11:39:51,9,12,7938,13478
2023-08-08 11:39:56,10,12,7938,13478
2023-08-08 11:40:01,9,12,7938,13478
2023-08-08 11:40:01,9,11,7938,13478
2023-08-08 11:40:10,10,11,7938,13478
2023-08-08 11:40:13,9,11,7938,13478
2023-08-08 11:40:16,9,12,7938,13478
2023-08-08 11:40:18,11,12,7938,13478
2023-08-08 11:40:23,9,12,7938,13478
2023-08-08 11:40:25,11,12,7938,13478
2023-08-08 11:40:27,9,12,7938,13478
2023-08-08 11:40:32,10,12,7938,13478
2023-08-08 11:40:34,9,12,7938,13478
2023-08-08 11:40:39,10,12,7938,13478
2023-08-08 11:40:49,9,12,7938,13478
2023-08-08 11:40:54,10,12,7938,13478
2023-08-08 11:40:55,9,12,7938,13478
2023-08-08 11:41:01,10,12,7938,13478
2023-08-08 11:41:06,9,12,7938,13478
2023-08-08 11:41:08,11,12,7938,13478
2023-08-08 11:41:10,10,12,7938,13478
2023-08-08 11:41:11,9,12,7938,13478
2023-08-08 11:41:12,10,12,7938,13478
2023-08-08 11:41:13,9,12,7938,13478
2023-08-08 11:41:15,10,12,7938,13478
2023-08-08 11:41:17,9,12,7938,13478
2023-08-08 11:41:18,9,13,7938,13478
2023-08-08 11:41:19,9,12,7938,13478
2023-08-08 11:41:22,9,13,7938,13478
2023-08-08 11:41:22,11,13,7938,13478
2023-08-08 11:41:24,10,13,7938,13478
2023-08-08 11:41:29,11,13,7938,13478
2023-08-08 11:41:31,10,13,7938,13478
2023-08-08 11:41:38,12,13,7938,13478
2023-08-08 11:41:39,10,13,7938,13478
2023-08-08 11:41:42,10,14,7938,13478
2023-08-08 11:41:43,11,14,7938,13478
2023-08-08 11:41:44,10,14,7938,13478
2023-08-08 11:41:44,11,14,7938,13478
2023-08-08 11:41:46,12,14,7938,13478
2023-08-08 11:41:48,11,14,7938,13478
2023-08-08 11:41:53,13,14,7938,13478
2023-08-08 11:41:55,11,14,7938,13478
2023-08-08 11:42:00,12,14,7938,13478
2023-08-08 11:42:02,11,14,7938,13478
2023-08-08 11:42:04,12,14,7938,13478
2023-08-08 11:42:05,11,14,7938,13478
2023-08-08 11:42:05,11,15,7938,13478
2023-08-08 11:42:07,12,15,7938,13478
2023-08-08 11:42:08,11,15,7938,13478
2023-08-08 11:42:08,13,15,7938,13478
2023-08-08 11:42:09,11,15,7938,13478
2023-08-08 11:42:09,12,15,7938,13478
2023-08-08 11:42:15,13,15,7938,13478
2023-08-08 11:42:17,12,15,7938,13478
2023-08-08 11:42:18,12,16,7938,13478
2023-08-08 11:42:18,13,16,7938,13478
2023-08-08 11:42:29,14,16,7938,13478
2023-08-08 11:42:31,13,16,7938,13478
2023-08-08 11:42:35,13,17,7938,13478
2023-08-08 11:42:35,14,17,7938,13478
2023-08-08 11:42:36,15,17,7938,13478
2023-08-08 11:42:38,14,17,7938,13478
2023-08-08 11:42:47,15,17,7938,13478
2023-08-08 11:42:51,16,17,7938,13478
2023-08-08 11:42:52,15,17,7938,13478
2023-08-08 11:42:55,14,17,7938,13478
2023-08-08 11:43:19,15,17,7938,13478
2023-08-08 11:43:24,14,17,7938,13478
2023-08-08 11:43:26,14,16,7938,13478
2023-08-08 11:43:26,13,16,7938,13478
2023-08-08 11:43:26,14,16,7938,13478
2023-08-08 11:43:28,13,16,7938,13478
2023-08-08 11:43:33,14,16,7938,13478
2023-08-08 11:43:35,13,16,7938,13478
2023-08-08 11:43:41,14,16,7938,13478
2023-08-08 11:43:49,13,16,7938,13478
2023-08-08 11:43:50,13,17,7938,13478
2023-08-08 11:43:50,14,17,7938,13478
2023-08-08 11:43:53,14,16,7938,13478
2023-08-08 11:43:54,14,17,7938,13478
2023-08-08 11:43:55,14,16,7938,13478
2023-08-08 11:43:59,14,17,7938,13478
2023-08-08 11:44:03,15,17,7938,13478
2023-08-08 11:44:05,14,17,7938,13478
2023-08-08 11:44:11,15,17,7938,13478
2023-08-08 11:44:29,14,17,7938,13478
2023-08-08 11:44:34,14,16,7938,13478
2023-08-08 11:44:38,14,17,7938,13478
2023-08-08 11:44:39,14,16,7938,13478
2023-08-08 11:44:43,13,16,7938,13478
2023-08-08 11:44:56,13,15,7938,13478
2023-08-08 11:44:56,12,15,7938,13478
2023-08-08 11:45:01,12,16,7938,13478
2023-08-08 11:45:02,13,16,7938,13478
2023-08-08 11:45:16,14,16,7938,13478
2023-08-08 11:45:18,13,16,7938,13478
2023-08-08 11:45:38,14,16,7938,13478
2023-08-08 11:45:41,13,16,7938,13478
2023-08-08 11:45:45,14,16,7938,13478
2023-08-08 11:45:47,13,16,7938,13478
2023-08-08 11:45:52,14,16,7938,13478
2023-08-08 11:45:54,13,16,7938,13478
2023-08-08 11:46:00,14,16,7938,13478
2023-08-08 11:46:03,13,16,7938,13478
2023-08-08 11:46:09,14,16,7938,13478
2023-08-08 11:46:13,13,16,7938,13478
2023-08-08 11:46:16,14,16,7938,13478
2023-08-08 11:46:23,13,16,7938,13478
2023-08-08 11:46:30,14,16,7938,13478
2023-08-08 11:46:32,13,16,7938,13478
2023-08-08 11:46:38,14,16,7938,13478
2023-08-08 11:46:41,13,16,7938,13478
2023-08-08 11:46:44,14,16,7938,13478
2023-08-08 11:46:47,14,17,7938,13478
2023-08-08 11:47:00,15,17,7938,13478
2023-08-08 11:47:01,14,17,7938,13478
2023-08-08 11:47:18,15,17,7938,13478
2023-08-08 11:47:19,14,17,7938,13478
2023-08-08 11:47:25,14,16,7938,13478
2023-08-08 11:47:28,13,16,7938,13478
2023-08-08 11:47:31,14,16,7938,13478
2023-08-08 11:47:32,13,16,7938,13478
2023-08-08 11:47:49,13,17,7938,13478
2023-08-08 11:47:49,14,17,7938,13478
2023-08-08 11:48:08,14,16,7938,13478
2023-08-08 11:48:15,14,17,7938,13478
2023-08-08 11:48:16,14,16,7938,13478
2023-08-08 11:48:20,14,17,7938,13478
2023-08-08 11:48:23,14,16,7938,13478
2023-08-08 11:48:24,14,17,7938,13478
2023-08-08 11:48:25,14,16,7938,13478
2023-08-08 11:48:27,13,16,7938,13478
2023-08-08 11:48:27,14,16,7938,13478
2023-08-08 11:48:30,13,17,7938,13478
2023-08-08 11:48:30,14,17,7938,13478
2023-08-08 11:48:31,14,16,7938,13478
2023-08-08 11:48:37,14,17,7938,13478
2023-08-08 11:48:38,14,16,7938,13478
2023-08-08 11:48:39,14,17,7938,13478
2023-08-08 11:48:40,14,16,7938,13478
2023-08-08 11:48:40,13,16,7938,13478
2023-08-08 11:48:42,14,16,7938,13478
2023-08-08 11:48:44,13,16,7938,13478
2023-08-08 11:49:00,13,15,7938,13478
2023-08-08 11:49:01,13,16,7938,13478
2023-08-08 11:49:03,14,16,7938,13478
2023-08-08 11:49:05,13,16,7938,13478
2023-08-08 11:49:14,13,15,7938,13478
2023-08-08 11:49:16,12,15,7938,13478
2023-08-08 11:49:17,13,15,7938,13478
2023-08-08 11:49:19,12,15,7938,13478
2023-08-08 11:49:19,12,14,7938,13478
2023-08-08 11:49:25,12,15,7938,13478
2023-08-08 11:49:25,13,15,7938,13478
2023-08-08 11:49:26,12,15,7938,13478
2023-08-08 11:49:32,12,16,7938,13478
2023-08-08 11:49:32,13,16,7938,13478
2023-08-08 11:49:33,13,15,7938,13478
2023-08-08 11:49:35,12,16,7938,13478
2023-08-08 11:49:37,12,15,7938,13478
2023-08-08 11:49:39,12,16,7938,13478
2023-08-08 11:49:40,13,16,7938,13478
2023-08-08 11:49:54,13,17,7938,13478
2023-08-08 11:49:54,14,17,7938,13478
2023-08-08 11:50:02,14,16,7938,13478
2023-08-08 11:50:06,13,16,7938,13478
2023-08-08 11:50:07,13,17,7938,13478
2023-08-08 11:50:07,14,17,7938,13478
2023-08-08 11:50:08,14,16,7938,13478
2023-08-08 11:50:09,14,17,7938,13478
2023-08-08 11:50:10,14,16,7938,13478
2023-08-08 11:50:19,13,16,7938,13478
2023-08-08 11:51:11,13,15,7938,13478
2023-08-08 11:51:12,12,15,7938,13478
2023-08-08 11:51:24,12,14,7938,13478
2023-08-08 11:51:49,12,15,7938,13478
2023-08-08 11:52:22,12,14,7938,13478
2023-08-08 11:52:29,12,15,7938,13478
2023-08-08 11:52:33,12,14,7938,13478
2023-08-08 11:52:34,12,15,7938,13478
2023-08-08 11:52:50,12,16,7938,13478
2023-08-08 11:52:52,13,16,7938,13478
2023-08-08 11:52:56,12,16,7938,13478
2023-08-08 11:53:00,13,16,7938,13478
2023-08-08 11:53:05,13,15,7938,13478
2023-08-08 11:53:05,12,15,7938,13478
2023-08-08 11:53:06,12,16,7938,13478
2023-08-08 11:53:11,13,16,7938,13478
2023-08-08 11:53:13,13,15,7938,13478
2023-08-08 11:53:13,12,15,7938,13478
2023-08-08 11:53:17,12,14,7938,13478
2023-08-08 11:53:19,12,15,7938,13478
2023-08-08 11:53:20,12,14,7938,13478
2023-08-08 11:53:30,12,15,7938,13478
2023-08-08 11:53:40,12,14,7938,13478
2023-08-08 11:53:42,12,15,7938,13478
2023-08-08 11:53:54,12,16,7938,13478
2023-08-08 11:53:55,12,15,7938,13478
2023-08-08 11:54:05,12,16,7938,13478
2023-08-08 11:54:08,13,16,7938,13478
2023-08-08 11:55:00,13,17,7938,13478
2023-08-08 11:55:00,14,17,7938,13478
2023-08-08 11:55:20,14,16,7938,13478
2023-08-08 11:55:21,14,17,7938,13478
2023-08-08 11:55:22,14,16,7938,13478
2023-08-08 11:55:23,13,16,7938,13478
2023-08-08 11:55:33,13,17,7938,13478
2023-08-08 11:55:33,14,17,7938,13478
2023-08-08 11:55:44,15,17,7938,13478
2023-08-08 11:56:05,14,17,7938,13478
2023-08-08 11:56:28,14,16,7938,13478
2023-08-08 11:56:29,13,16,7938,13478
2023-08-08 11:56:55,13,15,7938,13478
2023-08-08 11:56:57,13,16,7938,13478
2023-08-08 11:56:58,13,15,7938,13478
2023-08-08 11:57:02,12,15,7938,13478
2023-08-08 11:57:09,12,16,7938,13478
2023-08-08 11:57:09,13,16,7938,13478
2023-08-08 11:58:01,13,15,7938,13478
2023-08-08 11:58:04,13,16,7938,13478
2023-08-08 11:59:27,13,15,7938,13478
2023-08-08 11:59:37,12,15,7938,13478
2023-08-08 11:59:59,13,15,7938,13478
2023-08-08 12:00:01,13,16,7938,13478
2023-08-08 12:00:30,13,15,7938,13478
2023-08-08 12:00:45,12,15,7938,13478
2023-08-08 12:00:51,12,14,7938,13478
2023-08-08 12:01:02,11,14,7938,13478
2023-08-08 12:01:54,11,13,7938,13478
2023-08-08 12:01:58,10,13,7938,13478
2023-08-08 12:02:04,10,13,7939,13479
2023-08-08 12:02:34,10,12,7939,13479
2023-08-08 12:02:35,10,13,7939,13479
2023-08-08 12:02:37,10,12,7939,13479
2023-08-08 12:02:40,9,12,7939,13479
2023-08-08 12:03:04,9,12,7940,13480
2023-08-08 12:04:05,9,12,7941,13481
2023-08-08 12:04:35,9,11,7941,13481
2023-08-08 12:04:36,9,12,7941,13481
2023-08-08 12:04:37,9,11,7941,13481
2023-08-08 12:04:58,9,12,7941,13481
2023-08-08 12:05:07,9,11,7941,13481
2023-08-08 12:05:17,9,11,7945,13485
2023-08-08 12:05:30,9,10,7945,13485
2023-08-08 12:06:00,8,10,8189,13729
2023-08-08 12:06:58,7,10,8189,13729
2023-08-08 12:06:58,7,9,8189,13729
2023-08-08 12:08:18,8,9,8189,13729
2023-08-08 12:08:19,7,9,8189,13729
2023-08-08 12:08:21,7,10,8189,13729
2023-08-08 12:08:21,8,10,8189,13729
2023-08-08 12:08:22,7,10,8189,13729
2023-08-08 12:08:35,7,9,8189,13729
2023-08-08 12:08:37,7,10,8189,13729
2023-08-08 12:08:49,9,10,8189,13729
2023-08-08 12:08:51,7,10,8189,13729
2023-08-08 12:08:54,9,10,8189,13729
2023-08-08 12:08:55,7,10,8189,13729
2023-08-08 12:08:58,9,10,8189,13729
2023-08-08 12:08:59,7,10,8189,13729
2023-08-08 12:09:02,9,10,8189,13729
2023-08-08 12:09:05,7,10,8189,13729
2023-08-08 12:09:07,8,10,8189,13729
2023-08-08 12:09:08,7,10,8189,13729
2023-08-08 12:09:09,7,9,8189,13729
2023-08-08 12:09:10,7,10,8189,13729
2023-08-08 12:09:11,9,10,8189,13729
2023-08-08 12:09:13,7,10,8189,13729
2023-08-08 12:09:14,7,10,8189,13729
2023-08-08 12:09:15,9,10,8189,13729
2023-08-08 12:09:18,7,10,8189,13729
2023-08-08 12:09:18,7,9,8189,13729
2023-08-08 12:09:20,7,9,8186,13732
2023-08-08 12:09:24,7,9,8185,13733
2023-08-08 12:09:28,7,9,8184,13734
2023-08-08 12:09:37,7,10,8184,13734
2023-08-08 12:09:48,7,9,8184,13734
2023-08-08 12:09:49,7,10,8184,13734
2023-08-08 12:09:51,7,9,8184,13734
2023-08-08 12:09:58,6,9,8384,13934
2023-08-08 12:09:59,6,8,8384,13934
2023-08-08 12:10:15,6,9,8384,13934
2023-08-08 12:11:04,6,8,8384,13934
2023-08-08 12:11:29,6,9,8384,13934
2023-08-08 12:11:33,7,9,8384,13934
2023-08-08 12:11:34,6,9,8384,13934
2023-08-08 12:11:35,7,9,8384,13934
2023-08-08 12:11:36,6,9,8384,13934
2023-08-08 12:11:37,7,9,8384,13934
2023-08-08 12:11:38,6,9,8384,13934
2023-08-08 12:11:51,7,9,8384,13934
2023-08-08 12:11:52,6,9,8384,13934
2023-08-08 12:11:54,7,9,8384,13934
2023-08-08 12:11:55,6,9,8384,13934
2023-08-08 12:11:57,6,8,8384,13934
2023-08-08 12:12:24,6,9,8384,13934
2023-08-08 12:12:26,6,8,8384,13934
2023-08-08 12:12:38,7,8,8384,13934
2023-08-08 12:12:39,6,8,8384,13934
2023-08-08 12:12:40,7,8,8384,13934
2023-08-08 12:12:41,6,8,8384,13934
2023-08-08 12:12:42,6,9,8384,13934
2023-08-08 12:12:44,7,9,8384,13934
2023-08-08 12:12:45,6,9,8384,13934
2023-08-08 12:12:53,6,8,8384,13934
2023-08-08 12:13:04,7,8,8384,13934
2023-08-08 12:13:05,6,8,8384,13934
2023-08-08 12:15:37,6,7,8384,13934
2023-08-08 12:19:05,6,7,8384,14134
2023-08-08 12:19:56,5,6,8384,14184
2023-08-08 12:20:04,5,7,8384,14184
2023-08-08 12:20:12,5,6,8384,14184
2023-08-08 12:20:40,5,7,8384,14184
2023-08-08 12:21:28,5,6,8384,14184
2023-08-08 12:21:29,5,7,8384,14184
2023-08-08 12:21:30,5,6,8384,14184
2023-08-08 12:21:49,5,7,8384,14184
2023-08-08 12:22:36,6,7,8384,14184
2023-08-08 12:22:37,5,7,8384,14184
2023-08-08 12:22:37,5,8,8384,14184
2023-08-08 12:22:38,6,8,8384,14184
2023-08-08 12:22:39,5,8,8384,14184
2023-08-08 12:22:42,6,8,8384,14184
2023-08-08 12:22:43,5,8,8384,14184
2023-08-08 12:22:44,6,8,8384,14184
2023-08-08 12:22:45,5,8,8384,14184
2023-08-08 12:22:46,6,8,8384,14184
2023-08-08 12:22:47,5,8,8384,14184
2023-08-08 12:22:55,6,8,8384,14184
2023-08-08 12:22:56,5,8,8384,14184
2023-08-08 12:23:00,6,8,8384,14184
2023-08-08 12:23:01,5,8,8384,14184
2023-08-08 12:23:04,6,8,8384,14184
2023-08-08 12:23:05,5,8,8384,14184
2023-08-08 12:23:06,6,8,8384,14184
2023-08-08 12:23:07,5,8,8384,14184
2023-08-08 12:23:07,7,8,8384,14184
2023-08-08 12:23:09,5,8,8384,14184
2023-08-08 12:23:11,6,8,8384,14184
2023-08-08 12:23:12,5,8,8384,14184
2023-08-08 12:23:13,6,8,8384,14184
2023-08-08 12:23:14,5,8,8384,14184
2023-08-08 12:23:15,6,8,8384,14184
2023-08-08 12:23:16,5,8,8384,14184
2023-08-08 12:23:17,6,8,8384,14184
2023-08-08 12:23:18,6,7,8384,14184
2023-08-08 12:23:25,5,7,8384,14184
2023-08-08 12:23:34,6,7,8384,14184
2023-08-08 12:23:35,5,7,8384,14184
2023-08-08 12:23:38,6,7,8384,14184
2023-08-08 12:23:45,5,7,8384,14184
2023-08-08 12:23:47,6,7,8384,14184
2023-08-08 12:23:50,5,7,8384,14184
2023-08-08 12:23:51,6,7,8384,14184
2023-08-08 12:23:53,5,7,8384,14184
2023-08-08 12:24:14,6,7,8384,14184
2023-08-08 12:24:16,5,7,8384,14184
2023-08-08 12:24:17,6,7,8384,14184
2023-08-08 12:24:18,5,7,8384,14184
2023-08-08 12:24:23,6,7,8384,14184
2023-08-08 12:24:24,5,7,8384,14184
2023-08-08 12:24:31,6,7,8384,14184
2023-08-08 12:24:33,5,7,8384,14184
2023-08-08 12:24:33,6,7,8384,14184
2023-08-08 12:24:35,5,7,8384,14184
2023-08-08 12:25:24,6,7,8384,14184
2023-08-08 12:25:28,5,7,8384,14184
2023-08-08 12:25:29,6,7,8384,14184
2023-08-08 12:25:31,5,7,8384,14184
2023-08-08 12:25:33,6,7,8384,14184
2023-08-08 12:25:35,5,7,8384,14184
2023-08-08 12:25:35,6,7,8384,14184
2023-08-08 12:25:37,5,7,8384,14184
2023-08-08 12:25:37,6,7,8384,14184
2023-08-08 12:25:39,5,7,8384,14184
2023-08-08 12:25:39,6,7,8384,14184
2023-08-08 12:25:41,5,7,8384,14184
2023-08-08 12:25:41,6,7,8384,14184
2023-08-08 12:25:43,5,7,8384,14184
2023-08-08 12:25:43,6,7,8384,14184
2023-08-08 12:25:49,5,7,8384,14184
2023-08-08 12:25:54,6,7,8384,14184
2023-08-08 12:25:55,5,7,8384,14184
2023-08-08 12:25:59,6,7,8384,14184
2023-08-08 12:26:01,5,7,8384,14184
2023-08-08 12:26:01,6,7,8384,14184
2023-08-08 12:26:05,5,7,8384,14184
2023-08-08 12:26:10,5,7,8384,14184
2023-08-08 12:26:12,5,7,8384,14184
2023-08-08 12:26:15,6,7,8384,14184
2023-08-08 12:26:19,5,7,8384,14184
2023-08-08 12:26:21,5,7,8384,14184
2023-08-08 12:26:21,6,7,8384,14184
2023-08-08 12:26:25,5,7,8384,14184
2023-08-08 12:26:25,5,6,8384,14184
2023-08-08 12:26:39,5,7,8384,14184
2023-08-08 12:26:41,5,6,8384,14184
2023-08-08 12:26:41,5,6,8383,14185
2023-08-08 12:26:47,5,6,8383,14186
2023-08-08 12:27:09,5,7,8383,14186
2023-08-08 12:27:12,5,7,8383,14191
2023-08-08 12:27:17,6,7,8383,14191
2023-08-08 12:27:18,5,7,8388,14196
2023-08-08 12:27:30,5,6,8388,14196
2023-08-08 12:27:33,5,7,8388,14196
2023-08-08 12:27:35,5,6,8388,14196
2023-08-08 12:27:36,5,7,8388,14196
2023-08-08 12:27:43,5,6,8388,14196
2023-08-08 12:27:45,5,7,8388,14196
2023-08-08 12:27:58,5,6,8388,14196
2023-08-08 12:28:02,5,7,8388,14196
2023-08-08 12:28:04,5,6,8388,14196
2023-08-08 12:28:07,5,7,8388,14196
2023-08-08 12:28:43,5,6,8388,14196
2023-08-08 12:28:47,5,7,8388,14196
2023-08-08 12:28:48,5,6,8388,14196
2023-08-08 12:28:49,5,6,8388,14202
2023-08-08 12:29:05,4,6,8388,14202
2023-08-08 12:29:06,5,6,8388,14202
2023-08-08 12:29:08,4,6,8388,14202
2023-08-08 12:29:09,5,6,8388,14202
2023-08-08 12:29:11,4,6,8388,14202
2023-08-08 12:29:11,5,6,8388,14202
2023-08-08 12:29:13,4,6,8388,14202
2023-08-08 12:29:14,5,6,8388,14202
2023-08-08 12:29:15,4,6,8388,14202
2023-08-08 12:29:16,5,6,8388,14202
2023-08-08 12:29:17,4,6,8388,14202
2023-08-08 12:29:20,4,6,8388,14207
2023-08-08 12:32:04,4,5,8388,14207
2023-08-08 12:34:08,4,5,8388,14212
2023-08-08 12:34:08,4,5,8388,14412
2023-08-08 12:34:11,4,5,8388,14417
2023-08-08 12:34:14,4,5,8393,14422
2023-08-08 12:34:16,3,4,8393,14457
2023-08-08 12:34:18,3,4,8390,14460
2023-08-08 12:34:21,3,4,8389,14461
2023-08-08 12:34:24,3,4,8388,14462
2023-08-08 12:34:51,3,4,8388,14467
2023-08-08 12:34:55,3,4,8388,14472
2023-08-08 12:35:05,3,4,8388,14477
2023-08-08 12:35:14,3,4,8388,14482
2023-08-08 12:35:17,3,4,8388,14492
2023-08-08 12:35:24,3,4,8388,14502
2023-08-08 12:35:40,3,4,8388,14507
2023-08-08 12:35:53,3,4,8388,14512
2023-08-08 12:36:34,3,4,8388,14517
2023-08-08 12:36:54,3,5,8388,14522
2023-08-08 12:37:05,3,4,8388,14522
2023-08-08 12:37:08,3,4,8388,14532
2023-08-08 12:37:11,3,4,8388,14537
2023-08-08 12:37:31,3,4,8388,14542
2023-08-08 12:37:36,3,5,8388,14542
2023-08-08 12:37:37,3,4,8388,14542
2023-08-08 12:37:38,3,4,8388,14547
2023-08-08 12:37:39,3,5,8388,14547
2023-08-08 12:37:40,3,4,8388,14547
2023-08-08 12:37:41,3,5,8388,14547
2023-08-08 12:37:43,3,4,8388,14547
2023-08-08 12:37:53,3,5,8388,14547
2023-08-08 12:37:57,3,4,8388,14547
2023-08-08 12:38:00,3,5,8388,14547
2023-08-08 12:38:01,3,4,8388,14547
2023-08-08 12:38:06,3,5,8388,14547
2023-08-08 12:38:07,3,4,8388,14547
2023-08-08 12:38:09,3,5,8388,14547
2023-08-08 12:38:11,3,4,8388,14547
2023-08-08 12:38:12,3,5,8388,14547
2023-08-08 12:38:14,3,4,8388,14547
2023-08-08 12:38:16,3,5,8388,14547
2023-08-08 12:38:20,3,4,8388,14547
2023-08-08 12:38:22,3,5,8388,14547
2023-08-08 12:38:23,3,4,8388,14547
2023-08-08 12:38:25,3,5,8388,14547
2023-08-08 12:38:29,4,5,8388,14547
2023-08-08 12:38:30,3,5,8388,14547
2023-08-08 12:38:30,4,5,8388,14547
2023-08-08 12:38:33,3,5,8388,14547
2023-08-08 12:38:33,4,5,8388,14547
2023-08-08 12:38:35,3,5,8388,14547
2023-08-08 12:38:37,4,5,8388,14547
2023-08-08 12:38:40,3,5,8388,14547
2023-08-08 12:38:40,4,5,8388,14547
2023-08-08 12:38:41,4,6,8327,14747
2023-08-08 12:38:42,5,6,8327,14747
2023-08-08 12:38:45,4,6,8327,14747
2023-08-08 12:38:46,5,6,8327,14747
2023-08-08 12:38:47,4,6,8327,14747
2023-08-08 12:39:36,5,6,8327,14747
2023-08-08 12:39:42,4,6,8327,14747
2023-08-08 12:39:43,5,6,8327,14747
2023-08-08 12:39:46,4,6,8327,14747
2023-08-08 12:39:59,4,5,8327,14747
2023-08-08 12:40:00,3,5,8327,14747
2023-08-08 12:40:00,4,5,8327,14747
2023-08-08 12:40:01,4,6,8327,14747
2023-08-08 12:40:10,3,6,8327,14747
2023-08-08 12:40:10,3,5,8327,14747
2023-08-08 12:40:10,4,5,8327,14747
2023-08-08 12:40:13,3,5,8327,14747
2023-08-08 12:40:14,3,6,8327,14747
2023-08-08 12:40:14,4,6,8327,14747
2023-08-08 12:40:17,5,6,8327,14747
2023-08-08 12:40:21,4,6,8327,14747
2023-08-08 12:40:32,4,5,8327,14747
2023-08-08 12:40:38,3,6,8327,14747
2023-08-08 12:40:38,4,6,8327,14747
2023-08-08 12:40:51,3,6,8327,14747
2023-08-08 12:40:51,3,5,8327,14747
2023-08-08 12:40:51,4,5,8327,14747
2023-08-08 12:40:52,4,6,8327,14747
2023-08-08 12:41:26,4,5,8327,14747
2023-08-08 12:41:29,4,5,8314,14760
2023-08-08 12:41:32,4,5,8319,14765
2023-08-08 12:41:42,4,6,8319,14765
2023-08-08 12:41:46,4,5,8319,14765
2023-08-08 12:41:47,4,6,8319,14765
2023-08-08 12:41:54,4,6,8324,14770
2023-08-08 12:42:00,5,6,8324,14770
2023-08-08 12:42:03,4,6,8324,14770
2023-08-08 12:42:03,5,6,8324,14770
2023-08-08 12:42:04,4,6,8324,14770
2023-08-08 12:42:04,5,6,8324,14770
2023-08-08 12:42:08,4,6,8324,14770
2023-08-08 12:42:12,5,6,8324,14770
2023-08-08 12:42:13,4,6,8324,14770
2023-08-08 12:42:14,5,6,8324,14770
2023-08-08 12:42:14,5,6,8329,14775
2023-08-08 12:42:15,4,6,8329,14775
2023-08-08 12:42:15,4,7,8329,14775
2023-08-08 12:42:15,4,6,8329,14775
2023-08-08 12:42:17,4,7,8329,14775
2023-08-08 12:42:17,5,7,8329,14775
2023-08-08 12:42:25,5,6,8329,14775
2023-08-08 12:42:28,5,7,8329,14775
2023-08-08 12:42:28,5,6,8329,14775
2023-08-08 12:42:30,5,7,8329,14775
2023-08-08 12:42:31,6,7,8329,14775
2023-08-08 12:42:32,6,7,8315,14789
2023-08-08 12:42:35,5,7,8315,14789
2023-08-08 12:42:37,6,7,8315,14789
2023-08-08 12:42:45,6,7,8308,14796
2023-08-08 12:42:50,5,7,8308,14796
2023-08-08 12:42:52,6,7,8308,14796
2023-08-08 12:42:54,5,7,8308,14796
2023-08-08 12:42:54,6,7,8308,14796
2023-08-08 12:42:57,5,7,8308,14796
2023-08-08 12:43:02,6,7,8308,14796
2023-08-08 12:43:04,5,7,8308,14796
2023-08-08 12:43:06,6,7,8308,14796
2023-08-08 12:43:07,5,7,8308,14796
2023-08-08 12:43:09,6,7,8308,14796
2023-08-08 12:43:12,4,7,8308,14796
2023-08-08 12:43:12,5,7,8308,14796
2023-08-08 12:43:14,4,7,8308,14796
2023-08-08 12:43:14,4,6,8308,14796
2023-08-08 12:43:15,4,7,8308,14796
2023-08-08 12:43:15,5,7,8308,14796
2023-08-08 12:43:16,6,7,8308,14796
2023-08-08 12:43:18,5,7,8308,14796
2023-08-08 12:43:19,4,7,8308,14796
2023-08-08 12:43:19,4,6,8308,14796
2023-08-08 12:43:19,4,6,8313,14801
2023-08-08 12:43:22,4,6,8318,14806
2023-08-08 12:43:31,5,7,8318,14806
2023-08-08 12:43:35,4,7,8318,14806
2023-08-08 12:43:35,4,6,8318,14806
2023-08-08 12:43:36,5,6,8318,14806
2023-08-08 12:43:37,4,7,8318,14806
2023-08-08 12:43:38,6,7,8318,14806
2023-08-08 12:43:42,5,7,8318,14806
2023-08-08 12:43:53,4,7,8318,14806
2023-08-08 12:43:53,4,6,8318,14806
2023-08-08 12:43:53,5,6,8318,14806
2023-08-08 12:43:54,5,7,8318,14806
2023-08-08 12:43:57,4,7,8318,14806
2023-08-08 12:43:57,5,7,8318,14806
2023-08-08 12:43:57,5,6,8318,14806
2023-08-08 12:43:59,4,7,8318,14806
2023-08-08 12:43:59,5,7,8318,14806
2023-08-08 12:44:01,6,7,8318,14806
2023-08-08 12:44:10,5,7,8318,14806
2023-08-08 12:44:17,6,7,8318,14806
2023-08-08 12:44:23,5,7,8318,14806
2023-08-08 12:44:26,6,7,8318,14806
2023-08-08 12:44:52,5,7,8318,14806
2023-08-08 12:44:53,6,7,8318,14806
2023-08-08 12:44:55,6,8,8318,14806
2023-08-08 12:45:18,7,8,8318,14806
2023-08-08 12:45:27,6,8,8318,14806
2023-08-08 12:45:38,7,8,8318,14806
2023-08-08 12:45:39,6,8,8318,14806
2023-08-08 12:45:46,6,7,8318,14806
2023-08-08 12:45:48,6,8,8318,14806
2023-08-08 12:45:56,6,7,8318,14806
2023-08-08 12:46:02,6,8,8318,14806
2023-08-08 12:46:02,6,7,8318,14806
2023-08-08 12:46:04,6,8,8318,14806
2023-08-08 12:46:04,6,7,8318,14806
2023-08-08 12:46:08,6,8,8318,14806
2023-08-08 12:46:08,6,7,8318,14806
2023-08-08 12:46:12,6,8,8318,14806
2023-08-08 12:46:14,6,7,8318,14806
2023-08-08 12:46:22,6,8,8318,14806
2023-08-08 12:46:33,6,7,8318,14806
2023-08-08 12:46:35,6,8,8318,14806
2023-08-08 12:46:36,6,7,8318,14806
2023-08-08 12:46:41,6,8,8318,14806
2023-08-08 12:46:43,6,7,8318,14806
2023-08-08 12:46:45,6,8,8318,14806
2023-08-08 12:46:51,6,7,8318,14806
2023-08-08 12:46:59,6,8,8318,14806
2023-08-08 12:47:01,6,7,8318,14806
2023-08-08 12:47:17,6,8,8318,14806
2023-08-08 12:47:19,6,7,8318,14806
2023-08-08 12:47:21,6,8,8318,14806
2023-08-08 12:47:24,6,7,8318,14806
2023-08-08 12:47:28,6,8,8318,14806
2023-08-08 12:47:28,6,7,8318,14806
2023-08-08 12:47:30,6,8,8318,14806
2023-08-08 12:47:30,6,7,8318,14806
2023-08-08 12:47:32,6,8,8318,14806
2023-08-08 12:47:33,6,7,8318,14806
2023-08-08 12:47:44,6,8,8318,14806
2023-08-08 12:47:46,6,8,8318,14806
2023-08-08 12:47:46,6,7,8318,14806
2023-08-08 12:47:48,6,8,8318,14806
2023-08-08 12:47:50,6,8,8318,14806
2023-08-08 12:47:50,6,7,8318,14806
2023-08-08 12:47:51,6,8,8318,14806
2023-08-08 12:47:51,6,7,8318,14806
2023-08-08 12:47:53,6,8,8318,14806
2023-08-08 12:47:53,6,7,8318,14806
2023-08-08 12:47:56,6,8,8318,14806
2023-08-08 12:47:56,6,7,8318,14806
2023-08-08 12:47:57,6,8,8318,14806
2023-08-08 12:47:57,6,7,8318,14806
2023-08-08 12:47:58,6,8,8318,14806
2023-08-08 12:47:58,6,7,8318,14806
2023-08-08 12:48:01,6,8,8318,14806
2023-08-08 12:48:04,6,8,8318,14806
2023-08-08 12:48:05,6,7,8318,14806
2023-08-08 12:48:07,6,8,8318,14806
2023-08-08 12:48:07,6,7,8318,14806
2023-08-08 12:48:12,6,8,8318,14806
2023-08-08 12:48:12,6,7,8318,14806
2023-08-08 12:48:15,6,8,8318,14806
2023-08-08 12:48:17,6,7,8318,14806
2023-08-08 12:48:24,6,8,8318,14806
2023-08-08 12:48:24,6,7,8318,14806
2023-08-08 12:48:26,6,8,8318,14806
2023-08-08 12:48:27,6,7,8318,14806
2023-08-08 12:48:39,5,7,8364,15006
2023-08-08 12:48:49,4,7,8364,15006
2023-08-08 12:48:50,5,7,8364,15006
2023-08-08 12:48:52,4,7,8364,15006
2023-08-08 12:48:52,5,7,8364,15006
2023-08-08 12:48:55,4,7,8364,15006
2023-08-08 12:48:55,5,7,8364,15006
2023-08-08 12:48:57,4,7,8364,15006
2023-08-08 12:48:59,4,7,8364,15006
2023-08-08 12:49:19,4,6,8364,15006
2023-08-08 12:49:21,4,7,8364,15006
2023-08-08 12:49:29,4,6,8364,15006
2023-08-08 12:49:30,4,7,8364,15006
2023-08-08 12:49:31,5,7,8364,15006
2023-08-08 12:49:34,4,7,8364,15006
2023-08-08 12:49:38,5,7,8364,15006
2023-08-08 12:49:49,4,7,8364,15006
2023-08-08 12:49:49,5,7,8364,15006
2023-08-08 12:49:51,4,7,8364,15006
2023-08-08 12:49:52,5,7,8364,15006
2023-08-08 12:49:54,4,7,8364,15006
2023-08-08 12:49:56,5,7,8364,15006
2023-08-08 12:50:01,4,7,8364,15006
2023-08-08 12:50:03,5,7,8364,15006
2023-08-08 12:50:05,4,7,8364,15006
2023-08-08 12:50:06,5,7,8364,15006
2023-08-08 12:50:11,4,7,8364,15006
2023-08-08 12:50:15,5,7,8364,15006
2023-08-08 12:50:18,4,7,8364,15006
2023-08-08 12:50:20,5,7,8364,15006
2023-08-08 12:50:23,4,7,8364,15006
2023-08-08 12:50:24,5,7,8364,15006
2023-08-08 12:50:29,4,7,8364,15006
2023-08-08 12:50:29,5,7,8364,15006
2023-08-08 12:50:39,4,7,8364,15006
2023-08-08 12:50:40,5,7,8364,15006
2023-08-08 12:50:47,4,7,8364,15006
2023-08-08 12:50:49,4,6,8364,15006
2023-08-08 12:50:54,4,7,8364,15006
2023-08-08 12:51:00,5,7,8364,15006
2023-08-08 12:51:00,6,7,8364,15006
2023-08-08 12:51:04,4,7,8364,15006
2023-08-08 12:51:06,5,7,8364,15006
2023-08-08 12:51:08,4,7,8364,15006
2023-08-08 12:51:09,5,7,8364,15006
2023-08-08 12:51:11,4,7,8364,15006
2023-08-08 12:51:37,5,7,8364,15006
2023-08-08 12:51:39,4,7,8364,15006
2023-08-08 12:51:41,4,7,8364,15006
2023-08-08 12:51:41,4,6,8364,15006
2023-08-08 12:51:43,4,7,8364,15006
2023-08-08 12:51:45,4,6,8364,15006
2023-08-08 12:51:47,5,6,8364,15006
2023-08-08 12:51:53,4,6,8364,15006
2023-08-08 12:51:53,4,7,8364,15006
2023-08-08 12:51:53,4,6,8364,15006
2023-08-08 12:51:54,4,7,8364,15006
2023-08-08 12:51:56,4,6,8364,15006
2023-08-08 12:51:57,4,7,8364,15006
2023-08-08 12:51:57,5,7,8364,15006
2023-08-08 12:51:59,4,7,8364,15006
2023-08-08 12:51:59,4,6,8364,15006
2023-08-08 12:52:01,4,7,8364,15006
2023-08-08 12:52:01,4,6,8364,15006
2023-08-08 12:52:05,4,7,8364,15006
2023-08-08 12:52:06,4,6,8364,15006
2023-08-08 12:52:10,4,7,8364,15006
2023-08-08 12:52:12,4,7,8364,15006
2023-08-08 12:52:15,6,7,8364,15006
2023-08-08 12:52:16,4,7,8369,15011
2023-08-08 12:52:20,4,7,8374,15016
2023-08-08 12:52:21,5,7,8374,15016
2023-08-08 12:52:25,4,7,8374,15016
2023-08-08 12:52:28,4,6,8374,15016
2023-08-08 12:52:30,5,7,8374,15016
2023-08-08 12:52:33,5,6,8374,15016
2023-08-08 12:52:40,5,7,8374,15016
2023-08-08 12:52:44,5,8,8374,15016
2023-08-08 12:52:44,6,8,8374,15016
2023-08-08 12:52:52,6,7,8374,15016
2023-08-08 12:52:54,6,8,8374,15016
2023-08-08 12:52:59,6,7,8374,15016
2023-08-08 12:53:01,6,8,8374,15016
2023-08-08 12:53:01,6,8,8361,15029
2023-08-08 12:53:08,5,8,8361,15029
2023-08-08 12:53:08,5,7,8361,15029
2023-08-08 12:53:09,5,8,8361,15029
2023-08-08 12:53:09,6,8,8361,15029
2023-08-08 12:53:13,6,7,8361,15029
2023-08-08 12:53:15,6,8,8361,15029
2023-08-08 12:53:15,6,7,8361,15029
2023-08-08 12:53:17,5,7,8361,15029
2023-08-08 12:53:21,5,8,8361,15029
2023-08-08 12:53:21,6,8,8361,15029
2023-08-08 12:53:25,6,7,8361,15029
2023-08-08 12:53:33,6,8,8361,15029
2023-08-08 12:53:37,6,7,8361,15029
2023-08-08 12:53:41,6,8,8361,15029
2023-08-08 12:53:41,7,8,8361,15029
2023-08-08 12:53:42,6,8,8361,15029
2023-08-08 12:53:43,6,7,8361,15029
2023-08-08 12:53:46,6,8,8361,15029
2023-08-08 12:53:48,6,7,8361,15029
2023-08-08 12:53:49,5,7,8361,15029
2023-08-08 12:54:09,5,8,8361,15029
2023-08-08 12:54:09,5,7,8361,15029
2023-08-08 12:54:11,6,8,8361,15029
2023-08-08 12:54:11,6,7,8361,15029
2023-08-08 12:54:12,5,7,8361,15029
2023-08-08 12:54:15,5,8,8361,15029
2023-08-08 12:54:15,6,8,8361,15029
2023-08-08 12:54:15,6,7,8361,15029
2023-08-08 12:54:17,6,8,8361,15029
2023-08-08 12:54:17,6,7,8361,15029
2023-08-08 12:54:18,5,7,8361,15029
2023-08-08 12:54:19,5,8,8361,15029
2023-08-08 12:54:19,6,8,8361,15029
2023-08-08 12:54:19,6,7,8361,15029
2023-08-08 12:54:20,5,7,8361,15029
2023-08-08 12:54:23,6,8,8361,15029
2023-08-08 12:54:23,6,7,8361,15029
2023-08-08 12:54:27,6,8,8361,15029
2023-08-08 12:54:27,6,7,8361,15029
2023-08-08 12:54:29,6,8,8361,15029
2023-08-08 12:54:30,5,7,8361,15029
2023-08-08 12:54:54,4,7,8361,15029
2023-08-08 12:54:54,5,7,8361,15029
2023-08-08 12:55:03,4,7,8361,15029
2023-08-08 12:55:03,5,7,8361,15029
2023-08-08 12:55:07,4,7,8361,15029
2023-08-08 12:55:07,5,7,8361,15029
2023-08-08 12:55:09,4,7,8361,15029
2023-08-08 12:55:11,5,7,8361,15029
2023-08-08 12:55:13,4,7,8361,15029
2023-08-08 12:55:13,5,7,8361,15029
2023-08-08 12:55:15,4,7,8361,15029
2023-08-08 12:55:15,5,7,8361,15029
2023-08-08 12:55:20,4,7,8361,15029
2023-08-08 12:55:20,5,7,8361,15029
2023-08-08 12:55:22,4,7,8361,15029
2023-08-08 12:55:30,4,6,8361,15029
2023-08-08 12:55:31,4,7,8361,15029
2023-08-08 12:55:32,4,6,8361,15029
2023-08-08 12:55:34,4,7,8361,15029
2023-08-08 12:55:39,4,7,8361,15029
2023-08-08 12:55:39,4,6,8361,15029
2023-08-08 12:55:41,4,7,8361,15029
2023-08-08 12:55:41,4,6,8361,15029
2023-08-08 12:55:43,4,7,8361,15029
2023-08-08 12:55:45,4,6,8361,15029
2023-08-08 12:55:49,4,7,8361,15029
2023-08-08 12:55:49,4,6,8361,15029
2023-08-08 12:55:51,4,7,8361,15029
2023-08-08 12:55:51,4,6,8361,15029
2023-08-08 12:55:57,4,7,8361,15029
2023-08-08 12:55:57,4,6,8361,15029
2023-08-08 12:55:59,4,7,8361,15029
2023-08-08 12:56:01,4,6,8361,15029
2023-08-08 12:56:05,5,6,8361,15029
2023-08-08 12:56:08,4,6,8361,15029
2023-08-08 12:56:10,5,6,8361,15029
2023-08-08 12:56:10,5,7,8361,15029
2023-08-08 12:56:11,4,7,8361,15029
2023-08-08 12:56:13,5,7,8361,15029
2023-08-08 12:56:13,5,6,8361,15029
2023-08-08 12:56:15,4,7,8361,15029
2023-08-08 12:56:17,5,7,8361,15029
2023-08-08 12:56:27,4,7,8361,15029
2023-08-08 12:56:27,5,7,8361,15029
2023-08-08 12:56:29,4,7,8361,15029
2023-08-08 12:56:31,4,7,8361,15029
2023-08-08 12:56:44,4,7,8361,15029
2023-08-08 12:56:45,5,7,8361,15029
2023-08-08 12:56:51,4,7,8361,15029
2023-08-08 12:56:51,5,7,8361,15029
2023-08-08 12:57:00,4,7,8361,15029
2023-08-08 12:57:04,5,7,8361,15029
2023-08-08 12:57:24,4,7,8361,15029
2023-08-08 12:57:26,5,7,8361,15029
2023-08-08 12:57:28,4,7,8361,15029
2023-08-08 12:57:32,4,7,8361,15029
2023-08-08 12:57:32,5,7,8361,15029
2023-08-08 12:57:34,4,7,8361,15029
2023-08-08 12:57:34,5,7,8361,15029
2023-08-08 12:57:47,6,7,8361,15029
2023-08-08 12:57:48,5,7,8361,15029
2023-08-08 12:58:00,4,7,8361,15029
2023-08-08 12:58:00,5,7,8361,15029
2023-08-08 12:58:07,4,7,8361,15029
2023-08-08 12:58:08,5,7,8361,15029
2023-08-08 12:58:10,4,7,8361,15029
2023-08-08 12:58:12,5,7,8361,15029
2023-08-08 12:58:18,4,7,8361,15029
2023-08-08 12:58:18,5,7,8361,15029
2023-08-08 12:58:18,5,6,8361,15029
2023-08-08 12:58:29,4,7,8361,15029
2023-08-08 12:58:30,5,7,8361,15029
2023-08-08 12:58:33,4,7,8361,15029
2023-08-08 12:58:34,5,7,8361,15029
2023-08-08 12:58:40,5,6,8361,15029
2023-08-08 12:58:42,4,6,8361,15029
2023-08-08 12:59:12,3,6,8361,15029
2023-08-08 12:59:14,4,6,8361,15029
2023-08-08 12:59:33,5,6,8361,15029
2023-08-08 12:59:37,4,6,8361,15029
2023-08-08 12:59:40,5,6,8361,15029
2023-08-08 12:59:41,4,6,8361,15029
2023-08-08 12:59:42,5,6,8361,15029
2023-08-08 12:59:43,4,6,8361,15029
2023-08-08 12:59:57,4,5,8361,15029
2023-08-08 13:00:25,3,5,8486,15154
2023-08-08 13:00:27,3,4,8486,15154
2023-08-08 13:02:47,3,4,8486,15223
2023-08-08 13:02:49,3,4,8486,15258
2023-08-08 13:02:51,3,4,8487,15293
2023-08-08 13:02:53,3,4,8486,15294
2023-08-08 13:02:56,3,4,8486,15295
2023-08-08 13:05:20,3,4,8486,15296
2023-08-08 13:05:21,3,4,8486,15297
2023-08-08 13:05:22,3,4,8486,15298
2023-08-08 13:05:23,3,4,8486,15299
2023-08-08 13:05:24,3,4,8486,15300
2023-08-08 13:05:25,3,4,8486,15301
2023-08-08 13:05:26,3,4,8486,15302
2023-08-08 13:05:26,3,4,8490,15307
2023-08-08 13:05:27,3,4,8490,15308
2023-08-08 13:05:28,3,4,8490,15309
2023-08-08 13:05:28,3,4,8488,15311
2023-08-08 13:05:29,3,4,8488,15314
2023-08-08 13:05:30,3,4,8488,15317
2023-08-08 13:05:30,3,4,8487,15318
2023-08-08 13:05:31,3,4,8487,15322
2023-08-08 13:05:32,3,4,8487,15326
2023-08-08 13:05:33,3,4,8487,15330
2023-08-08 13:05:34,3,4,8487,15334
2023-08-08 13:05:35,3,4,8487,15338
2023-08-08 13:05:37,3,4,8486,15339
2023-08-08 13:06:16,3,4,8486,15344
2023-08-08 13:06:24,3,4,8491,15349
2023-08-08 13:06:25,3,5,8491,15349
2023-08-08 13:06:42,3,4,8491,15349
2023-08-08 13:06:50,3,5,8491,15349
2023-08-08 13:06:51,3,4,8491,15349
2023-08-08 13:06:53,3,5,8491,15349
2023-08-08 13:06:54,3,4,8491,15349
2023-08-08 13:10:21,3,4,8496,15354
2023-08-08 13:10:23,3,4,8501,15359
2023-08-08 13:10:46,3,5,8501,15359
2023-08-08 13:10:57,3,4,8501,15359
2023-08-08 13:11:10,3,5,8501,15359
2023-08-08 13:11:50,3,4,8501,15359
2023-08-08 13:11:59,3,5,8501,15359
2023-08-08 13:12:21,3,4,8501,15359
2023-08-08 13:12:26,3,4,8501,15369
2023-08-08 13:13:08,2,4,8615,15491
2023-08-08 13:13:15,3,4,8615,15491
2023-08-08 13:13:16,2,4,8615,15491
2023-08-08 13:13:17,3,4,8615,15491
2023-08-08 13:13:18,2,4,8615,15491
2023-08-08 13:13:19,3,4,8615,15491
2023-08-08 13:13:20,2,4,8615,15491
2023-08-08 13:13:21,3,4,8615,15491
2023-08-08 13:13:22,2,4,8615,15491
2023-08-08 13:13:23,3,4,8615,15491
2023-08-08 13:13:24,2,4,8615,15491
2023-08-08 13:13:25,3,4,8615,15491
2023-08-08 13:13:26,2,4,8615,15491
2023-08-08 13:13:27,3,4,8615,15491
2023-08-08 13:13:28,2,4,8615,15491
2023-08-08 13:13:29,3,4,8615,15491
2023-08-08 13:13:30,2,4,8615,15491
2023-08-08 13:13:31,3,4,8615,15491
2023-08-08 13:13:32,2,4,8615,15491
2023-08-08 13:13:33,3,4,8615,15491
2023-08-08 13:13:34,2,4,8615,15491
2023-08-08 13:13:35,3,4,8615,15491
2023-08-08 13:13:36,2,4,8615,15491
2023-08-08 13:13:37,3,4,8615,15491
2023-08-08 13:13:38,2,4,8615,15491
2023-08-08 13:13:39,2,5,8615,15891
2023-08-08 13:13:39,3,5,8615,15891
2023-08-08 13:14:04,2,5,8615,15891
2023-08-08 13:14:04,2,4,8615,15891
2023-08-08 13:14:34,2,3,8615,15891
2023-08-08 13:14:37,2,4,8615,15891
2023-08-08 13:14:39,2,3,8615,15891
2023-08-08 13:14:45,2,4,8615,15891
2023-08-08 13:14:47,2,3,8615,15891
2023-08-08 13:17:03,2,3,8815,16091
2023-08-08 13:24:17,2,3,8820,16096
2023-08-08 13:24:31,2,3,8825,16101
2023-08-08 13:24:38,2,3,8830,16106
2023-08-08 13:24:44,2,4,8830,16106
2023-08-08 13:24:45,3,4,8830,16106
2023-08-08 13:24:48,3,4,8835,16111
2023-08-08 13:25:16,3,4,8840,16116
2023-08-08 13:25:28,3,5,8840,16316
2023-08-08 13:25:29,4,5,8840,16316
2023-08-08 13:25:46,4,5,8840,16716
2023-08-08 13:25:56,3,5,8840,17016
2023-08-08 13:25:57,4,5,8840,17016
2023-08-08 13:26:08,3,5,8840,17016
2023-08-08 13:26:12,4,5,8840,17016
2023-08-08 13:26:14,3,5,8840,17016
2023-08-08 13:26:23,4,5,8840,17016
2023-08-08 13:26:24,3,5,8840,17016
2023-08-08 13:26:25,4,5,8840,17016
2023-08-08 13:26:26,3,5,8840,17016
2023-08-08 13:26:28,3,4,8840,17016
2023-08-08 13:26:30,3,5,8840,17016
2023-08-08 13:26:31,4,5,8840,17016
2023-08-08 13:26:33,3,5,8840,17016
2023-08-08 13:26:34,4,5,8840,17016
2023-08-08 13:26:37,3,5,8840,17016
2023-08-08 13:26:40,4,5,8840,17016
2023-08-08 13:26:55,3,5,8840,17016
2023-08-08 13:27:01,4,5,8840,17016
2023-08-08 13:27:27,3,5,8840,17016
2023-08-08 13:27:28,4,5,8840,17016
2023-08-08 13:27:30,3,5,8840,17016
2023-08-08 13:27:31,3,4,8840,17016
2023-08-08 13:27:32,3,5,8840,17016
2023-08-08 13:27:33,4,5,8840,17016
2023-08-08 13:27:34,3,5,8840,17016
2023-08-08 13:27:42,4,5,8840,17016
2023-08-08 13:27:43,3,5,8840,17016
2023-08-08 13:27:44,4,5,8840,17016
2023-08-08 13:27:46,3,5,8840,17016
2023-08-08 13:27:50,4,5,8840,17016
2023-08-08 13:27:52,3,5,8840,17016
2023-08-08 13:27:55,4,5,8840,17016
2023-08-08 13:27:59,3,5,8840,17016
2023-08-08 13:28:00,4,5,8840,17016
2023-08-08 13:28:01,3,5,8840,17016
2023-08-08 13:28:06,4,5,8840,17016
2023-08-08 13:28:06,4,5,8822,17034
2023-08-08 13:28:12,3,5,8822,17034
2023-08-08 13:28:16,4,5,8822,17034
2023-08-08 13:28:17,3,5,8822,17034
2023-08-08 13:28:32,4,5,8822,17034
2023-08-08 13:28:37,3,5,8822,17034
2023-08-08 13:28:52,4,5,8822,17034
2023-08-08 13:28:56,3,5,8822,17034
2023-08-08 13:28:57,4,5,8822,17034
2023-08-08 13:28:59,3,5,8822,17034
2023-08-08 13:29:00,4,5,8822,17034
2023-08-08 13:29:04,3,5,8822,17034
2023-08-08 13:29:06,4,5,8822,17034
2023-08-08 13:29:08,3,5,8822,17034
2023-08-08 13:29:10,4,5,8822,17034
2023-08-08 13:29:19,3,5,8822,17134
2023-08-08 13:29:25,4,5,8822,17134
2023-08-08 13:29:25,4,5,8822,17209
2023-08-08 13:29:25,3,4,8822,17234
2023-08-08 13:29:39,3,5,8822,17284
2023-08-08 13:29:40,4,5,8822,17284
2023-08-08 13:29:47,4,5,8822,17309
2023-08-08 13:29:48,3,5,8822,17309
2023-08-08 13:29:48,3,4,8822,17309
2023-08-08 13:29:50,3,5,8822,17309
2023-08-08 13:29:53,4,5,8822,17309
2023-08-08 13:30:00,4,5,8822,17334
2023-08-08 13:30:00,4,5,8813,17343
2023-08-08 13:30:01,4,5,8813,17393
2023-08-08 13:30:01,3,4,8813,17409
2023-08-08 13:30:22,2,4,8813,17414
2023-08-08 13:30:49,2,3,8813,17414
2023-08-08 13:30:53,2,4,8813,17414
2023-08-08 13:30:55,2,3,8813,17414
2023-08-08 13:30:56,2,3,8818,17419
2023-08-08 13:31:04,2,4,8818,17419
2023-08-08 13:31:06,2,3,8818,17419
2023-08-08 13:31:13,2,4,8818,17419
2023-08-08 13:31:16,2,3,8818,17419
2023-08-08 13:31:22,2,4,8818,17419
2023-08-08 13:31:23,2,3,8818,17419
2023-08-08 13:31:24,2,4,8818,17419
2023-08-08 13:31:34,2,3,8818,17419
2023-08-08 13:31:35,2,4,8818,17419
2023-08-08 13:31:48,2,3,8818,17419
2023-08-08 13:31:57,2,4,8818,17419
2023-08-08 13:32:15,2,3,8818,17419
2023-08-08 13:32:16,2,4,8818,17419
2023-08-08 13:32:18,2,3,8818,17419
2023-08-08 13:32:19,2,4,8818,17419
2023-08-08 13:32:23,2,3,8818,17419
2023-08-08 13:32:24,2,4,8818,17419
2023-08-08 13:32:25,2,3,8818,17419
2023-08-08 13:32:26,2,4,8818,17419
2023-08-08 13:32:28,2,3,8818,17419
2023-08-08 13:32:31,2,4,8818,17419
2023-08-08 13:32:35,2,3,8818,17419
2023-08-08 13:32:44,2,4,8818,17419
2023-08-08 13:32:54,2,3,8818,17419
2023-08-08 13:32:57,2,4,8818,17419
2023-08-08 13:32:58,2,3,8818,17419
2023-08-08 13:33:05,2,4,8818,17419
2023-08-08 13:33:09,2,3,8818,17419
2023-08-08 13:33:17,2,4,8818,17419
2023-08-08 13:33:18,2,3,8818,17419
2023-08-08 13:33:57,2,4,8818,17419
2023-08-08 13:33:58,2,3,8818,17419
2023-08-08 13:34:07,2,4,8818,17419
2023-08-08 13:34:08,2,3,8818,17419
2023-08-08 13:34:24,2,4,8818,17419
2023-08-08 13:34:42,2,3,8818,17419
2023-08-08 13:34:43,2,4,8818,17419
2023-08-08 13:35:02,3,4,8818,17419
2023-08-08 13:35:09,3,4,8823,17424
2023-08-08 13:35:27,3,5,8823,17453
2023-08-08 13:35:28,4,5,8823,17453
2023-08-08 13:35:30,3,5,8823,17453
2023-08-08 13:35:31,4,5,8823,17453
2023-08-08 13:35:34,3,5,8823,17453
2023-08-08 13:35:36,4,5,8823,17453
2023-08-08 13:35:38,3,5,8823,17453
2023-08-08 13:35:39,4,5,8823,17453
2023-08-08 13:35:41,3,5,8823,17453
2023-08-08 13:35:44,4,5,8823,17453
2023-08-08 13:35:45,3,5,8823,17453
2023-08-08 13:35:47,4,5,8823,17453
2023-08-08 13:35:48,3,5,8823,17453
2023-08-08 13:36:06,4,5,8823,17453
2023-08-08 13:36:08,3,5,8823,17453
2023-08-08 13:36:16,4,5,8823,17453
2023-08-08 13:36:18,3,5,8823,17453
2023-08-08 13:36:55,4,5,8823,17453
2023-08-08 13:36:57,4,6,8823,17453
2023-08-08 13:36:59,4,5,8823,17453
2023-08-08 13:37:00,4,6,8823,17453
2023-08-08 13:37:03,4,5,8823,17453
2023-08-08 13:37:04,4,6,8823,17453
2023-08-08 13:37:11,3,6,8823,17453
2023-08-08 13:37:11,3,5,8823,17453
2023-08-08 13:37:20,3,6,8823,17453
2023-08-08 13:37:20,4,6,8823,17453
2023-08-08 13:37:22,3,6,8823,17453
2023-08-08 13:37:22,3,5,8823,17453
2023-08-08 13:37:28,3,6,8823,17453
2023-08-08 13:37:28,4,6,8823,17453
2023-08-08 13:37:29,3,6,8823,17453
2023-08-08 13:37:29,3,5,8823,17453
2023-08-08 13:37:31,3,6,8823,17453
2023-08-08 13:37:31,4,6,8823,17453
2023-08-08 13:37:33,3,6,8823,17453
2023-08-08 13:37:33,3,5,8823,17453
2023-08-08 13:37:35,3,6,8823,17453
2023-08-08 13:37:35,4,6,8823,17453
2023-08-08 13:37:36,3,6,8823,17453
2023-08-08 13:37:36,3,5,8823,17453
2023-08-08 13:37:38,3,6,8823,17453
2023-08-08 13:37:38,4,6,8823,17453
2023-08-08 13:37:39,3,6,8823,17453
2023-08-08 13:37:39,3,5,8823,17453
2023-08-08 13:37:40,3,6,8823,17453
2023-08-08 13:37:40,4,6,8823,17453
2023-08-08 13:37:41,3,6,8823,17453
2023-08-08 13:37:41,3,5,8823,17453
2023-08-08 13:37:56,3,4,8823,17453
2023-08-08 13:37:57,3,5,8823,17453
2023-08-08 13:38:00,3,4,8823,17453
2023-08-08 13:38:06,2,4,8823,17453
2023-08-08 13:38:07,2,3,8823,17453
2023-08-08 13:38:20,2,4,8823,17453
2023-08-08 13:38:21,2,3,8823,17453
2023-08-08 13:38:41,2,4,8823,17453
2023-08-08 13:38:42,2,3,8823,17453
2023-08-08 13:39:04,2,4,8823,17453
2023-08-08 13:39:05,2,3,8823,17453
2023-08-08 13:39:06,2,4,8823,17453
2023-08-08 13:39:07,2,3,8823,17453
2023-08-08 13:39:24,2,4,8823,17453
2023-08-08 13:39:25,2,3,8823,17453
2023-08-08 13:44:57,1,3,9123,17753
2023-08-08 13:52:53,2,3,9123,17753
2023-08-08 13:59:34,1,3,9345,17975
2023-08-08 14:13:13,1,2,9345,17975
2023-08-08 14:13:25,1,2,9442,18072
2023-08-08 14:13:25,1,3,9442,18072
2023-08-08 14:13:33,1,2,9442,18072
2023-08-08 14:13:33,1,3,9442,18072
2023-08-08 14:13:34,1,3,9542,18172
2023-08-08 14:13:57,1,2,9542,18172
2023-08-08 14:13:58,1,3,9542,18172
2023-08-08 14:13:58,1,3,9642,18272
2023-08-08 14:14:00,1,2,9642,18272
2023-08-08 14:14:01,1,3,9642,18272
2023-08-08 14:14:02,1,2,9642,18272
2023-08-08 14:14:03,1,3,9642,18272
2023-08-08 14:14:05,1,2,9682,18312
2023-08-08 14:14:07,1,3,9682,18312
2023-08-08 14:14:28,1,2,9682,18312
2023-08-08 14:14:29,1,3,9682,18312
2023-08-08 14:18:01,1,2,9682,18312
2023-08-08 14:18:02,1,3,9682,18312
2023-08-08 14:18:03,1,2,9682,18312
2023-08-08 14:18:04,1,3,9682,18312
2023-08-08 14:18:05,1,2,9682,18312
2023-08-08 14:18:05,1,3,9682,18312
2023-08-08 14:18:05,1,2,9682,18312
2023-08-08 14:18:07,1,2,9687,18317
2023-08-08 14:18:09,1,3,9687,18317
2023-08-08 14:18:12,1,2,9687,18317
2023-08-08 14:18:14,1,3,9687,18317
2023-08-08 14:18:14,1,3,9797,18427
2023-08-08 14:18:22,1,2,9797,18427
2023-08-08 14:18:24,1,2,9887,18517
2023-08-08 14:18:27,1,2,9889,18519
2023-08-08 14:18:28,1,2,9987,18617
2023-08-08 14:18:28,1,2,9995,18625
2023-08-08 14:18:30,1,2,10002,18632
2023-08-08 14:18:46,1,2,10102,18732
2023-08-08 14:21:15,1,2,10202,18832
2023-08-08 14:21:47,1,2,10402,19032
2023-08-08 14:22:53,1,2,10500,19130
2023-08-08 14:25:14,1,2,10512,19230
2023-08-08 14:27:02,1,2,10512,19262
2023-08-08 14:46:27,1,2,10512,19312
2023-08-08 14:50:18,1,2,10512,19332
2023-08-08 14:51:57,1,2,10512,19407
2023-08-08 14:54:11,1,2,10512,19482
2023-08-08 14:54:11,1,2,10512,19557
2023-08-08 15:11:13,1,2,10512,19567
2023-08-08 15:21:45,0,2,10512,19786
2023-08-08 15:22:40,0,1,10512,19786
