datetime,bid,ask,open_interest,volume
2023-08-08 09:30:07,23,30,69,73
2023-08-08 09:30:08,22,30,69,73
2023-08-08 09:30:08,24,30,69,73
2023-08-08 09:30:09,22,30,69,73
2023-08-08 09:30:11,23,30,69,73
2023-08-08 09:30:12,22,30,69,73
2023-08-08 09:30:12,24,30,69,73
2023-08-08 09:30:13,22,30,69,73
2023-08-08 09:30:13,25,30,69,73
2023-08-08 09:30:14,22,30,69,73
2023-08-08 09:30:15,23,30,69,73
2023-08-08 09:30:16,22,30,69,73
2023-08-08 09:30:24,23,30,69,73
2023-08-08 09:30:25,22,30,69,73
2023-08-08 09:30:26,23,30,69,73
2023-08-08 09:30:27,22,30,69,73
2023-08-08 09:30:27,24,30,69,73
2023-08-08 09:30:28,22,30,69,73
2023-08-08 09:30:28,25,30,69,73
2023-08-08 09:30:29,22,30,69,73
2023-08-08 09:30:29,26,30,69,73
2023-08-08 09:30:30,22,30,69,73
2023-08-08 09:30:30,27,30,69,73
2023-08-08 09:30:31,22,30,69,73
2023-08-08 09:30:31,28,30,69,73
2023-08-08 09:30:32,29,30,69,73
2023-08-08 09:30:33,30,34,72,76
2023-08-08 09:30:34,31,34,72,76
2023-08-08 09:30:35,32,34,72,76
2023-08-08 09:30:35,32,34,88,92
2023-08-08 09:30:35,31,34,188,192
2023-08-08 09:30:36,32,34,188,192
2023-08-08 09:30:38,31,34,288,292
2023-08-08 09:30:39,32,34,288,292
2023-08-08 09:30:39,31,34,388,392
2023-08-08 09:30:40,32,34,388,392
2023-08-08 09:30:40,31,34,488,492
2023-08-08 09:30:41,32,34,488,492
2023-08-08 09:30:42,33,34,488,492
2023-08-08 09:30:43,32,34,588,592
2023-08-08 09:30:44,31,34,588,592
2023-08-08 09:30:44,31,33,588,592
2023-08-08 09:30:45,31,34,588,592
2023-08-08 09:30:45,32,34,588,592
2023-08-08 09:30:45,31,34,688,692
2023-08-08 09:30:47,31,33,688,692
2023-08-08 09:30:47,30,33,772,776
2023-08-08 09:30:48,31,33,772,776
2023-08-08 09:30:49,31,34,772,776
2023-08-08 09:30:49,32,34,772,776
2023-08-08 09:30:50,31,34,772,776
2023-08-08 09:30:50,31,33,772,776
2023-08-08 09:30:52,31,34,772,776
2023-08-08 09:30:52,32,34,772,776
2023-08-08 09:30:52,31,34,872,876
2023-08-08 09:30:53,31,33,872,876
2023-08-08 09:30:53,30,33,972,976
2023-08-08 09:30:54,22,33,972,976
2023-08-08 09:30:54,22,34,972,976
2023-08-08 09:30:55,23,34,972,976
2023-08-08 09:30:56,22,34,972,976
2023-08-08 09:30:56,24,34,972,976
2023-08-08 09:30:57,22,34,972,976
2023-08-08 09:30:57,25,34,972,976
2023-08-08 09:30:58,22,34,972,976
2023-08-08 09:30:58,22,33,972,976
2023-08-08 09:30:59,26,34,972,976
2023-08-08 09:31:00,23,34,972,976
2023-08-08 09:31:00,26,34,972,976
2023-08-08 09:31:00,28,32,972,976
2023-08-08 09:31:00,28,31,972,976
2023-08-08 09:31:00,28,30,972,976
2023-08-08 09:31:01,29,30,972,976
2023-08-08 09:31:01,29,30,1040,1044
2023-08-08 09:31:02,28,30,1040,1044
2023-08-08 09:31:02,28,31,1240,1244
2023-08-08 09:31:03,28,32,1640,1644
2023-08-08 09:31:03,29,32,1640,1644
2023-08-08 09:31:03,29,31,1640,1644
2023-08-08 09:31:04,30,31,1640,1644
2023-08-08 09:31:04,30,32,1740,1744
2023-08-08 09:31:05,31,32,1740,1744
2023-08-08 09:31:06,30,31,1840,1844
2023-08-08 09:31:07,30,32,2022,2026
2023-08-08 09:31:08,30,32,2122,2126
2023-08-08 09:31:09,31,32,2122,2126
2023-08-08 09:31:10,30,31,2222,2226
2023-08-08 09:31:14,30,32,2222,2226
2023-08-08 09:31:15,30,31,2222,2226
2023-08-08 09:31:15,30,31,2322,2326
2023-08-08 09:31:16,30,32,2322,2326
2023-08-08 09:31:17,30,31,2322,2326
2023-08-08 09:31:18,30,32,2522,2526
2023-08-08 09:31:18,30,31,2522,2526
2023-08-08 09:31:19,30,32,2522,2526
2023-08-08 09:31:21,29,32,2622,2626
2023-08-08 09:31:21,29,31,2622,2626
2023-08-08 09:31:21,29,31,2722,2726
2023-08-08 09:31:22,29,32,2722,2726
2023-08-08 09:31:22,30,32,2722,2726
2023-08-08 09:31:23,31,32,2722,2726
2023-08-08 09:31:23,30,32,2822,2826
2023-08-08 09:31:25,31,32,2822,2826
2023-08-08 09:31:25,30,32,2922,2926
2023-08-08 09:31:27,31,32,2922,2926
2023-08-08 09:31:27,30,32,3022,3026
2023-08-08 09:31:28,31,32,3022,3026
2023-08-08 09:31:29,30,32,3122,3126
2023-08-08 09:31:33,29,32,3122,3126
2023-08-08 09:31:33,29,31,3122,3126
2023-08-08 09:31:35,30,31,3122,3126
2023-08-08 09:31:36,29,31,3122,3126
2023-08-08 09:31:37,30,31,3122,3126
2023-08-08 09:31:37,29,31,3222,3226
2023-08-08 09:31:38,30,31,3222,3226
2023-08-08 09:31:41,29,31,3322,3326
2023-08-08 09:31:42,30,31,3322,3326
2023-08-08 09:31:42,29,31,3422,3426
2023-08-08 09:31:43,30,31,3422,3426
2023-08-08 09:31:44,29,31,3422,3426
2023-08-08 09:31:47,30,31,3422,3426
2023-08-08 09:31:48,29,31,3522,3526
2023-08-08 09:31:49,30,31,3522,3526
2023-08-08 09:31:50,29,31,3522,3526
2023-08-08 09:31:51,30,31,3522,3526
2023-08-08 09:31:52,29,31,3622,3626
2023-08-08 09:31:53,30,31,3622,3626
2023-08-08 09:31:54,29,31,3722,3726
2023-08-08 09:31:55,30,31,3722,3726
2023-08-08 09:31:57,29,31,3722,3726
2023-08-08 09:31:58,30,31,3722,3726
2023-08-08 09:31:58,29,31,3822,3826
2023-08-08 09:31:59,28,31,3822,3826
2023-08-08 09:31:59,28,30,3822,3826
2023-08-08 09:32:02,28,29,3822,3826
2023-08-08 09:32:03,26,29,3822,3826
2023-08-08 09:32:03,28,29,3822,3826
2023-08-08 09:32:04,26,29,3822,3826
2023-08-08 09:32:05,27,29,3822,3826
2023-08-08 09:32:06,28,29,3822,3826
2023-08-08 09:32:14,28,30,4022,4026
2023-08-08 09:32:15,29,30,4022,4026
2023-08-08 09:32:16,28,30,4122,4126
2023-08-08 09:32:18,29,30,4122,4126
2023-08-08 09:32:19,28,30,4122,4126
2023-08-08 09:32:21,27,30,4122,4126
2023-08-08 09:32:21,27,29,4122,4126
2023-08-08 09:32:23,27,30,4122,4126
2023-08-08 09:32:23,28,30,4122,4126
2023-08-08 09:32:32,29,30,4122,4126
2023-08-08 09:32:34,28,30,4122,4126
2023-08-08 09:32:35,29,30,4122,4126
2023-08-08 09:32:38,28,30,4222,4226
2023-08-08 09:32:39,29,30,4222,4226
2023-08-08 09:32:40,29,31,4622,4626
2023-08-08 09:32:41,30,31,4622,4626
2023-08-08 09:32:41,29,31,4822,4876
2023-08-08 09:32:42,30,31,4822,4876
2023-08-08 09:32:43,29,31,4922,4976
2023-08-08 09:32:44,30,31,4922,4976
2023-08-08 09:32:47,30,32,5322,5376
2023-08-08 09:32:48,30,32,5722,5776
2023-08-08 09:32:48,31,32,5722,5776
2023-08-08 09:32:49,31,32,6122,6176
2023-08-08 09:32:50,31,33,6122,6176
2023-08-08 09:32:51,31,32,6122,6176
2023-08-08 09:32:54,31,33,6122,6176
2023-08-08 09:32:54,31,33,6222,6426
2023-08-08 09:32:55,31,32,6222,6426
2023-08-08 09:32:57,31,33,6222,6426
2023-08-08 09:32:57,30,33,6222,6426
2023-08-08 09:32:57,31,33,6222,6426
2023-08-08 09:32:59,32,33,6222,6426
2023-08-08 09:33:00,31,33,6222,6426
2023-08-08 09:33:05,32,33,6222,6426
2023-08-08 09:33:09,31,33,6322,6526
2023-08-08 09:33:10,32,33,6322,6526
2023-08-08 09:33:13,31,33,6422,6626
2023-08-08 09:33:14,31,34,6822,7026
2023-08-08 09:33:14,32,34,6822,7026
2023-08-08 09:33:15,31,34,6822,7026
2023-08-08 09:33:16,32,34,6822,7026
2023-08-08 09:33:16,32,33,6822,7026
2023-08-08 09:33:20,31,33,6922,7126
2023-08-08 09:33:22,31,32,6922,7126
2023-08-08 09:33:22,30,32,6922,7126
2023-08-08 09:33:23,30,33,6922,7126
2023-08-08 09:33:23,31,33,6922,7126
2023-08-08 09:33:30,30,33,6922,7126
2023-08-08 09:33:30,30,32,6922,7126
2023-08-08 09:33:31,30,33,6922,7126
2023-08-08 09:33:31,31,33,6922,7126
2023-08-08 09:33:33,30,33,6922,7126
2023-08-08 09:33:33,30,32,6922,7126
2023-08-08 09:33:36,30,33,6922,7126
2023-08-08 09:33:36,31,33,6922,7126
2023-08-08 09:33:41,31,32,6922,7126
2023-08-08 09:33:41,30,32,6922,7126
2023-08-08 09:33:42,30,33,6922,7126
2023-08-08 09:33:42,31,33,6922,7126
2023-08-08 09:33:43,31,32,6922,7126
2023-08-08 09:33:44,31,33,6922,7126
2023-08-08 09:33:45,31,32,6922,7126
2023-08-08 09:33:51,31,33,6922,7126
2023-08-08 09:33:52,31,32,6922,7126
2023-08-08 09:33:52,30,32,7072,7276
2023-08-08 09:33:55,30,33,7072,7276
2023-08-08 09:33:56,30,32,7072,7276
2023-08-08 09:33:58,30,31,7072,7276
2023-08-08 09:34:02,30,32,7072,7276
2023-08-08 09:34:02,30,32,7072,7351
2023-08-08 09:34:03,30,31,7072,7351
2023-08-08 09:34:04,30,32,7072,7351
2023-08-08 09:34:05,30,31,7072,7351
2023-08-08 09:34:06,30,32,7072,7351
2023-08-08 09:34:33,30,31,7072,7351
2023-08-08 09:34:40,30,31,6672,7751
2023-08-08 09:34:44,30,32,6672,7751
2023-08-08 09:34:48,31,32,6672,7751
2023-08-08 09:34:51,30,32,6672,7751
2023-08-08 09:34:52,30,31,6672,7751
2023-08-08 09:34:54,30,32,6672,7751
2023-08-08 09:34:54,30,33,6672,7751
2023-08-08 09:34:55,31,33,6672,7751
2023-08-08 09:34:57,30,33,6672,7751
2023-08-08 09:34:58,30,31,6672,7751
2023-08-08 09:34:59,30,32,6672,7751
2023-08-08 09:35:01,30,33,6672,7751
2023-08-08 09:35:01,30,32,6672,7751
2023-08-08 09:35:02,30,31,6672,7751
2023-08-08 09:35:03,29,31,6672,7751
2023-08-08 09:35:04,29,30,6672,7751
2023-08-08 09:35:06,29,31,6672,7751
2023-08-08 09:35:07,29,30,6672,7751
2023-08-08 09:35:08,29,31,6672,7751
2023-08-08 09:35:10,29,30,6672,7751
2023-08-08 09:35:12,29,31,6672,7751
2023-08-08 09:35:20,29,30,6672,7751
2023-08-08 09:35:21,29,31,6672,7751
2023-08-08 09:35:22,29,30,6672,7751
2023-08-08 09:35:23,29,31,6672,7751
2023-08-08 09:35:28,29,30,6672,7751
2023-08-08 09:35:29,29,31,6672,7751
2023-08-08 09:35:29,30,31,6672,7751
2023-08-08 09:35:33,29,31,6672,7751
2023-08-08 09:35:35,29,32,6672,7751
2023-08-08 09:35:35,30,32,6672,7751
2023-08-08 09:35:36,29,32,6672,7751
2023-08-08 09:35:36,29,31,6672,7751
2023-08-08 09:35:38,29,32,6672,7751
2023-08-08 09:35:38,30,32,6672,7751
2023-08-08 09:35:39,29,32,6672,7751
2023-08-08 09:35:39,29,31,6672,7751
2023-08-08 09:35:41,29,30,6672,7751
2023-08-08 09:35:43,29,31,6672,7751
2023-08-08 09:35:46,29,30,6672,7751
2023-08-08 09:35:49,29,31,6672,7751
2023-08-08 09:35:56,29,30,6672,7751
2023-08-08 09:35:57,29,31,6672,7751
2023-08-08 09:35:59,29,30,6672,7751
2023-08-08 09:36:01,29,31,6672,7751
2023-08-08 09:36:03,29,30,6672,7751
2023-08-08 09:36:07,28,30,6672,7751
2023-08-08 09:36:10,28,29,6672,7751
2023-08-08 09:36:12,28,29,6272,8151
2023-08-08 09:36:13,27,29,5997,8426
2023-08-08 09:36:14,28,29,5997,8426
2023-08-08 09:36:14,28,29,5897,8526
2023-08-08 09:36:15,28,30,5897,8526
2023-08-08 09:36:15,27,30,5897,8526
2023-08-08 09:36:16,28,30,5897,8526
2023-08-08 09:36:17,27,30,5897,8526
2023-08-08 09:36:17,27,29,5897,8526
2023-08-08 09:36:20,27,30,5897,8526
2023-08-08 09:36:20,28,30,5897,8526
2023-08-08 09:36:23,27,30,5897,8526
2023-08-08 09:36:23,27,29,5897,8526
2023-08-08 09:36:24,27,30,5897,8526
2023-08-08 09:36:24,28,30,5897,8526
2023-08-08 09:36:25,28,29,5897,8526
2023-08-08 09:36:28,27,29,5897,8526
2023-08-08 09:36:33,28,29,5897,8526
2023-08-08 09:36:34,28,30,5897,8526
2023-08-08 09:36:34,28,30,5897,8526
2023-08-08 09:36:35,28,29,5897,8526
2023-08-08 09:36:38,27,29,5897,8526
2023-08-08 09:36:38,26,29,5897,8526
2023-08-08 09:36:39,27,29,5897,8526
2023-08-08 09:36:41,26,29,5897,8526
2023-08-08 09:36:41,26,28,5897,8526
2023-08-08 09:36:44,26,29,5897,8526
2023-08-08 09:36:44,27,29,5897,8526
2023-08-08 09:36:45,26,29,5897,8526
2023-08-08 09:36:45,26,28,5897,8526
2023-08-08 09:36:50,27,28,5897,8526
2023-08-08 09:36:51,26,28,5897,8526
2023-08-08 09:36:56,26,27,5897,8526
2023-08-08 09:36:57,26,28,5897,8526
2023-08-08 09:37:02,26,27,5897,8526
2023-08-08 09:37:03,26,28,5897,8526
2023-08-08 09:37:08,26,27,5897,8526
2023-08-08 09:37:10,26,28,5897,8526
2023-08-08 09:37:11,26,27,5897,8526
2023-08-08 09:37:14,26,28,5897,8526
2023-08-08 09:37:20,26,27,5897,8526
2023-08-08 09:37:21,26,28,5897,8526
2023-08-08 09:37:23,27,28,5897,8526
2023-08-08 09:37:24,26,28,5897,8526
2023-08-08 09:37:25,26,27,5897,8526
2023-08-08 09:37:29,25,27,5497,8926
2023-08-08 09:37:31,25,26,5497,8926
2023-08-08 09:37:31,24,26,5497,8926
2023-08-08 09:37:33,24,27,5497,8926
2023-08-08 09:37:33,25,27,5497,8926
2023-08-08 09:37:36,24,27,5497,8926
2023-08-08 09:37:37,24,26,5497,8926
2023-08-08 09:37:38,24,27,5497,8926
2023-08-08 09:37:38,25,27,5497,8926
2023-08-08 09:37:41,24,27,5497,8926
2023-08-08 09:37:42,25,27,5497,8926
2023-08-08 09:37:47,24,27,5497,8926
2023-08-08 09:37:47,24,26,5497,8926
2023-08-08 09:37:48,24,27,5497,8926
2023-08-08 09:37:48,25,27,5497,8926
2023-08-08 09:37:50,24,27,5497,8926
2023-08-08 09:37:51,24,26,5497,8926
2023-08-08 09:37:53,25,26,5497,8926
2023-08-08 09:37:56,24,26,5497,8926
2023-08-08 09:37:57,25,26,5497,8926
2023-08-08 09:37:59,24,26,5497,8926
2023-08-08 09:38:02,24,27,5497,8926
2023-08-08 09:38:02,25,27,5497,8926
2023-08-08 09:38:04,24,27,5497,8926
2023-08-08 09:38:04,24,26,5497,8926
2023-08-08 09:38:06,24,27,5497,8926
2023-08-08 09:38:06,25,27,5497,8926
2023-08-08 09:38:08,24,27,5497,8926
2023-08-08 09:38:08,24,26,5497,8926
2023-08-08 09:38:09,24,27,5497,8926
2023-08-08 09:38:09,25,27,5497,8926
2023-08-08 09:38:14,26,27,5497,8926
2023-08-08 09:38:17,26,28,5497,8926
2023-08-08 09:38:21,25,28,5497,8926
2023-08-08 09:38:21,25,27,5497,8926
2023-08-08 09:38:23,25,28,5497,8926
2023-08-08 09:38:23,26,28,5497,8926
2023-08-08 09:38:26,25,28,5497,8926
2023-08-08 09:38:26,25,27,5497,8926
2023-08-08 09:38:27,25,28,5497,8926
2023-08-08 09:38:27,26,28,5497,8926
2023-08-08 09:38:29,27,28,5497,8926
2023-08-08 09:38:30,26,28,5497,8926
2023-08-08 09:38:35,25,28,5497,8926
2023-08-08 09:38:35,25,27,5497,8926
2023-08-08 09:38:37,25,28,5497,8926
2023-08-08 09:38:37,26,28,5497,8926
2023-08-08 09:38:39,25,28,5497,8926
2023-08-08 09:38:39,25,27,5497,8926
2023-08-08 09:38:40,25,28,5497,8926
2023-08-08 09:38:40,26,28,5497,8926
2023-08-08 09:38:41,25,28,5497,8926
2023-08-08 09:38:41,25,27,5497,8926
2023-08-08 09:38:45,25,26,5497,8926
2023-08-08 09:38:46,25,27,5497,8926
2023-08-08 09:38:47,25,26,5497,8926
2023-08-08 09:38:48,24,26,5497,8926
2023-08-08 09:38:50,24,27,5497,8926
2023-08-08 09:38:50,25,27,5497,8926
2023-08-08 09:38:52,24,27,5497,8926
2023-08-08 09:38:52,24,26,5497,8926
2023-08-08 09:38:53,24,27,5497,8926
2023-08-08 09:38:53,25,27,5497,8926
2023-08-08 09:38:58,26,27,5497,8926
2023-08-08 09:38:59,25,27,5497,8926
2023-08-08 09:39:00,25,26,5497,8926
2023-08-08 09:39:01,25,27,5497,8926
2023-08-08 09:39:03,25,26,5497,8926
2023-08-08 09:39:05,25,27,5497,8926
2023-08-08 09:39:08,25,26,5497,8926
2023-08-08 09:39:09,24,26,5497,8926
2023-08-08 09:39:11,25,26,5497,8926
2023-08-08 09:39:12,24,26,5497,8926
2023-08-08 09:39:18,25,26,5497,8926
2023-08-08 09:39:19,24,26,5497,8926
2023-08-08 09:39:22,24,25,5497,8926
2023-08-08 09:39:23,24,26,5497,8926
2023-08-08 09:39:23,25,26,5497,8926
2023-08-08 09:39:24,24,26,5497,8926
2023-08-08 09:39:26,25,26,5497,8926
2023-08-08 09:39:27,25,27,5497,8926
2023-08-08 09:39:32,25,26,5497,8926
2023-08-08 09:39:33,25,27,5497,8926
2023-08-08 09:39:35,26,27,5497,8926
2023-08-08 09:39:36,26,28,5497,8926
2023-08-08 09:39:38,27,28,5497,8926
2023-08-08 09:39:41,26,28,5497,8926
2023-08-08 09:39:44,27,28,5497,8926
2023-08-08 09:39:47,27,29,5497,8926
2023-08-08 09:39:48,26,29,5497,8926
2023-08-08 09:39:48,26,28,5497,8926
2023-08-08 09:39:49,26,29,5497,8926
2023-08-08 09:39:49,27,29,5497,8926
2023-08-08 09:39:49,27,28,5497,8926
2023-08-08 09:39:50,26,28,5497,8926
2023-08-08 09:39:52,27,28,5497,8926
2023-08-08 09:39:53,26,28,5497,8926
2023-08-08 09:39:56,25,28,5497,8926
2023-08-08 09:39:56,25,27,5497,8926
2023-08-08 09:39:57,25,26,5497,8926
2023-08-08 09:39:58,25,27,5497,8926
2023-08-08 09:40:00,25,28,5497,8926
2023-08-08 09:40:03,25,28,5497,8926
2023-08-08 09:40:03,25,27,5497,8926
2023-08-08 09:40:04,25,28,5497,8926
2023-08-08 09:40:04,26,28,5497,8926
2023-08-08 09:40:05,25,28,5497,8926
2023-08-08 09:40:05,25,27,5497,8926
2023-08-08 09:40:06,25,28,5497,8926
2023-08-08 09:40:09,27,28,5497,8926
2023-08-08 09:40:10,26,28,5497,8926
2023-08-08 09:40:12,27,28,5497,8926
2023-08-08 09:40:13,26,28,5497,8926
2023-08-08 09:40:14,27,28,5497,8926
2023-08-08 09:40:25,27,29,5497,8926
2023-08-08 09:40:29,28,29,5497,8926
2023-08-08 09:40:31,27,29,5497,8926
2023-08-08 09:40:32,26,29,5497,8926
2023-08-08 09:40:32,26,28,5497,8926
2023-08-08 09:40:34,26,29,5497,8926
2023-08-08 09:40:34,27,29,5497,8926
2023-08-08 09:40:42,28,29,5497,8926
2023-08-08 09:40:43,27,29,5497,8926
2023-08-08 09:40:47,28,29,5497,8926
2023-08-08 09:40:50,27,29,5497,8926
2023-08-08 09:40:54,28,29,5497,8926
2023-08-08 09:40:55,27,29,5497,8926
2023-08-08 09:40:56,28,29,5497,8926
2023-08-08 09:40:57,27,29,5497,8926
2023-08-08 09:40:58,28,29,5497,8926
2023-08-08 09:41:01,27,29,5497,8926
2023-08-08 09:41:02,28,29,5497,8926
2023-08-08 09:41:04,27,29,5497,8926
2023-08-08 09:41:08,27,28,5497,8926
2023-08-08 09:41:09,26,28,5497,8926
2023-08-08 09:41:10,27,28,5497,8926
2023-08-08 09:41:12,27,29,5497,8926
2023-08-08 09:41:14,28,29,5497,8926
2023-08-08 09:41:21,27,29,5497,8926
2023-08-08 09:41:22,26,29,5497,8926
2023-08-08 09:41:22,26,28,5497,8926
2023-08-08 09:41:24,26,29,5497,8926
2023-08-08 09:41:24,27,29,5497,8926
2023-08-08 09:41:24,27,28,5497,8926
2023-08-08 09:41:26,26,28,5497,8926
2023-08-08 09:41:28,27,28,5497,8926
2023-08-08 09:41:33,26,28,5497,8926
2023-08-08 09:41:37,27,28,5497,8926
2023-08-08 09:41:38,26,28,5497,8926
2023-08-08 09:41:39,27,28,5497,8926
2023-08-08 09:41:40,26,28,5497,8926
2023-08-08 09:41:42,27,28,5497,8926
2023-08-08 09:41:47,26,28,5497,8926
2023-08-08 09:41:51,27,28,5497,8926
2023-08-08 09:41:52,26,28,5497,8926
2023-08-08 09:41:53,27,28,5497,8926
2023-08-08 09:41:55,26,28,5497,8926
2023-08-08 09:41:59,27,28,5497,8926
2023-08-08 09:42:01,26,28,5497,8926
2023-08-08 09:42:05,27,28,5497,8926
2023-08-08 09:42:06,26,28,5497,8926
2023-08-08 09:42:08,27,28,5497,8926
2023-08-08 09:42:09,26,28,5497,8926
2023-08-08 09:42:12,25,28,5497,8926
2023-08-08 09:42:12,25,27,5497,8926
2023-08-08 09:42:13,25,28,5497,8926
2023-08-08 09:42:13,26,28,5497,8926
2023-08-08 09:42:17,27,28,5497,8926
2023-08-08 09:42:19,26,28,5497,8926
2023-08-08 09:42:20,25,28,5497,8926
2023-08-08 09:42:20,25,27,5497,8926
2023-08-08 09:42:22,25,28,5497,8926
2023-08-08 09:42:22,26,28,5497,8926
2023-08-08 09:42:28,26,27,5497,8926
2023-08-08 09:42:31,26,28,5497,8926
2023-08-08 09:42:32,25,28,5497,8926
2023-08-08 09:42:32,25,27,5497,8926
2023-08-08 09:42:33,25,28,5497,8926
2023-08-08 09:42:33,26,28,5497,8926
2023-08-08 09:42:35,25,28,5497,8926
2023-08-08 09:42:35,25,27,5497,8926
2023-08-08 09:42:38,25,28,5497,8926
2023-08-08 09:42:38,26,28,5497,8926
2023-08-08 09:42:42,25,28,5497,8926
2023-08-08 09:42:42,25,27,5497,8926
2023-08-08 09:42:48,25,26,5497,8926
2023-08-08 09:42:50,25,27,5497,8926
2023-08-08 09:42:52,25,26,5497,8926
2023-08-08 09:42:53,24,26,5497,8926
2023-08-08 09:42:58,24,25,5497,8926
2023-08-08 09:42:59,24,26,5497,8926
2023-08-08 09:43:01,24,25,5497,8926
2023-08-08 09:43:02,23,25,5497,8926
2023-08-08 09:43:03,24,25,5497,8926
2023-08-08 09:43:04,24,26,5497,8926
2023-08-08 09:43:05,24,25,5497,8926
2023-08-08 09:43:09,24,26,5497,8926
2023-08-08 09:43:11,24,25,5497,8926
2023-08-08 09:43:12,24,26,5497,8926
2023-08-08 09:43:14,25,26,5497,8926
2023-08-08 09:43:15,24,26,5497,8926
2023-08-08 09:43:16,24,25,5497,8926
2023-08-08 09:43:18,24,26,5497,8926
2023-08-08 09:43:19,24,25,5497,8926
2023-08-08 09:43:20,24,26,5497,8926
2023-08-08 09:43:23,24,25,5497,8926
2023-08-08 09:43:25,24,26,5497,8926
2023-08-08 09:43:35,23,26,5497,8926
2023-08-08 09:43:35,23,25,5497,8926
2023-08-08 09:43:58,24,25,5497,8926
2023-08-08 09:43:59,23,25,5497,8926
2023-08-08 09:44:00,24,25,5497,8926
2023-08-08 09:44:01,23,25,5497,8926
2023-08-08 09:44:07,23,24,5497,8926
2023-08-08 09:44:09,22,24,5497,8926
2023-08-08 09:44:10,22,23,5497,8926
2023-08-08 09:44:11,22,24,5497,8926
2023-08-08 09:44:12,22,23,5497,8926
2023-08-08 09:44:25,21,23,5297,9131
2023-08-08 09:44:26,21,22,5297,9131
2023-08-08 09:44:27,21,23,5297,9131
2023-08-08 09:44:28,21,22,5297,9131
2023-08-08 09:44:31,20,22,5297,9131
2023-08-08 09:44:32,20,21,5297,9131
2023-08-08 09:44:34,19,21,5097,9331
2023-08-08 09:44:35,19,20,5097,9331
2023-08-08 09:44:36,19,21,5097,9331
2023-08-08 09:44:36,19,22,5097,9331
2023-08-08 09:44:37,19,21,5097,9331
2023-08-08 09:44:38,19,20,5097,9331
2023-08-08 09:44:39,19,21,5097,9331
2023-08-08 09:44:40,19,22,5097,9331
2023-08-08 09:44:40,20,22,5097,9331
2023-08-08 09:44:42,21,22,5097,9331
2023-08-08 09:44:47,20,22,5097,9331
2023-08-08 09:44:49,19,22,5097,9331
2023-08-08 09:44:49,19,21,5097,9331
2023-08-08 09:44:51,19,22,5097,9331
2023-08-08 09:44:51,20,22,5097,9331
2023-08-08 09:44:54,21,22,5097,9331
2023-08-08 09:44:56,20,22,5097,9331
2023-08-08 09:45:03,20,21,5097,9331
2023-08-08 09:45:04,20,22,5097,9331
2023-08-08 09:45:04,19,22,5097,9331
2023-08-08 09:45:06,19,22,5097,9331
2023-08-08 09:45:06,19,21,5097,9331
2023-08-08 09:45:08,19,22,5097,9331
2023-08-08 09:45:08,20,22,5097,9331
2023-08-08 09:45:10,19,22,5097,9331
2023-08-08 09:45:10,19,21,5097,9331
2023-08-08 09:45:13,19,20,5097,9331
2023-08-08 09:45:14,19,21,5097,9331
2023-08-08 09:45:16,19,20,5097,9331
2023-08-08 09:45:17,19,21,5097,9331
2023-08-08 09:45:21,19,20,5097,9331
2023-08-08 09:45:24,18,20,4897,9531
2023-08-08 09:45:29,18,19,4897,9531
2023-08-08 09:45:30,18,20,4897,9531
2023-08-08 09:45:31,18,19,4897,9531
2023-08-08 09:45:32,18,20,4897,9531
2023-08-08 09:45:35,19,20,4897,9531
2023-08-08 09:45:36,18,20,4897,9531
2023-08-08 09:45:45,18,19,4897,9531
2023-08-08 09:45:46,18,20,4897,9531
2023-08-08 09:45:49,18,19,4897,9531
2023-08-08 09:45:51,18,20,4897,9531
2023-08-08 09:45:52,17,20,4897,9531
2023-08-08 09:45:52,17,19,4897,9531
2023-08-08 09:45:55,17,20,4897,9531
2023-08-08 09:45:56,18,20,4897,9531
2023-08-08 09:45:58,19,20,4897,9531
2023-08-08 09:45:59,18,20,4897,9531
2023-08-08 09:46:01,17,20,4897,9531
2023-08-08 09:46:01,17,19,4897,9531
2023-08-08 09:46:02,17,20,4897,9531
2023-08-08 09:46:02,18,20,4897,9531
2023-08-08 09:46:02,18,19,4897,9531
2023-08-08 09:46:06,18,20,4897,9531
2023-08-08 09:46:09,17,20,4897,9531
2023-08-08 09:46:09,17,19,4897,9531
2023-08-08 09:46:19,17,20,4897,9531
2023-08-08 09:46:19,18,20,4897,9531
2023-08-08 09:46:21,17,20,4897,9531
2023-08-08 09:46:21,17,19,4897,9531
2023-08-08 09:46:22,17,20,4897,9531
2023-08-08 09:46:22,18,20,4897,9531
2023-08-08 09:46:23,18,20,4921,9555
2023-08-08 09:46:26,19,20,4921,9555
2023-08-08 09:46:37,19,21,4921,9555
2023-08-08 09:46:39,18,21,4921,9555
2023-08-08 09:46:39,18,20,4921,9555
2023-08-08 09:46:40,18,21,4921,9555
2023-08-08 09:46:40,19,21,4921,9555
2023-08-08 09:46:44,19,20,4921,9555
2023-08-08 09:46:45,18,20,4921,9555
2023-08-08 09:46:47,18,21,4921,9555
2023-08-08 09:46:47,19,21,4921,9555
2023-08-08 09:46:48,18,21,4921,9555
2023-08-08 09:46:48,18,20,4921,9555
2023-08-08 09:46:54,18,21,4921,9555
2023-08-08 09:46:54,19,21,4921,9555
2023-08-08 09:47:10,19,22,4921,9555
2023-08-08 09:47:10,20,22,4921,9555
2023-08-08 09:47:16,19,22,4921,9555
2023-08-08 09:47:16,19,21,4921,9555
2023-08-08 09:47:17,19,22,4921,9555
2023-08-08 09:47:17,20,22,4921,9555
2023-08-08 09:47:18,19,22,4921,9555
2023-08-08 09:47:19,19,21,4921,9555
2023-08-08 09:47:24,19,22,4921,9555
2023-08-08 09:47:24,20,22,4921,9555
2023-08-08 09:47:27,19,22,4921,9555
2023-08-08 09:47:27,19,21,4921,9555
2023-08-08 09:47:33,19,22,4921,9555
2023-08-08 09:47:33,20,22,4921,9555
2023-08-08 09:47:34,19,22,4921,9555
2023-08-08 09:47:34,19,21,4921,9555
2023-08-08 09:47:35,18,21,4921,9555
2023-08-08 09:47:35,18,20,4921,9555
2023-08-08 09:47:38,18,19,4921,9555
2023-08-08 09:47:39,18,20,4921,9555
2023-08-08 09:47:41,18,21,4921,9555
2023-08-08 09:47:41,19,21,4921,9555
2023-08-08 09:47:42,18,21,4921,9555
2023-08-08 09:47:42,18,20,4921,9555
2023-08-08 09:47:47,18,21,4921,9555
2023-08-08 09:47:47,19,21,4921,9555
2023-08-08 09:47:49,18,21,4921,9555
2023-08-08 09:47:49,18,20,4921,9555
2023-08-08 09:47:50,18,21,4921,9555
2023-08-08 09:47:50,19,21,4921,9555
2023-08-08 09:47:56,18,21,4921,9555
2023-08-08 09:47:56,18,20,4921,9555
2023-08-08 09:47:58,18,21,4921,9555
2023-08-08 09:47:58,19,21,4921,9555
2023-08-08 09:47:59,18,21,4921,9555
2023-08-08 09:47:59,18,20,4921,9555
2023-08-08 09:48:03,17,20,4921,9555
2023-08-08 09:48:03,17,19,4921,9555
2023-08-08 09:48:13,18,19,4921,9555
2023-08-08 09:48:14,17,19,4921,9555
2023-08-08 09:48:16,18,19,4921,9555
2023-08-08 09:48:18,17,19,4921,9555
2023-08-08 09:48:25,18,19,4921,9555
2023-08-08 09:48:26,17,19,4921,9555
2023-08-08 09:48:27,18,19,4921,9555
2023-08-08 09:48:31,18,20,4921,9555
2023-08-08 09:48:35,17,20,4921,9555
2023-08-08 09:48:42,17,20,4921,9555
2023-08-08 09:48:42,18,20,4921,9555
2023-08-08 09:48:43,17,20,4921,9555
2023-08-08 09:48:43,17,19,4921,9555
2023-08-08 09:48:44,18,19,4921,9555
2023-08-08 09:48:45,17,19,4921,9555
2023-08-08 09:48:49,18,19,4921,9555
2023-08-08 09:48:50,17,19,4921,9555
2023-08-08 09:48:56,18,19,4921,9555
2023-08-08 09:48:57,17,19,4921,9555
2023-08-08 09:49:08,18,19,4921,9555
2023-08-08 09:49:09,17,19,4921,9555
2023-08-08 09:49:14,17,18,4921,9555
2023-08-08 09:49:24,16,18,4921,9655
2023-08-08 09:49:25,16,17,4921,9655
2023-08-08 09:49:26,16,18,4921,9655
2023-08-08 09:49:26,16,17,4921,9655
2023-08-08 09:49:37,16,18,4921,9655
2023-08-08 09:49:39,16,17,4921,9655
2023-08-08 09:49:44,15,16,5071,9805
2023-08-08 09:49:45,15,17,5071,9805
2023-08-08 09:49:47,15,16,5071,9805
2023-08-08 09:49:48,14,16,4871,10030
2023-08-08 09:50:16,14,15,4871,10030
2023-08-08 09:50:40,14,15,4971,10130
2023-08-08 09:50:50,14,16,4971,10130
2023-08-08 09:50:51,14,15,4971,10130
2023-08-08 09:50:52,14,16,4971,10130
2023-08-08 09:50:53,14,15,4971,10130
2023-08-08 09:50:54,14,16,4971,10130
2023-08-08 09:50:57,14,15,4971,10130
2023-08-08 09:50:58,14,16,4971,10130
2023-08-08 09:50:59,14,15,4971,10130
2023-08-08 09:51:00,14,16,4971,10130
2023-08-08 09:51:01,14,15,4971,10130
2023-08-08 09:51:05,14,16,4971,10130
2023-08-08 09:51:11,15,16,4971,10130
2023-08-08 09:51:12,14,16,4971,10130
2023-08-08 09:51:20,15,16,4971,10130
2023-08-08 09:51:26,14,16,4971,10130
2023-08-08 09:51:28,15,16,4971,10130
2023-08-08 09:51:33,14,16,4971,10130
2023-08-08 09:51:38,15,16,4971,10130
2023-08-08 09:51:45,14,16,4971,10130
2023-08-08 09:51:46,15,16,4971,10130
2023-08-08 09:51:47,15,17,4971,10130
2023-08-08 09:51:48,16,17,4971,10130
2023-08-08 09:51:49,15,17,4971,10130
2023-08-08 09:52:00,16,17,4971,10130
2023-08-08 09:52:03,15,17,4971,10130
2023-08-08 09:52:05,16,17,4971,10130
2023-08-08 09:52:06,15,17,4971,10130
2023-08-08 09:52:07,15,16,4971,10130
2023-08-08 09:52:12,14,16,4971,10130
2023-08-08 09:52:13,15,16,4971,10130
2023-08-08 09:52:14,15,17,4971,10130
2023-08-08 09:52:15,15,16,4971,10130
2023-08-08 09:52:17,15,17,4971,10130
2023-08-08 09:52:18,15,16,4971,10130
2023-08-08 09:52:21,15,17,4971,10130
2023-08-08 09:52:29,15,16,4971,10130
2023-08-08 09:52:35,15,17,4971,10130
2023-08-08 09:52:40,16,17,4971,10130
2023-08-08 09:52:43,15,17,4971,10130
2023-08-08 09:52:45,16,17,4971,10130
2023-08-08 09:52:49,15,17,4971,10130
2023-08-08 09:52:51,16,17,4971,10130
2023-08-08 09:52:57,15,17,4971,10130
2023-08-08 09:53:00,16,17,4971,10130
2023-08-08 09:53:05,15,17,4971,10130
2023-08-08 09:53:06,16,17,4971,10130
2023-08-08 09:53:07,15,17,4971,10130
2023-08-08 09:53:09,16,17,4971,10130
2023-08-08 09:53:10,15,17,4971,10130
2023-08-08 09:53:16,16,17,4971,10130
2023-08-08 09:53:20,15,17,4971,10130
2023-08-08 09:53:23,15,18,4971,10130
2023-08-08 09:53:23,16,18,4971,10130
2023-08-08 09:53:24,15,18,4971,10130
2023-08-08 09:53:24,15,17,4971,10130
2023-08-08 09:53:26,15,16,4971,10130
2023-08-08 09:53:27,15,17,4971,10130
2023-08-08 09:53:30,15,18,4971,10130
2023-08-08 09:53:30,16,18,4971,10130
2023-08-08 09:53:37,17,18,4971,10130
2023-08-08 09:53:41,16,18,4971,10130
2023-08-08 09:53:42,16,19,4971,10130
2023-08-08 09:53:42,17,19,4971,10130
2023-08-08 09:53:46,17,18,4971,10130
2023-08-08 09:53:47,17,19,4971,10130
2023-08-08 09:53:56,17,18,4971,10130
2023-08-08 09:53:59,17,19,4971,10130
2023-08-08 09:54:00,16,19,4971,10130
2023-08-08 09:54:00,16,18,4971,10130
2023-08-08 09:54:01,16,17,4971,10130
2023-08-08 09:54:07,15,17,4971,10130
2023-08-08 09:54:09,15,18,4971,10130
2023-08-08 09:54:09,16,18,4971,10130
2023-08-08 09:54:10,15,18,4971,10130
2023-08-08 09:54:10,16,18,4971,10130
2023-08-08 09:54:10,16,17,4971,10130
2023-08-08 09:54:11,16,18,4971,10130
2023-08-08 09:54:22,16,19,4971,10130
2023-08-08 09:54:22,17,19,4971,10130
2023-08-08 09:54:23,16,19,4971,10130
2023-08-08 09:54:23,16,18,4971,10130
2023-08-08 09:54:25,17,19,4971,10130
2023-08-08 09:54:27,16,19,4971,10130
2023-08-08 09:54:27,16,18,4971,10130
2023-08-08 09:54:28,16,19,4971,10130
2023-08-08 09:54:29,17,19,4971,10130
2023-08-08 09:54:30,16,19,4971,10130
2023-08-08 09:54:30,16,19,4871,10230
2023-08-08 09:54:32,17,19,4871,10230
2023-08-08 09:54:37,17,18,4871,10230
2023-08-08 09:54:39,17,19,4871,10230
2023-08-08 09:54:41,16,19,4871,10230
2023-08-08 09:54:41,16,18,4871,10230
2023-08-08 09:54:42,16,19,4871,10230
2023-08-08 09:54:43,17,19,4871,10230
2023-08-08 09:54:44,16,19,4871,10230
2023-08-08 09:54:44,16,18,4871,10230
2023-08-08 09:54:46,16,17,4871,10230
2023-08-08 09:54:47,16,18,4871,10230
2023-08-08 09:54:53,16,17,4871,10230
2023-08-08 09:54:54,16,18,4871,10230
2023-08-08 09:54:56,16,17,4871,10230
2023-08-08 09:54:57,16,18,4871,10230
2023-08-08 09:54:59,16,17,4871,10230
2023-08-08 09:55:00,16,18,4871,10230
2023-08-08 09:55:07,15,18,4871,10230
2023-08-08 09:55:07,15,17,4871,10230
2023-08-08 09:55:07,15,18,4671,10785
2023-08-08 09:55:07,16,18,4671,10785
2023-08-08 09:55:08,16,17,4671,10785
2023-08-08 09:55:10,16,18,4671,10785
2023-08-08 09:55:13,16,17,4671,10785
2023-08-08 09:55:15,16,18,4671,10785
2023-08-08 09:55:17,16,17,4671,10785
2023-08-08 09:55:29,16,18,4671,10785
2023-08-08 09:55:30,16,17,4671,10785
2023-08-08 09:55:32,16,18,4671,10785
2023-08-08 09:55:33,16,17,4671,10785
2023-08-08 09:55:35,16,18,4671,10785
2023-08-08 09:55:35,17,18,4671,10785
2023-08-08 09:55:44,17,18,4671,10790
2023-08-08 09:55:45,17,18,4671,10795
2023-08-08 09:55:47,17,19,4671,10795
2023-08-08 09:55:52,17,18,4671,10795
2023-08-08 09:55:52,18,19,4571,10895
2023-08-08 09:55:55,16,19,4571,10895
2023-08-08 09:55:55,17,19,4571,10895
2023-08-08 09:55:56,17,18,4571,10895
2023-08-08 09:55:57,17,19,4571,10895
2023-08-08 09:55:58,17,18,4571,10895
2023-08-08 09:56:08,15,18,4571,10895
2023-08-08 09:56:08,16,18,4571,10895
2023-08-08 09:56:12,16,17,4571,10895
2023-08-08 09:56:22,16,18,4571,10895
2023-08-08 09:56:23,16,17,4571,10895
2023-08-08 09:56:24,16,18,4571,10895
2023-08-08 09:56:27,16,17,4571,10895
2023-08-08 09:56:29,16,18,4571,10895
2023-08-08 09:56:32,16,17,4571,10895
2023-08-08 09:56:47,15,17,4521,10945
2023-08-08 09:56:48,15,16,4521,10945
2023-08-08 09:56:50,15,17,4521,10945
2023-08-08 09:56:56,15,16,4521,10945
2023-08-08 09:56:57,15,17,4521,10945
2023-08-08 09:57:05,16,17,4521,10945
2023-08-08 09:57:06,15,17,4421,11045
2023-08-08 09:57:08,15,16,4421,11045
2023-08-08 09:57:09,15,17,4421,11045
2023-08-08 09:57:11,15,16,4421,11045
2023-08-08 09:57:13,15,17,4421,11045
2023-08-08 09:57:14,15,16,4421,11045
2023-08-08 09:57:15,15,17,4421,11045
2023-08-08 09:57:19,15,16,4421,11045
2023-08-08 09:57:23,15,17,4421,11045
2023-08-08 09:57:24,15,16,4421,11045
2023-08-08 09:57:27,15,17,4421,11045
2023-08-08 09:57:28,15,16,4421,11045
2023-08-08 09:57:29,15,17,4421,11045
2023-08-08 09:57:37,15,16,4421,11045
2023-08-08 09:57:40,15,17,4421,11045
2023-08-08 09:57:41,15,16,4421,11045
2023-08-08 09:57:43,15,17,4421,11045
2023-08-08 09:57:45,15,16,4421,11045
2023-08-08 09:57:47,15,17,4421,11045
2023-08-08 09:57:48,15,16,4421,11045
2023-08-08 09:58:02,15,17,4421,11045
2023-08-08 09:58:03,15,16,4421,11045
2023-08-08 09:58:04,15,17,4421,11045
2023-08-08 09:58:05,15,16,4421,11045
2023-08-08 09:58:07,14,16,4421,11045
2023-08-08 09:58:11,15,16,4421,11045
2023-08-08 09:58:13,14,16,4421,11045
2023-08-08 09:58:15,14,17,4421,11045
2023-08-08 09:58:15,15,17,4421,11045
2023-08-08 09:58:16,15,16,4421,11045
2023-08-08 09:58:20,14,16,4421,11045
2023-08-08 09:58:36,15,16,4421,11045
2023-08-08 09:58:43,14,16,4421,11045
2023-08-08 09:59:09,14,15,4421,11045
2023-08-08 09:59:14,14,16,4421,11045
2023-08-08 09:59:16,14,15,4421,11045
2023-08-08 09:59:18,14,16,4421,11045
2023-08-08 09:59:24,14,15,4421,11045
2023-08-08 09:59:25,14,16,4421,11045
2023-08-08 09:59:35,15,16,4421,11045
2023-08-08 09:59:36,14,16,4421,11045
2023-08-08 09:59:44,14,17,4421,11045
2023-08-08 09:59:44,15,17,4421,11045
2023-08-08 09:59:45,15,16,4421,11045
2023-08-08 09:59:46,14,16,4421,11045
2023-08-08 09:59:46,15,16,4421,11045
2023-08-08 09:59:53,15,17,4421,11045
2023-08-08 09:59:59,15,16,4421,11045
2023-08-08 10:00:00,15,17,4421,11045
2023-08-08 10:00:02,15,16,4421,11045
2023-08-08 10:00:05,15,17,4421,11045
2023-08-08 10:00:06,15,16,4421,11045
2023-08-08 10:00:09,15,17,4321,11145
2023-08-08 10:00:14,15,16,4321,11145
2023-08-08 10:00:17,15,17,4321,11145
2023-08-08 10:00:19,15,16,4321,11145
2023-08-08 10:00:30,14,16,4121,11345
2023-08-08 10:00:41,14,17,4121,11345
2023-08-08 10:00:41,15,17,4121,11345
2023-08-08 10:00:42,15,16,4121,11345
2023-08-08 10:00:52,15,17,4121,11345
2023-08-08 10:00:53,15,16,4121,11345
2023-08-08 10:00:56,14,16,4121,11345
2023-08-08 10:00:57,15,16,4121,11345
2023-08-08 10:00:59,14,16,4121,11345
2023-08-08 10:01:02,14,17,4121,11345
2023-08-08 10:01:02,15,17,4121,11345
2023-08-08 10:01:03,14,17,4121,11345
2023-08-08 10:01:23,14,17,4021,11445
2023-08-08 10:01:24,14,16,4021,11445
2023-08-08 10:01:54,14,15,4021,11445
2023-08-08 10:02:04,14,16,4021,11445
2023-08-08 10:02:05,14,15,4021,11445
2023-08-08 10:02:06,14,16,4021,11445
2023-08-08 10:02:07,14,15,4021,11445
2023-08-08 10:02:12,14,16,4021,11445
2023-08-08 10:02:13,14,15,4021,11445
2023-08-08 10:02:35,14,16,4021,11445
2023-08-08 10:02:37,14,15,4021,11445
2023-08-08 10:02:38,15,16,3921,11545
2023-08-08 10:02:39,14,16,3821,11645
2023-08-08 10:02:40,14,16,3821,11645
2023-08-08 10:02:41,14,15,3821,11645
2023-08-08 10:02:43,14,16,3821,11645
2023-08-08 10:02:54,14,15,3821,11645
2023-08-08 10:02:57,14,16,3821,11645
2023-08-08 10:02:58,14,15,3821,11645
2023-08-08 10:02:59,14,16,3821,11645
2023-08-08 10:03:02,14,15,3821,11645
2023-08-08 10:03:03,14,16,3821,11645
2023-08-08 10:03:06,14,15,3821,11645
2023-08-08 10:03:08,14,16,3821,11645
2023-08-08 10:03:20,14,15,3821,11645
2023-08-08 10:03:23,14,16,3821,11645
2023-08-08 10:03:27,14,15,3821,11645
2023-08-08 10:03:38,14,16,3821,11650
2023-08-08 10:03:40,14,15,3821,11650
2023-08-08 10:03:44,14,16,3821,11650
2023-08-08 10:03:44,14,15,3821,11650
2023-08-08 10:03:45,14,16,3821,11650
2023-08-08 10:03:45,14,15,3821,11650
2023-08-08 10:03:47,14,16,3821,11650
2023-08-08 10:03:48,14,15,3821,11650
2023-08-08 10:03:49,14,16,3821,11650
2023-08-08 10:03:50,14,15,3821,11650
2023-08-08 10:03:51,14,16,3821,11650
2023-08-08 10:03:53,14,15,3821,11650
2023-08-08 10:03:55,14,16,3821,11650
2023-08-08 10:03:58,14,15,3821,11650
2023-08-08 10:04:04,14,16,3821,11650
2023-08-08 10:04:07,14,15,3821,11650
2023-08-08 10:04:09,14,16,3821,11650
2023-08-08 10:04:11,14,15,3821,11650
2023-08-08 10:04:13,15,16,3721,11750
2023-08-08 10:04:14,14,16,3721,11750
2023-08-08 10:04:21,14,17,3721,11750
2023-08-08 10:04:21,15,17,3721,11750
2023-08-08 10:04:22,15,16,3721,11750
2023-08-08 10:04:27,15,17,3721,11850
2023-08-08 10:04:28,15,16,3721,11850
2023-08-08 10:04:34,15,17,3721,11850
2023-08-08 10:04:35,15,16,3721,11850
2023-08-08 10:04:38,15,17,3721,11850
2023-08-08 10:04:39,15,16,3721,11850
2023-08-08 10:04:44,15,17,3721,11850
2023-08-08 10:04:49,15,18,3721,11850
2023-08-08 10:04:49,16,18,3721,11850
2023-08-08 10:04:50,15,18,3721,11850
2023-08-08 10:04:50,15,17,3721,11850
2023-08-08 10:04:53,16,17,3721,11850
2023-08-08 10:04:59,16,18,3721,11850
2023-08-08 10:05:03,16,17,3721,11850
2023-08-08 10:05:07,16,17,3721,11855
2023-08-08 10:05:08,16,18,3721,11855
2023-08-08 10:05:09,16,17,3721,11855
2023-08-08 10:05:11,16,18,3721,11855
2023-08-08 10:05:14,16,19,3721,11855
2023-08-08 10:05:14,17,19,3721,11855
2023-08-08 10:05:17,17,18,3721,11855
2023-08-08 10:05:18,17,19,3721,11855
2023-08-08 10:05:19,17,18,3721,11855
2023-08-08 10:05:20,17,19,3721,11855
2023-08-08 10:05:25,17,18,3721,11855
2023-08-08 10:05:28,17,19,3721,11855
2023-08-08 10:05:28,16,19,3721,11855
2023-08-08 10:05:29,17,19,3721,11855
2023-08-08 10:05:35,17,18,3721,11855
2023-08-08 10:06:00,16,18,3721,11855
2023-08-08 10:06:02,16,17,3721,11855
2023-08-08 10:06:03,16,18,3721,11855
2023-08-08 10:06:05,16,17,3721,11855
2023-08-08 10:06:07,15,17,3721,11855
2023-08-08 10:06:08,15,16,3721,11855
2023-08-08 10:06:09,15,17,3721,11855
2023-08-08 10:06:10,15,16,3721,11855
2023-08-08 10:06:19,15,17,3721,11855
2023-08-08 10:06:20,15,16,3721,11855
2023-08-08 10:06:21,15,17,3721,11855
2023-08-08 10:06:26,15,16,3721,11855
2023-08-08 10:06:27,15,17,3721,11855
2023-08-08 10:06:29,16,17,3721,11855
2023-08-08 10:06:33,16,18,3529,12055
2023-08-08 10:06:34,16,18,3521,12255
2023-08-08 10:06:34,16,17,3521,12255
2023-08-08 10:06:53,16,18,3521,12255
2023-08-08 10:06:54,16,17,3521,12255
2023-08-08 10:06:55,16,18,3521,12255
2023-08-08 10:07:03,16,17,3521,12255
2023-08-08 10:07:10,16,18,3521,12255
2023-08-08 10:07:11,16,17,3521,12255
2023-08-08 10:07:21,16,18,3421,12355
2023-08-08 10:07:22,16,17,3421,12355
2023-08-08 10:07:24,15,17,3221,12555
2023-08-08 10:07:25,15,16,3221,12555
2023-08-08 10:07:26,15,17,3221,12555
2023-08-08 10:07:33,15,16,3221,12555
2023-08-08 10:07:35,15,17,3221,12555
2023-08-08 10:07:36,15,18,3221,12555
2023-08-08 10:07:36,16,18,3221,12555
2023-08-08 10:07:38,17,18,3221,12555
2023-08-08 10:07:44,16,18,3221,12555
2023-08-08 10:07:45,15,18,3221,12555
2023-08-08 10:07:45,15,17,3221,12555
2023-08-08 10:07:47,15,16,3221,12555
2023-08-08 10:07:47,15,16,3221,12565
2023-08-08 10:07:48,15,17,3221,12565
2023-08-08 10:07:49,15,18,3221,12565
2023-08-08 10:07:49,16,18,3221,12565
2023-08-08 10:07:50,15,18,3221,12565
2023-08-08 10:07:50,15,17,3221,12565
2023-08-08 10:07:56,15,18,3221,12565
2023-08-08 10:07:56,16,18,3221,12565
2023-08-08 10:07:58,16,17,3221,12565
2023-08-08 10:08:01,15,17,3221,12565
2023-08-08 10:08:05,15,18,3121,12665
2023-08-08 10:08:06,15,17,3121,12665
2023-08-08 10:08:09,15,18,3121,12665
2023-08-08 10:08:09,16,18,3121,12665
2023-08-08 10:08:12,15,18,3121,12665
2023-08-08 10:08:12,15,17,3121,12665
2023-08-08 10:08:12,16,17,3121,12665
2023-08-08 10:08:15,15,17,3121,12665
2023-08-08 10:08:20,15,18,3121,12665
2023-08-08 10:08:20,16,18,3121,12665
2023-08-08 10:08:21,15,18,3121,12665
2023-08-08 10:08:21,16,18,3121,12665
2023-08-08 10:08:21,16,17,3121,12665
2023-08-08 10:08:24,15,17,3121,12665
2023-08-08 10:08:25,15,16,3121,12665
2023-08-08 10:08:26,15,17,3121,12665
2023-08-08 10:08:35,15,17,3021,12765
2023-08-08 10:08:37,15,16,3021,12765
2023-08-08 10:08:38,15,17,3021,12765
2023-08-08 10:08:39,15,16,3021,12765
2023-08-08 10:08:43,15,17,3021,12765
2023-08-08 10:08:44,15,16,3021,12765
2023-08-08 10:08:45,15,17,3021,12765
2023-08-08 10:08:48,15,16,3021,12765
2023-08-08 10:08:49,15,17,2921,12865
2023-08-08 10:08:59,16,17,2921,12865
2023-08-08 10:09:00,16,18,2921,12865
2023-08-08 10:09:01,15,18,2921,12865
2023-08-08 10:09:01,15,17,2921,12865
2023-08-08 10:09:02,16,17,2921,12865
2023-08-08 10:09:09,16,18,2921,12865
2023-08-08 10:09:20,16,19,2921,12865
2023-08-08 10:09:20,17,19,2921,12865
2023-08-08 10:09:21,16,19,2921,12865
2023-08-08 10:09:21,16,18,2921,12865
2023-08-08 10:09:32,16,19,2921,12865
2023-08-08 10:09:32,17,19,2921,12865
2023-08-08 10:09:33,16,19,2921,12865
2023-08-08 10:09:33,16,18,2921,12865
2023-08-08 10:09:35,16,19,2921,12965
2023-08-08 10:09:36,16,18,2921,12965
2023-08-08 10:09:37,16,19,2921,12965
2023-08-08 10:09:41,16,19,2921,12965
2023-08-08 10:09:41,16,18,2921,12965
2023-08-08 10:09:51,17,18,2921,12965
2023-08-08 10:09:54,16,18,2921,12965
2023-08-08 10:10:05,15,18,2921,12965
2023-08-08 10:10:05,15,17,2921,12965
2023-08-08 10:10:10,15,16,2921,12965
2023-08-08 10:10:12,15,17,2921,12965
2023-08-08 10:10:14,15,16,2921,12965
2023-08-08 10:10:23,15,17,2821,13065
2023-08-08 10:10:24,15,16,2821,13065
2023-08-08 10:10:25,15,17,2821,13065
2023-08-08 10:10:26,15,16,2821,13065
2023-08-08 10:10:27,15,17,2821,13065
2023-08-08 10:10:29,15,16,2821,13065
2023-08-08 10:10:42,15,16,2721,13165
2023-08-08 10:10:45,14,16,2721,13315
2023-08-08 10:10:56,13,16,2721,13465
2023-08-08 10:10:57,13,15,2721,13465
2023-08-08 10:10:59,13,14,2721,13465
2023-08-08 10:11:12,13,15,2621,13565
2023-08-08 10:11:13,13,14,2621,13565
2023-08-08 10:11:14,12,14,2421,13765
2023-08-08 10:11:25,12,13,2421,13765
2023-08-08 10:11:44,11,13,2421,13765
2023-08-08 10:12:27,12,13,2421,13765
2023-08-08 10:12:31,11,13,2421,13765
2023-08-08 10:12:32,11,14,2421,13765
2023-08-08 10:12:32,12,14,2421,13765
2023-08-08 10:12:35,11,14,2421,13765
2023-08-08 10:12:35,11,13,2421,13765
2023-08-08 10:12:36,12,13,2421,13765
2023-08-08 10:12:38,12,14,2421,13765
2023-08-08 10:12:41,12,13,2421,13765
2023-08-08 10:12:48,11,13,2421,13765
2023-08-08 10:12:51,11,14,2421,13765
2023-08-08 10:12:51,12,14,2421,13765
2023-08-08 10:12:55,12,13,2421,13765
2023-08-08 10:12:56,12,14,2421,13765
2023-08-08 10:13:01,12,15,2421,13765
2023-08-08 10:13:02,13,15,2421,13765
2023-08-08 10:13:03,13,14,2421,13765
2023-08-08 10:13:06,13,15,2421,13765
2023-08-08 10:13:07,12,15,2421,13765
2023-08-08 10:13:07,12,14,2421,13765
2023-08-08 10:13:11,12,15,2421,13765
2023-08-08 10:13:12,12,14,2421,13765
2023-08-08 10:13:18,12,14,2421,13770
2023-08-08 10:13:22,11,14,2421,13770
2023-08-08 10:13:22,12,14,2421,13770
2023-08-08 10:13:22,12,13,2421,13770
2023-08-08 10:13:25,12,14,2421,13770
2023-08-08 10:13:35,13,14,2421,13770
2023-08-08 10:13:35,13,15,2421,13770
2023-08-08 10:13:36,12,15,2421,13770
2023-08-08 10:13:36,12,14,2421,13770
2023-08-08 10:13:41,12,15,2421,13870
2023-08-08 10:13:42,12,14,2421,13870
2023-08-08 10:13:43,12,15,2421,13870
2023-08-08 10:13:43,13,15,2421,13870
2023-08-08 10:13:45,12,15,2421,13870
2023-08-08 10:13:45,12,14,2421,13870
2023-08-08 10:13:46,13,14,2421,13870
2023-08-08 10:13:48,13,15,2421,13870
2023-08-08 10:13:49,13,14,2421,13870
2023-08-08 10:13:51,12,14,2421,14020
2023-08-08 10:13:52,12,13,2421,14020
2023-08-08 10:13:54,11,13,2421,14020
2023-08-08 10:14:00,11,14,2421,14020
2023-08-08 10:14:00,12,14,2421,14020
2023-08-08 10:14:01,11,14,2421,14020
2023-08-08 10:14:01,11,13,2421,14020
2023-08-08 10:14:04,11,14,2321,14120
2023-08-08 10:14:05,11,13,2321,14120
2023-08-08 10:14:17,11,12,2321,14120
2023-08-08 10:14:22,11,12,2421,14220
2023-08-08 10:14:22,10,12,2571,14370
2023-08-08 10:14:29,10,11,2571,14370
2023-08-08 10:14:29,10,11,2571,14470
2023-08-08 10:14:41,10,12,2571,14470
2023-08-08 10:14:42,10,12,2571,14570
2023-08-08 10:14:43,10,11,2571,14570
2023-08-08 10:14:44,9,11,2671,14670
2023-08-08 10:14:47,10,11,2671,14670
2023-08-08 10:14:48,10,12,2671,14670
2023-08-08 10:14:50,9,12,2671,14670
2023-08-08 10:14:52,10,12,2671,14670
2023-08-08 10:14:57,9,12,2671,14670
2023-08-08 10:14:58,10,12,2671,14670
2023-08-08 10:15:00,9,12,2671,14670
2023-08-08 10:15:02,9,11,2671,14670
2023-08-08 10:15:04,9,11,2671,14672
2023-08-08 10:15:09,9,10,2671,14672
2023-08-08 10:15:13,9,11,2671,14672
2023-08-08 10:15:14,9,10,2671,14672
2023-08-08 10:15:19,9,11,2671,14672
2023-08-08 10:15:24,10,11,2671,14672
2023-08-08 10:15:25,9,11,2671,14672
2023-08-08 10:16:11,9,11,3085,15320
2023-08-08 10:16:12,8,11,3085,15320
2023-08-08 10:16:18,7,11,4435,16670
2023-08-08 10:16:19,8,11,4435,16670
2023-08-08 10:16:27,9,10,4435,16670
2023-08-08 10:16:30,8,10,4435,16670
2023-08-08 10:16:52,8,11,3435,17670
2023-08-08 10:16:59,9,11,3435,17670
2023-08-08 10:17:00,8,11,3435,17670
2023-08-08 10:17:05,7,11,3435,17670
2023-08-08 10:17:07,7,10,3435,17670
2023-08-08 10:17:17,8,10,3435,17670
2023-08-08 10:17:18,7,10,3435,17670
2023-08-08 10:17:19,8,10,3435,17670
2023-08-08 10:17:26,7,10,3435,17670
2023-08-08 10:17:27,7,9,3435,17670
2023-08-08 10:17:30,8,9,3435,17670
2023-08-08 10:17:31,7,9,3435,17670
2023-08-08 10:17:34,8,9,3435,17670
2023-08-08 10:17:35,7,9,3435,17670
2023-08-08 10:17:36,8,9,3435,17670
2023-08-08 10:17:38,7,9,3435,17670
2023-08-08 10:17:40,8,9,3435,17670
2023-08-08 10:17:43,7,9,3435,17670
2023-08-08 10:17:44,8,9,3435,17670
2023-08-08 10:17:45,7,9,3435,17670
2023-08-08 10:17:47,8,9,3435,17670
2023-08-08 10:17:54,8,10,3435,17670
2023-08-08 10:18:06,8,11,3435,17670
2023-08-08 10:18:06,9,11,3435,17670
2023-08-08 10:18:15,8,11,3435,17670
2023-08-08 10:18:15,8,10,3435,17670
2023-08-08 10:18:24,8,11,3435,17670
2023-08-08 10:18:26,9,11,3435,17670
2023-08-08 10:18:34,8,11,3435,17670
2023-08-08 10:18:34,8,10,3435,17670
2023-08-08 10:18:36,8,11,3435,17670
2023-08-08 10:18:37,9,11,3435,17670
2023-08-08 10:18:49,10,11,3435,17670
2023-08-08 10:18:52,9,11,3435,17670
2023-08-08 10:18:53,10,11,3435,17670
2023-08-08 10:18:54,9,11,3435,17670
2023-08-08 10:19:02,8,11,3435,17670
2023-08-08 10:19:02,8,10,3435,17670
2023-08-08 10:19:15,8,11,3435,17670
2023-08-08 10:19:16,9,11,3435,17670
2023-08-08 10:19:21,8,11,3435,17670
2023-08-08 10:19:22,8,10,3435,17670
2023-08-08 10:19:25,8,11,3435,17670
2023-08-08 10:19:25,9,11,3435,17670
2023-08-08 10:19:31,10,11,3435,17670
2023-08-08 10:19:33,9,11,3435,17670
2023-08-08 10:19:34,10,11,3435,17670
2023-08-08 10:19:35,9,11,3435,17670
2023-08-08 10:19:40,10,11,3435,17670
2023-08-08 10:19:40,10,12,3271,17870
2023-08-08 10:19:47,9,12,3271,17870
2023-08-08 10:19:47,9,11,3271,17870
2023-08-08 10:19:49,9,12,3271,17870
2023-08-08 10:19:49,10,12,3271,17870
2023-08-08 10:19:55,9,12,3271,17870
2023-08-08 10:19:55,9,11,3271,17870
2023-08-08 10:19:56,9,12,3271,17870
2023-08-08 10:19:56,10,12,3271,17870
2023-08-08 10:19:57,9,12,3271,17870
2023-08-08 10:19:57,9,11,3271,17870
2023-08-08 10:19:59,10,11,3271,17870
2023-08-08 10:20:00,9,11,3271,17870
2023-08-08 10:20:04,10,11,3271,17870
2023-08-08 10:20:05,9,11,3271,17870
2023-08-08 10:20:14,8,11,3271,17870
2023-08-08 10:20:14,8,10,3271,17870
2023-08-08 10:20:19,8,11,3271,17870
2023-08-08 10:20:19,9,11,3271,17870
2023-08-08 10:20:22,9,10,3271,17870
2023-08-08 10:20:23,9,11,3271,17870
2023-08-08 10:20:34,9,12,3271,17870
2023-08-08 10:20:34,10,12,3271,17870
2023-08-08 10:20:38,9,12,3271,17870
2023-08-08 10:20:38,9,11,3271,17870
2023-08-08 10:20:39,9,12,3271,17870
2023-08-08 10:20:39,10,12,3271,17870
2023-08-08 10:20:43,9,12,3271,17870
2023-08-08 10:20:43,9,11,3271,17870
2023-08-08 10:20:44,9,12,3271,17870
2023-08-08 10:20:44,10,12,3271,17870
2023-08-08 10:20:47,9,12,3271,17870
2023-08-08 10:20:47,9,11,3271,17870
2023-08-08 10:20:48,9,12,3271,17870
2023-08-08 10:20:48,10,12,3271,17870
2023-08-08 10:20:49,9,12,3271,17870
2023-08-08 10:20:49,9,11,3271,17870
2023-08-08 10:21:13,9,10,3271,17870
2023-08-08 10:21:13,8,10,3271,17870
2023-08-08 10:21:15,8,11,3271,17870
2023-08-08 10:21:15,9,11,3271,17870
2023-08-08 10:21:17,8,11,3271,17870
2023-08-08 10:21:17,8,10,3271,17870
2023-08-08 10:21:20,9,10,3271,17870
2023-08-08 10:21:25,8,10,3271,17870
2023-08-08 10:21:33,9,10,3271,17870
2023-08-08 10:21:38,8,10,3271,17870
2023-08-08 10:21:42,9,10,3271,17870
2023-08-08 10:21:44,8,10,3271,17870
2023-08-08 10:21:45,9,10,3271,17870
2023-08-08 10:21:55,8,10,3271,17870
2023-08-08 10:22:07,9,10,3271,17870
2023-08-08 10:22:16,8,10,3271,17870
2023-08-08 10:22:23,7,10,3271,17870
2023-08-08 10:22:28,8,10,3271,17870
2023-08-08 10:22:29,7,10,3271,17870
2023-08-08 10:22:32,8,10,3271,17870
2023-08-08 10:22:34,7,10,3271,17870
2023-08-08 10:22:39,8,10,3271,17870
2023-08-08 10:22:43,7,10,3271,17870
2023-08-08 10:22:43,8,10,3271,17870
2023-08-08 10:22:45,9,10,3271,17870
2023-08-08 10:22:46,9,11,3271,17870
2023-08-08 10:22:47,8,11,3271,17870
2023-08-08 10:22:47,8,10,3271,17870
2023-08-08 10:22:52,8,11,3271,17870
2023-08-08 10:22:52,9,11,3271,17870
2023-08-08 10:22:53,8,11,3271,17870
2023-08-08 10:22:53,8,10,3271,17870
2023-08-08 10:22:55,8,11,3271,17870
2023-08-08 10:22:56,9,11,3271,17870
2023-08-08 10:22:58,8,11,3271,17870
2023-08-08 10:22:58,8,10,3271,17870
2023-08-08 10:23:01,8,11,3271,17870
2023-08-08 10:23:01,9,11,3271,17870
2023-08-08 10:23:06,8,11,3271,17870
2023-08-08 10:23:06,8,10,3271,17870
2023-08-08 10:23:08,8,11,3271,17870
2023-08-08 10:23:08,9,11,3271,17870
2023-08-08 10:23:12,8,11,3271,17870
2023-08-08 10:23:12,8,10,3271,17870
2023-08-08 10:23:12,8,10,3435,18070
2023-08-08 10:23:13,8,11,3435,18070
2023-08-08 10:23:13,9,11,3435,18070
2023-08-08 10:23:19,10,11,3435,18070
2023-08-08 10:23:20,9,11,3435,18070
2023-08-08 10:23:28,8,11,3435,18070
2023-08-08 10:23:28,8,10,3435,18070
2023-08-08 10:23:30,8,11,3435,18070
2023-08-08 10:23:30,9,11,3435,18070
2023-08-08 10:23:35,10,11,3435,18070
2023-08-08 10:23:36,9,11,3435,18070
2023-08-08 10:23:52,10,11,3435,18070
2023-08-08 10:23:53,9,11,3435,18070
2023-08-08 10:24:15,10,11,3435,18070
2023-08-08 10:24:17,9,11,3435,18070
2023-08-08 10:24:21,10,11,3435,18070
2023-08-08 10:24:22,9,11,3435,18070
2023-08-08 10:24:23,9,10,3435,18070
2023-08-08 10:24:24,9,12,3246,18470
2023-08-08 10:24:25,9,11,3246,18470
2023-08-08 10:24:45,9,10,3246,18470
2023-08-08 10:24:46,9,11,3246,18470
2023-08-08 10:24:57,8,11,3246,18470
2023-08-08 10:24:57,8,10,3246,18470
2023-08-08 10:25:01,8,11,3246,18470
2023-08-08 10:25:01,9,11,3246,18470
2023-08-08 10:25:02,8,11,3246,18470
2023-08-08 10:25:02,8,10,3246,18470
2023-08-08 10:25:10,8,11,3246,18470
2023-08-08 10:25:10,9,11,3246,18470
2023-08-08 10:25:11,8,11,3246,18470
2023-08-08 10:25:11,8,10,3246,18470
2023-08-08 10:25:14,8,11,3246,18470
2023-08-08 10:25:14,9,11,3246,18470
2023-08-08 10:25:15,8,11,3246,18470
2023-08-08 10:25:15,8,10,3246,18470
2023-08-08 10:25:21,9,10,3246,18470
2023-08-08 10:25:22,8,10,3246,18470
2023-08-08 10:25:26,9,10,3246,18470
2023-08-08 10:25:27,8,10,3246,18470
2023-08-08 10:25:30,9,10,3246,18470
2023-08-08 10:25:32,8,10,3246,18470
2023-08-08 10:25:35,9,10,3246,18470
2023-08-08 10:25:36,9,11,3246,18470
2023-08-08 10:25:37,8,11,3346,18570
2023-08-08 10:25:38,9,11,3346,18570
2023-08-08 10:25:39,8,11,3346,18570
2023-08-08 10:25:39,8,10,3346,18570
2023-08-08 10:25:44,8,11,3346,18570
2023-08-08 10:25:44,9,11,3346,18570
2023-08-08 10:25:46,8,11,3346,18570
2023-08-08 10:25:46,8,10,3346,18570
2023-08-08 10:25:48,8,11,3346,18570
2023-08-08 10:25:48,9,11,3346,18570
2023-08-08 10:25:49,8,11,3346,18570
2023-08-08 10:25:49,8,10,3346,18570
2023-08-08 10:25:51,8,11,3346,18570
2023-08-08 10:25:51,9,11,3346,18570
2023-08-08 10:25:52,9,11,3391,18615
2023-08-08 10:26:00,8,11,3391,18615
2023-08-08 10:26:00,8,10,3391,18615
2023-08-08 10:26:14,8,11,3391,18615
2023-08-08 10:26:14,9,11,3391,18615
2023-08-08 10:26:18,8,11,3391,18615
2023-08-08 10:26:18,8,10,3391,18615
2023-08-08 10:26:26,9,10,3391,18615
2023-08-08 10:26:27,9,11,3391,18615
2023-08-08 10:26:57,9,12,3391,18615
2023-08-08 10:26:57,10,12,3391,18615
2023-08-08 10:26:58,9,12,3391,18615
2023-08-08 10:26:58,9,11,3391,18615
2023-08-08 10:27:02,10,11,3391,18615
2023-08-08 10:27:03,10,12,3391,18615
2023-08-08 10:27:04,10,11,3391,18615
2023-08-08 10:27:12,9,11,3376,18630
2023-08-08 10:27:13,9,10,3376,18630
2023-08-08 10:27:16,9,11,3376,18630
2023-08-08 10:27:21,9,10,3376,18630
2023-08-08 10:27:27,9,11,3376,18630
2023-08-08 10:27:44,9,12,3376,18630
2023-08-08 10:27:44,10,12,3376,18630
2023-08-08 10:27:45,9,12,3376,18630
2023-08-08 10:27:45,9,11,3376,18630
2023-08-08 10:27:46,9,12,3376,18630
2023-08-08 10:27:46,10,12,3376,18630
2023-08-08 10:27:50,9,12,3376,18630
2023-08-08 10:27:50,9,11,3376,18630
2023-08-08 10:27:52,9,12,3376,18630
2023-08-08 10:27:52,10,12,3376,18630
2023-08-08 10:27:57,9,12,3376,18630
2023-08-08 10:27:57,9,11,3376,18630
2023-08-08 10:27:58,9,12,3376,18630
2023-08-08 10:27:58,10,12,3376,18630
2023-08-08 10:28:01,9,12,3376,18630
2023-08-08 10:28:01,9,11,3376,18630
2023-08-08 10:28:02,9,12,3376,18630
2023-08-08 10:28:02,10,12,3376,18630
2023-08-08 10:28:08,9,12,3376,18630
2023-08-08 10:28:08,9,11,3376,18630
2023-08-08 10:28:25,9,12,3376,18630
2023-08-08 10:28:25,10,12,3376,18630
2023-08-08 10:28:29,9,12,3376,18630
2023-08-08 10:28:29,9,11,3376,18630
2023-08-08 10:28:34,9,12,3376,18630
2023-08-08 10:28:34,10,12,3376,18630
2023-08-08 10:28:36,9,12,3376,18630
2023-08-08 10:28:36,9,11,3376,18630
2023-08-08 10:28:37,9,12,3376,18630
2023-08-08 10:28:37,10,12,3376,18630
2023-08-08 10:28:40,10,11,3376,18630
2023-08-08 10:28:42,10,12,3376,18630
2023-08-08 10:28:47,10,11,3376,18630
2023-08-08 10:28:51,10,12,3376,18630
2023-08-08 10:28:52,10,11,3376,18630
2023-08-08 10:28:55,10,11,3376,18680
2023-08-08 10:28:57,10,12,3376,18680
2023-08-08 10:29:02,10,11,3376,18680
2023-08-08 10:29:03,10,12,3376,18680
2023-08-08 10:29:05,10,11,3376,18680
2023-08-08 10:29:11,10,12,3376,18680
2023-08-08 10:29:12,10,11,3376,18680
2023-08-08 10:29:13,10,12,3376,18680
2023-08-08 10:29:18,10,13,3376,18680
2023-08-08 10:29:19,11,13,3376,18680
2023-08-08 10:29:23,10,13,3376,18680
2023-08-08 10:29:23,10,12,3376,18680
2023-08-08 10:29:28,10,13,3376,18680
2023-08-08 10:29:28,11,13,3376,18680
2023-08-08 10:29:29,10,13,3376,18680
2023-08-08 10:29:29,10,12,3376,18680
2023-08-08 10:29:30,10,13,3376,18680
2023-08-08 10:29:30,11,13,3376,18680
2023-08-08 10:29:31,10,13,3376,18680
2023-08-08 10:29:32,10,12,3376,18680
2023-08-08 10:29:38,10,13,3376,18680
2023-08-08 10:29:38,11,13,3376,18680
2023-08-08 10:29:39,10,13,3376,18680
2023-08-08 10:29:39,10,12,3376,18680
2023-08-08 10:29:45,10,13,3376,18680
2023-08-08 10:29:45,11,13,3376,18680
2023-08-08 10:29:50,10,13,3376,18680
2023-08-08 10:29:50,10,12,3376,18680
2023-08-08 10:29:54,10,13,3376,18680
2023-08-08 10:29:54,11,13,3376,18680
2023-08-08 10:29:57,10,13,3376,18680
2023-08-08 10:29:58,10,12,3376,18680
2023-08-08 10:30:10,10,11,3376,18680
2023-08-08 10:30:11,10,12,3376,18680
2023-08-08 10:30:13,10,11,3376,18680
2023-08-08 10:30:14,9,11,3376,18680
2023-08-08 10:30:17,9,12,3376,18680
2023-08-08 10:30:17,10,12,3376,18680
2023-08-08 10:30:21,9,12,3376,18680
2023-08-08 10:30:21,9,11,3376,18680
2023-08-08 10:30:43,9,12,3376,18680
2023-08-08 10:30:43,10,12,3376,18680
2023-08-08 10:30:44,9,12,3376,18680
2023-08-08 10:30:44,9,11,3376,18680
2023-08-08 10:30:50,9,12,3376,18680
2023-08-08 10:30:50,10,12,3376,18680
2023-08-08 10:30:51,9,12,3376,18680
2023-08-08 10:30:51,9,11,3376,18680
2023-08-08 10:30:55,8,11,3376,18680
2023-08-08 10:30:55,9,11,3376,18680
2023-08-08 10:30:55,9,10,3376,18680
2023-08-08 10:30:57,9,11,3376,18680
2023-08-08 10:31:04,9,10,3376,18680
2023-08-08 10:31:05,9,11,3376,18680
2023-08-08 10:31:07,9,10,3376,18680
2023-08-08 10:31:10,9,11,3376,18680
2023-08-08 10:31:11,9,10,3376,18680
2023-08-08 10:31:13,9,11,3376,18680
2023-08-08 10:31:15,9,12,3376,18680
2023-08-08 10:31:15,10,12,3376,18680
2023-08-08 10:31:16,9,12,3376,18680
2023-08-08 10:31:16,9,11,3376,18680
2023-08-08 10:31:29,9,10,3376,18680
2023-08-08 10:31:32,9,11,3376,18680
2023-08-08 10:31:35,9,10,3376,18680
2023-08-08 10:31:39,8,10,3376,18680
2023-08-08 10:32:23,8,11,3376,18680
2023-08-08 10:32:23,9,11,3376,18680
2023-08-08 10:32:26,8,11,3376,18680
2023-08-08 10:32:26,8,10,3376,18680
2023-08-08 10:32:42,8,11,3376,18680
2023-08-08 10:32:42,9,11,3376,18680
2023-08-08 10:32:46,8,11,3376,18680
2023-08-08 10:32:46,8,10,3376,18680
2023-08-08 10:33:41,8,11,3376,18680
2023-08-08 10:33:41,9,11,3376,18680
2023-08-08 10:33:48,8,11,3376,18680
2023-08-08 10:33:48,8,10,3376,18680
2023-08-08 10:34:05,7,10,3376,18680
2023-08-08 10:34:18,8,10,3376,18680
2023-08-08 10:34:19,7,10,3376,18680
2023-08-08 10:34:38,8,10,3376,18680
2023-08-08 10:34:39,7,10,3376,18680
2023-08-08 10:34:40,8,10,3376,18680
2023-08-08 10:34:41,7,10,3376,18680
2023-08-08 10:34:46,8,10,3376,18680
2023-08-08 10:34:50,7,10,3376,18680
2023-08-08 10:34:52,8,10,3376,18680
2023-08-08 10:35:14,7,10,3376,18680
2023-08-08 10:35:15,7,9,3376,18680
2023-08-08 10:35:20,8,9,3376,18680
2023-08-08 10:35:27,8,10,3376,18680
2023-08-08 10:35:30,8,9,3376,18680
2023-08-08 10:35:51,8,10,3376,18680
2023-08-08 10:35:54,8,9,3376,18680
2023-08-08 10:36:01,7,9,3376,18680
2023-08-08 10:36:24,7,10,3376,18680
2023-08-08 10:36:24,8,10,3376,18680
2023-08-08 10:36:26,7,10,3376,18680
2023-08-08 10:36:27,7,9,3376,18680
2023-08-08 10:36:46,8,9,3376,18680
2023-08-08 10:36:55,8,10,3376,18680
2023-08-08 10:36:56,8,9,3376,18680
2023-08-08 10:37:14,7,9,3340,18880
2023-08-08 10:38:23,8,9,3340,18880
2023-08-08 10:38:24,7,9,3340,18880
2023-08-08 10:38:50,7,9,3340,19280
2023-08-08 10:38:51,7,8,3340,19280
2023-08-08 10:38:52,7,9,3340,19280
2023-08-08 10:38:58,7,8,3340,19280
2023-08-08 10:38:59,7,9,3340,19280
2023-08-08 10:39:03,7,8,3340,19280
2023-08-08 10:39:05,7,9,3340,19280
2023-08-08 10:39:07,7,8,3340,19280
2023-08-08 10:39:12,7,9,3340,19280
2023-08-08 10:39:16,7,8,3340,19280
2023-08-08 10:39:21,7,9,3340,19280
2023-08-08 10:39:22,7,8,3340,19280
2023-08-08 10:39:27,7,9,3340,19280
2023-08-08 10:39:28,8,9,3340,19280
2023-08-08 10:39:39,8,10,3340,19280
2023-08-08 10:39:41,8,9,3340,19280
2023-08-08 10:39:44,8,10,3340,19280
2023-08-08 10:39:46,8,9,3340,19280
2023-08-08 10:39:49,7,9,3340,19280
2023-08-08 10:39:53,7,10,3340,19280
2023-08-08 10:39:53,8,10,3340,19280
2023-08-08 10:39:55,9,10,3340,19280
2023-08-08 10:39:59,7,10,3340,19330
2023-08-08 10:40:00,7,9,3340,19330
2023-08-08 10:40:01,8,9,3340,19330
2023-08-08 10:40:03,8,10,3340,19330
2023-08-08 10:40:10,8,9,3340,19330
2023-08-08 10:40:11,8,10,3340,19430
2023-08-08 10:40:12,8,9,3340,19430
2023-08-08 10:40:13,8,10,3340,19530
2023-08-08 10:40:14,8,9,3340,19530
2023-08-08 10:40:15,8,10,3340,19630
2023-08-08 10:40:17,8,9,3340,19630
2023-08-08 10:40:18,8,10,3340,19630
2023-08-08 10:40:19,8,9,3340,19630
2023-08-08 10:40:19,8,10,3382,19730
2023-08-08 10:40:21,8,9,3382,19730
2023-08-08 10:40:21,8,10,3482,19830
2023-08-08 10:40:25,8,9,3482,19830
2023-08-08 10:40:26,8,10,3482,19830
2023-08-08 10:40:41,8,9,3482,19830
2023-08-08 10:40:41,7,9,3482,19830
2023-08-08 10:40:46,7,10,3482,19830
2023-08-08 10:40:47,7,9,3482,19830
2023-08-08 10:40:49,7,8,3482,19830
2023-08-08 10:40:50,7,9,3482,19830
2023-08-08 10:40:53,7,10,3482,19830
2023-08-08 10:40:53,8,10,3482,19830
2023-08-08 10:40:57,7,10,3482,19830
2023-08-08 10:40:57,7,9,3482,19830
2023-08-08 10:40:58,7,8,3482,19830
2023-08-08 10:41:06,7,9,3482,19830
2023-08-08 10:41:11,7,8,3482,19830
2023-08-08 10:41:24,7,9,3482,19830
2023-08-08 10:41:28,7,10,3482,19830
2023-08-08 10:41:29,7,9,3482,19830
2023-08-08 10:41:35,7,8,3482,19830
2023-08-08 10:41:38,7,9,3482,19830
2023-08-08 10:41:44,7,10,3482,19830
2023-08-08 10:41:44,8,10,3482,19830
2023-08-08 10:41:46,7,10,3482,19830
2023-08-08 10:41:47,7,9,3482,19830
2023-08-08 10:41:52,8,9,3482,19830
2023-08-08 10:41:55,7,9,3482,19830
2023-08-08 10:41:59,8,9,3482,19830
2023-08-08 10:42:07,7,9,3482,19830
2023-08-08 10:42:08,7,10,3482,19830
2023-08-08 10:42:08,8,10,3482,19830
2023-08-08 10:42:10,8,9,3482,19830
2023-08-08 10:42:11,8,10,3482,19830
2023-08-08 10:42:17,9,10,3482,19830
2023-08-08 10:42:20,8,11,3482,19830
2023-08-08 10:42:20,9,11,3482,19830
2023-08-08 10:42:22,8,11,3482,19830
2023-08-08 10:42:22,8,10,3482,19830
2023-08-08 10:42:23,9,10,3482,19830
2023-08-08 10:42:29,8,10,3482,19830
2023-08-08 10:42:30,8,9,3482,19830
2023-08-08 10:42:31,8,10,3482,19830
2023-08-08 10:42:35,9,10,3482,19830
2023-08-08 10:42:43,9,11,3482,19830
2023-08-08 10:42:47,8,11,3482,19830
2023-08-08 10:42:47,8,10,3482,19830
2023-08-08 10:42:50,8,11,3482,19830
2023-08-08 10:42:50,9,11,3482,19830
2023-08-08 10:42:52,8,11,3482,19830
2023-08-08 10:42:52,8,10,3482,19830
2023-08-08 10:42:53,9,10,3482,19830
2023-08-08 10:42:56,8,10,3482,19830
2023-08-08 10:43:02,8,11,3482,19830
2023-08-08 10:43:02,9,11,3482,19830
2023-08-08 10:43:06,9,10,3482,19830
2023-08-08 10:43:10,8,10,3482,19830
2023-08-08 10:43:11,9,10,3482,19830
2023-08-08 10:43:14,8,10,3482,19830
2023-08-08 10:43:17,9,10,3482,19830
2023-08-08 10:43:18,9,11,3482,19830
2023-08-08 10:43:21,8,11,3482,19830
2023-08-08 10:43:21,8,10,3482,19830
2023-08-08 10:43:23,8,11,3482,19830
2023-08-08 10:43:23,9,11,3482,19830
2023-08-08 10:43:43,10,11,3482,19830
2023-08-08 10:43:44,9,11,3482,19830
2023-08-08 10:43:45,10,11,3482,19830
2023-08-08 10:43:46,9,11,3482,19830
2023-08-08 10:44:02,10,11,3482,19830
2023-08-08 10:44:03,9,11,3482,19830
2023-08-08 10:44:04,10,11,3482,19830
2023-08-08 10:44:06,9,11,3482,19830
2023-08-08 10:44:08,10,11,3482,19830
2023-08-08 10:44:13,9,11,3482,19830
2023-08-08 10:44:14,10,11,3482,19830
2023-08-08 10:44:27,10,12,3340,20230
2023-08-08 10:44:30,9,12,3340,20230
2023-08-08 10:44:30,9,11,3340,20230
2023-08-08 10:44:31,9,12,3340,20230
2023-08-08 10:44:31,10,12,3340,20230
2023-08-08 10:44:35,9,12,3340,20230
2023-08-08 10:44:35,9,11,3340,20230
2023-08-08 10:44:36,9,12,3340,20230
2023-08-08 10:44:36,10,12,3340,20230
2023-08-08 10:44:37,9,12,3340,20230
2023-08-08 10:44:37,9,11,3340,20230
2023-08-08 10:44:38,9,12,3340,20230
2023-08-08 10:44:38,10,12,3340,20230
2023-08-08 10:44:57,10,11,3340,20230
2023-08-08 10:44:58,10,12,3340,20230
2023-08-08 10:44:59,10,11,3340,20230
2023-08-08 10:45:01,10,12,3340,20230
2023-08-08 10:45:12,10,11,3340,20230
2023-08-08 10:45:14,10,12,3340,20230
2023-08-08 10:45:16,10,11,3340,20230
2023-08-08 10:45:17,10,12,3340,20230
2023-08-08 10:45:21,10,11,3340,20230
2023-08-08 10:45:22,10,12,3340,20230
2023-08-08 10:45:26,10,11,3340,20230
2023-08-08 10:45:28,10,12,3340,20230
2023-08-08 10:45:32,10,11,3340,20230
2023-08-08 10:45:36,10,12,3340,20230
2023-08-08 10:45:38,10,11,3340,20230
2023-08-08 10:45:39,10,12,3340,20230
2023-08-08 10:45:42,10,11,3340,20230
2023-08-08 10:46:05,9,11,3340,20230
2023-08-08 10:46:06,9,10,3340,20230
2023-08-08 10:46:12,9,11,3340,20230
2023-08-08 10:46:13,9,10,3340,20230
2023-08-08 10:46:15,8,10,3340,20230
2023-08-08 10:46:16,8,9,3340,20230
2023-08-08 10:46:24,8,10,3340,20230
2023-08-08 10:46:25,8,9,3340,20230
2023-08-08 10:46:26,8,10,3340,20230
2023-08-08 10:46:28,8,9,3340,20230
2023-08-08 10:46:52,7,9,3340,20430
2023-08-08 10:47:11,8,9,3340,20430
2023-08-08 10:47:12,7,9,3340,20430
2023-08-08 10:47:13,8,9,3340,20430
2023-08-08 10:47:16,7,9,3340,20430
2023-08-08 10:47:19,8,9,3340,20430
2023-08-08 10:47:20,7,9,3340,20430
2023-08-08 10:47:22,8,9,3340,20430
2023-08-08 10:47:25,7,9,3340,20430
2023-08-08 10:49:17,7,10,3340,20430
2023-08-08 10:49:17,8,10,3340,20430
2023-08-08 10:49:21,7,10,3340,20430
2023-08-08 10:49:21,7,9,3340,20430
2023-08-08 10:49:23,7,8,3340,20430
2023-08-08 10:49:24,7,9,3440,20530
2023-08-08 10:49:32,7,10,3440,20530
2023-08-08 10:49:32,8,10,3440,20530
2023-08-08 10:49:35,7,10,3440,20530
2023-08-08 10:49:36,7,9,3440,20530
2023-08-08 10:50:22,7,10,3440,20530
2023-08-08 10:50:22,8,10,3440,20530
2023-08-08 10:50:26,7,10,3440,20530
2023-08-08 10:50:26,7,9,3440,20530
2023-08-08 10:50:27,7,10,3440,20530
2023-08-08 10:50:27,8,10,3440,20530
2023-08-08 10:50:28,7,10,3440,20530
2023-08-08 10:50:28,8,10,3440,20530
2023-08-08 10:50:28,8,9,3440,20530
2023-08-08 10:50:39,8,10,3440,20530
2023-08-08 10:50:47,8,9,3440,20530
2023-08-08 10:50:48,8,10,3440,20530
2023-08-08 10:51:05,8,11,3440,20530
2023-08-08 10:51:05,9,11,3440,20530
2023-08-08 10:51:06,8,11,3440,20530
2023-08-08 10:51:06,8,10,3440,20530
2023-08-08 10:51:10,8,9,3440,20530
2023-08-08 10:51:13,7,9,3440,20530
2023-08-08 10:52:00,7,9,3440,20540
2023-08-08 10:52:03,7,8,3440,20540
2023-08-08 10:52:55,7,9,3440,20540
2023-08-08 10:53:50,6,9,3592,20740
2023-08-08 10:53:51,6,8,3592,20740
2023-08-08 10:54:11,6,9,3592,20740
2023-08-08 10:54:11,7,9,3592,20740
2023-08-08 10:54:24,7,8,3592,20740
2023-08-08 10:54:26,7,9,3592,20740
2023-08-08 10:54:28,7,8,3592,20740
2023-08-08 10:54:29,7,9,3592,20740
2023-08-08 10:54:30,7,8,3592,20740
2023-08-08 10:54:33,7,9,3592,20740
2023-08-08 10:54:50,7,8,3592,20740
2023-08-08 10:54:51,7,9,3592,20740
2023-08-08 10:54:57,7,8,3592,20740
2023-08-08 10:55:01,7,9,3592,20740
2023-08-08 10:55:02,7,8,3592,20740
2023-08-08 10:55:09,6,9,3592,20740
2023-08-08 10:55:09,7,9,3592,20740
2023-08-08 10:55:15,6,9,3592,20740
2023-08-08 10:55:15,6,8,3592,20740
2023-08-08 10:55:20,6,9,3592,20740
2023-08-08 10:55:20,7,9,3592,20740
2023-08-08 10:55:24,6,9,3592,20740
2023-08-08 10:55:24,6,8,3592,20740
2023-08-08 10:55:25,7,8,3592,20740
2023-08-08 10:55:27,6,9,3592,20740
2023-08-08 10:55:27,7,9,3592,20740
2023-08-08 10:55:29,6,9,3592,20740
2023-08-08 10:55:29,6,8,3592,20740
2023-08-08 10:55:51,6,7,3592,20740
2023-08-08 10:56:02,6,8,3592,20740
2023-08-08 10:56:23,6,7,3592,20740
2023-08-08 10:56:29,6,8,3592,20740
2023-08-08 10:56:31,6,7,3592,20740
2023-08-08 10:56:45,6,8,3592,20740
2023-08-08 10:57:01,6,7,3592,20740
2023-08-08 10:57:03,6,8,3592,20740
2023-08-08 10:57:05,6,7,3592,20740
2023-08-08 10:57:07,6,8,3592,20740
2023-08-08 10:57:10,6,7,3592,20740
2023-08-08 10:57:17,6,8,3592,20740
2023-08-08 10:57:18,6,7,3592,20740
2023-08-08 10:57:21,6,8,3592,20740
2023-08-08 10:57:26,6,7,3592,20740
2023-08-08 10:57:46,5,7,3792,20940
2023-08-08 10:59:00,6,7,3792,20940
2023-08-08 10:59:02,5,7,3792,20940
2023-08-08 10:59:03,6,7,3792,20940
2023-08-08 10:59:06,5,7,3792,20940
2023-08-08 10:59:49,5,7,4192,21340
2023-08-08 10:59:50,5,7,4592,21740
2023-08-08 10:59:50,5,6,4592,21740
2023-08-08 10:59:51,4,6,4647,21795
2023-08-08 10:59:57,5,6,4647,21795
2023-08-08 10:59:59,4,6,4647,21795
2023-08-08 11:00:05,5,6,4647,21795
2023-08-08 11:00:06,4,6,4647,21795
2023-08-08 11:00:10,4,6,4747,22045
2023-08-08 11:00:11,4,7,4747,22045
2023-08-08 11:00:11,4,5,4747,22045
2023-08-08 11:00:11,4,5,4752,22050
2023-08-08 11:00:13,4,6,4847,22145
2023-08-08 11:00:18,5,6,4847,22145
2023-08-08 11:00:19,5,7,4847,22145
2023-08-08 11:00:22,4,6,4847,22145
2023-08-08 11:00:25,5,6,4847,22145
2023-08-08 11:00:28,4,6,4847,22145
2023-08-08 11:00:32,5,6,4847,22145
2023-08-08 11:00:36,4,6,4847,22145
2023-08-08 11:00:39,5,6,4847,22145
2023-08-08 11:00:44,4,6,4847,22145
2023-08-08 11:00:46,5,6,4847,22145
2023-08-08 11:00:48,4,6,4847,22145
2023-08-08 11:00:52,5,6,4847,22145
2023-08-08 11:00:55,4,6,4847,22145
2023-08-08 11:02:01,5,6,4847,22145
2023-08-08 11:02:07,4,6,4847,22145
2023-08-08 11:02:07,5,6,4847,22145
2023-08-08 11:02:13,4,6,4847,22145
2023-08-08 11:03:26,4,5,4847,22145
2023-08-08 11:03:34,4,6,4847,22145
2023-08-08 11:05:02,3,6,5247,22545
2023-08-08 11:05:02,4,6,5247,22545
2023-08-08 11:05:03,4,5,5247,22545
2023-08-08 11:05:07,3,5,5247,22545
2023-08-08 11:05:09,4,5,5247,22545
2023-08-08 11:05:11,3,5,5247,22545
2023-08-08 11:05:16,4,5,5247,22545
2023-08-08 11:05:17,3,5,5252,22550
2023-08-08 11:05:23,4,5,5252,22550
2023-08-08 11:05:24,3,5,5257,22555
2023-08-08 11:05:30,4,5,5257,22555
2023-08-08 11:05:31,3,5,5262,22560
2023-08-08 11:05:44,4,5,5262,22560
2023-08-08 11:05:45,3,5,5267,22565
2023-08-08 11:05:51,4,5,5267,22565
2023-08-08 11:05:52,3,5,5272,22570
2023-08-08 11:06:18,4,5,5272,22570
2023-08-08 11:06:19,3,5,5277,22575
2023-08-08 11:06:25,4,5,5277,22575
2023-08-08 11:06:29,3,5,5377,22825
2023-08-08 11:06:30,3,6,5377,22825
2023-08-08 11:06:30,3,5,5377,22825
2023-08-08 11:06:31,3,6,5477,22925
2023-08-08 11:06:32,4,6,5477,22925
2023-08-08 11:06:32,4,5,5477,22925
2023-08-08 11:06:33,3,6,5477,22925
2023-08-08 11:06:33,4,6,5477,22925
2023-08-08 11:06:36,3,6,5477,22925
2023-08-08 11:06:36,3,5,5477,22925
2023-08-08 11:06:38,4,5,5477,22925
2023-08-08 11:06:39,4,6,5577,23025
2023-08-08 11:06:40,3,5,5577,23025
2023-08-08 11:06:41,3,6,5677,23125
2023-08-08 11:06:42,3,5,5677,23125
2023-08-08 11:06:44,3,6,5777,23225
2023-08-08 11:06:45,3,5,5777,23225
2023-08-08 11:06:45,4,5,5777,23225
2023-08-08 11:06:48,3,6,5877,23325
2023-08-08 11:06:49,3,5,5877,23325
2023-08-08 11:06:50,3,6,5977,23425
2023-08-08 11:06:51,3,5,5977,23425
2023-08-08 11:06:52,4,5,5977,23425
2023-08-08 11:06:52,4,6,6077,23525
2023-08-08 11:06:53,3,6,6077,23525
2023-08-08 11:06:53,3,5,6077,23525
2023-08-08 11:06:55,3,6,6177,23625
2023-08-08 11:06:56,3,5,6177,23625
2023-08-08 11:06:58,3,6,6277,23725
2023-08-08 11:06:59,3,5,6277,23725
2023-08-08 11:07:00,4,5,6277,23725
2023-08-08 11:07:00,4,6,6377,23825
2023-08-08 11:07:01,3,5,6377,23825
2023-08-08 11:07:03,3,6,6477,23925
2023-08-08 11:07:04,3,5,6477,23925
2023-08-08 11:07:05,3,6,6577,24025
2023-08-08 11:07:06,3,5,6577,24025
2023-08-08 11:07:06,4,5,6577,24025
2023-08-08 11:07:07,4,6,6677,24125
2023-08-08 11:07:08,3,5,6677,24125
2023-08-08 11:07:08,3,6,6777,24225
2023-08-08 11:07:09,3,5,6777,24225
2023-08-08 11:07:09,3,6,6877,24325
2023-08-08 11:07:10,3,5,6877,24325
2023-08-08 11:07:12,4,5,6877,24325
2023-08-08 11:07:15,4,6,6877,24325
2023-08-08 11:07:27,4,5,6877,24325
2023-08-08 11:07:41,3,5,6877,24325
2023-08-08 11:07:46,4,5,6877,24325
2023-08-08 11:07:51,3,5,6877,24325
2023-08-08 11:07:51,3,6,6877,24325
2023-08-08 11:07:51,4,6,6877,24325
2023-08-08 11:07:52,3,6,6877,24325
2023-08-08 11:07:52,3,5,6877,24325
2023-08-08 11:07:52,4,5,6877,24325
2023-08-08 11:08:04,3,5,6877,24325
2023-08-08 11:08:05,4,5,6877,24325
2023-08-08 11:08:07,3,5,6877,24325
2023-08-08 11:08:12,4,5,6877,24325
2023-08-08 11:08:14,3,5,6877,24325
2023-08-08 11:08:18,4,5,6877,24325
2023-08-08 11:08:21,3,5,6877,24325
2023-08-08 11:08:22,3,6,6877,24325
2023-08-08 11:08:22,4,6,6877,24325
2023-08-08 11:08:23,3,6,6877,24325
2023-08-08 11:08:23,3,5,6877,24325
2023-08-08 11:08:25,4,5,6877,24325
2023-08-08 11:08:33,3,5,6877,24325
2023-08-08 11:08:38,4,5,6877,24325
2023-08-08 11:08:40,3,5,6877,24325
2023-08-08 11:08:44,4,5,6877,24325
2023-08-08 11:08:46,3,5,6877,24325
2023-08-08 11:08:51,4,5,6877,24325
2023-08-08 11:09:07,3,5,6877,24325
2023-08-08 11:09:10,4,5,6877,24325
2023-08-08 11:09:13,3,5,6877,24325
2023-08-08 11:09:15,4,5,6877,24325
2023-08-08 11:09:21,3,5,6877,24331
2023-08-08 11:09:23,4,5,6877,24331
2023-08-08 11:09:24,3,5,6882,24336
2023-08-08 11:09:30,4,5,6882,24336
2023-08-08 11:09:31,3,5,6887,24341
2023-08-08 11:09:52,4,5,6887,24341
2023-08-08 11:09:55,3,5,6887,24341
2023-08-08 11:09:58,3,6,6887,24341
2023-08-08 11:09:58,4,6,6887,24341
2023-08-08 11:09:59,5,6,6887,24341
2023-08-08 11:10:02,3,6,6887,24341
2023-08-08 11:10:02,3,5,6887,24341
2023-08-08 11:10:03,3,6,6887,24341
2023-08-08 11:10:03,4,6,6887,24341
2023-08-08 11:10:04,3,6,6887,24341
2023-08-08 11:10:04,3,5,6887,24341
2023-08-08 11:10:06,4,5,6887,24341
2023-08-08 11:10:09,3,5,6887,24341
2023-08-08 11:10:13,3,5,6892,24346
2023-08-08 11:10:18,3,6,6892,24346
2023-08-08 11:10:18,4,6,6892,24346
2023-08-08 11:10:20,5,6,6892,24346
2023-08-08 11:10:22,3,6,6892,24346
2023-08-08 11:10:22,3,5,6892,24346
2023-08-08 11:10:26,4,5,6892,24346
2023-08-08 11:10:33,3,5,6897,24351
2023-08-08 11:10:40,4,5,6897,24351
2023-08-08 11:10:43,3,5,6897,24351
2023-08-08 11:10:46,3,5,6902,24356
2023-08-08 11:10:53,4,5,6902,24356
2023-08-08 11:11:02,3,5,6902,24356
2023-08-08 11:11:06,4,5,6902,24356
2023-08-08 11:11:08,3,5,6902,24356
2023-08-08 11:11:14,4,5,6902,24356
2023-08-08 11:11:15,3,5,6907,24361
2023-08-08 11:11:21,4,5,6907,24361
2023-08-08 11:11:22,3,5,6912,24366
2023-08-08 11:11:28,3,5,6917,24371
2023-08-08 11:11:35,4,5,6917,24371
2023-08-08 11:11:37,3,5,6917,24371
2023-08-08 11:11:42,4,5,6917,24371
2023-08-08 11:11:44,3,5,6917,24371
2023-08-08 11:11:48,4,5,6917,24371
2023-08-08 11:11:52,3,4,6917,24371
2023-08-08 11:11:55,3,5,6922,24376
2023-08-08 11:12:03,4,5,6922,24376
2023-08-08 11:12:04,3,5,6922,24376
2023-08-08 11:12:13,4,5,6922,24376
2023-08-08 11:12:14,3,5,6927,24381
2023-08-08 11:12:20,4,5,6927,24381
2023-08-08 11:12:44,3,5,6927,24381
2023-08-08 11:12:46,4,5,6927,24381
2023-08-08 11:12:49,3,5,6927,24381
2023-08-08 11:12:52,4,5,6927,24381
2023-08-08 11:12:53,3,5,6932,24386
2023-08-08 11:12:59,4,5,6932,24386
2023-08-08 11:13:00,3,5,6937,24391
2023-08-08 11:13:08,4,5,6937,24391
2023-08-08 11:13:15,3,5,6942,24396
2023-08-08 11:13:22,3,5,6947,24401
2023-08-08 11:13:29,3,5,6952,24406
2023-08-08 11:13:42,4,5,6952,24406
2023-08-08 11:14:07,4,6,6952,24406
2023-08-08 11:14:11,4,5,6952,24406
2023-08-08 11:14:14,4,6,6952,24406
2023-08-08 11:14:16,4,5,6952,24406
2023-08-08 11:14:17,4,6,6952,24406
2023-08-08 11:14:27,4,5,6952,24406
2023-08-08 11:14:34,4,6,6952,24406
2023-08-08 11:14:36,4,5,6952,24406
2023-08-08 11:14:44,4,6,6952,24406
2023-08-08 11:14:45,4,5,6952,24406
2023-08-08 11:14:52,4,6,6952,24406
2023-08-08 11:14:54,5,6,6952,24406
2023-08-08 11:15:07,4,6,6952,24406
2023-08-08 11:15:19,4,5,6952,24406
2023-08-08 11:15:19,4,5,6957,24411
2023-08-08 11:15:21,4,6,6957,24411
2023-08-08 11:15:22,4,5,6957,24411
2023-08-08 11:15:26,4,5,6962,24416
2023-08-08 11:15:30,4,6,6962,24416
2023-08-08 11:15:32,5,6,6962,24416
2023-08-08 11:15:35,4,6,6962,24416
2023-08-08 11:15:45,4,5,6962,24416
2023-08-08 11:15:48,4,6,6962,24416
2023-08-08 11:15:49,4,5,6962,24416
2023-08-08 11:15:50,4,6,6962,24416
2023-08-08 11:15:51,5,6,6962,24416
2023-08-08 11:15:53,4,5,6962,24416
2023-08-08 11:15:54,4,6,6962,24416
2023-08-08 11:15:56,4,5,6962,24416
2023-08-08 11:15:57,4,5,6967,24421
2023-08-08 11:16:01,4,6,6967,24421
2023-08-08 11:16:03,5,6,6967,24421
2023-08-08 11:16:05,4,6,6967,24421
2023-08-08 11:16:09,4,5,6967,24421
2023-08-08 11:16:09,4,5,6972,24426
2023-08-08 11:16:21,4,6,6972,24426
2023-08-08 11:16:25,4,5,6972,24426
2023-08-08 11:16:29,4,5,6977,24431
2023-08-08 11:16:30,4,6,6977,24431
2023-08-08 11:16:32,4,5,6977,24431
2023-08-08 11:16:36,4,5,6982,24436
2023-08-08 11:16:41,4,6,6982,24436
2023-08-08 11:16:43,5,6,6982,24436
2023-08-08 11:16:47,4,6,6982,24436
2023-08-08 11:17:07,4,5,6982,24436
2023-08-08 11:17:20,4,6,6982,24436
2023-08-08 11:17:23,4,5,6982,24436
2023-08-08 11:17:24,4,6,6982,24436
2023-08-08 11:17:38,4,5,6982,24436
2023-08-08 11:17:39,4,6,6982,24436
2023-08-08 11:17:59,5,6,6982,24436
2023-08-08 11:18:01,4,6,6982,24436
2023-08-08 11:18:02,4,5,6982,24436
2023-08-08 11:18:04,4,6,6982,24436
2023-08-08 11:18:05,4,5,6982,24436
2023-08-08 11:18:06,4,5,6987,24441
2023-08-08 11:18:23,3,5,7023,24541
2023-08-08 11:18:28,4,5,7023,24541
2023-08-08 11:18:33,3,5,7023,24541
2023-08-08 11:18:35,4,5,7023,24541
2023-08-08 11:18:37,3,5,7023,24541
2023-08-08 11:18:38,4,5,7023,24541
2023-08-08 11:18:42,4,6,7023,24541
2023-08-08 11:18:42,5,6,7023,24541
2023-08-08 11:18:43,4,6,7028,24546
2023-08-08 11:18:44,4,5,7028,24546
2023-08-08 11:18:44,3,5,7028,24546
2023-08-08 11:18:45,4,5,7028,24546
2023-08-08 11:18:45,4,6,7028,24546
2023-08-08 11:19:06,5,6,7028,24546
2023-08-08 11:19:33,4,6,7078,24596
2023-08-08 11:19:34,4,5,7078,24596
2023-08-08 11:19:44,4,6,7078,24596
2023-08-08 11:19:49,4,5,7078,24596
2023-08-08 11:19:51,4,6,7078,24596
2023-08-08 11:19:52,4,5,7078,24596
2023-08-08 11:19:54,4,6,7078,24596
2023-08-08 11:19:58,4,5,7078,24596
2023-08-08 11:20:00,4,6,7078,24596
2023-08-08 11:20:02,5,6,7078,24596
2023-08-08 11:20:33,4,6,7078,24596
2023-08-08 11:20:33,5,6,7078,24596
2023-08-08 11:20:35,5,7,7078,24596
2023-08-08 11:20:40,5,6,7078,24596
2023-08-08 11:20:41,5,7,7078,24596
2023-08-08 11:20:42,5,6,7078,24596
2023-08-08 11:20:42,5,6,7078,24601
2023-08-08 11:20:46,5,7,7078,24601
2023-08-08 11:20:54,5,6,7078,24601
2023-08-08 11:20:55,5,7,7178,24701
2023-08-08 11:20:56,5,6,7178,24701
2023-08-08 11:21:02,5,7,7178,24701
2023-08-08 11:21:05,5,6,7178,24701
2023-08-08 11:21:11,5,7,7178,24701
2023-08-08 11:21:12,6,7,7178,24701
2023-08-08 11:21:12,5,6,7178,24706
2023-08-08 11:21:33,4,6,7178,24706
2023-08-08 11:21:34,5,6,7178,24706
2023-08-08 11:22:49,4,6,7378,24906
2023-08-08 11:22:50,4,5,7378,24906
2023-08-08 11:22:53,4,6,7378,24906
2023-08-08 11:22:54,4,5,7378,24906
2023-08-08 11:22:56,4,6,7378,24906
2023-08-08 11:22:57,5,6,7378,24906
2023-08-08 11:23:02,4,6,7378,24906
2023-08-08 11:23:05,5,6,7378,24906
2023-08-08 11:23:07,4,6,7378,24906
2023-08-08 11:23:15,5,6,7378,24906
2023-08-08 11:23:44,4,6,7378,24906
2023-08-08 11:23:45,5,6,7378,24906
2023-08-08 11:23:52,4,6,7478,25006
2023-08-08 11:23:53,4,5,7478,25006
2023-08-08 11:24:08,4,6,7478,25006
2023-08-08 11:24:18,4,5,7478,25006
2023-08-08 11:24:22,4,6,7478,25006
2023-08-08 11:24:27,5,6,7478,25006
2023-08-08 11:24:28,4,6,7478,25006
2023-08-08 11:24:28,5,6,7478,25006
2023-08-08 11:24:38,4,6,7478,25006
2023-08-08 11:24:39,4,5,7478,25006
2023-08-08 11:24:41,4,6,7478,25006
2023-08-08 11:24:42,5,6,7478,25006
2023-08-08 11:25:00,4,6,7478,25006
2023-08-08 11:25:01,5,6,7478,25006
2023-08-08 11:25:11,5,6,7483,25011
2023-08-08 11:25:29,5,7,7483,25011
2023-08-08 11:25:32,5,6,7483,25011
2023-08-08 11:25:34,5,6,7488,25016
2023-08-08 11:25:38,5,7,7488,25016
2023-08-08 11:25:42,5,6,7488,25016
2023-08-08 11:25:48,4,6,7488,25016
2023-08-08 11:25:49,5,6,7488,25016
2023-08-08 11:25:49,4,5,7493,25021
2023-08-08 11:25:50,4,6,7493,25021
2023-08-08 11:25:56,5,6,7493,25021
2023-08-08 11:25:58,4,6,7493,25021
2023-08-08 11:26:00,4,5,7493,25021
2023-08-08 11:26:04,4,5,7498,25026
2023-08-08 11:26:09,4,6,7498,25026
2023-08-08 11:26:11,4,5,7498,25026
2023-08-08 11:26:19,4,6,7498,25026
2023-08-08 11:26:20,4,5,7498,25026
2023-08-08 11:26:27,4,6,7498,25026
2023-08-08 11:26:33,5,6,7498,25026
2023-08-08 11:26:35,4,6,7498,25026
2023-08-08 11:26:41,5,6,7498,25026
2023-08-08 11:26:41,4,5,7503,25031
2023-08-08 11:26:43,4,6,7503,25031
2023-08-08 11:26:55,4,5,7503,25031
2023-08-08 11:26:56,4,5,7508,25036
2023-08-08 11:26:56,3,5,7508,25036
2023-08-08 11:26:57,3,6,7508,25036
2023-08-08 11:26:57,4,6,7508,25036
2023-08-08 11:27:02,4,5,7508,25036
2023-08-08 11:27:03,4,5,7513,25041
2023-08-08 11:27:08,4,6,7513,25041
2023-08-08 11:27:12,4,5,7513,25041
2023-08-08 11:27:13,4,6,7513,25041
2023-08-08 11:27:16,4,5,7513,25041
2023-08-08 11:27:35,4,5,7518,25046
2023-08-08 11:27:40,4,5,7918,25446
2023-08-08 11:27:40,3,5,7918,25446
2023-08-08 11:27:41,4,5,7918,25446
2023-08-08 11:27:50,3,5,8218,25746
2023-08-08 11:27:58,4,5,8218,25746
2023-08-08 11:28:00,3,5,8218,25746
2023-08-08 11:28:00,4,6,8218,25746
2023-08-08 11:28:01,4,5,8218,25746
2023-08-08 11:28:06,4,6,8218,25746
2023-08-08 11:28:06,5,6,8218,25746
2023-08-08 11:28:08,4,6,8218,25746
2023-08-08 11:28:09,3,6,8218,25746
2023-08-08 11:28:09,3,5,8218,25746
2023-08-08 11:28:09,4,5,8218,25746
2023-08-08 11:28:14,4,6,8218,25746
2023-08-08 11:28:15,4,5,8218,25746
2023-08-08 11:28:16,4,6,8218,25746
2023-08-08 11:28:23,5,6,8218,25746
2023-08-08 11:28:29,5,7,8218,25746
2023-08-08 11:28:45,5,6,8218,25746
2023-08-08 11:28:45,5,6,8223,25751
2023-08-08 11:28:46,5,7,8223,25751
2023-08-08 11:29:03,4,7,8223,25751
2023-08-08 11:29:03,4,6,8223,25751
2023-08-08 11:29:04,4,7,8223,25751
2023-08-08 11:29:04,5,7,8223,25751
2023-08-08 11:29:07,4,7,8223,25751
2023-08-08 11:29:07,4,6,8223,25751
2023-08-08 11:29:19,5,6,8223,25751
2023-08-08 11:29:20,5,7,8223,25751
2023-08-08 11:29:23,6,7,8223,25751
2023-08-08 11:29:24,5,7,8223,25751
2023-08-08 11:29:26,6,7,8223,25751
2023-08-08 11:29:30,5,7,8223,25751
2023-08-08 11:29:31,6,7,8223,25751
2023-08-08 11:29:34,5,7,8223,25751
2023-08-08 11:29:43,6,7,8223,25751
2023-08-08 11:29:45,6,8,8223,25751
2023-08-08 11:29:50,6,7,8223,25751
2023-08-08 11:29:51,6,8,8223,25751
2023-08-08 11:29:51,5,7,8223,25751
2023-08-08 11:29:53,5,7,8223,25751
2023-08-08 11:29:54,6,7,8223,25751
2023-08-08 11:29:55,5,7,8223,25751
2023-08-08 11:29:56,6,7,8223,25751
2023-08-08 11:30:00,5,7,8223,25751
2023-08-08 11:30:12,5,6,8223,25751
2023-08-08 11:30:13,5,7,8223,25751
2023-08-08 11:30:15,6,7,8223,25751
2023-08-08 11:30:16,4,7,8223,25751
2023-08-08 11:30:17,4,6,8223,25751
2023-08-08 11:30:20,4,7,8223,25751
2023-08-08 11:30:20,5,7,8223,25751
2023-08-08 11:30:22,4,7,8223,25751
2023-08-08 11:30:22,4,6,8223,25751
2023-08-08 11:30:24,4,7,8223,25751
2023-08-08 11:30:24,5,7,8223,25751
2023-08-08 11:30:31,4,7,8223,25751
2023-08-08 11:30:31,4,6,8223,25751
2023-08-08 11:30:35,5,6,8223,25751
2023-08-08 11:30:41,4,6,8223,25751
2023-08-08 11:30:43,5,6,8223,25751
2023-08-08 11:30:56,5,6,7823,26151
2023-08-08 11:31:36,4,6,7823,26151
2023-08-08 11:31:36,5,6,7823,26151
2023-08-08 11:31:39,4,6,7823,26151
2023-08-08 11:31:39,5,6,7823,26151
2023-08-08 11:31:42,4,6,7823,26151
2023-08-08 11:31:44,5,6,7823,26151
2023-08-08 11:31:45,4,6,7823,26151
2023-08-08 11:32:06,5,6,7823,26151
2023-08-08 11:32:08,4,6,7823,26151
2023-08-08 11:32:22,5,6,7823,26151
2023-08-08 11:32:35,4,6,7823,26151
2023-08-08 11:32:51,5,6,7823,26151
2023-08-08 11:32:57,4,6,7823,26151
2023-08-08 11:33:01,5,6,7823,26151
2023-08-08 11:33:16,4,6,7823,26151
2023-08-08 11:33:28,4,5,7823,26151
2023-08-08 11:33:30,4,6,7823,26151
2023-08-08 11:33:39,4,5,7823,26151
2023-08-08 11:33:47,4,6,7823,26151
2023-08-08 11:34:02,4,5,7823,26151
2023-08-08 11:34:05,3,5,7823,26151
2023-08-08 11:34:07,3,6,7823,26151
2023-08-08 11:34:07,4,6,7823,26151
2023-08-08 11:34:17,3,6,7823,26151
2023-08-08 11:34:17,3,5,7823,26151
2023-08-08 11:34:21,3,6,7823,26151
2023-08-08 11:34:21,4,6,7823,26151
2023-08-08 11:34:29,3,6,7823,26151
2023-08-08 11:34:29,3,5,7823,26151
2023-08-08 11:34:35,3,6,7823,26151
2023-08-08 11:34:35,4,6,7823,26151
2023-08-08 11:35:02,3,6,7823,26151
2023-08-08 11:35:02,3,5,7823,26151
2023-08-08 11:35:03,3,6,7823,26151
2023-08-08 11:35:03,4,6,7823,26151
2023-08-08 11:35:09,3,6,7823,26151
2023-08-08 11:35:10,3,5,7823,26151
2023-08-08 11:35:11,3,6,7823,26151
2023-08-08 11:35:11,4,6,7823,26151
2023-08-08 11:35:37,5,6,7823,26151
2023-08-08 11:35:40,4,6,7823,26151
2023-08-08 11:35:49,4,5,7823,26151
2023-08-08 11:35:50,4,6,7823,26151
2023-08-08 11:35:52,4,5,7823,26151
2023-08-08 11:36:00,4,6,7823,26151
2023-08-08 11:36:00,3,6,7823,26151
2023-08-08 11:36:00,4,6,7823,26151
2023-08-08 11:36:01,3,6,7823,26151
2023-08-08 11:36:01,3,5,7823,26151
2023-08-08 11:36:04,3,6,7823,26151
2023-08-08 11:36:04,4,6,7823,26151
2023-08-08 11:36:05,3,6,7823,26151
2023-08-08 11:36:05,3,5,7823,26151
2023-08-08 11:36:07,3,6,7823,26151
2023-08-08 11:36:07,4,6,7823,26151
2023-08-08 11:36:09,3,6,7823,26151
2023-08-08 11:36:09,3,5,7823,26151
2023-08-08 11:36:11,3,6,7823,26151
2023-08-08 11:36:11,4,6,7823,26151
2023-08-08 11:36:19,4,5,7823,26151
2023-08-08 11:36:23,3,6,7823,26151
2023-08-08 11:36:23,4,6,7823,26151
2023-08-08 11:36:30,3,6,7823,26151
2023-08-08 11:36:30,3,5,7823,26151
2023-08-08 11:36:32,3,6,7823,26151
2023-08-08 11:36:32,4,6,7823,26151
2023-08-08 11:37:35,5,6,7823,26151
2023-08-08 11:37:37,4,6,7823,26151
2023-08-08 11:38:27,5,6,7823,26151
2023-08-08 11:38:29,4,6,7823,26151
2023-08-08 11:38:30,5,6,7823,26151
2023-08-08 11:38:32,4,6,7823,26151
2023-08-08 11:38:37,5,6,7823,26151
2023-08-08 11:38:40,4,6,7823,26151
2023-08-08 11:38:45,5,6,7823,26151
2023-08-08 11:39:01,4,6,7823,26151
2023-08-08 11:39:02,5,6,7823,26151
2023-08-08 11:39:04,4,6,7823,26151
2023-08-08 11:39:14,5,6,7823,26151
2023-08-08 11:39:23,5,7,7523,26451
2023-08-08 11:39:37,4,7,7523,26451
2023-08-08 11:39:37,4,6,7523,26451
2023-08-08 11:40:25,4,5,7523,26451
2023-08-08 11:40:26,4,6,7523,26451
2023-08-08 11:40:38,4,5,7523,26451
2023-08-08 11:40:39,4,6,7523,26451
2023-08-08 11:40:40,4,5,7523,26451
2023-08-08 11:40:41,4,6,7523,26451
2023-08-08 11:40:42,4,5,7523,26451
2023-08-08 11:40:43,4,6,7523,26451
2023-08-08 11:40:45,4,5,7523,26451
2023-08-08 11:40:50,4,6,7523,26451
2023-08-08 11:40:53,4,5,7523,26451
2023-08-08 11:40:54,4,6,7523,26451
2023-08-08 11:40:55,4,5,7523,26451
2023-08-08 11:40:57,4,6,7523,26451
2023-08-08 11:40:59,4,5,7523,26451
2023-08-08 11:41:13,4,6,7523,26451
2023-08-08 11:41:14,4,5,7523,26451
2023-08-08 11:41:15,4,6,7523,26451
2023-08-08 11:41:26,4,5,7523,26451
2023-08-08 11:41:30,4,6,7523,26451
2023-08-08 11:41:35,4,5,7523,26451
2023-08-08 11:41:39,3,5,7523,26451
2023-08-08 11:42:36,3,5,7923,26851
2023-08-08 11:42:37,3,5,8323,27251
2023-08-08 11:42:38,3,4,8323,27251
2023-08-08 11:43:09,2,4,8323,27251
2023-08-08 11:43:11,3,4,8323,27251
2023-08-08 11:43:14,3,5,7923,27651
2023-08-08 11:43:17,4,5,7923,27651
2023-08-08 11:43:20,3,5,7923,27651
2023-08-08 11:43:21,3,4,7923,27651
2023-08-08 11:43:23,3,5,7923,27651
2023-08-08 11:43:24,4,5,7923,27651
2023-08-08 11:43:25,3,5,7923,27651
2023-08-08 11:43:28,3,4,7923,27651
2023-08-08 11:43:31,3,5,7923,27651
2023-08-08 11:43:43,3,4,7923,27651
2023-08-08 11:43:48,3,5,7923,27651
2023-08-08 11:43:49,2,5,7923,27651
2023-08-08 11:43:54,3,5,7923,27651
2023-08-08 11:43:58,3,4,7923,27651
2023-08-08 11:44:01,3,5,7923,27651
2023-08-08 11:44:05,3,4,7923,27651
2023-08-08 11:44:11,3,5,7923,27651
2023-08-08 11:44:13,3,4,7923,27651
2023-08-08 11:44:15,3,5,7923,27651
2023-08-08 11:44:27,3,4,7923,27651
2023-08-08 11:44:29,3,5,7923,27651
2023-08-08 11:44:31,4,5,7923,27651
2023-08-08 11:44:32,3,5,7923,27651
2023-08-08 11:44:42,4,5,7923,27651
2023-08-08 11:44:42,3,4,7823,27751
2023-08-08 11:44:45,3,5,7823,27751
2023-08-08 11:44:56,3,6,7823,27751
2023-08-08 11:44:56,4,6,7823,27751
2023-08-08 11:44:57,3,6,7823,27751
2023-08-08 11:44:57,3,5,7823,27751
2023-08-08 11:45:18,3,4,7823,27751
2023-08-08 11:45:22,3,5,7823,27751
2023-08-08 11:45:40,3,4,7823,27751
2023-08-08 11:45:42,3,5,7823,27751
2023-08-08 11:45:47,3,4,7823,27751
2023-08-08 11:45:51,3,5,7823,27751
2023-08-08 11:45:54,3,4,7823,27751
2023-08-08 11:46:03,3,5,7823,27751
2023-08-08 11:46:14,2,5,7823,27751
2023-08-08 11:46:17,3,5,7823,27751
2023-08-08 11:46:18,3,4,7823,27751
2023-08-08 11:46:24,3,5,7823,27751
2023-08-08 11:46:24,4,5,7823,27751
2023-08-08 11:46:26,3,5,7823,27751
2023-08-08 11:46:32,3,4,7823,27751
2023-08-08 11:46:35,3,5,7823,27751
2023-08-08 11:46:35,4,5,7823,27751
2023-08-08 11:46:39,4,5,7768,27806
2023-08-08 11:46:42,3,5,7768,27806
2023-08-08 11:46:54,3,4,7768,27806
2023-08-08 11:47:09,3,5,7768,27806
2023-08-08 11:47:25,3,4,7768,27806
2023-08-08 11:47:27,3,5,7768,27806
2023-08-08 11:47:30,4,5,7768,27806
2023-08-08 11:47:31,3,5,7768,27806
2023-08-08 11:47:32,3,4,7768,27806
2023-08-08 11:47:35,3,5,7768,27806
2023-08-08 11:47:38,4,5,7768,27806
2023-08-08 11:47:40,3,5,7768,27806
2023-08-08 11:47:50,3,4,7768,27806
2023-08-08 11:48:05,3,5,7768,27886
2023-08-08 11:48:06,4,5,7768,27886
2023-08-08 11:48:08,4,5,7741,27913
2023-08-08 11:48:09,3,5,7741,27913
2023-08-08 11:48:16,4,5,7741,27913
2023-08-08 11:48:21,3,5,7741,27913
2023-08-08 11:48:29,3,4,7741,27913
2023-08-08 11:48:37,3,5,7741,27913
2023-08-08 11:48:40,4,5,7741,27913
2023-08-08 11:48:41,3,5,7741,27913
2023-08-08 11:48:44,3,4,7741,27913
2023-08-08 11:48:45,3,5,7741,27913
2023-08-08 11:48:47,2,5,7741,27913
2023-08-08 11:48:48,3,5,7741,27913
2023-08-08 11:48:55,4,5,7741,27913
2023-08-08 11:48:58,3,5,7741,27913
2023-08-08 11:48:59,4,5,7741,27913
2023-08-08 11:49:05,4,5,7727,27927
2023-08-08 11:49:12,3,5,7727,27927
2023-08-08 11:49:19,3,6,7727,27927
2023-08-08 11:49:19,4,6,7727,27927
2023-08-08 11:49:20,4,5,7727,27927
2023-08-08 11:49:21,3,6,7727,27927
2023-08-08 11:49:21,4,6,7727,27927
2023-08-08 11:49:22,3,6,7727,27927
2023-08-08 11:49:22,3,5,7727,27927
2023-08-08 11:49:26,4,5,7727,27927
2023-08-08 11:49:29,3,5,7727,27927
2023-08-08 11:49:54,2,5,7727,27927
2023-08-08 11:50:03,3,5,7727,27927
2023-08-08 11:51:04,2,5,7727,27927
2023-08-08 11:51:12,3,5,7727,27927
2023-08-08 11:51:53,2,5,7727,27927
2023-08-08 11:51:57,3,5,7727,27927
2023-08-08 11:52:06,4,5,7727,27927
2023-08-08 11:52:10,3,5,7727,27927
2023-08-08 11:52:16,4,5,7727,27927
2023-08-08 11:52:18,3,5,7727,27927
2023-08-08 11:52:51,2,5,7727,27927
2023-08-08 11:53:06,2,4,7727,27927
2023-08-08 11:53:22,3,4,7727,27927
2023-08-08 11:53:23,3,5,7727,27927
2023-08-08 11:53:24,3,4,7727,27927
2023-08-08 11:53:25,2,4,7727,27927
2023-08-08 11:53:54,2,5,7727,27927
2023-08-08 11:53:54,3,5,7727,27927
2023-08-08 11:53:55,2,5,7727,27927
2023-08-08 11:53:55,2,4,7727,27927
2023-08-08 11:54:22,2,5,7827,28027
2023-08-08 11:54:23,2,4,7827,28027
2023-08-08 11:55:01,2,5,7827,28027
2023-08-08 11:55:01,3,5,7827,28027
2023-08-08 11:55:03,2,5,7827,28027
2023-08-08 11:55:03,2,4,7827,28027
2023-08-08 11:55:19,2,5,7827,28027
2023-08-08 11:55:19,3,5,7827,28027
2023-08-08 11:55:33,2,5,7827,28027
2023-08-08 11:55:33,2,4,7827,28027
2023-08-08 11:55:51,3,4,7827,28027
2023-08-08 11:55:52,2,4,7827,28027
2023-08-08 11:56:27,3,4,7827,28027
2023-08-08 11:56:54,3,4,7827,28427
2023-08-08 11:57:16,2,4,7827,28427
2023-08-08 11:57:23,3,4,7827,28427
2023-08-08 11:58:16,2,4,7827,28427
2023-08-08 11:58:19,2,3,7827,28427
2023-08-08 11:58:29,2,4,7827,28427
2023-08-08 11:59:05,3,4,7827,28427
2023-08-08 11:59:10,2,4,7827,28427
2023-08-08 11:59:58,3,4,7827,28427
2023-08-08 12:00:50,2,4,7827,28427
2023-08-08 12:00:53,3,4,7827,28427
2023-08-08 12:00:55,2,4,7827,28427
2023-08-08 12:01:07,3,4,7827,28427
2023-08-08 12:01:28,2,4,7827,28427
2023-08-08 12:01:41,3,4,7827,28427
2023-08-08 12:01:45,2,4,7827,28427
2023-08-08 12:01:48,3,4,7827,28427
2023-08-08 12:02:40,3,4,7827,28827
2023-08-08 12:03:06,2,4,7827,28827
2023-08-08 12:03:08,3,4,7827,28827
2023-08-08 12:03:17,2,4,7827,28827
2023-08-08 12:03:20,3,4,7827,28827
2023-08-08 12:03:48,3,4,7827,29227
2023-08-08 12:03:49,3,4,7827,29627
2023-08-08 12:03:58,3,4,7827,30027
2023-08-08 12:03:59,3,4,7827,30427
2023-08-08 12:04:00,3,4,7827,30827
2023-08-08 12:04:06,2,4,7827,30827
2023-08-08 12:04:06,3,4,7827,30827
2023-08-08 12:04:13,2,4,7827,30827
2023-08-08 12:04:24,3,4,7827,30827
2023-08-08 12:04:25,2,4,7827,30827
2023-08-08 12:04:32,3,4,7827,30827
2023-08-08 12:04:58,2,4,7827,30827
2023-08-08 12:04:58,3,4,7827,30827
2023-08-08 12:05:04,2,4,7827,30827
2023-08-08 12:05:07,3,4,7827,30827
2023-08-08 12:07:19,3,4,7837,30837
2023-08-08 12:07:28,3,4,8337,31337
2023-08-08 12:07:29,3,4,8337,31737
2023-08-08 12:07:33,3,4,8337,32137
2023-08-08 12:07:34,3,4,8337,32537
2023-08-08 12:07:39,3,4,8465,32937
2023-08-08 12:07:40,3,6,8555,33027
2023-08-08 12:07:40,4,6,8555,33027
2023-08-08 12:07:44,4,5,8555,33027
2023-08-08 12:07:46,3,5,8555,33027
2023-08-08 12:07:59,3,4,8555,33027
2023-08-08 12:08:03,3,5,8555,33027
2023-08-08 12:08:04,3,4,8555,33027
2023-08-08 12:08:05,3,5,8555,33027
2023-08-08 12:08:16,3,4,8555,33027
2023-08-08 12:08:17,3,5,8555,33027
2023-08-08 12:08:43,3,4,8555,33027
2023-08-08 12:08:44,3,5,8555,33027
2023-08-08 12:08:49,4,5,8555,33027
2023-08-08 12:08:52,3,5,8555,33027
2023-08-08 12:08:54,4,5,8555,33027
2023-08-08 12:08:58,3,5,8555,33027
2023-08-08 12:08:58,4,5,8555,33027
2023-08-08 12:09:02,3,5,8555,33027
2023-08-08 12:09:02,3,5,8555,33032
2023-08-08 12:09:03,3,4,8555,33032
2023-08-08 12:09:04,3,5,8555,33032
2023-08-08 12:09:06,3,6,8555,33032
2023-08-08 12:09:06,4,6,8555,33032
2023-08-08 12:09:07,3,6,8555,33032
2023-08-08 12:09:07,3,5,8555,33032
2023-08-08 12:09:07,4,5,8555,33032
2023-08-08 12:09:08,3,5,8555,33032
2023-08-08 12:09:11,3,5,8555,33037
2023-08-08 12:09:15,3,5,8555,33042
2023-08-08 12:09:20,4,5,8555,33042
2023-08-08 12:09:21,3,5,8555,33042
2023-08-08 12:09:22,4,5,8555,33042
2023-08-08 12:09:22,4,6,8555,33042
2023-08-08 12:09:37,3,6,8555,33042
2023-08-08 12:09:37,3,5,8555,33042
2023-08-08 12:09:42,3,6,8555,33042
2023-08-08 12:09:42,4,6,8555,33042
2023-08-08 12:09:43,3,6,8555,33042
2023-08-08 12:09:43,3,5,8555,33042
2023-08-08 12:09:52,3,6,8555,33042
2023-08-08 12:09:52,4,6,8555,33042
2023-08-08 12:09:56,3,6,8555,33042
2023-08-08 12:09:57,3,5,8555,33042
2023-08-08 12:10:01,3,6,8555,33042
2023-08-08 12:10:01,4,6,8555,33042
2023-08-08 12:10:05,4,6,8556,33043
2023-08-08 12:10:06,3,6,8556,33043
2023-08-08 12:10:06,3,5,8556,33043
2023-08-08 12:10:52,3,6,8556,33043
2023-08-08 12:10:52,4,6,8556,33043
2023-08-08 12:11:02,3,6,8556,33043
2023-08-08 12:11:02,3,5,8556,33043
2023-08-08 12:11:04,3,5,8557,33044
2023-08-08 12:11:05,4,5,8557,33044
2023-08-08 12:11:07,4,6,8557,33044
2023-08-08 12:11:11,4,5,8557,33044
2023-08-08 12:11:16,4,6,8557,33044
2023-08-08 12:11:18,4,7,8557,33044
2023-08-08 12:11:19,5,7,8557,33044
2023-08-08 12:11:28,4,7,8557,33044
2023-08-08 12:11:28,4,6,8557,33044
2023-08-08 12:11:29,4,5,8557,33044
2023-08-08 12:11:43,4,6,8557,33044
2023-08-08 12:11:45,4,5,8557,33044
2023-08-08 12:11:58,4,6,8557,33044
2023-08-08 12:12:05,4,6,8558,33045
2023-08-08 12:12:14,4,5,8558,33045
2023-08-08 12:12:15,4,6,8558,33045
2023-08-08 12:12:25,4,5,8558,33045
2023-08-08 12:12:29,4,6,8558,33045
2023-08-08 12:12:42,4,5,8558,33045
2023-08-08 12:12:51,4,6,8558,33045
2023-08-08 12:12:59,4,7,8558,33045
2023-08-08 12:13:00,5,7,8558,33045
2023-08-08 12:13:02,4,7,8558,33045
2023-08-08 12:13:02,4,6,8558,33045
2023-08-08 12:13:05,4,7,8558,33045
2023-08-08 12:13:06,5,7,8558,33045
2023-08-08 12:13:08,4,7,8558,33045
2023-08-08 12:13:08,4,6,8558,33045
2023-08-08 12:13:13,4,5,8558,33045
2023-08-08 12:13:27,4,6,8558,33045
2023-08-08 12:13:31,4,7,8558,33045
2023-08-08 12:13:32,5,7,8558,33045
2023-08-08 12:13:39,4,7,8558,33045
2023-08-08 12:13:39,4,6,8558,33045
2023-08-08 12:13:45,4,7,8558,33045
2023-08-08 12:13:45,5,7,8558,33045
2023-08-08 12:13:47,4,7,8558,33045
2023-08-08 12:13:47,4,6,8558,33045
2023-08-08 12:13:54,4,7,8558,33045
2023-08-08 12:13:54,5,7,8558,33045
2023-08-08 12:14:04,5,6,8558,33045
2023-08-08 12:14:09,5,7,8558,33045
2023-08-08 12:14:13,5,6,8558,33045
2023-08-08 12:14:15,5,7,8558,33045
2023-08-08 12:14:20,5,6,8558,33045
2023-08-08 12:14:24,4,7,8558,33045
2023-08-08 12:14:24,4,6,8558,33045
2023-08-08 12:14:31,4,7,8558,33045
2023-08-08 12:14:31,5,7,8558,33045
2023-08-08 12:14:37,4,7,8558,33045
2023-08-08 12:14:37,4,6,8558,33045
2023-08-08 12:14:41,4,5,8558,33045
2023-08-08 12:14:42,4,6,8558,33045
2023-08-08 12:14:43,4,5,8558,33045
2023-08-08 12:15:02,4,6,8558,33045
2023-08-08 12:15:25,5,6,8558,33045
2023-08-08 12:15:37,4,6,8558,33045
2023-08-08 12:15:42,4,5,8558,33045
2023-08-08 12:15:43,4,6,8558,33045
2023-08-08 12:15:43,5,6,8558,33045
2023-08-08 12:15:45,5,7,8558,33045
2023-08-08 12:15:53,5,6,8558,33045
2023-08-08 12:15:58,5,7,8558,33045
2023-08-08 12:15:59,5,6,8558,33045
2023-08-08 12:16:03,5,7,8558,33045
2023-08-08 12:16:22,6,7,8558,33045
2023-08-08 12:16:24,5,7,8558,33045
2023-08-08 12:16:36,5,6,8558,33045
2023-08-08 12:16:43,5,7,8558,33045
2023-08-08 12:16:47,4,7,8558,33045
2023-08-08 12:16:47,4,6,8558,33045
2023-08-08 12:16:58,4,7,8558,33045
2023-08-08 12:16:59,5,7,8558,33045
2023-08-08 12:17:01,4,7,8558,33045
2023-08-08 12:17:01,4,6,8558,33045
2023-08-08 12:17:04,4,7,8558,33045
2023-08-08 12:17:05,5,7,8558,33045
2023-08-08 12:17:07,4,7,8558,33045
2023-08-08 12:17:07,4,6,8558,33045
2023-08-08 12:17:12,4,7,8558,33045
2023-08-08 12:17:13,4,6,8558,33045
2023-08-08 12:17:15,5,6,8558,33045
2023-08-08 12:17:15,5,7,8558,33045
2023-08-08 12:17:26,4,7,8558,33045
2023-08-08 12:17:26,4,6,8558,33045
2023-08-08 12:17:30,4,7,8558,33045
2023-08-08 12:17:31,5,7,8558,33045
2023-08-08 12:18:01,5,8,8558,33045
2023-08-08 12:18:01,6,8,8558,33045
2023-08-08 12:18:03,5,8,8558,33045
2023-08-08 12:18:03,5,7,8558,33045
2023-08-08 12:18:09,5,8,8558,33045
2023-08-08 12:18:09,6,8,8558,33045
2023-08-08 12:18:14,5,8,8558,33045
2023-08-08 12:18:14,5,7,8558,33045
2023-08-08 12:18:32,6,7,8558,33045
2023-08-08 12:18:34,5,7,8558,33045
2023-08-08 12:18:47,5,8,8558,33045
2023-08-08 12:18:47,6,8,8558,33045
2023-08-08 12:18:54,5,8,8558,33045
2023-08-08 12:18:54,5,7,8558,33045
2023-08-08 12:19:02,5,8,8558,33045
2023-08-08 12:19:02,6,8,8558,33045
2023-08-08 12:19:28,7,8,8558,33045
2023-08-08 12:19:29,6,8,8558,33045
2023-08-08 12:19:48,7,8,8558,33045
2023-08-08 12:19:54,6,8,8558,33045
2023-08-08 12:19:56,7,8,8558,33045
2023-08-08 12:19:58,6,8,8558,33045
2023-08-08 12:19:59,7,8,8558,33045
2023-08-08 12:20:03,6,8,8558,33045
2023-08-08 12:20:04,6,7,8558,33045
2023-08-08 12:20:05,5,7,8558,33045
2023-08-08 12:20:07,5,6,8558,33045
2023-08-08 12:20:12,5,7,8558,33045
2023-08-08 12:20:13,5,8,8558,33045
2023-08-08 12:20:13,6,8,8558,33045
2023-08-08 12:20:17,5,8,8558,33045
2023-08-08 12:20:17,5,7,8558,33045
2023-08-08 12:20:33,5,8,8558,33045
2023-08-08 12:20:33,6,8,8558,33045
2023-08-08 12:20:41,5,8,8558,33045
2023-08-08 12:20:41,5,7,8558,33045
2023-08-08 12:21:05,5,6,8558,33045
2023-08-08 12:21:10,5,7,8558,33045
2023-08-08 12:21:12,5,6,8558,33045
2023-08-08 12:21:14,5,7,8558,33045
2023-08-08 12:21:17,5,6,8558,33045
2023-08-08 12:21:29,5,7,8558,33045
2023-08-08 12:21:53,5,6,8558,33045
2023-08-08 12:21:54,4,5,8558,33046
2023-08-08 12:21:55,4,6,8558,33046
2023-08-08 12:21:56,4,5,8558,33046
2023-08-08 12:21:57,4,6,8558,33046
2023-08-08 12:22:02,4,5,8558,33046
2023-08-08 12:22:04,4,6,8558,33046
2023-08-08 12:22:14,4,7,8558,33046
2023-08-08 12:22:14,5,7,8558,33046
2023-08-08 12:22:20,4,7,8558,33046
2023-08-08 12:22:20,4,6,8558,33046
2023-08-08 12:22:30,4,5,8558,33046
2023-08-08 12:23:07,4,6,8558,33046
2023-08-08 12:23:08,4,5,8558,33046
2023-08-08 12:23:09,4,6,8558,33046
2023-08-08 12:23:11,4,5,8558,33046
2023-08-08 12:23:34,4,6,8558,33046
2023-08-08 12:23:39,4,7,8558,33046
2023-08-08 12:23:39,5,7,8558,33046
2023-08-08 12:23:40,5,6,8558,33046
2023-08-08 12:23:44,5,7,8558,33046
2023-08-08 12:23:44,5,6,8558,33046
2023-08-08 12:23:46,4,6,8558,33046
2023-08-08 12:23:48,4,7,8558,33046
2023-08-08 12:23:48,5,7,8558,33046
2023-08-08 12:23:49,5,6,8558,33046
2023-08-08 12:23:50,4,6,8558,33046
2023-08-08 12:23:52,4,5,8558,33046
2023-08-08 12:23:56,4,6,8558,33046
2023-08-08 12:24:06,4,7,8558,33046
2023-08-08 12:24:06,5,7,8558,33046
2023-08-08 12:24:12,5,6,8558,33046
2023-08-08 12:24:16,4,6,8558,33046
2023-08-08 12:24:16,4,7,8558,33046
2023-08-08 12:24:16,4,6,8558,33046
2023-08-08 12:24:17,4,5,8558,33046
2023-08-08 12:24:24,4,6,8558,33046
2023-08-08 12:24:34,4,5,8558,33046
2023-08-08 12:24:38,4,6,8558,33046
2023-08-08 12:24:42,5,6,8558,33046
2023-08-08 12:25:03,4,6,8558,33046
2023-08-08 12:25:07,5,6,8558,33046
2023-08-08 12:25:11,5,7,8558,33046
2023-08-08 12:25:22,4,7,8558,33046
2023-08-08 12:25:22,4,6,8558,33046
2023-08-08 12:25:31,4,7,8558,33046
2023-08-08 12:25:31,5,7,8558,33046
2023-08-08 12:25:32,4,7,8558,33046
2023-08-08 12:25:32,4,6,8558,33046
2023-08-08 12:25:34,5,6,8558,33046
2023-08-08 12:25:36,4,6,8558,33046
2023-08-08 12:25:40,5,6,8558,33046
2023-08-08 12:25:45,5,7,8558,33046
2023-08-08 12:25:45,5,6,8558,33046
2023-08-08 12:25:46,4,6,8558,33046
2023-08-08 12:25:47,4,5,8558,33046
2023-08-08 12:25:51,4,6,8558,33046
2023-08-08 12:25:52,4,5,8558,33046
2023-08-08 12:25:56,4,6,8558,33046
2023-08-08 12:26:21,4,7,8558,33046
2023-08-08 12:26:21,5,7,8558,33046
2023-08-08 12:26:21,5,6,8558,33046
2023-08-08 12:26:25,5,7,8558,33046
2023-08-08 12:26:28,5,7,8558,33046
2023-08-08 12:26:35,5,6,8558,33046
2023-08-08 12:26:37,5,7,8558,33046
2023-08-08 12:26:39,5,7,8558,33046
2023-08-08 12:26:39,4,6,8558,33046
2023-08-08 12:26:43,4,7,8558,33046
2023-08-08 12:26:43,5,7,8558,33046
2023-08-08 12:26:43,5,6,8558,33046
2023-08-08 12:26:47,5,7,8558,33046
2023-08-08 12:26:47,5,6,8558,33046
2023-08-08 12:26:49,5,7,8558,33046
2023-08-08 12:26:49,5,6,8558,33046
2023-08-08 12:26:55,5,7,8558,33046
2023-08-08 12:26:55,5,6,8558,33046
2023-08-08 12:26:57,5,7,8558,33046
2023-08-08 12:26:57,5,6,8558,33046
2023-08-08 12:26:59,5,7,8558,33046
2023-08-08 12:26:59,5,6,8558,33046
2023-08-08 12:27:01,5,7,8558,33046
2023-08-08 12:27:03,5,6,8558,33046
2023-08-08 12:27:07,5,7,8558,33046
2023-08-08 12:27:08,4,6,8558,33046
2023-08-08 12:27:09,4,5,8558,33046
2023-08-08 12:27:44,4,6,8558,33046
2023-08-08 12:27:45,4,5,8558,33046
2023-08-08 12:28:42,4,6,8558,33046
2023-08-08 12:28:44,4,5,8558,33046
2023-08-08 12:28:47,4,6,8558,33046
2023-08-08 12:29:00,4,7,8558,33046
2023-08-08 12:29:00,5,7,8558,33046
2023-08-08 12:29:00,5,6,8558,33046
2023-08-08 12:29:01,4,6,8558,33046
2023-08-08 12:29:06,4,7,8558,33046
2023-08-08 12:29:06,5,7,8558,33046
