datetime,bid,ask,open_interest,volume
2023-04-03 09:30:04,27,33,1076,1229
2023-04-03 09:30:04,27,35,1076,1229
2023-04-03 09:30:05,27,40,1076,1229
2023-04-03 09:30:27,27,39,1076,1229
2023-04-03 09:30:41,27,41,1076,1229
2023-04-03 09:30:41,27,40,1076,1229
2023-04-03 09:30:45,27,39,1076,1229
2023-04-03 09:30:48,27,38,1076,1229
2023-04-03 09:31:03,31,38,1076,1229
2023-04-03 09:32:53,32,35,1076,1229
2023-04-03 09:32:53,34,35,1076,1229
2023-04-03 09:32:53,32,35,1076,1274
2023-04-03 09:32:53,32,34,1076,1274
2023-04-03 09:32:56,32,33,1076,1274
2023-04-03 09:33:42,29,33,1076,1274
2023-04-03 09:33:53,29,32,1076,1274
2023-04-03 09:33:59,29,33,1076,1274
2023-04-03 09:34:05,29,32,1076,1274
2023-04-03 09:34:10,29,33,1076,1274
2023-04-03 09:34:24,29,32,1076,1274
2023-04-03 09:34:25,29,33,1076,1274
2023-04-03 09:34:25,29,32,1076,1274
2023-04-03 09:34:26,29,32,1126,1324
2023-04-03 09:34:26,29,32,1176,1374
2023-04-03 09:34:26,29,33,1176,1374
2023-04-03 09:34:27,29,31,1176,1374
2023-04-03 09:34:53,29,32,1176,1374
2023-04-03 09:34:59,31,32,1176,1374
2023-04-03 09:34:59,31,32,1176,1424
2023-04-03 09:34:59,29,32,1176,1434
2023-04-03 09:34:59,29,31,1176,1434
2023-04-03 09:35:00,29,31,1226,1484
2023-04-03 09:35:00,29,31,1276,1534
2023-04-03 09:35:01,29,31,1306,1564
2023-04-03 09:35:15,29,30,1306,1564
2023-04-03 09:35:38,30,31,1304,1566
2023-04-03 09:35:45,29,31,1304,1579
2023-04-03 09:35:45,29,31,1328,1603
2023-04-03 09:36:41,29,30,1328,1603
2023-04-03 09:36:59,28,29,1328,1606
2023-04-03 09:37:08,28,30,1328,1606
2023-04-03 09:37:08,30,31,1326,1608
2023-04-03 09:37:08,28,31,1326,1651
2023-04-03 09:37:23,30,31,1326,1651
2023-04-03 09:37:23,30,31,1326,1660
2023-04-03 09:37:24,30,31,1326,1674
2023-04-03 09:37:24,28,30,1289,1711
2023-04-03 09:37:38,28,31,1289,1711
2023-04-03 09:37:38,30,31,1289,1711
2023-04-03 09:37:40,28,30,1229,1771
2023-04-03 09:37:45,28,31,1229,1771
2023-04-03 09:37:51,29,31,1229,1771
2023-04-03 09:37:54,30,31,1229,1771
2023-04-03 09:37:57,29,30,1139,1861
2023-04-03 09:38:09,30,31,1137,1863
2023-04-03 09:38:17,29,30,1064,1936
2023-04-03 09:38:24,30,31,1062,1938
2023-04-03 09:38:28,29,30,1019,1981
2023-04-03 09:38:40,30,31,1019,1981
2023-04-03 09:38:43,29,30,974,2026
2023-04-03 09:38:49,29,31,974,2026
2023-04-03 09:38:57,29,30,974,2026
2023-04-03 09:39:10,30,31,972,2028
2023-04-03 09:39:27,29,31,972,2028
2023-04-03 09:39:28,30,31,972,2028
2023-04-03 09:39:31,29,30,957,2043
2023-04-03 09:40:04,29,30,1152,2243
2023-04-03 09:40:13,28,30,1152,2243
2023-04-03 09:40:16,28,29,1152,2243
2023-04-03 09:41:10,29,30,1152,2245
2023-04-03 09:42:21,30,31,1150,2247
2023-04-03 09:42:36,29,30,1152,2249
2023-04-03 09:43:22,30,31,1148,2253
2023-04-03 09:44:09,30,31,1150,2255
2023-04-03 09:44:23,29,31,1150,2255
2023-04-03 09:44:23,30,31,1150,2255
2023-04-03 09:44:34,30,31,1150,2265
2023-04-03 09:44:39,29,30,1152,2267
2023-04-03 09:44:46,31,33,1181,2303
2023-04-03 09:44:47,31,32,1181,2303
2023-04-03 09:44:52,31,34,1181,2303
2023-04-03 09:44:52,31,33,1181,2303
2023-04-03 09:44:57,31,34,1181,2303
2023-04-03 09:44:57,32,34,1181,2303
2023-04-03 09:45:01,31,34,1181,2303
2023-04-03 09:45:01,31,33,1181,2303
2023-04-03 09:45:02,31,33,1191,2313
2023-04-03 09:45:11,31,33,1201,2323
2023-04-03 09:45:12,31,33,1211,2333
2023-04-03 09:45:38,31,32,1211,2333
2023-04-03 09:46:52,31,32,1260,2383
2023-04-03 09:46:52,31,32,1310,2433
2023-04-03 09:46:53,31,32,1357,2480
2023-04-03 09:46:55,29,32,1357,2480
2023-04-03 09:46:55,30,32,1357,2480
2023-04-03 09:47:01,29,32,1357,2480
2023-04-03 09:47:01,29,31,1357,2480
2023-04-03 09:47:09,29,30,1357,2480
2023-04-03 09:47:18,29,30,1367,2490
2023-04-03 09:47:41,29,30,1377,2500
2023-04-03 09:47:45,29,30,1387,2510
2023-04-03 09:48:13,27,30,1387,2510
2023-04-03 09:48:15,27,29,1387,2510
2023-04-03 09:48:29,27,28,1387,2510
2023-04-03 09:48:32,27,28,1414,2537
2023-04-03 09:48:44,27,28,1416,2539
2023-04-03 09:49:00,26,28,1416,2539
2023-04-03 09:49:00,26,28,1418,2541
2023-04-03 09:49:14,25,28,1418,2541
2023-04-03 09:49:15,26,28,1418,2541
2023-04-03 09:49:15,26,27,1418,2541
2023-04-03 09:50:05,25,26,1420,2553
2023-04-03 09:50:17,26,27,1420,2563
2023-04-03 09:50:49,26,27,1422,2565
2023-04-03 09:51:05,27,28,1432,2579
2023-04-03 09:51:05,27,29,1432,2579
2023-04-03 09:51:06,27,29,1522,2669
2023-04-03 09:51:21,28,29,1522,2669
2023-04-03 09:51:21,28,29,1522,2680
2023-04-03 09:52:06,27,28,1524,2682
2023-04-03 09:52:23,27,29,1524,2682
2023-04-03 09:52:23,27,28,1524,2682
2023-04-03 09:52:39,28,29,1518,2688
2023-04-03 09:52:55,27,28,1520,2690
2023-04-03 09:53:09,27,29,1520,2690
2023-04-03 09:53:09,28,29,1520,2690
2023-04-03 09:53:21,28,29,1520,2700
2023-04-03 09:53:40,28,29,1522,2702
2023-04-03 09:54:03,29,31,1642,2826
2023-04-03 09:54:11,29,31,1672,2856
2023-04-03 09:54:25,29,30,1672,2856
2023-04-03 09:54:41,30,31,1671,2858
2023-04-03 09:54:47,30,31,1671,2868
2023-04-03 09:54:57,31,33,1671,2872
2023-04-03 09:55:08,31,33,1671,2882
2023-04-03 09:55:15,31,33,1671,2892
2023-04-03 09:55:38,31,34,1671,2892
2023-04-03 09:56:05,32,34,1671,2892
2023-04-03 09:56:20,33,34,1671,2892
2023-04-03 09:56:21,31,32,1671,2894
2023-04-03 09:57:32,31,32,1671,2904
2023-04-03 09:57:37,31,34,1671,2904
2023-04-03 09:57:37,31,33,1671,2904
2023-04-03 09:57:37,31,33,1731,2964
2023-04-03 09:57:52,32,33,1731,2964
2023-04-03 09:58:09,31,32,1731,2968
2023-04-03 09:58:39,31,32,1731,2970
2023-04-03 09:58:55,31,33,1731,2970
2023-04-03 09:58:55,31,32,1731,2970
2023-04-03 09:59:11,32,33,1731,2972
2023-04-03 09:59:21,33,34,1793,3034
2023-04-03 10:00:03,31,33,1793,3038
2023-04-03 10:00:16,31,34,1793,3038
2023-04-03 10:01:01,31,33,1793,3038
2023-04-03 10:01:14,29,31,1796,3044
2023-04-03 10:01:39,29,33,1796,3044
2023-04-03 10:02:01,29,32,1796,3044
2023-04-03 10:02:11,29,31,1796,3044
2023-04-03 10:02:16,29,30,1796,3044
2023-04-03 10:02:22,27,30,1796,3044
2023-04-03 10:02:44,27,31,1796,3044
2023-04-03 10:02:49,27,30,1796,3044
2023-04-03 10:03:19,27,29,1796,3044
2023-04-03 10:03:20,28,29,1796,3044
2023-04-03 10:04:07,27,28,1798,3046
2023-04-03 10:04:09,28,29,1798,3134
2023-04-03 10:04:21,27,30,1798,3134
2023-04-03 10:04:22,28,30,1798,3134
2023-04-03 10:04:31,27,30,1798,3134
2023-04-03 10:04:35,28,30,1798,3134
2023-04-03 10:04:42,28,31,1798,3134
2023-04-03 10:05:24,28,32,1798,3134
2023-04-03 10:05:36,31,32,1798,3134
2023-04-03 10:06:06,31,32,1648,3284
2023-04-03 10:06:08,30,32,1648,3284
2023-04-03 10:06:19,31,32,1648,3284
2023-04-03 10:06:20,33,34,1643,3292
2023-04-03 10:06:22,31,34,1643,3292
2023-04-03 10:08:06,33,34,1643,3292
2023-04-03 10:08:39,33,34,1643,3294
2023-04-03 10:10:44,34,35,1643,3341
2023-04-03 10:10:59,33,34,1627,3358
2023-04-03 10:11:15,32,33,1629,3360
2023-04-03 10:12:17,34,35,1592,3397
2023-04-03 10:12:32,32,35,1592,3397
2023-04-03 10:12:32,34,35,1592,3397
2023-04-03 10:12:48,33,34,1594,3399
2023-04-03 10:13:05,34,35,1591,3405
2023-04-03 10:13:14,33,35,1591,3429
2023-04-03 10:13:14,33,34,1591,3429
2023-04-03 10:13:15,33,34,1591,3431
2023-04-03 10:14:18,34,36,1591,3455
2023-04-03 10:14:18,34,35,1591,3455
2023-04-03 10:14:33,34,36,1591,3455
2023-04-03 10:14:33,34,35,1591,3455
2023-04-03 10:14:39,34,35,1591,3505
2023-04-03 10:14:39,34,35,1591,3545
2023-04-03 10:14:48,32,35,1593,3556
2023-04-03 10:14:48,32,34,1593,3556
2023-04-03 10:14:49,32,33,1593,3556
2023-04-03 10:15:20,32,33,1596,3559
2023-04-03 10:15:36,29,33,1596,3559
2023-04-03 10:15:36,30,33,1596,3559
2023-04-03 10:15:36,30,31,1596,3559
2023-04-03 10:15:37,30,31,1598,3561
2023-04-03 10:15:50,29,31,1598,3561
2023-04-03 10:15:50,29,33,1598,3561
2023-04-03 10:15:50,31,33,1598,3561
2023-04-03 10:16:06,30,31,1600,3563
2023-04-03 10:16:37,31,33,1594,3569
2023-04-03 10:16:37,31,32,1594,3569
2023-04-03 10:17:21,32,33,1591,3572
2023-04-03 10:17:37,31,33,1591,3572
2023-04-03 10:17:37,32,33,1591,3572
2023-04-03 10:17:52,33,35,1591,3579
2023-04-03 10:18:12,34,35,1591,3579
2023-04-03 10:18:13,33,34,1591,3581
2023-04-03 10:18:15,32,33,1591,3604
2023-04-03 10:18:21,32,35,1591,3604
2023-04-03 10:18:23,32,33,1591,3604
2023-04-03 10:18:23,30,31,1591,3607
2023-04-03 10:19:25,28,30,1593,3611
2023-04-03 10:21:00,27,30,1593,3611
2023-04-03 10:21:00,27,31,1593,3611
2023-04-03 10:21:21,27,30,1593,3611
2023-04-03 10:21:29,30,31,1591,3616
2023-04-03 10:21:35,29,31,1591,3616
2023-04-03 10:21:42,29,34,1591,3616
2023-04-03 10:21:50,29,33,1591,3616
2023-04-03 10:22:04,29,32,1591,3616
2023-04-03 10:22:05,27,32,1591,3616
2023-04-03 10:22:08,27,31,1591,3616
2023-04-03 10:22:17,27,30,1591,3616
2023-04-03 10:22:27,26,30,1591,3616
2023-04-03 10:22:33,26,29,1591,3616
2023-04-03 10:22:46,26,30,1591,3616
2023-04-03 10:22:46,26,29,1591,3616
2023-04-03 10:23:02,26,28,1591,3616
2023-04-03 10:24:13,25,26,1593,3621
2023-04-03 10:24:44,25,26,1598,3626
2023-04-03 10:25:00,24,26,1598,3626
2023-04-03 10:25:00,24,25,1598,3626
2023-04-03 10:25:01,25,26,1598,3686
2023-04-03 10:25:04,25,27,1598,3686
2023-04-03 10:25:16,25,27,1600,3688
2023-04-03 10:25:31,24,25,1602,3690
2023-04-03 10:25:32,25,27,1613,3778
2023-04-03 10:25:44,24,27,1613,3778
2023-04-03 10:25:46,25,27,1613,3778
2023-04-03 10:25:46,25,26,1613,3778
2023-04-03 10:26:02,24,26,1613,3778
2023-04-03 10:26:02,24,27,1613,3778
2023-04-03 10:26:02,25,27,1613,3778
2023-04-03 10:26:02,25,26,1613,3778
2023-04-03 10:26:48,26,27,1605,3789
2023-04-03 10:27:05,25,26,1607,3794
2023-04-03 10:27:07,26,27,1692,3879
2023-04-03 10:27:12,25,27,1692,3879
2023-04-03 10:27:20,26,27,1692,3879
2023-04-03 10:27:51,25,26,1694,3881
2023-04-03 10:27:59,26,27,1872,4059
2023-04-03 10:28:05,25,28,1872,4059
2023-04-03 10:28:06,26,28,1872,4059
2023-04-03 10:28:37,26,27,1872,4059
2023-04-03 10:28:51,26,27,1874,4061
2023-04-03 10:29:04,26,28,1874,4061
2023-04-03 10:29:07,25,26,1876,4063
2023-04-03 10:29:22,25,28,1876,4063
2023-04-03 10:29:23,24,25,1878,4065
2023-04-03 10:29:38,25,28,1876,4067
2023-04-03 10:29:38,25,26,1876,4067
2023-04-03 10:29:54,24,26,1876,4067
2023-04-03 10:29:54,24,28,1876,4067
2023-04-03 10:29:54,25,28,1876,4067
2023-04-03 10:29:54,25,26,1876,4067
2023-04-03 10:30:09,24,25,1878,4069
2023-04-03 10:30:24,25,26,1976,4171
2023-04-03 10:30:25,25,26,1986,4181
2023-04-03 10:30:40,24,26,1986,4181
2023-04-03 10:30:41,26,30,1980,4202
2023-04-03 10:30:41,26,27,1980,4202
2023-04-03 10:30:56,25,27,1980,4202
2023-04-03 10:30:56,27,29,1980,4212
2023-04-03 10:30:56,27,28,1980,4212
2023-04-03 10:30:58,27,28,1980,4222
2023-04-03 10:31:12,28,31,1980,4234
2023-04-03 10:31:12,28,29,1980,4234
2023-04-03 10:31:12,28,29,1980,4244
2023-04-03 10:31:58,27,28,1980,4248
2023-04-03 10:32:13,27,28,1980,4250
2023-04-03 10:32:28,27,28,1980,4260
2023-04-03 10:32:29,26,27,1981,4262
2023-04-03 10:33:11,24,26,1891,4354
2023-04-03 10:33:16,24,27,1891,4354
2023-04-03 10:33:24,24,26,1891,4354
2023-04-03 10:33:25,24,25,1891,4354
2023-04-03 10:33:35,24,26,1891,4354
2023-04-03 10:33:35,24,25,1891,4354
2023-04-03 10:33:39,25,26,1901,4364
2023-04-03 10:33:44,24,26,1901,4364
2023-04-03 10:33:46,24,25,1901,4364
2023-04-03 10:33:47,25,26,1901,4366
2023-04-03 10:33:53,24,26,1901,4366
2023-04-03 10:34:08,24,30,1901,4366
2023-04-03 10:34:08,24,29,1901,4366
2023-04-03 10:34:15,25,29,1901,4366
2023-04-03 10:34:15,25,28,1901,4366
2023-04-03 10:34:15,25,26,1901,4366
2023-04-03 10:34:30,24,26,1901,4366
2023-04-03 10:34:30,24,28,1901,4366
2023-04-03 10:34:30,25,28,1901,4366
2023-04-03 10:34:30,25,26,1901,4366
2023-04-03 10:35:17,25,26,1903,4368
2023-04-03 10:35:31,24,26,1903,4368
2023-04-03 10:35:31,25,26,1903,4368
2023-04-03 10:35:47,25,26,1905,4370
2023-04-03 10:36:33,26,30,1903,4382
2023-04-03 10:36:33,26,27,1903,4382
2023-04-03 10:36:49,25,27,1903,4382
2023-04-03 10:36:49,25,29,1903,4382
2023-04-03 10:36:49,26,29,1903,4382
2023-04-03 10:36:49,26,27,1903,4382
2023-04-03 10:37:20,27,30,1900,4388
2023-04-03 10:37:20,27,28,1900,4388
2023-04-03 10:37:29,27,28,1903,4391
2023-04-03 10:37:36,27,30,1903,4391
2023-04-03 10:37:36,27,28,1903,4391
2023-04-03 10:37:52,28,32,1903,4393
2023-04-03 10:37:52,28,31,1903,4393
2023-04-03 10:37:52,28,29,1903,4393
2023-04-03 10:38:00,29,31,2105,4595
2023-04-03 10:38:06,29,33,2105,4595
2023-04-03 10:38:06,31,33,2105,4595
2023-04-03 10:38:06,31,32,2105,4595
2023-04-03 10:38:23,29,32,2105,4595
2023-04-03 10:38:23,29,33,2105,4595
2023-04-03 10:38:23,31,33,2105,4595
2023-04-03 10:38:23,31,32,2105,4595
2023-04-03 10:38:50,31,32,2105,4645
2023-04-03 10:38:50,31,32,2105,4695
2023-04-03 10:38:51,31,32,2105,4745
2023-04-03 10:38:51,31,32,2105,4795
2023-04-03 10:38:54,29,32,2105,4795
2023-04-03 10:38:54,30,32,2105,4795
2023-04-03 10:38:54,32,35,2105,4797
2023-04-03 10:38:54,32,33,2105,4797
2023-04-03 10:39:08,29,33,2105,4797
2023-04-03 10:39:08,29,35,2105,4797
2023-04-03 10:39:08,31,35,2105,4797
2023-04-03 10:39:08,31,34,2105,4797
2023-04-03 10:39:08,31,32,2105,4797
2023-04-03 10:39:09,31,32,2105,4801
2023-04-03 10:39:24,31,33,2105,4801
2023-04-03 10:39:24,32,33,2105,4801
2023-04-03 10:39:40,32,33,2105,4803
2023-04-03 10:39:49,32,34,2105,4803
2023-04-03 10:39:50,33,34,2105,4803
2023-04-03 10:39:55,31,32,2106,4805
2023-04-03 10:40:13,32,34,2105,4807
2023-04-03 10:40:13,32,33,2105,4807
2023-04-03 10:40:21,31,33,2105,4807
2023-04-03 10:40:21,31,34,2105,4807
2023-04-03 10:40:28,31,35,2105,4807
2023-04-03 10:40:39,32,35,2105,4807
2023-04-03 10:40:50,32,36,2105,4807
2023-04-03 10:40:50,33,36,2105,4807
2023-04-03 10:40:51,34,36,2105,4807
2023-04-03 10:41:03,33,34,2095,4817
2023-04-03 10:41:09,33,36,2095,4817
2023-04-03 10:41:09,33,35,2095,4817
2023-04-03 10:41:10,33,34,2095,4817
2023-04-03 10:41:24,32,34,2096,4819
2023-04-03 10:41:38,32,33,2096,4819
2023-04-03 10:41:54,33,34,2095,4823
2023-04-03 10:42:41,34,37,2095,4825
2023-04-03 10:42:41,34,35,2095,4825
2023-04-03 10:43:11,33,34,1973,4947
2023-04-03 10:43:27,33,34,1977,4952
2023-04-03 10:43:35,33,35,1977,4952
2023-04-03 10:43:35,33,36,1977,4952
2023-04-03 10:43:36,33,35,1977,4952
2023-04-03 10:43:37,33,36,1977,4952
2023-04-03 10:43:37,33,35,1977,4952
2023-04-03 10:43:44,32,33,1979,4954
2023-04-03 10:44:21,32,33,1979,4964
2023-04-03 10:44:21,30,32,1809,5136
2023-04-03 10:44:22,31,32,1809,5136
2023-04-03 10:44:27,30,33,1809,5136
2023-04-03 10:44:29,30,31,1809,5136
2023-04-03 10:45:01,31,33,1807,5138
2023-04-03 10:45:01,31,32,1807,5138
2023-04-03 10:45:15,32,33,1803,5142
2023-04-03 10:45:23,32,34,1803,5142
2023-04-03 10:45:31,32,34,1805,5144
2023-04-03 10:45:46,32,34,1807,5146
2023-04-03 10:46:01,31,34,1807,5146
2023-04-03 10:46:02,33,34,1807,5146
2023-04-03 10:46:03,33,35,1807,5146
2023-04-03 10:46:16,32,33,1809,5148
2023-04-03 10:46:31,32,33,1811,5150
2023-04-03 10:46:45,33,34,1812,5161
2023-04-03 10:46:45,33,34,1852,5201
2023-04-03 10:46:46,33,35,1852,5201
2023-04-03 10:46:47,33,34,1852,5201
2023-04-03 10:47:01,34,35,1852,5214
2023-04-03 10:47:07,34,37,1852,5214
2023-04-03 10:47:08,35,37,1852,5214
2023-04-03 10:47:08,35,36,1852,5214
2023-04-03 10:47:12,34,36,1852,5216
2023-04-03 10:47:17,34,36,1852,5226
2023-04-03 10:47:30,35,36,1852,5226
2023-04-03 10:47:31,34,35,1852,5228
2023-04-03 10:47:32,33,35,1852,5228
2023-04-03 10:47:32,34,35,1852,5228
2023-04-03 10:47:47,33,35,1852,5228
2023-04-03 10:47:47,34,35,1852,5228
2023-04-03 10:48:05,35,36,1852,5238
2023-04-03 10:48:25,37,40,1856,5242
2023-04-03 10:48:25,37,39,1856,5242
2023-04-03 10:48:37,37,41,1856,5242
2023-04-03 10:48:37,37,40,1856,5242
2023-04-03 10:48:38,37,39,1856,5242
2023-04-03 10:48:57,37,38,1856,5242
2023-04-03 10:49:20,37,40,1856,5242
2023-04-03 10:49:20,37,39,1856,5242
2023-04-03 10:49:26,39,40,1856,5252
2023-04-03 10:51:14,41,42,2018,5414
2023-04-03 10:51:15,41,42,2058,5454
2023-04-03 10:51:15,41,42,2154,5754
2023-04-03 10:51:30,41,43,2154,5874
2023-04-03 10:51:46,42,43,2154,5874
2023-04-03 10:51:53,41,42,2154,6074
2023-04-03 10:52:02,41,43,2154,6114
2023-04-03 10:52:03,41,42,2154,6114
2023-04-03 10:52:13,42,43,2154,6115
2023-04-03 10:52:19,43,44,2200,6161
2023-04-03 10:52:21,43,44,2497,6461
2023-04-03 10:52:22,42,44,2497,6461
2023-04-03 10:52:32,42,45,2497,6461
2023-04-03 10:52:33,42,44,2497,6461
2023-04-03 10:52:45,42,44,2497,6538
2023-04-03 10:52:49,43,44,2497,6538
2023-04-03 10:53:04,42,43,2497,6552
2023-04-03 10:53:16,42,43,2497,6562
2023-04-03 10:53:35,43,44,2497,6564
2023-04-03 10:53:36,43,44,2497,6574
2023-04-03 10:54:05,42,43,2497,6588
2023-04-03 10:54:21,42,44,2497,6588
2023-04-03 10:54:21,42,43,2497,6588
2023-04-03 10:55:06,42,44,2497,6588
2023-04-03 10:55:23,42,43,2497,6588
2023-04-03 10:55:47,42,44,2497,6588
2023-04-03 10:56:09,42,43,2497,6588
2023-04-03 10:56:22,42,43,2497,6598
2023-04-03 10:56:24,42,44,2497,6598
2023-04-03 10:56:24,42,43,2497,6598
2023-04-03 10:56:48,42,44,2497,6598
2023-04-03 10:56:49,43,44,2497,6598
2023-04-03 10:56:55,42,43,2497,6600
2023-04-03 10:57:30,42,44,2497,6600
2023-04-03 10:57:42,42,43,2497,6600
2023-04-03 10:58:16,43,44,2497,6602
2023-04-03 10:58:40,42,44,2497,6624
2023-04-03 10:58:41,43,44,2497,6624
2023-04-03 10:58:45,42,44,2497,6624
2023-04-03 10:58:45,43,44,2497,6624
2023-04-03 10:58:56,42,44,2497,6624
2023-04-03 10:58:57,42,46,2497,6624
2023-04-03 10:58:57,44,46,2497,6624
2023-04-03 10:58:57,44,45,2497,6624
2023-04-03 10:58:58,42,44,2497,6626
2023-04-03 10:59:03,42,45,2497,6626
2023-04-03 10:59:20,40,45,2497,6626
2023-04-03 10:59:20,41,45,2497,6626
2023-04-03 10:59:24,40,45,2497,6626
2023-04-03 10:59:24,41,45,2497,6626
2023-04-03 10:59:41,41,46,2497,6626
2023-04-03 10:59:42,42,46,2497,6626
2023-04-03 10:59:43,43,46,2497,6626
2023-04-03 10:59:43,43,44,2497,6626
2023-04-03 10:59:57,43,46,2497,6626
2023-04-03 10:59:57,43,44,2497,6626
2023-04-03 11:00:20,43,44,2497,6636
2023-04-03 11:01:16,43,44,2497,6646
2023-04-03 11:01:38,43,44,2497,6656
2023-04-03 11:01:44,43,46,2497,6656
2023-04-03 11:01:44,43,44,2497,6656
2023-04-03 11:03:37,44,46,2497,6658
2023-04-03 11:03:37,44,45,2497,6658
2023-04-03 11:03:51,44,46,2497,6658
2023-04-03 11:03:51,43,44,2497,6678
2023-04-03 11:04:00,43,44,2494,6681
2023-04-03 11:04:06,43,45,2494,6681
2023-04-03 11:04:06,43,44,2494,6681
2023-04-03 11:04:10,43,44,2494,6691
2023-04-03 11:04:16,43,44,2494,6701
2023-04-03 11:04:23,44,45,2494,6703
2023-04-03 11:04:30,43,44,2494,6713
2023-04-03 11:04:55,43,45,2494,6713
2023-04-03 11:04:55,43,46,2494,6713
2023-04-03 11:04:55,44,46,2494,6713
2023-04-03 11:05:16,45,46,2494,6713
2023-04-03 11:05:17,44,45,2494,6715
2023-04-03 11:05:22,44,46,2494,6715
2023-04-03 11:05:32,43,44,2494,6719
2023-04-03 11:05:48,44,46,2494,6721
2023-04-03 11:05:48,44,45,2494,6721
2023-04-03 11:06:06,43,44,2494,6725
2023-04-03 11:06:18,43,44,2494,6735
2023-04-03 11:06:21,44,45,2494,6737
2023-04-03 11:06:35,43,45,2494,6737
2023-04-03 11:06:35,43,44,2494,6737
2023-04-03 11:07:10,43,44,2494,6747
2023-04-03 11:07:55,43,45,2494,6747
2023-04-03 11:07:56,43,46,2494,6747
2023-04-03 11:07:56,44,46,2494,6747
2023-04-03 11:07:57,45,46,2494,6747
2023-04-03 11:07:58,44,45,2494,6757
2023-04-03 11:08:03,44,46,2494,6757
2023-04-03 11:08:04,44,45,2494,6757
2023-04-03 11:08:04,43,44,2494,6773
2023-04-03 11:08:24,44,46,2494,6776
2023-04-03 11:08:25,45,46,2494,6776
2023-04-03 11:08:26,44,46,2500,6786
2023-04-03 11:08:26,44,45,2500,6786
2023-04-03 11:08:26,43,45,2507,6793
2023-04-03 11:08:27,44,45,2507,6793
2023-04-03 11:08:39,44,45,2517,6803
2023-04-03 11:09:13,43,44,2519,6888
2023-04-03 11:09:22,43,45,2519,6888
2023-04-03 11:09:23,43,44,2519,6888
2023-04-03 11:10:24,43,45,2519,6888
2023-04-03 11:11:03,43,44,2519,6888
2023-04-03 11:11:18,40,41,2531,6900
2023-04-03 11:11:31,37,41,2531,6900
2023-04-03 11:11:31,37,44,2531,6900
2023-04-03 11:11:31,41,44,2531,6900
2023-04-03 11:11:32,41,44,2529,6902
2023-04-03 11:11:33,41,45,2529,6902
2023-04-03 11:11:34,41,43,2529,6902
2023-04-03 11:11:49,40,43,2529,6902
2023-04-03 11:11:49,41,43,2529,6902
2023-04-03 11:12:30,40,43,2529,6902
2023-04-03 11:12:30,40,45,2529,6902
2023-04-03 11:12:56,40,44,2529,6902
2023-04-03 11:13:18,42,44,2529,6902
2023-04-03 11:13:35,40,44,2529,6902
2023-04-03 11:13:35,43,44,2529,6902
2023-04-03 11:13:35,43,44,2529,6952
2023-04-03 11:13:36,43,44,2529,7002
2023-04-03 11:13:36,43,44,2529,7024
2023-04-03 11:14:04,43,44,2529,7064
2023-04-03 11:14:18,41,44,2529,7064
2023-04-03 11:14:20,43,44,2529,7064
2023-04-03 11:15:22,44,45,2527,7069
2023-04-03 11:15:23,43,44,2527,7224
2023-04-03 11:15:29,43,45,2527,7224
2023-04-03 11:15:36,43,44,2527,7224
2023-04-03 11:16:54,44,45,2527,7226
2023-04-03 11:16:55,44,45,2527,7236
2023-04-03 11:16:56,44,45,2531,7246
2023-04-03 11:17:09,44,45,2529,7253
2023-04-03 11:17:24,43,45,2529,7253
2023-04-03 11:17:24,43,44,2529,7253
2023-04-03 11:17:24,43,44,2531,7255
2023-04-03 11:17:32,43,45,2531,7255
2023-04-03 11:17:33,43,44,2531,7255
2023-04-03 11:17:35,43,45,2531,7255
2023-04-03 11:17:47,42,45,2531,7255
2023-04-03 11:18:28,42,44,2531,7255
2023-04-03 11:18:36,44,45,2529,7262
2023-04-03 11:18:51,42,45,2529,7262
2023-04-03 11:18:51,44,45,2529,7262
2023-04-03 11:18:51,44,45,2552,7288
2023-04-03 11:19:07,42,45,2552,7288
2023-04-03 11:19:07,45,46,2561,7299
2023-04-03 11:19:07,42,46,2590,7328
2023-04-03 11:19:22,44,46,2590,7328
2023-04-03 11:19:22,44,45,2590,7328
2023-04-03 11:20:00,44,45,2604,7345
2023-04-03 11:20:09,42,45,2604,7345
2023-04-03 11:20:09,44,45,2604,7345
2023-04-03 11:20:25,45,46,2604,7347
2023-04-03 11:20:57,44,45,2604,7350
2023-04-03 11:21:25,44,45,2607,7356
2023-04-03 11:23:00,45,46,2609,7358
2023-04-03 11:23:26,44,45,2604,7363
2023-04-03 11:23:27,44,45,2587,7380
2023-04-03 11:23:43,44,46,2587,7380
2023-04-03 11:23:44,43,46,2587,7380
2023-04-03 11:23:44,43,45,2587,7380
2023-04-03 11:24:08,43,47,2587,7380
2023-04-03 11:24:30,45,47,2587,7380
2023-04-03 11:24:45,43,47,2587,7380
2023-04-03 11:24:46,44,47,2587,7380
2023-04-03 11:24:46,44,45,2587,7380
2023-04-03 11:24:59,44,45,2587,7401
2023-04-03 11:25:02,45,47,2590,7404
2023-04-03 11:25:02,45,46,2590,7404
2023-04-03 11:25:33,44,45,2587,7409
2023-04-03 11:25:47,44,46,2587,7409
2023-04-03 11:25:47,45,46,2587,7409
2023-04-03 11:26:04,46,47,2587,7411
2023-04-03 11:26:35,45,46,2587,7414
2023-04-03 11:27:52,44,45,2587,7416
2023-04-03 11:28:06,44,46,2587,7416
2023-04-03 11:28:06,45,46,2587,7416
2023-04-03 11:28:38,46,47,2588,7422
2023-04-03 11:28:54,45,46,2587,7425
2023-04-03 11:30:30,45,46,2590,7435
2023-04-03 11:30:44,45,47,2590,7435
2023-04-03 11:30:44,46,47,2590,7435
2023-04-03 11:30:47,46,47,2600,7445
2023-04-03 11:30:56,46,47,2610,7455
2023-04-03 11:30:59,46,47,2607,7470
2023-04-03 11:31:16,45,46,2607,7482
2023-04-03 11:31:32,45,46,2614,7494
2023-04-03 11:32:05,44,45,2626,7506
2023-04-03 11:32:34,45,46,2620,7512
2023-04-03 11:33:19,46,47,2618,7519
2023-04-03 11:33:51,47,48,2618,7522
2023-04-03 11:34:07,47,48,2628,7537
2023-04-03 11:34:23,46,48,2628,7537
2023-04-03 11:34:23,47,48,2628,7537
2023-04-03 11:35:10,47,48,2638,7549
2023-04-03 11:35:41,46,47,2639,7551
2023-04-03 11:36:13,47,48,2638,7555
2023-04-03 11:36:27,47,48,2638,7577
2023-04-03 11:36:48,47,48,2648,7587
2023-04-03 11:36:58,46,48,2648,7587
2023-04-03 11:36:58,46,49,2648,7587
2023-04-03 11:36:58,47,49,2648,7587
2023-04-03 11:36:58,47,48,2648,7587
2023-04-03 11:37:29,47,48,2648,7589
2023-04-03 11:38:02,46,47,2648,7596
2023-04-03 11:38:47,46,48,2648,7596
2023-04-03 11:38:47,46,47,2648,7596
2023-04-03 11:39:19,47,48,2648,7599
2023-04-03 11:39:35,48,50,2648,7601
2023-04-03 11:39:35,48,49,2648,7601
2023-04-03 11:39:51,47,49,2648,7601
2023-04-03 11:39:51,47,49,2648,7606
2023-04-03 11:39:54,48,49,2648,7606
2023-04-03 11:40:07,47,48,2652,7610
2023-04-03 11:40:23,47,48,2654,7612
2023-04-03 11:40:34,47,49,2654,7612
2023-04-03 11:40:39,46,49,2654,7612
2023-04-03 11:40:39,48,49,2654,7612
2023-04-03 11:40:55,47,48,2656,7614
2023-04-03 11:41:25,47,48,2648,7625
2023-04-03 11:41:39,47,49,2648,7625
2023-04-03 11:41:40,48,49,2648,7625
2023-04-03 11:43:08,47,49,2648,7625
2023-04-03 11:43:08,46,49,2648,7625
2023-04-03 11:43:22,47,49,2648,7625
2023-04-03 11:43:29,47,50,2648,7625
2023-04-03 11:44:04,49,50,2648,7625
2023-04-03 11:44:37,48,49,2648,7627
2023-04-03 11:44:49,47,49,2648,7627
2023-04-03 11:44:49,47,50,2648,7627
2023-04-03 11:44:49,48,50,2648,7627
2023-04-03 11:44:49,48,49,2648,7627
2023-04-03 11:45:05,49,50,2648,7629
2023-04-03 11:45:19,49,50,2649,7633
2023-04-03 11:45:20,48,50,2649,7633
2023-04-03 11:45:21,49,50,2649,7633
2023-04-03 11:47:56,50,51,2648,7636
2023-04-03 11:48:27,50,51,2650,7639
2023-04-03 11:48:43,50,51,2652,7641
2023-04-03 11:48:58,49,51,2652,7641
2023-04-03 11:48:58,49,50,2652,7641
2023-04-03 11:49:28,47,48,2657,7646
2023-04-03 11:49:44,47,50,2657,7646
2023-04-03 11:49:44,48,50,2657,7646
2023-04-03 11:49:44,48,49,2657,7646
2023-04-03 11:49:59,48,49,2659,7648
2023-04-03 11:50:10,48,51,2659,7648
2023-04-03 11:50:16,47,48,2661,7650
2023-04-03 11:50:40,47,48,2671,7660
2023-04-03 11:50:46,47,48,2681,7670
2023-04-03 11:50:47,48,51,2672,7679
2023-04-03 11:50:47,48,49,2672,7679
2023-04-03 11:51:02,48,49,2682,7689
2023-04-03 11:51:02,47,49,2682,7689
2023-04-03 11:51:02,48,49,2682,7689
2023-04-03 11:51:04,48,49,2692,7699
2023-04-03 11:51:10,48,49,2702,7709
2023-04-03 11:51:11,48,49,2712,7719
2023-04-03 11:51:35,48,49,2714,7769
2023-04-03 11:51:35,48,49,2714,7789
2023-04-03 11:51:48,47,48,2716,7791
2023-04-03 11:52:20,48,49,2710,7797
2023-04-03 11:53:23,48,49,2730,7877
2023-04-03 11:53:28,48,51,2730,7877
2023-04-03 11:53:28,48,50,2730,7877
2023-04-03 11:53:35,48,51,2736,7883
2023-04-03 11:53:35,48,50,2736,7883
2023-04-03 11:53:38,48,51,2736,7883
2023-04-03 11:53:38,49,51,2736,7883
2023-04-03 11:53:38,49,50,2736,7883
2023-04-03 11:53:38,49,50,2742,7889
2023-04-03 11:55:10,49,50,2746,7893
2023-04-03 11:55:22,49,51,2746,7893
2023-04-03 11:55:23,49,50,2746,7893
2023-04-03 11:55:24,49,52,2746,7893
2023-04-03 11:55:25,49,51,2746,7893
2023-04-03 11:55:40,49,52,2746,7893
2023-04-03 11:55:40,49,50,2746,7893
2023-04-03 11:55:40,49,50,2748,7895
2023-04-03 11:55:55,48,50,2748,7895
2023-04-03 11:55:55,48,49,2748,7895
2023-04-03 11:57:16,48,49,2748,7897
2023-04-03 11:58:16,49,50,2740,7905
2023-04-03 11:58:31,48,50,2740,7905
2023-04-03 11:58:31,48,49,2740,7905
2023-04-03 11:59:09,48,49,2750,7915
2023-04-03 11:59:11,48,49,2760,7925
2023-04-03 11:59:21,48,49,2770,7935
2023-04-03 11:59:22,48,49,2780,7945
2023-04-03 11:59:31,48,50,2780,7945
2023-04-03 11:59:32,49,50,2780,7945
2023-04-03 11:59:47,49,50,2790,7955
2023-04-03 11:59:59,49,50,2800,7965
2023-04-03 12:00:00,49,53,2881,8046
2023-04-03 12:00:05,49,52,2881,8046
2023-04-03 12:00:05,48,49,2891,8061
2023-04-03 12:00:06,48,49,2901,8071
2023-04-03 12:00:10,48,49,2911,8081
2023-04-03 12:00:12,48,49,2921,8091
2023-04-03 12:00:19,49,53,2921,8093
2023-04-03 12:00:19,49,50,2921,8093
2023-04-03 12:00:34,50,53,2921,8095
2023-04-03 12:00:34,50,51,2921,8095
2023-04-03 12:01:06,49,51,2921,8095
2023-04-03 12:01:06,49,52,2921,8095
2023-04-03 12:01:06,50,52,2921,8095
2023-04-03 12:01:06,50,51,2921,8095
2023-04-03 12:02:53,50,51,2921,8105
2023-04-03 12:02:56,50,52,2921,8105
2023-04-03 12:02:56,50,51,2921,8105
2023-04-03 12:02:57,50,51,2921,8107
2023-04-03 12:02:58,50,52,2921,8107
2023-04-03 12:03:08,49,52,2921,8107
2023-04-03 12:03:09,49,50,2921,8107
2023-04-03 12:03:24,49,50,2933,8120
2023-04-03 12:03:37,49,52,2933,8120
2023-04-03 12:03:40,48,49,2935,8122
2023-04-03 12:04:12,47,48,2937,8124
2023-04-03 12:04:27,49,50,2921,8145
2023-04-03 12:04:28,49,50,2921,8195
2023-04-03 12:04:28,49,50,2921,8245
2023-04-03 12:04:29,49,50,2921,8275
2023-04-03 12:04:43,47,50,2921,8275
2023-04-03 12:04:43,49,50,2921,8275
2023-04-03 12:04:58,47,48,2923,8282
2023-04-03 12:05:04,47,48,2925,8284
2023-04-03 12:05:20,46,48,2925,8284
2023-04-03 12:05:59,46,50,2925,8284
2023-04-03 12:06:02,47,50,2925,8284
2023-04-03 12:06:08,49,50,2925,8284
2023-04-03 12:06:54,50,52,2923,8286
2023-04-03 12:06:54,50,51,2923,8286
2023-04-03 12:07:11,49,50,2925,8288
2023-04-03 12:07:58,50,51,2921,8295
2023-04-03 12:08:12,50,51,2923,8300
2023-04-03 12:08:15,49,51,2883,8340
2023-04-03 12:08:26,47,51,2883,8340
2023-04-03 12:08:27,49,51,2883,8340
2023-04-03 12:08:27,49,50,2883,8340
2023-04-03 12:08:42,47,50,2883,8340
2023-04-03 12:08:42,49,50,2883,8340
2023-04-03 12:08:59,48,49,2885,8342
2023-04-03 12:09:13,49,50,2881,8346
2023-04-03 12:09:29,48,50,2881,8346
2023-04-03 12:09:29,48,49,2881,8346
2023-04-03 12:09:46,49,50,2881,8349
2023-04-03 12:10:16,49,50,2846,8389
2023-04-03 12:10:27,50,51,2926,8469
2023-04-03 12:10:27,50,51,2928,8471
2023-04-03 12:10:32,50,51,3088,8631
2023-04-03 12:10:47,50,51,3248,8791
2023-04-03 12:11:03,50,51,3368,8911
2023-04-03 12:11:34,51,52,3368,8916
2023-04-03 12:11:35,50,52,3344,8991
2023-04-03 12:11:48,51,52,3344,8991
2023-04-03 12:11:49,50,51,3344,9031
2023-04-03 12:11:51,50,51,3644,9331
2023-04-03 12:11:52,50,51,3944,9631
2023-04-03 12:11:54,50,52,4244,9931
2023-04-03 12:11:56,50,52,4544,10231
2023-04-03 12:11:57,49,50,4822,10518
2023-04-03 12:12:02,49,52,4822,10518
2023-04-03 12:12:04,51,52,4822,10518
2023-04-03 12:12:06,49,52,4822,10518
2023-04-03 12:12:06,47,49,4826,10528
2023-04-03 12:12:23,47,51,4826,10528
2023-04-03 12:12:23,47,50,4826,10528
2023-04-03 12:12:28,47,49,4826,10528
2023-04-03 12:12:55,47,51,4826,10528
2023-04-03 12:13:10,48,51,4826,10528
2023-04-03 12:13:10,48,49,4826,10528
2023-04-03 12:13:26,48,51,4826,10528
2023-04-03 12:13:27,48,49,4826,10528
2023-04-03 12:14:28,48,49,4828,10530
2023-04-03 12:14:42,48,51,4828,10530
2023-04-03 12:14:44,48,49,4828,10530
2023-04-03 12:15:00,48,51,4828,10530
2023-04-03 12:15:00,48,49,4828,10530
2023-04-03 12:15:16,48,49,4830,10532
2023-04-03 12:15:29,47,49,4830,10532
2023-04-03 12:15:46,45,49,4830,10532
2023-04-03 12:15:47,45,48,4830,10532
2023-04-03 12:16:13,45,47,4830,10532
2023-04-03 12:16:15,45,46,4830,10532
2023-04-03 12:16:35,44,46,4830,10532
2023-04-03 12:16:36,44,48,4830,10532
2023-04-03 12:16:36,44,47,4830,10532
2023-04-03 12:16:47,44,48,4830,10532
2023-04-03 12:16:57,44,47,4830,10532
2023-04-03 12:17:04,45,47,4830,10532
2023-04-03 12:17:10,46,47,4830,10532
2023-04-03 12:17:19,48,50,4822,10540
2023-04-03 12:17:19,48,49,4822,10540
2023-04-03 12:17:34,46,49,4822,10540
2023-04-03 12:17:58,46,48,4822,10540
2023-04-03 12:18:22,46,49,4822,10540
2023-04-03 12:18:23,46,50,4822,10540
2023-04-03 12:18:24,47,50,4822,10540
2023-04-03 12:18:39,46,50,4822,10540
2023-04-03 12:18:39,48,50,4822,10540
2023-04-03 12:18:39,48,51,4822,10580
2023-04-03 12:18:55,48,51,4822,10620
2023-04-03 12:19:12,48,49,4822,10620
2023-04-03 12:19:28,48,51,4822,10620
2023-04-03 12:19:28,50,51,4822,10620
2023-04-03 12:19:29,50,51,4822,10622
2023-04-03 12:19:42,48,51,4822,10622
2023-04-03 12:19:43,48,49,4822,10622
2023-04-03 12:20:16,47,48,4822,10627
2023-04-03 12:22:11,47,49,4822,10627
2023-04-03 12:22:11,47,51,4822,10627
2023-04-03 12:22:14,48,51,4822,10627
2023-04-03 12:22:19,49,51,4822,10627
2023-04-03 12:22:32,49,52,4822,10627
2023-04-03 12:22:50,51,52,4822,10627
2023-04-03 12:23:06,52,54,4822,10630
2023-04-03 12:23:06,52,53,4822,10630
2023-04-03 12:23:24,52,54,4822,10630
2023-04-03 12:23:24,52,53,4822,10630
2023-04-03 12:23:38,53,54,4822,10632
2023-04-03 12:23:52,53,54,4982,10792
2023-04-03 12:24:02,53,54,5112,10922
2023-04-03 12:24:08,53,54,5272,11082
2023-04-03 12:24:15,53,54,6021,11831
2023-04-03 12:24:18,52,53,6017,11835
2023-04-03 12:24:28,52,53,6116,11935
2023-04-03 12:24:39,52,53,6196,12015
2023-04-03 12:24:54,52,53,6116,12095
2023-04-03 12:24:56,52,53,6535,12514
2023-04-03 12:25:10,52,53,6375,12674
2023-04-03 12:25:26,52,53,6335,12714
2023-04-03 12:26:28,52,53,6535,12914
2023-04-03 12:26:44,51,52,6544,12923
2023-04-03 12:26:59,51,52,6547,12926
2023-04-03 12:27:15,49,52,6547,12926
2023-04-03 12:27:15,51,52,6547,12926
2023-04-03 12:28:04,51,52,6442,13046
2023-04-03 12:28:21,51,53,6404,13086
2023-04-03 12:28:32,50,53,6404,13086
2023-04-03 12:28:34,50,53,6364,13126
2023-04-03 12:28:50,50,53,6324,13166
2023-04-03 12:29:02,51,53,6324,13166
2023-04-03 12:29:03,52,53,6324,13166
2023-04-03 12:29:04,51,52,6326,13185
2023-04-03 12:29:05,51,52,6326,13225
2023-04-03 12:29:20,51,53,6326,13225
2023-04-03 12:29:20,52,53,6326,13225
2023-04-03 12:30:33,52,53,6328,13229
2023-04-03 12:30:33,52,54,6328,13307
2023-04-03 12:30:36,52,53,6328,13307
2023-04-03 12:30:44,52,54,6328,13387
2023-04-03 12:30:44,52,53,6328,13387
2023-04-03 12:30:56,54,56,6328,13392
2023-04-03 12:30:56,54,55,6328,13392
2023-04-03 12:31:09,52,55,6328,13392
2023-04-03 12:31:09,54,55,6328,13392
2023-04-03 12:31:24,53,54,6328,13396
2023-04-03 12:31:41,55,56,6328,13400
2023-04-03 12:31:50,53,55,6328,13436
2023-04-03 12:32:00,52,56,6328,13436
2023-04-03 12:32:01,52,55,6328,13436
2023-04-03 12:32:11,54,55,6328,13436
2023-04-03 12:32:57,53,54,6335,13448
2023-04-03 12:33:12,54,55,6328,13458
2023-04-03 12:33:25,54,55,6488,13618
2023-04-03 12:33:36,53,54,6488,13648
2023-04-03 12:36:06,53,54,6528,13688
2023-04-03 12:36:11,52,54,6528,13688
2023-04-03 12:37:12,52,54,6528,13728
2023-04-03 12:37:25,52,54,6528,13768
2023-04-03 12:37:41,53,54,6528,13768
2023-04-03 12:37:57,53,54,6528,13808
2023-04-03 12:38:13,54,55,6528,13810
2023-04-03 12:38:27,54,55,6528,13850
2023-04-03 12:38:42,52,53,6537,13868
2023-04-03 12:40:02,53,54,6535,13870
2023-04-03 12:40:33,53,54,6535,13950
2023-04-03 12:40:47,53,55,6535,13950
2023-04-03 12:40:50,53,54,6535,13950
2023-04-03 12:41:04,53,55,6535,13950
2023-04-03 12:41:04,53,55,6575,13990
2023-04-03 12:41:19,53,54,6575,13990
2023-04-03 12:42:22,53,54,6615,14030
2023-04-03 12:42:29,53,55,6615,14030
2023-04-03 12:42:38,53,55,6735,14150
2023-04-03 12:42:54,53,54,6735,14150
2023-04-03 12:43:09,53,55,6735,14150
2023-04-03 12:43:09,54,55,6735,14150
2023-04-03 12:43:25,54,55,6737,14152
2023-04-03 12:44:26,54,55,6857,14272
2023-04-03 12:44:55,54,56,6861,14434
2023-04-03 12:45:04,54,58,6861,14434
2023-04-03 12:45:13,55,58,6861,14434
2023-04-03 12:45:13,55,56,6861,14434
2023-04-03 12:45:48,54,56,6861,14434
2023-04-03 12:45:48,54,57,6861,14434
2023-04-03 12:45:52,54,56,6861,14434
2023-04-03 12:46:13,53,54,7241,14814
2023-04-03 12:46:26,53,56,7241,14814
2023-04-03 12:46:26,54,56,7241,14814
2023-04-03 12:46:26,54,55,7241,14814
2023-04-03 12:46:43,54,55,7226,14832
2023-04-03 12:46:58,55,56,7226,14834
2023-04-03 12:47:13,54,56,7226,14834
2023-04-03 12:47:13,55,56,7226,14834
2023-04-03 12:47:31,55,56,7226,15034
2023-04-03 12:47:36,54,55,7226,15041
2023-04-03 12:47:44,54,55,7226,15201
2023-04-03 12:47:51,53,56,7226,15201
2023-04-03 12:47:59,54,56,7226,15201
2023-04-03 12:47:59,54,55,7226,15201
2023-04-03 12:48:29,54,55,7226,15221
2023-04-03 12:48:45,56,57,7226,15223
2023-04-03 12:48:55,56,57,7226,15323
2023-04-03 12:48:59,54,56,7226,15354
2023-04-03 12:49:02,54,55,7226,15354
2023-04-03 12:49:47,56,57,7226,15356
2023-04-03 12:49:57,56,57,7226,15456
2023-04-03 12:50:18,56,57,7226,15458
2023-04-03 12:50:21,55,56,7226,15538
2023-04-03 12:50:34,55,57,7226,15538
2023-04-03 12:50:34,55,58,7226,15538
2023-04-03 12:50:34,55,56,7226,15538
2023-04-03 12:50:50,55,58,7226,15538
2023-04-03 12:50:50,55,56,7226,15538
2023-04-03 12:51:07,56,57,7226,15540
2023-04-03 12:51:38,56,57,7226,15544
2023-04-03 12:51:43,55,56,7226,15584
2023-04-03 12:51:59,55,56,7230,15684
2023-04-03 12:52:09,54,56,7230,15684
2023-04-03 12:52:09,55,56,7230,15684
2023-04-03 12:52:24,54,55,7232,15806
2023-04-03 12:52:25,54,55,7276,15886
2023-04-03 12:52:40,54,56,7276,15886
2023-04-03 12:52:40,55,56,7276,15886
2023-04-03 12:52:42,55,57,7276,15886
2023-04-03 12:52:57,53,57,7276,15886
2023-04-03 12:52:57,55,57,7276,15886
2023-04-03 12:52:57,55,56,7276,15886
2023-04-03 12:53:13,55,56,7276,15926
2023-04-03 12:53:42,55,57,7276,15926
2023-04-03 12:53:43,55,56,7276,15926
2023-04-03 12:53:58,56,57,7279,15935
2023-04-03 12:54:12,56,58,7279,15935
2023-04-03 12:54:14,57,58,7279,15935
2023-04-03 12:54:29,56,57,7399,16055
2023-04-03 12:54:29,56,57,7599,16255
2023-04-03 12:54:44,56,58,7599,16255
2023-04-03 12:54:44,57,58,7599,16255
2023-04-03 12:54:58,57,59,7599,16255
2023-04-03 12:54:59,57,59,7679,16335
2023-04-03 12:55:10,56,57,7679,16337
2023-04-03 12:55:16,55,57,7678,16417
2023-04-03 12:55:30,55,59,7678,16417
2023-04-03 12:55:30,55,59,7678,16432
2023-04-03 12:55:30,55,58,7678,16432
2023-04-03 12:55:46,55,58,7678,16434
2023-04-03 12:56:02,55,56,7678,16434
2023-04-03 12:56:18,54,56,7678,16434
2023-04-03 12:56:18,55,56,7678,16434
2023-04-03 12:56:23,55,56,7678,16542
2023-04-03 12:56:32,56,58,7681,16553
2023-04-03 12:56:32,56,57,7681,16553
2023-04-03 12:57:20,54,55,7678,16560
2023-04-03 12:57:21,54,57,7678,16633
2023-04-03 12:57:22,54,58,7678,16633
2023-04-03 12:57:36,55,58,7678,16633
2023-04-03 12:57:52,55,56,7678,16633
2023-04-03 13:00:28,54,55,7678,16635
2023-04-03 13:01:22,54,56,7678,16718
2023-04-03 13:01:29,55,56,7678,16718
2023-04-03 13:02:16,56,59,7690,16732
2023-04-03 13:02:16,56,57,7690,16732
2023-04-03 13:03:04,56,57,7678,16746
2023-04-03 13:03:08,56,58,7678,16746
2023-04-03 13:03:19,56,58,7698,16824
2023-04-03 13:03:20,56,57,7698,16824
2023-04-03 13:03:50,55,56,7700,16826
2023-04-03 13:04:22,54,56,7700,16826
2023-04-03 13:04:22,54,57,7700,16826
2023-04-03 13:04:23,55,57,7700,16826
2023-04-03 13:04:23,55,56,7700,16826
2023-04-03 13:04:53,56,57,7694,16835
2023-04-03 13:05:23,56,57,7707,16848
2023-04-03 13:05:25,56,58,7707,16848
2023-04-03 13:05:25,56,57,7707,16848
2023-04-03 13:06:13,56,58,7707,16848
2023-04-03 13:06:28,56,57,7707,16848
2023-04-03 13:07:32,56,57,7717,16858
2023-04-03 13:07:36,56,57,7727,16868
2023-04-03 13:07:47,56,58,7727,16868
2023-04-03 13:07:47,56,57,7727,16868
2023-04-03 13:07:55,56,57,7737,16878
2023-04-03 13:07:59,56,57,7747,16888
2023-04-03 13:08:29,56,57,7757,16898
2023-04-03 13:08:33,56,57,7767,16908
2023-04-03 13:08:33,56,58,7767,16908
2023-04-03 13:08:34,56,57,7767,16908
2023-04-03 13:08:42,56,57,7777,16918
2023-04-03 13:08:51,56,58,7779,16920
2023-04-03 13:09:05,56,57,7779,16920
2023-04-03 13:09:53,57,58,7779,16924
2023-04-03 13:10:14,57,59,7784,16929
2023-04-03 13:10:25,57,59,7784,16948
2023-04-03 13:10:25,57,58,7784,16948
2023-04-03 13:11:10,56,58,7784,16948
2023-04-03 13:11:11,57,58,7784,16948
2023-04-03 13:12:13,56,57,7784,16953
2023-04-03 13:12:45,57,58,7784,16955
2023-04-03 13:12:54,57,59,7784,16955
2023-04-03 13:13:01,57,58,7784,16955
2023-04-03 13:13:14,56,58,7784,16955
2023-04-03 13:13:31,57,58,7784,16955
2023-04-03 13:13:56,57,59,7784,16955
2023-04-03 13:14:01,59,60,7784,16957
2023-04-03 13:14:31,57,60,7784,16957
2023-04-03 13:14:31,57,59,7784,16957
2023-04-03 13:15:33,57,59,7750,16993
2023-04-03 13:16:04,57,60,7750,16993
2023-04-03 13:16:05,57,59,7750,16993
2023-04-03 13:16:09,58,59,7750,16993
2023-04-03 13:16:53,57,59,7544,17199
2023-04-03 13:16:53,56,59,7478,17307
2023-04-03 13:16:53,55,59,7478,17307
2023-04-03 13:16:53,55,58,7478,17307
2023-04-03 13:17:04,55,59,7478,17307
2023-04-03 13:17:05,57,59,7478,17307
2023-04-03 13:17:37,58,59,7478,17307
2023-04-03 13:20:12,58,59,7478,17342
2023-04-03 13:20:58,58,59,7509,17377
2023-04-03 13:21:12,57,59,7509,17377
2023-04-03 13:21:14,57,58,7509,17377
2023-04-03 13:21:29,57,59,7509,17377
2023-04-03 13:21:34,58,59,7509,17377
2023-04-03 13:21:44,59,61,7507,17379
2023-04-03 13:21:44,59,60,7507,17379
2023-04-03 13:22:16,58,60,7507,17379
2023-04-03 13:22:16,58,61,7507,17379
2023-04-03 13:22:17,59,61,7507,17379
2023-04-03 13:22:17,59,60,7507,17379
2023-04-03 13:22:47,58,59,7509,17381
2023-04-03 13:23:32,59,60,7506,17387
2023-04-03 13:23:37,58,59,7579,17485
2023-04-03 13:23:47,58,59,7613,17519
2023-04-03 13:26:07,58,59,7619,17525
2023-04-03 13:26:11,58,59,7662,17681
2023-04-03 13:26:24,58,61,7662,17681
2023-04-03 13:26:24,58,63,7662,17681
2023-04-03 13:26:24,58,62,7662,17681
2023-04-03 13:26:24,59,62,7662,17681
2023-04-03 13:26:24,59,60,7662,17681
2023-04-03 13:27:11,61,63,7662,17683
2023-04-03 13:27:11,61,62,7662,17683
2023-04-03 13:27:27,59,62,7662,17683
2023-04-03 13:27:27,59,63,7662,17683
2023-04-03 13:27:27,59,60,7662,17683
2023-04-03 13:28:14,60,63,7662,17685
2023-04-03 13:28:14,60,61,7662,17685
2023-04-03 13:28:29,59,61,7662,17685
2023-04-03 13:28:29,59,63,7662,17685
2023-04-03 13:28:29,59,62,7662,17685
2023-04-03 13:28:29,59,62,7718,17752
2023-04-03 13:28:30,58,62,7718,17752
2023-04-03 13:28:43,60,62,7718,17752
2023-04-03 13:28:43,60,61,7718,17752
2023-04-03 13:28:58,59,60,7718,17754
2023-04-03 13:29:14,58,60,7718,17754
2023-04-03 13:29:14,58,61,7718,17754
2023-04-03 13:29:14,58,59,7718,17754
2023-04-03 13:29:29,59,61,7718,17757
2023-04-03 13:29:29,59,60,7718,17757
2023-04-03 13:29:44,59,60,7718,17820
2023-04-03 13:29:44,59,60,7740,17884
2023-04-03 13:29:44,58,59,7776,17920
2023-04-03 13:29:52,57,59,7776,17920
2023-04-03 13:30:02,59,60,7780,17924
2023-04-03 13:30:17,59,60,7775,17931
2023-04-03 13:30:32,59,61,7775,17931
2023-04-03 13:30:37,57,61,7775,17931
2023-04-03 13:30:46,59,61,7775,17931
2023-04-03 13:30:47,57,61,7775,17931
2023-04-03 13:32:02,57,59,7775,17931
2023-04-03 13:32:18,59,61,7778,17936
2023-04-03 13:32:18,59,60,7778,17936
2023-04-03 13:32:34,57,60,7778,17936
2023-04-03 13:32:34,57,61,7778,17936
2023-04-03 13:32:34,60,61,7778,17936
2023-04-03 13:33:23,58,61,7778,17936
2023-04-03 13:33:24,58,62,7778,17936
2023-04-03 13:33:49,58,60,7778,17936
2023-04-03 13:34:32,58,62,7778,17936
2023-04-03 13:34:53,59,62,7778,17936
2023-04-03 13:34:53,59,60,7778,17936
2023-04-03 13:35:24,59,60,7782,17940
2023-04-03 13:36:26,60,62,7784,17942
2023-04-03 13:36:26,60,61,7784,17942
2023-04-03 13:36:42,59,61,7784,17942
2023-04-03 13:36:42,59,62,7784,17942
2023-04-03 13:36:42,60,62,7784,17942
2023-04-03 13:36:42,60,61,7784,17942
2023-04-03 13:37:14,61,62,7786,17944
2023-04-03 13:37:28,60,62,7786,17944
2023-04-03 13:37:29,60,61,7786,17944
2023-04-03 13:37:29,60,61,7782,17948
2023-04-03 13:37:44,60,62,7782,17948
2023-04-03 13:37:44,59,60,7775,17956
2023-04-03 13:38:16,59,61,7775,17956
2023-04-03 13:38:16,59,62,7775,17956
2023-04-03 13:38:16,60,62,7775,17956
2023-04-03 13:38:17,60,61,7775,17956
2023-04-03 13:39:03,60,61,7718,18022
2023-04-03 13:39:50,61,62,7718,18024
2023-04-03 13:40:23,60,61,7720,18031
2023-04-03 13:41:25,61,62,7753,18066
2023-04-03 13:41:33,61,63,7753,18066
2023-04-03 13:41:40,61,62,7753,18066
2023-04-03 13:42:11,61,63,7753,18066
2023-04-03 13:42:11,61,62,7753,18066
2023-04-03 13:42:46,61,62,7818,18131
2023-04-03 13:43:28,61,62,7818,18136
2023-04-03 13:43:43,60,62,7818,18136
2023-04-03 13:43:43,61,62,7818,18136
2023-04-03 13:43:47,61,63,7818,18136
2023-04-03 13:44:30,62,63,7818,18136
2023-04-03 13:44:45,61,62,7821,18139
2023-04-03 13:44:59,61,62,7709,18270
2023-04-03 13:45:05,61,64,7709,18270
2023-04-03 13:45:12,60,64,7709,18270
2023-04-03 13:45:38,60,64,7709,18295
2023-04-03 13:45:39,61,64,7709,18295
2023-04-03 13:46:04,63,64,7709,18295
2023-04-03 13:46:22,63,64,7709,18298
2023-04-03 13:46:37,61,62,7709,18300
2023-04-03 13:46:49,61,64,7709,18300
2023-04-03 13:46:50,61,62,7709,18300
2023-04-03 13:47:05,61,62,7783,18388
2023-04-03 13:47:19,60,62,7783,18388
2023-04-03 13:47:19,60,63,7783,18388
2023-04-03 13:47:22,60,63,7792,18397
2023-04-03 13:47:22,60,61,7792,18397
2023-04-03 13:47:38,60,63,7792,18397
2023-04-03 13:47:38,62,63,7792,18397
2023-04-03 13:48:38,63,64,7787,18405
2023-04-03 13:48:54,63,64,7758,18434
2023-04-03 13:49:11,62,64,7758,18434
2023-04-03 13:49:11,63,64,7758,18434
2023-04-03 13:49:27,64,65,7906,18582
2023-04-03 13:49:43,64,65,7963,18639
2023-04-03 13:49:58,64,65,8107,18783
2023-04-03 13:50:31,64,65,8222,18898
2023-04-03 13:50:43,64,65,8194,18926
2023-04-03 13:51:21,65,66,8310,19270
2023-04-03 13:51:21,65,66,8385,19345
2023-04-03 13:51:21,65,66,8455,19415
2023-04-03 13:51:24,65,67,8455,19415
2023-04-03 13:51:31,65,67,8483,19443
2023-04-03 13:51:31,65,66,8483,19443
2023-04-03 13:51:31,65,67,8540,19500
2023-04-03 13:51:47,65,66,8540,19500
2023-04-03 13:52:21,65,67,8540,19500
2023-04-03 13:52:22,65,68,8540,19500
2023-04-03 13:52:31,65,69,8612,19630
2023-04-03 13:52:45,65,68,8612,19630
2023-04-03 13:53:01,65,66,8612,19630
2023-04-03 13:53:22,67,69,8612,19632
2023-04-03 13:53:22,67,68,8612,19632
2023-04-03 13:53:55,67,68,8612,19707
2023-04-03 13:53:55,65,68,8612,19720
2023-04-03 13:53:59,68,69,8754,19862
2023-04-03 13:53:59,68,69,8829,19937
2023-04-03 13:53:59,68,69,8862,19970
2023-04-03 13:53:59,68,69,9166,20274
2023-04-03 13:53:59,65,69,9176,20284
2023-04-03 13:54:03,65,66,9176,20284
2023-04-03 13:54:05,65,69,9176,20284
2023-04-03 13:54:06,67,69,9176,20284
2023-04-03 13:54:22,65,69,9176,20284
2023-04-03 13:54:22,66,69,9176,20284
2023-04-03 13:54:22,66,67,9176,20284
2023-04-03 13:54:38,67,69,9176,20286
2023-04-03 13:54:38,67,68,9176,20286
2023-04-03 13:55:04,67,68,9176,20386
2023-04-03 13:55:23,66,67,9176,20392
2023-04-03 13:55:37,66,67,9177,20393
2023-04-03 13:55:39,66,68,9177,20393
2023-04-03 13:55:39,66,67,9177,20393
2023-04-03 13:55:55,66,67,9177,20397
2023-04-03 13:56:03,66,68,9177,20397
2023-04-03 13:56:04,67,68,9177,20397
2023-04-03 13:56:04,65,66,9177,20426
2023-04-03 13:56:10,65,66,9177,20453
2023-04-03 13:56:19,65,66,9184,20460
2023-04-03 13:57:01,65,68,9184,20460
2023-04-03 13:57:01,65,69,9184,20460
2023-04-03 13:57:05,65,68,9184,20460
2023-04-03 13:57:08,66,68,9184,20460
2023-04-03 13:57:08,66,68,9184,20487
2023-04-03 13:57:46,65,68,9184,20487
2023-04-03 13:58:13,65,66,9184,20487
2023-04-03 13:58:29,65,68,9184,20487
2023-04-03 13:58:29,65,67,9184,20487
2023-04-03 13:58:29,65,67,9188,20541
2023-04-03 13:58:29,65,66,9188,20541
2023-04-03 13:59:01,65,66,9194,20567
2023-04-03 13:59:14,65,67,9194,20567
2023-04-03 14:00:03,66,67,9194,20567
2023-04-03 14:00:52,66,68,9194,20567
2023-04-03 14:01:04,66,68,9299,20672
2023-04-03 14:01:13,65,68,9299,20672
2023-04-03 14:01:54,65,68,9299,20674
2023-04-03 14:02:29,66,68,9299,20674
2023-04-03 14:02:51,65,68,9299,20674
2023-04-03 14:03:31,67,68,9299,20674
2023-04-03 14:03:49,65,68,9299,20674
2023-04-03 14:03:49,67,68,9299,20674
2023-04-03 14:04:15,65,68,9299,20674
2023-04-03 14:04:38,65,69,9299,20674
2023-04-03 14:04:40,66,69,9299,20674
2023-04-03 14:04:56,65,69,9299,20674
2023-04-03 14:04:56,66,69,9299,20674
2023-04-03 14:05:06,66,68,9299,20674
2023-04-03 14:05:11,67,68,9299,20674
2023-04-03 14:05:26,67,68,9299,20775
2023-04-03 14:05:43,66,68,9299,20775
2023-04-03 14:06:12,67,68,9299,20775
2023-04-03 14:06:26,67,69,9299,20775
2023-04-03 14:06:44,66,69,9299,20775
2023-04-03 14:07:19,66,69,9299,20785
2023-04-03 14:07:41,66,69,9299,20795
2023-04-03 14:07:56,67,69,9299,20795
2023-04-03 14:08:08,67,69,9299,20805
2023-04-03 14:09:16,66,69,9299,20805
2023-04-03 14:09:53,67,69,9299,20805
2023-04-03 14:09:56,67,69,9299,20815
2023-04-03 14:10:07,66,69,9299,20815
2023-04-03 14:10:07,68,69,9299,20815
2023-04-03 14:10:13,68,70,9299,20815
2023-04-03 14:10:55,67,70,9299,20815
2023-04-03 14:11:09,68,70,9299,20815
2023-04-03 14:11:23,69,70,9299,20815
2023-04-03 14:12:10,69,70,9252,20862
2023-04-03 14:12:29,68,70,9252,20862
2023-04-03 14:12:29,68,71,9252,20862
2023-04-03 14:12:49,67,71,9252,20862
2023-04-03 14:13:11,68,71,9252,20862
2023-04-03 14:13:41,69,71,9252,20862
2023-04-03 14:14:02,69,72,9687,21323
2023-04-03 14:14:17,68,72,9687,21323
2023-04-03 14:14:22,68,70,9687,21323
2023-04-03 14:14:26,68,72,9687,21323
2023-04-03 14:14:54,70,72,9687,21323
2023-04-03 14:15:05,70,72,9687,21416
2023-04-03 14:15:10,71,72,9687,21416
2023-04-03 14:15:23,70,71,9689,21421
2023-04-03 14:15:23,68,71,9689,21421
2023-04-03 14:15:51,68,71,9739,21471
2023-04-03 14:16:07,68,70,9739,21471
2023-04-03 14:16:24,68,69,9739,21471
2023-04-03 14:16:30,68,69,9749,21481
2023-04-03 14:16:55,69,70,9747,21483
2023-04-03 14:17:00,69,71,9747,21483
2023-04-03 14:18:23,69,73,9747,21483
2023-04-03 14:18:24,69,71,9747,21483
2023-04-03 14:18:31,69,73,9747,21483
2023-04-03 14:18:59,69,72,9747,21483
2023-04-03 14:19:03,69,73,9747,21483
2023-04-03 14:19:04,69,71,9747,21483
2023-04-03 14:19:23,69,70,9747,21483
2023-04-03 14:20:16,69,71,9747,21483
2023-04-03 14:20:17,69,72,9747,21483
2023-04-03 14:20:25,70,72,9747,21483
2023-04-03 14:20:38,70,73,9747,21483
2023-04-03 14:20:56,70,72,9747,21483
2023-04-03 14:20:59,69,72,9747,21483
2023-04-03 14:21:00,69,71,9747,21483
2023-04-03 14:21:32,70,71,9747,21483
2023-04-03 14:21:56,70,72,9747,21483
2023-04-03 14:22:46,70,73,9747,21483
2023-04-03 14:23:30,70,72,9747,21483
2023-04-03 14:24:05,72,73,9747,21486
2023-04-03 14:24:52,70,73,9747,21486
2023-04-03 14:25:21,70,73,9747,21528
2023-04-03 14:25:21,71,73,9747,21528
2023-04-03 14:25:31,71,72,9747,21528
2023-04-03 14:25:36,70,72,9747,21528
2023-04-03 14:25:36,71,72,9747,21528
2023-04-03 14:25:59,70,72,9747,21528
2023-04-03 14:27:29,69,72,9747,21528
2023-04-03 14:27:34,69,71,9747,21528
2023-04-03 14:27:37,69,72,9747,21528
2023-04-03 14:27:55,70,72,9747,21528
2023-04-03 14:28:09,71,72,9747,21528
2023-04-03 14:28:11,71,72,9757,21538
2023-04-03 14:28:45,68,72,9757,21538
2023-04-03 14:29:08,69,72,9757,21538
2023-04-03 14:29:35,69,71,9757,21538
2023-04-03 14:30:25,68,71,9757,21538
2023-04-03 14:30:36,68,70,9757,21538
2023-04-03 14:30:39,69,70,9757,21538
2023-04-03 14:31:04,68,70,9757,21538
2023-04-03 14:31:04,68,71,9757,21538
2023-04-03 14:32:18,68,70,9757,21538
2023-04-03 14:32:31,68,69,9757,21538
2023-04-03 14:32:41,67,69,9757,21538
2023-04-03 14:33:18,67,68,9757,21538
2023-04-03 14:34:02,67,69,9757,21538
2023-04-03 14:34:23,67,68,9757,21538
2023-04-03 14:34:55,67,68,9757,21556
2023-04-03 14:34:58,66,68,9757,21556
2023-04-03 14:34:58,66,69,9757,21556
2023-04-03 14:35:10,66,67,9757,21556
2023-04-03 14:35:38,65,66,9759,21563
2023-04-03 14:35:38,64,66,9759,21563
2023-04-03 14:35:44,62,66,9759,21563
2023-04-03 14:35:50,64,66,9759,21563
2023-04-03 14:36:19,64,65,9759,21563
2023-04-03 14:36:25,61,64,9761,21565
2023-04-03 14:36:28,61,63,9761,21565
2023-04-03 14:36:35,61,63,9761,21602
2023-04-03 14:36:36,55,63,9761,21602
2023-04-03 14:36:37,57,63,9761,21602
2023-04-03 14:36:45,62,63,9761,21602
2023-04-03 14:36:47,62,63,9761,21620
2023-04-03 14:37:09,62,65,9761,21620
2023-04-03 14:37:10,62,63,9761,21620
2023-04-03 14:37:13,62,65,9761,21620
2023-04-03 14:37:14,62,63,9761,21620
2023-04-03 14:37:29,60,63,9761,21620
2023-04-03 14:37:52,60,62,9761,21620
2023-04-03 14:38:12,59,62,9761,21620
2023-04-03 14:38:16,59,61,9761,21620
2023-04-03 14:38:23,59,60,9761,21620
2023-04-03 14:38:55,57,60,9761,21620
2023-04-03 14:38:56,57,59,9761,21620
2023-04-03 14:39:18,56,59,9761,21620
2023-04-03 14:39:18,55,59,9761,21620
2023-04-03 14:39:19,56,59,9761,21620
2023-04-03 14:39:20,56,58,9761,21620
2023-04-03 14:39:21,56,57,9761,21620
2023-04-03 14:39:29,54,57,9755,21628
2023-04-03 14:39:49,56,57,9755,21628
2023-04-03 14:39:55,56,59,9751,21649
2023-04-03 14:40:01,55,59,9751,21649
2023-04-03 14:40:01,55,57,9751,21649
2023-04-03 14:41:24,54,57,9751,21649
2023-04-03 14:41:24,53,57,9751,21649
2023-04-03 14:41:34,54,57,9751,21649
2023-04-03 14:41:35,56,57,9751,21649
2023-04-03 14:41:35,56,57,9664,21786
2023-04-03 14:41:41,56,58,9664,21788
2023-04-03 14:41:43,54,58,9664,21788
2023-04-03 14:41:46,55,58,9664,21788
2023-04-03 14:42:08,53,58,9664,21788
2023-04-03 14:42:16,54,58,9664,21788
2023-04-03 14:42:16,54,57,9664,21788
2023-04-03 14:43:10,56,57,9664,21788
2023-04-03 14:43:53,56,58,9664,21788
2023-04-03 14:44:01,56,59,9667,21791
2023-04-03 14:44:03,56,60,9669,21793
2023-04-03 14:44:19,60,61,9765,21939
2023-04-03 14:44:27,57,60,9780,21954
2023-04-03 14:44:43,57,59,9780,21954
2023-04-03 14:45:10,55,59,9612,22433
2023-04-03 14:45:11,53,59,9612,22433
2023-04-03 14:45:14,55,59,9612,22433
2023-04-03 14:45:17,55,60,9612,22433
2023-04-03 14:45:26,51,52,9280,22767
2023-04-03 14:45:27,51,52,8980,23067
2023-04-03 14:45:27,51,52,8980,23172
2023-04-03 14:45:27,51,52,8980,23543
2023-04-03 14:45:28,52,60,8906,23617
2023-04-03 14:45:31,54,60,8906,23617
2023-04-03 14:45:31,54,58,8906,23617
2023-04-03 14:45:35,54,60,8922,23633
2023-04-03 14:45:35,54,59,8922,23633
2023-04-03 14:45:46,54,57,8922,23633
2023-04-03 14:45:58,53,57,8922,23633
2023-04-03 14:45:59,53,56,8922,23633
2023-04-03 14:46:18,53,55,8922,23633
2023-04-03 14:46:20,51,55,8922,23633
2023-04-03 14:46:21,51,54,8922,23633
2023-04-03 14:46:30,51,52,8922,23633
2023-04-03 14:46:33,51,54,8922,23633
2023-04-03 14:46:34,51,53,8922,23633
2023-04-03 14:46:39,51,54,8922,23633
2023-04-03 14:46:44,50,54,8922,23633
2023-04-03 14:46:45,50,53,8922,23633
2023-04-03 14:47:05,50,52,8922,23633
2023-04-03 14:47:24,46,52,8922,23633
2023-04-03 14:47:26,46,51,8922,23633
2023-04-03 14:47:28,46,50,8922,23633
2023-04-03 14:47:29,46,51,8922,23643
2023-04-03 14:47:30,47,51,8922,23643
2023-04-03 14:47:30,47,50,8922,23643
2023-04-03 14:47:44,46,50,8922,23643
2023-04-03 14:47:57,46,49,8922,23643
2023-04-03 14:47:59,46,48,8922,23643
2023-04-03 14:48:22,45,48,8922,23643
2023-04-03 14:48:22,45,47,8922,23643
2023-04-03 14:48:24,47,48,8920,23645
2023-04-03 14:48:30,48,50,8898,23667
2023-04-03 14:48:31,48,52,8898,23667
2023-04-03 14:48:31,48,50,8898,23667
2023-04-03 14:48:32,48,49,8898,23667
2023-04-03 14:48:38,49,50,8888,23677
2023-04-03 14:48:43,48,50,8888,23677
2023-04-03 14:48:46,50,52,8935,23724
2023-04-03 14:48:47,50,51,8935,23724
2023-04-03 14:49:14,50,52,8935,23724
2023-04-03 14:49:14,50,54,8935,23724
2023-04-03 14:49:14,50,52,8935,23724
2023-04-03 14:49:15,51,52,8935,23724
2023-04-03 14:49:20,50,52,8935,23724
2023-04-03 14:49:26,50,51,8935,23724
2023-04-03 14:50:06,48,51,8935,23724
2023-04-03 14:50:06,48,50,8935,23724
2023-04-03 14:50:16,48,50,8935,23734
2023-04-03 14:50:40,47,50,8935,23734
2023-04-03 14:50:41,47,49,8935,23734
2023-04-03 14:51:02,47,48,8935,23734
2023-04-03 14:51:03,48,49,8931,23738
2023-04-03 14:51:03,48,49,8921,23748
2023-04-03 14:51:05,48,49,8911,23758
2023-04-03 14:51:15,47,49,8911,23758
2023-04-03 14:51:16,47,49,8901,23768
2023-04-03 14:51:20,47,48,8901,23768
2023-04-03 14:51:34,46,48,8901,23768
2023-04-03 14:51:35,46,47,8901,23768
2023-04-03 14:51:57,44,47,8901,23768
2023-04-03 14:51:58,44,46,8901,23768
2023-04-03 14:51:58,44,45,8901,23768
2023-04-03 14:52:04,44,45,8755,23914
2023-04-03 14:52:05,44,45,8755,23922
2023-04-03 14:52:06,44,45,8745,23940
2023-04-03 14:52:08,41,45,8747,23970
2023-04-03 14:52:12,41,45,8737,23980
2023-04-03 14:52:14,41,44,8737,23980
2023-04-03 14:52:14,41,45,8737,23980
2023-04-03 14:52:14,41,46,8737,23980
2023-04-03 14:52:14,41,43,8737,23980
2023-04-03 14:52:14,41,43,8727,23990
2023-04-03 14:52:15,43,46,8717,24000
2023-04-03 14:52:15,43,45,8717,24000
2023-04-03 14:52:20,41,45,8717,24000
2023-04-03 14:52:36,41,45,8717,24400
2023-04-03 14:52:38,41,44,8717,24400
2023-04-03 14:52:39,41,45,8717,24400
2023-04-03 14:52:39,41,43,8717,24400
2023-04-03 14:52:40,41,45,8717,24400
2023-04-03 14:52:40,43,45,8717,24400
2023-04-03 14:52:40,43,44,8717,24400
2023-04-03 14:52:49,41,44,8717,24400
2023-04-03 14:52:51,44,45,8707,24410
2023-04-03 14:52:59,44,45,8697,24420
2023-04-03 14:53:00,44,45,8687,24430
2023-04-03 14:53:02,41,43,8687,24432
2023-04-03 14:53:04,43,45,8554,24565
2023-04-03 14:53:05,43,44,8554,24565
2023-04-03 14:53:09,44,45,8544,24575
2023-04-03 14:53:10,44,45,8534,24585
2023-04-03 14:53:17,42,45,8534,24585
2023-04-03 14:53:26,42,45,8534,24627
2023-04-03 14:53:26,45,46,8520,24685
2023-04-03 14:53:27,45,46,8510,24695
2023-04-03 14:53:30,45,46,8500,24705
2023-04-03 14:53:31,42,46,8500,24705
2023-04-03 14:53:32,40,46,8188,25105
2023-04-03 14:53:37,42,46,8188,25105
2023-04-03 14:53:40,42,46,8191,25110
2023-04-03 14:53:50,46,47,8181,25220
2023-04-03 14:53:55,43,47,8181,25220
2023-04-03 14:53:57,43,46,8181,25220
2023-04-03 14:53:58,46,47,8171,25230
2023-04-03 14:54:03,43,47,8171,25230
2023-04-03 14:54:03,46,47,8171,25230
2023-04-03 14:54:08,44,46,8171,25232
2023-04-03 14:54:09,46,47,8163,25240
2023-04-03 14:54:11,47,48,8141,25262
2023-04-03 14:54:16,48,50,8131,25286
2023-04-03 14:54:17,48,49,8131,25286
2023-04-03 14:54:20,45,49,8131,25286
2023-04-03 14:54:34,45,48,8131,25286
2023-04-03 14:54:50,44,48,8131,25358
2023-04-03 14:54:56,43,44,8259,25486
2023-04-03 14:54:57,44,47,8259,25514
2023-04-03 14:55:03,43,47,8259,25514
2023-04-03 14:55:08,43,46,8259,25514
2023-04-03 14:55:24,46,48,8248,25526
2023-04-03 14:55:24,46,47,8248,25526
2023-04-03 14:55:25,46,48,8248,25526
2023-04-03 14:55:25,46,47,8248,25526
2023-04-03 14:55:25,46,47,8238,25536
2023-04-03 14:55:29,43,47,8238,25536
2023-04-03 14:55:29,46,47,8238,25536
2023-04-03 14:55:33,43,47,8237,25539
2023-04-03 14:55:40,43,46,8237,25539
2023-04-03 14:55:41,43,45,8237,25539
2023-04-03 14:55:41,42,45,8237,25539
2023-04-03 14:55:43,45,46,8227,25549
2023-04-03 14:55:46,45,46,8217,25559
2023-04-03 14:55:49,42,46,8217,25559
2023-04-03 14:55:54,42,45,8217,25559
2023-04-03 14:56:05,42,44,8217,25559
2023-04-03 14:56:06,42,43,8217,25559
2023-04-03 14:56:06,43,44,8207,25569
2023-04-03 14:56:08,44,45,8195,25581
2023-04-03 14:56:14,42,45,8195,25581
2023-04-03 14:56:24,43,45,8195,25581
2023-04-03 14:56:24,43,44,8195,25581
2023-04-03 14:56:25,44,45,8185,25594
2023-04-03 14:56:26,44,45,8037,25742
2023-04-03 14:56:30,43,45,8037,25742
2023-04-03 14:56:42,42,45,8034,25745
2023-04-03 14:56:46,42,44,8034,25745
2023-04-03 14:56:47,42,43,8034,25745
2023-04-03 14:56:47,40,43,8034,25747
2023-04-03 14:56:55,43,44,8024,25757
2023-04-03 14:57:19,44,45,8012,25772
2023-04-03 14:57:20,44,45,8012,25777
2023-04-03 14:57:24,45,47,8002,25842
2023-04-03 14:57:24,45,46,8002,25842
2023-04-03 14:57:26,45,47,8002,25842
2023-04-03 14:57:33,43,47,8002,25842
2023-04-03 14:57:35,44,47,8002,25842
2023-04-03 14:58:43,44,45,8002,25842
2023-04-03 14:58:52,44,45,8000,25844
2023-04-03 14:58:55,41,44,7994,25852
2023-04-03 14:58:55,42,44,7994,25852
2023-04-03 14:58:57,44,45,7982,25864
2023-04-03 14:59:07,42,45,7982,25864
2023-04-03 14:59:13,42,44,7982,25864
2023-04-03 14:59:15,44,45,7972,25874
2023-04-03 14:59:33,42,45,7972,25876
2023-04-03 14:59:41,42,44,7972,25876
2023-04-03 14:59:41,44,45,7968,25883
2023-04-03 14:59:46,42,45,7968,25883
2023-04-03 14:59:52,42,44,7968,25883
2023-04-03 15:00:01,42,45,7968,25883
2023-04-03 15:00:01,42,44,7968,25883
2023-04-03 15:00:10,41,44,7914,25947
2023-04-03 15:00:16,41,44,7904,25957
2023-04-03 15:00:18,41,42,7904,25957
2023-04-03 15:00:18,39,42,7814,26047
2023-04-03 15:00:18,39,41,7814,26047
2023-04-03 15:00:26,41,42,7804,26057
2023-04-03 15:00:29,41,42,7804,26084
2023-04-03 15:00:33,39,41,7803,26087
2023-04-03 15:00:33,39,40,7803,26087
2023-04-03 15:00:34,40,41,7793,26097
2023-04-03 15:00:46,40,41,7793,26158
2023-04-03 15:00:48,38,41,7793,26158
2023-04-03 15:00:57,38,41,7783,26168
2023-04-03 15:00:57,37,38,7780,26171
2023-04-03 15:00:57,38,41,7780,26178
2023-04-03 15:01:01,38,41,7780,26188
2023-04-03 15:01:02,41,42,7780,26218
2023-04-03 15:01:03,41,42,7780,26228
2023-04-03 15:01:04,42,43,7778,26240
2023-04-03 15:01:05,42,43,7778,26250
2023-04-03 15:01:06,42,44,7840,26312
2023-04-03 15:01:06,42,43,7840,26312
2023-04-03 15:01:06,42,44,7840,26312
2023-04-03 15:01:06,42,43,7840,26312
2023-04-03 15:01:06,42,43,7840,26322
2023-04-03 15:01:07,42,44,7712,26622
2023-04-03 15:01:08,44,45,7712,26854
2023-04-03 15:01:09,44,46,7712,26854
2023-04-03 15:01:09,44,45,7712,26854
2023-04-03 15:01:09,44,46,7712,26854
2023-04-03 15:01:19,41,48,7712,26854
2023-04-03 15:01:24,44,48,7712,26854
2023-04-03 15:01:35,44,47,7712,26854
2023-04-03 15:01:41,45,47,7712,26854
2023-04-03 15:01:53,45,46,7712,26854
2023-04-03 15:01:54,44,46,7712,26857
2023-04-03 15:02:01,44,46,7712,26867
2023-04-03 15:02:02,44,46,7712,26877
2023-04-03 15:02:02,44,45,7712,26877
2023-04-03 15:02:03,43,45,7668,26923
2023-04-03 15:02:03,43,44,7668,26923
2023-04-03 15:02:04,43,44,7668,26933
2023-04-03 15:02:06,43,44,7668,26943
2023-04-03 15:02:07,43,44,7668,26953
2023-04-03 15:02:10,43,44,7668,26963
2023-04-03 15:02:13,42,44,7657,26974
2023-04-03 15:02:16,41,44,7657,26974
2023-04-03 15:02:23,39,44,7657,26974
2023-04-03 15:02:24,39,43,7657,26974
2023-04-03 15:02:32,39,42,7657,26974
2023-04-03 15:02:33,38,39,7659,26976
2023-04-03 15:02:33,39,42,7659,26984
2023-04-03 15:02:34,37,42,7642,27001
2023-04-03 15:02:34,37,39,7642,27001
2023-04-03 15:02:35,37,39,7642,27011
2023-04-03 15:02:36,35,39,7642,27011
2023-04-03 15:02:37,36,39,7642,27011
2023-04-03 15:02:39,35,39,7642,27011
2023-04-03 15:02:44,35,39,7642,27021
2023-04-03 15:02:46,34,39,7642,27021
2023-04-03 15:02:47,35,39,7642,27021
2023-04-03 15:02:47,35,38,7642,27021
2023-04-03 15:02:59,35,37,7642,27021
2023-04-03 15:03:00,34,37,7644,27023
2023-04-03 15:03:07,32,37,7644,27023
2023-04-03 15:03:07,30,37,7644,27023
2023-04-03 15:03:07,32,37,7644,27023
2023-04-03 15:03:23,33,37,7644,27023
2023-04-03 15:03:26,33,38,7644,27023
2023-04-03 15:03:38,33,38,7644,27033
2023-04-03 15:03:39,35,38,7644,27033
2023-04-03 15:03:49,35,37,7644,27033
2023-04-03 15:03:50,35,38,7644,27033
2023-04-03 15:04:03,36,38,7644,27033
2023-04-03 15:04:05,38,39,7642,27035
2023-04-03 15:04:05,38,39,7642,27077
2023-04-03 15:04:07,38,39,7642,27087
2023-04-03 15:04:10,37,39,7642,27087
2023-04-03 15:04:11,39,42,7642,27097
2023-04-03 15:04:11,39,41,7642,27097
2023-04-03 15:04:11,39,42,7642,27097
2023-04-03 15:04:11,39,41,7642,27097
2023-04-03 15:04:12,39,43,7642,27097
2023-04-03 15:04:12,39,42,7642,27097
2023-04-03 15:04:16,37,43,7642,27097
2023-04-03 15:04:16,37,42,7642,27097
2023-04-03 15:04:18,37,41,7642,27097
2023-04-03 15:04:22,39,41,7642,27097
2023-04-03 15:04:23,41,43,7638,27101
2023-04-03 15:04:25,41,43,7638,27111
2023-04-03 15:04:32,40,43,7638,27111
2023-04-03 15:04:39,40,44,7638,27111
2023-04-03 15:04:39,40,43,7638,27111
2023-04-03 15:04:43,40,44,7638,27111
2023-04-03 15:05:01,40,43,7638,27111
2023-04-03 15:05:07,40,43,7638,27121
2023-04-03 15:05:07,40,44,7638,27121
2023-04-03 15:05:12,39,44,7638,27121
2023-04-03 15:05:12,38,44,7638,27121
2023-04-03 15:05:12,39,44,7638,27121
2023-04-03 15:05:17,39,43,7638,27121
2023-04-03 15:05:17,39,42,7638,27121
2023-04-03 15:05:31,39,41,7638,27121
2023-04-03 15:05:39,38,41,7614,27149
2023-04-03 15:05:40,38,39,7614,27149
2023-04-03 15:05:52,37,39,7590,27173
2023-04-03 15:05:57,37,38,7590,27173
2023-04-03 15:06:02,37,39,7590,27173
2023-04-03 15:06:12,36,39,7590,27173
2023-04-03 15:06:36,35,39,7590,27173
2023-04-03 15:06:45,35,38,7590,27173
2023-04-03 15:06:57,35,37,7590,27173
2023-04-03 15:07:01,38,39,7588,27198
2023-04-03 15:07:09,38,39,7588,27208
2023-04-03 15:07:39,38,41,7455,27401
2023-04-03 15:07:39,38,40,7455,27401
2023-04-03 15:07:43,38,41,7455,27401
2023-04-03 15:07:49,38,43,7493,27439
2023-04-03 15:08:01,38,43,7599,27545
2023-04-03 15:08:05,40,43,7599,27545
2023-04-03 15:08:12,40,43,7599,27555
2023-04-03 15:08:14,40,43,7599,27565
2023-04-03 15:08:15,38,43,7599,27565
2023-04-03 15:08:16,36,43,7599,27565
2023-04-03 15:08:16,41,43,7599,27565
2023-04-03 15:08:17,36,43,7598,27567
2023-04-03 15:08:18,36,42,7598,27567
2023-04-03 15:08:29,35,42,7598,27567
2023-04-03 15:08:29,35,41,7598,27567
2023-04-03 15:08:34,36,41,7598,27567
2023-04-03 15:08:34,36,40,7598,27567
2023-04-03 15:08:57,36,41,7598,27567
2023-04-03 15:09:01,38,41,7598,27567
2023-04-03 15:09:18,38,40,7598,27567
2023-04-03 15:09:22,38,39,7598,27567
2023-04-03 15:09:31,36,38,7600,27569
2023-04-03 15:09:32,36,37,7600,27569
2023-04-03 15:09:33,36,38,7600,27569
2023-04-03 15:09:33,36,37,7600,27569
2023-04-03 15:09:37,36,37,7610,27579
2023-04-03 15:09:40,35,37,7610,27579
2023-04-03 15:09:40,35,37,7620,27589
2023-04-03 15:09:41,35,36,7620,27589
2023-04-03 15:09:46,36,38,7618,27601
2023-04-03 15:09:47,36,38,7618,27611
2023-04-03 15:09:47,36,37,7618,27611
2023-04-03 15:09:49,36,37,7618,27621
2023-04-03 15:09:50,36,37,7618,27631
2023-04-03 15:09:51,35,37,7618,27631
2023-04-03 15:09:56,35,37,7628,27641
2023-04-03 15:09:57,36,37,7628,27641
2023-04-03 15:09:59,36,37,7638,27651
2023-04-03 15:10:03,35,37,7638,27651
2023-04-03 15:10:08,35,37,7648,27661
2023-04-03 15:10:14,35,36,7648,27661
2023-04-03 15:10:25,35,36,7658,27671
2023-04-03 15:10:28,35,36,7668,27681
2023-04-03 15:10:28,35,36,7676,27689
2023-04-03 15:10:30,35,36,7686,27699
2023-04-03 15:10:37,33,36,7686,27699
2023-04-03 15:10:37,33,35,7686,27699
2023-04-03 15:10:39,33,34,7686,27699
2023-04-03 15:10:39,34,35,7686,27709
2023-04-03 15:10:48,35,36,7685,27711
2023-04-03 15:10:52,35,36,7685,27721
2023-04-03 15:10:55,33,38,7687,27723
2023-04-03 15:10:55,33,37,7687,27723
2023-04-03 15:11:00,35,37,7687,27723
2023-04-03 15:11:02,37,38,7687,27733
2023-04-03 15:11:02,37,38,7687,27741
2023-04-03 15:11:07,35,38,7687,27749
2023-04-03 15:11:07,35,37,7687,27749
2023-04-03 15:11:14,37,38,7687,27767
2023-04-03 15:11:14,37,38,7687,27785
2023-04-03 15:11:24,35,38,7683,27789
2023-04-03 15:11:26,35,37,7683,27789
2023-04-03 15:11:30,35,38,7683,27789
2023-04-03 15:11:30,35,37,7683,27789
2023-04-03 15:11:31,33,37,7651,27821
2023-04-03 15:11:31,33,35,7651,27821
2023-04-03 15:11:58,33,34,7651,27821
2023-04-03 15:11:59,33,34,7653,27824
2023-04-03 15:12:14,34,36,7653,27829
2023-04-03 15:12:14,34,36,7653,27834
2023-04-03 15:12:14,34,36,7653,27834
2023-04-03 15:12:17,34,36,7653,27848
2023-04-03 15:12:18,34,35,7653,27848
2023-04-03 15:12:19,33,35,7653,27848
2023-04-03 15:12:25,31,35,7653,27854
2023-04-03 15:12:27,31,34,7653,27854
2023-04-03 15:12:33,31,33,7653,27854
2023-04-03 15:12:33,31,33,7663,27864
2023-04-03 15:12:33,31,32,7663,27864
2023-04-03 15:12:37,31,32,7700,27901
2023-04-03 15:12:40,30,32,7700,27901
2023-04-03 15:12:40,30,32,7700,27938
2023-04-03 15:12:44,28,32,7700,27954
2023-04-03 15:12:49,28,31,7700,27954
2023-04-03 15:12:49,28,30,7700,27954
2023-04-03 15:13:05,28,29,7700,27954
2023-04-03 15:13:14,29,30,7698,27966
2023-04-03 15:13:15,30,31,7698,27976
2023-04-03 15:13:15,30,31,7698,28038
2023-04-03 15:13:15,30,31,7698,28075
2023-04-03 15:13:21,28,30,7698,28075
2023-04-03 15:13:23,30,31,7698,28100
2023-04-03 15:13:27,31,32,7696,28206
2023-04-03 15:13:27,31,32,7696,28243
2023-04-03 15:13:29,31,32,7696,28253
2023-04-03 15:13:31,32,33,7696,28357
2023-04-03 15:13:31,32,33,7696,28376
2023-04-03 15:13:33,32,33,7696,28386
2023-04-03 15:13:37,30,34,7737,28427
2023-04-03 15:13:42,34,36,7737,28478
2023-04-03 15:13:42,34,37,7737,28478
2023-04-03 15:13:43,34,36,7737,28478
2023-04-03 15:13:46,34,35,7737,28478
2023-04-03 15:13:56,30,35,7739,28480
2023-04-03 15:13:58,29,35,7739,28480
2023-04-03 15:13:58,31,35,7739,28480
2023-04-03 15:14:02,29,35,7739,28490
2023-04-03 15:14:06,29,37,7739,28490
2023-04-03 15:14:07,29,36,7739,28490
2023-04-03 15:14:10,29,33,7739,28490
2023-04-03 15:14:13,30,33,7739,28490
2023-04-03 15:14:46,30,36,7739,28490
2023-04-03 15:14:51,31,36,7739,28490
2023-04-03 15:14:52,31,35,7739,28490
2023-04-03 15:15:02,32,35,7739,28490
2023-04-03 15:15:42,30,35,7739,28490
2023-04-03 15:16:13,30,34,7739,28490
2023-04-03 15:16:25,30,35,7739,28490
2023-04-03 15:16:30,34,35,7739,28490
2023-04-03 15:16:33,35,36,7608,28624
2023-04-03 15:16:38,36,37,7480,28758
2023-04-03 15:16:38,36,37,7480,28788
2023-04-03 15:16:40,34,37,7480,28788
2023-04-03 15:16:52,35,37,7480,28788
2023-04-03 15:17:12,37,38,7352,28918
2023-04-03 15:17:12,37,38,7352,28950
2023-04-03 15:17:20,35,38,7352,28958
2023-04-03 15:17:27,37,38,7352,28958
2023-04-03 15:18:03,37,38,7352,29258
2023-04-03 15:18:03,35,38,7352,29258
2023-04-03 15:18:14,34,38,7352,29258
2023-04-03 15:18:21,36,38,7352,29258
2023-04-03 15:18:22,36,38,7352,29558
2023-04-03 15:18:24,36,37,7352,29558
2023-04-03 15:18:24,34,37,7352,29561
2023-04-03 15:18:24,34,36,7352,29561
2023-04-03 15:19:11,34,35,7352,29561
2023-04-03 15:19:12,34,35,7362,29571
2023-04-03 15:19:20,34,35,7372,29581
2023-04-03 15:19:47,34,35,7377,29586
2023-04-03 15:20:21,34,35,7387,29596
2023-04-03 15:20:26,34,35,7397,29606
2023-04-03 15:20:27,34,35,7423,29632
2023-04-03 15:20:56,34,37,7423,29632
2023-04-03 15:20:56,34,36,7423,29632
2023-04-03 15:21:01,34,37,7423,29632
2023-04-03 15:21:07,34,36,7423,29632
2023-04-03 15:21:26,34,36,7423,29634
2023-04-03 15:21:29,34,35,7423,29634
2023-04-03 15:21:40,35,37,7455,29700
2023-04-03 15:21:40,35,36,7455,29700
2023-04-03 15:21:40,35,36,7455,29775
2023-04-03 15:21:40,34,35,7455,29915
2023-04-03 15:21:57,34,35,7465,29925
2023-04-03 15:22:12,34,35,7467,29927
2023-04-03 15:22:21,33,35,7485,29948
2023-04-03 15:22:21,33,34,7485,29948
2023-04-03 15:22:23,33,34,7526,29989
2023-04-03 15:22:37,33,34,7601,30064
2023-04-03 15:22:37,33,34,7602,30065
2023-04-03 15:22:44,32,34,7615,30080
2023-04-03 15:22:45,32,33,7690,30155
2023-04-03 15:22:46,30,33,7743,30208
2023-04-03 15:22:47,30,32,7743,30208
2023-04-03 15:22:48,31,32,7743,30208
2023-04-03 15:22:49,31,33,7743,30208
2023-04-03 15:22:53,31,32,7743,30208
2023-04-03 15:22:55,31,32,7775,30240
2023-04-03 15:22:55,31,33,7775,30240
2023-04-03 15:23:11,31,33,7799,30264
2023-04-03 15:23:11,31,32,7799,30264
2023-04-03 15:23:23,31,32,7809,30274
2023-04-03 15:23:25,31,32,7819,30284
2023-04-03 15:23:26,31,32,7859,30324
2023-04-03 15:23:29,31,32,7869,30334
2023-04-03 15:23:47,32,33,7867,30336
2023-04-03 15:23:47,32,33,7867,30411
2023-04-03 15:23:47,32,33,7867,30416
2023-04-03 15:23:47,32,33,7867,30491
2023-04-03 15:23:48,32,33,7867,30566
2023-04-03 15:23:49,31,32,7867,30634
2023-04-03 15:24:00,30,31,7871,30638
2023-04-03 15:24:09,30,31,7871,30642
2023-04-03 15:24:09,27,31,7871,30642
2023-04-03 15:24:14,27,30,7871,30642
2023-04-03 15:24:16,27,30,7871,30647
2023-04-03 15:24:22,27,30,7871,30652
2023-04-03 15:24:22,25,30,7833,30690
2023-04-03 15:24:22,25,30,7833,30758
2023-04-03 15:24:22,25,27,7833,30758
2023-04-03 15:24:24,27,30,7833,30763
2023-04-03 15:24:24,27,29,7833,30763
2023-04-03 15:24:31,27,28,7833,30763
2023-04-03 15:24:31,28,31,7831,30765
2023-04-03 15:24:31,28,30,7831,30765
2023-04-03 15:24:33,28,30,7699,30897
2023-04-03 15:24:36,27,30,7699,30897
2023-04-03 15:24:36,28,30,7699,30914
2023-04-03 15:24:36,28,30,7699,30989
2023-04-03 15:24:36,28,29,7699,30989
2023-04-03 15:24:37,28,29,7699,31064
2023-04-03 15:24:37,28,29,7699,31139
2023-04-03 15:24:38,29,30,7699,31144
2023-04-03 15:24:39,29,30,7699,31219
2023-04-03 15:24:43,27,31,7699,31219
2023-04-03 15:24:46,27,32,7699,31219
2023-04-03 15:24:55,32,33,7701,31276
2023-04-03 15:24:55,32,33,7706,31281
2023-04-03 15:25:01,27,33,7706,31281
2023-04-03 15:25:01,28,33,7706,31281
2023-04-03 15:25:01,28,32,7706,31281
2023-04-03 15:25:03,28,31,7706,31281
2023-04-03 15:25:06,27,31,7706,31281
2023-04-03 15:25:17,26,31,7704,31283
2023-04-03 15:25:17,25,31,7704,31283
2023-04-03 15:25:38,25,30,7704,31283
2023-04-03 15:25:43,25,28,7704,31283
2023-04-03 15:25:45,25,28,7714,31293
2023-04-03 15:25:56,25,27,7714,31293
2023-04-03 15:26:04,25,28,7714,31293
2023-04-03 15:26:06,25,27,7714,31293
2023-04-03 15:26:06,25,29,7755,31334
2023-04-03 15:26:06,25,28,7755,31334
2023-04-03 15:26:13,27,28,7755,31334
2023-04-03 15:26:13,27,28,7830,31409
2023-04-03 15:26:13,25,28,7883,31462
2023-04-03 15:26:18,28,29,7924,31503
2023-04-03 15:26:18,28,29,7999,31578
2023-04-03 15:26:18,28,29,8232,31811
2023-04-03 15:26:18,25,29,8273,31852
2023-04-03 15:26:24,25,31,8273,31852
2023-04-03 15:26:24,25,30,8273,31852
2023-04-03 15:26:24,25,28,8273,31852
2023-04-03 15:26:34,25,28,8273,31912
2023-04-03 15:26:35,26,28,8273,31912
2023-04-03 15:26:50,25,28,8273,31912
2023-04-03 15:27:05,25,28,8348,31987
2023-04-03 15:27:05,24,28,8385,32027
2023-04-03 15:27:06,24,28,8460,32102
2023-04-03 15:27:07,25,28,8460,32102
2023-04-03 15:27:07,25,28,8535,32177
2023-04-03 15:27:08,24,25,8588,32230
2023-04-03 15:27:09,22,25,8645,32287
2023-04-03 15:27:10,24,25,8645,32287
2023-04-03 15:27:12,25,27,8667,32309
2023-04-03 15:27:12,25,27,8742,32384
2023-04-03 15:27:12,25,27,8817,32459
2023-04-03 15:27:13,25,27,8892,32534
2023-04-03 15:27:14,24,27,8945,32587
2023-04-03 15:27:18,25,27,8945,32587
2023-04-03 15:27:22,24,27,8947,32591
2023-04-03 15:27:22,24,25,8947,32591
2023-04-03 15:27:24,22,25,8947,32594
2023-04-03 15:27:30,22,25,8947,32660
2023-04-03 15:27:30,22,25,8947,32904
2023-04-03 15:27:40,22,24,8947,32904
2023-04-03 15:27:46,22,25,8947,32906
2023-04-03 15:27:52,22,27,8979,32938
2023-04-03 15:27:53,22,29,8979,32938
2023-04-03 15:27:55,22,29,9044,33003
2023-04-03 15:27:58,22,26,9044,33003
2023-04-03 15:28:01,22,26,9421,33403
2023-04-03 15:28:04,25,26,9421,33403
2023-04-03 15:28:21,25,26,9496,33478
2023-04-03 15:28:21,22,26,9549,33531
2023-04-03 15:28:30,26,28,9552,33664
2023-04-03 15:28:31,26,28,9552,33733
2023-04-03 15:28:31,22,28,9552,33831
2023-04-03 15:28:36,22,28,9503,33880
2023-04-03 15:28:38,22,23,9503,33880
2023-04-03 15:28:43,21,23,9503,33880
2023-04-03 15:28:52,21,25,9539,33916
2023-04-03 15:28:53,19,20,9539,34116
2023-04-03 15:28:54,17,20,9539,34116
2023-04-03 15:28:54,17,20,9604,34181
2023-04-03 15:28:57,18,20,9604,34181
2023-04-03 15:28:58,18,22,9604,34181
2023-04-03 15:28:59,20,22,9604,34181
2023-04-03 15:29:25,20,21,9604,34181
2023-04-03 15:29:25,20,21,9609,34186
2023-04-03 15:29:39,20,21,9656,34233
2023-04-03 15:29:42,20,21,9666,34243
2023-04-03 15:29:48,20,22,9666,34243
2023-04-03 15:29:54,20,21,9666,34243
2023-04-03 15:29:54,21,22,9719,34296
2023-04-03 15:30:08,21,23,9719,34296
2023-04-03 15:30:10,21,23,9729,34306
2023-04-03 15:30:12,21,22,9729,34306
2023-04-03 15:30:12,21,22,9742,34319
2023-04-03 15:30:12,21,22,9775,34352
2023-04-03 15:30:21,20,22,9778,34355
2023-04-03 15:30:26,20,23,9778,34355
2023-04-03 15:30:26,20,21,9778,34355
2023-04-03 15:30:27,20,23,9817,34394
2023-04-03 15:30:28,21,23,9817,34394
2023-04-03 15:30:30,20,23,9817,34394
2023-04-03 15:30:42,20,21,9817,34394
2023-04-03 15:30:58,20,21,9852,34432
2023-04-03 15:30:58,20,23,9852,34432
2023-04-03 15:31:08,21,23,9852,34432
2023-04-03 15:31:22,21,22,9852,34432
2023-04-03 15:31:22,20,22,9849,34437
2023-04-03 15:31:26,18,22,9858,34446
2023-04-03 15:31:41,18,21,9858,34446
2023-04-03 15:31:48,17,21,9858,34451
2023-04-03 15:31:48,17,19,9858,34451
2023-04-03 15:32:02,17,19,9858,34570
2023-04-03 15:32:05,17,19,9868,34580
2023-04-03 15:32:07,17,19,9878,34590
2023-04-03 15:32:10,17,19,9888,34600
2023-04-03 15:32:16,17,19,9898,34610
2023-04-03 15:32:16,17,19,9898,34710
2023-04-03 15:32:16,17,18,9898,34710
2023-04-03 15:32:20,17,18,9908,34720
2023-04-03 15:32:21,17,18,9908,34816
2023-04-03 15:32:23,17,18,9944,34852
2023-04-03 15:32:24,13,17,9945,34853
2023-04-03 15:32:29,13,16,9945,34853
2023-04-03 15:32:40,10,16,10273,35181
2023-04-03 15:32:41,13,16,10273,35181
2023-04-03 15:32:44,13,15,10273,35181
2023-04-03 15:32:50,13,14,10273,35181
2023-04-03 15:32:51,11,14,10273,35183
2023-04-03 15:32:51,10,14,10273,35183
2023-04-03 15:32:55,9,14,10273,35183
2023-04-03 15:33:22,11,14,10273,35183
2023-04-03 15:33:22,11,14,10278,35188
2023-04-03 15:33:27,11,13,10278,35188
2023-04-03 15:33:28,11,13,10353,35263
2023-04-03 15:33:28,9,11,10403,35313
2023-04-03 15:33:36,9,10,10403,35313
2023-04-03 15:34:07,7,10,10403,35313
2023-04-03 15:34:21,7,9,10403,35313
2023-04-03 15:34:28,6,9,10403,35313
2023-04-03 15:34:30,7,9,10403,35313
2023-04-03 15:34:30,8,9,10403,35313
2023-04-03 15:34:30,9,10,10403,35443
2023-04-03 15:34:33,10,11,10403,35445
2023-04-03 15:34:36,10,11,10413,35455
2023-04-03 15:34:39,8,11,10413,35455
2023-04-03 15:34:44,11,12,10488,35530
2023-04-03 15:34:45,11,12,10490,35532
2023-04-03 15:34:48,11,15,10490,35532
2023-04-03 15:34:49,10,14,10490,35532
2023-04-03 15:34:54,10,12,10490,35532
2023-04-03 15:34:57,10,14,10490,35532
2023-04-03 15:34:57,10,13,10490,35532
2023-04-03 15:35:33,9,13,10490,35532
2023-04-03 15:35:48,9,12,10490,35532
2023-04-03 15:36:00,7,12,10490,35532
2023-04-03 15:36:01,7,11,10490,35532
2023-04-03 15:36:06,8,11,10490,35532
2023-04-03 15:36:25,8,10,10490,35532
2023-04-03 15:36:25,8,12,10496,35542
2023-04-03 15:36:35,8,13,10496,35542
2023-04-03 15:36:35,8,12,10496,35542
2023-04-03 15:36:46,8,11,10496,35542
2023-04-03 15:36:47,9,11,10496,35542
2023-04-03 15:36:59,8,11,10496,35542
2023-04-03 15:37:08,7,11,10496,35542
2023-04-03 15:37:09,7,10,10496,35542
2023-04-03 15:37:13,7,8,10496,35542
2023-04-03 15:37:41,7,8,10506,35552
2023-04-03 15:37:49,7,8,10532,35578
2023-04-03 15:38:04,7,8,10543,35589
2023-04-03 15:38:09,6,8,10543,35589
2023-04-03 15:38:15,8,10,10553,35601
2023-04-03 15:38:20,6,10,10553,35601
2023-04-03 15:38:20,7,10,10553,35601
2023-04-03 15:38:36,8,10,10553,35601
2023-04-03 15:38:43,8,9,10553,35601
2023-04-03 15:38:51,8,9,10581,35676
2023-04-03 15:38:51,8,9,10656,35751
2023-04-03 15:38:53,8,9,10676,35771
2023-04-03 15:38:54,9,10,10676,35773
2023-04-03 15:38:59,10,13,10676,35775
2023-04-03 15:38:59,10,12,10676,35775
2023-04-03 15:39:00,8,12,10680,35779
2023-04-03 15:39:07,9,12,10680,35779
2023-04-03 15:39:09,9,11,10680,35779
2023-04-03 15:39:10,11,13,10680,35781
2023-04-03 15:39:10,11,12,10680,35781
2023-04-03 15:39:11,12,13,10682,35783
2023-04-03 15:39:11,12,13,10684,35785
2023-04-03 15:39:11,12,13,10812,35913
2023-04-03 15:39:11,12,13,10889,35990
2023-04-03 15:39:12,12,13,10889,36051
2023-04-03 15:39:18,10,13,10889,36051
2023-04-03 15:39:19,9,13,10889,36051
2023-04-03 15:39:27,7,13,10889,36051
2023-04-03 15:39:30,7,13,10889,36056
2023-04-03 15:39:38,9,13,10889,36056
2023-04-03 15:40:11,10,13,10889,36056
2023-04-03 15:40:14,11,13,10889,36056
2023-04-03 15:40:22,10,13,10889,36056
2023-04-03 15:40:27,9,13,10889,36056
2023-04-03 15:40:28,9,12,10889,36056
2023-04-03 15:40:29,8,12,10889,36056
2023-04-03 15:40:29,8,13,10889,36056
2023-04-03 15:40:41,9,12,10889,36056
2023-04-03 15:40:44,9,13,10889,36056
2023-04-03 15:40:58,9,13,10890,36058
2023-04-03 15:40:59,9,15,10890,36058
2023-04-03 15:41:00,15,17,10933,36101
2023-04-03 15:41:02,17,18,10975,36143
2023-04-03 15:41:02,17,18,11009,36177
2023-04-03 15:41:02,17,18,11051,36219
2023-04-03 15:41:02,17,18,11093,36261
2023-04-03 15:41:02,17,19,11093,36261
2023-04-03 15:41:04,15,19,11093,36401
2023-04-03 15:41:05,12,19,11093,36401
2023-04-03 15:41:08,11,19,11093,36401
2023-04-03 15:41:09,12,19,11093,36401
2023-04-03 15:41:10,12,15,11093,36401
2023-04-03 15:41:14,12,18,11093,36401
2023-04-03 15:41:16,13,18,11093,36401
2023-04-03 15:41:36,15,18,11093,36401
2023-04-03 15:41:45,18,19,11095,36403
2023-04-03 15:41:47,18,19,11095,36624
2023-04-03 15:41:47,18,19,11095,36676
2023-04-03 15:41:48,13,19,11095,36676
2023-04-03 15:41:48,18,19,11095,36676
2023-04-03 15:41:51,13,19,11095,36678
2023-04-03 15:41:57,13,17,11095,36678
2023-04-03 15:42:04,15,17,11095,36678
2023-04-03 15:42:06,14,17,11095,36678
2023-04-03 15:42:09,15,17,11095,36678
2023-04-03 15:42:12,15,16,11095,36678
2023-04-03 15:42:12,12,14,11099,36683
2023-04-03 15:42:28,12,18,11099,36683
2023-04-03 15:42:28,12,13,11099,36683
2023-04-03 15:42:28,12,13,11138,36722
2023-04-03 15:42:39,12,13,11167,36751
2023-04-03 15:42:39,12,13,11196,36780
2023-04-03 15:42:39,12,13,11225,36809
2023-04-03 15:42:44,11,12,11240,36824
2023-04-03 15:42:44,10,11,11244,36828
2023-04-03 15:42:52,10,11,11263,36847
2023-04-03 15:42:59,10,11,11273,36857
2023-04-03 15:43:11,9,11,11273,36857
2023-04-03 15:43:12,9,10,11273,36857
2023-04-03 15:43:14,9,10,11310,36894
2023-04-03 15:43:14,9,10,11345,36929
2023-04-03 15:43:14,9,10,11380,36964
2023-04-03 15:43:30,7,9,11382,36966
2023-04-03 15:43:30,7,8,11382,36966
2023-04-03 15:43:30,9,10,11438,37022
2023-04-03 15:43:30,9,10,11448,37032
2023-04-03 15:43:30,9,10,11458,37042
2023-04-03 15:43:30,9,10,11468,37052
2023-04-03 15:43:46,9,10,11500,37084
2023-04-03 15:43:46,9,10,11511,37095
2023-04-03 15:43:50,7,10,11511,37095
2023-04-03 15:43:51,7,9,11511,37095
2023-04-03 15:44:00,7,8,11511,37095
2023-04-03 15:44:00,7,8,11546,37130
2023-04-03 15:44:33,5,8,11546,37130
2023-04-03 15:44:33,5,9,11546,37130
2023-04-03 15:44:34,6,9,11546,37130
2023-04-03 15:44:35,7,9,11546,37130
2023-04-03 15:44:36,6,7,11546,37137
2023-04-03 15:44:38,5,7,11546,37137
2023-04-03 15:44:39,5,9,11346,37737
2023-04-03 15:44:45,5,9,11000,38213
2023-04-03 15:44:48,6,9,11000,38213
2023-04-03 15:44:49,4,5,11000,38222
2023-04-03 15:44:51,4,10,11000,38223
2023-04-03 15:44:51,4,9,11000,38223
2023-04-03 15:44:57,4,9,11000,38226
2023-04-03 15:45:00,7,9,11000,38226
2023-04-03 15:45:01,7,9,11000,38354
2023-04-03 15:45:01,8,9,11000,38354
2023-04-03 15:45:04,4,9,11000,38354
2023-04-03 15:45:04,5,9,11000,38354
2023-04-03 15:45:05,5,8,11000,38354
2023-04-03 15:45:07,4,8,11000,38354
2023-04-03 15:45:07,5,8,11000,38354
2023-04-03 15:45:08,5,7,11000,38354
2023-04-03 15:45:26,5,6,11000,38354
2023-04-03 15:45:44,4,6,11000,38354
2023-04-03 15:45:47,4,8,10869,38486
2023-04-03 15:45:47,4,7,10869,38486
2023-04-03 15:45:57,5,7,10869,38486
2023-04-03 15:46:02,4,7,10869,38619
2023-04-03 15:46:05,5,7,10869,38619
2023-04-03 15:46:05,6,7,10869,38619
2023-04-03 15:46:05,6,7,10944,38694
2023-04-03 15:46:05,5,7,10997,38747
2023-04-03 15:46:08,4,7,10997,38757
2023-04-03 15:46:09,4,6,10997,38757
2023-04-03 15:46:09,4,5,10997,38757
2023-04-03 15:46:12,3,5,11126,38887
2023-04-03 15:46:27,3,4,11126,38887
2023-04-03 15:46:28,3,7,11129,38891
2023-04-03 15:46:28,3,6,11129,38891
2023-04-03 15:46:38,5,6,11129,38891
2023-04-03 15:46:38,5,6,11204,38966
2023-04-03 15:46:38,3,6,11257,39019
2023-04-03 15:46:39,4,6,11257,39019
2023-04-03 15:46:50,5,6,11257,39019
2023-04-03 15:47:02,4,5,11257,39021
2023-04-03 15:47:02,3,5,11307,39071
2023-04-03 15:47:03,3,4,11307,39071
2023-04-03 15:47:14,3,4,11342,39106
2023-04-03 15:47:20,2,4,11436,39201
2023-04-03 15:47:37,2,3,11436,39201
2023-04-03 15:47:59,1,3,11436,39201
2023-04-03 15:48:05,3,4,11439,39205
2023-04-03 15:48:05,3,4,11478,39244
2023-04-03 15:48:06,3,4,11681,39447
2023-04-03 15:48:06,3,4,11756,39522
2023-04-03 15:48:06,3,4,11768,39534
2023-04-03 15:48:08,3,4,11954,39720
2023-04-03 15:48:08,3,4,12029,39795
2023-04-03 15:48:08,3,4,12062,39828
2023-04-03 15:48:10,1,4,12062,39828
2023-04-03 15:48:19,2,4,12062,39828
2023-04-03 15:48:44,1,4,12363,40132
2023-04-03 15:49:02,1,3,12363,40132
2023-04-03 15:49:04,1,2,12363,40132
2023-04-03 15:49:04,1,3,12663,40432
2023-04-03 15:49:15,1,4,12663,40432
2023-04-03 15:49:37,1,3,12663,40432
2023-04-03 15:49:55,3,4,12663,40560
2023-04-03 15:49:58,3,5,12663,40560
2023-04-03 15:50:03,4,5,12663,40560
2023-04-03 15:50:07,3,5,12663,40560
2023-04-03 15:50:15,4,5,12663,40560
2023-04-03 15:50:19,4,7,12663,40560
2023-04-03 15:50:27,3,7,12665,40564
2023-04-03 15:50:29,3,6,12665,40564
2023-04-03 15:50:40,1,6,12665,40564
2023-04-03 15:50:46,2,6,12665,40564
2023-04-03 15:50:54,2,5,12665,40564
2023-04-03 15:50:54,2,4,12665,40564
2023-04-03 15:51:00,2,3,12665,40564
2023-04-03 15:51:01,1,3,12365,40864
2023-04-03 15:52:21,1,4,12365,40864
2023-04-03 15:52:22,1,3,12365,40864
2023-04-03 15:52:40,3,4,12372,40871
2023-04-03 15:52:40,3,4,12379,40878
2023-04-03 15:52:43,3,7,12386,40885
2023-04-03 15:52:44,3,6,12386,40885
2023-04-03 15:53:03,3,5,12386,40885
2023-04-03 15:53:28,1,5,12386,40885
2023-04-03 15:53:29,1,4,12386,40885
2023-04-03 15:53:40,2,4,12386,40885
2023-04-03 15:53:46,2,3,12386,40885
2023-04-03 15:54:26,2,4,12386,40889
2023-04-03 15:54:34,3,4,12386,40889
2023-04-03 15:54:39,3,4,12386,40929
2023-04-03 15:54:40,3,4,12365,40950
2023-04-03 15:54:42,2,3,12326,40989
2023-04-03 15:55:05,1,3,12326,40991
2023-04-03 15:55:07,1,2,12326,40991
2023-04-03 15:56:06,1,2,12326,40995
2023-04-03 15:56:06,1,2,12326,41147
2023-04-03 15:56:06,1,2,12326,41226
2023-04-03 15:56:06,1,2,12326,41457
2023-04-03 15:56:06,1,2,12326,41605
2023-04-03 15:56:14,0,2,12274,41761
2023-04-03 15:56:24,0,1,12274,41761
