datetime,bid,ask,open_interest,volume
2023-04-18 09:30:13,67,71,678,1214
2023-04-18 09:30:14,67,71,718,1254
2023-04-18 09:30:15,67,71,758,1294
2023-04-18 09:30:16,67,71,798,1334
2023-04-18 09:30:16,66,71,798,1334
2023-04-18 09:30:16,61,71,798,1334
2023-04-18 09:30:17,61,71,838,1374
2023-04-18 09:30:18,61,71,878,1414
2023-04-18 09:30:19,67,71,878,1414
2023-04-18 09:30:20,67,71,918,1454
2023-04-18 09:30:21,67,71,958,1494
2023-04-18 09:30:21,67,70,958,1494
2023-04-18 09:30:22,67,70,998,1534
2023-04-18 09:30:24,70,71,1022,1558
2023-04-18 09:30:24,67,71,1022,1558
2023-04-18 09:30:29,67,70,1022,1558
2023-04-18 09:30:50,68,70,1022,1558
2023-04-18 09:30:55,67,70,1022,1558
2023-04-18 09:31:04,71,72,1113,1649
2023-04-18 09:31:04,71,72,1123,1659
2023-04-18 09:31:05,71,72,1283,1819
2023-04-18 09:31:06,71,75,1283,1819
2023-04-18 09:31:06,71,74,1283,1819
2023-04-18 09:31:06,71,74,2008,2544
2023-04-18 09:31:07,71,75,2008,2544
2023-04-18 09:31:10,71,74,2008,2544
2023-04-18 09:31:13,71,75,2008,2544
2023-04-18 09:31:14,71,74,2008,2544
2023-04-18 09:31:14,69,71,2181,2765
2023-04-18 09:31:18,69,74,2181,2765
2023-04-18 09:31:18,69,73,2181,2765
2023-04-18 09:31:20,69,74,2181,2765
2023-04-18 09:31:24,69,73,2181,2765
2023-04-18 09:31:52,69,73,2431,3015
2023-04-18 09:31:52,69,72,2431,3015
2023-04-18 09:31:52,69,72,2474,3058
2023-04-18 09:31:52,69,73,2474,3058
2023-04-18 09:31:52,69,73,2774,3358
2023-04-18 09:31:56,69,72,2774,3358
2023-04-18 09:31:57,69,72,3074,3658
2023-04-18 09:31:57,69,73,3074,3658
2023-04-18 09:31:58,69,73,3374,3958
2023-04-18 09:31:59,69,72,3374,3958
2023-04-18 09:31:59,69,71,3374,3958
2023-04-18 09:32:04,67,69,3374,3963
2023-04-18 09:32:08,68,69,3374,3963
2023-04-18 09:32:21,68,69,3381,3970
2023-04-18 09:32:39,67,69,3381,3970
2023-04-18 09:32:39,66,69,3381,3970
2023-04-18 09:32:50,67,69,3381,3970
2023-04-18 09:33:06,68,69,3381,3970
2023-04-18 09:33:22,67,69,3381,3970
2023-04-18 09:33:22,68,69,3381,3970
2023-04-18 09:33:53,67,69,3381,3970
2023-04-18 09:33:54,67,70,3381,3970
2023-04-18 09:33:54,68,70,3381,3970
2023-04-18 09:34:38,67,70,3381,3970
2023-04-18 09:34:56,68,70,3381,3970
2023-04-18 09:35:00,69,70,3381,3970
2023-04-18 09:35:19,70,73,3975,4564
2023-04-18 09:37:15,70,74,3975,4564
2023-04-18 09:37:36,70,73,3975,4564
2023-04-18 09:38:00,68,73,3975,4564
2023-04-18 09:38:51,69,73,3975,4564
2023-04-18 09:39:06,68,73,3975,4564
2023-04-18 09:39:22,70,73,3975,4564
2023-04-18 09:39:49,70,74,3975,4564
2023-04-18 09:39:49,70,75,3975,4564
2023-04-18 09:40:03,73,75,3975,4564
2023-04-18 09:40:09,73,74,3975,4564
2023-04-18 09:40:24,73,75,3975,4564
2023-04-18 09:41:05,73,75,3975,4577
2023-04-18 09:41:31,74,75,3975,4577
2023-04-18 09:41:54,75,77,3980,4882
2023-04-18 09:41:58,75,77,4103,5082
2023-04-18 09:42:14,75,76,4103,5082
2023-04-18 09:42:29,75,77,4103,5082
2023-04-18 09:42:30,75,76,4103,5082
2023-04-18 09:43:27,75,77,4103,5082
2023-04-18 09:43:33,75,76,4103,5082
2023-04-18 09:43:49,75,77,4103,5082
2023-04-18 09:43:49,75,76,4103,5082
2023-04-18 09:44:05,75,77,4103,5082
2023-04-18 09:44:09,75,76,4103,5082
2023-04-18 09:45:08,74,75,4096,5584
2023-04-18 09:46:01,74,76,4096,5584
2023-04-18 09:47:04,75,76,4096,5584
2023-04-18 09:48:30,76,77,4101,5589
2023-04-18 09:50:49,76,77,4111,5599
2023-04-18 09:50:55,76,77,4111,6284
2023-04-18 09:50:56,76,77,4361,6534
2023-04-18 09:50:56,76,77,4375,6548
2023-04-18 09:50:57,76,77,4389,6562
2023-04-18 09:51:10,74,77,4411,6584
2023-04-18 09:51:10,74,76,4411,6584
2023-04-18 09:51:26,74,77,4411,6584
2023-04-18 09:51:26,74,76,4411,6584
2023-04-18 09:51:42,74,75,4411,6584
2023-04-18 09:51:57,74,77,4411,6584
2023-04-18 09:51:57,74,75,4411,6584
2023-04-18 09:52:13,74,77,4411,6584
2023-04-18 09:52:13,74,76,4411,6584
2023-04-18 09:52:13,74,75,4411,6584
2023-04-18 09:52:29,74,77,4411,6584
2023-04-18 09:52:29,74,75,4411,6584
2023-04-18 09:52:43,74,76,4411,6584
2023-04-18 09:52:43,74,75,4411,6584
2023-04-18 09:52:43,73,74,4411,6586
2023-04-18 09:52:59,73,76,4411,6586
2023-04-18 09:52:59,73,75,4411,6586
2023-04-18 09:52:59,73,74,4411,6586
2023-04-18 09:53:14,73,76,4411,6586
2023-04-18 09:53:16,73,75,4411,6586
2023-04-18 09:53:16,73,74,4411,6586
2023-04-18 09:53:31,73,76,4411,6586
2023-04-18 09:53:31,73,75,4411,6586
2023-04-18 09:53:46,73,76,4411,6586
2023-04-18 09:53:46,73,74,4411,6586
2023-04-18 09:54:01,73,75,4411,6586
2023-04-18 09:54:02,73,74,4411,6586
2023-04-18 09:54:19,73,75,4411,6586
2023-04-18 09:54:19,73,74,4411,6586
2023-04-18 09:54:34,69,73,4411,6588
2023-04-18 09:54:49,70,74,4411,6588
2023-04-18 09:54:49,70,73,4411,6588
2023-04-18 09:55:05,69,73,4411,6588
2023-04-18 09:55:05,70,73,4411,6588
2023-04-18 09:55:20,69,73,4411,6588
2023-04-18 09:55:36,69,73,4411,6588
2023-04-18 09:55:37,70,73,4411,6588
2023-04-18 09:55:53,69,73,4411,6588
2023-04-18 09:55:53,69,72,4411,6588
2023-04-18 09:56:09,69,73,4411,6588
2023-04-18 09:56:09,70,73,4411,6588
2023-04-18 09:56:24,69,73,4411,6588
2023-04-18 09:56:24,70,73,4411,6588
2023-04-18 09:56:40,69,73,4411,6588
2023-04-18 09:56:40,70,73,4411,6588
2023-04-18 09:56:40,70,72,4411,6588
2023-04-18 09:56:55,69,72,4411,6588
2023-04-18 09:57:12,69,73,4411,6588
2023-04-18 09:57:12,69,72,4411,6588
2023-04-18 09:57:19,69,71,4411,6588
2023-04-18 09:57:20,69,70,4411,6588
2023-04-18 09:57:21,69,71,4411,6588
2023-04-18 09:57:25,67,71,4411,6588
2023-04-18 09:57:25,65,71,4411,6588
2023-04-18 09:57:25,67,71,4411,6588
2023-04-18 09:57:25,67,70,4411,6588
2023-04-18 09:57:41,64,70,4411,6588
2023-04-18 09:57:41,67,70,4411,6588
2023-04-18 09:57:41,67,69,4411,6588
2023-04-18 09:57:56,62,69,4411,6588
2023-04-18 09:57:56,64,69,4411,6588
2023-04-18 09:57:56,66,69,4411,6588
2023-04-18 09:58:02,66,68,4411,6588
2023-04-18 09:58:08,66,67,4411,6588
2023-04-18 09:58:11,64,67,4411,6588
2023-04-18 09:58:11,60,67,4411,6588
2023-04-18 09:58:11,62,67,4411,6588
2023-04-18 09:58:11,62,66,4411,6588
2023-04-18 09:58:13,62,65,4411,6588
2023-04-18 09:58:17,62,64,4411,6588
2023-04-18 09:58:17,62,63,4411,6588
2023-04-18 09:58:23,60,63,4411,6588
2023-04-18 09:58:23,59,63,4411,6588
2023-04-18 09:58:25,59,65,4411,6588
2023-04-18 09:58:26,59,64,4411,6588
2023-04-18 09:58:38,58,64,4411,6588
2023-04-18 09:58:38,58,63,4411,6588
2023-04-18 09:58:39,59,63,4411,6588
2023-04-18 09:58:44,59,64,4411,6588
2023-04-18 09:58:45,59,65,4411,6588
2023-04-18 09:58:45,59,64,4411,6588
2023-04-18 09:58:50,59,65,4411,6588
2023-04-18 09:58:53,58,64,4411,6588
2023-04-18 09:58:53,58,65,4411,6588
2023-04-18 09:58:53,60,65,4411,6588
2023-04-18 09:59:08,58,64,4411,6588
2023-04-18 09:59:09,59,64,4411,6588
2023-04-18 09:59:09,61,64,4411,6588
2023-04-18 09:59:11,61,65,4411,6588
2023-04-18 09:59:18,61,64,4411,6588
2023-04-18 09:59:19,61,65,4411,6588
2023-04-18 09:59:21,61,64,4411,6588
2023-04-18 09:59:23,58,64,4411,6588
2023-04-18 09:59:39,60,65,4411,6588
2023-04-18 09:59:39,62,65,4411,6588
2023-04-18 09:59:56,59,65,4411,6588
2023-04-18 09:59:56,61,65,4411,6588
2023-04-18 09:59:56,63,65,4411,6588
2023-04-18 09:59:56,63,66,4411,7788
2023-04-18 10:00:05,64,66,4411,7788
2023-04-18 10:00:09,65,66,4411,7788
2023-04-18 10:00:13,64,65,4411,7794
2023-04-18 10:00:20,65,66,4510,7893
2023-04-18 10:00:38,65,66,4684,8067
2023-04-18 10:00:38,65,66,4694,8077
2023-04-18 10:00:42,61,64,4703,8090
2023-04-18 10:00:46,62,64,4703,8090
2023-04-18 10:00:54,62,66,5581,8968
2023-04-18 10:00:54,62,64,5581,8968
2023-04-18 10:00:54,62,64,5581,8969
2023-04-18 10:00:54,62,66,5581,8969
2023-04-18 10:00:54,62,66,5581,8969
2023-04-18 10:00:54,62,65,5581,8969
2023-04-18 10:00:57,62,66,5581,8969
2023-04-18 10:00:57,62,67,5581,8969
2023-04-18 10:00:58,63,67,5581,8969
2023-04-18 10:00:59,63,66,5581,8969
2023-04-18 10:00:59,63,65,5581,8969
2023-04-18 10:01:14,64,65,5581,8969
2023-04-18 10:01:28,63,65,5581,8969
2023-04-18 10:01:29,64,65,5581,8969
2023-04-18 10:01:37,64,66,5581,8969
2023-04-18 10:01:37,64,65,5581,8969
2023-04-18 10:01:45,64,66,5581,8969
2023-04-18 10:01:52,64,65,5581,8969
2023-04-18 10:01:52,64,66,5581,8969
2023-04-18 10:01:57,64,65,5581,8969
2023-04-18 10:02:18,63,65,5581,8977
2023-04-18 10:02:23,63,64,5581,8977
2023-04-18 10:02:29,63,64,5541,9017
2023-04-18 10:02:30,63,64,5501,9057
2023-04-18 10:02:31,58,64,5501,9057
2023-04-18 10:02:31,58,63,5501,9057
2023-04-18 10:02:31,59,63,5501,9057
2023-04-18 10:02:31,61,63,5501,9057
2023-04-18 10:03:03,58,63,5501,9057
2023-04-18 10:03:04,59,63,5501,9057
2023-04-18 10:03:04,61,63,5501,9057
2023-04-18 10:03:05,61,62,5501,9057
2023-04-18 10:03:08,61,62,5461,9097
2023-04-18 10:03:10,61,62,5421,9137
2023-04-18 10:03:11,61,62,5381,9177
2023-04-18 10:03:11,59,62,5381,9257
2023-04-18 10:03:11,59,62,5381,9266
2023-04-18 10:03:11,59,61,5381,9266
2023-04-18 10:03:16,58,61,5381,9266
2023-04-18 10:03:23,58,60,5381,9266
2023-04-18 10:03:28,56,60,5381,9266
2023-04-18 10:04:22,56,58,5381,9266
2023-04-18 10:04:28,53,56,5379,9268
2023-04-18 10:04:28,53,58,5379,9268
2023-04-18 10:04:28,53,55,5379,9268
2023-04-18 10:04:28,54,55,5379,9268
2023-04-18 10:04:30,53,54,5377,9271
2023-04-18 10:04:30,53,55,5377,9271
2023-04-18 10:04:31,48,55,5377,9271
2023-04-18 10:04:31,50,55,5377,9271
2023-04-18 10:04:32,50,54,5377,9271
2023-04-18 10:04:32,50,54,5377,9274
2023-04-18 10:04:45,49,54,5377,9274
2023-04-18 10:04:46,50,54,5377,9274
2023-04-18 10:04:48,50,53,5377,9274
2023-04-18 10:04:49,50,54,5377,9274
2023-04-18 10:04:50,49,54,5377,9274
2023-04-18 10:04:52,50,54,5377,9274
2023-04-18 10:05:01,51,54,5377,9274
2023-04-18 10:05:05,52,54,5377,9274
2023-04-18 10:05:07,53,54,5377,9274
2023-04-18 10:05:35,53,55,5377,9274
2023-04-18 10:05:35,54,55,5377,9274
2023-04-18 10:05:44,54,55,5378,9275
2023-04-18 10:05:57,54,57,5386,9283
2023-04-18 10:06:02,54,55,5386,9283
2023-04-18 10:06:05,55,58,5384,9285
2023-04-18 10:06:06,55,58,5384,9290
2023-04-18 10:06:10,55,59,5384,9290
2023-04-18 10:06:12,55,58,5384,9290
2023-04-18 10:06:17,55,59,5384,9290
2023-04-18 10:06:21,56,59,5384,9290
2023-04-18 10:06:35,55,59,5384,9290
2023-04-18 10:06:37,56,59,5384,9290
2023-04-18 10:06:43,56,61,5384,9290
2023-04-18 10:06:48,56,59,5384,9290
2023-04-18 10:07:06,56,58,5384,9290
2023-04-18 10:07:14,55,56,5382,9292
2023-04-18 10:07:14,55,58,5382,9292
2023-04-18 10:07:22,55,59,5382,9292
2023-04-18 10:07:23,55,58,5382,9292
2023-04-18 10:07:38,56,58,5382,9292
2023-04-18 10:08:00,56,58,5384,9294
2023-04-18 10:08:03,56,59,5384,9294
2023-04-18 10:08:10,56,60,5384,9294
2023-04-18 10:08:11,56,59,5384,9294
2023-04-18 10:09:03,56,58,5384,9294
2023-04-18 10:09:12,57,58,5384,9294
2023-04-18 10:09:20,58,59,5385,9295
2023-04-18 10:09:20,57,59,5385,9295
2023-04-18 10:09:25,57,61,5385,9295
2023-04-18 10:09:28,59,61,5385,9295
2023-04-18 10:10:00,57,61,5385,9295
2023-04-18 10:10:17,56,61,5385,9295
2023-04-18 10:10:30,57,61,5385,9295
2023-04-18 10:10:45,56,61,5385,9295
2023-04-18 10:11:04,56,60,5385,9295
2023-04-18 10:11:10,56,59,5385,9295
2023-04-18 10:11:28,56,57,5385,9295
2023-04-18 10:11:29,55,56,5381,9299
2023-04-18 10:11:29,55,57,5381,9299
2023-04-18 10:11:29,55,57,5373,9307
2023-04-18 10:11:33,54,57,5373,9307
2023-04-18 10:12:03,54,59,5373,9307
2023-04-18 10:12:04,54,58,5373,9307
2023-04-18 10:12:05,54,57,5373,9307
2023-04-18 10:12:11,54,58,5373,9307
2023-04-18 10:12:20,55,58,5373,9307
2023-04-18 10:12:29,55,57,5373,9307
2023-04-18 10:12:32,55,58,5373,9307
2023-04-18 10:12:34,55,57,5373,9307
2023-04-18 10:12:35,54,57,5373,9307
2023-04-18 10:12:35,54,58,5373,9307
2023-04-18 10:12:52,55,58,5373,9307
2023-04-18 10:13:08,56,58,5373,9307
2023-04-18 10:13:25,55,58,5373,9307
2023-04-18 10:13:25,56,58,5373,9307
2023-04-18 10:13:40,55,58,5373,9307
2023-04-18 10:13:51,54,58,5373,9307
2023-04-18 10:13:51,54,60,5373,9307
2023-04-18 10:13:52,54,61,5373,9307
2023-04-18 10:13:55,55,61,5373,9307
2023-04-18 10:13:55,56,61,5373,9307
2023-04-18 10:13:55,56,60,5373,9307
2023-04-18 10:14:11,56,61,5373,9307
2023-04-18 10:14:11,56,60,5373,9307
2023-04-18 10:14:12,56,59,5373,9307
2023-04-18 10:14:27,54,59,5373,9307
2023-04-18 10:14:43,56,59,5373,9307
2023-04-18 10:15:11,54,59,5373,9307
2023-04-18 10:15:13,55,59,5373,9307
2023-04-18 10:15:45,56,59,5373,9307
2023-04-18 10:16:01,55,59,5373,9307
2023-04-18 10:16:01,56,59,5373,9307
2023-04-18 10:16:16,55,59,5373,9307
2023-04-18 10:16:16,56,59,5373,9307
2023-04-18 10:16:16,59,60,5379,9313
2023-04-18 10:16:49,59,61,5379,9313
2023-04-18 10:16:49,59,60,5379,9313
2023-04-18 10:17:03,59,61,5379,9313
2023-04-18 10:17:31,60,61,5379,9313
2023-04-18 10:17:53,59,60,5496,9430
2023-04-18 10:18:04,59,61,5496,9430
2023-04-18 10:18:06,56,61,5496,9430
2023-04-18 10:18:36,57,61,5496,9430
2023-04-18 10:18:51,56,61,5496,9430
2023-04-18 10:19:08,56,60,5496,9430
2023-04-18 10:19:23,56,61,5496,9430
2023-04-18 10:19:38,57,61,5496,9430
2023-04-18 10:21:28,59,61,5496,9430
2023-04-18 10:21:49,59,63,5496,9658
2023-04-18 10:21:55,59,62,5496,9658
2023-04-18 10:22:21,57,62,5496,9658
2023-04-18 10:22:30,57,61,5496,9658
2023-04-18 10:22:45,57,62,5496,9658
2023-04-18 10:22:45,57,61,5496,9658
2023-04-18 10:23:01,57,62,5496,9658
2023-04-18 10:23:02,57,63,5654,9816
2023-04-18 10:23:02,57,62,5654,9816
2023-04-18 10:23:03,58,62,5654,9816
2023-04-18 10:23:04,58,61,5654,9816
2023-04-18 10:23:24,58,60,5654,9816
2023-04-18 10:24:06,59,60,5654,9816
2023-04-18 10:24:48,58,60,5654,9816
2023-04-18 10:25:10,58,59,5654,9816
2023-04-18 10:25:13,57,58,5637,9833
2023-04-18 10:25:13,57,59,5637,9833
2023-04-18 10:25:20,57,58,5637,9833
2023-04-18 10:25:27,56,57,5625,9845
2023-04-18 10:25:27,56,58,5625,9845
2023-04-18 10:25:27,53,58,5625,10112
2023-04-18 10:25:28,53,58,5585,10152
2023-04-18 10:25:28,53,55,5585,10152
2023-04-18 10:25:29,51,53,6196,11112
2023-04-18 10:25:31,51,55,6196,11112
2023-04-18 10:25:31,51,54,6196,11112
2023-04-18 10:25:31,51,54,6436,11392
2023-04-18 10:25:32,51,53,6436,11392
2023-04-18 10:25:32,46,53,6436,11392
2023-04-18 10:25:32,47,53,6436,11392
2023-04-18 10:25:32,47,51,6436,11392
2023-04-18 10:25:34,46,51,6436,11392
2023-04-18 10:25:34,47,51,6436,11392
2023-04-18 10:25:37,46,51,6265,11592
2023-04-18 10:25:37,46,48,6265,11592
2023-04-18 10:25:38,47,48,6265,11592
2023-04-18 10:25:41,46,48,6265,11592
2023-04-18 10:25:43,47,48,6265,11592
2023-04-18 10:25:45,47,51,6265,11592
2023-04-18 10:25:45,47,49,6265,11592
2023-04-18 10:26:03,47,48,6265,11592
2023-04-18 10:26:47,46,47,6265,11597
2023-04-18 10:26:47,46,47,6065,11797
2023-04-18 10:26:47,44,47,6065,11797
2023-04-18 10:26:48,42,47,6065,11797
2023-04-18 10:27:04,44,45,6065,11797
2023-04-18 10:27:07,45,47,5765,12097
2023-04-18 10:27:07,45,46,5765,12097
2023-04-18 10:27:36,46,47,5763,12099
2023-04-18 10:28:08,46,48,5763,12099
2023-04-18 10:28:21,45,46,5757,12110
2023-04-18 10:28:35,44,46,5757,12110
2023-04-18 10:28:38,44,45,5757,12110
2023-04-18 10:28:48,44,45,5757,12111
2023-04-18 10:28:51,44,46,5757,12111
2023-04-18 10:28:51,42,44,5757,12116
2023-04-18 10:29:03,43,44,5757,12116
2023-04-18 10:29:06,43,45,5757,12116
2023-04-18 10:29:07,43,44,5757,12116
2023-04-18 10:29:37,43,46,5757,12116
2023-04-18 10:29:39,43,44,5757,12116
2023-04-18 10:29:54,43,46,5757,12116
2023-04-18 10:29:56,44,46,5757,12116
2023-04-18 10:30:06,43,46,5757,12116
2023-04-18 10:30:07,44,46,5757,12116
2023-04-18 10:30:08,43,44,5757,12121
2023-04-18 10:30:08,43,46,5757,12121
2023-04-18 10:30:09,43,45,5757,12121
2023-04-18 10:30:20,42,43,5757,12128
2023-04-18 10:30:20,42,45,5757,12128
2023-04-18 10:30:23,42,44,5757,12128
2023-04-18 10:30:23,42,45,5757,12128
2023-04-18 10:30:23,42,44,5757,12128
2023-04-18 10:30:24,40,43,5757,12128
2023-04-18 10:30:24,40,44,5757,12128
2023-04-18 10:30:24,37,44,5757,12128
2023-04-18 10:30:25,38,41,5757,12128
2023-04-18 10:30:26,38,41,5758,12129
2023-04-18 10:30:27,37,41,5758,12129
2023-04-18 10:30:32,36,41,5758,12129
2023-04-18 10:30:32,38,41,5758,12129
2023-04-18 10:30:37,35,41,5758,12129
2023-04-18 10:30:38,38,41,5758,12129
2023-04-18 10:30:45,38,39,5758,12129
2023-04-18 10:31:09,38,40,5758,12129
2023-04-18 10:31:11,38,39,5758,12129
2023-04-18 10:31:14,38,41,5758,12129
2023-04-18 10:31:27,39,41,5758,12129
2023-04-18 10:31:31,39,40,5758,12129
2023-04-18 10:31:33,38,39,5758,12131
2023-04-18 10:31:34,38,40,5758,12131
2023-04-18 10:31:45,38,41,5758,12131
2023-04-18 10:31:45,38,40,5758,12131
2023-04-18 10:31:51,39,40,5758,12131
2023-04-18 10:31:53,38,40,5758,12131
2023-04-18 10:32:00,38,41,5758,12131
2023-04-18 10:32:22,39,41,5758,12131
2023-04-18 10:32:27,38,41,5758,12131
2023-04-18 10:32:48,38,40,5758,12131
2023-04-18 10:33:16,39,40,5758,12131
2023-04-18 10:33:24,40,41,5756,12133
2023-04-18 10:33:27,40,43,5765,12144
2023-04-18 10:34:06,40,42,5765,12144
2023-04-18 10:34:07,39,40,5765,12149
2023-04-18 10:34:07,39,42,5765,12149
2023-04-18 10:34:08,39,42,5758,12160
2023-04-18 10:34:21,38,42,5758,12160
2023-04-18 10:34:21,38,41,5758,12160
2023-04-18 10:34:32,38,40,5758,12160
2023-04-18 10:34:34,38,40,5758,12200
2023-04-18 10:34:36,36,38,5758,12200
2023-04-18 10:34:36,36,40,5758,12200
2023-04-18 10:34:38,37,40,5758,12200
2023-04-18 10:35:30,38,40,5758,12200
2023-04-18 10:36:05,39,40,5758,12200
2023-04-18 10:36:16,40,43,5746,12212
2023-04-18 10:36:23,40,43,5757,12223
2023-04-18 10:36:29,41,43,5757,12223
2023-04-18 10:36:30,41,44,5758,12227
2023-04-18 10:37:17,42,44,5758,12227
2023-04-18 10:37:35,42,43,5758,12227
2023-04-18 10:37:36,41,42,5758,12229
2023-04-18 10:37:36,41,43,5758,12229
2023-04-18 10:37:37,41,42,5758,12229
2023-04-18 10:37:37,40,41,5759,12234
2023-04-18 10:37:37,40,42,5759,12234
2023-04-18 10:37:57,41,42,5759,12234
2023-04-18 10:38:04,41,44,5759,12234
2023-04-18 10:38:22,41,43,5759,12234
2023-04-18 10:38:25,40,41,5764,12239
2023-04-18 10:38:25,40,43,5764,12239
2023-04-18 10:38:29,40,42,5764,12239
2023-04-18 10:38:33,40,41,5764,12239
2023-04-18 10:38:36,39,40,5769,12244
2023-04-18 10:38:36,39,41,5769,12244
2023-04-18 10:38:49,40,41,5769,12244
2023-04-18 10:38:58,40,43,5769,12244
2023-04-18 10:39:09,41,43,5769,12244
2023-04-18 10:39:19,41,44,5769,12244
2023-04-18 10:39:49,41,43,5769,12244
2023-04-18 10:39:52,41,44,5769,12244
2023-04-18 10:40:16,42,44,5769,12244
2023-04-18 10:40:19,43,44,5769,12244
2023-04-18 10:41:10,43,46,5769,12244
2023-04-18 10:41:10,43,45,5769,12244
2023-04-18 10:41:15,44,45,5769,12244
2023-04-18 10:41:58,45,46,5769,12267
2023-04-18 10:42:27,45,47,5769,12267
2023-04-18 10:42:28,46,47,5769,12267
2023-04-18 10:42:35,45,47,5769,12267
2023-04-18 10:42:40,45,47,5769,12294
2023-04-18 10:42:41,45,48,5769,12294
2023-04-18 10:42:43,46,48,5769,12294
2023-04-18 10:42:59,47,48,5769,12294
2023-04-18 10:43:57,47,49,5769,12294
2023-04-18 10:44:26,48,49,5769,12294
2023-04-18 10:44:58,48,51,5769,12294
2023-04-18 10:45:11,49,51,5769,12294
2023-04-18 10:45:23,50,51,5769,12294
2023-04-18 10:45:30,49,51,5769,12294
2023-04-18 10:45:34,48,51,5769,12294
2023-04-18 10:45:48,49,51,5769,12294
2023-04-18 10:46:20,49,50,5769,12294
2023-04-18 10:46:24,48,49,5772,12297
2023-04-18 10:46:24,48,50,5772,12297
2023-04-18 10:46:34,47,50,5766,12308
2023-04-18 10:46:37,48,50,5766,12308
2023-04-18 10:46:40,48,49,5766,12308
2023-04-18 10:46:42,47,48,5768,12310
2023-04-18 10:46:42,47,49,5768,12310
2023-04-18 10:46:47,47,48,5768,12310
2023-04-18 10:47:13,47,49,5768,12310
2023-04-18 10:47:35,47,48,5768,12310
2023-04-18 10:47:38,47,49,5768,12310
2023-04-18 10:48:01,47,48,5768,12310
2023-04-18 10:48:02,46,47,5775,12317
2023-04-18 10:48:02,46,48,5775,12317
2023-04-18 10:48:04,46,47,5775,12317
2023-04-18 10:48:09,45,47,5775,12317
2023-04-18 10:48:10,45,46,5775,12317
2023-04-18 10:49:11,46,48,5770,12322
2023-04-18 10:49:13,46,48,5770,12344
2023-04-18 10:49:41,46,47,5770,12344
2023-04-18 10:49:43,45,46,5775,12349
2023-04-18 10:49:43,45,47,5775,12349
2023-04-18 10:49:44,45,46,5775,12349
2023-04-18 10:49:45,44,46,5775,12349
2023-04-18 10:50:04,44,45,5775,12349
2023-04-18 10:50:14,43,45,5775,12349
2023-04-18 10:50:14,43,44,5775,12349
2023-04-18 10:50:23,43,45,5775,12349
2023-04-18 10:50:30,43,44,5775,12349
2023-04-18 10:50:36,42,43,5780,12354
2023-04-18 10:50:36,42,44,5780,12354
2023-04-18 10:50:38,41,44,5780,12354
2023-04-18 10:50:38,41,43,5780,12354
2023-04-18 10:50:44,41,42,5780,12354
2023-04-18 10:51:01,39,42,6186,12760
2023-04-18 10:51:01,38,40,6186,12760
2023-04-18 10:51:03,37,40,6186,12760
2023-04-18 10:51:15,37,39,6186,12760
2023-04-18 10:51:15,38,39,6186,12760
2023-04-18 10:51:17,39,40,6184,12762
2023-04-18 10:51:20,40,42,6183,12763
2023-04-18 10:51:25,40,43,6183,12763
2023-04-18 10:51:55,41,43,6183,12763
2023-04-18 10:51:59,42,43,6183,12763
2023-04-18 10:52:01,43,44,6173,12773
2023-04-18 10:52:05,43,45,6173,12773
2023-04-18 10:52:05,43,46,6173,12773
2023-04-18 10:52:18,44,46,6173,12773
2023-04-18 10:52:20,44,47,6173,12773
2023-04-18 10:52:23,45,47,6173,12773
2023-04-18 10:52:52,45,48,6173,12773
2023-04-18 10:52:57,45,47,6173,12773
2023-04-18 10:53:06,45,46,6173,12773
2023-04-18 10:53:11,44,45,6178,12778
2023-04-18 10:53:11,44,46,6178,12778
2023-04-18 10:53:15,44,45,6178,12778
2023-04-18 10:53:18,44,46,6178,12778
2023-04-18 10:53:18,43,46,6178,12778
2023-04-18 10:53:19,43,44,6178,12778
2023-04-18 10:53:31,41,43,6183,12783
2023-04-18 10:53:31,41,44,6183,12783
2023-04-18 10:53:32,41,43,6183,12783
2023-04-18 10:53:35,40,42,6183,12783
2023-04-18 10:53:36,39,42,6183,12783
2023-04-18 10:53:42,39,41,6183,12783
2023-04-18 10:53:53,39,40,6183,12783
2023-04-18 10:54:08,39,41,6183,12783
2023-04-18 10:54:08,38,39,6183,12788
2023-04-18 10:54:23,39,41,6176,12795
2023-04-18 10:54:24,39,40,6176,12795
2023-04-18 10:55:04,39,41,6176,12795
2023-04-18 10:55:07,40,41,6176,12795
2023-04-18 10:55:11,39,41,6176,12795
2023-04-18 10:55:22,40,41,6176,12795
2023-04-18 10:55:42,39,40,6176,12800
2023-04-18 10:55:50,38,40,6176,12800
2023-04-18 10:56:13,38,39,6176,12800
2023-04-18 10:56:28,39,40,6174,12802
2023-04-18 10:56:30,40,41,6167,12809
2023-04-18 10:56:53,40,43,6167,12809
2023-04-18 10:57:15,41,43,6167,12809
2023-04-18 10:57:20,42,43,6167,12809
2023-04-18 10:57:22,42,43,6167,12820
2023-04-18 10:57:31,42,45,6167,12820
2023-04-18 10:57:31,42,44,6167,12820
2023-04-18 10:57:32,43,44,6167,12820
2023-04-18 10:57:38,42,44,6167,12820
2023-04-18 10:57:45,42,45,6167,12820
2023-04-18 10:57:45,42,44,6167,12820
2023-04-18 10:57:45,42,43,6167,12820
2023-04-18 10:57:49,42,44,6167,12820
2023-04-18 10:58:01,42,43,6167,12820
2023-04-18 10:58:17,41,42,6172,12825
2023-04-18 10:58:17,41,43,6172,12825
2023-04-18 10:58:19,40,43,6172,12825
2023-04-18 10:58:23,40,42,6172,12825
2023-04-18 10:58:26,40,43,6172,12825
2023-04-18 10:58:28,41,43,6172,12825
2023-04-18 10:58:49,41,44,6172,12825
2023-04-18 10:58:49,41,43,6172,12825
2023-04-18 11:00:04,40,43,6172,12825
2023-04-18 11:00:06,41,43,6172,12825
2023-04-18 11:00:07,42,43,6172,12825
2023-04-18 11:00:21,43,44,6165,12832
2023-04-18 11:00:30,43,47,6165,12832
2023-04-18 11:00:30,43,46,6165,12832
2023-04-18 11:00:31,44,46,6165,12832
2023-04-18 11:00:35,45,46,6165,12832
2023-04-18 11:00:57,45,48,6165,12832
2023-04-18 11:01:21,45,47,6165,12832
2023-04-18 11:01:22,45,46,6165,12832
2023-04-18 11:01:43,45,48,6165,12832
2023-04-18 11:01:51,44,48,6165,12832
2023-04-18 11:01:58,44,47,6165,12832
2023-04-18 11:02:05,44,46,6165,12832
2023-04-18 11:02:11,44,45,6165,12832
2023-04-18 11:02:11,43,45,6159,12843
2023-04-18 11:02:17,43,46,6159,12843
2023-04-18 11:02:18,43,45,6159,12843
2023-04-18 11:02:34,44,45,6159,12843
2023-04-18 11:02:47,44,46,6159,12843
2023-04-18 11:02:55,45,46,6159,12843
2023-04-18 11:03:35,45,48,6159,12843
2023-04-18 11:03:37,45,47,6159,12843
2023-04-18 11:03:37,45,48,6159,12843
2023-04-18 11:03:37,45,47,6159,12843
2023-04-18 11:03:55,44,45,6164,12848
2023-04-18 11:03:56,44,45,6170,12888
2023-04-18 11:03:56,43,45,6170,12888
2023-04-18 11:04:04,42,45,6170,12888
2023-04-18 11:04:05,42,44,6170,12888
2023-04-18 11:04:09,43,44,6170,12888
2023-04-18 11:04:14,42,44,6170,12888
2023-04-18 11:04:18,43,44,6170,12888
2023-04-18 11:04:24,42,44,6170,12888
2023-04-18 11:04:50,42,43,6170,12888
2023-04-18 11:04:53,41,42,6175,12893
2023-04-18 11:04:53,41,43,6175,12893
2023-04-18 11:04:53,40,43,6175,12893
2023-04-18 11:04:58,40,42,6175,12893
2023-04-18 11:05:08,41,42,6175,12893
2023-04-18 11:05:19,41,44,6175,12893
2023-04-18 11:05:53,42,44,6175,12893
2023-04-18 11:06:04,43,44,6175,12893
2023-04-18 11:06:08,43,45,6175,12893
2023-04-18 11:06:11,44,45,6175,12893
2023-04-18 11:06:14,44,45,6175,12903
2023-04-18 11:06:25,45,47,6153,12925
2023-04-18 11:06:36,45,49,6153,12925
2023-04-18 11:06:36,45,47,6153,12925
2023-04-18 11:06:41,46,47,6153,12925
2023-04-18 11:06:49,45,47,6153,12925
2023-04-18 11:07:09,45,46,6153,12925
2023-04-18 11:07:17,45,46,6153,12965
2023-04-18 11:07:27,44,45,6158,12970
2023-04-18 11:07:27,44,46,6158,12970
2023-04-18 11:07:37,44,46,6158,12980
2023-04-18 11:07:40,44,45,6158,12980
2023-04-18 11:07:43,44,45,6198,13020
2023-04-18 11:07:44,44,45,6238,13060
2023-04-18 11:07:45,43,44,6258,13080
2023-04-18 11:07:45,43,45,6258,13080
2023-04-18 11:07:53,43,44,6258,13080
2023-04-18 11:08:03,42,44,6258,13080
2023-04-18 11:08:03,42,43,6258,13080
2023-04-18 11:08:23,41,42,6263,13085
2023-04-18 11:08:23,41,43,6263,13085
2023-04-18 11:08:25,41,42,6263,13085
2023-04-18 11:08:26,41,43,6263,13085
2023-04-18 11:08:38,41,42,6263,13085
2023-04-18 11:08:44,40,41,6268,13090
2023-04-18 11:08:44,40,42,6268,13090
2023-04-18 11:08:47,40,41,6268,13090
2023-04-18 11:08:48,40,41,6308,13130
2023-04-18 11:08:49,40,41,6348,13170
2023-04-18 11:08:51,40,41,6388,13210
2023-04-18 11:08:51,39,41,6388,13210
2023-04-18 11:09:05,39,40,6388,13210
2023-04-18 11:09:53,40,42,6386,13212
2023-04-18 11:09:56,40,43,6386,13212
2023-04-18 11:09:59,40,42,6386,13212
2023-04-18 11:10:19,40,41,6386,13212
2023-04-18 11:10:24,39,41,6386,13212
2023-04-18 11:10:24,39,40,6386,13212
2023-04-18 11:10:56,38,40,6386,13212
2023-04-18 11:10:56,38,39,6386,13212
2023-04-18 11:11:26,38,39,6386,13224
2023-04-18 11:11:31,38,40,6386,13224
2023-04-18 11:11:37,39,40,6386,13224
2023-04-18 11:11:39,38,40,6386,13224
2023-04-18 11:11:43,40,42,6384,13226
2023-04-18 11:11:44,40,41,6384,13226
2023-04-18 11:11:44,40,41,6384,13227
2023-04-18 11:11:44,41,42,6380,13231
2023-04-18 11:11:59,42,43,6367,13244
2023-04-18 11:11:59,42,43,6367,13253
2023-04-18 11:11:59,42,43,6367,13462
2023-04-18 11:11:59,42,43,6367,13671
2023-04-18 11:12:01,43,45,6360,13678
2023-04-18 11:12:15,43,46,6360,13678
2023-04-18 11:12:18,43,47,6360,13678
2023-04-18 11:12:29,43,46,6360,13678
2023-04-18 11:12:30,43,47,6360,13678
2023-04-18 11:12:31,43,46,6360,13678
2023-04-18 11:12:41,43,45,6360,13678
2023-04-18 11:12:45,43,44,6360,13678
2023-04-18 11:12:49,41,44,6360,13678
2023-04-18 11:12:50,41,43,6360,13678
2023-04-18 11:13:18,42,43,6360,13678
2023-04-18 11:13:19,41,43,6360,13678
2023-04-18 11:13:33,41,44,6360,13678
2023-04-18 11:14:08,41,44,6348,13690
2023-04-18 11:14:15,41,43,6348,13690
2023-04-18 11:14:17,41,44,6348,13690
2023-04-18 11:14:21,40,44,6348,13690
2023-04-18 11:14:23,40,43,6348,13690
2023-04-18 11:14:28,40,44,6348,13690
2023-04-18 11:14:32,40,43,6348,13690
2023-04-18 11:14:33,40,44,6348,13690
2023-04-18 11:14:35,40,43,6348,13690
2023-04-18 11:14:35,40,44,6348,13690
2023-04-18 11:14:48,40,43,6348,13690
2023-04-18 11:15:11,40,42,6348,13690
2023-04-18 11:15:15,39,42,6348,13690
2023-04-18 11:15:22,39,41,6348,13690
2023-04-18 11:15:38,39,42,6348,13690
2023-04-18 11:15:38,39,41,6348,13690
2023-04-18 11:16:04,38,41,6348,13690
2023-04-18 11:16:05,38,40,6348,13690
2023-04-18 11:16:22,38,41,6348,13690
2023-04-18 11:16:39,39,41,6348,13690
2023-04-18 11:17:00,39,42,6348,13690
2023-04-18 11:17:00,39,43,6348,13690
2023-04-18 11:17:02,40,43,6348,13690
2023-04-18 11:17:11,41,43,6348,13690
2023-04-18 11:17:26,40,43,6348,13690
2023-04-18 11:17:26,41,43,6348,13690
2023-04-18 11:17:53,41,44,6348,13690
2023-04-18 11:18:00,42,44,6348,13690
2023-04-18 11:18:00,42,44,6357,13701
2023-04-18 11:18:00,41,44,6357,13701
2023-04-18 11:18:01,42,44,6357,13701
2023-04-18 11:18:02,41,44,6357,13701
2023-04-18 11:18:13,41,43,6357,13701
2023-04-18 11:18:20,40,43,6357,13701
2023-04-18 11:18:53,39,43,6357,13701
2023-04-18 11:18:59,40,43,6357,13701
2023-04-18 11:18:59,40,42,6357,13701
2023-04-18 11:19:01,39,42,6357,13701
2023-04-18 11:19:07,39,41,6357,13701
2023-04-18 11:19:27,39,42,6357,13701
2023-04-18 11:19:33,39,41,6357,13701
2023-04-18 11:19:34,39,42,6357,13701
2023-04-18 11:19:36,39,41,6357,13701
2023-04-18 11:19:46,39,40,6357,13701
2023-04-18 11:20:36,39,41,6357,13701
2023-04-18 11:20:46,40,41,6357,13701
2023-04-18 11:21:03,39,41,6357,13701
2023-04-18 11:21:24,38,41,6357,13712
2023-04-18 11:21:25,38,39,6357,13712
2023-04-18 11:22:26,36,39,6357,13712
2023-04-18 11:22:28,37,39,6357,13712
2023-04-18 11:22:31,36,39,6357,13712
2023-04-18 11:22:45,36,38,6357,13712
2023-04-18 11:22:50,36,39,6357,13712
2023-04-18 11:22:55,36,38,6357,13712
2023-04-18 11:23:07,36,39,6357,13712
2023-04-18 11:23:17,37,39,6357,13712
2023-04-18 11:23:25,36,39,6357,13712
2023-04-18 11:23:39,36,38,6357,13712
2023-04-18 11:23:54,36,39,6357,13712
2023-04-18 11:24:13,36,38,6357,13712
2023-04-18 11:24:33,36,37,6357,13712
2023-04-18 11:25:06,36,37,6357,13713
2023-04-18 11:25:10,36,38,6357,13713
2023-04-18 11:25:26,37,38,6357,13713
2023-04-18 11:25:43,36,38,6357,13713
2023-04-18 11:25:45,37,38,6357,13713
2023-04-18 11:25:58,38,39,6357,13720
2023-04-18 11:26:27,36,39,6357,13720
2023-04-18 11:26:27,37,39,6357,13720
2023-04-18 11:26:28,37,38,6357,13720
2023-04-18 11:27:16,38,39,6357,13722
2023-04-18 11:27:31,39,41,6357,13735
2023-04-18 11:27:47,40,41,6357,13735
2023-04-18 11:27:51,40,43,6357,13735
2023-04-18 11:28:11,40,42,6357,13735
2023-04-18 11:28:13,40,41,6357,13735
2023-04-18 11:28:44,39,41,6357,13735
2023-04-18 11:28:44,39,43,6357,13735
2023-04-18 11:28:45,39,41,6357,13735
2023-04-18 11:28:50,40,41,6357,13735
2023-04-18 11:29:05,39,41,6357,13735
2023-04-18 11:29:06,40,41,6357,13735
2023-04-18 11:29:32,40,41,6657,14240
2023-04-18 11:29:40,41,43,6654,14243
2023-04-18 11:29:45,41,44,6662,14254
2023-04-18 11:29:47,42,44,6662,14254
2023-04-18 11:29:48,42,44,6662,14350
2023-04-18 11:29:55,42,45,6662,14350
2023-04-18 11:29:57,43,45,6662,14350
2023-04-18 11:30:03,42,45,6662,14350
2023-04-18 11:30:10,42,46,6662,14350
2023-04-18 11:30:10,42,45,6662,14350
2023-04-18 11:30:29,43,45,6662,14350
2023-04-18 11:30:45,44,45,6662,14350
2023-04-18 11:30:46,43,45,6662,14350
2023-04-18 11:30:47,44,45,6662,14350
2023-04-18 11:31:00,45,47,6662,14352
2023-04-18 11:31:29,46,47,6662,14352
2023-04-18 11:31:36,46,47,6650,14364
2023-04-18 11:31:42,46,49,6659,14377
2023-04-18 11:31:42,47,49,6659,14377
2023-04-18 11:32:32,46,49,6659,14377
2023-04-18 11:32:33,45,49,6659,14377
2023-04-18 11:32:33,45,50,6659,14377
2023-04-18 11:32:37,48,50,6659,14377
2023-04-18 11:34:13,48,51,6659,14377
2023-04-18 11:34:48,48,50,6659,14377
2023-04-18 11:35:00,48,50,6659,14388
2023-04-18 11:35:04,48,49,6659,14388
2023-04-18 11:35:19,48,50,6659,14388
2023-04-18 11:35:19,48,49,6659,14388
2023-04-18 11:35:34,48,50,6659,14388
2023-04-18 11:36:29,48,51,6664,14393
2023-04-18 11:36:35,48,52,6664,14393
2023-04-18 11:36:37,49,52,6664,14393
2023-04-18 11:36:56,48,52,6664,14393
2023-04-18 11:37:00,48,53,6664,14393
2023-04-18 11:37:08,49,53,6664,14393
2023-04-18 11:37:23,48,53,6664,14393
2023-04-18 11:37:23,49,53,6664,14393
2023-04-18 11:37:23,49,52,6664,14393
2023-04-18 11:37:26,49,52,6664,14424
2023-04-18 11:37:32,49,51,6664,14424
2023-04-18 11:37:53,49,50,6664,14424
2023-04-18 11:37:56,48,49,6664,14431
2023-04-18 11:37:59,47,49,6664,14431
2023-04-18 11:38:11,45,47,6666,14440
2023-04-18 11:38:36,44,45,6677,14451
2023-04-18 11:39:07,42,44,6682,14456
2023-04-18 11:39:10,38,44,6682,14456
2023-04-18 11:39:10,38,42,6682,14456
2023-04-18 11:39:16,38,40,6682,14456
2023-04-18 11:39:22,36,40,6682,14456
2023-04-18 11:39:25,36,38,6682,14456
2023-04-18 11:39:52,34,36,6687,14461
2023-04-18 11:39:52,32,36,6687,14461
2023-04-18 11:39:59,32,36,6687,14655
2023-04-18 11:40:19,32,34,6687,14655
2023-04-18 11:40:31,31,34,6687,14655
2023-04-18 11:40:36,31,32,6687,14655
2023-04-18 11:40:49,32,34,6487,14855
2023-04-18 11:40:50,32,33,6487,14855
2023-04-18 11:40:53,32,34,6487,14855
2023-04-18 11:40:57,31,32,6487,14855
2023-04-18 11:40:58,31,32,6487,14865
2023-04-18 11:40:58,31,32,6487,15165
2023-04-18 11:40:59,32,34,6487,15346
2023-04-18 11:41:02,32,36,6487,15346
2023-04-18 11:41:10,33,36,6487,15346
2023-04-18 11:41:25,32,36,6487,15346
2023-04-18 11:41:29,36,37,6480,15353
2023-04-18 11:41:30,36,38,6480,15353
2023-04-18 11:41:34,34,38,6480,15353
2023-04-18 11:41:35,36,38,6480,15353
2023-04-18 11:41:35,36,39,6480,15353
2023-04-18 11:41:35,36,38,6480,15353
2023-04-18 11:41:43,38,40,6478,15355
2023-04-18 11:41:45,38,41,6478,15355
2023-04-18 11:41:45,36,41,6478,15355
2023-04-18 11:42:01,36,40,6478,15355
2023-04-18 11:42:03,37,40,6478,15355
2023-04-18 11:42:11,36,37,6678,15555
2023-04-18 11:42:14,36,37,6678,15855
2023-04-18 11:42:15,36,37,6678,16155
2023-04-18 11:42:16,37,40,6841,16355
2023-04-18 11:42:20,37,42,6862,16378
2023-04-18 11:42:21,39,42,6862,16378
2023-04-18 11:42:24,39,43,6862,16378
2023-04-18 11:42:31,40,42,6862,16378
2023-04-18 11:42:43,40,41,6862,16378
2023-04-18 11:43:03,39,41,6862,16378
2023-04-18 11:43:04,39,41,6962,16478
2023-04-18 11:43:20,40,41,6962,16478
2023-04-18 11:43:26,40,41,6962,16499
2023-04-18 11:43:35,39,41,6962,16499
2023-04-18 11:43:38,39,41,7162,16699
2023-04-18 11:44:43,37,41,7162,16699
2023-04-18 11:45:08,38,41,7162,16699
2023-04-18 11:45:55,38,40,7162,16699
2023-04-18 11:46:10,38,41,7162,16699
2023-04-18 11:46:11,38,39,7162,16699
2023-04-18 11:46:19,37,38,7167,16704
2023-04-18 11:46:22,36,38,7167,16704
2023-04-18 11:46:56,37,38,7167,16704
2023-04-18 11:47:11,36,38,7167,16704
2023-04-18 11:48:24,36,38,7467,17004
2023-04-18 11:48:26,38,39,7692,17236
2023-04-18 11:48:31,36,41,7692,17236
2023-04-18 11:48:31,37,41,7692,17236
2023-04-18 11:48:31,37,40,7692,17236
2023-04-18 11:48:41,37,40,7892,17436
2023-04-18 11:48:46,39,40,7892,17436
2023-04-18 11:49:00,39,41,7892,17436
2023-04-18 11:49:01,37,41,7892,17436
2023-04-18 11:49:01,37,42,7892,17436
2023-04-18 11:49:01,39,42,7892,17436
2023-04-18 11:49:01,39,44,7892,17436
2023-04-18 11:49:02,39,43,7892,17436
2023-04-18 11:49:21,39,41,7892,17436
2023-04-18 11:49:31,40,41,7892,17436
2023-04-18 11:49:38,40,43,7892,17436
2023-04-18 11:49:43,40,43,7899,17443
2023-04-18 11:49:47,41,43,7899,17443
2023-04-18 11:49:56,41,44,7899,17443
2023-04-18 11:50:13,41,43,7899,17443
2023-04-18 11:50:15,40,41,7899,17448
2023-04-18 11:50:20,39,43,7899,17448
2023-04-18 11:50:20,39,41,7899,17448
2023-04-18 11:50:21,38,41,7899,17448
2023-04-18 11:50:50,38,40,7899,17448
2023-04-18 11:51:07,38,41,7899,17448
2023-04-18 11:51:07,38,40,7899,17448
2023-04-18 11:51:12,37,38,7899,17453
2023-04-18 11:51:15,37,40,7899,17453
2023-04-18 11:51:18,36,40,7899,17453
2023-04-18 11:51:23,36,39,7899,17453
2023-04-18 11:51:37,36,40,7899,17453
2023-04-18 11:51:39,36,39,7899,17453
2023-04-18 11:51:53,36,40,7899,17453
2023-04-18 11:51:54,36,39,7899,17453
2023-04-18 11:52:41,36,38,7899,17453
2023-04-18 11:52:44,35,38,7899,17453
2023-04-18 11:53:37,32,38,7899,17453
2023-04-18 11:53:41,33,38,7899,17453
2023-04-18 11:53:58,34,38,7899,17453
2023-04-18 11:54:12,33,38,7899,17453
2023-04-18 11:54:12,36,38,7899,17453
2023-04-18 11:54:20,36,39,7899,17453
2023-04-18 11:54:28,36,38,7899,17453
2023-04-18 11:54:43,36,39,7899,17453
2023-04-18 11:54:43,37,39,7899,17453
2023-04-18 11:54:58,38,39,7899,17453
2023-04-18 11:55:08,38,40,7899,17453
2023-04-18 11:55:08,38,41,7899,17453
2023-04-18 11:55:09,38,43,7899,17453
2023-04-18 11:55:30,38,41,7899,17453
2023-04-18 11:55:44,38,42,7899,17453
2023-04-18 11:55:46,38,40,7899,17453
2023-04-18 11:56:01,37,40,7899,17453
2023-04-18 11:56:01,37,41,7899,17453
2023-04-18 11:56:02,37,40,7899,17453
2023-04-18 11:56:16,37,39,7899,17453
2023-04-18 11:56:28,36,37,7899,17458
2023-04-18 11:56:33,36,39,7899,17458
2023-04-18 11:56:33,36,37,7899,17458
2023-04-18 11:56:49,36,38,7899,17458
2023-04-18 11:56:51,34,38,8099,17658
2023-04-18 11:56:55,36,38,8229,17788
2023-04-18 11:57:04,34,38,8229,17788
2023-04-18 11:57:04,36,38,8229,17788
2023-04-18 11:57:19,34,38,8229,17788
2023-04-18 11:57:19,36,38,8229,17788
2023-04-18 11:57:20,36,39,8229,17788
2023-04-18 11:57:38,36,38,8229,17788
2023-04-18 11:57:45,35,38,8229,17788
2023-04-18 11:58:05,35,37,8229,17788
2023-04-18 11:58:22,35,38,8229,17788
2023-04-18 11:58:32,34,38,8229,17788
2023-04-18 11:58:38,35,38,8229,17788
2023-04-18 11:58:54,34,38,8229,17788
2023-04-18 11:58:54,36,38,8229,17788
2023-04-18 11:59:08,34,38,8229,17788
2023-04-18 11:59:08,36,38,8229,17788
2023-04-18 11:59:22,36,39,8229,17788
2023-04-18 11:59:22,36,40,8229,17788
2023-04-18 11:59:57,37,40,8229,17788
2023-04-18 12:00:10,36,40,8229,17788
2023-04-18 12:00:10,38,40,8229,17788
2023-04-18 12:00:12,38,41,8229,17788
2023-04-18 12:00:26,36,38,8234,17793
2023-04-18 12:00:28,37,38,8234,17793
2023-04-18 12:01:00,36,38,8234,17793
2023-04-18 12:01:00,35,38,8234,17793
2023-04-18 12:01:01,35,37,8234,17793
2023-04-18 12:01:12,34,37,8234,17793
2023-04-18 12:01:12,35,37,8234,17793
2023-04-18 12:01:28,34,37,8234,17793
2023-04-18 12:01:28,35,37,8234,17793
2023-04-18 12:01:29,37,38,8234,17800
2023-04-18 12:01:39,38,39,8243,17826
2023-04-18 12:01:44,39,41,8243,17926
2023-04-18 12:01:44,39,41,8254,17943
2023-04-18 12:01:45,39,43,8254,17943
2023-04-18 12:01:49,38,43,8254,17943
2023-04-18 12:02:00,39,43,8254,17943
2023-04-18 12:02:01,39,46,8254,17943
2023-04-18 12:02:01,41,46,8254,17943
2023-04-18 12:02:01,41,44,8254,17943
2023-04-18 12:02:08,39,44,8254,17943
2023-04-18 12:02:09,39,47,8254,17943
2023-04-18 12:02:09,40,47,8254,17943
2023-04-18 12:02:09,42,47,8254,17943
2023-04-18 12:02:24,42,46,8254,17943
2023-04-18 12:02:41,42,45,8254,17943
2023-04-18 12:02:50,39,45,8254,17945
2023-04-18 12:02:55,42,45,8254,17945
2023-04-18 12:03:11,43,45,8254,17945
2023-04-18 12:03:27,42,45,8254,17945
2023-04-18 12:04:15,43,45,8254,17945
2023-04-18 12:04:29,44,45,8254,17945
2023-04-18 12:04:45,43,45,8254,17945
2023-04-18 12:05:16,44,45,8254,17945
2023-04-18 12:05:32,43,45,8254,17945
2023-04-18 12:05:32,44,45,8254,17945
2023-04-18 12:05:47,43,45,8254,17945
2023-04-18 12:05:47,44,45,8254,17945
2023-04-18 12:05:55,44,46,8254,17945
2023-04-18 12:05:56,44,47,8254,17945
2023-04-18 12:05:56,44,48,8254,17945
2023-04-18 12:06:05,44,46,8254,17945
2023-04-18 12:06:18,44,45,8254,17945
2023-04-18 12:06:18,43,44,8252,17947
2023-04-18 12:06:25,42,45,8252,17947
2023-04-18 12:06:35,42,44,8252,17947
2023-04-18 12:06:50,42,45,8252,17947
2023-04-18 12:06:50,43,45,8252,17947
2023-04-18 12:06:54,43,46,8252,17947
2023-04-18 12:07:35,44,46,8252,17947
2023-04-18 12:07:45,44,47,8252,17947
2023-04-18 12:08:23,45,47,8252,17947
2023-04-18 12:08:31,45,48,8252,17947
2023-04-18 12:08:39,46,48,8252,17947
2023-04-18 12:08:54,45,48,8252,17947
2023-04-18 12:08:54,46,48,8252,17947
2023-04-18 12:09:09,45,48,8252,17947
2023-04-18 12:09:22,45,49,8252,17947
2023-04-18 12:09:22,46,49,8252,17947
2023-04-18 12:09:32,46,48,8252,17947
2023-04-18 12:09:35,46,49,8252,17947
2023-04-18 12:09:37,47,49,8252,17947
2023-04-18 12:09:41,48,49,8252,17947
2023-04-18 12:09:55,47,49,8252,17947
2023-04-18 12:09:56,48,49,8252,17947
2023-04-18 12:10:07,48,50,8252,17947
2023-04-18 12:10:10,48,49,8252,17947
2023-04-18 12:10:11,48,50,8252,17947
2023-04-18 12:11:15,49,50,8252,17947
2023-04-18 12:11:17,49,50,8252,17987
2023-04-18 12:11:19,49,50,8252,18027
2023-04-18 12:11:20,49,50,8252,18067
2023-04-18 12:11:21,49,50,8452,18267
2023-04-18 12:11:21,49,50,8452,18307
2023-04-18 12:11:22,49,50,8452,18347
2023-04-18 12:11:23,50,54,8452,18352
2023-04-18 12:11:23,49,54,8452,18352
2023-04-18 12:11:29,50,54,8452,18352
2023-04-18 12:11:44,50,55,8457,18366
2023-04-18 12:11:52,51,55,8457,18366
2023-04-18 12:11:52,51,56,8457,18366
2023-04-18 12:11:53,52,56,8457,18366
2023-04-18 12:11:58,51,56,8457,18366
2023-04-18 12:11:59,53,56,8457,18366
2023-04-18 12:12:15,53,55,8457,18366
2023-04-18 12:12:30,51,53,8450,18473
2023-04-18 12:12:53,52,53,8450,18473
2023-04-18 12:13:07,51,53,8450,18473
2023-04-18 12:13:07,52,53,8450,18473
2023-04-18 12:13:12,53,55,8450,18478
2023-04-18 12:13:12,52,55,8450,18478
2023-04-18 12:13:19,53,55,8450,18478
2023-04-18 12:13:22,52,55,8450,18478
2023-04-18 12:13:24,53,55,8450,18478
2023-04-18 12:13:39,52,55,8450,18478
2023-04-18 12:13:39,53,55,8450,18478
2023-04-18 12:13:47,54,55,8450,18478
2023-04-18 12:13:50,53,55,8450,18478
2023-04-18 12:13:50,54,55,8450,18478
2023-04-18 12:14:17,53,55,8450,18478
2023-04-18 12:14:54,53,55,8443,18501
2023-04-18 12:15:53,52,55,8443,18501
2023-04-18 12:15:55,52,54,8443,18501
2023-04-18 12:16:04,52,55,8443,18501
2023-04-18 12:16:26,53,55,8443,18501
2023-04-18 12:16:40,53,54,8443,18501
2023-04-18 12:16:57,53,55,8443,18501
2023-04-18 12:17:17,53,54,8443,18501
2023-04-18 12:17:28,52,54,8443,18501
2023-04-18 12:17:49,52,53,8443,18501
2023-04-18 12:18:03,51,52,8441,18503
2023-04-18 12:18:06,50,51,8439,18505
2023-04-18 12:18:11,50,52,8439,18505
2023-04-18 12:18:16,49,52,8439,18505
2023-04-18 12:18:43,49,54,8439,18505
2023-04-18 12:18:43,49,53,8439,18505
2023-04-18 12:18:43,50,53,8439,18505
2023-04-18 12:18:48,50,54,8439,18505
2023-04-18 12:18:48,50,53,8439,18505
2023-04-18 12:18:54,50,52,8439,18505
2023-04-18 12:18:54,50,51,8439,18505
2023-04-18 12:19:04,49,51,8439,18505
2023-04-18 12:19:23,50,51,8439,18505
2023-04-18 12:19:38,49,51,8439,18505
2023-04-18 12:19:39,51,54,8444,18510
2023-04-18 12:19:51,52,54,8444,18510
2023-04-18 12:19:54,51,54,8444,18510
2023-04-18 12:19:55,51,55,8444,18510
2023-04-18 12:19:56,52,55,8444,18510
2023-04-18 12:20:21,52,54,8444,18510
2023-04-18 12:20:51,51,54,8444,18510
2023-04-18 12:20:58,52,54,8444,18510
2023-04-18 12:21:15,51,54,8444,18510
2023-04-18 12:21:22,51,53,8444,18510
2023-04-18 12:21:29,51,54,8445,18511
2023-04-18 12:21:30,52,54,8445,18511
2023-04-18 12:21:32,52,53,8445,18511
2023-04-18 12:21:33,52,54,8445,18511
2023-04-18 12:21:39,53,54,8445,18511
2023-04-18 12:21:40,53,54,8448,18514
2023-04-18 12:21:41,52,53,8446,18516
2023-04-18 12:21:45,52,54,8446,18516
2023-04-18 12:21:58,51,52,8445,18517
2023-04-18 12:22:03,51,54,8445,18517
2023-04-18 12:22:06,52,54,8445,18517
2023-04-18 12:22:31,52,55,8445,18517
2023-04-18 12:22:46,53,55,8445,18517
2023-04-18 12:22:55,54,55,8445,18517
2023-04-18 12:23:00,53,55,8445,18517
2023-04-18 12:23:05,52,55,8445,18517
2023-04-18 12:23:05,54,55,8445,18517
2023-04-18 12:24:01,53,54,8442,18520
2023-04-18 12:24:32,53,55,8442,18520
2023-04-18 12:24:54,53,54,8442,18520
2023-04-18 12:24:56,53,55,8442,18520
2023-04-18 12:24:57,52,55,8442,18520
2023-04-18 12:24:57,52,54,8442,18520
2023-04-18 12:25:45,53,54,8442,18520
2023-04-18 12:25:46,53,55,8442,18520
2023-04-18 12:25:46,54,55,8442,18520
2023-04-18 12:26:40,54,55,8442,18560
2023-04-18 12:26:41,54,55,8442,18600
2023-04-18 12:26:42,54,55,8442,18640
2023-04-18 12:26:43,55,57,8727,18925
2023-04-18 12:26:56,55,58,8727,18925
2023-04-18 12:27:01,55,57,8727,18925
2023-04-18 12:27:26,55,60,8727,18925
2023-04-18 12:27:26,55,59,8727,18925
2023-04-18 12:27:29,56,59,8727,18925
2023-04-18 12:27:38,56,58,8727,18925
2023-04-18 12:27:44,55,59,8727,18925
2023-04-18 12:27:44,55,58,8727,18925
2023-04-18 12:28:03,55,57,8727,18925
2023-04-18 12:28:14,54,57,8727,18925
2023-04-18 12:28:15,54,57,8727,18925
2023-04-18 12:28:25,55,57,8727,18925
2023-04-18 12:28:27,55,57,8729,18927
2023-04-18 12:28:33,56,57,8729,18927
2023-04-18 12:28:38,57,58,8729,18932
2023-04-18 12:28:38,56,58,8729,18932
2023-04-18 12:28:44,56,59,8729,18932
2023-04-18 12:28:44,57,59,8729,18932
2023-04-18 12:28:44,57,58,8729,18932
2023-04-18 12:28:54,58,59,8729,18937
2023-04-18 12:28:54,57,59,8729,18937
2023-04-18 12:29:11,57,59,8741,18977
2023-04-18 12:29:12,57,59,8781,19017
2023-04-18 12:29:35,58,59,8781,19017
2023-04-18 12:29:47,58,59,8781,19019
2023-04-18 12:29:53,58,59,8821,19059
2023-04-18 12:29:54,58,59,8861,19099
2023-04-18 12:29:55,58,59,8901,19139
2023-04-18 12:29:56,58,59,8941,19179
2023-04-18 12:29:58,58,59,8981,19219
2023-04-18 12:29:59,58,59,9021,19259
2023-04-18 12:30:00,58,59,9061,19299
2023-04-18 12:30:03,58,59,9101,19339
2023-04-18 12:30:04,58,60,9101,19339
2023-04-18 12:30:05,59,60,9101,19339
2023-04-18 12:30:05,58,60,9101,19339
2023-04-18 12:30:08,59,60,9101,19339
2023-04-18 12:30:20,58,60,9101,19339
2023-04-18 12:30:20,59,60,9101,19339
2023-04-18 12:30:25,59,62,9108,19355
2023-04-18 12:30:25,60,62,9108,19355
2023-04-18 12:30:25,61,62,9108,19355
2023-04-18 12:30:41,60,61,9108,19358
2023-04-18 12:32:03,58,60,9100,19366
2023-04-18 12:32:06,58,59,9100,19366
2023-04-18 12:32:09,58,60,9100,19366
2023-04-18 12:32:20,57,60,9100,19366
2023-04-18 12:32:24,59,60,9100,19366
2023-04-18 12:32:41,57,60,9100,19366
2023-04-18 12:32:43,57,61,9100,19366
2023-04-18 12:32:56,57,61,9106,19372
2023-04-18 12:33:00,57,63,9116,19382
2023-04-18 12:33:00,57,61,9116,19382
2023-04-18 12:33:00,57,61,9116,19383
2023-04-18 12:33:03,61,63,9121,19388
2023-04-18 12:33:03,61,62,9121,19388
2023-04-18 12:33:03,61,63,9121,19388
2023-04-18 12:33:03,61,62,9121,19388
2023-04-18 12:33:04,57,61,9121,19389
2023-04-18 12:33:07,57,62,9121,19389
2023-04-18 12:33:09,59,62,9121,19389
2023-04-18 12:33:10,59,61,9121,19389
2023-04-18 12:33:17,61,62,9122,19390
2023-04-18 12:33:18,59,61,9122,19404
2023-04-18 12:33:24,57,61,9122,19404
2023-04-18 12:33:25,57,62,9122,19404
2023-04-18 12:33:25,57,61,9122,19404
2023-04-18 12:33:37,57,60,9122,19404
2023-04-18 12:33:42,57,61,9122,19404
2023-04-18 12:33:55,59,61,9122,19404
2023-04-18 12:33:57,59,60,9122,19404
2023-04-18 12:33:57,57,59,9122,19554
2023-04-18 12:34:00,57,60,9122,19554
2023-04-18 12:34:11,57,61,9122,19554
2023-04-18 12:34:11,57,60,9122,19554
2023-04-18 12:34:24,56,60,9122,19554
2023-04-18 12:34:43,56,60,9124,19556
2023-04-18 12:34:43,57,60,9124,19556
2023-04-18 12:34:51,57,61,9124,19556
2023-04-18 12:34:52,58,61,9124,19556
2023-04-18 12:34:57,57,61,9124,19556
2023-04-18 12:35:07,58,61,9124,19556
2023-04-18 12:35:15,59,61,9124,19556
2023-04-18 12:35:15,59,62,9124,19556
2023-04-18 12:36:00,59,61,9124,19556
2023-04-18 12:36:05,57,61,9124,19556
2023-04-18 12:36:18,57,60,9124,19556
2023-04-18 12:36:33,57,59,9124,19556
2023-04-18 12:36:47,57,60,9124,19556
2023-04-18 12:37:01,56,60,9124,19556
2023-04-18 12:37:01,55,60,9124,19556
2023-04-18 12:37:04,56,60,9124,19556
2023-04-18 12:37:04,56,59,9124,19556
2023-04-18 12:37:19,56,60,9124,19556
2023-04-18 12:37:19,56,59,9124,19556
2023-04-18 12:37:25,57,59,9124,19556
2023-04-18 12:37:34,57,60,9124,19556
2023-04-18 12:37:34,56,60,9124,19556
2023-04-18 12:38:07,56,59,9124,19556
2023-04-18 12:38:12,57,59,9124,19556
2023-04-18 12:38:21,57,60,9124,19556
2023-04-18 12:38:39,58,60,9124,19556
2023-04-18 12:38:47,57,58,9110,19570
2023-04-18 12:38:48,56,58,9110,19570
2023-04-18 12:38:52,56,59,9110,19570
2023-04-18 12:38:53,56,60,9110,19570
2023-04-18 12:39:06,56,59,9110,19570
2023-04-18 12:39:18,58,59,9110,19570
2023-04-18 12:39:18,56,58,9109,19571
2023-04-18 12:39:35,55,59,9109,19571
2023-04-18 12:39:37,55,58,9109,19571
2023-04-18 12:39:47,54,55,9095,19694
2023-04-18 12:39:53,54,58,9103,19702
2023-04-18 12:39:53,54,56,9103,19702
2023-04-18 12:40:23,53,54,9103,19757
2023-04-18 12:40:29,53,55,9103,19757
2023-04-18 12:40:29,53,56,9103,19757
2023-04-18 12:42:09,53,57,9103,19757
2023-04-18 12:42:13,53,56,9103,19757
2023-04-18 12:42:27,53,57,9103,19757
2023-04-18 12:42:27,54,57,9103,19757
2023-04-18 12:42:43,53,57,9103,19757
2023-04-18 12:42:51,55,57,9103,19757
2023-04-18 12:43:03,55,58,9114,19782
2023-04-18 12:43:13,55,58,9114,19807
2023-04-18 12:43:20,55,59,9114,19807
2023-04-18 12:43:21,55,58,9114,19807
2023-04-18 12:43:22,56,58,9114,19807
2023-04-18 12:43:26,57,58,9114,19807
2023-04-18 12:43:43,57,59,9119,19812
2023-04-18 12:43:46,58,59,9119,19812
2023-04-18 12:43:48,58,59,9122,19815
2023-04-18 12:43:49,57,58,9120,19817
2023-04-18 12:43:53,57,59,9120,19817
2023-04-18 12:44:12,57,60,9131,19828
2023-04-18 12:44:12,57,59,9131,19828
2023-04-18 12:44:13,58,59,9131,19828
2023-04-18 12:44:13,57,58,9123,19836
2023-04-18 12:44:18,57,59,9123,19836
2023-04-18 12:44:19,58,59,9123,19836
2023-04-18 12:44:20,57,58,9121,19838
2023-04-18 12:44:31,57,59,9126,19843
2023-04-18 12:44:31,56,57,9120,19849
2023-04-18 12:44:46,56,59,9120,19849
2023-04-18 12:44:48,55,59,9120,19849
2023-04-18 12:45:04,53,55,9117,19855
2023-04-18 12:45:04,54,55,9117,19855
2023-04-18 12:45:10,54,58,9117,19855
2023-04-18 12:45:11,54,58,9117,19855
2023-04-18 12:45:12,55,58,9117,19855
2023-04-18 12:45:19,55,57,9117,19855
2023-04-18 12:45:25,55,57,9117,19859
2023-04-18 12:45:33,55,58,9117,19859
2023-04-18 12:45:49,55,57,9117,19859
2023-04-18 12:46:00,55,57,9117,19860
2023-04-18 12:46:03,55,58,9117,19860
2023-04-18 12:46:20,55,57,9117,19860
2023-04-18 12:46:36,56,57,9117,19860
2023-04-18 12:46:50,55,57,9117,19860
2023-04-18 12:47:04,53,55,9117,19865
2023-04-18 12:47:05,54,55,9117,19865
2023-04-18 12:47:09,54,56,9117,19865
2023-04-18 12:47:09,54,57,9117,19865
2023-04-18 12:47:09,53,54,9117,20065
2023-04-18 12:47:16,52,53,9109,20078
2023-04-18 12:47:18,50,53,9109,20078
2023-04-18 12:47:21,50,54,9109,20078
2023-04-18 12:47:35,49,54,9109,20078
2023-04-18 12:47:44,49,55,9109,20078
2023-04-18 12:47:51,50,55,9109,20078
2023-04-18 12:48:14,50,56,9109,20078
2023-04-18 12:48:22,51,56,9109,20078
2023-04-18 12:48:22,52,56,9109,20078
2023-04-18 12:48:37,54,56,9109,20078
2023-04-18 12:49:08,53,56,9109,20078
2023-04-18 12:49:08,55,56,9109,20078
2023-04-18 12:49:08,55,57,9109,20078
2023-04-18 12:49:09,55,58,9109,20078
2023-04-18 12:49:09,55,59,9109,20078
2023-04-18 12:49:09,55,58,9109,20078
2023-04-18 12:49:22,53,58,9109,20078
2023-04-18 12:49:22,55,58,9109,20078
2023-04-18 12:49:24,55,58,9325,20294
2023-04-18 12:49:53,55,59,9325,20294
2023-04-18 12:49:54,55,58,9325,20294
2023-04-18 12:50:41,56,58,9325,20294
2023-04-18 12:51:00,56,59,9325,20294
2023-04-18 12:51:00,56,61,9325,20294
2023-04-18 12:51:10,56,61,9325,20319
2023-04-18 12:51:28,56,60,9325,20319
2023-04-18 12:51:33,56,58,9325,20319
2023-04-18 12:51:34,56,58,9401,20619
2023-04-18 12:51:35,55,56,9506,20724
2023-04-18 12:51:36,55,56,9506,20764
2023-04-18 12:51:36,55,56,9806,21064
2023-04-18 12:51:38,55,56,10106,21364
2023-04-18 12:51:38,53,56,10106,21364
2023-04-18 12:51:45,53,58,10106,21364
2023-04-18 12:51:51,53,56,10106,21364
2023-04-18 12:51:52,50,56,10106,21364
2023-04-18 12:51:57,50,56,10106,21370
2023-04-18 12:51:57,50,55,10106,21370
2023-04-18 12:51:58,50,56,10115,21400
2023-04-18 12:52:00,50,55,10115,21400
2023-04-18 12:52:01,50,56,10115,21400
2023-04-18 12:52:01,50,55,10115,21400
2023-04-18 12:52:02,50,56,10115,21400
2023-04-18 12:52:02,50,54,10115,21400
2023-04-18 12:52:02,50,56,10115,21400
2023-04-18 12:52:02,50,54,10115,21400
2023-04-18 12:52:03,50,53,10115,21400
2023-04-18 12:52:04,50,51,10115,21400
2023-04-18 12:52:11,50,51,10115,21402
2023-04-18 12:52:18,50,52,10115,21402
2023-04-18 12:52:19,47,50,10115,21407
2023-04-18 12:52:22,47,50,10101,21421
2023-04-18 12:52:44,47,49,10101,21421
2023-04-18 12:52:45,47,50,10101,21421
2023-04-18 12:52:45,44,47,10101,21426
2023-04-18 12:52:45,44,50,10101,21426
2023-04-18 12:52:49,44,46,10101,21426
2023-04-18 12:53:01,46,48,10001,21526
2023-04-18 12:53:01,46,47,10001,21526
2023-04-18 12:53:03,46,52,10001,21526
2023-04-18 12:53:03,46,51,10001,21526
2023-04-18 12:53:04,46,47,10001,21526
2023-04-18 12:53:12,44,47,10001,21526
2023-04-18 12:53:12,47,49,9801,21726
2023-04-18 12:53:17,46,49,9801,21726
2023-04-18 12:53:18,46,52,9801,21726
2023-04-18 12:53:18,46,51,9801,21726
2023-04-18 12:53:18,46,50,9801,21726
2023-04-18 12:53:39,50,51,9789,21738
2023-04-18 12:53:43,46,51,9789,21738
2023-04-18 12:53:44,50,51,9789,21738
2023-04-18 12:53:47,50,51,9789,21749
2023-04-18 12:53:50,51,52,9788,21750
2023-04-18 12:53:53,52,53,9781,21757
2023-04-18 12:53:55,50,53,9781,21757
2023-04-18 12:54:04,50,55,9781,21757
2023-04-18 12:54:20,50,54,9781,21757
2023-04-18 12:54:20,50,53,9781,21757
2023-04-18 12:54:52,50,52,9781,21757
2023-04-18 12:55:03,50,52,9781,21772
2023-04-18 12:55:07,50,53,9781,21772
2023-04-18 12:55:08,50,52,9781,21772
2023-04-18 12:55:15,50,53,9481,22072
2023-04-18 12:55:17,53,55,9479,22074
2023-04-18 12:55:19,53,56,9479,22074
2023-04-18 12:55:25,53,55,9479,22074
2023-04-18 12:55:26,50,53,9479,22079
2023-04-18 12:55:26,50,55,9479,22079
2023-04-18 12:55:26,50,54,9479,22079
2023-04-18 12:55:48,48,54,9479,22079
2023-04-18 12:56:05,48,52,9479,22079
2023-04-18 12:56:14,46,52,9479,22079
2023-04-18 12:56:19,48,52,9479,22079
2023-04-18 12:56:37,46,52,9479,22079
2023-04-18 12:56:37,49,52,9479,22079
2023-04-18 12:56:59,46,52,9479,22079
2023-04-18 12:57:00,46,53,9479,22079
2023-04-18 12:57:01,46,52,9479,22079
2023-04-18 12:57:08,47,52,9479,22079
2023-04-18 12:57:08,49,52,9479,22079
2023-04-18 12:57:24,46,52,9479,22079
2023-04-18 12:57:24,48,52,9479,22079
2023-04-18 12:57:39,46,52,9479,22079
2023-04-18 12:57:39,48,52,9479,22079
2023-04-18 12:57:41,48,53,9479,22079
2023-04-18 12:57:43,49,53,9479,22079
2023-04-18 12:57:54,50,52,9479,22079
2023-04-18 12:58:10,49,52,9479,22079
2023-04-18 12:59:25,49,53,9479,22079
2023-04-18 12:59:27,49,52,9479,22079
2023-04-18 12:59:43,49,53,9479,22079
2023-04-18 12:59:43,49,52,9479,22079
2023-04-18 12:59:58,49,53,9479,22079
2023-04-18 12:59:58,49,52,9479,22079
2023-04-18 13:00:44,49,50,9479,22079
2023-04-18 13:00:59,49,51,9479,22079
2023-04-18 13:00:59,49,52,9479,22079
2023-04-18 13:01:01,49,51,9479,22079
2023-04-18 13:01:03,48,51,9479,22079
2023-04-18 13:01:31,48,49,9479,22079
2023-04-18 13:01:31,48,49,9479,22081
2023-04-18 13:01:47,48,51,9479,22081
2023-04-18 13:01:47,48,50,9479,22081
2023-04-18 13:01:55,47,50,9479,22081
2023-04-18 13:02:04,49,50,9479,22081
2023-04-18 13:02:34,47,49,9676,22278
2023-04-18 13:02:37,47,50,9676,22278
2023-04-18 13:03:07,47,49,9676,22278
2023-04-18 13:03:19,49,50,9578,22376
2023-04-18 13:03:24,48,50,9578,22376
2023-04-18 13:03:31,48,51,9578,22376
2023-04-18 13:03:39,49,51,9578,22376
2023-04-18 13:03:54,48,51,9578,22376
2023-04-18 13:04:09,49,51,9578,22376
2023-04-18 13:04:18,49,52,9578,22376
2023-04-18 13:04:19,49,53,9578,22376
2023-04-18 13:05:09,50,53,9578,22376
2023-04-18 13:05:26,49,53,9578,22376
2023-04-18 13:05:26,50,53,9578,22376
2023-04-18 13:05:41,51,53,9578,22376
2023-04-18 13:05:56,50,53,9578,22376
2023-04-18 13:05:57,50,54,9578,22376
2023-04-18 13:05:58,50,57,9578,22376
2023-04-18 13:05:58,50,56,9578,22376
2023-04-18 13:05:58,51,56,9578,22376
2023-04-18 13:05:58,51,55,9578,22376
2023-04-18 13:06:02,52,55,9578,22376
2023-04-18 13:06:10,53,55,9578,22376
2023-04-18 13:06:26,52,55,9578,22376
2023-04-18 13:06:27,54,55,9578,22376
2023-04-18 13:06:42,53,55,9578,22376
2023-04-18 13:06:52,53,59,9578,22376
2023-04-18 13:06:52,53,58,9578,22376
2023-04-18 13:07:14,53,57,9578,22376
2023-04-18 13:07:29,53,59,9578,22376
2023-04-18 13:07:29,53,58,9578,22376
2023-04-18 13:07:41,54,58,9578,22376
2023-04-18 13:07:43,54,59,9578,22376
2023-04-18 13:07:43,54,58,9578,22376
2023-04-18 13:07:45,55,58,9578,22376
2023-04-18 13:08:00,56,58,9578,22376
2023-04-18 13:08:15,57,58,9578,22376
2023-04-18 13:08:17,58,59,9573,22387
2023-04-18 13:08:29,56,59,9573,22387
2023-04-18 13:08:30,59,63,9584,22398
2023-04-18 13:09:50,60,63,9584,22398
2023-04-18 13:10:06,59,63,9584,22398
2023-04-18 13:10:06,60,63,9584,22398
2023-04-18 13:10:20,59,65,9584,22398
2023-04-18 13:10:21,60,65,9584,22398
2023-04-18 13:10:21,60,64,9584,22398
2023-04-18 13:11:08,60,63,9584,22398
2023-04-18 13:11:15,60,62,9584,22398
2023-04-18 13:11:24,60,63,9584,22398
2023-04-18 13:11:39,60,64,9584,22398
2023-04-18 13:12:36,60,65,9584,22398
2023-04-18 13:12:45,60,64,9584,22398
2023-04-18 13:13:14,60,65,9584,22398
2023-04-18 13:13:14,60,64,9584,22398
2023-04-18 13:13:31,60,63,9584,22398
2023-04-18 13:13:44,60,64,9584,22398
2023-04-18 13:14:10,59,64,9584,22398
2023-04-18 13:14:16,59,63,9584,22398
2023-04-18 13:14:31,59,62,9584,22398
2023-04-18 13:14:46,59,63,9584,22398
2023-04-18 13:14:46,59,62,9584,22398
2023-04-18 13:14:53,56,62,9584,22398
2023-04-18 13:14:53,56,58,9584,22398
2023-04-18 13:14:55,56,58,9884,22698
2023-04-18 13:14:56,51,56,9886,22717
2023-04-18 13:15:07,51,58,9886,22717
2023-04-18 13:15:15,50,58,9886,22717
2023-04-18 13:15:16,50,57,9886,22717
2023-04-18 13:15:20,50,56,9886,22717
2023-04-18 13:15:22,50,55,9886,22717
2023-04-18 13:15:23,50,56,9886,22717
2023-04-18 13:15:24,50,55,9886,22717
2023-04-18 13:15:24,50,56,9886,22717
2023-04-18 13:15:24,50,55,9886,22717
2023-04-18 13:15:26,50,54,9886,22717
2023-04-18 13:15:42,50,53,9886,22717
2023-04-18 13:15:54,47,53,9886,22717
2023-04-18 13:15:54,49,53,9886,22717
2023-04-18 13:16:18,50,53,9886,22717
2023-04-18 13:16:38,51,53,9886,22717
2023-04-18 13:16:39,53,55,9884,22719
2023-04-18 13:16:42,53,56,9884,22719
2023-04-18 13:16:43,52,56,9884,22719
2023-04-18 13:17:13,50,56,9884,22719
2023-04-18 13:17:14,50,54,9884,22719
2023-04-18 13:17:14,51,54,9884,22719
2023-04-18 13:17:28,51,56,9884,22719
2023-04-18 13:17:28,51,55,9884,22719
2023-04-18 13:17:28,51,53,9884,22719
2023-04-18 13:17:37,49,53,9884,22719
2023-04-18 13:17:45,49,52,9884,22719
2023-04-18 13:18:01,49,53,9884,22719
2023-04-18 13:18:14,49,52,9884,22719
2023-04-18 13:18:23,49,51,9884,22719
2023-04-18 13:18:25,48,51,9884,22719
2023-04-18 13:18:26,48,50,9884,22719
2023-04-18 13:19:08,50,51,9884,22725
2023-04-18 13:19:10,50,52,9884,22725
2023-04-18 13:19:11,50,51,9884,22725
2023-04-18 13:19:38,49,51,9884,22725
2023-04-18 13:19:39,49,52,9884,22725
2023-04-18 13:20:04,49,51,9884,22725
2023-04-18 13:20:06,49,52,9884,22725
2023-04-18 13:20:18,49,51,9884,22725
2023-04-18 13:20:37,49,50,9884,22725
2023-04-18 13:20:43,48,50,9884,22725
2023-04-18 13:20:43,47,50,9884,22725
2023-04-18 13:21:05,48,50,9884,22725
2023-04-18 13:21:12,50,51,9884,22730
2023-04-18 13:21:17,48,51,9884,22730
2023-04-18 13:21:21,48,52,9884,22730
2023-04-18 13:21:27,48,51,9884,22730
2023-04-18 13:22:24,48,50,9884,22730
2023-04-18 13:22:38,48,51,9884,22730
2023-04-18 13:22:40,48,50,9884,22730
2023-04-18 13:22:56,48,49,9884,22730
2023-04-18 13:22:57,48,50,9884,22730
2023-04-18 13:23:02,47,50,9884,22730
2023-04-18 13:23:02,46,50,9884,22730
2023-04-18 13:23:05,47,50,9884,22730
2023-04-18 13:23:26,46,50,9884,22730
2023-04-18 13:23:29,47,50,9884,22730
2023-04-18 13:23:33,48,50,9884,22730
2023-04-18 13:23:49,50,51,9884,22735
2023-04-18 13:23:49,50,52,9884,22735
2023-04-18 13:23:53,49,52,9884,22735
2023-04-18 13:23:57,50,52,9884,22735
2023-04-18 13:24:14,51,52,9884,22735
2023-04-18 13:25:07,50,51,9884,22737
2023-04-18 13:25:40,48,50,9892,22759
2023-04-18 13:25:42,48,49,9892,22759
2023-04-18 13:25:45,48,50,9892,22759
2023-04-18 13:25:47,46,50,9892,22759
2023-04-18 13:25:48,46,49,9892,22759
2023-04-18 13:25:50,46,48,9892,22759
2023-04-18 13:26:04,48,49,9892,22760
2023-04-18 13:26:08,47,50,9892,22760
2023-04-18 13:26:08,48,50,9892,22760
2023-04-18 13:26:59,50,51,9888,22770
2023-04-18 13:27:01,48,51,9888,22770
2023-04-18 13:27:08,48,52,9888,22770
2023-04-18 13:27:22,49,52,9888,22770
2023-04-18 13:27:56,49,51,9888,22770
2023-04-18 13:28:41,49,50,9888,22770
2023-04-18 13:29:23,48,49,9890,22778
2023-04-18 13:30:08,47,48,9898,22787
2023-04-18 13:30:13,47,49,9898,22787
2023-04-18 13:30:13,47,48,9898,22787
2023-04-18 13:30:14,46,47,9903,22792
2023-04-18 13:30:17,43,47,9903,22792
2023-04-18 13:30:19,43,48,9903,22792
2023-04-18 13:30:19,43,47,9903,22792
2023-04-18 13:30:24,43,48,9903,22792
2023-04-18 13:30:29,43,47,9903,22792
2023-04-18 13:30:43,43,48,9903,22792
2023-04-18 13:30:44,43,47,9903,22792
2023-04-18 13:30:55,47,48,9648,23047
2023-04-18 13:31:06,45,48,9648,23047
2023-04-18 13:31:07,48,49,9640,23062
2023-04-18 13:31:10,45,49,9640,23062
2023-04-18 13:31:13,46,49,9640,23062
2023-04-18 13:31:20,46,50,9640,23062
2023-04-18 13:31:21,46,51,9640,23062
2023-04-18 13:31:21,46,52,9640,23062
2023-04-18 13:31:43,46,51,9640,23062
2023-04-18 13:31:52,45,51,9640,23062
2023-04-18 13:31:59,46,51,9640,23062
2023-04-18 13:32:09,47,51,9640,23062
2023-04-18 13:32:15,49,51,9640,23062
2023-04-18 13:32:31,46,51,9640,23062
2023-04-18 13:32:31,47,51,9640,23062
2023-04-18 13:32:45,47,52,9640,23062
2023-04-18 13:32:47,48,52,9640,23062
2023-04-18 13:33:02,47,52,9640,23062
2023-04-18 13:33:02,47,51,9640,23062
2023-04-18 13:33:19,47,52,9640,23062
2023-04-18 13:33:19,47,51,9640,23062
2023-04-18 13:33:33,47,52,9640,23062
2023-04-18 13:33:33,48,52,9640,23062
2023-04-18 13:33:41,49,52,9640,23062
2023-04-18 13:33:44,50,52,9640,23062
2023-04-18 13:33:54,50,52,9641,23362
2023-04-18 13:33:55,52,55,9746,23467
2023-04-18 13:34:00,49,56,9746,23467
2023-04-18 13:34:00,51,56,9746,23467
2023-04-18 13:34:16,51,55,9746,23467
2023-04-18 13:34:32,53,55,9746,23467
2023-04-18 13:35:05,51,55,9746,23467
2023-04-18 13:35:05,53,55,9746,23467
2023-04-18 13:35:18,51,55,9746,23467
2023-04-18 13:35:18,54,55,9746,23467
2023-04-18 13:35:24,54,56,9746,23467
2023-04-18 13:35:25,54,58,9746,23467
2023-04-18 13:35:27,54,57,9746,23467
2023-04-18 13:35:37,54,58,9746,23467
2023-04-18 13:35:42,54,57,9746,23467
2023-04-18 13:36:13,54,58,9746,23467
2023-04-18 13:36:15,55,58,9746,23467
2023-04-18 13:36:19,56,58,9746,23467
2023-04-18 13:36:51,55,58,9746,23467
2023-04-18 13:36:51,56,58,9746,23467
2023-04-18 13:37:14,55,58,9746,23467
2023-04-18 13:37:14,56,58,9746,23467
2023-04-18 13:37:16,56,60,9746,23467
2023-04-18 13:37:16,57,60,9746,23467
2023-04-18 13:38:05,56,60,9746,23467
2023-04-18 13:38:25,55,60,9746,23467
2023-04-18 13:38:28,55,60,9751,23472
2023-04-18 13:38:29,59,60,9751,23472
2023-04-18 13:38:29,55,59,9750,23473
2023-04-18 13:38:30,55,58,9750,23473
2023-04-18 13:38:35,55,59,9750,23473
2023-04-18 13:38:39,56,59,9750,23473
2023-04-18 13:39:38,56,60,9750,23473
2023-04-18 13:39:39,56,61,9750,23473
2023-04-18 13:39:39,56,60,9750,23473
2023-04-18 13:39:40,57,60,9750,23473
2023-04-18 13:39:51,57,59,9750,23473
2023-04-18 13:40:02,56,59,9750,23484
2023-04-18 13:40:16,56,58,9750,23484
2023-04-18 13:40:33,55,58,9750,23484
2023-04-18 13:40:44,55,57,9750,23484
2023-04-18 13:40:59,55,58,9750,23484
2023-04-18 13:41:16,56,58,9750,23484
2023-04-18 13:41:22,56,59,9750,23484
2023-04-18 13:41:37,57,59,9750,23484
2023-04-18 13:41:39,56,59,9750,23484
2023-04-18 13:41:40,57,59,9750,23484
2023-04-18 13:41:43,56,59,9750,23484
2023-04-18 13:42:34,56,58,9750,23484
2023-04-18 13:42:43,56,59,9750,23484
2023-04-18 13:42:51,57,59,9750,23484
2023-04-18 13:43:03,57,60,9750,23484
2023-04-18 13:43:03,58,60,9750,23484
2023-04-18 13:43:51,57,58,9751,23487
2023-04-18 13:43:51,58,60,9754,23490
2023-04-18 13:43:51,58,59,9754,23490
2023-04-18 13:43:53,59,60,9754,23491
2023-04-18 13:43:53,59,60,9759,23496
2023-04-18 13:43:54,59,61,10164,23901
2023-04-18 13:44:06,58,61,10164,23901
2023-04-18 13:44:06,59,61,10164,23901
2023-04-18 13:44:18,59,62,10164,23901
2023-04-18 13:44:40,57,62,10164,23901
2023-04-18 13:44:42,58,62,10164,23901
2023-04-18 13:44:54,59,62,10164,23901
2023-04-18 13:45:22,58,62,10164,23901
2023-04-18 13:45:25,59,62,10164,23901
2023-04-18 13:45:49,60,62,10164,23901
2023-04-18 13:45:55,61,62,10164,23901
2023-04-18 13:46:11,60,62,10164,23901
2023-04-18 13:46:11,61,62,10164,23901
2023-04-18 13:46:17,61,64,10164,23901
2023-04-18 13:47:08,61,65,10164,23901
2023-04-18 13:47:09,61,64,10164,23901
2023-04-18 13:47:12,61,65,10164,23901
2023-04-18 13:47:22,62,65,10164,23901
2023-04-18 13:47:27,63,65,10164,23901
2023-04-18 13:47:37,63,67,10169,23909
2023-04-18 13:47:39,64,67,10169,23909
2023-04-18 13:47:42,64,68,10169,23909
2023-04-18 13:47:43,65,68,10169,23909
2023-04-18 13:47:58,64,68,10169,23909
2023-04-18 13:47:58,65,68,10169,23909
2023-04-18 13:48:23,66,68,10169,23909
2023-04-18 13:48:29,66,70,10169,23909
2023-04-18 13:48:30,67,70,10169,23909
2023-04-18 13:48:30,67,69,10169,23909
2023-04-18 13:48:38,67,70,10169,23909
2023-04-18 13:49:00,67,73,10176,23916
2023-04-18 13:49:00,67,72,10176,23916
2023-04-18 13:49:00,70,72,10176,23916
2023-04-18 13:49:00,71,72,10176,23916
2023-04-18 13:49:00,70,71,10176,23917
2023-04-18 13:49:12,67,70,10175,23918
2023-04-18 13:49:16,67,69,10175,23918
2023-04-18 13:49:30,66,69,10175,23918
2023-04-18 13:49:34,66,68,10175,23918
2023-04-18 13:49:39,66,69,10175,23918
2023-04-18 13:49:56,65,69,10175,23918
2023-04-18 13:50:05,65,68,10175,23918
2023-04-18 13:50:13,65,69,10175,23918
2023-04-18 13:50:17,65,68,10175,23918
2023-04-18 13:50:20,65,69,10175,23918
2023-04-18 13:50:22,65,68,10175,23918
2023-04-18 13:50:22,65,69,10175,23918
2023-04-18 13:50:24,65,68,10175,23918
2023-04-18 13:50:34,65,69,10175,23918
2023-04-18 13:50:38,64,69,10175,23918
2023-04-18 13:50:39,65,69,10175,23918
2023-04-18 13:50:45,66,69,10175,23918
2023-04-18 13:50:48,65,69,10175,23918
2023-04-18 13:51:06,65,68,10175,23918
2023-04-18 13:51:20,65,69,10175,23918
2023-04-18 13:51:21,64,69,10175,23918
2023-04-18 13:51:23,65,69,10175,23918
2023-04-18 13:51:26,65,68,10175,23918
2023-04-18 13:51:51,65,69,10175,23918
2023-04-18 13:51:52,65,68,10175,23918
2023-04-18 13:52:08,66,68,10175,23918
2023-04-18 13:52:08,66,69,10175,23918
2023-04-18 13:52:23,65,69,10175,23918
2023-04-18 13:52:23,66,69,10175,23918
2023-04-18 13:52:28,69,70,10181,23924
2023-04-18 13:52:29,69,70,10374,24224
2023-04-18 13:52:30,68,69,10518,24368
2023-04-18 13:52:35,66,68,10518,24369
2023-04-18 13:52:42,66,69,10518,24369
2023-04-18 13:54:51,66,70,10518,24369
2023-04-18 13:54:51,67,70,10518,24369
2023-04-18 13:55:12,67,69,10518,24369
2023-04-18 13:55:17,67,70,10518,24369
2023-04-18 13:55:17,67,69,10518,24369
2023-04-18 13:55:20,67,70,10518,24369
2023-04-18 13:55:23,67,70,10518,24369
2023-04-18 13:55:24,67,70,10518,24369
2023-04-18 13:55:31,67,69,10518,24369
2023-04-18 13:55:38,67,70,10518,24369
2023-04-18 13:55:38,66,70,10518,24369
2023-04-18 13:55:39,65,70,10518,24369
2023-04-18 13:55:39,64,70,10518,24369
2023-04-18 13:55:40,64,69,10518,24369
2023-04-18 13:56:19,65,69,10518,24369
2023-04-18 13:56:27,64,69,10518,24369
2023-04-18 13:56:36,64,68,10518,24369
2023-04-18 13:56:38,65,68,10518,24369
2023-04-18 13:56:38,65,69,10518,24369
2023-04-18 13:57:05,64,69,10518,24369
2023-04-18 13:57:05,64,68,10518,24369
2023-04-18 13:57:14,63,68,10518,24369
2023-04-18 13:57:19,64,68,10518,24369
2023-04-18 13:57:27,64,67,10518,24369
2023-04-18 13:57:28,64,68,10518,24369
2023-04-18 13:57:29,64,67,10518,24369
2023-04-18 13:57:30,64,68,10518,24369
2023-04-18 13:57:35,63,68,10518,24369
2023-04-18 13:57:38,63,67,10518,24369
2023-04-18 13:57:57,63,66,10518,24369
2023-04-18 13:57:58,63,67,10518,24369
2023-04-18 13:57:59,63,66,10518,24369
2023-04-18 13:57:59,63,67,10518,24369
2023-04-18 13:58:00,63,66,10518,24369
2023-04-18 13:58:01,63,67,10518,24369
2023-04-18 13:58:01,63,66,10518,24369
2023-04-18 13:58:02,63,67,10518,24369
2023-04-18 13:58:02,63,66,10518,24369
2023-04-18 13:58:03,63,67,10518,24369
2023-04-18 13:58:03,63,66,10518,24369
2023-04-18 13:58:03,63,67,10518,24369
2023-04-18 13:58:05,63,66,10518,24369
2023-04-18 13:58:06,63,65,10518,24369
2023-04-18 13:58:06,62,65,10518,24369
2023-04-18 13:58:15,59,62,10518,24387
2023-04-18 13:58:17,59,63,10518,24387
2023-04-18 13:58:17,59,66,10518,24387
2023-04-18 13:58:17,59,65,10518,24387
2023-04-18 13:58:22,58,65,10518,24387
2023-04-18 13:58:24,58,64,10518,24387
2023-04-18 13:58:24,58,63,10518,24387
2023-04-18 13:58:25,58,64,10518,24387
2023-04-18 13:58:25,58,63,10518,24387
2023-04-18 13:58:26,58,64,10518,24387
2023-04-18 13:58:27,58,63,10518,24387
2023-04-18 13:58:28,58,64,10518,24387
2023-04-18 13:58:28,58,63,10518,24387
2023-04-18 13:58:29,58,64,10518,24387
2023-04-18 13:58:29,58,63,10518,24387
2023-04-18 13:58:29,58,64,10518,24387
2023-04-18 13:58:29,58,63,10518,24387
2023-04-18 13:58:30,58,64,10518,24387
2023-04-18 13:58:30,58,63,10518,24387
2023-04-18 13:58:35,59,63,10518,24387
2023-04-18 13:58:47,59,62,10518,24387
2023-04-18 13:58:48,59,63,10518,24387
2023-04-18 13:58:57,59,62,10518,24387
2023-04-18 13:58:58,59,63,10518,24387
2023-04-18 13:58:59,59,62,10518,24387
2023-04-18 13:58:59,59,63,10518,24387
2023-04-18 13:59:00,59,62,10518,24387
2023-04-18 13:59:01,59,63,10518,24387
2023-04-18 13:59:01,59,62,10518,24387
2023-04-18 13:59:02,59,63,10518,24387
2023-04-18 13:59:02,59,62,10518,24387
2023-04-18 13:59:02,57,59,10518,24397
2023-04-18 13:59:05,57,58,10518,24397
2023-04-18 13:59:06,57,59,10518,24397
2023-04-18 13:59:08,57,58,10518,24397
2023-04-18 13:59:09,54,59,10518,24397
2023-04-18 13:59:09,54,60,10518,24397
2023-04-18 13:59:10,54,59,10518,24397
2023-04-18 13:59:10,57,59,10518,24397
2023-04-18 13:59:11,57,61,10518,24397
2023-04-18 13:59:11,57,60,10518,24397
2023-04-18 13:59:11,54,60,10518,24397
2023-04-18 13:59:12,54,61,10518,24397
2023-04-18 13:59:12,54,61,10518,24397
2023-04-18 13:59:23,54,59,10518,24397
2023-04-18 13:59:30,54,58,10518,24397
2023-04-18 13:59:31,54,59,10518,24397
2023-04-18 13:59:31,54,58,10518,24397
2023-04-18 13:59:32,54,59,10518,24397
2023-04-18 13:59:32,54,58,10518,24397
2023-04-18 13:59:33,54,59,10518,24397
2023-04-18 13:59:33,54,58,10518,24397
2023-04-18 13:59:34,54,59,10518,24397
2023-04-18 13:59:34,54,58,10518,24397
2023-04-18 13:59:34,54,59,10518,24397
2023-04-18 13:59:34,54,58,10518,24397
2023-04-18 13:59:34,54,59,10518,24397
2023-04-18 13:59:35,54,58,10518,24397
2023-04-18 13:59:36,54,59,10518,24397
2023-04-18 13:59:36,54,58,10518,24397
2023-04-18 13:59:38,54,59,10518,24397
2023-04-18 13:59:39,54,58,10518,24397
2023-04-18 13:59:39,54,59,10518,24397
2023-04-18 13:59:39,54,58,10518,24397
2023-04-18 13:59:39,54,59,10518,24397
2023-04-18 13:59:40,54,58,10518,24397
2023-04-18 13:59:42,54,59,10518,24397
2023-04-18 13:59:42,54,58,10518,24397
2023-04-18 13:59:43,54,59,10518,24397
2023-04-18 13:59:44,54,58,10518,24397
2023-04-18 13:59:44,54,59,10518,24397
2023-04-18 13:59:44,54,58,10518,24397
2023-04-18 13:59:44,54,59,10518,24397
2023-04-18 13:59:45,54,58,10518,24397
2023-04-18 13:59:46,54,59,10518,24397
2023-04-18 13:59:46,54,58,10518,24397
2023-04-18 13:59:47,54,59,10518,24397
2023-04-18 13:59:49,54,58,10518,24397
2023-04-18 13:59:50,54,59,10518,24397
2023-04-18 13:59:57,55,59,10518,24397
2023-04-18 14:00:03,55,58,10518,24397
2023-04-18 14:00:15,55,59,10518,24397
2023-04-18 14:00:19,56,59,10518,24397
2023-04-18 14:00:22,56,58,10518,24397
2023-04-18 14:00:27,56,59,10518,24397
2023-04-18 14:00:31,57,59,10518,24397
2023-04-18 14:00:53,57,62,10518,24397
2023-04-18 14:00:53,57,61,10518,24397
2023-04-18 14:00:53,58,61,10518,24397
2023-04-18 14:00:54,58,62,10518,24397
2023-04-18 14:00:54,58,61,10518,24397
2023-04-18 14:00:58,58,62,10518,24397
2023-04-18 14:00:58,58,61,10518,24397
2023-04-18 14:01:17,58,60,10518,24397
2023-04-18 14:01:18,58,61,10518,24397
2023-04-18 14:01:18,58,60,10518,24397
2023-04-18 14:01:19,58,61,10518,24397
2023-04-18 14:01:21,58,61,10518,24397
2023-04-18 14:01:21,58,60,10518,24397
2023-04-18 14:01:22,58,61,10518,24397
2023-04-18 14:01:22,58,60,10518,24397
2023-04-18 14:01:27,58,59,10518,24397
2023-04-18 14:01:28,58,60,10518,24397
2023-04-18 14:01:40,56,60,10518,24397
2023-04-18 14:01:40,57,60,10518,24397
2023-04-18 14:01:44,60,61,10526,24405
2023-04-18 14:01:44,57,61,10543,24422
2023-04-18 14:01:48,56,61,10543,24422
2023-04-18 14:01:51,56,60,10543,24422
2023-04-18 14:01:52,56,59,10543,24422
2023-04-18 14:01:56,56,60,10543,24422
2023-04-18 14:02:06,56,59,10543,24422
2023-04-18 14:02:09,55,59,10543,24422
2023-04-18 14:02:21,55,58,10543,24422
2023-04-18 14:02:24,54,55,10544,24429
2023-04-18 14:02:29,54,56,10544,24429
2023-04-18 14:03:02,53,56,10544,24429
2023-04-18 14:03:03,53,55,10544,24429
2023-04-18 14:03:07,54,55,10544,24429
2023-04-18 14:03:09,53,55,10544,24429
2023-04-18 14:03:12,54,55,10544,24429
2023-04-18 14:03:15,53,55,10544,24429
2023-04-18 14:03:17,54,55,10544,24429
2023-04-18 14:03:21,53,55,10544,24429
2023-04-18 14:03:23,55,56,10550,24436
2023-04-18 14:03:28,55,59,10550,24436
2023-04-18 14:03:28,55,58,10550,24436
2023-04-18 14:03:35,56,58,10550,24436
2023-04-18 14:03:42,55,58,10550,24436
2023-04-18 14:03:46,55,60,10550,24436
2023-04-18 14:03:46,55,58,10550,24436
2023-04-18 14:03:46,55,59,10550,24436
2023-04-18 14:03:46,55,60,10550,24436
2023-04-18 14:03:46,55,58,10550,24436
2023-04-18 14:03:46,55,59,10550,24436
2023-04-18 14:03:46,55,60,10550,24436
2023-04-18 14:03:46,55,58,10550,24436
2023-04-18 14:03:47,55,60,10550,24436
2023-04-18 14:03:50,56,59,10550,24436
2023-04-18 14:03:53,55,59,10550,24436
2023-04-18 14:03:53,55,60,10550,24436
2023-04-18 14:03:53,55,59,10550,24436
2023-04-18 14:03:54,56,59,10550,24436
2023-04-18 14:03:58,57,59,10550,24436
2023-04-18 14:04:07,56,59,10550,24436
2023-04-18 14:04:12,56,58,10550,24436
2023-04-18 14:04:24,55,58,10550,24436
2023-04-18 14:04:34,56,58,10550,24436
2023-04-18 14:04:40,55,58,10550,24436
2023-04-18 14:04:41,56,58,10550,24436
2023-04-18 14:04:54,57,58,10550,24436
2023-04-18 14:04:57,58,59,10555,24441
2023-04-18 14:04:57,57,59,10555,24441
2023-04-18 14:04:57,58,59,10555,24441
2023-04-18 14:04:57,57,59,10555,24441
2023-04-18 14:05:04,57,60,10555,24441
2023-04-18 14:05:04,57,62,10555,24441
2023-04-18 14:05:05,57,61,10555,24441
2023-04-18 14:05:05,58,61,10555,24441
2023-04-18 14:05:27,58,60,10555,24441
2023-04-18 14:05:30,58,59,10555,24441
2023-04-18 14:05:31,56,59,10555,24441
2023-04-18 14:05:43,55,59,10556,24450
2023-04-18 14:05:43,54,59,10562,24459
2023-04-18 14:05:43,55,59,10562,24459
2023-04-18 14:05:44,55,57,10562,24459
2023-04-18 14:05:44,55,56,10562,24459
2023-04-18 14:05:44,55,56,10562,24460
2023-04-18 14:06:30,55,57,10568,24471
2023-04-18 14:06:50,53,55,10575,24484
2023-04-18 14:07:20,53,54,10575,24484
2023-04-18 14:07:21,52,53,10575,24490
2023-04-18 14:07:21,52,54,10575,24490
2023-04-18 14:07:22,52,54,10575,24530
2023-04-18 14:07:22,53,54,10575,24530
2023-04-18 14:07:23,52,54,10576,24531
2023-04-18 14:07:23,52,54,10577,24532
2023-04-18 14:07:23,51,52,10724,24679
2023-04-18 14:07:24,47,52,10724,24679
2023-04-18 14:07:24,48,52,10724,24679
2023-04-18 14:07:28,48,53,10724,24679
2023-04-18 14:07:29,48,52,10724,24679
2023-04-18 14:07:40,48,51,10724,24679
2023-04-18 14:08:00,46,51,10724,24679
2023-04-18 14:08:01,47,51,10724,24679
2023-04-18 14:08:01,47,50,10724,24679
2023-04-18 14:08:10,48,50,10724,24679
2023-04-18 14:08:23,50,52,10722,24681
2023-04-18 14:08:25,51,52,10722,24681
2023-04-18 14:08:26,47,52,10722,24681
2023-04-18 14:08:26,48,52,10722,24681
2023-04-18 14:08:30,48,53,10722,24681
2023-04-18 14:08:56,48,52,10722,24681
2023-04-18 14:08:59,48,53,10722,24681
2023-04-18 14:09:12,49,53,10722,24681
2023-04-18 14:09:27,50,53,10722,24681
2023-04-18 14:09:28,51,53,10722,24681
2023-04-18 14:09:31,53,54,10722,24686
2023-04-18 14:09:31,51,54,10722,24686
2023-04-18 14:09:32,52,54,10722,24686
2023-04-18 14:09:32,51,54,10722,24686
2023-04-18 14:09:37,51,53,10722,24686
2023-04-18 14:09:38,53,54,10722,24688
2023-04-18 14:09:38,51,54,10722,24688
2023-04-18 14:09:39,52,54,10722,24688
2023-04-18 14:09:39,53,54,10722,24688
2023-04-18 14:09:39,51,54,10722,24688
2023-04-18 14:09:41,51,53,10722,24688
2023-04-18 14:09:42,53,54,10722,24690
2023-04-18 14:09:42,51,54,10722,24690
2023-04-18 14:09:42,52,54,10722,24690
2023-04-18 14:09:43,53,54,10722,24690
2023-04-18 14:09:43,52,54,10722,24690
2023-04-18 14:09:43,54,56,10722,24692
2023-04-18 14:09:43,52,56,10722,24692
2023-04-18 14:09:44,53,56,10722,24692
2023-04-18 14:09:44,52,56,10722,24692
2023-04-18 14:09:45,52,57,10722,24692
2023-04-18 14:09:55,53,57,10722,24692
2023-04-18 14:09:59,54,57,10722,24692
2023-04-18 14:09:59,55,57,10722,24692
2023-04-18 14:10:05,55,56,10722,24692
2023-04-18 14:10:06,56,57,10730,24701
2023-04-18 14:10:06,55,57,10730,24701
2023-04-18 14:10:06,56,57,10730,24701
2023-04-18 14:10:06,55,57,10730,24701
2023-04-18 14:10:27,55,58,10730,24703
2023-04-18 14:10:27,56,58,10730,24703
2023-04-18 14:10:27,55,56,10731,24704
2023-04-18 14:10:32,55,57,10731,24704
2023-04-18 14:10:32,56,57,10731,24704
2023-04-18 14:10:33,55,56,10739,24720
2023-04-18 14:10:37,53,56,10739,24720
2023-04-18 14:10:59,51,56,10739,24720
2023-04-18 14:11:00,52,56,10739,24720
2023-04-18 14:11:17,53,56,10739,24720
2023-04-18 14:11:31,56,57,10745,24728
2023-04-18 14:11:32,53,57,10745,24728
2023-04-18 14:11:33,54,57,10745,24728
2023-04-18 14:11:33,55,57,10745,24728
2023-04-18 14:11:33,53,57,10745,24728
2023-04-18 14:11:45,54,57,10745,24728
2023-04-18 14:11:46,55,57,10745,24728
2023-04-18 14:12:01,55,57,10770,24753
2023-04-18 14:12:02,55,57,10810,24793
2023-04-18 14:12:03,55,57,10850,24833
2023-04-18 14:12:06,56,57,10850,24833
2023-04-18 14:12:12,56,59,10853,24836
2023-04-18 14:12:13,56,60,10853,24836
2023-04-18 14:12:16,57,60,10853,24836
2023-04-18 14:12:34,58,60,10853,24836
2023-04-18 14:12:35,59,60,10853,24836
2023-04-18 14:12:40,59,64,10853,24836
2023-04-18 14:12:40,59,63,10853,24836
2023-04-18 14:12:40,60,63,10853,24836
2023-04-18 14:12:58,60,64,10853,24836
2023-04-18 14:13:04,61,64,10853,24836
2023-04-18 14:13:18,62,64,10853,24836
2023-04-18 14:13:34,62,66,10853,24836
2023-04-18 14:13:36,62,65,10853,24836
2023-04-18 14:13:36,62,66,10853,24836
2023-04-18 14:13:38,62,65,10853,24836
2023-04-18 14:13:43,62,66,10853,24836
2023-04-18 14:14:51,62,65,10853,24836
2023-04-18 14:14:54,63,65,10853,24836
2023-04-18 14:14:55,62,63,10854,24837
2023-04-18 14:14:56,60,62,10854,24839
2023-04-18 14:15:01,60,64,10854,24839
2023-04-18 14:15:01,60,63,10854,24839
2023-04-18 14:15:01,60,64,10854,24839
2023-04-18 14:15:06,60,63,10854,24839
2023-04-18 14:15:08,58,60,10854,24841
2023-04-18 14:15:09,57,60,10854,24841
2023-04-18 14:15:11,59,60,10854,24841
2023-04-18 14:15:39,58,60,10854,24841
2023-04-18 14:15:39,58,61,10854,24841
2023-04-18 14:15:43,60,61,10854,24841
2023-04-18 14:15:49,61,64,10859,24847
2023-04-18 14:15:59,60,64,10859,24847
2023-04-18 14:16:02,61,64,10859,24847
2023-04-18 14:16:29,62,64,10859,24847
2023-04-18 14:16:42,62,66,10864,24853
2023-04-18 14:16:45,62,67,10865,24854
2023-04-18 14:16:45,65,67,10865,24854
2023-04-18 14:16:46,62,65,10865,24855
2023-04-18 14:16:53,62,67,10865,24855
2023-04-18 14:16:53,63,67,10865,24855
2023-04-18 14:17:02,62,63,10980,24970
2023-04-18 14:17:03,61,62,10981,24973
2023-04-18 14:17:08,61,63,10981,24973
2023-04-18 14:17:14,58,61,10981,24975
2023-04-18 14:17:15,57,58,10982,24976
2023-04-18 14:17:17,55,58,10982,24976
2023-04-18 14:17:22,56,58,10982,24976
2023-04-18 14:17:24,55,58,10982,24976
2023-04-18 14:17:28,56,58,10982,24976
2023-04-18 14:17:35,55,58,10982,24976
2023-04-18 14:17:37,55,59,10987,24981
2023-04-18 14:17:46,54,55,10987,25099
2023-04-18 14:17:47,53,55,10987,25099
2023-04-18 14:17:49,51,55,10987,25099
2023-04-18 14:17:53,51,55,10987,25107
2023-04-18 14:17:53,51,52,10987,25107
2023-04-18 14:18:13,52,55,10986,25108
2023-04-18 14:18:17,53,55,10986,25108
2023-04-18 14:18:21,53,56,10986,25108
2023-04-18 14:18:21,54,56,10986,25108
2023-04-18 14:18:38,55,56,10986,25108
2023-04-18 14:18:47,55,58,10986,25108
2023-04-18 14:18:49,55,57,10986,25108
2023-04-18 14:19:03,55,58,10986,25108
2023-04-18 14:19:44,54,58,10986,25108
2023-04-18 14:20:15,55,58,10986,25108
2023-04-18 14:20:18,55,59,10991,25113
2023-04-18 14:20:21,55,60,10991,25114
2023-04-18 14:20:21,55,59,10991,25114
2023-04-18 14:20:24,55,59,10996,25119
2023-04-18 14:20:32,56,59,10996,25119
2023-04-18 14:20:34,57,59,10996,25119
2023-04-18 14:20:34,57,59,11076,25199
2023-04-18 14:20:47,57,60,11096,25219
2023-04-18 14:20:49,57,61,11096,25219
2023-04-18 14:20:50,57,60,11096,25219
2023-04-18 14:20:51,57,59,11096,25219
2023-04-18 14:20:54,57,59,11101,25224
2023-04-18 14:21:05,57,58,11101,25224
2023-04-18 14:21:07,56,57,11103,25339
2023-04-18 14:21:12,56,58,11103,25339
2023-04-18 14:21:21,56,59,11103,25339
2023-04-18 14:21:26,54,59,11103,25339
2023-04-18 14:21:27,55,59,11103,25339
2023-04-18 14:21:32,56,59,11103,25339
2023-04-18 14:21:37,56,61,11106,25344
2023-04-18 14:21:37,56,60,11106,25344
2023-04-18 14:21:38,56,61,11106,25344
2023-04-18 14:21:38,56,62,11106,25344
2023-04-18 14:21:38,56,61,11106,25344
2023-04-18 14:21:40,56,62,11106,25344
2023-04-18 14:21:45,57,62,11106,25344
2023-04-18 14:21:52,58,62,11106,25344
2023-04-18 14:22:15,59,62,11106,25344
2023-04-18 14:22:37,60,62,11106,25344
2023-04-18 14:22:48,61,62,11106,25344
2023-04-18 14:23:02,59,62,11106,25344
2023-04-18 14:23:04,58,62,11106,25344
2023-04-18 14:23:04,58,63,11106,25344
2023-04-18 14:23:05,60,63,11106,25344
2023-04-18 14:23:19,61,63,11106,25344
2023-04-18 14:23:28,62,63,11106,25344
2023-04-18 14:23:44,62,67,11111,25351
2023-04-18 14:23:44,63,67,11111,25351
2023-04-18 14:23:49,63,68,11111,25351
2023-04-18 14:23:49,58,68,11111,25351
2023-04-18 14:23:51,60,68,11111,25351
2023-04-18 14:23:51,62,68,11111,25351
2023-04-18 14:23:51,64,68,11111,25351
2023-04-18 14:23:55,64,67,11111,25351
2023-04-18 14:24:03,64,68,11111,25351
2023-04-18 14:24:11,64,67,11111,25351
2023-04-18 14:24:13,64,68,11111,25351
2023-04-18 14:24:24,62,68,11111,25351
2023-04-18 14:24:38,64,68,11111,25351
2023-04-18 14:24:53,64,67,11111,25351
2023-04-18 14:24:57,64,68,11111,25351
2023-04-18 14:25:32,63,68,11111,25351
2023-04-18 14:25:40,64,68,11111,25351
2023-04-18 14:25:56,63,68,11111,25351
2023-04-18 14:25:56,65,68,11111,25351
2023-04-18 14:25:56,67,68,11111,25351
2023-04-18 14:26:08,65,68,11111,25351
2023-04-18 14:26:08,67,68,11111,25351
2023-04-18 14:26:08,67,69,11215,25455
2023-04-18 14:26:18,68,69,11215,25455
2023-04-18 14:26:34,69,74,11271,25511
2023-04-18 14:26:34,70,74,11271,25511
2023-04-18 14:26:40,71,74,11271,25511
2023-04-18 14:26:49,72,74,11271,25511
2023-04-18 14:27:12,70,74,11271,25511
2023-04-18 14:27:12,71,74,11271,25511
2023-04-18 14:27:26,72,74,11271,25511
2023-04-18 14:27:33,71,74,11271,25511
2023-04-18 14:27:34,71,72,11271,25511
2023-04-18 14:27:35,71,74,11271,25511
2023-04-18 14:27:36,71,73,11271,25511
2023-04-18 14:27:39,71,72,11271,25511
2023-04-18 14:28:00,69,72,11271,25511
2023-04-18 14:28:12,70,72,11271,25511
2023-04-18 14:28:12,69,72,11271,25511
2023-04-18 14:28:28,70,72,11271,25511
2023-04-18 14:28:35,69,72,11271,25511
2023-04-18 14:28:44,69,71,11271,25511
2023-04-18 14:28:52,68,71,11271,25511
2023-04-18 14:28:52,68,72,11271,25511
2023-04-18 14:28:52,68,71,11271,25511
2023-04-18 14:28:54,69,71,11271,25511
2023-04-18 14:29:23,68,71,11271,25511
2023-04-18 14:29:29,68,70,11271,25511
2023-04-18 14:29:46,69,70,11271,25511
2023-04-18 14:29:54,69,70,11271,25567
2023-04-18 14:30:02,68,70,11271,25567
2023-04-18 14:30:20,68,71,11271,25567
2023-04-18 14:30:31,67,68,11271,25729
2023-04-18 14:30:32,66,68,11271,25729
2023-04-18 14:30:33,64,68,11271,25729
2023-04-18 14:30:34,65,68,11271,25729
2023-04-18 14:30:36,65,69,11271,25729
2023-04-18 14:30:48,66,69,11271,25729
2023-04-18 14:30:48,66,70,11271,25729
2023-04-18 14:30:48,66,69,11271,25729
2023-04-18 14:31:13,65,69,11271,25729
2023-04-18 14:31:14,65,68,11271,25729
2023-04-18 14:31:32,66,68,11271,25729
2023-04-18 14:31:32,66,69,11271,25729
2023-04-18 14:31:52,67,69,11271,25729
2023-04-18 14:31:54,68,69,11271,25729
2023-04-18 14:32:08,68,71,11271,25729
2023-04-18 14:32:09,68,72,11271,25729
2023-04-18 14:32:09,69,72,11271,25729
2023-04-18 14:32:09,69,73,11271,25729
2023-04-18 14:32:10,68,73,11271,25729
2023-04-18 14:32:12,69,73,11271,25729
2023-04-18 14:32:23,68,73,11271,25729
2023-04-18 14:32:26,68,72,11271,25729
2023-04-18 14:32:43,68,71,11271,25729
2023-04-18 14:32:53,68,72,11271,25729
2023-04-18 14:33:10,67,72,11271,25729
2023-04-18 14:33:13,68,72,11271,25729
2023-04-18 14:33:19,67,72,11271,25729
2023-04-18 14:33:20,67,71,11271,25729
2023-04-18 14:33:24,68,71,11271,25729
2023-04-18 14:33:24,67,71,11271,25729
2023-04-18 14:33:26,67,72,11271,25729
2023-04-18 14:33:27,68,72,11271,25729
2023-04-18 14:33:45,68,71,11271,25729
2023-04-18 14:33:47,69,71,11271,25729
2023-04-18 14:34:02,67,69,11269,25731
2023-04-18 14:34:06,67,71,11269,25731
2023-04-18 14:34:12,67,70,11269,25731
2023-04-18 14:34:14,65,70,11269,25731
2023-04-18 14:34:15,66,70,11269,25731
2023-04-18 14:34:15,66,69,11269,25731
2023-04-18 14:34:25,66,70,11269,25731
2023-04-18 14:34:39,67,70,11269,25731
2023-04-18 14:35:01,68,70,11269,25731
2023-04-18 14:35:17,69,70,11269,25731
2023-04-18 14:36:10,69,71,11274,25738
2023-04-18 14:36:12,69,72,11274,25738
2023-04-18 14:36:42,70,72,11274,25738
2023-04-18 14:36:48,69,72,11274,25738
2023-04-18 14:36:59,69,73,11274,25738
2023-04-18 14:37:09,70,73,11274,25738
2023-04-18 14:37:43,70,74,11274,25738
2023-04-18 14:37:43,73,74,11274,25738
2023-04-18 14:37:54,74,75,11429,25893
2023-04-18 14:38:36,72,75,11429,25893
2023-04-18 14:38:42,73,75,11429,25893
2023-04-18 14:38:43,72,75,11429,25893
2023-04-18 14:38:56,73,75,11429,25893
2023-04-18 14:39:01,75,76,11834,26298
2023-04-18 14:39:29,73,75,11834,26305
2023-04-18 14:39:31,72,75,11834,26305
2023-04-18 14:39:34,72,76,11945,26416
2023-04-18 14:39:34,74,76,11945,26416
2023-04-18 14:39:40,74,75,11945,26416
2023-04-18 14:40:51,72,74,11945,26432
2023-04-18 14:40:52,72,73,11945,26432
2023-04-18 14:41:02,70,72,11950,26594
2023-04-18 14:41:02,69,72,11950,26594
2023-04-18 14:41:08,69,73,11950,26594
2023-04-18 14:41:15,69,72,11950,26594
2023-04-18 14:41:30,69,71,11950,26594
2023-04-18 14:41:34,69,72,11950,26594
2023-04-18 14:41:38,68,72,11950,26594
2023-04-18 14:41:45,68,71,11950,26594
2023-04-18 14:41:58,67,71,11950,26719
2023-04-18 14:42:00,66,71,11950,26719
2023-04-18 14:42:00,64,71,11950,26719
2023-04-18 14:42:01,65,71,11950,26719
2023-04-18 14:42:01,67,71,11950,26719
2023-04-18 14:42:03,66,71,11950,26719
2023-04-18 14:42:03,66,70,11950,26719
2023-04-18 14:42:03,65,70,11950,26719
2023-04-18 14:42:04,65,69,11950,26719
2023-04-18 14:42:06,65,68,11950,26719
2023-04-18 14:42:09,66,68,11950,26719
2023-04-18 14:42:15,65,68,11950,26719
2023-04-18 14:42:17,65,67,11950,26719
2023-04-18 14:42:31,63,65,11955,26724
2023-04-18 14:42:32,63,64,11955,26724
2023-04-18 14:42:46,60,64,11955,26724
2023-04-18 14:42:47,60,63,11955,26724
2023-04-18 14:43:01,60,62,11955,26724
2023-04-18 14:43:02,60,61,11955,26724
2023-04-18 14:43:16,56,61,11955,26724
2023-04-18 14:43:24,57,61,11955,26724
2023-04-18 14:43:37,58,61,11955,26724
2023-04-18 14:43:52,57,61,11955,26724
2023-04-18 14:43:52,59,61,11955,26724
2023-04-18 14:43:53,60,61,11955,26724
2023-04-18 14:44:13,60,63,11955,26724
2023-04-18 14:44:13,61,63,11955,26724
2023-04-18 14:44:14,61,64,11955,26724
2023-04-18 14:44:23,60,64,11955,26724
2023-04-18 14:44:25,61,64,11955,26724
2023-04-18 14:44:39,60,64,11955,26724
2023-04-18 14:44:43,60,63,11955,26724
2023-04-18 14:45:38,60,62,11955,26724
2023-04-18 14:45:53,60,63,11955,26724
2023-04-18 14:45:55,60,62,11955,26724
2023-04-18 14:45:57,57,62,11955,26724
2023-04-18 14:46:15,56,57,11955,26730
2023-04-18 14:46:15,56,62,11955,26730
2023-04-18 14:46:16,56,61,11955,26730
2023-04-18 14:46:16,56,62,11955,26730
2023-04-18 14:46:16,57,62,11955,26730
2023-04-18 14:46:16,57,58,11955,26730
2023-04-18 14:46:16,56,57,11955,26731
2023-04-18 14:46:16,56,58,11955,26731
2023-04-18 14:46:17,56,58,11955,26771
2023-04-18 14:46:17,55,56,12044,26860
2023-04-18 14:46:17,55,56,12045,26861
2023-04-18 14:46:18,47,55,12045,26862
2023-04-18 14:46:18,47,56,12045,26862
2023-04-18 14:46:18,53,56,12045,26862
2023-04-18 14:46:19,53,55,12045,26862
2023-04-18 14:46:19,54,55,12045,26862
2023-04-18 14:46:20,53,54,12046,26863
2023-04-18 14:46:21,47,54,12046,26863
2023-04-18 14:46:21,49,54,12046,26863
2023-04-18 14:46:21,50,54,12046,26863
2023-04-18 14:46:21,51,54,12046,26863
2023-04-18 14:46:24,47,54,12046,26863
2023-04-18 14:46:24,48,54,12046,26863
2023-04-18 14:46:25,48,56,12046,26863
2023-04-18 14:46:25,48,55,12046,26863
2023-04-18 14:46:29,48,54,12046,26863
2023-04-18 14:46:43,48,53,12046,26863
2023-04-18 14:46:46,44,48,12046,26868
2023-04-18 14:46:46,44,53,12046,26868
2023-04-18 14:46:46,44,54,12046,26868
2023-04-18 14:46:46,44,54,12046,26868
2023-04-18 14:46:46,44,54,12046,26868
2023-04-18 14:46:47,42,53,12046,26868
2023-04-18 14:46:48,42,48,12046,26868
2023-04-18 14:46:48,42,49,12046,26868
2023-04-18 14:46:48,42,50,12046,26868
2023-04-18 14:46:48,42,54,12046,26868
2023-04-18 14:46:48,42,53,12046,26868
2023-04-18 14:46:51,41,53,12046,26868
2023-04-18 14:46:52,41,49,12046,26868
2023-04-18 14:46:53,41,48,12046,26868
2023-04-18 14:46:54,42,48,12046,26868
2023-04-18 14:46:56,41,48,12046,26868
2023-04-18 14:46:56,39,48,12046,26868
2023-04-18 14:46:57,40,48,12046,26868
2023-04-18 14:46:57,41,48,12046,26868
2023-04-18 14:46:58,41,47,12046,26868
2023-04-18 14:47:02,40,41,12046,26873
2023-04-18 14:47:02,40,47,12046,26873
2023-04-18 14:47:02,40,46,12046,26873
2023-04-18 14:47:03,39,46,12046,26873
2023-04-18 14:47:03,38,46,12046,26873
2023-04-18 14:47:03,38,44,12046,26873
2023-04-18 14:47:04,38,43,12046,26873
2023-04-18 14:47:05,38,44,12046,26873
2023-04-18 14:47:09,38,43,12046,26873
2023-04-18 14:47:10,38,42,12046,26873
2023-04-18 14:47:11,38,41,12046,26873
2023-04-18 14:47:13,38,41,12006,26913
2023-04-18 14:47:14,38,40,12006,26913
2023-04-18 14:47:14,38,40,11966,26953
2023-04-18 14:47:15,38,39,11966,26953
2023-04-18 14:47:15,32,38,11946,26973
2023-04-18 14:47:15,32,39,11946,26973
2023-04-18 14:47:22,34,39,11946,26973
2023-04-18 14:47:22,34,41,11946,26973
2023-04-18 14:47:22,34,40,11946,26973
2023-04-18 14:47:23,34,41,11946,26973
2023-04-18 14:47:27,34,40,11946,26973
2023-04-18 14:47:27,30,40,11946,26973
2023-04-18 14:47:28,32,39,11946,26973
2023-04-18 14:47:31,32,38,11946,26973
2023-04-18 14:47:44,34,38,11946,26973
2023-04-18 14:47:46,36,38,11946,26973
2023-04-18 14:47:48,38,42,11944,26975
2023-04-18 14:47:48,38,43,11944,26975
2023-04-18 14:47:50,36,43,11944,26975
2023-04-18 14:47:54,36,42,11944,26975
2023-04-18 14:48:02,36,41,11944,26975
2023-04-18 14:48:07,37,41,11944,26975
2023-04-18 14:48:09,36,41,11944,26975
2023-04-18 14:48:28,36,40,11944,26975
2023-04-18 14:48:29,34,40,11944,26975
2023-04-18 14:48:30,34,39,11944,26975
2023-04-18 14:48:50,34,38,11944,26975
2023-04-18 14:48:50,34,39,11944,26975
2023-04-18 14:48:52,34,38,11944,26975
2023-04-18 14:48:53,34,39,11944,26975
2023-04-18 14:48:57,32,39,11944,26975
2023-04-18 14:48:57,32,38,11944,26975
2023-04-18 14:49:15,33,38,11944,26975
2023-04-18 14:49:16,34,38,11944,26975
2023-04-18 14:49:20,35,38,11944,26975
2023-04-18 14:49:20,38,39,11942,26977
2023-04-18 14:49:25,37,39,11942,26977
2023-04-18 14:49:27,37,41,11942,26977
2023-04-18 14:49:45,37,42,11942,26977
2023-04-18 14:49:48,38,42,11942,26977
2023-04-18 14:49:53,39,42,11942,26977
2023-04-18 14:50:06,38,42,11942,26977
2023-04-18 14:50:10,38,41,11942,26977
2023-04-18 14:50:21,38,40,11942,26977
2023-04-18 14:50:37,38,39,11942,26977
2023-04-18 14:50:39,37,38,11942,26982
2023-04-18 14:50:39,37,39,11942,26982
2023-04-18 14:50:40,37,38,11942,26982
2023-04-18 14:50:41,35,38,11942,26982
2023-04-18 14:50:43,35,37,11942,26982
2023-04-18 14:51:05,35,36,11942,26982
2023-04-18 14:51:14,33,36,11942,26982
2023-04-18 14:51:15,33,35,11942,26982
2023-04-18 14:51:46,31,35,11942,26982
2023-04-18 14:51:55,33,35,11942,26982
2023-04-18 14:51:57,35,36,11940,26984
2023-04-18 14:51:57,35,37,11940,26984
2023-04-18 14:52:00,33,37,11940,26984
2023-04-18 14:52:05,35,37,11940,26984
2023-04-18 14:52:06,37,38,11938,26986
2023-04-18 14:52:08,38,39,11937,26987
2023-04-18 14:52:14,37,39,11937,26987
2023-04-18 14:52:37,37,38,11937,26987
2023-04-18 14:53:18,38,39,11934,26990
2023-04-18 14:53:23,37,39,11934,26990
2023-04-18 14:53:24,37,39,11974,27030
2023-04-18 14:53:24,38,39,11974,27030
2023-04-18 14:53:25,38,39,12014,27070
2023-04-18 14:53:26,39,40,12034,27093
2023-04-18 14:53:26,38,40,12034,27093
2023-04-18 14:53:26,39,40,12034,27093
2023-04-18 14:53:27,40,41,12034,27193
2023-04-18 14:53:31,41,43,12034,27293
2023-04-18 14:53:35,40,43,12034,27293
2023-04-18 14:53:40,39,43,12034,27293
2023-04-18 14:53:41,38,43,12034,27293
2023-04-18 14:53:42,39,43,12034,27293
2023-04-18 14:53:43,39,43,12034,27304
2023-04-18 14:54:00,40,43,12034,27304
2023-04-18 14:54:13,41,43,12034,27304
2023-04-18 14:54:18,43,44,12032,27495
2023-04-18 14:54:22,41,44,12032,27495
2023-04-18 14:54:29,42,44,12032,27495
2023-04-18 14:54:37,43,44,12032,27495
2023-04-18 14:54:46,41,44,12032,27495
2023-04-18 14:54:52,42,44,12032,27495
2023-04-18 14:55:02,41,44,12032,27495
2023-04-18 14:55:06,41,43,12032,27495
2023-04-18 14:55:09,41,44,12032,27495
2023-04-18 14:55:14,42,44,12032,27495
2023-04-18 14:55:20,41,44,12032,27495
2023-04-18 14:55:32,42,44,12032,27495
2023-04-18 14:55:50,41,44,12032,27495
2023-04-18 14:55:50,41,44,12042,27505
2023-04-18 14:55:59,41,43,12042,27505
2023-04-18 14:56:07,41,44,12042,27505
2023-04-18 14:56:15,41,43,12042,27505
2023-04-18 14:56:17,41,44,12042,27505
2023-04-18 14:56:19,42,44,12042,27505
2023-04-18 14:56:32,44,46,12040,27597
2023-04-18 14:56:33,44,47,12040,27597
2023-04-18 14:56:33,44,46,12040,27597
2023-04-18 14:56:36,44,48,12040,27597
2023-04-18 14:56:36,44,47,12040,27597
2023-04-18 14:56:36,45,47,12040,27597
2023-04-18 14:56:36,45,48,12040,27597
2023-04-18 14:56:37,44,48,12040,27597
2023-04-18 14:56:44,44,47,12040,27597
2023-04-18 14:56:54,45,47,12040,27597
2023-04-18 14:57:06,47,50,12038,27599
2023-04-18 14:57:06,47,49,12038,27599
2023-04-18 14:57:06,47,50,12038,27599
2023-04-18 14:57:07,48,50,12038,27599
2023-04-18 14:57:12,47,50,12038,27599
2023-04-18 14:57:12,46,50,12038,27599
2023-04-18 14:57:38,44,50,12038,27599
2023-04-18 14:57:38,45,50,12038,27599
2023-04-18 14:57:39,46,50,12038,27599
2023-04-18 14:57:53,44,50,12038,27599
2023-04-18 14:57:53,47,50,12038,27599
2023-04-18 14:57:55,48,50,12038,27599
2023-04-18 14:58:09,47,50,12038,27599
2023-04-18 14:58:09,44,50,12038,27599
2023-04-18 14:58:09,47,50,12038,27599
2023-04-18 14:58:11,48,50,12038,27599
2023-04-18 14:58:25,50,52,12038,27601
2023-04-18 14:58:25,48,52,12038,27601
2023-04-18 14:58:25,50,52,12038,27601
2023-04-18 14:58:25,50,53,12038,27601
2023-04-18 14:58:28,51,53,12038,27601
2023-04-18 14:58:28,45,53,12038,27601
2023-04-18 14:58:28,50,53,12038,27601
2023-04-18 14:58:29,51,53,12038,27601
2023-04-18 14:58:31,50,53,12038,27601
2023-04-18 14:58:46,50,52,12038,27601
2023-04-18 14:58:55,50,51,12038,27601
2023-04-18 14:59:01,49,51,12043,27606
2023-04-18 14:59:15,50,51,12043,27641
2023-04-18 14:59:19,49,51,12043,27641
2023-04-18 14:59:20,49,53,12043,27641
2023-04-18 14:59:21,50,53,12043,27641
2023-04-18 14:59:46,49,53,12043,27641
2023-04-18 14:59:46,49,54,12043,27641
2023-04-18 15:00:01,50,54,12043,27641
2023-04-18 15:00:16,50,54,12046,27644
2023-04-18 15:00:17,50,51,12046,27644
2023-04-18 15:00:17,51,54,12045,27645
2023-04-18 15:00:18,52,54,12045,27645
2023-04-18 15:00:21,50,54,12045,27645
2023-04-18 15:00:23,51,54,12045,27645
2023-04-18 15:00:28,54,55,12045,27652
2023-04-18 15:00:28,51,55,12045,27652
2023-04-18 15:00:29,50,55,12045,27652
2023-04-18 15:00:29,52,55,12045,27652
2023-04-18 15:00:29,53,55,12045,27652
2023-04-18 15:00:29,54,55,12045,27652
2023-04-18 15:00:30,50,55,12045,27652
2023-04-18 15:00:30,51,55,12045,27652
2023-04-18 15:00:32,52,55,12045,27652
2023-04-18 15:00:34,53,55,12045,27652
2023-04-18 15:00:39,53,54,12045,27652
2023-04-18 15:00:40,54,55,12045,27654
2023-04-18 15:00:40,53,55,12045,27654
2023-04-18 15:00:40,54,55,12045,27654
2023-04-18 15:00:40,53,55,12045,27654
2023-04-18 15:00:43,53,54,12045,27654
2023-04-18 15:00:51,54,55,12045,27656
2023-04-18 15:00:51,53,55,12045,27656
2023-04-18 15:00:51,54,55,12045,27656
2023-04-18 15:00:52,53,55,12045,27656
2023-04-18 15:01:04,53,54,12045,27656
2023-04-18 15:01:05,54,55,12045,27658
2023-04-18 15:01:05,53,55,12045,27658
2023-04-18 15:01:07,54,55,12045,27658
2023-04-18 15:01:07,53,55,12045,27658
2023-04-18 15:01:07,55,56,12045,27659
2023-04-18 15:01:07,53,56,12045,27659
2023-04-18 15:01:09,54,56,12045,27659
2023-04-18 15:01:10,55,56,12045,27659
2023-04-18 15:01:10,53,56,12045,27659
2023-04-18 15:01:21,53,56,12056,27671
2023-04-18 15:01:29,51,56,12056,27671
2023-04-18 15:01:37,52,56,12056,27671
2023-04-18 15:01:52,52,55,12056,27671
2023-04-18 15:02:07,52,56,12056,27671
2023-04-18 15:02:08,52,54,12056,27671
2023-04-18 15:02:40,53,54,12056,27671
2023-04-18 15:02:55,51,54,12056,27671
2023-04-18 15:02:55,52,54,12056,27671
2023-04-18 15:02:57,53,54,12056,27671
2023-04-18 15:03:11,51,54,12056,27671
2023-04-18 15:03:12,52,54,12056,27671
2023-04-18 15:03:26,53,54,12056,27671
2023-04-18 15:03:42,52,54,12056,27671
2023-04-18 15:03:44,53,54,12056,27671
2023-04-18 15:03:57,52,54,12056,27671
2023-04-18 15:04:13,52,54,12056,27971
2023-04-18 15:04:14,53,54,12056,27971
2023-04-18 15:04:14,53,54,12096,28011
2023-04-18 15:04:15,53,54,12096,28311
2023-04-18 15:04:16,54,56,12094,28462
2023-04-18 15:04:17,56,57,12092,28464
2023-04-18 15:04:33,57,58,12090,28466
2023-04-18 15:05:03,57,58,12320,28766
2023-04-18 15:05:04,58,59,12524,28970
2023-04-18 15:05:17,58,64,12524,28970
2023-04-18 15:05:20,59,64,12524,28970
2023-04-18 15:05:21,59,65,12524,28970
2023-04-18 15:05:21,60,65,12524,28970
2023-04-18 15:05:37,60,64,12524,28970
2023-04-18 15:06:07,59,64,12524,28970
2023-04-18 15:06:10,60,64,12524,28970
2023-04-18 15:06:24,59,64,12524,28970
2023-04-18 15:06:38,60,64,12524,28970
2023-04-18 15:06:39,61,64,12524,28970
2023-04-18 15:06:47,61,65,12524,28970
2023-04-18 15:06:56,62,65,12524,28970
2023-04-18 15:06:57,63,65,12524,28970
2023-04-18 15:07:14,64,65,12524,28970
2023-04-18 15:07:39,64,68,12524,28970
2023-04-18 15:07:39,65,68,12524,28970
2023-04-18 15:07:40,64,68,12524,28970
2023-04-18 15:07:56,64,67,12524,28970
2023-04-18 15:08:10,64,68,12524,28970
2023-04-18 15:08:19,65,68,12524,28970
2023-04-18 15:08:33,66,68,12524,28970
2023-04-18 15:08:40,68,69,13324,29773
2023-04-18 15:08:46,67,68,13323,29971
2023-04-18 15:08:46,66,68,13323,29971
2023-04-18 15:08:56,66,69,13323,29971
2023-04-18 15:08:57,66,68,13323,29971
2023-04-18 15:09:31,65,66,13323,29976
2023-04-18 15:09:37,65,68,13323,29976
2023-04-18 15:09:44,64,65,13323,29981
2023-04-18 15:09:48,63,64,13328,29986
2023-04-18 15:10:16,63,68,13328,29986
2023-04-18 15:10:17,64,68,13328,29986
2023-04-18 15:10:31,63,68,13328,29986
2023-04-18 15:10:33,64,68,13328,29986
2023-04-18 15:10:36,65,68,13328,29986
2023-04-18 15:10:39,68,69,13328,30030
2023-04-18 15:10:40,68,69,13333,30035
2023-04-18 15:10:40,67,68,13338,30086
2023-04-18 15:10:40,67,68,13338,30087
2023-04-18 15:10:41,64,68,13338,30087
2023-04-18 15:10:41,65,68,13338,30087
2023-04-18 15:10:45,65,69,13338,30087
2023-04-18 15:10:48,68,69,13338,30087
2023-04-18 15:10:48,64,68,13338,30112
