datetime,bid,ask,open_interest,volume
2023-11-21 09:32:02,21,30,50,51
2023-11-21 09:32:02,25,30,50,51
2023-11-21 09:32:02,25,29,50,51
2023-11-21 09:32:07,0,29,50,51
2023-11-21 09:32:07,0,30,50,51
2023-11-21 09:32:07,23,30,50,51
2023-11-21 09:32:07,27,30,50,51
2023-11-21 09:32:31,0,30,50,51
2023-11-21 09:32:31,24,30,50,51
2023-11-21 09:32:31,28,30,50,51
2023-11-21 09:32:39,0,30,50,51
2023-11-21 09:32:39,27,30,50,51
2023-11-21 09:33:02,0,30,50,51
2023-11-21 09:33:02,24,30,50,51
2023-11-21 09:33:02,28,30,50,51
2023-11-21 09:33:40,24,30,50,51
2023-11-21 09:33:40,25,30,50,51
2023-11-21 09:33:40,27,30,50,51
2023-11-21 09:34:27,24,30,50,51
2023-11-21 09:34:27,26,30,50,51
2023-11-21 09:34:27,28,30,50,51
2023-11-21 09:35:27,26,30,50,51
2023-11-21 09:35:28,24,30,50,51
2023-11-21 09:35:28,28,30,50,51
2023-11-21 09:35:45,26,30,25,76
2023-11-21 09:35:47,0,30,25,76
2023-11-21 09:35:47,24,30,25,76
2023-11-21 09:35:47,26,30,25,76
2023-11-21 09:36:47,23,30,25,76
2023-11-21 09:36:48,25,30,25,76
2023-11-21 09:36:48,27,30,25,76
2023-11-21 09:37:04,23,30,25,76
2023-11-21 09:37:04,25,30,25,76
2023-11-21 09:37:04,25,29,25,76
2023-11-21 09:38:01,25,30,25,76
2023-11-21 09:38:01,22,30,25,76
2023-11-21 09:38:01,24,30,25,76
2023-11-21 09:38:01,24,28,25,76
2023-11-21 09:38:05,24,30,25,76
2023-11-21 09:38:05,20,30,25,76
2023-11-21 09:38:05,23,30,25,76
2023-11-21 09:38:05,23,27,25,76
2023-11-21 09:38:14,0,27,25,76
2023-11-21 09:38:14,0,30,25,76
2023-11-21 09:38:14,24,30,25,76
2023-11-21 09:38:14,24,28,25,76
2023-11-21 09:38:42,21,28,25,76
2023-11-21 09:38:42,21,30,25,76
2023-11-21 09:38:42,26,30,25,76
2023-11-21 09:38:42,26,29,25,76
2023-11-21 09:39:00,21,29,25,76
2023-11-21 09:39:00,21,30,25,76
2023-11-21 09:39:00,23,30,25,76
2023-11-21 09:39:00,27,30,25,76
2023-11-21 09:39:35,21,30,25,76
2023-11-21 09:39:35,28,30,25,76
2023-11-21 09:39:43,21,30,25,76
2023-11-21 09:39:43,24,30,25,76
2023-11-21 09:39:43,26,30,25,76
2023-11-21 09:39:48,21,30,25,76
2023-11-21 09:39:48,23,30,25,76
2023-11-21 09:39:48,25,30,25,76
2023-11-21 09:39:48,25,29,25,76
2023-11-21 09:40:05,25,30,25,76
2023-11-21 09:40:05,21,30,25,76
2023-11-21 09:40:05,24,30,25,76
2023-11-21 09:40:05,24,28,25,76
2023-11-21 09:40:22,0,28,25,76
2023-11-21 09:40:22,0,30,25,76
2023-11-21 09:40:22,24,30,25,76
2023-11-21 09:40:22,26,30,25,76
2023-11-21 09:40:57,23,30,25,76
2023-11-21 09:40:57,27,30,25,76
2023-11-21 09:41:10,23,30,25,76
2023-11-21 09:41:10,26,30,25,76
2023-11-21 09:41:27,23,30,25,76
2023-11-21 09:41:27,24,30,25,76
2023-11-21 09:41:27,24,28,25,76
2023-11-21 09:41:46,23,28,25,76
2023-11-21 09:41:46,23,30,25,76
2023-11-21 09:41:46,26,30,25,76
2023-11-21 09:41:46,26,29,25,76
2023-11-21 09:42:20,0,29,25,76
2023-11-21 09:42:20,0,30,25,76
2023-11-21 09:42:20,23,30,25,76
2023-11-21 09:42:20,25,30,25,76
2023-11-21 09:42:20,27,30,25,76
2023-11-21 09:42:59,24,30,25,76
2023-11-21 09:42:59,26,30,25,76
2023-11-21 09:42:59,28,30,25,76
2023-11-21 09:43:11,24,30,25,76
2023-11-21 09:43:11,25,30,25,76
2023-11-21 09:43:11,27,30,25,76
2023-11-21 09:43:31,0,30,25,76
2023-11-21 09:43:31,25,30,25,76
2023-11-21 09:43:31,25,29,25,76
2023-11-21 09:44:04,25,30,25,76
2023-11-21 09:44:04,22,30,25,76
2023-11-21 09:44:04,24,30,25,76
2023-11-21 09:44:04,24,28,25,76
2023-11-21 09:44:17,22,28,25,76
2023-11-21 09:44:17,22,30,25,76
2023-11-21 09:44:17,26,30,25,76
2023-11-21 09:44:17,26,29,25,76
2023-11-21 09:44:26,22,29,25,76
2023-11-21 09:44:26,22,30,25,76
2023-11-21 09:44:26,27,30,25,76
2023-11-21 09:44:32,25,30,51,151
2023-11-21 09:44:42,22,30,51,151
2023-11-21 09:44:42,23,30,51,151
2023-11-21 09:44:42,25,30,51,151
2023-11-21 09:44:42,25,29,51,151
2023-11-21 09:45:08,25,28,51,151
2023-11-21 09:45:09,0,28,51,151
2023-11-21 09:45:09,22,28,51,151
2023-11-21 09:45:09,24,28,51,151
2023-11-21 09:45:20,0,28,51,151
2023-11-21 09:45:20,20,28,51,151
2023-11-21 09:45:20,22,28,51,151
2023-11-21 09:45:20,22,26,51,151
2023-11-21 09:46:18,22,28,51,151
2023-11-21 09:46:18,0,28,51,151
2023-11-21 09:46:18,18,28,51,151
2023-11-21 09:46:18,19,28,51,151
2023-11-21 09:46:18,21,28,51,151
2023-11-21 09:46:18,21,25,51,151
2023-11-21 09:46:47,18,25,51,151
2023-11-21 09:46:47,18,28,51,151
2023-11-21 09:46:47,19,28,51,151
2023-11-21 09:46:47,20,28,51,151
2023-11-21 09:46:47,22,28,51,151
2023-11-21 09:46:47,22,26,51,151
2023-11-21 09:47:13,18,26,51,151
2023-11-21 09:47:13,18,30,51,151
2023-11-21 09:47:13,21,30,51,151
2023-11-21 09:47:13,24,30,51,151
2023-11-21 09:47:13,24,28,51,151
2023-11-21 09:47:41,24,30,51,151
2023-11-21 09:47:41,18,30,51,151
2023-11-21 09:47:41,22,30,51,151
2023-11-21 09:47:41,22,28,51,151
2023-11-21 09:47:41,22,26,51,151
2023-11-21 09:47:58,22,30,51,151
2023-11-21 09:47:58,18,30,51,151
2023-11-21 09:47:58,21,30,51,151
2023-11-21 09:47:58,21,27,51,151
2023-11-21 09:47:58,21,25,51,151
2023-11-21 09:48:23,21,26,51,151
2023-11-21 09:48:23,17,26,51,151
2023-11-21 09:48:23,20,26,51,151
2023-11-21 09:48:23,20,24,51,151
2023-11-21 09:49:19,17,24,51,151
2023-11-21 09:49:19,17,26,51,151
2023-11-21 09:49:19,19,26,51,151
2023-11-21 09:49:19,21,26,51,151
2023-11-21 09:49:19,21,25,51,151
2023-11-21 09:49:31,17,25,51,151
2023-11-21 09:49:31,17,26,51,151
2023-11-21 09:49:31,20,26,51,151
2023-11-21 09:49:31,22,26,51,151
2023-11-21 09:50:31,22,27,51,151
2023-11-21 09:50:32,20,27,51,151
2023-11-21 09:50:32,23,27,51,151
2023-11-21 09:50:37,19,27,51,151
2023-11-21 09:50:37,19,30,51,151
2023-11-21 09:50:37,21,30,51,151
2023-11-21 09:50:37,22,30,51,151
2023-11-21 09:50:37,24,30,51,151
2023-11-21 09:50:37,24,28,51,151
2023-11-21 09:50:47,19,28,51,151
2023-11-21 09:50:47,19,30,51,151
2023-11-21 09:50:47,24,30,51,151
2023-11-21 09:50:47,26,30,51,151
2023-11-21 09:51:14,19,30,51,151
2023-11-21 09:51:14,22,30,51,151
2023-11-21 09:51:14,24,30,51,151
2023-11-21 09:51:14,24,28,51,151
2023-11-21 09:51:47,24,30,51,151
2023-11-21 09:51:47,0,30,51,151
2023-11-21 09:51:47,21,30,51,151
2023-11-21 09:51:47,23,30,51,151
2023-11-21 09:51:47,23,29,51,151
2023-11-21 09:51:47,23,27,51,151
2023-11-21 09:52:04,22,27,51,151
2023-11-21 09:52:04,22,30,51,151
2023-11-21 09:52:04,23,30,51,151
2023-11-21 09:52:04,25,30,51,151
2023-11-21 09:52:04,25,28,51,151
2023-11-21 09:53:04,25,30,51,151
2023-11-21 09:53:05,22,30,51,151
2023-11-21 09:53:05,25,30,51,151
2023-11-21 09:53:05,25,29,51,151
2023-11-21 09:54:05,23,29,51,151
2023-11-21 09:54:06,26,29,51,151
2023-11-21 09:54:10,26,30,51,151
2023-11-21 09:54:26,20,30,51,151
2023-11-21 09:54:26,27,30,51,151
2023-11-21 09:55:07,20,30,51,151
2023-11-21 09:55:07,24,30,51,151
2023-11-21 09:55:07,26,30,51,151
2023-11-21 09:55:13,24,30,101,201
2023-11-21 09:55:34,0,30,101,201
2023-11-21 09:55:34,21,30,101,201
2023-11-21 09:55:34,22,30,101,201
2023-11-21 09:55:34,24,30,101,201
2023-11-21 09:55:34,24,28,101,201
2023-11-21 09:55:58,24,30,101,201
2023-11-21 09:55:58,0,30,101,201
2023-11-21 09:55:58,20,30,101,201
2023-11-21 09:55:58,23,30,101,201
2023-11-21 09:55:58,23,27,101,201
2023-11-21 09:56:06,23,30,101,201
2023-11-21 09:56:06,0,30,101,201
2023-11-21 09:56:06,20,30,101,201
2023-11-21 09:56:06,22,30,101,201
2023-11-21 09:56:06,22,28,101,201
2023-11-21 09:56:06,22,26,101,201
2023-11-21 09:57:00,18,26,101,201
2023-11-21 09:57:00,18,27,101,201
2023-11-21 09:57:00,23,27,101,201
2023-11-21 09:57:28,18,27,101,201
2023-11-21 09:57:28,20,27,101,201
2023-11-21 09:57:28,22,27,101,201
2023-11-21 09:57:28,22,26,101,201
2023-11-21 09:58:28,22,28,101,201
2023-11-21 09:58:29,20,30,101,201
2023-11-21 09:58:29,23,30,101,201
2023-11-21 09:58:29,23,27,101,201
2023-11-21 09:59:06,23,28,101,201
2023-11-21 09:59:06,0,28,101,201
2023-11-21 09:59:06,22,28,101,201
2023-11-21 09:59:06,22,26,101,201
2023-11-21 09:59:26,22,28,101,201
2023-11-21 09:59:26,18,28,101,201
2023-11-21 09:59:26,21,28,101,201
2023-11-21 09:59:26,21,24,101,201
2023-11-21 10:00:01,17,24,101,201
2023-11-21 10:00:01,17,28,101,201
2023-11-21 10:00:01,19,28,101,201
2023-11-21 10:00:04,19,30,202,360
2023-11-21 10:00:34,19,30,202,519
2023-11-21 10:00:36,19,28,202,519
2023-11-21 10:00:40,17,28,202,519
2023-11-21 10:00:40,24,28,202,519
2023-11-21 10:00:55,24,27,202,519
2023-11-21 10:01:01,24,28,202,519
2023-11-21 10:01:03,24,27,202,519
2023-11-21 10:01:05,0,27,202,519
2023-11-21 10:01:05,22,27,202,519
2023-11-21 10:01:05,22,26,202,519
2023-11-21 10:01:19,22,27,202,519
2023-11-21 10:01:19,0,27,202,519
2023-11-21 10:01:19,18,27,202,519
2023-11-21 10:01:19,19,27,202,519
2023-11-21 10:01:19,21,27,202,519
2023-11-21 10:01:19,21,25,202,519
2023-11-21 10:02:02,17,25,202,519
2023-11-21 10:02:02,17,27,202,519
2023-11-21 10:02:02,23,27,202,519
2023-11-21 10:02:02,23,26,202,519
2023-11-21 10:02:04,17,26,202,519
2023-11-21 10:02:04,17,27,202,519
2023-11-21 10:02:04,22,27,202,519
2023-11-21 10:02:04,24,27,202,519
2023-11-21 10:02:06,24,28,202,519
2023-11-21 10:03:04,24,30,202,519
2023-11-21 10:03:05,21,30,202,519
2023-11-21 10:03:05,22,30,202,519
2023-11-21 10:03:05,24,30,202,519
2023-11-21 10:03:05,24,28,202,519
2023-11-21 10:03:22,0,28,202,519
2023-11-21 10:03:22,0,30,202,519
2023-11-21 10:03:22,25,30,202,519
2023-11-21 10:03:22,25,29,202,519
2023-11-21 10:03:34,25,30,202,519
2023-11-21 10:03:34,0,30,202,519
2023-11-21 10:03:34,21,30,202,519
2023-11-21 10:03:34,22,30,202,519
2023-11-21 10:03:34,24,30,202,519
2023-11-21 10:03:34,24,27,202,519
2023-11-21 10:04:34,20,27,202,519
2023-11-21 10:04:35,23,100,202,519
2023-11-21 10:04:35,23,29,202,519
2023-11-21 10:04:35,23,27,202,519
2023-11-21 10:05:35,21,27,202,519
2023-11-21 10:05:36,22,27,202,519
2023-11-21 10:05:36,22,26,202,519
2023-11-21 10:06:36,22,28,202,519
2023-11-21 10:06:36,20,28,202,519
2023-11-21 10:06:36,21,28,202,519
2023-11-21 10:06:36,23,28,202,519
2023-11-21 10:06:36,23,27,202,519
2023-11-21 10:06:51,21,27,202,519
2023-11-21 10:06:51,21,29,202,519
2023-11-21 10:06:51,23,29,202,519
2023-11-21 10:06:51,25,29,202,519
2023-11-21 10:06:51,25,28,202,519
2023-11-21 10:07:51,25,30,202,519
2023-11-21 10:07:52,25,100,202,519
2023-11-21 10:07:52,25,31,202,519
2023-11-21 10:07:52,25,29,202,519
2023-11-21 10:08:30,25,31,202,519
2023-11-21 10:08:30,21,31,202,519
2023-11-21 10:08:30,22,31,202,519
2023-11-21 10:08:30,24,31,202,519
2023-11-21 10:08:30,24,30,202,519
2023-11-21 10:08:30,24,28,202,519
2023-11-21 10:09:30,0,28,202,519
2023-11-21 10:09:31,23,31,202,519
2023-11-21 10:09:31,25,31,202,519
2023-11-21 10:09:31,25,29,202,519
2023-11-21 10:10:20,25,30,202,519
2023-11-21 10:10:20,20,30,202,519
2023-11-21 10:10:20,24,30,202,519
2023-11-21 10:10:20,24,28,202,519
2023-11-21 10:11:08,24,30,202,519
2023-11-21 10:11:08,20,30,202,519
2023-11-21 10:11:08,21,30,202,519
2023-11-21 10:11:08,23,30,202,519
2023-11-21 10:11:08,23,26,202,519
2023-11-21 10:11:40,19,26,202,519
2023-11-21 10:11:40,19,100,202,519
2023-11-21 10:11:40,21,100,202,519
2023-11-21 10:11:40,24,100,202,519
2023-11-21 10:11:40,24,30,202,519
2023-11-21 10:11:40,24,28,202,519
2023-11-21 10:12:25,24,100,202,519
2023-11-21 10:12:25,19,100,202,519
2023-11-21 10:12:25,22,100,202,519
2023-11-21 10:12:25,22,30,202,519
2023-11-21 10:12:25,22,28,202,519
2023-11-21 10:12:25,22,26,202,519
2023-11-21 10:12:32,22,100,202,519
2023-11-21 10:12:32,19,100,202,519
2023-11-21 10:12:32,21,100,202,519
2023-11-21 10:12:32,21,27,202,519
2023-11-21 10:12:32,21,25,202,519
2023-11-21 10:13:02,18,25,202,519
2023-11-21 10:13:02,18,27,202,519
2023-11-21 10:13:02,22,27,202,519
2023-11-21 10:13:02,22,26,202,519
2023-11-21 10:14:02,20,26,202,519
2023-11-21 10:14:03,20,28,202,519
2023-11-21 10:14:03,23,28,202,519
2023-11-21 10:14:03,23,26,202,519
2023-11-21 10:15:03,23,100,202,519
2023-11-21 10:15:04,22,100,202,519
2023-11-21 10:15:04,22,28,202,519
2023-11-21 10:15:04,22,26,202,519
2023-11-21 10:16:04,22,28,202,519
2023-11-21 10:16:04,22,28,202,519
2023-11-21 10:16:04,24,28,202,519
2023-11-21 10:16:04,24,27,202,519
2023-11-21 10:16:11,19,27,202,519
2023-11-21 10:16:11,19,100,202,519
2023-11-21 10:16:11,25,100,202,519
2023-11-21 10:16:11,25,29,202,519
2023-11-21 10:16:16,25,100,202,519
2023-11-21 10:16:16,19,100,202,519
2023-11-21 10:16:16,23,100,202,519
2023-11-21 10:16:16,23,27,202,519
2023-11-21 10:16:38,23,29,202,519
2023-11-21 10:16:38,0,29,202,519
2023-11-21 10:16:38,20,29,202,519
2023-11-21 10:16:38,22,29,202,519
2023-11-21 10:16:38,22,28,202,519
2023-11-21 10:16:38,22,26,202,519
2023-11-21 10:16:56,20,26,202,519
2023-11-21 10:16:56,20,29,202,519
2023-11-21 10:16:56,21,29,202,519
2023-11-21 10:16:56,23,29,202,519
2023-11-21 10:16:56,23,27,202,519
2023-11-21 10:17:03,23,29,202,519
2023-11-21 10:17:03,20,29,202,519
2023-11-21 10:17:03,20,28,202,519
2023-11-21 10:17:07,18,28,202,519
2023-11-21 10:17:10,19,28,202,519
2023-11-21 10:17:17,18,28,202,519
2023-11-21 10:17:32,18,29,202,519
2023-11-21 10:17:32,20,29,202,519
2023-11-21 10:17:32,22,29,202,519
2023-11-21 10:17:32,22,26,202,519
2023-11-21 10:18:17,22,27,202,519
2023-11-21 10:18:17,18,27,202,519
2023-11-21 10:18:17,21,27,202,519
2023-11-21 10:18:17,21,25,202,519
2023-11-21 10:19:09,18,25,202,519
2023-11-21 10:19:09,18,27,202,519
2023-11-21 10:19:09,20,27,202,519
2023-11-21 10:19:09,21,27,202,519
2023-11-21 10:19:09,23,27,202,519
2023-11-21 10:19:09,23,26,202,519
2023-11-21 10:19:26,0,26,202,519
2023-11-21 10:19:26,0,100,202,519
2023-11-21 10:19:26,22,100,202,519
2023-11-21 10:19:26,24,100,202,519
2023-11-21 10:19:26,24,32,202,519
2023-11-21 10:19:26,24,28,202,519
2023-11-21 10:20:01,21,28,202,519
2023-11-21 10:20:01,21,100,202,519
2023-11-21 10:20:01,25,100,202,519
2023-11-21 10:20:01,25,33,202,519
2023-11-21 10:20:01,25,29,202,519
2023-11-21 10:20:46,21,29,202,519
2023-11-21 10:20:46,22,29,202,519
2023-11-21 10:20:46,24,29,202,519
2023-11-21 10:20:46,24,28,202,519
2023-11-21 10:20:58,24,29,202,519
2023-11-21 10:20:58,0,29,202,519
2023-11-21 10:20:58,23,29,202,519
2023-11-21 10:20:58,23,26,202,519
2023-11-21 10:21:29,23,29,202,519
2023-11-21 10:21:29,18,29,202,519
2023-11-21 10:21:29,21,29,202,519
2023-11-21 10:21:29,21,27,202,519
2023-11-21 10:21:29,21,25,202,519
2023-11-21 10:21:36,21,100,202,519
2023-11-21 10:21:36,18,100,202,519
2023-11-21 10:21:36,20,100,202,519
2023-11-21 10:21:36,20,23,202,519
2023-11-21 10:21:54,20,100,202,519
2023-11-21 10:21:54,0,100,202,519
2023-11-21 10:21:54,16,100,202,519
2023-11-21 10:21:54,18,100,202,519
2023-11-21 10:21:54,18,24,202,519
2023-11-21 10:21:54,18,22,202,519
2023-11-21 10:22:54,18,23,202,519
2023-11-21 10:22:55,18,23,202,519
2023-11-21 10:22:55,18,22,202,519
2023-11-21 10:23:14,18,23,202,519
2023-11-21 10:23:14,14,23,202,519
2023-11-21 10:23:14,16,23,202,519
2023-11-21 10:23:14,16,22,202,519
2023-11-21 10:23:14,16,20,202,519
2023-11-21 10:23:35,14,20,202,519
2023-11-21 10:23:35,14,23,202,519
2023-11-21 10:23:35,15,23,202,519
2023-11-21 10:23:35,18,23,202,519
2023-11-21 10:23:35,18,21,202,519
2023-11-21 10:24:35,18,22,202,519
2023-11-21 10:24:36,17,22,202,519
2023-11-21 10:24:36,17,21,202,519
2023-11-21 10:24:55,17,22,202,519
2023-11-21 10:24:55,0,22,202,519
2023-11-21 10:24:55,16,22,202,519
2023-11-21 10:24:55,16,21,202,519
2023-11-21 10:24:55,16,19,202,519
2023-11-21 10:25:04,16,22,202,519
2023-11-21 10:25:04,0,22,202,519
2023-11-21 10:25:04,14,22,202,519
2023-11-21 10:25:04,14,21,202,519
2023-11-21 10:25:04,14,20,202,519
2023-11-21 10:25:04,14,18,202,519
2023-11-21 10:25:47,12,18,202,519
2023-11-21 10:25:47,12,22,202,519
2023-11-21 10:25:47,13,22,202,519
2023-11-21 10:25:47,16,22,202,519
2023-11-21 10:25:47,16,21,202,519
2023-11-21 10:25:47,16,19,202,519
2023-11-21 10:26:22,16,100,202,519
2023-11-21 10:26:22,12,100,202,519
2023-11-21 10:26:22,14,100,202,519
2023-11-21 10:26:22,14,18,202,519
2023-11-21 10:26:44,14,19,202,519
2023-11-21 10:26:44,11,19,202,519
2023-11-21 10:26:44,13,19,202,519
2023-11-21 10:26:44,13,17,202,519
2023-11-21 10:27:02,13,19,202,519
2023-11-21 10:27:02,0,19,202,519
2023-11-21 10:27:02,9,19,202,519
2023-11-21 10:27:02,11,19,202,519
2023-11-21 10:27:02,11,15,202,519
2023-11-21 10:27:14,11,19,202,519
2023-11-21 10:27:14,8,19,202,519
2023-11-21 10:27:14,9,19,202,519
2023-11-21 10:27:14,10,19,202,519
2023-11-21 10:27:14,10,14,202,519
2023-11-21 10:27:51,8,14,202,519
2023-11-21 10:27:51,8,19,202,519
2023-11-21 10:27:51,12,19,202,519
2023-11-21 10:27:51,12,18,202,519
2023-11-21 10:27:51,12,15,202,519
2023-11-21 10:28:21,12,19,202,519
2023-11-21 10:28:21,8,19,202,519
2023-11-21 10:28:21,9,19,202,519
2023-11-21 10:28:21,10,19,202,519
2023-11-21 10:28:21,10,16,202,519
2023-11-21 10:28:21,10,14,202,519
2023-11-21 10:29:07,7,14,202,519
2023-11-21 10:29:07,7,100,202,519
2023-11-21 10:29:07,9,100,202,519
2023-11-21 10:29:07,11,100,202,519
2023-11-21 10:29:07,11,15,202,519
2023-11-21 10:30:07,11,16,202,519
2023-11-21 10:30:08,10,16,202,519
2023-11-21 10:30:08,11,16,202,519
2023-11-21 10:30:08,11,14,202,519
2023-11-21 10:31:08,10,14,202,519
2023-11-21 10:31:09,9,15,202,519
2023-11-21 10:31:09,10,15,202,519
2023-11-21 10:31:09,10,14,202,519
2023-11-21 10:31:09,10,13,202,519
2023-11-21 10:32:09,10,14,202,519
2023-11-21 10:32:10,10,15,202,519
2023-11-21 10:32:10,10,13,202,519
2023-11-21 10:33:10,10,14,202,519
2023-11-21 10:33:11,10,14,202,519
2023-11-21 10:34:11,9,14,202,519
2023-11-21 10:34:12,9,15,202,519
2023-11-21 10:34:12,10,15,202,519
2023-11-21 10:34:12,10,14,202,519
2023-11-21 10:35:12,10,15,202,519
2023-11-21 10:35:13,10,15,202,519
2023-11-21 10:35:13,11,15,202,519
2023-11-21 10:35:13,11,14,202,519
2023-11-21 10:36:13,10,14,202,519
2023-11-21 10:36:14,10,15,202,519
2023-11-21 10:36:14,10,14,202,519
2023-11-21 10:37:14,6,14,202,519
2023-11-21 10:37:15,10,14,202,519
2023-11-21 10:37:15,11,14,202,519
2023-11-21 10:37:36,6,14,202,519
2023-11-21 10:37:36,6,16,202,519
2023-11-21 10:37:36,11,16,202,519
2023-11-21 10:37:36,12,16,202,519
2023-11-21 10:37:36,12,15,202,519
2023-11-21 10:37:44,6,15,202,519
2023-11-21 10:37:44,6,16,202,519
2023-11-21 10:37:44,11,16,202,519
2023-11-21 10:37:44,12,16,202,519
2023-11-21 10:37:44,13,16,202,519
2023-11-21 10:37:50,6,16,202,519
2023-11-21 10:37:50,11,16,202,519
2023-11-21 10:37:50,12,16,202,519
2023-11-21 10:38:35,7,16,202,519
2023-11-21 10:38:35,11,16,202,519
2023-11-21 10:38:35,11,14,202,519
2023-11-21 10:38:56,11,16,202,519
2023-11-21 10:38:56,7,16,202,519
2023-11-21 10:38:56,8,16,202,519
2023-11-21 10:38:56,9,16,202,519
2023-11-21 10:38:56,9,13,202,519
2023-11-21 10:39:56,9,14,202,519
2023-11-21 10:39:57,10,14,202,519
2023-11-21 10:40:57,10,100,202,519
2023-11-21 10:40:58,10,100,202,519
2023-11-21 10:40:58,10,17,202,519
2023-11-21 10:40:58,10,14,202,519
2023-11-21 10:41:58,9,14,202,519
2023-11-21 10:41:59,10,15,202,519
2023-11-21 10:41:59,11,15,202,519
2023-11-21 10:41:59,11,14,202,519
2023-11-21 10:42:22,7,14,202,519
2023-11-21 10:42:22,7,100,202,519
2023-11-21 10:42:22,11,100,202,519
2023-11-21 10:42:22,12,100,202,519
2023-11-21 10:42:22,12,18,202,519
2023-11-21 10:42:22,12,16,202,519
2023-11-21 10:43:22,9,16,202,519
2023-11-21 10:43:23,11,17,202,519
2023-11-21 10:43:23,12,17,202,519
2023-11-21 10:43:23,12,16,202,519
2023-11-21 10:44:11,9,16,202,519
2023-11-21 10:44:11,9,18,202,519
2023-11-21 10:44:11,12,18,202,519
2023-11-21 10:44:11,13,18,202,519
2023-11-21 10:44:11,14,18,202,519
2023-11-21 10:44:11,14,17,202,519
2023-11-21 10:45:11,13,17,202,519
2023-11-21 10:45:12,13,18,202,519
2023-11-21 10:45:12,13,17,202,519
2023-11-21 10:46:12,12,17,202,519
2023-11-21 10:46:13,13,18,202,519
2023-11-21 10:46:13,13,16,202,519
2023-11-21 10:47:13,13,100,202,519
2023-11-21 10:47:13,11,100,202,519
2023-11-21 10:47:13,13,100,202,519
2023-11-21 10:47:13,14,100,202,519
2023-11-21 10:47:13,14,18,202,519
2023-11-21 10:48:13,13,18,202,519
2023-11-21 10:48:14,13,21,202,519
2023-11-21 10:48:14,15,21,202,519
2023-11-21 10:48:14,15,18,202,519
2023-11-21 10:49:14,15,21,202,519
2023-11-21 10:49:15,13,21,202,519
2023-11-21 10:49:15,15,21,202,519
2023-11-21 10:49:15,15,18,202,519
2023-11-21 10:50:15,15,20,202,519
2023-11-21 10:50:15,11,20,202,519
2023-11-21 10:50:16,12,20,202,519
2023-11-21 10:50:16,13,20,202,519
2023-11-21 10:50:16,13,19,202,519
2023-11-21 10:50:16,13,17,202,519
2023-11-21 10:51:06,13,20,202,519
2023-11-21 10:51:06,10,20,202,519
2023-11-21 10:51:06,12,20,202,519
2023-11-21 10:51:06,12,16,202,519
2023-11-21 10:52:06,12,18,202,519
2023-11-21 10:52:07,12,19,202,519
2023-11-21 10:52:07,12,18,202,519
2023-11-21 10:52:07,12,16,202,519
2023-11-21 10:52:29,0,16,202,519
2023-11-21 10:52:29,0,19,202,519
2023-11-21 10:52:29,13,19,202,519
2023-11-21 10:52:29,14,19,202,519
2023-11-21 10:52:29,14,18,202,519
2023-11-21 10:53:29,13,18,202,519
2023-11-21 10:53:30,14,20,202,519
2023-11-21 10:53:30,14,17,202,519
2023-11-21 10:54:30,14,19,202,519
2023-11-21 10:54:31,12,20,202,519
2023-11-21 10:54:31,14,20,202,519
2023-11-21 10:54:31,14,18,202,519
2023-11-21 10:55:31,13,18,202,519
2023-11-21 10:55:31,13,19,202,519
2023-11-21 10:55:31,14,19,202,519
2023-11-21 10:55:31,14,18,202,519
2023-11-21 10:56:31,14,21,202,519
2023-11-21 10:56:32,10,20,202,519
2023-11-21 10:56:32,11,20,202,519
2023-11-21 10:56:32,14,20,202,519
2023-11-21 10:56:32,14,18,202,519
2023-11-21 10:57:32,12,18,202,519
2023-11-21 10:57:33,12,20,202,519
2023-11-21 10:57:33,13,20,202,519
2023-11-21 10:57:33,13,17,202,519
2023-11-21 10:57:49,13,20,202,519
2023-11-21 10:57:49,0,20,202,519
2023-11-21 10:57:49,11,20,202,519
2023-11-21 10:57:49,12,20,202,519
2023-11-21 10:57:49,12,19,202,519
2023-11-21 10:57:49,12,18,202,519
2023-11-21 10:57:49,12,16,202,519
2023-11-21 10:58:23,10,16,202,519
2023-11-21 10:58:23,10,20,202,519
2023-11-21 10:58:23,13,20,202,519
2023-11-21 10:58:23,13,17,202,519
2023-11-21 10:58:38,10,17,202,519
2023-11-21 10:58:38,10,100,202,519
2023-11-21 10:58:38,15,100,202,519
2023-11-21 10:58:38,15,21,202,519
2023-11-21 10:58:38,15,18,202,519
2023-11-21 10:59:30,10,18,202,519
2023-11-21 10:59:30,10,21,202,519
2023-11-21 10:59:30,16,21,202,519
2023-11-21 10:59:30,16,20,202,519
2023-11-21 11:00:30,14,20,202,519
2023-11-21 11:00:31,16,22,202,519
2023-11-21 11:00:31,16,20,202,519
2023-11-21 11:01:31,16,23,202,519
2023-11-21 11:01:31,16,23,202,519
2023-11-21 11:01:31,16,20,202,519
2023-11-21 11:01:48,16,23,202,519
2023-11-21 11:01:48,0,23,202,519
2023-11-21 11:01:48,13,23,202,519
2023-11-21 11:01:48,15,23,202,519
2023-11-21 11:01:48,15,21,202,519
2023-11-21 11:01:48,15,19,202,519
2023-11-21 11:02:47,13,19,202,519
2023-11-21 11:02:47,13,23,202,519
2023-11-21 11:02:47,16,23,202,519
2023-11-21 11:02:47,16,20,202,519
2023-11-21 11:03:47,14,20,202,519
2023-11-21 11:03:48,10,23,202,519
2023-11-21 11:03:48,15,23,202,519
2023-11-21 11:03:48,15,22,202,519
2023-11-21 11:03:48,15,21,202,519
2023-11-21 11:03:48,15,19,202,519
2023-11-21 11:04:48,14,19,202,519
2023-11-21 11:04:49,15,23,202,519
2023-11-21 11:04:49,15,21,202,519
2023-11-21 11:04:49,15,19,202,519
2023-11-21 11:04:59,14,19,202,519
2023-11-21 11:04:59,14,100,202,519
2023-11-21 11:04:59,16,100,202,519
2023-11-21 11:04:59,16,23,202,519
2023-11-21 11:04:59,16,22,202,519
2023-11-21 11:04:59,16,20,202,519
2023-11-21 11:05:43,16,23,202,519
2023-11-21 11:05:43,14,23,202,519
2023-11-21 11:05:43,15,23,202,519
2023-11-21 11:05:43,15,19,202,519
2023-11-21 11:06:43,15,21,202,519
2023-11-21 11:06:44,13,21,202,519
2023-11-21 11:06:44,14,21,202,519
2023-11-21 11:06:44,14,20,202,519
2023-11-21 11:06:44,14,18,202,519
2023-11-21 11:07:33,14,21,202,519
2023-11-21 11:07:33,0,21,202,519
2023-11-21 11:07:33,11,21,202,519
2023-11-21 11:07:33,13,21,202,519
2023-11-21 11:07:33,13,17,202,519
2023-11-21 11:08:12,13,21,202,519
2023-11-21 11:08:12,10,21,202,519
2023-11-21 11:08:12,11,21,202,519
2023-11-21 11:08:12,12,21,202,519
2023-11-21 11:08:12,12,18,202,519
2023-11-21 11:08:12,12,16,202,519
2023-11-21 11:08:29,10,16,202,519
2023-11-21 11:08:29,10,21,202,519
2023-11-21 11:08:29,12,21,202,519
2023-11-21 11:08:29,14,21,202,519
2023-11-21 11:08:29,14,19,202,519
2023-11-21 11:08:29,14,17,202,519
2023-11-21 11:09:29,14,19,202,519
2023-11-21 11:09:30,14,20,202,519
2023-11-21 11:09:30,14,18,202,519
2023-11-21 11:09:43,10,18,202,519
2023-11-21 11:09:43,10,21,202,519
2023-11-21 11:09:43,15,21,202,519
2023-11-21 11:09:43,15,19,202,519
2023-11-21 11:10:43,15,21,202,519
2023-11-21 11:10:43,14,21,202,519
2023-11-21 11:10:43,14,18,202,519
2023-11-21 11:11:13,14,100,202,519
2023-11-21 11:11:13,11,100,202,519
2023-11-21 11:11:13,12,100,202,519
2023-11-21 11:11:13,13,100,202,519
2023-11-21 11:11:13,13,19,202,519
2023-11-21 11:11:13,13,17,202,519
2023-11-21 11:12:13,13,18,202,519
2023-11-21 11:12:14,12,18,202,519
2023-11-21 11:12:14,12,16,202,519
2023-11-21 11:12:21,12,18,202,519
2023-11-21 11:12:21,0,18,202,519
2023-11-21 11:12:21,10,18,202,519
2023-11-21 11:12:21,10,15,202,519
2023-11-21 11:12:21,10,14,202,519
2023-11-21 11:13:21,9,14,202,519
2023-11-21 11:13:22,9,16,202,519
2023-11-21 11:13:22,10,16,202,519
2023-11-21 11:13:22,10,15,202,519
2023-11-21 11:13:22,10,14,202,519
2023-11-21 11:14:01,0,14,202,519
2023-11-21 11:14:01,0,17,202,519
2023-11-21 11:14:01,11,17,202,519
2023-11-21 11:14:01,12,17,202,519
2023-11-21 11:14:01,12,15,202,519
2023-11-21 11:15:01,11,15,202,519
2023-11-21 11:15:02,10,17,202,519
2023-11-21 11:15:02,12,17,202,519
2023-11-21 11:15:02,12,15,202,519
2023-11-21 11:16:02,12,17,202,519
2023-11-21 11:16:03,10,100,202,519
2023-11-21 11:16:03,12,100,202,519
2023-11-21 11:16:03,12,18,202,519
2023-11-21 11:16:03,12,16,202,519
2023-11-21 11:17:03,12,17,202,519
2023-11-21 11:17:04,11,17,202,519
2023-11-21 11:17:04,12,17,202,519
2023-11-21 11:17:04,12,16,202,519
2023-11-21 11:17:44,0,16,202,519
2023-11-21 11:17:44,0,100,202,519
2023-11-21 11:17:44,13,100,202,519
2023-11-21 11:17:44,13,19,202,519
2023-11-21 11:17:44,13,17,202,519
2023-11-21 11:18:44,12,17,202,519
2023-11-21 11:18:45,12,19,202,519
2023-11-21 11:18:45,13,19,202,519
2023-11-21 11:18:45,13,17,202,519
2023-11-21 11:19:17,13,19,202,519
2023-11-21 11:19:17,9,19,202,519
2023-11-21 11:19:17,12,19,202,519
2023-11-21 11:19:17,12,18,202,519
2023-11-21 11:19:17,12,16,202,519
2023-11-21 11:19:17,12,15,202,519
2023-11-21 11:19:31,12,19,202,519
2023-11-21 11:19:31,7,19,202,519
2023-11-21 11:19:31,8,19,202,519
2023-11-21 11:19:31,9,19,202,519
2023-11-21 11:19:31,10,19,202,519
2023-11-21 11:19:31,10,16,202,519
2023-11-21 11:19:31,10,14,202,519
2023-11-21 11:20:31,7,14,202,519
2023-11-21 11:20:32,9,15,202,519
2023-11-21 11:20:32,10,15,202,519
2023-11-21 11:20:32,11,15,202,519
2023-11-21 11:20:32,11,14,202,519
2023-11-21 11:21:32,9,14,202,519
2023-11-21 11:21:33,9,15,202,519
2023-11-21 11:21:33,10,15,202,519
2023-11-21 11:21:33,10,14,202,519
2023-11-21 11:22:33,10,15,202,519
2023-11-21 11:22:34,11,16,202,519
2023-11-21 11:22:34,11,14,202,519
2023-11-21 11:23:34,11,16,202,519
2023-11-21 11:23:35,8,16,202,519
2023-11-21 11:23:35,9,16,202,519
2023-11-21 11:23:35,10,16,202,519
2023-11-21 11:23:35,10,14,202,519
2023-11-21 11:24:08,7,14,202,519
2023-11-21 11:24:08,7,15,202,519
2023-11-21 11:24:11,7,18,202,519
2023-11-21 11:24:11,7,21,202,519
2023-11-21 11:24:11,7,24,202,519
2023-11-21 11:24:11,7,100,202,519
2023-11-21 11:24:24,7,17,202,519
2023-11-21 11:24:37,0,17,202,519
2023-11-21 11:24:52,9,17,202,519
2023-11-21 11:25:28,6,17,202,519
2023-11-21 11:25:28,3,17,202,519
2023-11-21 11:25:28,0,17,202,519
2023-11-21 11:25:30,10,17,202,519
2023-11-21 11:25:30,11,17,202,519
2023-11-21 11:25:30,11,15,202,519
2023-11-21 11:26:30,10,15,202,519
2023-11-21 11:26:31,10,15,202,519
2023-11-21 11:26:31,11,15,202,519
2023-11-21 11:26:31,11,14,202,519
2023-11-21 11:27:31,9,14,202,519
2023-11-21 11:27:32,11,16,202,519
2023-11-21 11:27:32,12,16,202,519
2023-11-21 11:28:32,11,16,202,519
2023-11-21 11:28:33,12,16,202,519
2023-11-21 11:28:33,13,16,202,519
2023-11-21 11:29:33,9,16,202,519
2023-11-21 11:29:34,11,16,202,519
2023-11-21 11:29:34,13,16,202,519
2023-11-21 11:30:25,13,17,202,519
2023-11-21 11:30:34,8,17,202,519
2023-11-21 11:30:35,12,100,202,519
2023-11-21 11:30:35,13,100,202,519
2023-11-21 11:30:35,13,17,202,519
2023-11-21 11:30:37,13,16,202,519
2023-11-21 11:30:59,8,16,202,519
2023-11-21 11:30:59,11,16,202,519
2023-11-21 11:30:59,11,15,202,519
2023-11-21 11:31:59,11,16,202,519
2023-11-21 11:32:00,9,16,202,519
2023-11-21 11:32:00,10,16,202,519
2023-11-21 11:32:00,11,16,202,519
2023-11-21 11:32:00,11,15,202,519
2023-11-21 11:32:48,7,15,202,519
2023-11-21 11:32:48,10,15,202,519
2023-11-21 11:32:48,12,15,202,519
2023-11-21 11:32:59,12,16,202,519
2023-11-21 11:33:48,11,16,202,519
2023-11-21 11:33:49,11,17,202,519
2023-11-21 11:33:49,13,17,202,519
2023-11-21 11:34:49,13,19,202,519
2023-11-21 11:34:50,13,100,202,519
2023-11-21 11:34:50,14,100,202,519
2023-11-21 11:34:50,14,20,202,519
2023-11-21 11:34:50,14,18,202,519
2023-11-21 11:35:50,12,18,202,519
2023-11-21 11:35:51,14,18,202,519
2023-11-21 11:35:51,14,17,202,519
2023-11-21 11:36:00,13,17,227,544
2023-11-21 11:36:51,13,18,227,544
2023-11-21 11:36:52,12,18,227,544
2023-11-21 11:36:52,13,18,227,544
2023-11-21 11:36:52,13,17,227,544
2023-11-21 11:37:52,12,17,227,544
2023-11-21 11:37:53,10,17,227,544
2023-11-21 11:37:53,12,17,227,544
2023-11-21 11:37:53,12,16,227,544
2023-11-21 11:38:53,11,16,227,544
2023-11-21 11:38:53,12,17,227,544
2023-11-21 11:38:53,13,17,227,544
2023-11-21 11:39:49,8,17,227,544
2023-11-21 11:39:49,11,17,227,544
2023-11-21 11:39:49,12,17,227,544
2023-11-21 11:39:49,12,16,227,544
2023-11-21 11:40:49,12,18,227,544
2023-11-21 11:40:50,10,100,227,544
2023-11-21 11:40:50,11,100,227,544
2023-11-21 11:40:50,11,18,227,544
2023-11-21 11:40:50,11,17,227,544
2023-11-21 11:40:50,11,15,227,544
2023-11-21 11:40:51,11,14,227,544
2023-11-21 11:41:14,0,14,227,544
2023-11-21 11:41:14,8,14,227,544
2023-11-21 11:41:14,9,14,227,544
2023-11-21 11:41:14,10,14,227,544
2023-11-21 11:41:14,10,13,227,544
2023-11-21 11:42:14,10,14,227,544
2023-11-21 11:42:15,9,14,227,544
2023-11-21 11:42:15,10,14,227,544
2023-11-21 11:42:15,10,13,227,544
2023-11-21 11:43:15,8,13,227,544
2023-11-21 11:43:15,10,100,227,544
2023-11-21 11:43:15,11,100,227,544
2023-11-21 11:43:15,11,17,227,544
2023-11-21 11:43:15,11,15,227,544
2023-11-21 11:44:15,9,15,227,544
2023-11-21 11:44:16,11,15,227,544
2023-11-21 11:45:16,10,15,227,544
2023-11-21 11:45:16,9,15,227,544
2023-11-21 11:45:16,11,15,227,544
2023-11-21 11:46:16,7,15,227,544
2023-11-21 11:46:17,10,15,227,544
2023-11-21 11:46:17,11,15,227,544
2023-11-21 11:46:17,12,15,227,544
2023-11-21 11:46:25,12,16,227,544
2023-11-21 11:47:15,7,16,227,544
2023-11-21 11:47:15,9,16,227,544
2023-11-21 11:47:15,10,16,227,544
2023-11-21 11:47:15,11,16,227,544
2023-11-21 11:47:15,11,14,227,544
2023-11-21 11:48:15,9,14,227,544
2023-11-21 11:48:16,9,16,227,544
2023-11-21 11:48:16,11,16,227,544
2023-11-21 11:48:16,11,15,227,544
2023-11-21 11:48:35,6,15,227,544
2023-11-21 11:48:35,6,100,227,544
2023-11-21 11:48:35,10,100,227,544
2023-11-21 11:48:35,12,100,227,544
2023-11-21 11:48:35,12,18,227,544
2023-11-21 11:48:35,12,16,227,544
2023-11-21 11:48:53,6,16,227,544
2023-11-21 11:48:53,6,100,227,544
2023-11-21 11:48:53,12,100,227,544
2023-11-21 11:48:53,14,100,227,544
2023-11-21 11:48:53,14,20,227,544
2023-11-21 11:48:53,14,17,227,544
2023-11-21 11:49:53,13,17,227,544
2023-11-21 11:49:53,12,18,227,544
2023-11-21 11:49:53,15,18,227,544
2023-11-21 11:50:38,15,19,227,544
2023-11-21 11:50:53,10,19,227,544
2023-11-21 11:50:54,14,19,227,544
2023-11-21 11:50:54,16,19,227,544
2023-11-21 11:51:55,13,19,227,544
2023-11-21 11:51:55,13,20,227,544
2023-11-21 11:51:55,16,20,227,544
2023-11-21 11:52:55,13,20,227,544
2023-11-21 11:52:56,14,20,227,544
2023-11-21 11:52:56,16,20,227,544
2023-11-21 11:53:53,13,20,227,544
2023-11-21 11:53:53,13,21,227,544
2023-11-21 11:53:53,15,21,227,544
2023-11-21 11:53:53,17,21,227,544
2023-11-21 11:54:53,13,21,227,544
2023-11-21 11:54:54,17,21,227,544
2023-11-21 11:55:15,17,20,227,544
2023-11-21 11:55:33,17,21,227,544
2023-11-21 11:55:54,13,21,227,544
2023-11-21 11:55:55,17,21,227,544
2023-11-21 11:56:35,0,21,227,544
2023-11-21 11:56:35,13,21,227,544
2023-11-21 11:56:35,14,21,227,544
2023-11-21 11:56:35,16,21,227,544
2023-11-21 11:56:35,16,20,227,544
2023-11-21 11:57:02,16,21,227,544
2023-11-21 11:57:02,0,21,227,544
2023-11-21 11:57:02,12,21,227,544
2023-11-21 11:57:02,15,21,227,544
2023-11-21 11:57:02,15,19,227,544
2023-11-21 11:58:02,14,19,227,544
2023-11-21 11:58:03,15,19,227,544
2023-11-21 11:58:54,0,19,227,544
2023-11-21 11:58:54,0,20,227,544
2023-11-21 11:58:54,16,20,227,544
2023-11-21 11:59:54,14,20,227,544
2023-11-21 11:59:55,16,20,227,544
2023-11-21 12:00:55,16,21,227,544
2023-11-21 12:00:56,14,21,227,544
2023-11-21 12:00:56,15,21,227,544
2023-11-21 12:00:56,17,21,227,544
2023-11-21 12:01:47,17,20,227,544
2023-11-21 12:01:56,15,20,227,544
2023-11-21 12:01:56,14,20,227,544
2023-11-21 12:01:56,16,20,227,544
2023-11-21 12:02:20,0,20,227,544
2023-11-21 12:02:20,13,20,227,544
2023-11-21 12:02:20,15,20,227,544
2023-11-21 12:02:20,15,19,227,544
2023-11-21 12:03:20,13,19,227,544
2023-11-21 12:03:21,14,100,227,544
2023-11-21 12:03:21,14,20,227,544
2023-11-21 12:03:21,14,18,227,544
2023-11-21 12:04:11,11,18,227,544
2023-11-21 12:04:11,11,19,227,544
2023-11-21 12:04:11,16,19,227,544
2023-11-21 12:05:11,14,19,227,544
2023-11-21 12:05:12,16,20,227,544
2023-11-21 12:05:53,11,20,227,544
2023-11-21 12:05:53,14,20,227,544
2023-11-21 12:05:53,15,20,227,544
2023-11-21 12:05:53,15,18,227,544
2023-11-21 12:06:54,15,19,227,544
2023-11-21 12:06:54,12,19,227,544
2023-11-21 12:06:54,15,19,227,544
2023-11-21 12:07:54,12,19,227,544
2023-11-21 12:07:55,12,19,227,544
2023-11-21 12:07:55,15,19,227,544
2023-11-21 12:08:55,15,21,227,544
2023-11-21 12:08:56,14,100,227,544
2023-11-21 12:08:56,15,100,227,544
2023-11-21 12:08:56,17,100,227,544
2023-11-21 12:08:56,17,20,227,544
2023-11-21 12:09:05,17,22,227,544
2023-11-21 12:09:05,11,22,227,544
2023-11-21 12:09:05,12,22,227,544
2023-11-21 12:09:05,15,22,227,544
2023-11-21 12:09:05,15,19,227,544
2023-11-21 12:09:34,11,19,227,544
2023-11-21 12:09:34,11,22,227,544
2023-11-21 12:09:34,14,22,227,544
2023-11-21 12:09:34,16,22,227,544
2023-11-21 12:09:34,16,20,227,544
2023-11-21 12:10:34,13,20,227,544
2023-11-21 12:10:34,15,22,227,544
2023-11-21 12:10:34,16,22,227,544
2023-11-21 12:10:34,18,22,227,544
2023-11-21 12:11:34,16,22,227,544
2023-11-21 12:11:35,18,22,227,544
2023-11-21 12:11:35,18,21,227,544
2023-11-21 12:12:35,14,21,227,544
2023-11-21 12:12:36,18,22,227,544
2023-11-21 12:13:36,16,22,227,544
2023-11-21 12:13:37,15,22,227,544
2023-11-21 12:13:37,18,22,227,544
2023-11-21 12:14:37,15,22,227,544
2023-11-21 12:14:38,15,23,227,544
2023-11-21 12:14:38,16,23,227,544
2023-11-21 12:14:38,18,23,227,544
2023-11-21 12:14:38,18,22,227,544
2023-11-21 12:15:38,18,23,227,544
2023-11-21 12:15:38,17,23,227,544
2023-11-21 12:15:38,19,23,227,544
2023-11-21 12:16:38,17,23,227,544
2023-11-21 12:16:39,16,23,227,544
2023-11-21 12:16:39,18,23,227,544
2023-11-21 12:16:39,18,22,227,544
2023-11-21 12:17:12,18,23,227,544
2023-11-21 12:17:12,0,23,227,544
2023-11-21 12:17:12,16,23,227,544
2023-11-21 12:17:12,16,20,227,544
2023-11-21 12:18:12,14,20,227,544
2023-11-21 12:18:13,17,21,227,544
2023-11-21 12:18:13,17,20,227,544
2023-11-21 12:19:13,15,20,227,544
2023-11-21 12:19:13,14,21,227,544
2023-11-21 12:19:14,15,21,227,544
2023-11-21 12:19:14,17,21,227,544
2023-11-21 12:20:14,15,21,227,544
2023-11-21 12:20:15,17,21,227,544
2023-11-21 12:21:15,15,21,227,544
2023-11-21 12:21:16,14,100,227,544
2023-11-21 12:21:16,16,100,227,544
2023-11-21 12:21:16,16,23,227,544
2023-11-21 12:21:16,16,20,227,544
2023-11-21 12:22:00,12,20,227,544
2023-11-21 12:22:00,12,22,227,544
2023-11-21 12:22:00,18,22,227,544
2023-11-21 12:22:00,18,21,227,544
2023-11-21 12:23:00,16,21,227,544
2023-11-21 12:23:01,17,22,227,544
2023-11-21 12:23:01,19,22,227,544
2023-11-21 12:23:12,17,22,252,569
2023-11-21 12:24:01,16,22,252,569
2023-11-21 12:24:01,19,22,252,569
2023-11-21 12:25:01,14,22,252,569
2023-11-21 12:25:02,16,22,252,569
2023-11-21 12:25:02,18,22,252,569
2023-11-21 12:25:34,18,23,252,569
2023-11-21 12:26:02,0,23,252,569
2023-11-21 12:26:02,15,23,252,569
2023-11-21 12:26:02,16,23,252,569
2023-11-21 12:26:02,18,23,252,569
2023-11-21 12:27:02,16,23,252,569
2023-11-21 12:27:03,15,26,252,569
2023-11-21 12:27:03,16,100,252,569
2023-11-21 12:27:03,18,100,252,569
2023-11-21 12:27:03,18,28,252,569
2023-11-21 12:27:03,18,24,252,569
2023-11-21 12:27:12,18,23,252,569
2023-11-21 12:27:24,18,24,252,569
2023-11-21 12:27:25,15,24,252,569
2023-11-21 12:27:25,15,100,252,569
2023-11-21 12:27:25,17,100,252,569
2023-11-21 12:27:25,19,100,252,569
2023-11-21 12:27:25,19,29,252,569
2023-11-21 12:27:25,19,25,252,569
2023-11-21 12:27:27,19,24,252,569
2023-11-21 12:27:31,19,25,252,569
2023-11-21 12:27:44,19,24,252,569
2023-11-21 12:28:25,17,24,252,569
2023-11-21 12:28:26,18,24,252,569
2023-11-21 12:29:15,16,24,252,569
2023-11-21 12:29:15,18,24,252,569
2023-11-21 12:29:15,20,24,252,569
2023-11-21 12:29:21,20,25,252,569
2023-11-21 12:30:15,0,25,252,569
2023-11-21 12:30:15,21,25,252,569
2023-11-21 12:31:15,17,25,252,569
2023-11-21 12:31:16,18,25,252,569
2023-11-21 12:31:16,21,25,252,569
2023-11-21 12:31:32,21,26,252,569
2023-11-21 12:31:42,21,25,252,569
2023-11-21 12:32:16,17,25,252,569
2023-11-21 12:32:16,17,28,252,569
2023-11-21 12:32:16,17,31,252,569
2023-11-21 12:32:16,17,34,252,569
2023-11-21 12:32:16,17,100,252,569
2023-11-21 12:32:16,19,100,252,569
2023-11-21 12:32:16,22,100,252,569
2023-11-21 12:32:16,22,29,252,569
2023-11-21 12:32:16,22,27,252,569
2023-11-21 12:33:16,0,27,252,569
2023-11-21 12:33:16,18,27,252,569
2023-11-21 12:33:17,19,27,252,569
2023-11-21 12:33:17,21,27,252,569
2023-11-21 12:34:17,18,27,252,569
2023-11-21 12:34:18,22,27,252,569
2023-11-21 12:34:38,18,27,252,569
2023-11-21 12:34:38,21,27,252,569
2023-11-21 12:34:38,21,26,252,569
2023-11-21 12:35:18,21,27,252,569
2023-11-21 12:35:18,17,27,252,569
2023-11-21 12:35:18,19,27,252,569
2023-11-21 12:35:18,19,25,252,569
2023-11-21 12:36:18,17,25,252,569
2023-11-21 12:36:19,17,25,252,569
2023-11-21 12:36:19,20,25,252,569
2023-11-21 12:36:24,20,26,252,569
2023-11-21 12:36:27,20,25,252,569
2023-11-21 12:36:30,20,26,252,569
2023-11-21 12:36:38,20,25,252,569
2023-11-21 12:36:41,16,25,252,569
2023-11-21 12:36:41,19,25,252,569
2023-11-21 12:36:41,21,25,252,569
2023-11-21 12:36:42,21,27,252,569
2023-11-21 12:36:45,21,26,252,569
2023-11-21 12:37:36,17,26,252,569
2023-11-21 12:37:36,20,26,252,569
2023-11-21 12:38:36,18,26,252,569
2023-11-21 12:38:37,0,35,252,569
2023-11-21 12:38:37,18,100,252,569
2023-11-21 12:38:37,20,100,252,569
2023-11-21 12:38:37,20,30,252,569
2023-11-21 12:38:37,20,28,252,569
2023-11-21 12:38:37,20,26,252,569
2023-11-21 12:38:51,20,25,252,569
2023-11-21 12:39:18,20,26,252,569
2023-11-21 12:39:34,17,26,252,569
2023-11-21 12:39:34,18,26,252,569
2023-11-21 12:39:34,19,26,252,569
2023-11-21 12:39:34,21,26,252,569
2023-11-21 12:39:48,21,27,252,569
2023-11-21 12:40:34,19,27,252,569
2023-11-21 12:40:35,22,28,252,569
2023-11-21 12:40:46,22,28,253,570
2023-11-21 12:41:35,20,28,253,570
2023-11-21 12:41:36,20,100,253,570
2023-11-21 12:41:36,22,100,253,570
2023-11-21 12:41:36,22,30,253,570
2023-11-21 12:41:36,22,28,253,570
2023-11-21 12:41:47,22,26,253,570
2023-11-21 12:42:08,0,26,253,570
2023-11-21 12:42:08,19,26,253,570
2023-11-21 12:42:08,21,26,253,570
2023-11-21 12:43:08,19,26,253,570
2023-11-21 12:43:09,18,26,253,570
2023-11-21 12:43:09,20,26,253,570
2023-11-21 12:43:55,0,26,253,570
2023-11-21 12:43:55,22,26,253,570
2023-11-21 12:43:58,22,27,253,570
2023-11-21 12:44:31,22,26,253,570
2023-11-21 12:44:55,20,26,253,570
2023-11-21 12:44:56,15,26,253,570
2023-11-21 12:44:56,12,26,253,570
2023-11-21 12:44:56,9,26,253,570
2023-11-21 12:44:56,0,26,253,570
2023-11-21 12:44:56,21,26,253,570
2023-11-21 12:45:08,21,27,253,570
2023-11-21 12:45:18,20,27,253,570
2023-11-21 12:45:18,22,27,253,570
2023-11-21 12:45:18,22,28,253,570
2023-11-21 12:46:03,20,28,253,570
2023-11-21 12:46:03,21,28,253,570
2023-11-21 12:46:03,24,28,253,570
2023-11-21 12:46:37,24,30,253,570
2023-11-21 12:46:52,24,28,253,570
2023-11-21 12:47:03,0,28,253,570
2023-11-21 12:47:03,22,28,253,570
2023-11-21 12:47:04,24,28,253,570
2023-11-21 12:47:08,24,30,253,570
2023-11-21 12:47:27,24,29,253,570
2023-11-21 12:48:04,22,29,253,570
2023-11-21 12:48:05,24,29,253,570
2023-11-21 12:49:05,21,29,253,570
2023-11-21 12:49:06,24,29,253,570
2023-11-21 12:49:12,24,30,253,570
2023-11-21 12:49:17,24,28,253,570
2023-11-21 12:49:23,24,30,253,570
2023-11-21 12:49:33,21,30,253,570
2023-11-21 12:49:33,21,100,253,570
2023-11-21 12:49:33,22,100,253,570
2023-11-21 12:49:33,24,100,253,570
2023-11-21 12:49:33,26,100,253,570
2023-11-21 12:49:33,26,31,253,570
2023-11-21 12:49:49,21,31,253,570
2023-11-21 12:49:49,23,31,253,570
2023-11-21 12:49:49,25,31,253,570
2023-11-21 12:49:49,27,31,253,570
2023-11-21 12:49:55,27,33,253,570
2023-11-21 12:49:57,27,32,253,570
2023-11-21 12:50:49,25,32,253,570
2023-11-21 12:50:50,25,32,253,570
2023-11-21 12:50:50,27,32,253,570
2023-11-21 12:50:55,27,33,253,570
2023-11-21 12:50:57,27,32,253,570
2023-11-21 12:51:01,27,33,253,570
2023-11-21 12:51:50,25,33,253,570
2023-11-21 12:51:51,26,33,253,570
2023-11-21 12:51:51,28,33,253,570
2023-11-21 12:52:12,0,33,253,570
2023-11-21 12:52:12,24,33,253,570
2023-11-21 12:52:12,26,33,253,570
2023-11-21 12:52:12,26,32,253,570
2023-11-21 12:53:12,24,32,253,570
2023-11-21 12:53:13,25,32,253,570
2023-11-21 12:53:13,27,32,253,570
2023-11-21 12:54:13,24,32,253,570
2023-11-21 12:54:14,27,32,253,570
2023-11-21 12:54:15,27,33,253,570
2023-11-21 12:54:29,27,32,253,570
2023-11-21 12:55:14,25,32,253,570
2023-11-21 12:55:15,26,32,253,570
2023-11-21 12:55:15,28,32,253,570
2023-11-21 12:55:33,24,32,253,570
2023-11-21 12:55:33,25,32,253,570
2023-11-21 12:55:33,27,32,253,570
2023-11-21 12:56:25,27,33,253,570
2023-11-21 12:56:27,24,33,253,570
2023-11-21 12:56:27,24,100,253,570
2023-11-21 12:56:27,28,100,253,570
2023-11-21 12:56:27,28,38,253,570
2023-11-21 12:56:27,28,34,253,570
2023-11-21 12:56:36,28,33,253,570
2023-11-21 12:57:27,0,33,253,570
2023-11-21 12:57:28,25,33,253,570
2023-11-21 12:57:28,27,33,253,570
2023-11-21 12:57:28,28,33,253,570
2023-11-21 12:57:32,28,35,253,570
2023-11-21 12:57:54,26,35,253,570
2023-11-21 12:57:54,26,100,253,570
2023-11-21 12:57:54,28,100,253,570
2023-11-21 12:57:54,30,100,253,570
2023-11-21 12:57:54,30,40,253,570
2023-11-21 12:57:54,30,36,253,570
2023-11-21 12:58:54,28,36,253,570
2023-11-21 12:58:55,30,36,253,570
2023-11-21 12:58:55,30,35,253,570
2023-11-21 12:59:55,30,37,253,570
2023-11-21 12:59:56,28,100,253,570
2023-11-21 12:59:56,28,39,253,570
2023-11-21 12:59:56,28,35,253,570
2023-11-21 12:59:57,28,33,253,570
2023-11-21 13:00:02,28,35,253,570
2023-11-21 13:00:05,28,33,253,570
2023-11-21 13:00:24,0,33,253,570
2023-11-21 13:00:24,26,33,253,570
2023-11-21 13:00:24,28,33,253,570
2023-11-21 13:00:40,0,33,253,570
2023-11-21 13:00:40,26,33,253,570
2023-11-21 13:00:40,26,32,253,570
2023-11-21 13:01:19,26,33,253,570
2023-11-21 13:01:19,0,33,253,570
2023-11-21 13:01:19,21,33,253,570
2023-11-21 13:01:19,23,33,253,570
2023-11-21 13:01:19,25,33,253,570
2023-11-21 13:01:19,25,31,253,570
2023-11-21 13:01:34,25,100,253,570
2023-11-21 13:01:34,20,100,253,570
2023-11-21 13:01:34,21,100,253,570
2023-11-21 13:01:34,23,100,253,570
2023-11-21 13:01:34,23,31,253,570
2023-11-21 13:01:34,23,29,253,570
2023-11-21 13:01:42,23,26,253,570
2023-11-21 13:01:43,0,26,253,570
2023-11-21 13:01:43,19,26,253,570
2023-11-21 13:01:43,20,26,253,570
2023-11-21 13:01:43,22,26,253,570
2023-11-21 13:01:50,18,26,253,570
2023-11-21 13:01:50,20,26,253,570
2023-11-21 13:02:33,18,26,253,570
2023-11-21 13:02:33,18,27,253,570
2023-11-21 13:02:33,22,27,253,570
2023-11-21 13:02:47,18,27,253,570
2023-11-21 13:02:47,20,27,253,570
2023-11-21 13:02:47,20,26,253,570
2023-11-21 13:03:43,20,27,253,570
2023-11-21 13:03:43,0,27,253,570
2023-11-21 13:03:43,19,27,253,570
2023-11-21 13:03:43,19,25,253,570
2023-11-21 13:03:49,19,100,253,570
2023-11-21 13:03:49,14,100,253,570
2023-11-21 13:03:49,15,100,253,570
2023-11-21 13:03:49,18,100,253,570
2023-11-21 13:03:49,18,27,253,570
2023-11-21 13:03:49,18,25,253,570
2023-11-21 13:03:49,18,23,253,570
2023-11-21 13:04:49,16,23,253,570
2023-11-21 13:04:50,15,23,253,570
2023-11-21 13:04:50,17,23,253,570
2023-11-21 13:05:50,17,25,253,570
2023-11-21 13:05:51,15,100,253,570
2023-11-21 13:05:51,18,100,253,570
2023-11-21 13:05:51,18,25,253,570
2023-11-21 13:05:51,18,23,253,570
2023-11-21 13:05:52,18,22,253,570
2023-11-21 13:05:55,18,23,253,570
2023-11-21 13:06:43,13,23,253,570
2023-11-21 13:06:43,14,23,253,570
2023-11-21 13:06:43,16,23,253,570
2023-11-21 13:06:43,16,22,253,570
2023-11-21 13:07:16,15,22,253,570
2023-11-21 13:07:16,15,23,253,570
2023-11-21 13:07:16,16,23,253,570
2023-11-21 13:07:16,18,23,253,570
2023-11-21 13:07:48,18,24,253,570
2023-11-21 13:08:08,18,23,253,570
2023-11-21 13:08:16,16,23,253,570
2023-11-21 13:08:17,16,23,253,570
2023-11-21 13:08:17,18,23,253,570
2023-11-21 13:08:26,18,24,253,570
2023-11-21 13:08:54,15,24,253,570
2023-11-21 13:08:54,20,24,253,570
2023-11-21 13:08:56,20,25,253,570
2023-11-21 13:09:54,20,26,253,570
2023-11-21 13:09:55,19,26,253,570
2023-11-21 13:09:55,21,26,253,570
2023-11-21 13:10:46,17,26,253,570
2023-11-21 13:10:46,19,26,253,570
2023-11-21 13:10:46,19,25,253,570
2023-11-21 13:11:23,19,24,253,570
2023-11-21 13:11:43,15,24,253,570
2023-11-21 13:11:43,18,24,253,570
2023-11-21 13:11:50,0,24,253,570
2023-11-21 13:11:50,17,24,253,570
2023-11-21 13:11:50,17,23,253,570
2023-11-21 13:12:50,17,25,253,570
2023-11-21 13:12:51,15,100,253,570
2023-11-21 13:12:51,17,100,253,570
2023-11-21 13:12:51,17,27,253,570
2023-11-21 13:12:51,17,25,253,570
2023-11-21 13:12:51,17,23,253,570
2023-11-21 13:12:52,17,22,253,570
2023-11-21 13:13:51,15,22,253,570
2023-11-21 13:13:51,16,22,253,570
2023-11-21 13:14:21,16,20,253,570
2023-11-21 13:14:27,12,20,253,570
2023-11-21 13:14:27,15,20,253,570
2023-11-21 13:15:27,10,20,253,570
2023-11-21 13:15:28,13,20,253,570
2023-11-21 13:15:28,15,20,253,570
2023-11-21 13:15:56,10,20,253,570
2023-11-21 13:15:56,10,100,253,570
2023-11-21 13:15:56,16,100,253,570
2023-11-21 13:15:56,16,22,253,570
2023-11-21 13:16:05,16,21,253,570
2023-11-21 13:16:56,14,21,253,570
2023-11-21 13:16:57,13,21,253,570
2023-11-21 13:16:57,15,21,253,570
2023-11-21 13:17:14,0,21,253,570
2023-11-21 13:17:14,14,21,253,570
2023-11-21 13:17:14,14,20,253,570
2023-11-21 13:17:44,14,18,253,570
2023-11-21 13:18:14,10,18,253,570
2023-11-21 13:18:15,11,18,253,570
2023-11-21 13:18:15,12,18,253,570
2023-11-21 13:18:15,14,18,253,570
2023-11-21 13:18:20,14,20,253,570
2023-11-21 13:18:23,14,19,253,570
2023-11-21 13:18:48,14,20,253,570
2023-11-21 13:18:50,10,20,253,570
2023-11-21 13:18:50,10,100,253,570
2023-11-21 13:18:50,13,100,253,570
2023-11-21 13:18:50,14,100,253,570
2023-11-21 13:18:50,16,100,253,570
2023-11-21 13:18:50,16,26,253,570
2023-11-21 13:18:50,16,24,253,570
2023-11-21 13:18:50,16,22,253,570
2023-11-21 13:18:51,16,20,253,570
2023-11-21 13:19:02,16,22,253,570
2023-11-21 13:19:05,16,20,253,570
2023-11-21 13:19:08,16,22,253,570
2023-11-21 13:19:12,16,21,253,570
2023-11-21 13:19:50,0,21,253,570
2023-11-21 13:19:51,13,21,253,570
2023-11-21 13:19:51,15,21,253,570
2023-11-21 13:20:51,10,21,253,570
2023-11-21 13:20:51,12,21,253,570
2023-11-21 13:20:51,14,21,253,570
2023-11-21 13:20:51,14,20,253,570
2023-11-21 13:21:14,14,17,253,570
2023-11-21 13:21:51,12,17,253,570
2023-11-21 13:21:52,13,17,253,570
2023-11-21 13:22:39,13,19,253,570
2023-11-21 13:22:49,13,16,253,570
2023-11-21 13:22:53,9,16,253,570
2023-11-21 13:22:53,10,16,253,570
2023-11-21 13:22:53,13,16,253,570
2023-11-21 13:23:19,9,16,253,570
2023-11-21 13:23:19,11,16,253,570
2023-11-21 13:23:19,12,16,253,570
2023-11-21 13:23:20,0,16,778,1095
2023-11-21 13:23:23,7,16,778,1095
2023-11-21 13:23:33,8,16,778,1095
2023-11-21 13:23:33,9,16,778,1095
2023-11-21 13:23:33,10,16,778,1095
2023-11-21 13:24:33,8,16,778,1095
2023-11-21 13:24:34,8,16,778,1095
2023-11-21 13:24:34,10,16,778,1095
2023-11-21 13:25:01,10,14,778,1095
2023-11-21 13:25:34,6,14,778,1095
2023-11-21 13:25:34,10,14,778,1095
2023-11-21 13:25:37,10,16,778,1095
2023-11-21 13:26:31,0,16,778,1095
2023-11-21 13:26:31,9,16,778,1095
2023-11-21 13:26:31,9,15,778,1095
2023-11-21 13:26:50,6,15,778,1095
2023-11-21 13:26:50,6,16,778,1095
2023-11-21 13:26:50,10,16,778,1095
2023-11-21 13:27:47,10,14,778,1095
2023-11-21 13:27:51,6,14,778,1095
2023-11-21 13:27:51,9,14,778,1095
2023-11-21 13:27:51,10,14,778,1095
2023-11-21 13:28:16,10,15,778,1095
2023-11-21 13:28:22,7,15,778,1095
2023-11-21 13:28:22,7,100,778,1095
2023-11-21 13:28:22,10,100,778,1095
2023-11-21 13:28:22,11,100,778,1095
2023-11-21 13:28:22,11,17,778,1095
2023-11-21 13:28:35,11,16,778,1095
2023-11-21 13:28:46,7,16,778,1095
2023-11-21 13:28:46,7,19,778,1095
2023-11-21 13:28:46,7,22,778,1095
2023-11-21 13:28:46,7,25,778,1095
2023-11-21 13:28:46,12,25,778,1095
2023-11-21 13:28:46,12,100,778,1095
2023-11-21 13:28:46,12,18,778,1095
2023-11-21 13:29:05,12,16,778,1095
2023-11-21 13:29:40,12,18,778,1095
2023-11-21 13:29:46,0,18,778,1095
2023-11-21 13:29:47,12,100,778,1095
2023-11-21 13:29:47,12,18,778,1095
2023-11-21 13:29:51,12,17,778,1095
2023-11-21 13:30:47,9,17,778,1095
2023-11-21 13:30:48,10,17,778,1095
2023-11-21 13:30:48,12,17,778,1095
2023-11-21 13:31:11,12,18,778,1095
2023-11-21 13:31:15,12,100,778,1095
2023-11-21 13:31:15,8,100,778,1095
2023-11-21 13:31:15,9,100,778,1095
2023-11-21 13:31:15,10,100,778,1095
2023-11-21 13:31:15,11,100,778,1095
2023-11-21 13:31:15,11,20,778,1095
2023-11-21 13:31:15,11,17,778,1095
2023-11-21 13:31:20,11,15,778,1095
2023-11-21 13:31:36,11,17,778,1095
2023-11-21 13:31:48,8,17,778,1095
2023-11-21 13:31:48,8,100,778,1095
2023-11-21 13:31:48,11,100,778,1095
2023-11-21 13:31:48,12,100,778,1095
2023-11-21 13:31:48,12,18,778,1095
2023-11-21 13:31:49,12,17,778,1095
2023-11-21 13:32:48,0,17,778,1095
2023-11-21 13:32:49,10,17,778,1095
2023-11-21 13:32:49,12,17,778,1095
2023-11-21 13:33:21,12,18,778,1095
2023-11-21 13:33:24,10,18,778,1095
2023-11-21 13:33:24,13,18,778,1095
2023-11-21 13:33:24,14,18,778,1095
2023-11-21 13:33:26,14,19,778,1095
2023-11-21 13:34:03,10,19,778,1095
2023-11-21 13:34:03,10,20,778,1095
2023-11-21 13:34:03,15,20,778,1095
2023-11-21 13:34:04,15,21,778,1095
2023-11-21 13:34:49,10,21,778,1095
2023-11-21 13:34:49,10,22,778,1095
2023-11-21 13:34:49,17,22,778,1095
2023-11-21 13:35:05,10,22,778,1095
2023-11-21 13:35:05,12,22,778,1095
2023-11-21 13:35:05,13,22,778,1095
2023-11-21 13:35:05,15,22,778,1095
2023-11-21 13:35:05,15,21,778,1095
2023-11-21 13:35:36,15,22,778,1095
2023-11-21 13:35:36,12,22,778,1095
2023-11-21 13:35:36,14,22,778,1095
2023-11-21 13:35:36,14,20,778,1095
2023-11-21 13:36:24,11,20,778,1095
2023-11-21 13:36:24,11,21,778,1095
2023-11-21 13:36:24,15,21,778,1095
2023-11-21 13:37:13,15,100,778,1095
2023-11-21 13:37:13,11,100,778,1095
2023-11-21 13:37:13,14,100,778,1095
2023-11-21 13:37:13,14,23,778,1095
2023-11-21 13:37:13,14,22,778,1095
2023-11-21 13:37:13,14,20,778,1095
2023-11-21 13:37:17,14,19,778,1095
2023-11-21 13:37:39,14,20,778,1095
2023-11-21 13:37:45,11,20,778,1095
2023-11-21 13:37:45,11,100,778,1095
2023-11-21 13:37:45,12,100,778,1095
2023-11-21 13:37:45,13,100,778,1095
2023-11-21 13:37:45,15,100,778,1095
2023-11-21 13:37:45,15,23,778,1095
2023-11-21 13:37:45,15,21,778,1095
2023-11-21 13:37:53,15,20,778,1095
2023-11-21 13:38:10,11,20,778,1095
2023-11-21 13:38:10,14,20,778,1095
2023-11-21 13:38:31,11,20,778,1095
2023-11-21 13:38:31,12,20,778,1095
2023-11-21 13:38:31,13,20,778,1095
2023-11-21 13:38:31,15,20,778,1095
2023-11-21 13:38:43,15,21,778,1095
2023-11-21 13:38:50,11,21,778,1095
2023-11-21 13:38:50,13,21,778,1095
2023-11-21 13:38:50,16,21,778,1095
2023-11-21 13:38:50,16,22,778,1095
2023-11-21 13:39:50,16,23,778,1095
2023-11-21 13:39:51,17,23,778,1095
2023-11-21 13:40:51,15,23,778,1095
2023-11-21 13:40:52,15,23,778,1095
2023-11-21 13:40:52,16,23,778,1095
2023-11-21 13:40:52,18,23,778,1095
2023-11-21 13:41:18,18,24,778,1095
2023-11-21 13:41:29,18,24,828,1145
2023-11-21 13:41:52,16,24,828,1145
2023-11-21 13:41:52,17,24,828,1145
2023-11-21 13:41:52,19,24,828,1145
2023-11-21 13:42:52,17,24,828,1145
2023-11-21 13:42:53,19,25,828,1145
2023-11-21 13:43:07,17,25,828,1145
2023-11-21 13:43:07,17,100,828,1145
2023-11-21 13:43:07,21,100,828,1145
2023-11-21 13:43:07,21,29,828,1145
2023-11-21 13:43:07,21,27,828,1145
2023-11-21 13:44:07,18,27,828,1145
2023-11-21 13:44:08,20,27,828,1145
2023-11-21 13:44:08,20,26,828,1145
2023-11-21 13:44:11,20,27,828,1145
2023-11-21 13:44:11,17,27,828,1145
2023-11-21 13:44:11,19,27,828,1145
2023-11-21 13:44:11,19,25,828,1145
2023-11-21 13:44:55,17,25,828,1145
2023-11-21 13:44:55,17,100,828,1145
2023-11-21 13:44:55,18,100,828,1145
2023-11-21 13:44:55,20,100,828,1145
2023-11-21 13:44:55,20,30,828,1145
2023-11-21 13:44:55,20,28,828,1145
2023-11-21 13:44:55,20,26,828,1145
2023-11-21 13:45:55,18,26,828,1145
2023-11-21 13:45:56,18,26,828,1145
2023-11-21 13:45:56,20,26,828,1145
2023-11-21 13:46:15,17,26,828,1145
2023-11-21 13:46:15,17,28,828,1145
2023-11-21 13:46:15,21,28,828,1145
2023-11-21 13:46:15,21,27,828,1145
2023-11-21 13:47:16,21,28,828,1145
2023-11-21 13:47:16,21,28,828,1145
2023-11-21 13:47:16,21,27,828,1145
2023-11-21 13:47:49,21,28,828,1145
2023-11-21 13:47:49,18,28,828,1145
2023-11-21 13:47:49,20,28,828,1145
2023-11-21 13:47:49,20,26,828,1145
2023-11-21 13:47:53,20,28,828,1145
2023-11-21 13:47:53,18,28,828,1145
2023-11-21 13:47:53,18,26,828,1145
2023-11-21 13:47:53,18,24,828,1145
2023-11-21 13:48:53,16,24,828,1145
2023-11-21 13:48:53,16,25,828,1145
2023-11-21 13:48:54,18,25,828,1145
2023-11-21 13:48:54,18,24,828,1145
2023-11-21 13:49:07,0,24,828,1145
2023-11-21 13:49:07,0,25,828,1145
2023-11-21 13:49:07,17,25,828,1145
2023-11-21 13:49:07,19,25,828,1145
2023-11-21 13:49:32,18,25,828,1145
2023-11-21 13:49:32,18,27,828,1145
2023-11-21 13:49:32,21,27,828,1145
2023-11-21 13:49:32,21,26,828,1145
2023-11-21 13:50:32,19,26,828,1145
2023-11-21 13:50:33,21,28,828,1145
2023-11-21 13:50:33,21,27,828,1145
2023-11-21 13:51:33,19,27,828,1145
2023-11-21 13:51:34,20,100,828,1145
2023-11-21 13:51:34,22,100,828,1145
2023-11-21 13:51:34,22,32,828,1145
2023-11-21 13:51:34,22,30,828,1145
2023-11-21 13:51:34,22,28,828,1145
2023-11-21 13:52:35,22,100,828,1145
2023-11-21 13:52:35,23,100,828,1145
2023-11-21 13:52:35,23,31,828,1145
2023-11-21 13:52:35,23,29,828,1145
2023-11-21 13:53:02,0,29,828,1145
2023-11-21 13:53:02,0,100,828,1145
2023-11-21 13:53:02,22,100,828,1145
2023-11-21 13:53:02,24,100,828,1145
2023-11-21 13:53:02,24,30,828,1145
2023-11-21 13:53:49,0,30,828,1145
2023-11-21 13:53:49,0,100,828,1145
2023-11-21 13:53:49,22,100,828,1145
2023-11-21 13:53:49,24,100,828,1145
2023-11-21 13:53:49,26,100,828,1145
2023-11-21 13:53:49,26,32,828,1145
2023-11-21 13:54:49,26,34,828,1145
2023-11-21 13:54:50,21,100,828,1145
2023-11-21 13:54:50,25,100,828,1145
2023-11-21 13:54:50,25,33,828,1145
2023-11-21 13:54:50,25,31,828,1145
2023-11-21 13:55:50,21,31,828,1145
2023-11-21 13:55:51,26,100,828,1145
2023-11-21 13:55:51,26,35,828,1145
2023-11-21 13:55:51,26,31,828,1145
2023-11-21 13:56:51,24,31,828,1145
2023-11-21 13:56:52,22,100,828,1145
2023-11-21 13:56:52,24,100,828,1145
2023-11-21 13:56:52,26,100,828,1145
2023-11-21 13:56:52,26,31,828,1145
2023-11-21 13:57:01,26,100,828,1145
2023-11-21 13:57:01,0,100,828,1145
2023-11-21 13:57:01,24,100,828,1145
2023-11-21 13:57:01,24,30,828,1145
2023-11-21 13:57:19,24,100,828,1145
2023-11-21 13:57:19,0,100,828,1145
2023-11-21 13:57:19,19,100,828,1145
2023-11-21 13:57:19,20,100,828,1145
2023-11-21 13:57:19,22,100,828,1145
2023-11-21 13:57:19,22,30,828,1145
2023-11-21 13:57:19,22,28,828,1145
2023-11-21 13:58:19,19,28,828,1145
2023-11-21 13:58:20,22,100,828,1145
2023-11-21 13:58:20,22,30,828,1145
2023-11-21 13:58:20,22,28,828,1145
2023-11-21 13:58:39,22,100,828,1145
2023-11-21 13:58:39,0,100,828,1145
2023-11-21 13:58:39,18,100,828,1145
2023-11-21 13:58:39,20,100,828,1145
2023-11-21 13:58:39,20,30,828,1145
2023-11-21 13:58:39,20,28,828,1145
2023-11-21 13:58:39,20,26,828,1145
2023-11-21 13:59:18,20,100,828,1145
2023-11-21 13:59:18,0,100,828,1145
2023-11-21 13:59:18,17,100,828,1145
2023-11-21 13:59:18,19,100,828,1145
2023-11-21 13:59:18,19,29,828,1145
2023-11-21 13:59:18,19,25,828,1145
2023-11-21 14:00:06,19,100,828,1145
2023-11-21 14:00:06,0,100,828,1145
2023-11-21 14:00:06,14,100,828,1145
2023-11-21 14:00:06,15,100,828,1145
2023-11-21 14:00:06,17,100,828,1145
2023-11-21 14:00:06,17,23,828,1145
2023-11-21 14:00:28,17,100,828,1145
2023-11-21 14:00:28,0,100,828,1145
2023-11-21 14:00:28,10,100,828,1145
2023-11-21 14:00:28,11,100,828,1145
2023-11-21 14:00:28,13,100,828,1145
2023-11-21 14:00:28,13,27,828,1145
2023-11-21 14:00:28,13,25,828,1145
2023-11-21 14:00:28,13,23,828,1145
2023-11-21 14:00:31,13,100,828,1145
2023-11-21 14:00:31,0,100,828,1145
2023-11-21 14:00:31,11,100,828,1145
2023-11-21 14:00:31,14,100,828,1145
2023-11-21 14:00:31,14,23,828,1145
2023-11-21 14:00:31,14,20,828,1145
2023-11-21 14:00:31,14,100,828,1145
2023-11-21 14:00:31,0,100,828,1145
2023-11-21 14:00:31,12,100,828,1145
2023-11-21 14:00:31,13,100,828,1145
2023-11-21 14:00:31,13,20,828,1145
2023-11-21 14:00:31,13,18,828,1145
2023-11-21 14:00:33,13,100,828,1145
2023-11-21 14:00:33,0,100,828,1145
2023-11-21 14:00:33,11,100,828,1145
2023-11-21 14:00:33,11,17,828,1145
2023-11-21 14:00:40,0,17,828,1145
2023-11-21 14:00:40,0,100,828,1145
2023-11-21 14:00:40,10,100,828,1145
2023-11-21 14:00:40,13,100,828,1145
2023-11-21 14:00:40,13,19,828,1145
2023-11-21 14:00:58,0,19,828,1145
2023-11-21 14:00:58,0,100,828,1145
2023-11-21 14:00:58,12,100,828,1145
2023-11-21 14:00:58,15,100,828,1145
2023-11-21 14:00:58,15,23,828,1145
2023-11-21 14:00:58,15,21,828,1145
2023-11-21 14:01:33,0,21,828,1145
2023-11-21 14:01:33,0,100,828,1145
2023-11-21 14:01:33,15,100,828,1145
2023-11-21 14:01:33,17,100,828,1145
2023-11-21 14:01:33,17,22,828,1145
2023-11-21 14:01:38,0,22,828,1145
2023-11-21 14:01:38,0,100,828,1145
2023-11-21 14:01:38,15,100,828,1145
2023-11-21 14:01:38,16,100,828,1145
2023-11-21 14:01:38,18,100,828,1145
2023-11-21 14:01:38,18,28,828,1145
2023-11-21 14:01:38,18,24,828,1145
2023-11-21 14:01:41,0,24,828,1145
2023-11-21 14:01:41,0,100,828,1145
2023-11-21 14:01:41,16,100,828,1145
2023-11-21 14:01:41,19,100,828,1145
2023-11-21 14:01:41,19,27,828,1145
2023-11-21 14:01:41,19,25,828,1145
2023-11-21 14:02:16,19,100,828,1145
2023-11-21 14:02:16,0,100,828,1145
2023-11-21 14:02:16,18,100,828,1145
2023-11-21 14:02:16,18,28,828,1145
2023-11-21 14:02:16,18,24,828,1145
2023-11-21 14:02:30,0,24,828,1145
2023-11-21 14:02:30,0,100,828,1145
2023-11-21 14:02:30,17,100,828,1145
2023-11-21 14:02:30,19,100,828,1145
2023-11-21 14:02:30,19,27,828,1145
2023-11-21 14:02:30,19,25,828,1145
2023-11-21 14:02:41,19,100,828,1145
2023-11-21 14:02:41,0,100,828,1145
2023-11-21 14:02:41,15,100,828,1145
2023-11-21 14:02:41,18,100,828,1145
2023-11-21 14:02:41,18,24,828,1145
2023-11-21 14:02:50,18,100,828,1145
2023-11-21 14:02:50,0,100,828,1145
2023-11-21 14:02:50,15,100,828,1145
2023-11-21 14:02:50,17,100,828,1145
2023-11-21 14:02:50,17,26,828,1145
2023-11-21 14:02:50,17,22,828,1145
2023-11-21 14:03:12,0,22,828,1145
2023-11-21 14:03:12,0,100,828,1145
2023-11-21 14:03:12,15,100,828,1145
2023-11-21 14:03:12,16,100,828,1145
2023-11-21 14:03:12,18,100,828,1145
2023-11-21 14:03:12,18,24,828,1145
2023-11-21 14:03:15,0,24,828,1145
2023-11-21 14:03:15,0,100,828,1145
2023-11-21 14:03:15,16,100,828,1145
2023-11-21 14:03:15,17,100,828,1145
2023-11-21 14:03:15,19,100,828,1145
2023-11-21 14:03:15,19,29,828,1145
2023-11-21 14:03:15,19,27,828,1145
2023-11-21 14:03:15,19,25,828,1145
2023-11-21 14:03:40,0,25,828,1145
2023-11-21 14:03:40,0,100,828,1145
2023-11-21 14:03:40,18,100,828,1145
2023-11-21 14:03:40,19,100,828,1145
2023-11-21 14:03:40,21,100,828,1145
2023-11-21 14:03:40,21,31,828,1145
2023-11-21 14:03:40,21,27,828,1145
2023-11-21 14:03:47,0,27,828,1145
2023-11-21 14:03:47,0,100,828,1145
2023-11-21 14:03:47,20,100,828,1145
2023-11-21 14:03:47,22,100,828,1145
2023-11-21 14:03:47,22,28,828,1145
2023-11-21 14:04:27,22,100,828,1145
2023-11-21 14:04:27,0,100,828,1145
2023-11-21 14:04:27,21,100,828,1145
2023-11-21 14:04:27,21,26,828,1145
2023-11-21 14:04:38,21,100,828,1145
2023-11-21 14:04:38,0,100,828,1145
2023-11-21 14:04:38,17,100,828,1145
2023-11-21 14:04:38,19,100,828,1145
2023-11-21 14:04:38,19,25,828,1145
2023-11-21 14:05:12,19,100,828,1145
2023-11-21 14:05:12,0,100,828,1145
2023-11-21 14:05:12,15,100,828,1145
2023-11-21 14:05:12,18,100,828,1145
2023-11-21 14:05:12,18,28,828,1145
2023-11-21 14:05:12,18,26,828,1145
2023-11-21 14:05:12,18,24,828,1145
2023-11-21 14:05:17,18,100,828,1145
2023-11-21 14:05:17,0,100,828,1145
2023-11-21 14:05:17,14,100,828,1145
2023-11-21 14:05:17,16,100,828,1145
2023-11-21 14:05:17,16,22,828,1145
2023-11-21 14:05:25,16,100,828,1145
2023-11-21 14:05:25,0,100,828,1145
2023-11-21 14:05:25,15,100,828,1145
2023-11-21 14:05:25,15,24,828,1145
2023-11-21 14:05:25,15,23,828,1145
2023-11-21 14:05:25,15,21,828,1145
2023-11-21 14:05:49,0,21,828,1145
2023-11-21 14:05:49,0,100,828,1145
2023-11-21 14:05:49,14,100,828,1145
2023-11-21 14:05:49,16,100,828,1145
2023-11-21 14:05:49,16,24,828,1145
2023-11-21 14:05:49,16,22,828,1145
2023-11-21 14:06:04,0,22,828,1145
2023-11-21 14:06:04,0,100,828,1145
2023-11-21 14:06:04,15,100,828,1145
2023-11-21 14:06:04,16,100,828,1145
2023-11-21 14:06:04,18,100,828,1145
2023-11-21 14:06:04,18,24,828,1145
2023-11-21 14:07:04,16,24,828,1145
2023-11-21 14:07:05,17,100,828,1145
2023-11-21 14:07:05,17,25,828,1145
2023-11-21 14:07:05,17,23,828,1145
2023-11-21 14:07:17,0,23,828,1145
2023-11-21 14:07:17,0,100,828,1145
2023-11-21 14:07:17,16,100,828,1145
2023-11-21 14:07:17,18,100,828,1145
2023-11-21 14:07:17,18,26,828,1145
2023-11-21 14:07:17,18,24,828,1145
2023-11-21 14:08:02,18,100,828,1145
2023-11-21 14:08:02,0,100,828,1145
2023-11-21 14:08:02,15,100,828,1145
2023-11-21 14:08:02,17,100,828,1145
2023-11-21 14:08:02,17,24,828,1145
2023-11-21 14:08:02,17,22,828,1145
2023-11-21 14:08:08,17,100,828,1145
2023-11-21 14:08:08,0,100,828,1145
2023-11-21 14:08:08,12,100,828,1145
2023-11-21 14:08:08,15,100,828,1145
2023-11-21 14:08:08,15,24,828,1145
2023-11-21 14:08:08,15,21,828,1145
2023-11-21 14:08:10,15,100,828,1145
2023-11-21 14:08:10,0,100,828,1145
2023-11-21 14:08:10,11,100,828,1145
2023-11-21 14:08:10,12,100,828,1145
2023-11-21 14:08:10,14,100,828,1145
2023-11-21 14:08:10,14,19,828,1145
2023-11-21 14:08:33,14,100,828,1145
2023-11-21 14:08:33,0,100,828,1145
2023-11-21 14:08:33,12,100,828,1145
2023-11-21 14:08:33,12,18,828,1145
2023-11-21 14:09:33,11,18,828,1145
2023-11-21 14:09:34,11,100,828,1145
2023-11-21 14:09:34,13,100,828,1145
2023-11-21 14:09:34,13,20,828,1145
2023-11-21 14:09:34,13,18,828,1145
2023-11-21 14:10:15,13,100,828,1145
2023-11-21 14:10:15,0,100,828,1145
2023-11-21 14:10:15,10,100,828,1145
2023-11-21 14:10:15,11,100,828,1145
2023-11-21 14:10:15,11,19,828,1145
2023-11-21 14:10:15,11,17,828,1145
2023-11-21 14:10:58,11,100,828,1145
2023-11-21 14:10:58,0,100,828,1145
2023-11-21 14:10:58,9,100,828,1145
2023-11-21 14:10:58,10,100,828,1145
2023-11-21 14:10:58,10,19,828,1145
2023-11-21 14:10:58,10,18,828,1145
2023-11-21 14:10:58,10,16,828,1145
2023-11-21 14:11:30,0,16,828,1145
2023-11-21 14:11:30,0,100,828,1145
2023-11-21 14:11:30,12,100,828,1145
2023-11-21 14:11:30,12,19,828,1145
2023-11-21 14:11:30,12,17,828,1145
2023-11-21 14:12:09,0,17,828,1145
2023-11-21 14:12:09,0,100,828,1145
2023-11-21 14:12:09,10,100,828,1145
2023-11-21 14:12:09,13,100,828,1145
2023-11-21 14:12:09,13,21,828,1145
2023-11-21 14:12:09,13,19,828,1145
2023-11-21 14:12:28,13,100,828,1145
2023-11-21 14:12:28,0,100,828,1145
2023-11-21 14:12:28,10,100,828,1145
2023-11-21 14:12:28,11,100,828,1145
2023-11-21 14:12:28,12,100,828,1145
2023-11-21 14:12:28,12,19,828,1145
2023-11-21 14:12:28,12,17,828,1145
2023-11-21 14:12:56,0,17,828,1145
2023-11-21 14:12:56,0,100,828,1145
2023-11-21 14:12:56,10,100,828,1145
2023-11-21 14:12:56,11,100,828,1145
2023-11-21 14:12:56,13,100,828,1145
2023-11-21 14:12:56,13,21,828,1145
2023-11-21 14:12:56,13,19,828,1145
2023-11-21 14:13:02,0,19,828,1145
2023-11-21 14:13:02,0,100,828,1145
2023-11-21 14:13:02,11,100,828,1145
2023-11-21 14:13:02,14,100,828,1145
2023-11-21 14:13:02,14,23,828,1145
2023-11-21 14:13:02,14,20,828,1145
2023-11-21 14:13:15,0,20,828,1145
2023-11-21 14:13:15,0,100,828,1145
2023-11-21 14:13:15,14,100,828,1145
2023-11-21 14:13:15,16,100,828,1145
2023-11-21 14:13:15,16,21,828,1145
2023-11-21 14:14:09,0,21,828,1145
2023-11-21 14:14:09,0,100,828,1145
2023-11-21 14:14:09,14,100,828,1145
2023-11-21 14:14:09,17,100,828,1145
2023-11-21 14:14:09,17,25,828,1145
2023-11-21 14:14:09,17,23,828,1145
2023-11-21 14:15:09,15,23,828,1145
2023-11-21 14:15:10,15,100,828,1145
2023-11-21 14:15:10,18,100,828,1145
2023-11-21 14:15:10,18,24,828,1145
2023-11-21 14:15:31,0,24,828,1145
2023-11-21 14:15:31,0,100,828,1145
2023-11-21 14:15:31,17,100,828,1145
2023-11-21 14:15:31,19,100,828,1145
2023-11-21 14:15:31,19,25,828,1145
2023-11-21 14:15:35,0,25,828,1145
2023-11-21 14:15:35,0,100,828,1145
2023-11-21 14:15:35,18,100,828,1145
2023-11-21 14:15:35,21,100,828,1145
2023-11-21 14:15:35,21,30,828,1145
2023-11-21 14:15:35,21,28,828,1145
2023-11-21 14:15:35,21,26,828,1145
2023-11-21 14:15:45,21,100,828,1145
2023-11-21 14:15:45,0,100,828,1145
2023-11-21 14:15:45,16,100,828,1145
2023-11-21 14:15:45,19,100,828,1145
2023-11-21 14:15:45,19,29,828,1145
2023-11-21 14:15:45,19,25,828,1145
2023-11-21 14:16:46,19,100,828,1145
2023-11-21 14:16:46,15,100,828,1145
2023-11-21 14:16:46,16,100,828,1145
2023-11-21 14:16:46,18,100,828,1145
2023-11-21 14:16:46,18,28,828,1145
2023-11-21 14:16:46,18,26,828,1145
2023-11-21 14:16:46,18,24,828,1145
2023-11-21 14:17:03,0,24,828,1145
2023-11-21 14:17:03,0,100,828,1145
2023-11-21 14:17:03,20,100,828,1145
2023-11-21 14:17:03,20,27,828,1145
2023-11-21 14:17:03,20,25,828,1145
2023-11-21 14:17:33,20,100,828,1145
2023-11-21 14:17:33,0,100,828,1145
2023-11-21 14:17:33,18,100,828,1145
2023-11-21 14:17:33,18,24,828,1145
2023-11-21 14:17:47,18,100,828,1145
2023-11-21 14:17:47,0,100,828,1145
2023-11-21 14:17:47,14,100,828,1145
2023-11-21 14:17:47,15,100,828,1145
2023-11-21 14:17:47,17,100,828,1145
2023-11-21 14:17:47,17,27,828,1145
2023-11-21 14:17:47,17,25,828,1145
2023-11-21 14:17:47,17,23,828,1145
2023-11-21 14:17:58,0,23,828,1145
2023-11-21 14:17:58,0,100,828,1145
2023-11-21 14:17:58,16,100,828,1145
2023-11-21 14:17:58,18,100,828,1145
2023-11-21 14:17:58,18,24,828,1145
2023-11-21 14:18:09,18,100,828,1145
2023-11-21 14:18:09,0,100,828,1145
2023-11-21 14:18:09,14,100,828,1145
2023-11-21 14:18:09,15,100,828,1145
2023-11-21 14:18:09,17,100,828,1145
2023-11-21 14:18:09,17,23,828,1145
2023-11-21 14:18:12,17,100,828,1145
2023-11-21 14:18:12,0,100,828,1145
2023-11-21 14:18:12,14,100,828,1145
2023-11-21 14:18:12,16,100,828,1145
2023-11-21 14:18:12,16,25,828,1145
2023-11-21 14:18:12,16,21,828,1145
2023-11-21 14:18:14,16,100,828,1145
2023-11-21 14:18:14,0,100,828,1145
2023-11-21 14:18:14,11,100,828,1145
2023-11-21 14:18:14,14,100,828,1145
2023-11-21 14:18:14,14,20,828,1145
2023-11-21 14:18:26,14,100,828,1145
2023-11-21 14:18:26,0,100,828,1145
2023-11-21 14:18:26,12,100,828,1145
2023-11-21 14:18:26,13,100,828,1145
2023-11-21 14:18:26,13,21,828,1145
2023-11-21 14:18:26,13,19,828,1145
2023-11-21 14:18:36,13,100,828,1145
2023-11-21 14:18:36,0,100,828,1145
2023-11-21 14:18:36,12,100,828,1145
2023-11-21 14:18:36,12,19,828,1145
2023-11-21 14:18:36,12,17,828,1145
2023-11-21 14:19:09,12,100,828,1145
2023-11-21 14:19:09,0,100,828,1145
2023-11-21 14:19:09,8,100,828,1145
2023-11-21 14:19:09,10,100,828,1145
2023-11-21 14:19:09,10,19,828,1145
2023-11-21 14:19:09,10,18,828,1145
2023-11-21 14:19:09,10,16,828,1145
2023-11-21 14:19:25,0,16,828,1145
2023-11-21 14:19:25,0,100,828,1145
2023-11-21 14:19:25,11,100,828,1145
2023-11-21 14:19:25,11,19,828,1145
2023-11-21 14:19:25,11,17,828,1145
2023-11-21 14:20:25,10,17,828,1145
2023-11-21 14:20:26,11,100,828,1145
2023-11-21 14:20:26,12,100,828,1145
2023-11-21 14:20:26,12,19,828,1145
2023-11-21 14:20:26,12,17,828,1145
2023-11-21 14:20:36,12,100,828,1145
2023-11-21 14:20:36,0,100,828,1145
2023-11-21 14:20:36,9,100,828,1145
2023-11-21 14:20:36,10,100,828,1145
2023-11-21 14:20:36,10,16,828,1145
2023-11-21 14:21:16,10,100,828,1145
2023-11-21 14:21:16,0,100,828,1145
2023-11-21 14:21:16,9,100,828,1145
2023-11-21 14:21:16,9,15,828,1145
2023-11-21 14:21:34,0,15,828,1145
2023-11-21 14:21:34,0,100,828,1145
2023-11-21 14:21:34,9,100,828,1145
2023-11-21 14:21:34,10,100,828,1145
2023-11-21 14:21:34,10,16,828,1145
2023-11-21 14:22:17,0,16,828,1145
2023-11-21 14:22:17,0,100,828,1145
2023-11-21 14:22:17,12,100,828,1145
2023-11-21 14:22:17,12,17,828,1145
2023-11-21 14:22:35,11,17,878,1195
2023-11-21 14:23:04,11,100,878,1195
2023-11-21 14:23:04,0,100,878,1195
2023-11-21 14:23:04,8,100,878,1195
2023-11-21 14:23:04,10,100,878,1195
2023-11-21 14:23:04,10,19,878,1195
2023-11-21 14:23:04,10,16,878,1195
2023-11-21 14:24:04,10,18,878,1195
2023-11-21 14:24:05,7,100,878,1195
2023-11-21 14:24:05,8,100,878,1195
2023-11-21 14:24:05,9,100,878,1195
2023-11-21 14:24:05,9,17,878,1195
2023-11-21 14:25:05,8,17,878,1195
2023-11-21 14:25:06,7,100,878,1195
2023-11-21 14:25:06,8,100,878,1195
2023-11-21 14:25:06,9,100,878,1195
2023-11-21 14:25:06,9,17,878,1195
2023-11-21 14:25:33,9,100,878,1195
2023-11-21 14:25:33,0,100,878,1195
2023-11-21 14:25:33,8,100,878,1195
2023-11-21 14:25:33,8,16,878,1195
2023-11-21 14:26:05,0,16,878,1195
2023-11-21 14:26:05,0,100,878,1195
2023-11-21 14:26:05,7,100,878,1195
2023-11-21 14:26:05,9,100,878,1195
2023-11-21 14:26:05,9,22,878,1195
2023-11-21 14:26:05,9,19,878,1195
2023-11-21 14:27:05,9,21,878,1195
2023-11-21 14:27:06,10,100,878,1195
2023-11-21 14:27:06,11,100,878,1195
2023-11-21 14:27:06,11,18,878,1195
2023-11-21 14:27:26,11,100,878,1195
2023-11-21 14:27:26,0,100,878,1195
2023-11-21 14:27:26,9,100,878,1195
2023-11-21 14:27:26,9,20,878,1195
2023-11-21 14:27:26,9,17,878,1195
2023-11-21 14:27:36,9,100,878,1195
2023-11-21 14:27:36,0,100,878,1195
2023-11-21 14:27:36,7,100,878,1195
2023-11-21 14:27:36,8,100,878,1195
2023-11-21 14:27:36,8,19,878,1195
2023-11-21 14:27:36,8,18,878,1195
2023-11-21 14:27:36,8,16,878,1195
2023-11-21 14:28:36,8,100,878,1195
2023-11-21 14:28:37,7,100,878,1195
2023-11-21 14:28:37,8,100,878,1195
2023-11-21 14:28:37,8,19,878,1195
2023-11-21 14:28:37,8,16,878,1195
2023-11-21 14:29:37,8,18,878,1195
2023-11-21 14:29:38,9,100,878,1195
2023-11-21 14:29:38,9,20,878,1195
2023-11-21 14:29:38,9,19,878,1195
2023-11-21 14:29:38,9,17,878,1195
2023-11-21 14:29:52,0,17,878,1195
2023-11-21 14:29:52,0,100,878,1195
2023-11-21 14:29:52,8,100,878,1195
2023-11-21 14:29:52,9,100,878,1195
2023-11-21 14:29:52,10,100,878,1195
2023-11-21 14:29:52,10,21,878,1195
2023-11-21 14:29:52,10,20,878,1195
2023-11-21 14:29:52,10,18,878,1195
2023-11-21 14:30:45,10,100,878,1195
2023-11-21 14:30:45,0,100,878,1195
2023-11-21 14:30:45,7,100,878,1195
2023-11-21 14:30:45,8,100,878,1195
2023-11-21 14:30:45,9,100,878,1195
2023-11-21 14:30:45,9,19,878,1195
2023-11-21 14:30:45,9,17,878,1195
2023-11-21 14:30:57,9,100,878,1195
2023-11-21 14:30:57,0,100,878,1195
2023-11-21 14:30:57,7,100,878,1195
2023-11-21 14:30:57,8,100,878,1195
2023-11-21 14:30:57,8,15,878,1195
2023-11-21 14:31:25,0,15,878,1195
2023-11-21 14:31:25,0,100,878,1195
2023-11-21 14:31:25,8,100,878,1195
2023-11-21 14:31:25,9,100,878,1195
2023-11-21 14:31:25,9,20,878,1195
2023-11-21 14:31:25,9,17,878,1195
2023-11-21 14:32:07,9,100,878,1195
2023-11-21 14:32:07,0,100,878,1195
2023-11-21 14:32:07,5,100,878,1195
2023-11-21 14:32:07,7,100,878,1195
2023-11-21 14:32:07,7,18,878,1195
2023-11-21 14:32:07,7,17,878,1195
2023-11-21 14:32:07,7,15,878,1195
2023-11-21 14:33:00,7,100,878,1195
2023-11-21 14:33:00,0,100,878,1195
2023-11-21 14:33:00,5,100,878,1195
2023-11-21 14:33:00,6,100,878,1195
2023-11-21 14:33:00,6,13,878,1195
2023-11-21 14:33:04,6,100,878,1195
2023-11-21 14:33:04,0,100,878,1195
2023-11-21 14:33:04,2,100,878,1195
2023-11-21 14:33:04,3,100,878,1195
2023-11-21 14:33:04,4,100,878,1195
2023-11-21 14:33:04,4,15,878,1195
2023-11-21 14:33:04,4,12,878,1195
2023-11-21 14:33:34,0,12,878,1195
2023-11-21 14:33:34,0,100,878,1195
2023-11-21 14:33:34,6,100,878,1195
2023-11-21 14:33:34,6,14,878,1195
2023-11-21 14:33:34,6,13,878,1195
2023-11-21 14:33:56,0,13,878,1195
2023-11-21 14:33:56,0,100,878,1195
2023-11-21 14:33:56,6,100,878,1195
2023-11-21 14:33:56,7,100,878,1195
2023-11-21 14:33:56,7,16,878,1195
2023-11-21 14:33:56,7,14,878,1195
2023-11-21 14:34:08,7,100,878,1195
2023-11-21 14:34:08,0,100,878,1195
2023-11-21 14:34:08,3,100,878,1195
2023-11-21 14:34:08,5,100,878,1195
2023-11-21 14:34:08,5,14,878,1195
2023-11-21 14:34:08,5,13,878,1195
2023-11-21 14:34:33,0,13,878,1195
2023-11-21 14:34:33,0,100,878,1195
2023-11-21 14:34:33,5,100,878,1195
2023-11-21 14:34:33,6,100,878,1195
2023-11-21 14:34:33,7,100,878,1195
2023-11-21 14:34:33,7,14,878,1195
2023-11-21 14:35:33,7,15,878,1195
2023-11-21 14:35:34,6,100,878,1195
2023-11-21 14:35:34,7,100,878,1195
2023-11-21 14:35:34,7,18,878,1195
2023-11-21 14:35:34,7,17,878,1195
2023-11-21 14:35:34,7,15,878,1195
2023-11-21 14:36:34,6,15,878,1195
2023-11-21 14:36:35,7,100,878,1195
2023-11-21 14:36:35,7,17,878,1195
2023-11-21 14:36:35,7,14,878,1195
2023-11-21 14:37:21,7,100,878,1195
2023-11-21 14:37:21,0,100,878,1195
2023-11-21 14:37:21,4,100,878,1195
2023-11-21 14:37:21,5,100,878,1195
2023-11-21 14:37:21,5,13,878,1195
2023-11-21 14:38:21,5,100,878,1195
2023-11-21 14:38:22,3,100,878,1195
2023-11-21 14:38:22,4,100,878,1195
2023-11-21 14:38:22,5,100,878,1195
2023-11-21 14:38:22,5,15,878,1195
2023-11-21 14:38:22,5,12,878,1195
2023-11-21 14:39:22,4,12,878,1195
2023-11-21 14:39:22,5,100,878,1195
2023-11-21 14:39:22,6,100,878,1195
2023-11-21 14:39:22,6,16,878,1195
2023-11-21 14:39:22,6,13,878,1195
2023-11-21 14:39:26,6,100,878,1195
2023-11-21 14:39:26,0,100,878,1195
2023-11-21 14:39:26,2,100,878,1195
2023-11-21 14:39:26,4,100,878,1195
2023-11-21 14:39:26,4,13,878,1195
2023-11-21 14:39:26,4,12,878,1195
2023-11-21 14:39:36,4,100,878,1195
2023-11-21 14:39:36,0,100,878,1195
2023-11-21 14:39:36,2,100,878,1195
2023-11-21 14:39:36,3,100,878,1195
2023-11-21 14:39:36,3,12,878,1195
2023-11-21 14:39:36,3,11,878,1195
2023-11-21 14:40:37,3,12,878,1195
2023-11-21 14:40:37,2,100,878,1195
2023-11-21 14:40:37,3,100,878,1195
2023-11-21 14:40:37,3,10,878,1195
2023-11-21 14:41:12,0,10,878,1195
2023-11-21 14:41:12,0,100,878,1195
2023-11-21 14:41:12,3,100,878,1195
2023-11-21 14:41:12,4,100,878,1195
2023-11-21 14:41:12,4,14,878,1195
2023-11-21 14:41:12,4,12,878,1195
2023-11-21 14:42:12,0,12,878,1195
2023-11-21 14:42:13,2,100,878,1195
2023-11-21 14:42:13,4,100,878,1195
2023-11-21 14:42:13,4,12,878,1195
2023-11-21 14:42:13,4,11,878,1195
2023-11-21 14:43:05,4,100,878,1195
2023-11-21 14:43:05,0,100,878,1195
2023-11-21 14:43:05,1,100,878,1195
2023-11-21 14:43:05,2,100,878,1195
2023-11-21 14:43:05,2,12,878,1195
2023-11-21 14:43:05,2,11,878,1195
2023-11-21 14:43:05,2,10,878,1195
2023-11-21 14:44:05,2,11,878,1195
2023-11-21 14:44:06,1,100,878,1195
2023-11-21 14:44:06,1,11,878,1195
2023-11-21 14:44:06,1,10,878,1195
2023-11-21 14:44:06,1,9,878,1195
2023-11-21 14:44:23,0,9,878,1195
2023-11-21 14:44:23,0,100,878,1195
2023-11-21 14:44:23,1,100,878,1195
2023-11-21 14:44:23,2,100,878,1195
2023-11-21 14:44:23,2,11,878,1195
2023-11-21 14:44:23,2,10,878,1195
2023-11-21 14:45:23,2,11,878,1195
2023-11-21 14:45:24,2,100,878,1195
2023-11-21 14:45:24,2,12,878,1195
2023-11-21 14:45:24,2,11,878,1195
2023-11-21 14:45:24,2,10,878,1195
2023-11-21 14:46:24,0,10,878,1195
2023-11-21 14:46:25,2,100,878,1195
2023-11-21 14:46:25,3,100,878,1195
2023-11-21 14:46:25,3,11,878,1195
2023-11-21 14:46:55,5,11,878,1195
2023-11-21 14:47:01,5,16,878,1195
2023-11-21 14:47:01,5,13,878,1195
2023-11-21 14:47:01,5,12,878,1195
2023-11-21 14:48:01,5,16,878,1195
2023-11-21 14:48:02,5,12,878,1195
2023-11-21 14:48:02,5,11,878,1195
2023-11-21 14:48:11,4,11,878,1195
2023-11-21 14:49:03,4,13,878,1195
2023-11-21 14:49:03,3,14,878,1195
2023-11-21 14:49:03,3,11,878,1195
2023-11-21 14:50:03,2,11,878,1195
2023-11-21 14:50:04,1,17,878,1195
2023-11-21 14:50:04,2,17,878,1195
2023-11-21 14:50:04,3,17,878,1195
2023-11-21 14:50:04,3,10,878,1195
2023-11-21 14:50:25,3,17,878,1195
2023-11-21 14:50:25,3,9,878,1195
2023-11-21 14:50:37,1,9,878,1195
2023-11-21 14:50:39,2,9,878,1195
2023-11-21 14:51:14,1,9,878,1195
2023-11-21 14:51:17,1,11,878,1195
2023-11-21 14:51:17,0,11,878,1195
2023-11-21 14:51:17,0,8,878,1195
2023-11-21 14:51:17,1,8,878,1195
2023-11-21 14:51:19,0,8,878,1195
2023-11-21 14:51:45,1,8,878,1195
2023-11-21 14:52:18,1,11,878,1195
2023-11-21 14:52:18,1,9,878,1195
2023-11-21 14:52:18,1,7,878,1195
2023-11-21 14:53:01,0,7,878,1195
2023-11-21 14:53:18,0,8,878,1195
2023-11-21 14:53:18,0,8,878,1195
2023-11-21 14:53:18,0,7,878,1195
2023-11-21 14:53:29,1,7,878,1195
2023-11-21 14:53:53,0,7,878,1195
2023-11-21 14:54:03,1,7,878,1195
2023-11-21 14:54:18,1,8,878,1195
2023-11-21 14:54:19,1,9,878,1195
2023-11-21 14:54:19,1,7,878,1195
2023-11-21 14:55:01,1,12,878,1195
2023-11-21 14:55:01,1,9,878,1195
2023-11-21 14:56:01,1,10,878,1195
2023-11-21 14:56:01,1,9,878,1195
2023-11-21 14:56:01,1,8,878,1195
2023-11-21 14:56:03,1,12,878,1195
2023-11-21 14:56:03,2,12,878,1195
2023-11-21 14:56:03,2,9,878,1195
2023-11-21 14:56:04,2,12,878,1195
2023-11-21 14:56:04,1,12,878,1195
2023-11-21 14:56:04,1,8,878,1195
2023-11-21 14:56:40,1,14,878,1195
2023-11-21 14:56:40,2,14,878,1195
2023-11-21 14:56:40,2,9,878,1195
2023-11-21 14:57:12,1,9,878,1195
2023-11-21 14:57:12,1,100,878,1195
2023-11-21 14:57:12,3,100,878,1195
2023-11-21 14:57:12,3,13,878,1195
2023-11-21 14:57:12,3,11,878,1195
2023-11-21 14:58:04,3,16,878,1195
2023-11-21 14:58:04,5,16,878,1195
2023-11-21 14:58:04,5,15,878,1195
2023-11-21 14:58:04,5,12,878,1195
2023-11-21 14:59:04,5,13,878,1195
2023-11-21 14:59:05,4,19,878,1195
2023-11-21 14:59:05,4,12,878,1195
2023-11-21 14:59:23,6,12,878,1195
2023-11-21 14:59:27,4,12,878,1195
2023-11-21 14:59:30,5,12,878,1195
2023-11-21 15:00:00,5,18,878,1195
2023-11-21 15:00:00,6,18,878,1195
2023-11-21 15:00:00,6,14,878,1195
2023-11-21 15:00:00,6,13,878,1195
2023-11-21 15:01:00,5,13,878,1195
2023-11-21 15:01:01,5,13,878,1195
2023-11-21 15:01:23,8,13,878,1195
2023-11-21 15:01:59,8,21,878,1195
2023-11-21 15:01:59,8,17,878,1195
2023-11-21 15:01:59,8,14,878,1195
2023-11-21 15:02:03,8,16,728,1345
2023-11-21 15:02:08,8,100,728,1345
2023-11-21 15:02:08,8,15,728,1345
2023-11-21 15:02:10,8,17,653,1420
2023-11-21 15:02:13,8,18,628,1670
2023-11-21 15:02:15,8,26,628,1670
2023-11-21 15:02:15,8,22,628,1670
2023-11-21 15:02:15,8,21,628,1670
2023-11-21 15:02:15,8,19,628,1670
2023-11-21 15:02:20,8,26,628,1670
2023-11-21 15:02:20,11,26,628,1670
2023-11-21 15:02:20,11,24,628,1670
2023-11-21 15:02:20,11,22,628,1670
2023-11-21 15:02:30,11,28,628,1670
2023-11-21 15:02:30,8,28,628,1670
2023-11-21 15:02:30,11,28,628,1670
2023-11-21 15:02:30,11,22,628,1670
2023-11-21 15:02:30,11,21,628,1670
2023-11-21 15:02:30,11,19,628,1670
2023-11-21 15:02:38,8,19,628,1670
2023-11-21 15:02:38,8,28,628,1670
2023-11-21 15:02:38,13,28,628,1670
2023-11-21 15:02:38,13,23,628,1670
2023-11-21 15:02:38,13,22,628,1670
2023-11-21 15:02:38,13,20,628,1670
2023-11-21 15:03:05,13,28,628,1670
2023-11-21 15:03:05,8,28,628,1670
2023-11-21 15:03:05,8,27,628,1670
2023-11-21 15:03:05,8,25,628,1670
2023-11-21 15:03:07,5,25,628,1670
2023-11-21 15:03:14,0,25,628,1670
2023-11-21 15:03:14,0,28,628,1670
2023-11-21 15:03:14,5,28,628,1670
2023-11-21 15:03:14,6,28,628,1670
2023-11-21 15:03:14,6,27,628,1670
2023-11-21 15:03:14,14,27,628,1670
2023-11-21 15:03:36,14,28,628,1670
2023-11-21 15:03:36,14,27,628,1670
2023-11-21 15:03:36,14,25,628,1670
2023-11-21 15:03:36,10,25,628,1670
2023-11-21 15:03:36,6,25,628,1670
2023-11-21 15:03:36,5,25,628,1670
2023-11-21 15:03:48,5,100,628,1670
2023-11-21 15:03:48,0,100,628,1670
2023-11-21 15:03:48,1,100,628,1670
2023-11-21 15:03:48,3,100,628,1670
2023-11-21 15:03:48,3,25,628,1670
2023-11-21 15:03:48,3,24,628,1670
2023-11-21 15:03:51,11,24,628,1670
2023-11-21 15:03:59,11,23,628,1670
2023-11-21 15:04:01,7,23,628,1670
2023-11-21 15:04:01,3,23,628,1670
2023-11-21 15:04:04,10,23,628,1670
2023-11-21 15:04:08,6,23,628,1670
2023-11-21 15:04:08,3,23,628,1670
2023-11-21 15:04:10,9,23,628,1670
2023-11-21 15:04:24,9,22,628,1670
2023-11-21 15:04:39,9,23,628,1670
2023-11-21 15:04:44,9,24,628,1670
2023-11-21 15:04:54,9,23,628,1670
2023-11-21 15:05:47,9,25,628,1670
2023-11-21 15:06:04,5,25,628,1670
2023-11-21 15:06:10,9,25,628,1670
2023-11-21 15:06:11,9,24,628,1670
2023-11-21 15:06:11,9,23,628,1670
2023-11-21 15:06:52,9,25,628,1670
2023-11-21 15:06:52,9,24,628,1670
2023-11-21 15:07:14,9,100,628,1670
2023-11-21 15:07:14,9,28,628,1670
2023-11-21 15:07:14,9,26,628,1670
2023-11-21 15:07:19,9,24,628,1670
2023-11-21 15:07:24,9,28,628,1670
2023-11-21 15:07:24,9,32,628,1670
2023-11-21 15:07:24,9,36,628,1670
2023-11-21 15:07:24,9,100,628,1670
2023-11-21 15:07:24,9,29,628,1670
2023-11-21 15:07:24,9,27,628,1670
2023-11-21 15:07:33,9,24,628,1670
2023-11-21 15:07:36,9,27,628,1670
2023-11-21 15:07:42,7,27,628,1670
2023-11-21 15:07:44,7,26,628,1670
2023-11-21 15:07:48,13,26,628,1670
2023-11-21 15:08:19,9,26,628,1670
2023-11-21 15:08:19,6,26,628,1670
2023-11-21 15:08:20,0,26,628,1670
2023-11-21 15:08:20,2,26,628,1670
2023-11-21 15:08:20,3,26,628,1670
2023-11-21 15:08:20,4,26,628,1670
2023-11-21 15:08:20,4,25,628,1670
2023-11-21 15:08:20,4,24,628,1670
2023-11-21 15:08:22,10,24,628,1670
2023-11-21 15:08:55,10,26,628,1670
2023-11-21 15:08:55,10,24,628,1670
2023-11-21 15:08:55,10,23,628,1670
2023-11-21 15:09:18,6,23,628,1670
2023-11-21 15:09:18,3,23,628,1670
2023-11-21 15:09:19,3,26,628,1670
2023-11-21 15:09:19,0,26,628,1670
2023-11-21 15:09:19,1,26,628,1670
2023-11-21 15:09:19,1,22,628,1670
2023-11-21 15:09:22,1,100,628,1670
2023-11-21 15:09:22,0,100,628,1670
2023-11-21 15:09:22,0,22,628,1670
2023-11-21 15:09:22,0,20,628,1670
2023-11-21 15:09:27,5,20,628,1670
2023-11-21 15:09:28,5,16,628,1670
2023-11-21 15:09:30,5,19,628,1670
2023-11-21 15:09:32,5,18,628,1670
2023-11-21 15:10:13,5,19,628,1670
2023-11-21 15:10:32,5,20,628,1670
2023-11-21 15:11:05,1,20,628,1670
2023-11-21 15:11:14,0,21,628,1670
2023-11-21 15:11:14,2,21,628,1670
2023-11-21 15:11:14,2,22,628,1670
2023-11-21 15:11:21,0,22,628,1670
2023-11-21 15:11:21,0,100,628,1670
2023-11-21 15:11:21,2,100,628,1670
2023-11-21 15:11:21,3,100,628,1670
2023-11-21 15:11:21,3,25,628,1670
2023-11-21 15:11:21,3,24,628,1670
2023-11-21 15:11:21,3,23,628,1670
2023-11-21 15:11:37,12,23,628,1670
2023-11-21 15:11:41,8,23,628,1670
2023-11-21 15:11:41,4,23,628,1670
2023-11-21 15:11:41,3,23,628,1670
2023-11-21 15:11:50,11,23,628,1670
2023-11-21 15:11:59,7,23,628,1670
2023-11-21 15:11:59,3,23,628,1670
2023-11-21 15:12:09,10,23,628,1670
2023-11-21 15:12:21,10,24,628,1670
2023-11-21 15:12:22,10,23,628,1670
2023-11-21 15:12:25,6,23,628,1670
2023-11-21 15:12:25,3,23,628,1670
2023-11-21 15:12:28,9,23,628,1670
2023-11-21 15:13:09,9,20,628,1670
2023-11-21 15:13:11,9,23,628,1670
2023-11-21 15:13:13,9,20,628,1670
2023-11-21 15:13:22,9,23,628,1670
2023-11-21 15:13:24,9,21,628,1670
2023-11-21 15:13:28,9,23,628,1670
2023-11-21 15:13:30,5,23,628,1670
2023-11-21 15:13:30,2,23,628,1670
2023-11-21 15:13:32,2,100,628,1670
2023-11-21 15:13:32,0,100,628,1670
2023-11-21 15:13:32,1,100,628,1670
2023-11-21 15:13:32,1,22,628,1670
2023-11-21 15:13:32,1,21,628,1670
2023-11-21 15:13:33,7,21,628,1670
2023-11-21 15:13:34,7,20,628,1670
2023-11-21 15:13:36,3,20,628,1670
2023-11-21 15:13:36,1,20,628,1670
2023-11-21 15:13:44,7,20,628,1670
2023-11-21 15:13:55,3,20,628,1670
2023-11-21 15:13:55,1,20,628,1670
2023-11-21 15:13:57,6,20,628,1670
2023-11-21 15:14:03,2,20,628,1670
2023-11-21 15:14:03,0,20,628,1670
2023-11-21 15:14:06,0,19,628,1670
2023-11-21 15:14:08,5,19,628,1670
2023-11-21 15:15:00,1,19,628,1670
2023-11-21 15:15:00,0,19,628,1670
2023-11-21 15:15:03,0,15,628,1670
2023-11-21 15:15:08,0,17,628,1670
2023-11-21 15:15:11,4,17,628,1670
2023-11-21 15:15:11,4,16,628,1670
2023-11-21 15:15:14,4,17,628,1670
2023-11-21 15:15:16,4,100,628,1670
2023-11-21 15:15:16,4,19,628,1670
2023-11-21 15:15:16,4,18,628,1670
2023-11-21 15:16:00,4,19,628,1670
2023-11-21 15:16:01,4,100,628,1670
2023-11-21 15:16:01,4,21,628,1670
2023-11-21 15:16:01,4,20,628,1670
2023-11-21 15:16:02,4,19,628,1670
2023-11-21 15:16:53,0,19,628,1670
2023-11-21 15:16:59,6,19,628,1670
2023-11-21 15:17:05,2,19,628,1670
2023-11-21 15:17:05,0,19,628,1670
2023-11-21 15:17:08,6,19,628,1670
2023-11-21 15:17:25,6,20,628,1670
2023-11-21 15:17:31,6,100,628,1670
2023-11-21 15:17:31,6,23,628,1670
2023-11-21 15:17:31,6,22,628,1670
2023-11-21 15:17:31,6,21,628,1670
2023-11-21 15:17:33,6,20,628,1670
2023-11-21 15:17:53,6,21,628,1670
2023-11-21 15:18:02,6,19,628,1670
2023-11-21 15:18:35,2,19,628,1670
2023-11-21 15:18:39,6,19,628,1670
2023-11-21 15:19:15,2,19,628,1670
2023-11-21 15:19:15,0,19,628,1670
2023-11-21 15:19:22,4,19,628,1670
2023-11-21 15:19:30,4,100,628,1670
2023-11-21 15:19:30,4,19,628,1670
2023-11-21 15:19:30,4,18,628,1670
2023-11-21 15:19:33,0,18,628,1670
2023-11-21 15:19:35,3,18,628,1670
2023-11-21 15:19:38,3,15,628,1670
2023-11-21 15:19:55,3,18,628,1670
2023-11-21 15:19:57,3,16,628,1670
2023-11-21 15:20:12,3,18,628,1670
2023-11-21 15:20:14,3,16,628,1670
2023-11-21 15:20:18,3,18,628,1670
2023-11-21 15:21:25,0,18,628,1670
2023-11-21 15:21:31,4,18,628,1670
2023-11-21 15:21:38,0,18,628,1670
2023-11-21 15:21:40,3,18,628,1670
2023-11-21 15:21:42,3,100,628,1670
2023-11-21 15:21:42,3,18,628,1670
2023-11-21 15:21:42,3,17,628,1670
2023-11-21 15:21:43,0,17,628,1670
2023-11-21 15:21:45,3,17,628,1670
2023-11-21 15:21:47,3,15,628,1670
2023-11-21 15:21:52,0,15,628,1670
2023-11-21 15:21:55,2,15,628,1670
2023-11-21 15:22:46,0,15,628,1670
2023-11-21 15:22:56,1,15,628,1670
2023-11-21 15:23:14,1,14,628,1670
2023-11-21 15:23:15,0,14,628,1670
2023-11-21 15:23:46,0,12,628,1670
2023-11-21 15:24:08,0,14,628,1670
2023-11-21 15:24:12,1,14,628,1670
2023-11-21 15:24:14,1,100,628,1670
2023-11-21 15:24:15,1,16,628,1670
2023-11-21 15:24:15,1,15,628,1670
2023-11-21 15:24:24,1,13,628,1670
2023-11-21 15:24:30,1,15,628,1670
2023-11-21 15:24:32,1,14,628,1670
2023-11-21 15:24:39,1,15,628,1670
2023-11-21 15:24:50,1,14,628,1670
2023-11-21 15:25:12,0,14,628,1670
2023-11-21 15:26:47,0,13,628,1670
2023-11-21 15:26:54,1,13,628,1670
2023-11-21 15:26:56,1,14,628,1670
2023-11-21 15:27:05,0,14,628,1670
2023-11-21 15:27:07,0,15,628,1670
2023-11-21 15:27:07,0,14,628,1670
2023-11-21 15:27:58,1,14,628,1670
2023-11-21 15:28:07,1,15,628,1670
2023-11-21 15:28:38,1,13,628,1670
2023-11-21 15:29:08,0,13,628,1670
2023-11-21 15:29:21,1,13,628,1670
2023-11-21 15:29:21,1,15,628,1670
2023-11-21 15:29:29,1,13,628,1670
2023-11-21 15:29:36,1,15,628,1670
2023-11-21 15:29:39,1,13,628,1670
2023-11-21 15:29:42,1,15,628,1670
2023-11-21 15:29:57,1,13,628,1670
2023-11-21 15:30:00,0,13,628,1670
2023-11-21 15:31:19,0,100,628,1670
2023-11-21 15:31:26,0,10,628,1670
2023-11-21 15:33:03,0,14,628,1670
2023-11-21 15:33:10,0,7,628,1670
2023-11-21 15:33:16,0,11,628,1670
2023-11-21 15:33:16,0,15,628,1670
2023-11-21 15:33:16,0,19,628,1670
2023-11-21 15:33:16,0,100,628,1670
2023-11-21 15:33:19,0,9,628,1670
2023-11-21 15:34:45,0,13,628,1670
2023-11-21 15:34:54,0,9,628,1670
2023-11-21 15:35:35,0,13,628,1670
2023-11-21 15:35:35,0,17,628,1670
2023-11-21 15:35:35,0,21,628,1670
2023-11-21 15:35:35,0,100,628,1670
2023-11-21 15:35:37,0,11,628,1670
2023-11-21 15:37:18,0,100,628,1670
2023-11-21 15:37:21,0,9,628,1670
2023-11-21 15:38:53,0,13,628,1670
2023-11-21 15:39:01,0,7,628,1670
2023-11-21 15:39:49,0,11,628,1670
2023-11-21 15:39:49,0,15,628,1670
2023-11-21 15:39:49,0,19,628,1670
2023-11-21 15:39:49,0,100,628,1670
2023-11-21 15:40:05,0,8,628,1670
2023-11-21 15:40:23,0,12,628,1670
2023-11-21 15:40:23,0,16,628,1670
2023-11-21 15:40:23,0,20,628,1670
2023-11-21 15:40:23,0,100,628,1670
2023-11-21 15:40:31,0,10,628,1670
2023-11-21 15:41:40,0,14,628,1670
2023-11-21 15:41:40,0,18,628,1670
2023-11-21 15:41:40,0,22,628,1670
2023-11-21 15:41:40,0,100,628,1670
2023-11-21 15:41:48,0,11,628,1670
2023-11-21 15:43:11,0,15,628,1670
2023-11-21 15:43:17,0,9,628,1670
2023-11-21 15:44:49,0,100,628,1670
2023-11-21 15:45:27,0,7,628,1670
2023-11-21 15:47:09,0,100,628,1670
2023-11-21 15:47:17,0,7,628,1670
2023-11-21 15:47:55,0,11,628,1670
2023-11-21 15:47:55,0,15,628,1670
2023-11-21 15:47:55,0,19,628,1670
2023-11-21 15:47:55,0,100,628,1670
