datetime,bid,ask,open_interest,volume
2023-06-12 09:31:09,27,32,874,1250
2023-06-12 09:31:09,27,31,874,1250
2023-06-12 09:31:10,29,31,874,1250
2023-06-12 09:31:59,30,31,874,1250
2023-06-12 09:33:03,29,31,874,1250
2023-06-12 09:33:09,29,30,874,1250
2023-06-12 09:33:39,28,30,874,1250
2023-06-12 09:34:35,29,30,874,1250
2023-06-12 09:34:36,28,30,1074,1450
2023-06-12 09:34:36,29,30,1074,1450
2023-06-12 09:34:48,28,30,1074,1450
2023-06-12 09:34:54,29,30,1074,1450
2023-06-12 09:35:12,28,30,1074,1450
2023-06-12 09:35:32,29,30,1074,1450
2023-06-12 09:36:50,30,31,1094,1470
2023-06-12 09:37:05,31,32,1114,1490
2023-06-12 09:37:05,30,32,1119,1495
2023-06-12 09:38:05,30,31,1119,1495
2023-06-12 09:38:53,29,30,1069,1548
2023-06-12 09:39:07,28,30,1069,1548
2023-06-12 09:39:35,28,29,1069,1548
2023-06-12 09:39:36,28,29,1199,1678
2023-06-12 09:40:40,28,29,1203,1682
2023-06-12 09:41:51,29,30,1219,1773
2023-06-12 09:42:07,29,30,1259,1843
2023-06-12 09:42:08,30,32,1259,1863
2023-06-12 09:42:09,31,32,1259,1863
2023-06-12 09:42:39,29,31,1259,1888
2023-06-12 09:42:45,29,32,1259,1888
2023-06-12 09:43:11,31,32,1259,1888
2023-06-12 09:43:22,31,32,1284,1913
2023-06-12 09:43:31,30,31,1284,1963
2023-06-12 09:43:31,29,31,1284,1963
2023-06-12 09:43:52,29,32,1284,1963
2023-06-12 09:43:56,29,31,1284,1963
2023-06-12 09:43:59,29,32,1284,1963
2023-06-12 09:44:01,29,31,1284,1963
2023-06-12 09:44:04,29,32,1284,1963
2023-06-12 09:44:06,29,31,1284,1963
2023-06-12 09:44:13,30,31,1284,1963
2023-06-12 09:44:43,29,30,1359,2038
2023-06-12 09:44:43,29,31,1359,2038
2023-06-12 09:45:03,28,31,1359,2038
2023-06-12 09:45:08,28,30,1359,2038
2023-06-12 09:45:35,28,29,1359,2038
2023-06-12 09:45:37,28,30,1359,2038
2023-06-12 09:47:12,30,31,1359,2038
2023-06-12 09:48:10,28,31,1359,2038
2023-06-12 09:48:15,30,31,1359,2038
2023-06-12 09:48:17,30,32,1359,2038
2023-06-12 09:48:26,30,31,1359,2038
2023-06-12 09:48:44,28,30,1359,2063
2023-06-12 09:48:47,28,31,1359,2063
2023-06-12 09:49:01,29,31,1359,2063
2023-06-12 09:49:01,29,32,1359,2063
2023-06-12 09:49:12,30,32,1359,2063
2023-06-12 09:49:16,31,32,1359,2063
2023-06-12 09:49:17,30,31,1459,2163
2023-06-12 09:49:17,30,32,1459,2163
2023-06-12 09:49:23,31,32,1459,2163
2023-06-12 09:49:28,30,32,1459,2163
2023-06-12 09:50:15,30,31,1459,2163
2023-06-12 09:50:19,30,32,1459,2163
2023-06-12 09:50:19,31,32,1459,2163
2023-06-12 09:51:08,31,33,1459,2213
2023-06-12 09:51:17,32,33,1459,2213
2023-06-12 09:51:17,31,33,1484,2238
2023-06-12 09:51:31,31,33,1509,2263
2023-06-12 09:51:31,31,32,1509,2263
2023-06-12 09:51:31,31,33,1509,2263
2023-06-12 09:52:19,31,32,1509,2263
2023-06-12 09:52:21,31,32,1574,2328
2023-06-12 09:53:21,31,33,1574,2328
2023-06-12 09:53:21,32,33,1574,2328
2023-06-12 09:53:23,31,32,1574,2403
2023-06-12 09:53:23,30,32,1574,2403
2023-06-12 09:53:35,30,33,1574,2403
2023-06-12 09:53:54,31,33,1574,2403
2023-06-12 09:54:21,32,33,1574,2403
2023-06-12 09:54:30,31,32,1649,2478
2023-06-12 09:54:30,31,33,1649,2478
2023-06-12 09:55:22,32,33,1649,2478
2023-06-12 09:56:21,31,33,1649,2478
2023-06-12 09:56:23,32,33,1649,2478
2023-06-12 09:56:24,31,32,1724,2553
2023-06-12 09:56:24,31,33,1724,2553
2023-06-12 09:56:53,31,32,1724,2553
2023-06-12 09:57:18,31,33,1724,2553
2023-06-12 09:57:23,32,33,1724,2553
2023-06-12 09:58:20,31,33,1724,2553
2023-06-12 09:58:24,32,33,1724,2553
2023-06-12 09:58:47,32,33,1924,2753
2023-06-12 09:58:48,31,32,1974,2803
2023-06-12 09:58:48,31,33,1974,2803
2023-06-12 09:59:25,32,33,1974,2803
2023-06-12 10:00:23,31,33,1974,2803
2023-06-12 10:00:27,32,33,1974,2803
2023-06-12 10:01:06,32,34,1974,2903
2023-06-12 10:01:27,33,34,1974,2903
2023-06-12 10:01:39,32,33,1974,3003
2023-06-12 10:01:40,31,33,1974,3003
2023-06-12 10:01:46,32,33,1974,3003
2023-06-12 10:01:59,31,32,2024,3053
2023-06-12 10:01:59,31,33,2024,3053
2023-06-12 10:02:38,31,34,2024,3053
2023-06-12 10:02:45,31,33,2024,3053
2023-06-12 10:02:47,32,33,2024,3053
2023-06-12 10:03:06,31,32,2024,3203
2023-06-12 10:03:07,31,33,2024,3203
2023-06-12 10:03:51,31,32,2024,3203
2023-06-12 10:04:47,31,34,2024,3203
2023-06-12 10:04:48,32,34,2024,3203
2023-06-12 10:04:51,33,34,2024,3203
2023-06-12 10:05:20,33,34,2024,3403
2023-06-12 10:05:20,33,35,2024,3403
2023-06-12 10:05:21,33,35,2024,3453
2023-06-12 10:05:21,34,35,2024,3453
2023-06-12 10:05:28,34,36,2024,3453
2023-06-12 10:05:28,35,36,2024,3453
2023-06-12 10:06:06,35,36,2024,3786
2023-06-12 10:06:26,35,37,2024,3786
2023-06-12 10:06:29,36,37,2024,3786
2023-06-12 10:07:20,35,37,2024,3786
2023-06-12 10:07:21,36,37,2024,3786
2023-06-12 10:08:17,35,37,2024,3786
2023-06-12 10:08:22,36,37,2024,3786
2023-06-12 10:08:55,36,37,2211,3986
2023-06-12 10:09:22,34,37,2211,3986
2023-06-12 10:09:22,36,37,2211,3986
2023-06-12 10:09:24,35,37,2211,3986
2023-06-12 10:09:25,35,36,2211,3986
2023-06-12 10:10:23,34,37,2211,3986
2023-06-12 10:10:23,36,37,2211,3986
2023-06-12 10:11:20,35,37,2211,3986
2023-06-12 10:11:23,35,37,2211,3986
2023-06-12 10:11:23,35,36,2211,3986
2023-06-12 10:12:11,35,37,2211,3986
2023-06-12 10:12:12,36,37,2211,3986
2023-06-12 10:12:36,36,37,2411,4186
2023-06-12 10:12:40,36,37,2611,4519
2023-06-12 10:13:02,36,38,2611,4536
2023-06-12 10:13:12,36,37,2611,4536
2023-06-12 10:14:05,35,37,2611,4536
2023-06-12 10:14:06,36,37,2611,4536
2023-06-12 10:15:05,35,37,2611,4536
2023-06-12 10:15:05,35,36,2611,4536
2023-06-12 10:15:44,35,37,2611,4536
2023-06-12 10:15:44,35,36,2611,4536
2023-06-12 10:16:17,35,36,2611,4586
2023-06-12 10:16:46,35,38,2611,4586
2023-06-12 10:16:46,37,38,2611,4586
2023-06-12 10:16:46,37,38,2661,4636
2023-06-12 10:17:03,35,38,2661,4636
2023-06-12 10:18:34,37,38,2661,4636
2023-06-12 10:19:02,35,37,2761,4736
2023-06-12 10:19:03,35,38,2761,4736
2023-06-12 10:19:10,35,37,2761,4736
2023-06-12 10:19:11,35,38,2761,4736
2023-06-12 10:19:18,35,37,2761,4736
2023-06-12 10:19:22,36,37,2761,4736
2023-06-12 10:19:55,35,37,2761,4736
2023-06-12 10:19:55,35,38,2761,4736
2023-06-12 10:19:56,37,38,2761,4736
2023-06-12 10:19:56,35,38,2861,4836
2023-06-12 10:20:30,36,38,2861,4836
2023-06-12 10:20:42,35,38,2861,4836
2023-06-12 10:20:49,35,37,2861,4836
2023-06-12 10:20:52,35,38,2861,4836
2023-06-12 10:20:54,35,37,2861,4836
2023-06-12 10:20:55,36,37,2861,4836
2023-06-12 10:21:04,34,37,2861,5036
2023-06-12 10:21:09,34,36,2861,5036
2023-06-12 10:21:13,35,36,2861,5036
2023-06-12 10:22:13,34,37,2861,5036
2023-06-12 10:22:14,34,35,2861,5036
2023-06-12 10:23:12,34,37,2861,5036
2023-06-12 10:23:14,35,37,2861,5036
2023-06-12 10:23:17,35,36,2861,5036
2023-06-12 10:23:51,34,36,2861,5036
2023-06-12 10:23:51,34,35,2861,5036
2023-06-12 10:24:06,33,35,2861,5036
2023-06-12 10:24:06,33,36,2861,5036
2023-06-12 10:24:06,34,36,2861,5036
2023-06-12 10:24:07,34,35,2861,5036
2023-06-12 10:24:24,33,35,2861,5136
2023-06-12 10:24:28,32,33,2661,5336
2023-06-12 10:25:29,32,34,2661,5336
2023-06-12 10:25:29,32,33,2661,5336
2023-06-12 10:26:08,32,33,2661,5339
2023-06-12 10:26:28,32,34,2661,5339
2023-06-12 10:26:29,32,33,2661,5339
2023-06-12 10:27:15,32,33,2461,5539
2023-06-12 10:27:27,32,35,2461,5539
2023-06-12 10:27:27,33,35,2461,5539
2023-06-12 10:27:28,34,35,2461,5539
2023-06-12 10:28:27,32,35,2461,5539
2023-06-12 10:28:27,34,35,2461,5539
2023-06-12 10:28:30,32,35,2661,5739
2023-06-12 10:29:11,32,34,2661,5739
2023-06-12 10:29:16,32,35,2661,5739
2023-06-12 10:29:20,32,34,2661,5739
2023-06-12 10:29:27,33,34,2661,5739
2023-06-12 10:29:30,32,34,2661,5939
2023-06-12 10:30:24,32,35,2661,5939
2023-06-12 10:30:29,33,35,2661,5939
2023-06-12 10:30:29,33,34,2661,5939
2023-06-12 10:31:31,33,35,2661,5939
2023-06-12 10:31:31,34,35,2661,5939
2023-06-12 10:31:38,34,36,2661,5939
2023-06-12 10:31:53,34,35,2661,5939
2023-06-12 10:31:54,34,35,2664,5942
2023-06-12 10:32:28,32,34,2667,5945
2023-06-12 10:32:28,32,35,2667,5945
2023-06-12 10:32:31,33,35,2667,5945
2023-06-12 10:33:36,33,35,2667,5948
2023-06-12 10:33:39,33,34,2667,5948
2023-06-12 10:33:58,32,33,2767,6048
2023-06-12 10:33:58,32,34,2767,6048
2023-06-12 10:34:05,32,33,2767,6048
2023-06-12 10:34:05,31,32,2567,6248
2023-06-12 10:34:36,31,32,2477,6448
2023-06-12 10:34:36,31,34,2477,6448
2023-06-12 10:34:36,33,34,2477,6448
2023-06-12 10:35:06,33,35,2477,6448
2023-06-12 10:35:08,32,35,2477,6448
2023-06-12 10:35:08,34,35,2477,6448
2023-06-12 10:35:14,34,35,2567,6648
2023-06-12 10:35:54,34,35,2767,6848
2023-06-12 10:36:10,33,35,2767,6848
2023-06-12 10:36:10,34,35,2767,6848
2023-06-12 10:36:19,34,36,2767,6848
2023-06-12 10:36:25,34,35,2767,6848
2023-06-12 10:36:28,34,36,2767,6848
2023-06-12 10:36:30,34,35,2767,6848
2023-06-12 10:37:08,32,34,2770,6851
2023-06-12 10:37:11,32,33,2770,6851
2023-06-12 10:37:38,33,35,2477,7151
2023-06-12 10:37:43,34,35,2477,7151
2023-06-12 10:38:53,34,35,2670,7351
2023-06-12 10:38:56,34,35,2870,7551
2023-06-12 10:38:58,32,35,2870,7551
2023-06-12 10:38:59,33,35,2870,7551
2023-06-12 10:38:59,33,34,2870,7551
2023-06-12 10:39:09,33,34,3070,7751
2023-06-12 10:39:11,32,34,3270,7951
2023-06-12 10:39:27,32,34,3170,8051
2023-06-12 10:40:01,32,34,3270,8251
2023-06-12 10:40:08,33,34,3270,8251
2023-06-12 10:40:21,32,34,3270,8251
2023-06-12 10:40:26,32,35,3270,8251
2023-06-12 10:40:29,32,33,3270,8251
2023-06-12 10:41:28,32,34,3270,8251
2023-06-12 10:41:29,31,34,3270,8251
2023-06-12 10:41:31,32,34,3270,8251
2023-06-12 10:41:36,32,35,3270,8251
2023-06-12 10:41:37,32,34,3270,8251
2023-06-12 10:41:42,31,34,3270,8251
2023-06-12 10:41:50,32,34,3270,8251
2023-06-12 10:41:53,32,35,3270,8251
2023-06-12 10:42:08,32,34,3270,8251
2023-06-12 10:42:10,32,35,3270,8251
2023-06-12 10:42:18,32,34,3270,8251
2023-06-12 10:42:24,31,34,3270,8251
2023-06-12 10:42:31,31,32,3270,8251
2023-06-12 10:42:41,31,34,3077,8451
2023-06-12 10:43:31,32,34,3077,8451
2023-06-12 10:43:32,32,33,3077,8451
2023-06-12 10:43:46,32,34,3077,8451
2023-06-12 10:44:32,31,34,3077,8451
2023-06-12 10:44:32,31,32,3077,8451
2023-06-12 10:45:30,31,33,3077,8451
2023-06-12 10:45:33,31,32,3077,8451
2023-06-12 10:46:13,31,32,3270,8651
2023-06-12 10:46:13,30,32,3270,8651
2023-06-12 10:46:13,30,32,3170,8751
2023-06-12 10:46:14,30,31,3170,8751
2023-06-12 10:46:20,30,32,3170,8751
2023-06-12 10:47:04,30,31,3170,8751
2023-06-12 10:47:07,30,32,3170,8751
2023-06-12 10:47:13,29,32,3170,8751
2023-06-12 10:47:13,30,32,3170,8751
2023-06-12 10:47:29,30,31,3170,8751
2023-06-12 10:47:31,30,32,3170,8751
2023-06-12 10:47:40,30,31,3170,8751
2023-06-12 10:47:46,30,32,3170,8751
2023-06-12 10:47:47,30,31,3170,8751
2023-06-12 10:47:48,30,32,3170,8751
2023-06-12 10:48:15,29,30,3170,8754
2023-06-12 10:48:41,28,29,3170,8758
2023-06-12 10:49:41,28,30,3170,8758
2023-06-12 10:49:41,28,29,3170,8758
2023-06-12 10:49:41,28,29,3267,9008
2023-06-12 10:49:42,28,29,3517,9258
2023-06-12 10:49:47,28,29,3517,9458
2023-06-12 10:50:07,30,31,3517,9608
2023-06-12 10:51:08,31,32,3517,9608
2023-06-12 10:51:28,31,32,3517,9808
2023-06-12 10:51:47,29,31,3517,9908
2023-06-12 10:51:48,29,32,3517,9908
2023-06-12 10:51:57,30,32,3517,9908
2023-06-12 10:52:08,30,33,3517,9908
2023-06-12 10:52:10,31,33,3517,9908
2023-06-12 10:52:17,30,33,3517,9908
2023-06-12 10:52:31,31,33,3517,9908
2023-06-12 10:53:06,31,32,3517,9908
2023-06-12 10:54:13,31,33,3517,9908
2023-06-12 10:54:13,31,32,3517,9908
2023-06-12 10:54:25,31,34,3517,9908
2023-06-12 10:54:25,32,34,3517,9908
2023-06-12 10:54:25,33,34,3517,9908
2023-06-12 10:55:26,32,35,3517,9908
2023-06-12 10:55:26,34,35,3517,9908
2023-06-12 10:56:25,33,35,3517,9908
2023-06-12 10:56:31,32,35,3517,9908
2023-06-12 10:56:31,34,35,3517,9908
2023-06-12 10:57:01,34,36,3517,9908
2023-06-12 10:57:01,34,36,3610,10008
2023-06-12 10:57:02,35,36,3610,10008
2023-06-12 10:57:37,34,36,3610,10008
2023-06-12 10:57:52,34,35,3610,10008
2023-06-12 10:58:51,34,37,3610,10008
2023-06-12 10:58:51,35,37,3610,10008
2023-06-12 10:58:54,35,36,3610,10008
2023-06-12 10:59:51,35,37,3610,10008
2023-06-12 10:59:54,35,36,3610,10008
2023-06-12 11:00:27,35,36,3517,10208
2023-06-12 11:00:35,35,37,3517,10208
2023-06-12 11:00:35,35,37,3517,10308
2023-06-12 11:00:38,36,37,3517,10308
2023-06-12 11:01:36,36,38,3517,10308
2023-06-12 11:01:36,36,37,3517,10308
2023-06-12 11:02:19,35,37,3517,10308
2023-06-12 11:02:20,35,37,3517,10310
2023-06-12 11:02:20,35,36,3517,10310
2023-06-12 11:02:35,35,37,3542,10335
2023-06-12 11:02:37,35,36,3542,10335
2023-06-12 11:02:43,35,37,3542,10335
2023-06-12 11:02:56,35,36,3542,10335
2023-06-12 11:03:02,35,37,3542,10335
2023-06-12 11:03:04,35,36,3542,10335
2023-06-12 11:03:16,34,36,3542,10335
2023-06-12 11:03:21,34,35,3542,10335
2023-06-12 11:04:22,34,36,3542,10335
2023-06-12 11:04:22,34,37,3542,10335
2023-06-12 11:04:24,34,35,3542,10335
2023-06-12 11:04:34,34,37,3542,10535
2023-06-12 11:04:41,34,38,3542,10535
2023-06-12 11:04:41,34,37,3542,10535
2023-06-12 11:04:42,35,37,3542,10535
2023-06-12 11:04:42,35,38,3542,10535
2023-06-12 11:04:43,36,38,3542,10535
2023-06-12 11:04:43,36,37,3542,10535
2023-06-12 11:05:39,34,37,3542,10535
2023-06-12 11:05:43,36,37,3542,10535
2023-06-12 11:06:01,36,37,3542,10735
2023-06-12 11:06:09,36,37,3735,10935
2023-06-12 11:06:09,36,37,3760,10960
2023-06-12 11:06:09,36,37,3785,10985
2023-06-12 11:06:11,34,36,3835,11035
2023-06-12 11:06:11,35,36,3835,11035
2023-06-12 11:06:30,35,36,3835,11235
2023-06-12 11:06:33,34,36,3835,11240
2023-06-12 11:06:33,33,34,3835,11241
2023-06-12 11:06:34,33,34,3835,11244
2023-06-12 11:06:38,33,34,3635,11444
2023-06-12 11:06:45,34,36,3592,11540
2023-06-12 11:06:52,35,36,3592,11540
2023-06-12 11:06:53,35,38,3592,11540
2023-06-12 11:06:53,35,36,3592,11540
2023-06-12 11:06:59,35,36,3592,11740
2023-06-12 11:07:01,35,36,3592,11940
2023-06-12 11:07:01,35,38,3592,11940
2023-06-12 11:07:02,35,37,3592,11940
2023-06-12 11:07:02,36,37,3592,11940
2023-06-12 11:07:02,37,38,3592,11940
2023-06-12 11:07:04,35,38,3592,11940
2023-06-12 11:07:04,35,39,3592,12340
2023-06-12 11:07:05,36,39,3592,12340
2023-06-12 11:07:23,36,38,3592,12340
2023-06-12 11:07:32,35,38,3592,12340
2023-06-12 11:07:35,36,38,3592,12340
2023-06-12 11:07:35,36,37,3592,12340
2023-06-12 11:08:33,35,38,3592,12340
2023-06-12 11:08:34,35,39,3592,12340
2023-06-12 11:08:35,36,39,3592,12340
2023-06-12 11:08:37,37,39,3592,12340
2023-06-12 11:08:37,37,38,3592,12340
2023-06-12 11:09:35,37,39,3592,12340
2023-06-12 11:09:36,38,39,3592,12340
2023-06-12 11:09:37,38,39,3639,12440
2023-06-12 11:10:01,37,39,3639,12440
2023-06-12 11:10:08,37,38,3639,12440
2023-06-12 11:11:04,36,39,3639,12440
2023-06-12 11:11:08,37,39,3639,12440
2023-06-12 11:11:08,37,38,3639,12440
2023-06-12 11:12:05,36,39,3639,12440
2023-06-12 11:12:11,37,39,3639,12440
2023-06-12 11:12:11,37,38,3639,12440
2023-06-12 11:13:00,35,38,3639,12440
2023-06-12 11:13:00,36,38,3639,12440
2023-06-12 11:13:57,35,38,3639,12440
2023-06-12 11:14:02,36,38,3639,12440
2023-06-12 11:14:02,36,37,3639,12440
2023-06-12 11:15:02,35,37,3639,12440
2023-06-12 11:15:02,35,37,3592,12540
2023-06-12 11:16:05,34,37,3592,12540
2023-06-12 11:16:05,35,37,3592,12540
2023-06-12 11:16:05,35,36,3592,12540
2023-06-12 11:17:05,34,37,3592,12540
2023-06-12 11:17:05,35,37,3592,12540
2023-06-12 11:17:05,35,36,3592,12540
2023-06-12 11:17:52,34,36,3592,12740
2023-06-12 11:18:03,33,36,3592,12740
2023-06-12 11:18:04,33,34,3592,12740
2023-06-12 11:19:01,33,35,3592,12740
2023-06-12 11:19:01,33,36,3592,12740
2023-06-12 11:19:06,34,36,3592,12740
2023-06-12 11:19:06,34,35,3592,12740
2023-06-12 11:19:29,33,35,3592,12740
2023-06-12 11:19:29,33,35,3692,12840
2023-06-12 11:19:29,33,34,3692,12840
2023-06-12 11:19:29,32,33,3692,12942
2023-06-12 11:20:30,32,33,3692,12944
2023-06-12 11:21:23,31,32,3692,13044
2023-06-12 11:21:24,31,33,3692,13044
2023-06-12 11:21:35,31,32,3692,13044
2023-06-12 11:22:35,31,33,3692,13044
2023-06-12 11:22:37,32,33,3692,13044
2023-06-12 11:23:35,31,33,3692,13044
2023-06-12 11:23:37,32,33,3692,13044
2023-06-12 11:23:51,32,33,3792,13244
2023-06-12 11:23:52,32,35,3792,13244
2023-06-12 11:23:52,34,35,3792,13244
2023-06-12 11:23:52,32,34,3892,13344
2023-06-12 11:23:52,32,35,3892,13344
2023-06-12 11:24:52,33,35,3892,13344
2023-06-12 11:24:52,33,34,3892,13344
2023-06-12 11:25:04,33,34,3892,13349
2023-06-12 11:25:23,33,34,3892,13549
2023-06-12 11:25:54,31,35,3892,13549
2023-06-12 11:25:54,32,35,3892,13549
2023-06-12 11:25:54,32,33,3892,13549
2023-06-12 11:26:53,32,35,3892,13549
2023-06-12 11:26:55,32,33,3892,13549
2023-06-12 11:27:39,32,35,3892,13749
2023-06-12 11:27:57,33,35,3892,13749
2023-06-12 11:27:57,33,34,3892,13749
2023-06-12 11:28:29,33,34,3992,13849
2023-06-12 11:28:29,33,34,4092,13949
2023-06-12 11:28:32,31,34,4092,13949
2023-06-12 11:28:32,32,34,4092,13949
2023-06-12 11:28:48,32,33,4092,13949
2023-06-12 11:29:03,32,34,4092,13949
2023-06-12 11:29:31,31,34,4092,13949
2023-06-12 11:29:32,31,32,4092,13949
2023-06-12 11:30:17,30,32,4092,14149
2023-06-12 11:30:17,30,31,4092,14149
2023-06-12 11:31:27,28,30,4092,14152
2023-06-12 11:31:35,27,30,4092,14152
2023-06-12 11:31:39,27,29,4092,14152
2023-06-12 11:31:40,26,29,4092,14152
2023-06-12 11:32:00,26,30,4092,14152
2023-06-12 11:32:03,27,30,4092,14152
2023-06-12 11:32:19,27,29,4092,14152
2023-06-12 11:32:19,26,29,4092,14152
2023-06-12 11:32:43,28,29,4092,14152
2023-06-12 11:33:40,26,29,4092,14152
2023-06-12 11:33:42,26,28,4092,14152
2023-06-12 11:33:45,27,28,4092,14152
2023-06-12 11:34:42,26,28,4092,14152
2023-06-12 11:34:44,26,29,4092,14152
2023-06-12 11:34:44,28,29,4092,14152
2023-06-12 11:34:45,26,29,4192,14252
2023-06-12 11:34:55,26,28,4192,14252
2023-06-12 11:35:02,26,27,4192,14252
2023-06-12 11:35:05,25,27,4192,14252
2023-06-12 11:35:05,25,26,4192,14252
2023-06-12 11:35:06,25,26,4192,14256
2023-06-12 11:35:34,25,26,4192,14456
2023-06-12 11:36:02,25,27,4192,14456
2023-06-12 11:36:08,24,25,4192,14460
2023-06-12 11:36:38,23,24,4192,14464
2023-06-12 11:37:35,23,25,4192,14464
2023-06-12 11:37:38,23,24,4192,14464
2023-06-12 11:37:38,23,24,4291,14563
2023-06-12 11:38:06,23,26,4291,14763
2023-06-12 11:38:14,23,25,4291,14763
2023-06-12 11:38:15,23,26,4291,14763
2023-06-12 11:38:16,23,25,4291,14763
2023-06-12 11:38:22,23,26,4291,14763
2023-06-12 11:38:27,23,25,4291,14763
2023-06-12 11:38:38,22,25,4291,14763
2023-06-12 11:38:38,23,25,4291,14763
2023-06-12 11:38:38,23,24,4291,14763
2023-06-12 11:38:39,22,24,4291,14763
2023-06-12 11:38:40,23,24,4291,14763
2023-06-12 11:39:35,23,25,4291,14763
2023-06-12 11:39:41,22,25,4291,14763
2023-06-12 11:39:41,23,25,4291,14763
2023-06-12 11:39:41,23,24,4291,14763
2023-06-12 11:40:38,22,24,4291,14763
2023-06-12 11:40:43,23,24,4291,14763
2023-06-12 11:41:11,23,24,4491,14963
2023-06-12 11:41:43,22,24,4491,14963
2023-06-12 11:41:43,22,23,4491,14963
2023-06-12 11:42:44,21,22,4491,14968
2023-06-12 11:43:45,20,22,4491,14972
2023-06-12 11:44:41,19,21,4491,14972
2023-06-12 11:44:45,20,21,4491,14972
2023-06-12 11:44:46,20,21,4587,15068
2023-06-12 11:45:27,19,20,4587,15072
2023-06-12 11:45:34,18,19,4587,15372
2023-06-12 11:46:32,18,21,4587,15372
2023-06-12 11:46:34,19,21,4587,15372
2023-06-12 11:46:34,19,20,4587,15372
2023-06-12 11:46:39,19,20,4587,15382
2023-06-12 11:47:00,19,22,4587,15382
2023-06-12 11:47:00,19,21,4587,15382
2023-06-12 11:47:01,21,22,4595,15390
2023-06-12 11:47:28,21,23,4595,15390
2023-06-12 11:47:28,20,23,4595,15390
2023-06-12 11:47:28,20,24,4595,15390
2023-06-12 11:47:28,22,24,4595,15390
2023-06-12 11:47:28,22,23,4595,15390
2023-06-12 11:48:28,21,24,4595,15390
2023-06-12 11:48:30,23,24,4595,15390
2023-06-12 11:49:27,23,24,4651,15590
2023-06-12 11:49:31,22,24,4651,15590
2023-06-12 11:49:31,22,25,4651,15590
2023-06-12 11:49:31,23,25,4651,15590
2023-06-12 11:50:02,23,24,4651,15590
2023-06-12 11:50:09,23,25,4651,15590
2023-06-12 11:50:31,22,25,4651,15590
2023-06-12 11:50:42,22,24,4651,15590
2023-06-12 11:50:43,22,25,4651,15590
2023-06-12 11:50:54,22,24,4651,15590
2023-06-12 11:50:55,22,25,4651,15590
2023-06-12 11:51:10,22,24,4651,15590
2023-06-12 11:51:26,22,23,4651,15590
2023-06-12 11:51:29,21,23,4651,15745
2023-06-12 11:51:34,21,22,4651,15745
2023-06-12 11:52:05,19,22,4651,15845
2023-06-12 11:52:06,19,21,4651,15845
2023-06-12 11:52:12,19,20,4651,15845
2023-06-12 11:52:22,19,20,4651,15850
2023-06-12 11:53:09,19,21,4651,15850
2023-06-12 11:53:13,20,21,4651,15850
2023-06-12 11:54:08,20,21,4651,15950
2023-06-12 11:54:19,21,22,4601,16000
2023-06-12 11:54:20,20,22,4601,16000
2023-06-12 11:54:25,21,22,4601,16000
2023-06-12 11:54:25,21,23,4601,16000
2023-06-12 11:54:25,21,22,4601,16000
2023-06-12 11:55:06,21,22,4601,16200
2023-06-12 11:55:07,21,24,4601,16300
2023-06-12 11:55:10,21,23,4601,16300
2023-06-12 11:55:12,22,23,4601,16300
2023-06-12 11:55:31,22,23,4801,16500
2023-06-12 11:56:11,21,23,4801,16500
2023-06-12 11:56:11,21,24,4801,16500
2023-06-12 11:56:11,22,24,4801,16500
2023-06-12 11:56:11,22,23,4801,16500
2023-06-12 11:56:48,22,23,4801,16510
2023-06-12 11:56:58,20,23,4801,16510
2023-06-12 11:56:58,20,22,4801,16510
2023-06-12 11:57:55,20,23,4801,16510
2023-06-12 11:58:01,21,23,4801,16510
2023-06-12 11:58:01,21,22,4801,16510
2023-06-12 11:58:56,19,22,4801,16610
2023-06-12 11:58:57,19,21,4801,16610
2023-06-12 11:58:58,19,22,4801,16610
2023-06-12 11:59:02,19,21,4801,16610
2023-06-12 11:59:52,18,21,5401,17210
2023-06-12 12:00:03,18,20,5401,17210
2023-06-12 12:00:10,19,20,5401,17210
2023-06-12 12:00:14,18,20,5401,17210
2023-06-12 12:00:26,19,20,5401,17210
2023-06-12 12:00:34,18,20,5401,17210
2023-06-12 12:00:54,19,20,5401,17210
2023-06-12 12:01:07,19,21,5401,17210
2023-06-12 12:01:22,20,21,5401,17210
2023-06-12 12:01:30,20,21,5401,17410
2023-06-12 12:01:31,20,21,5601,17610
2023-06-12 12:01:31,20,23,5801,17810
2023-06-12 12:02:31,20,22,5801,17810
2023-06-12 12:03:29,20,23,5801,17810
2023-06-12 12:03:33,21,23,5801,17810
2023-06-12 12:04:10,21,25,5801,17810
2023-06-12 12:04:10,22,25,5801,17810
2023-06-12 12:04:10,22,24,5801,17810
2023-06-12 12:04:57,23,24,5801,17810
2023-06-12 12:05:07,23,26,5801,17810
2023-06-12 12:05:07,22,25,5801,17810
2023-06-12 12:05:10,23,25,5801,17810
2023-06-12 12:06:11,22,25,5801,17810
2023-06-12 12:06:11,22,24,5801,17810
2023-06-12 12:06:57,20,24,5801,17810
2023-06-12 12:06:57,20,22,5801,17810
2023-06-12 12:07:55,19,23,5801,17810
2023-06-12 12:07:57,20,23,5801,17810
2023-06-12 12:07:57,20,21,5801,17810
2023-06-12 12:08:43,20,23,5801,18010
2023-06-12 12:08:43,20,22,5801,18010
2023-06-12 12:08:50,20,24,5801,18010
2023-06-12 12:08:50,21,24,5801,18010
2023-06-12 12:08:50,21,23,5801,18010
2023-06-12 12:09:51,21,24,5801,18010
2023-06-12 12:09:51,21,23,5801,18010
2023-06-12 12:10:48,20,23,5801,18010
2023-06-12 12:10:52,21,23,5801,18010
2023-06-12 12:11:30,22,23,5801,18010
2023-06-12 12:12:02,22,23,5995,18210
2023-06-12 12:12:06,22,24,6055,18270
2023-06-12 12:12:10,23,24,6055,18270
2023-06-12 12:12:11,23,26,6055,18270
2023-06-12 12:12:11,24,26,6055,18270
2023-06-12 12:13:09,23,27,6055,18270
2023-06-12 12:13:09,23,26,6055,18270
2023-06-12 12:13:11,24,26,6055,18270
2023-06-12 12:13:15,24,25,6055,18270
2023-06-12 12:13:23,24,25,6061,18470
2023-06-12 12:13:28,22,25,6061,18470
2023-06-12 12:13:28,22,24,6061,18470
2023-06-12 12:14:25,22,25,6061,18470
2023-06-12 12:14:30,22,24,6061,18470
2023-06-12 12:15:03,23,24,6061,18470
2023-06-12 12:15:20,22,24,6061,18470
2023-06-12 12:15:30,22,25,6061,18470
2023-06-12 12:15:30,23,25,6061,18470
2023-06-12 12:16:31,23,26,6061,18470
2023-06-12 12:16:31,24,26,6061,18470
2023-06-12 12:17:32,23,27,6061,18470
2023-06-12 12:17:32,23,26,6061,18470
2023-06-12 12:17:33,24,26,6061,18470
2023-06-12 12:17:33,24,25,6061,18470
2023-06-12 12:18:35,25,27,6061,18470
2023-06-12 12:18:35,25,26,6061,18470
2023-06-12 12:19:03,23,26,6061,18470
2023-06-12 12:19:03,23,24,6061,18470
2023-06-12 12:20:00,22,25,6061,18470
2023-06-12 12:20:06,23,25,6061,18470
2023-06-12 12:20:06,23,24,6061,18470
2023-06-12 12:20:42,23,24,6055,18670
2023-06-12 12:20:42,23,24,6055,18870
2023-06-12 12:20:44,23,26,6055,18995
2023-06-12 12:20:57,24,26,6055,18995
2023-06-12 12:20:57,24,25,6055,18995
2023-06-12 12:21:58,22,25,6055,18995
2023-06-12 12:21:58,24,25,6055,18995
2023-06-12 12:21:59,22,25,6055,18995
2023-06-12 12:21:59,24,25,6055,18995
2023-06-12 12:23:00,22,25,6055,18995
2023-06-12 12:23:00,24,25,6055,18995
2023-06-12 12:23:14,24,25,6061,19195
2023-06-12 12:24:00,23,25,6061,19195
2023-06-12 12:24:03,23,26,6061,19195
2023-06-12 12:24:03,24,26,6061,19195
2023-06-12 12:24:03,24,25,6061,19195
2023-06-12 12:24:40,22,25,6061,19195
2023-06-12 12:24:40,23,25,6061,19195
2023-06-12 12:24:42,23,24,6061,19195
2023-06-12 12:24:51,22,23,6136,19270
2023-06-12 12:25:41,22,23,6661,19795
2023-06-12 12:25:42,22,23,7186,20320
2023-06-12 12:26:04,22,23,7180,20470
2023-06-12 12:26:42,20,21,7255,20545
2023-06-12 12:26:49,20,21,7455,20745
2023-06-12 12:26:50,20,21,7655,20945
2023-06-12 12:26:52,20,21,7855,21145
2023-06-12 12:27:05,20,21,7930,21220
2023-06-12 12:27:20,19,21,7930,21220
2023-06-12 12:27:33,18,21,7930,21220
2023-06-12 12:27:33,19,21,7930,21220
2023-06-12 12:27:33,19,20,7930,21220
2023-06-12 12:27:56,17,20,7930,21220
2023-06-12 12:27:56,17,18,7930,21220
2023-06-12 12:28:56,18,20,7930,21220
2023-06-12 12:28:56,18,19,7930,21220
2023-06-12 12:29:54,18,20,7930,21220
2023-06-12 12:29:58,19,20,7930,21220
2023-06-12 12:30:59,18,20,7930,21220
2023-06-12 12:30:59,18,19,7930,21220
2023-06-12 12:32:00,17,20,7930,21220
2023-06-12 12:32:01,18,20,7930,21220
2023-06-12 12:32:01,18,19,7930,21220
2023-06-12 12:33:00,17,20,7930,21220
2023-06-12 12:33:01,17,18,7930,21220
2023-06-12 12:33:05,17,18,8055,21345
2023-06-12 12:34:00,16,19,8055,21345
2023-06-12 12:34:01,16,17,8055,21345
2023-06-12 12:34:19,16,17,8060,21350
2023-06-12 12:35:01,15,18,8060,21350
2023-06-12 12:35:03,15,16,8060,21350
2023-06-12 12:35:04,15,16,8135,21425
2023-06-12 12:35:49,14,15,8135,21925
2023-06-12 12:36:23,14,15,8135,22125
2023-06-12 12:36:24,14,17,8135,22175
2023-06-12 12:36:25,14,16,8135,22175
2023-06-12 12:36:35,13,16,8135,22175
2023-06-12 12:36:35,15,16,8135,22175
2023-06-12 12:37:30,14,16,8135,22175
2023-06-12 12:37:30,14,16,8285,22325
2023-06-12 12:37:30,15,16,8285,22325
2023-06-12 12:37:34,15,16,8485,22525
2023-06-12 12:37:34,15,16,8535,22575
2023-06-12 12:37:35,15,16,8735,22775
2023-06-12 12:37:43,15,16,8935,22975
2023-06-12 12:37:45,15,16,9135,23175
2023-06-12 12:37:46,15,16,9335,23375
2023-06-12 12:37:48,15,16,9535,23575
2023-06-12 12:37:48,15,17,9535,23575
2023-06-12 12:38:27,14,17,9535,23575
2023-06-12 12:38:32,16,17,9535,23575
2023-06-12 12:38:33,14,17,10060,24100
2023-06-12 12:39:23,13,17,10060,24100
2023-06-12 12:39:23,15,17,10060,24100
2023-06-12 12:40:18,15,16,10060,24100
2023-06-12 12:40:22,14,16,10060,24100
2023-06-12 12:40:26,14,15,10060,24100
2023-06-12 12:41:24,14,16,10060,24100
2023-06-12 12:41:24,14,15,10060,24100
2023-06-12 12:41:39,14,15,10060,24300
2023-06-12 12:41:40,14,16,10060,24475
2023-06-12 12:42:23,14,17,10060,24475
2023-06-12 12:42:23,14,16,10060,24475
2023-06-12 12:42:26,14,17,10060,24475
2023-06-12 12:42:28,15,17,10060,24475
2023-06-12 12:42:28,15,17,10135,24550
2023-06-12 12:43:23,15,19,10135,24550
2023-06-12 12:43:23,15,18,10135,24550
2023-06-12 12:43:23,15,19,10135,24550
2023-06-12 12:43:25,17,19,10135,24550
2023-06-12 12:43:25,17,18,10135,24550
2023-06-12 12:44:22,15,19,10135,24550
2023-06-12 12:44:26,17,19,10135,24550
2023-06-12 12:44:26,17,18,10135,24550
2023-06-12 12:45:03,15,18,10135,24550
2023-06-12 12:45:03,16,18,10135,24550
2023-06-12 12:45:03,16,17,10135,24550
2023-06-12 12:46:03,15,18,10135,24550
2023-06-12 12:46:06,17,18,10135,24550
2023-06-12 12:46:06,15,18,10285,24700
2023-06-12 12:47:07,17,18,10285,24700
2023-06-12 12:47:07,17,18,10360,24775
2023-06-12 12:47:45,16,18,10360,24775
2023-06-12 12:47:45,16,18,10435,24850
2023-06-12 12:47:45,17,18,10435,24850
2023-06-12 12:48:11,17,18,10635,25050
2023-06-12 12:48:12,17,18,10835,25250
2023-06-12 12:48:14,17,18,11035,25450
2023-06-12 12:48:14,17,19,11035,25450
2023-06-12 12:48:35,18,19,11035,25450
2023-06-12 12:48:35,18,19,11110,25525
2023-06-12 12:48:38,18,20,11110,25525
2023-06-12 12:48:38,20,21,11110,25600
2023-06-12 12:49:15,20,21,11110,25800
2023-06-12 12:49:31,18,21,11110,25800
2023-06-12 12:49:31,19,21,11110,25800
2023-06-12 12:49:31,19,20,11110,25800
2023-06-12 12:50:12,17,20,11110,25800
2023-06-12 12:50:12,17,18,11110,25800
2023-06-12 12:51:08,17,19,11110,25800
2023-06-12 12:51:08,17,20,11110,25800
2023-06-12 12:51:11,17,19,11110,25800
2023-06-12 12:51:11,17,19,11110,25950
2023-06-12 12:51:17,17,18,11110,25950
2023-06-12 12:51:31,17,19,11110,25950
2023-06-12 12:51:43,17,18,11110,25950
2023-06-12 12:51:56,17,19,11110,25950
2023-06-12 12:51:57,17,18,11110,25950
2023-06-12 12:52:10,16,18,11110,25950
2023-06-12 12:52:10,15,16,11110,26100
2023-06-12 12:53:09,14,15,11110,26250
2023-06-12 12:54:04,14,16,11110,26250
2023-06-12 12:54:04,14,16,11185,26325
2023-06-12 12:55:06,15,16,11185,26325
2023-06-12 12:55:08,14,16,11185,26325
2023-06-12 12:55:08,16,18,11260,26400
2023-06-12 12:55:30,16,17,11260,26400
2023-06-12 12:55:33,16,18,11260,26400
2023-06-12 12:55:43,16,17,11260,26400
2023-06-12 12:55:43,14,17,11335,26475
2023-06-12 12:55:53,14,18,11335,26475
2023-06-12 12:56:04,14,19,11335,26475
2023-06-12 12:56:04,16,19,11335,26475
2023-06-12 12:56:04,16,18,11335,26475
2023-06-12 12:57:02,14,19,11335,26475
2023-06-12 12:57:05,14,20,11335,26475
2023-06-12 12:57:06,14,19,11335,26475
2023-06-12 12:57:09,16,19,11335,26475
2023-06-12 12:57:09,16,18,11335,26475
2023-06-12 12:58:08,14,19,11335,26475
2023-06-12 12:58:10,16,19,11335,26475
2023-06-12 12:58:10,16,17,11335,26475
2023-06-12 12:58:53,15,16,11335,26675
2023-06-12 12:59:09,14,18,11335,26675
2023-06-12 12:59:09,13,18,11335,26675
2023-06-12 12:59:10,14,18,11335,26675
2023-06-12 12:59:10,15,18,11335,26675
2023-06-12 12:59:10,15,17,11335,26675
2023-06-12 12:59:38,15,16,11335,26675
2023-06-12 13:00:08,13,16,11335,26675
2023-06-12 13:00:14,15,16,11335,26675
2023-06-12 13:01:15,13,16,11335,26675
2023-06-12 13:01:15,14,16,11335,26675
2023-06-12 13:02:12,13,16,11335,26675
2023-06-12 13:02:18,13,15,11335,26675
2023-06-12 13:02:25,13,16,11335,26675
2023-06-12 13:02:26,13,14,11335,26675
2023-06-12 13:02:37,13,15,11335,26675
2023-06-12 13:02:59,14,15,11335,26675
2023-06-12 13:03:05,13,15,11335,26675
2023-06-12 13:03:06,13,16,11335,26675
2023-06-12 13:03:06,14,16,11335,26675
2023-06-12 13:03:32,14,15,11335,26675
2023-06-12 13:03:35,13,15,11335,26675
2023-06-12 13:04:05,13,16,11335,26675
2023-06-12 13:04:05,14,16,11335,26675
2023-06-12 13:06:07,13,16,11335,26675
2023-06-12 13:06:07,14,16,11335,26675
2023-06-12 13:06:07,14,15,11335,26675
2023-06-12 13:06:22,13,15,11335,26675
2023-06-12 13:06:22,12,15,11335,26675
2023-06-12 13:06:22,12,14,11335,26675
2023-06-12 13:06:52,12,16,11335,26675
2023-06-12 13:06:52,13,16,11335,26675
2023-06-12 13:06:52,14,16,11335,26675
2023-06-12 13:06:52,14,15,11335,26675
2023-06-12 13:07:49,12,16,11335,26675
2023-06-12 13:07:49,13,16,11335,26675
2023-06-12 13:07:53,14,16,11335,26675
2023-06-12 13:07:53,15,16,11335,26675
2023-06-12 13:08:19,14,16,11335,26675
2023-06-12 13:08:19,16,18,11335,26925
2023-06-12 13:08:56,16,17,11335,26925
2023-06-12 13:09:18,13,17,11335,26925
2023-06-12 13:09:20,14,17,11335,26925
2023-06-12 13:09:20,14,16,11335,26925
2023-06-12 13:10:19,13,17,11335,26925
2023-06-12 13:10:21,15,18,11335,26925
2023-06-12 13:10:21,15,17,11335,26925
2023-06-12 13:11:19,13,18,11335,26925
2023-06-12 13:11:24,15,17,11335,26925
2023-06-12 13:12:07,15,16,11335,26925
2023-06-12 13:12:22,13,16,11335,26925
2023-06-12 13:12:23,14,16,11335,26925
2023-06-12 13:12:47,14,15,11335,26925
2023-06-12 13:13:18,13,15,11335,26925
2023-06-12 13:13:18,12,15,11335,26925
2023-06-12 13:13:18,13,15,11335,26925
2023-06-12 13:13:18,13,14,11335,26925
2023-06-12 13:13:46,13,16,11335,26925
2023-06-12 13:13:46,14,16,11335,26925
2023-06-12 13:14:38,14,15,11335,26925
2023-06-12 13:14:46,13,15,11335,26925
2023-06-12 13:15:47,13,14,11335,26925
2023-06-12 13:16:48,13,15,11335,26925
2023-06-12 13:17:13,13,16,11335,26925
2023-06-12 13:17:14,14,16,11335,26925
2023-06-12 13:17:44,14,18,11335,26925
2023-06-12 13:17:44,15,18,11335,26925
2023-06-12 13:17:44,16,18,11335,26925
2023-06-12 13:18:11,15,18,11335,26925
2023-06-12 13:18:16,14,18,11335,26925
2023-06-12 13:18:35,14,17,11335,26925
2023-06-12 13:18:37,13,17,11335,26925
2023-06-12 13:18:41,13,16,11335,26925
2023-06-12 13:18:42,13,17,11335,26925
2023-06-12 13:18:43,13,16,11335,26925
2023-06-12 13:20:13,13,15,11335,26925
2023-06-12 13:20:13,12,15,11335,26925
2023-06-12 13:20:13,14,15,11335,26925
2023-06-12 13:20:13,15,16,11466,27125
2023-06-12 13:20:31,14,16,11466,27225
2023-06-12 13:20:56,14,18,11466,27225
2023-06-12 13:20:56,16,18,11466,27225
2023-06-12 13:20:56,16,17,11466,27225
2023-06-12 13:21:53,14,18,11466,27225
2023-06-12 13:21:57,15,18,11466,27225
2023-06-12 13:21:58,15,17,11466,27225
2023-06-12 13:22:14,15,16,11466,27225
2023-06-12 13:22:28,14,16,11466,27225
2023-06-12 13:22:28,13,16,11466,27225
2023-06-12 13:22:28,13,15,11466,27225
2023-06-12 13:23:26,12,16,11466,27225
2023-06-12 13:23:26,12,15,11466,27225
2023-06-12 13:23:30,13,15,11466,27225
2023-06-12 13:24:33,13,16,11466,27225
2023-06-12 13:24:33,13,15,11466,27225
2023-06-12 13:25:34,13,16,11466,27225
2023-06-12 13:25:34,14,16,11466,27225
2023-06-12 13:26:33,13,16,11466,27225
2023-06-12 13:26:36,14,16,11466,27225
2023-06-12 13:26:36,14,15,11466,27225
2023-06-12 13:27:37,13,14,11466,27239
2023-06-12 13:28:39,13,16,11466,27239
2023-06-12 13:28:39,13,15,11466,27239
2023-06-12 13:29:41,14,16,11466,27239
2023-06-12 13:29:41,14,15,11466,27239
2023-06-12 13:30:39,13,16,11466,27239
2023-06-12 13:30:43,13,15,11466,27239
2023-06-12 13:31:41,12,15,11466,27239
2023-06-12 13:31:41,12,14,11466,27239
2023-06-12 13:31:54,12,13,11466,27239
2023-06-12 13:31:57,11,13,11466,27239
2023-06-12 13:31:58,11,13,11461,27244
2023-06-12 13:32:54,10,13,11461,27244
2023-06-12 13:32:58,11,13,11461,27244
2023-06-12 13:32:58,11,12,11461,27244
2023-06-12 13:33:15,11,14,11461,27244
2023-06-12 13:33:15,12,14,11461,27244
2023-06-12 13:33:15,12,13,11461,27244
2023-06-12 13:34:00,11,13,11461,27244
2023-06-12 13:34:00,11,15,11461,27244
2023-06-12 13:34:01,13,15,11461,27244
2023-06-12 13:34:18,13,16,11461,27244
2023-06-12 13:34:18,14,16,11461,27244
2023-06-12 13:34:52,14,15,11461,27244
2023-06-12 13:34:56,13,15,11461,27244
2023-06-12 13:34:56,12,15,11461,27244
2023-06-12 13:34:56,13,15,11461,27244
2023-06-12 13:35:55,12,15,11461,27244
2023-06-12 13:35:55,13,15,11461,27244
2023-06-12 13:35:56,13,16,11461,27244
2023-06-12 13:36:55,12,16,11461,27244
2023-06-12 13:36:56,12,15,11461,27244
2023-06-12 13:36:58,13,15,11461,27244
2023-06-12 13:37:44,13,14,11461,27244
2023-06-12 13:37:51,12,14,11461,27244
2023-06-12 13:37:51,11,14,11461,27244
2023-06-12 13:37:51,12,14,11461,27244
2023-06-12 13:38:03,12,13,11461,27244
2023-06-12 13:38:20,11,13,11461,27244
2023-06-12 13:38:20,10,13,11461,27244
2023-06-12 13:38:21,11,13,11461,27244
2023-06-12 13:39:18,12,14,11461,27244
2023-06-12 13:40:01,12,13,11461,27244
2023-06-12 13:40:12,12,14,11461,27244
2023-06-12 13:40:19,11,14,11461,27244
2023-06-12 13:40:21,12,14,11461,27244
2023-06-12 13:41:07,12,13,11461,27244
2023-06-12 13:41:21,10,13,11461,27244
2023-06-12 13:41:21,11,13,11461,27244
2023-06-12 13:42:13,12,13,11461,27244
2023-06-12 13:43:18,10,12,11473,27256
2023-06-12 13:43:24,10,11,11473,27256
2023-06-12 13:44:00,10,11,11673,27456
2023-06-12 13:44:23,8,10,11673,27756
2023-06-12 13:44:46,8,9,11673,27756
2023-06-12 13:45:21,7,9,11673,27756
2023-06-12 13:45:25,7,8,11673,27756
2023-06-12 13:45:43,7,9,11673,27756
2023-06-12 13:45:46,7,8,11673,27756
2023-06-12 13:46:15,7,8,11873,27956
2023-06-12 13:46:19,6,8,11873,28006
2023-06-12 13:47:54,6,8,11873,28007
2023-06-12 13:48:04,5,8,11873,28007
2023-06-12 13:48:05,5,7,11873,28007
2023-06-12 13:48:40,5,7,11868,28012
2023-06-12 13:50:39,5,8,11868,28012
2023-06-12 13:51:17,6,8,11868,28012
2023-06-12 13:51:25,6,9,11868,28012
2023-06-12 13:51:46,6,8,11868,28012
2023-06-12 13:52:17,6,9,11868,28012
2023-06-12 13:52:37,6,8,11868,28012
2023-06-12 13:52:47,6,9,11868,28012
2023-06-12 13:53:10,6,8,11868,28012
2023-06-12 13:53:11,6,9,11868,28012
2023-06-12 13:53:17,6,8,11868,28012
2023-06-12 13:53:22,6,9,11868,28012
2023-06-12 13:53:30,6,8,11868,28012
2023-06-12 13:53:40,5,8,11868,28012
2023-06-12 13:54:43,6,8,11868,28012
2023-06-12 13:54:57,5,8,11868,28012
2023-06-12 13:56:44,5,7,11868,28012
2023-06-12 13:57:10,5,6,11868,28012
2023-06-12 13:58:07,4,6,11868,28012
2023-06-12 13:59:03,4,5,11868,28012
2023-06-12 14:01:45,4,6,11868,28012
2023-06-12 14:04:05,4,5,11868,28012
2023-06-12 14:05:31,4,6,11868,28012
2023-06-12 14:07:19,4,5,11868,28012
2023-06-12 14:07:45,4,6,11868,28012
2023-06-12 14:08:13,4,5,11868,28012
2023-06-12 14:08:41,4,6,11868,28012
2023-06-12 14:09:05,4,5,11868,28012
2023-06-12 14:09:27,4,5,11868,28212
2023-06-12 14:09:58,3,5,12118,28462
2023-06-12 14:12:19,3,5,12118,28467
2023-06-12 14:13:04,3,4,12118,28467
2023-06-12 14:14:33,2,3,13113,29662
2023-06-12 14:14:33,2,4,13113,29862
2023-06-12 14:26:57,2,3,13113,29862
2023-06-12 14:27:26,2,3,13103,29872
2023-06-12 14:30:58,1,3,13103,29872
2023-06-12 14:33:23,1,2,13103,29872
2023-06-12 14:33:36,1,2,13203,29972
2023-06-12 14:50:46,0,2,13203,29972
2023-06-12 15:10:17,0,1,13203,29972
