datetime,bid,ask,open_interest,volume
2023-06-12 09:30:29,32,33,1942,2880
2023-06-12 09:30:29,9,33,1942,2880
2023-06-12 09:31:00,0,33,1942,2880
2023-06-12 09:31:01,14,33,1942,2880
2023-06-12 09:31:09,30,33,1942,2880
2023-06-12 09:31:09,31,33,1942,2880
2023-06-12 09:31:10,30,33,1942,2880
2023-06-12 09:31:12,30,33,1942,2880
2023-06-12 09:31:16,30,32,1942,2880
2023-06-12 09:31:20,30,31,1942,2880
2023-06-12 09:31:20,30,31,1942,2980
2023-06-12 09:31:36,30,33,1942,2980
2023-06-12 09:31:36,30,33,1942,3080
2023-06-12 09:31:36,30,32,1942,3080
2023-06-12 09:31:55,29,32,1892,3205
2023-06-12 09:31:55,29,31,1892,3205
2023-06-12 09:32:04,28,31,1892,3205
2023-06-12 09:32:08,29,31,1892,3205
2023-06-12 09:32:13,28,31,1892,3205
2023-06-12 09:32:26,28,30,1892,3205
2023-06-12 09:32:56,28,30,1892,3230
2023-06-12 09:33:06,29,30,1892,3230
2023-06-12 09:33:08,29,31,1892,3230
2023-06-12 09:33:09,29,31,1892,3255
2023-06-12 09:33:40,29,31,1912,3455
2023-06-12 09:34:12,31,33,1932,3625
2023-06-12 09:34:12,29,33,1932,3625
2023-06-12 09:34:15,29,32,1932,3625
2023-06-12 09:34:16,29,33,1932,3625
2023-06-12 09:34:17,29,32,1932,3625
2023-06-12 09:34:22,29,33,1932,3625
2023-06-12 09:34:24,29,32,1932,3625
2023-06-12 09:34:26,29,33,1932,3625
2023-06-12 09:34:27,29,32,1932,3625
2023-06-12 09:35:07,29,30,1932,3625
2023-06-12 09:35:08,30,32,1932,3675
2023-06-12 09:35:08,29,32,1932,3675
2023-06-12 09:36:09,29,31,1932,3675
2023-06-12 09:36:53,28,31,1932,3675
2023-06-12 09:37:05,28,30,1932,3675
2023-06-12 09:37:05,28,29,1932,3675
2023-06-12 09:37:05,28,29,1937,3680
2023-06-12 09:37:23,28,29,1837,3780
2023-06-12 09:37:24,28,31,1812,3805
2023-06-12 09:37:26,29,31,1812,3805
2023-06-12 09:37:48,28,31,1812,3805
2023-06-12 09:38:05,28,30,1812,3805
2023-06-12 09:38:10,29,30,1812,3805
2023-06-12 09:38:17,29,30,1712,3905
2023-06-12 09:38:20,29,32,1662,3955
2023-06-12 09:38:21,29,31,1662,3955
2023-06-12 09:38:44,28,31,1662,3955
2023-06-12 09:38:48,29,31,1662,3955
2023-06-12 09:38:50,29,32,1662,3955
2023-06-12 09:38:52,30,32,1662,3955
2023-06-12 09:38:53,30,31,1662,3955
2023-06-12 09:39:23,31,33,1662,4005
2023-06-12 09:39:35,31,32,1662,4005
2023-06-12 09:39:36,31,32,1792,4135
2023-06-12 09:40:08,31,32,1767,4160
2023-06-12 09:40:11,31,33,1767,4160
2023-06-12 09:40:17,31,32,1767,4160
2023-06-12 09:40:31,31,33,1767,4160
2023-06-12 09:40:32,31,32,1767,4160
2023-06-12 09:40:48,31,33,1767,4160
2023-06-12 09:41:09,32,33,1767,4160
2023-06-12 09:41:50,31,32,1767,4210
2023-06-12 09:42:07,30,31,1742,4310
2023-06-12 09:42:08,30,32,1742,4310
2023-06-12 09:42:09,30,31,1742,4310
2023-06-12 09:43:08,30,32,1742,4310
2023-06-12 09:43:11,30,31,1742,4310
2023-06-12 09:43:22,31,32,1742,4385
2023-06-12 09:43:22,30,32,1742,4385
2023-06-12 09:43:22,30,31,1742,4385
2023-06-12 09:43:23,31,32,1767,4410
2023-06-12 09:43:24,30,32,1767,4410
2023-06-12 09:43:24,30,31,1767,4410
2023-06-12 09:43:26,30,32,1767,4410
2023-06-12 09:43:31,30,33,1767,4410
2023-06-12 09:44:13,31,33,1767,4410
2023-06-12 09:44:13,31,32,1767,4410
2023-06-12 09:44:39,32,33,1767,4460
2023-06-12 09:44:39,31,33,1767,4460
2023-06-12 09:45:08,32,33,1767,4460
2023-06-12 09:45:13,32,33,1772,4485
2023-06-12 09:46:15,33,34,1772,4485
2023-06-12 09:49:14,32,34,1772,4485
2023-06-12 09:49:15,32,33,1772,4485
2023-06-12 09:50:15,31,33,1772,4485
2023-06-12 09:50:16,31,33,1772,4560
2023-06-12 09:50:16,31,34,1772,4560
2023-06-12 09:50:19,33,34,1772,4560
2023-06-12 09:50:25,31,33,1772,4585
2023-06-12 09:50:27,31,34,1772,4585
2023-06-12 09:50:37,31,33,1772,4585
2023-06-12 09:50:59,31,32,1772,4585
2023-06-12 09:51:02,31,33,1772,4585
2023-06-12 09:51:16,30,33,1772,4585
2023-06-12 09:51:17,32,33,1772,4585
2023-06-12 09:51:17,32,33,1797,4610
2023-06-12 09:51:31,30,33,1822,4635
2023-06-12 09:52:19,31,33,1822,4635
2023-06-12 09:52:19,31,32,1822,4635
2023-06-12 09:52:21,31,32,1887,4700
2023-06-12 09:53:21,30,32,1887,4700
2023-06-12 09:53:21,30,33,1887,4700
2023-06-12 09:53:21,32,33,1887,4700
2023-06-12 09:54:20,31,33,1887,4700
2023-06-12 09:54:21,32,33,1887,4700
2023-06-12 09:55:19,31,33,1887,4700
2023-06-12 09:55:21,30,33,1887,4700
2023-06-12 09:55:22,31,33,1887,4700
2023-06-12 09:55:23,32,33,1887,4700
2023-06-12 09:56:19,31,34,1887,4700
2023-06-12 09:56:23,33,34,1887,4700
2023-06-12 09:58:24,31,34,1887,4700
2023-06-12 09:58:24,33,34,1887,4700
2023-06-12 09:59:23,31,34,1887,4700
2023-06-12 09:59:25,33,34,1887,4700
2023-06-12 10:00:24,32,34,1887,4700
2023-06-12 10:00:24,31,34,1887,4700
2023-06-12 10:00:27,33,34,1887,4700
2023-06-12 10:00:47,33,34,1893,4900
2023-06-12 10:01:02,33,34,2047,5100
2023-06-12 10:01:25,31,34,2047,5100
2023-06-12 10:01:25,32,34,2047,5100
2023-06-12 10:01:27,33,34,2047,5100
2023-06-12 10:01:46,33,35,2047,5100
2023-06-12 10:01:46,33,35,2097,5150
2023-06-12 10:02:47,33,35,2147,5200
2023-06-12 10:02:48,34,35,2147,5200
2023-06-12 10:03:03,34,36,2147,5200
2023-06-12 10:03:51,35,36,2147,5200
2023-06-12 10:04:47,33,36,2147,5200
2023-06-12 10:04:50,33,35,2147,5200
2023-06-12 10:04:51,34,35,2147,5200
2023-06-12 10:05:06,32,34,2297,5350
2023-06-12 10:05:20,32,33,2297,5350
2023-06-12 10:05:20,31,33,2297,5350
2023-06-12 10:05:20,33,34,2303,5356
2023-06-12 10:05:21,31,33,2347,5400
2023-06-12 10:05:28,31,32,2347,5400
2023-06-12 10:06:25,30,32,2347,5400
2023-06-12 10:06:29,30,31,2347,5400
2023-06-12 10:07:19,30,31,2147,5600
2023-06-12 10:07:21,30,33,2147,5600
2023-06-12 10:07:21,31,33,2147,5600
2023-06-12 10:07:21,31,32,2147,5600
2023-06-12 10:08:17,30,32,2147,5600
2023-06-12 10:08:22,30,33,2347,5800
2023-06-12 10:08:24,31,33,2347,5800
2023-06-12 10:08:24,31,32,2347,5800
2023-06-12 10:09:21,31,33,2347,5800
2023-06-12 10:09:22,31,33,2247,5900
2023-06-12 10:09:24,30,33,2247,5900
2023-06-12 10:09:24,32,33,2247,5900
2023-06-12 10:10:23,30,33,2247,5900
2023-06-12 10:10:23,31,33,2247,5900
2023-06-12 10:10:23,31,32,2247,5900
2023-06-12 10:11:20,30,33,2247,5900
2023-06-12 10:11:23,31,33,2247,5900
2023-06-12 10:11:23,32,33,2247,5900
2023-06-12 10:11:44,32,33,2253,5906
2023-06-12 10:11:45,32,33,2259,5912
2023-06-12 10:11:46,32,33,2265,5918
2023-06-12 10:11:47,32,33,2271,5924
2023-06-12 10:11:48,32,33,2277,5930
2023-06-12 10:11:49,32,33,2283,5936
2023-06-12 10:11:50,32,33,2289,5942
2023-06-12 10:11:51,32,33,2295,5948
2023-06-12 10:11:52,32,33,2301,5954
2023-06-12 10:11:53,32,33,2307,5960
2023-06-12 10:11:54,32,33,2313,5966
2023-06-12 10:11:55,32,33,2319,5972
2023-06-12 10:11:56,32,33,2325,5978
2023-06-12 10:11:57,32,33,2331,5984
2023-06-12 10:11:58,32,33,2337,5990
2023-06-12 10:11:59,32,33,2343,5996
2023-06-12 10:12:07,30,32,2343,6050
2023-06-12 10:12:07,30,33,2343,6050
2023-06-12 10:12:08,30,32,2343,6050
2023-06-12 10:12:12,30,31,2343,6050
2023-06-12 10:13:03,30,31,2293,6250
2023-06-12 10:13:12,29,31,2293,6250
2023-06-12 10:13:12,30,31,2293,6250
2023-06-12 10:13:41,30,31,2293,6450
2023-06-12 10:14:05,30,32,2293,6450
2023-06-12 10:14:06,31,32,2293,6450
2023-06-12 10:15:04,31,33,2293,6450
2023-06-12 10:15:05,32,33,2293,6450
2023-06-12 10:15:06,32,33,2493,6650
2023-06-12 10:15:43,32,33,2493,6750
2023-06-12 10:15:44,30,33,2493,6750
2023-06-12 10:15:44,32,33,2493,6750
2023-06-12 10:16:20,30,33,2493,6950
2023-06-12 10:16:25,30,33,2543,7000
2023-06-12 10:16:25,31,33,2543,7000
2023-06-12 10:16:35,30,33,2543,7000
2023-06-12 10:16:35,32,33,2543,7000
2023-06-12 10:16:41,30,33,2543,7000
2023-06-12 10:16:41,31,33,2543,7000
2023-06-12 10:16:46,29,30,2293,7400
2023-06-12 10:16:50,29,30,2093,7600
2023-06-12 10:18:35,30,31,2093,7750
2023-06-12 10:19:22,32,33,2143,7800
2023-06-12 10:19:39,30,32,2293,7950
2023-06-12 10:19:40,30,33,2293,7950
2023-06-12 10:19:45,30,32,2293,7950
2023-06-12 10:19:55,30,31,2293,7950
2023-06-12 10:19:56,30,31,2293,8050
2023-06-12 10:20:56,30,33,2293,8050
2023-06-12 10:20:56,31,33,2293,8050
2023-06-12 10:20:56,31,32,2293,8050
2023-06-12 10:21:04,31,34,2093,8250
2023-06-12 10:21:08,32,34,2093,8250
2023-06-12 10:21:13,33,34,2093,8250
2023-06-12 10:22:10,32,34,2093,8250
2023-06-12 10:22:14,32,34,2193,8350
2023-06-12 10:23:14,31,34,2193,8350
2023-06-12 10:23:17,33,34,2193,8350
2023-06-12 10:23:51,32,34,2193,8350
2023-06-12 10:23:51,32,35,2493,8650
2023-06-12 10:23:52,33,35,2493,8650
2023-06-12 10:24:07,34,35,2493,8650
2023-06-12 10:24:28,34,36,2493,8650
2023-06-12 10:24:28,35,36,2493,8650
2023-06-12 10:27:26,34,36,2493,8650
2023-06-12 10:27:28,34,35,2493,8650
2023-06-12 10:28:27,34,36,2493,8650
2023-06-12 10:28:27,34,35,2493,8650
2023-06-12 10:29:24,34,36,2493,8650
2023-06-12 10:29:59,35,36,2499,8850
2023-06-12 10:30:28,35,37,2499,8850
2023-06-12 10:30:29,36,37,2499,8850
2023-06-12 10:31:31,34,37,2499,8850
2023-06-12 10:31:31,35,37,2499,8850
2023-06-12 10:31:31,35,36,2499,8850
2023-06-12 10:32:31,35,37,2499,8850
2023-06-12 10:32:31,36,37,2499,8850
2023-06-12 10:33:35,35,37,2499,8850
2023-06-12 10:33:36,36,37,2499,8850
2023-06-12 10:34:04,37,38,2505,8856
2023-06-12 10:34:36,36,38,2505,8856
2023-06-12 10:34:36,36,37,2505,8856
2023-06-12 10:35:08,35,37,2505,8856
2023-06-12 10:35:09,35,36,2505,8856
2023-06-12 10:36:08,35,38,2505,8856
2023-06-12 10:36:10,36,38,2505,8856
2023-06-12 10:36:10,36,37,2505,8856
2023-06-12 10:37:08,36,38,2505,8856
2023-06-12 10:37:11,37,38,2505,8856
2023-06-12 10:37:38,37,38,2705,9056
2023-06-12 10:37:43,35,38,2705,9056
2023-06-12 10:37:43,36,38,2705,9056
2023-06-12 10:38:03,36,37,2705,9056
2023-06-12 10:38:27,36,38,2705,9056
2023-06-12 10:38:31,36,37,2705,9056
2023-06-12 10:38:36,36,38,2705,9056
2023-06-12 10:38:39,36,37,2705,9056
2023-06-12 10:38:44,35,37,2705,9056
2023-06-12 10:38:44,35,36,2705,9056
2023-06-12 10:38:51,35,36,2505,9256
2023-06-12 10:38:56,35,36,2305,9456
2023-06-12 10:38:59,35,38,2305,9456
2023-06-12 10:38:59,36,38,2305,9456
2023-06-12 10:38:59,36,37,2305,9456
2023-06-12 10:39:26,35,37,2305,9456
2023-06-12 10:39:26,35,38,2305,9456
2023-06-12 10:39:27,37,38,2305,9456
2023-06-12 10:40:08,37,38,2505,9656
2023-06-12 10:40:26,35,38,2505,9656
2023-06-12 10:40:29,37,38,2505,9656
2023-06-12 10:41:28,36,38,2505,9656
2023-06-12 10:41:36,35,38,2505,9656
2023-06-12 10:41:41,36,38,2505,9656
2023-06-12 10:41:53,35,38,2505,9656
2023-06-12 10:42:19,36,38,2505,9656
2023-06-12 10:42:31,36,38,2705,9856
2023-06-12 10:43:31,36,38,2905,10056
2023-06-12 10:43:32,37,38,2905,10056
2023-06-12 10:43:33,37,39,2905,10056
2023-06-12 10:44:32,38,39,2905,10056
2023-06-12 10:45:33,37,39,2905,10056
2023-06-12 10:45:33,38,39,2905,10056
2023-06-12 10:46:13,38,40,2905,10056
2023-06-12 10:46:14,39,40,2905,10056
2023-06-12 10:47:10,38,40,2905,10056
2023-06-12 10:47:13,39,40,2905,10056
2023-06-12 10:48:41,39,41,2905,10056
2023-06-12 10:48:41,40,41,2905,10056
2023-06-12 10:49:37,39,41,2905,10056
2023-06-12 10:49:41,40,41,2905,10056
2023-06-12 10:49:41,40,41,3155,10306
2023-06-12 10:49:42,39,40,3205,10356
2023-06-12 10:51:08,39,41,3405,10556
2023-06-12 10:53:07,39,40,3405,10556
2023-06-12 10:53:17,40,41,3305,10656
2023-06-12 10:53:18,39,41,3305,10656
2023-06-12 10:53:19,40,41,3305,10656
2023-06-12 10:54:13,39,41,3305,10656
2023-06-12 10:54:13,40,41,3305,10656
2023-06-12 10:54:25,39,41,3305,10656
2023-06-12 10:54:25,38,41,3305,10656
2023-06-12 10:54:25,39,41,3305,10656
2023-06-12 10:54:25,39,40,3305,10656
2023-06-12 10:55:24,38,41,3305,10656
2023-06-12 10:56:01,39,41,3305,10656
2023-06-12 10:56:12,38,41,3305,10656
2023-06-12 10:56:31,39,41,3305,10656
2023-06-12 10:56:31,39,40,3305,10656
2023-06-12 10:57:01,37,40,3305,10656
2023-06-12 10:57:01,38,40,3305,10656
2023-06-12 10:57:01,38,39,3305,10656
2023-06-12 10:57:49,38,39,3105,10856
2023-06-12 10:57:52,38,41,2905,11056
2023-06-12 10:57:52,40,41,2905,11056
2023-06-12 10:58:49,38,40,2905,11056
2023-06-12 10:58:51,37,40,2905,11056
2023-06-12 10:58:54,39,40,2905,11056
2023-06-12 10:59:08,39,40,2912,11063
2023-06-12 10:59:09,39,40,2919,11070
2023-06-12 10:59:10,39,40,2926,11077
2023-06-12 10:59:11,39,40,2933,11084
2023-06-12 10:59:12,39,40,2940,11091
2023-06-12 10:59:13,39,40,2947,11098
2023-06-12 10:59:14,39,40,2954,11105
2023-06-12 10:59:51,37,40,2954,11105
2023-06-12 10:59:51,38,40,2954,11105
2023-06-12 10:59:54,38,40,3054,11205
2023-06-12 10:59:58,37,40,3054,11205
2023-06-12 11:00:00,38,40,3054,11205
2023-06-12 11:00:23,37,40,3054,11205
2023-06-12 11:00:35,38,40,3054,11205
2023-06-12 11:00:35,38,39,3054,11205
2023-06-12 11:01:36,37,40,3054,11205
2023-06-12 11:01:36,38,40,3054,11205
2023-06-12 11:01:36,38,39,3054,11205
2023-06-12 11:02:17,39,41,2954,11305
2023-06-12 11:02:18,38,41,2954,11305
2023-06-12 11:02:20,40,41,2954,11305
2023-06-12 11:02:35,40,41,2979,11330
2023-06-12 11:03:21,39,41,2979,11330
2023-06-12 11:03:21,40,41,2979,11330
2023-06-12 11:04:18,38,41,2979,11330
2023-06-12 11:04:24,40,41,2979,11330
2023-06-12 11:04:40,40,41,3179,11530
2023-06-12 11:04:42,37,40,3279,11630
2023-06-12 11:04:43,38,40,3279,11630
2023-06-12 11:04:43,38,39,3279,11630
2023-06-12 11:05:39,38,40,3279,11630
2023-06-12 11:05:39,38,41,3279,11630
2023-06-12 11:05:43,38,39,3279,11630
2023-06-12 11:05:59,38,41,3079,11830
2023-06-12 11:05:59,38,40,3079,11830
2023-06-12 11:06:09,39,40,3079,11830
2023-06-12 11:06:09,39,40,3079,11855
2023-06-12 11:06:09,39,41,3079,11855
2023-06-12 11:06:09,39,40,3079,11855
2023-06-12 11:06:09,39,40,3079,11880
2023-06-12 11:06:10,39,41,3079,11880
2023-06-12 11:06:11,40,41,3079,11880
2023-06-12 11:06:33,39,41,3079,11880
2023-06-12 11:06:33,39,41,3179,11980
2023-06-12 11:06:53,38,41,3179,11980
2023-06-12 11:06:53,40,41,3179,11980
2023-06-12 11:06:56,40,41,3379,12180
2023-06-12 11:07:01,40,41,3579,12380
2023-06-12 11:07:01,37,41,3579,12380
2023-06-12 11:07:02,37,40,3579,12380
2023-06-12 11:07:02,37,39,3579,12380
2023-06-12 11:07:02,38,39,3579,12380
2023-06-12 11:07:04,38,40,3579,12380
2023-06-12 11:07:04,37,38,3379,12580
2023-06-12 11:07:05,37,38,3179,12780
2023-06-12 11:07:35,38,40,3079,12880
2023-06-12 11:07:36,39,40,3079,12880
2023-06-12 11:08:33,37,40,3079,12880
2023-06-12 11:08:37,38,40,3079,12880
2023-06-12 11:08:38,38,39,3079,12880
2023-06-12 11:09:35,36,39,3079,12880
2023-06-12 11:09:37,36,37,3079,12880
2023-06-12 11:10:08,36,38,3079,12880
2023-06-12 11:10:08,36,39,3079,12880
2023-06-12 11:10:08,38,39,3079,12880
2023-06-12 11:11:04,37,40,3079,12880
2023-06-12 11:11:07,37,39,3079,12880
2023-06-12 11:11:09,37,39,3179,12980
2023-06-12 11:12:12,38,39,3179,12980
2023-06-12 11:12:59,38,41,3179,12980
2023-06-12 11:13:00,38,40,3179,12980
2023-06-12 11:13:00,38,41,3179,12980
2023-06-12 11:13:00,40,41,3179,12980
2023-06-12 11:13:59,38,41,3179,12980
2023-06-12 11:14:02,40,41,3179,12980
2023-06-12 11:15:02,39,41,3179,12980
2023-06-12 11:15:02,39,42,3379,13180
2023-06-12 11:15:03,40,42,3379,13180
2023-06-12 11:16:05,41,42,3379,13180
2023-06-12 11:17:34,41,43,3379,13180
2023-06-12 11:18:04,42,43,3379,13180
2023-06-12 11:18:10,42,44,3379,13180
2023-06-12 11:19:05,41,44,3379,13180
2023-06-12 11:19:06,42,44,3379,13180
2023-06-12 11:19:29,43,44,3379,13180
2023-06-12 11:19:29,43,44,3479,13280
2023-06-12 11:19:29,43,44,3579,13380
2023-06-12 11:20:26,43,45,3579,13380
2023-06-12 11:20:30,43,44,3579,13380
2023-06-12 11:21:23,43,45,3379,13580
2023-06-12 11:21:35,43,45,3479,13680
2023-06-12 11:21:35,44,45,3479,13680
2023-06-12 11:22:48,44,45,3479,13681
2023-06-12 11:23:52,43,45,3479,13681
2023-06-12 11:23:52,43,44,3479,13681
2023-06-12 11:23:52,43,44,3480,13781
2023-06-12 11:24:51,43,45,3480,13781
2023-06-12 11:24:52,44,45,3480,13781
2023-06-12 11:27:52,43,45,3480,13781
2023-06-12 11:27:57,43,44,3480,13781
2023-06-12 11:28:29,44,45,3380,13881
2023-06-12 11:28:29,43,45,3380,13981
2023-06-12 11:28:29,43,44,3380,13981
2023-06-12 11:28:32,43,45,3480,14081
2023-06-12 11:28:52,44,45,3480,14081
2023-06-12 11:28:53,44,46,3480,14081
2023-06-12 11:29:32,45,46,3480,14081
2023-06-12 11:30:16,44,46,3480,14081
2023-06-12 11:30:17,46,47,3688,14289
2023-06-12 11:30:24,45,47,3688,14289
2023-06-12 11:31:31,46,47,3688,14289
2023-06-12 11:31:38,46,48,3688,14289
2023-06-12 11:32:43,47,48,3688,14289
2023-06-12 11:33:28,47,48,3888,14493
2023-06-12 11:33:40,47,49,3888,14493
2023-06-12 11:33:44,48,49,3888,14493
2023-06-12 11:34:44,49,50,3888,14493
2023-06-12 11:34:45,48,50,3988,14593
2023-06-12 11:34:55,49,50,3988,14593
2023-06-12 11:35:05,49,50,4188,14793
2023-06-12 11:35:13,49,51,4188,14793
2023-06-12 11:36:08,49,51,4288,14893
2023-06-12 11:36:12,50,51,4288,14893
2023-06-12 11:36:37,50,52,4288,14893
2023-06-12 11:36:38,51,52,4288,14893
2023-06-12 11:36:38,51,52,4488,15093
2023-06-12 11:36:41,50,52,4588,15193
2023-06-12 11:37:38,50,51,4588,15193
2023-06-12 11:37:38,50,51,4588,15292
2023-06-12 11:38:38,50,52,4588,15292
2023-06-12 11:38:38,50,51,4588,15292
2023-06-12 11:39:41,50,52,4588,15292
2023-06-12 11:39:41,50,52,4388,15492
2023-06-12 11:40:43,50,51,4388,15492
2023-06-12 11:41:41,50,51,4188,15692
2023-06-12 11:41:43,50,52,4188,15692
2023-06-12 11:41:43,50,51,4188,15692
2023-06-12 11:42:44,50,52,4188,15692
2023-06-12 11:42:44,51,52,4188,15692
2023-06-12 11:44:46,51,52,4188,15788
2023-06-12 11:46:29,51,52,4198,15798
2023-06-12 11:46:34,52,53,4388,15988
2023-06-12 11:46:38,52,53,4438,16038
2023-06-12 11:47:01,52,53,4438,16046
2023-06-12 11:47:28,52,53,4338,16146
2023-06-12 11:48:30,52,53,4238,16246
2023-06-12 11:48:32,52,53,4138,16346
2023-06-12 11:49:33,52,53,4148,16356
2023-06-12 11:51:29,53,54,4338,16546
2023-06-12 11:52:12,52,54,4338,16546
2023-06-12 11:52:12,53,54,4338,16546
2023-06-12 11:55:04,53,55,4538,16746
2023-06-12 11:55:31,54,55,4538,16746
2023-06-12 11:55:31,53,55,4538,16946
2023-06-12 11:55:59,54,55,4538,16946
2023-06-12 11:59:02,54,56,4538,16946
2023-06-12 11:59:02,54,55,4538,16946
2023-06-12 12:00:03,54,56,4538,16946
2023-06-12 12:00:21,53,56,4738,17650
2023-06-12 12:00:29,54,56,4738,17650
2023-06-12 12:00:40,54,55,4738,17650
2023-06-12 12:02:56,54,55,4956,18004
2023-06-12 12:03:17,54,56,4956,18004
2023-06-12 12:04:10,54,55,4956,18004
2023-06-12 12:04:49,55,56,4956,18104
2023-06-12 12:04:49,54,56,4956,18104
2023-06-12 12:07:43,55,56,4956,18104
2023-06-12 12:09:50,55,56,5158,18306
2023-06-12 12:12:39,54,56,5158,18306
2023-06-12 12:13:41,55,56,5158,18306
2023-06-12 12:16:10,54,56,5158,18306
2023-06-12 12:17:33,54,55,5158,18306
2023-06-12 12:17:34,55,56,5158,18381
2023-06-12 12:17:34,54,56,5158,18381
2023-06-12 12:18:35,54,55,5158,18381
2023-06-12 12:18:36,55,56,5158,18531
2023-06-12 12:18:36,54,56,5158,18531
2023-06-12 12:19:03,55,56,5158,18531
2023-06-12 12:20:06,54,56,5158,18531
2023-06-12 12:20:06,54,56,5158,18606
2023-06-12 12:20:57,55,56,5158,18606
2023-06-12 12:20:59,55,56,5158,18681
2023-06-12 12:21:59,54,56,5158,18681
2023-06-12 12:21:59,54,56,5267,18906
2023-06-12 12:22:00,55,56,5267,18906
2023-06-12 12:23:00,56,57,5282,18921
2023-06-12 12:23:02,55,57,5282,18921
2023-06-12 12:23:02,56,57,5282,18921
2023-06-12 12:24:37,56,57,5292,18931
2023-06-12 12:24:40,55,57,5292,18931
2023-06-12 12:24:40,56,57,5292,18931
2023-06-12 12:25:41,55,57,5292,18931
2023-06-12 12:25:41,56,57,5292,18931
2023-06-12 12:26:02,56,57,5392,19031
2023-06-12 12:26:04,55,57,5392,19031
2023-06-12 12:26:04,55,57,5542,19181
2023-06-12 12:26:13,56,57,5542,19181
2023-06-12 12:26:29,56,57,5642,19281
2023-06-12 12:27:05,57,58,5692,19331
2023-06-12 12:27:33,56,58,5692,19331
2023-06-12 12:27:33,57,58,5692,19331
2023-06-12 12:27:56,56,58,5692,19331
2023-06-12 12:27:56,57,58,5692,19331
2023-06-12 12:28:57,56,58,5692,19331
2023-06-12 12:29:58,57,58,5692,19331
2023-06-12 12:31:27,57,58,5692,19664
2023-06-12 12:33:12,57,59,5692,19664
2023-06-12 12:39:23,57,59,5767,19739
2023-06-12 12:39:44,58,59,5767,19739
2023-06-12 12:40:26,58,59,5842,19814
2023-06-12 12:40:40,58,59,5642,20014
2023-06-12 12:41:24,58,60,5642,20014
2023-06-12 12:41:24,58,59,5642,20014
2023-06-12 12:42:28,58,60,5642,20014
2023-06-12 12:42:28,59,60,5642,20014
2023-06-12 12:43:23,58,60,5642,20014
2023-06-12 12:43:25,58,60,5867,20239
2023-06-12 12:43:42,58,59,5867,20239
2023-06-12 12:44:22,58,59,5867,20439
2023-06-12 12:44:26,58,59,6092,20664
2023-06-12 12:45:03,58,59,6392,20964
2023-06-12 12:46:06,58,59,6542,21114
2023-06-12 12:46:06,58,59,6542,21264
2023-06-12 12:46:49,58,59,6542,21464
2023-06-12 12:47:07,58,59,6767,21689
2023-06-12 12:47:07,58,59,6767,21764
2023-06-12 12:47:13,58,60,6767,21764
2023-06-12 12:47:22,59,60,6767,21764
2023-06-12 12:48:35,59,60,6767,21839
2023-06-12 12:50:12,59,60,6842,21914
2023-06-12 12:51:11,59,60,6917,21989
2023-06-12 12:52:10,59,60,6917,22139
2023-06-12 12:53:07,58,60,6917,22139
2023-06-12 12:53:09,59,60,6917,22139
2023-06-12 12:55:03,58,60,6917,22139
2023-06-12 12:55:06,58,60,6992,22214
2023-06-12 12:55:07,59,60,6992,22214
2023-06-12 12:55:08,59,60,7067,22289
2023-06-12 12:55:43,59,60,7067,22364
2023-06-12 13:02:12,57,60,7067,22364
2023-06-12 13:02:18,57,60,7167,22464
2023-06-12 13:02:25,59,60,7167,22464
2023-06-12 13:02:25,59,60,7667,22964
2023-06-12 13:02:26,59,60,7667,23164
2023-06-12 13:02:37,57,60,7667,23164
2023-06-12 13:02:37,57,60,7767,23264
2023-06-12 13:02:50,58,60,7767,23264
2023-06-12 13:03:06,58,59,7767,23264
2023-06-12 13:03:32,57,59,7767,23264
2023-06-12 13:03:35,57,60,7767,23264
2023-06-12 13:03:35,57,58,7767,23264
2023-06-12 13:03:39,58,60,7667,23364
2023-06-12 13:03:39,58,59,7667,23364
2023-06-12 13:04:02,58,60,7667,23364
2023-06-12 13:04:05,58,61,7667,23364
2023-06-12 13:04:05,58,60,7667,23364
2023-06-12 13:05:03,58,61,7667,23364
2023-06-12 13:05:06,58,60,7667,23364
2023-06-12 13:05:24,59,60,7667,23364
2023-06-12 13:05:57,58,60,7667,23364
2023-06-12 13:06:04,58,61,7667,23364
2023-06-12 13:06:07,58,59,7667,23364
2023-06-12 13:06:17,57,59,7667,23364
2023-06-12 13:06:22,57,61,7667,23364
2023-06-12 13:06:22,57,59,7667,23364
2023-06-12 13:06:23,58,59,7667,23364
2023-06-12 13:06:52,58,61,7667,23364
2023-06-12 13:06:52,58,59,7667,23364
2023-06-12 13:06:54,59,61,7567,23464
2023-06-12 13:06:54,59,60,7567,23464
2023-06-12 13:07:10,58,60,7567,23464
2023-06-12 13:07:49,58,61,7567,23464
2023-06-12 13:07:53,58,60,7567,23464
2023-06-12 13:08:19,58,61,7567,23464
2023-06-12 13:08:19,58,60,7567,23464
2023-06-12 13:08:20,58,59,7567,23464
2023-06-12 13:08:23,58,60,7567,23464
2023-06-12 13:09:20,58,61,7567,23464
2023-06-12 13:09:20,58,60,7567,23464
2023-06-12 13:10:21,59,60,7567,23464
2023-06-12 13:15:45,58,60,7567,23464
2023-06-12 13:15:47,59,60,7567,23464
2023-06-12 13:17:12,59,60,7567,23664
2023-06-12 13:17:14,59,60,7867,23964
2023-06-12 13:17:14,59,60,8050,24164
2023-06-12 13:17:35,59,60,8250,24364
2023-06-12 13:17:44,59,60,8450,24564
2023-06-12 13:20:13,58,59,8450,24764
2023-06-12 13:20:29,58,60,8150,25064
2023-06-12 13:21:38,58,60,8350,25264
2023-06-12 13:21:58,59,60,8350,25264
2023-06-12 13:22:28,58,60,8350,25264
2023-06-12 13:22:28,59,60,8350,25264
2023-06-12 13:23:30,58,60,8350,25264
2023-06-12 13:23:31,59,60,8350,25264
2023-06-12 13:23:54,59,60,8550,25464
2023-06-12 13:25:18,59,60,8750,25664
2023-06-12 13:27:37,58,60,8750,25664
2023-06-12 13:27:37,59,60,8750,25664
2023-06-12 13:30:00,59,60,8753,25667
2023-06-12 13:30:43,59,60,8953,25867
2023-06-12 13:30:57,59,60,8993,25907
2023-06-12 13:31:56,58,60,8993,25907
2023-06-12 13:33:15,59,60,8993,25907
2023-06-12 13:34:01,60,62,9050,25964
2023-06-12 13:34:17,61,62,9050,25964
2023-06-12 13:34:56,61,63,9050,25964
2023-06-12 13:34:57,61,62,9050,25964
2023-06-12 13:35:53,61,63,9050,25964
2023-06-12 13:35:57,61,62,9050,25964
2023-06-12 13:36:00,61,62,9050,25965
2023-06-12 13:36:56,60,63,9050,25965
2023-06-12 13:36:58,60,62,9050,25965
2023-06-12 13:37:00,60,63,9050,25965
2023-06-12 13:37:00,60,62,9050,25965
2023-06-12 13:37:51,60,61,9050,25965
2023-06-12 13:38:06,59,61,9050,25965
2023-06-12 13:39:18,59,62,9050,25965
2023-06-12 13:39:19,59,61,9050,25965
2023-06-12 13:40:17,59,62,9050,25965
2023-06-12 13:40:21,59,61,9050,25965
2023-06-12 13:42:23,59,62,9050,25965
2023-06-12 13:42:23,59,61,9050,25965
2023-06-12 13:43:18,59,60,9050,25965
2023-06-12 13:43:18,58,60,9050,25965
2023-06-12 13:43:24,58,59,9050,25965
2023-06-12 13:43:24,57,59,9050,25965
2023-06-12 13:44:00,56,59,9050,25965
2023-06-12 13:44:14,56,58,9050,25965
2023-06-12 13:44:17,56,59,9050,25965
2023-06-12 13:44:18,56,58,9050,25965
2023-06-12 13:44:32,56,57,9050,25965
2023-06-12 13:44:40,56,57,9050,26105
2023-06-12 13:44:41,56,57,8988,26167
2023-06-12 13:44:43,56,57,8988,26307
2023-06-12 13:44:45,54,57,8988,26511
2023-06-12 13:44:45,54,56,8988,26511
2023-06-12 13:44:46,56,57,8988,26661
2023-06-12 13:44:49,55,57,8988,26661
2023-06-12 13:44:49,56,57,8988,26661
2023-06-12 13:45:21,55,56,8988,26761
2023-06-12 13:45:22,54,56,8988,26761
2023-06-12 13:45:27,54,55,8988,26761
2023-06-12 13:45:36,53,54,8988,26861
2023-06-12 13:45:37,53,55,8988,26861
2023-06-12 13:45:39,53,54,8988,26861
2023-06-12 13:45:40,53,55,8988,26861
2023-06-12 13:45:40,53,54,8988,26861
2023-06-12 13:46:03,52,54,8988,26861
2023-06-12 13:46:15,52,53,8988,26861
2023-06-12 13:46:15,51,53,8988,26861
2023-06-12 13:46:16,51,52,8988,26861
2023-06-12 13:46:17,50,52,8988,26861
2023-06-12 13:46:33,50,53,8988,26861
2023-06-12 13:46:36,51,53,8988,26861
2023-06-12 13:46:47,50,53,8988,26861
2023-06-12 13:46:50,50,52,8988,26861
2023-06-12 13:46:52,50,53,8988,26861
2023-06-12 13:46:53,50,52,8988,26861
2023-06-12 13:46:55,50,53,8988,26861
2023-06-12 13:46:57,50,52,8988,26861
2023-06-12 13:47:00,50,53,8988,26861
2023-06-12 13:47:05,50,54,8988,26861
2023-06-12 13:47:05,51,53,8988,26861
2023-06-12 13:47:08,51,54,8988,26861
2023-06-12 13:47:18,51,55,8988,27061
2023-06-12 13:47:23,52,55,8988,27061
2023-06-12 13:47:53,51,55,8988,27061
2023-06-12 13:48:02,51,54,8988,27061
2023-06-12 13:48:05,50,54,8988,27061
2023-06-12 13:48:06,50,52,8988,27061
2023-06-12 13:48:09,50,54,8988,27261
2023-06-12 13:48:38,50,52,8988,27261
2023-06-12 13:48:40,50,53,8988,27261
2023-06-12 13:49:09,49,53,8988,27261
2023-06-12 13:49:09,49,52,8988,27261
2023-06-12 13:49:14,50,52,8988,27261
2023-06-12 13:49:34,50,52,8988,27461
2023-06-12 13:49:36,50,54,8988,27661
2023-06-12 13:49:36,50,53,8988,27661
2023-06-12 13:49:41,50,54,8988,27661
2023-06-12 13:49:45,51,53,8988,27661
2023-06-12 13:49:46,51,54,8988,27661
2023-06-12 13:49:50,51,53,8988,27861
2023-06-12 13:49:52,51,54,8988,27961
2023-06-12 13:49:56,51,55,8988,27961
2023-06-12 13:50:04,52,55,8988,27961
2023-06-12 13:51:07,53,55,8988,27961
2023-06-12 13:51:10,53,56,8988,27961
2023-06-12 13:51:24,53,57,8988,27961
2023-06-12 13:51:25,54,57,8988,27961
2023-06-12 13:51:46,54,56,8988,27961
2023-06-12 13:52:17,54,57,8988,27961
2023-06-12 13:52:37,54,56,8988,27961
2023-06-12 13:52:48,54,57,8988,27961
2023-06-12 13:53:01,54,56,8988,27961
2023-06-12 13:53:02,54,57,8988,27961
2023-06-12 13:53:04,54,56,8988,27961
2023-06-12 13:53:06,54,57,8988,27961
2023-06-12 13:53:10,54,56,8988,27961
2023-06-12 13:53:11,54,57,8988,27961
2023-06-12 13:53:17,54,56,8988,27961
2023-06-12 13:53:22,53,56,8988,27961
2023-06-12 13:53:22,54,56,8988,27961
2023-06-12 13:53:22,54,57,8988,27961
2023-06-12 13:53:29,54,56,8988,27961
2023-06-12 13:53:39,53,56,8988,27961
2023-06-12 13:53:40,53,55,8988,27961
2023-06-12 13:54:41,53,56,8988,27961
2023-06-12 13:55:17,53,55,8988,27961
2023-06-12 13:55:18,53,56,8988,27961
2023-06-12 13:55:20,53,55,8988,27961
2023-06-12 13:55:38,52,55,8988,27961
2023-06-12 13:55:49,53,55,8988,27961
2023-06-12 13:56:12,52,55,8988,27961
2023-06-12 13:56:17,51,52,9638,28611
2023-06-12 13:56:17,51,52,9838,28811
2023-06-12 13:56:19,51,52,10038,29011
2023-06-12 13:56:20,51,52,10238,29211
2023-06-12 13:56:21,51,52,10438,29411
2023-06-12 13:56:42,50,52,10438,29411
2023-06-12 13:56:58,50,51,10438,29411
2023-06-12 13:57:10,49,51,10438,29411
2023-06-12 13:57:22,49,52,10438,29411
2023-06-12 13:57:22,49,50,10438,29411
2023-06-12 13:58:07,48,50,10438,29411
2023-06-12 13:58:10,48,51,10438,29411
2023-06-12 13:58:10,48,49,10438,29411
2023-06-12 13:59:03,46,49,10438,29411
2023-06-12 13:59:04,47,49,10438,29411
2023-06-12 13:59:11,47,50,10438,29411
2023-06-12 13:59:11,47,48,10438,29411
2023-06-12 13:59:39,45,48,10438,29411
2023-06-12 13:59:39,45,47,10438,29411
2023-06-12 14:00:01,45,46,10438,29411
2023-06-12 14:00:05,45,48,10438,29411
2023-06-12 14:00:05,45,47,10438,29411
2023-06-12 14:00:19,45,46,10438,29411
2023-06-12 14:00:35,44,46,10438,29411
2023-06-12 14:00:39,44,48,10438,29561
2023-06-12 14:00:40,45,48,10438,29561
2023-06-12 14:00:41,46,48,10438,29561
2023-06-12 14:00:44,46,49,10438,29561
2023-06-12 14:00:47,46,50,10438,29561
2023-06-12 14:00:48,48,50,10438,29561
2023-06-12 14:02:50,49,50,10438,29561
2023-06-12 14:03:40,49,50,10638,29761
2023-06-12 14:03:41,49,50,10638,29763
2023-06-12 14:03:41,49,50,10838,29963
2023-06-12 14:03:41,49,52,10986,30111
2023-06-12 14:03:44,50,52,10986,30111
2023-06-12 14:04:05,48,52,10986,30111
2023-06-12 14:04:05,49,52,10986,30111
2023-06-12 14:04:52,49,51,10986,30111
2023-06-12 14:05:04,48,51,10986,30111
2023-06-12 14:05:22,49,51,10986,30111
2023-06-12 14:05:32,49,52,10986,30111
2023-06-12 14:06:06,50,52,10986,30111
2023-06-12 14:06:23,50,54,10986,30111
2023-06-12 14:06:23,51,54,10986,30111
2023-06-12 14:06:26,51,53,10986,30111
2023-06-12 14:06:31,51,54,10986,30111
2023-06-12 14:06:52,51,53,10986,30111
2023-06-12 14:07:05,51,52,10986,30111
2023-06-12 14:07:08,50,52,10986,30111
2023-06-12 14:08:09,50,53,10986,30111
2023-06-12 14:08:10,50,52,10986,30111
2023-06-12 14:08:42,50,53,10986,30111
2023-06-12 14:09:13,50,52,10986,30111
2023-06-12 14:09:16,50,53,10986,30111
2023-06-12 14:09:39,50,52,10986,30111
2023-06-12 14:09:40,50,53,10986,30111
2023-06-12 14:10:02,50,52,10986,30111
2023-06-12 14:10:03,50,53,10986,30111
2023-06-12 14:10:06,50,52,10986,30111
2023-06-12 14:10:08,49,52,10986,30111
2023-06-12 14:10:09,50,52,10986,30111
2023-06-12 14:11:08,49,52,10986,30111
2023-06-12 14:11:18,49,50,10986,30111
2023-06-12 14:11:30,48,50,10986,30111
2023-06-12 14:12:33,47,50,10986,30111
2023-06-12 14:12:33,48,50,10986,30111
2023-06-12 14:13:15,48,49,10986,30111
2023-06-12 14:13:23,46,49,10986,30111
2023-06-12 14:13:32,47,49,10986,30111
2023-06-12 14:14:01,46,49,10986,30111
2023-06-12 14:14:10,47,49,10986,30111
2023-06-12 14:14:18,46,49,10986,30111
2023-06-12 14:14:21,46,50,10986,30111
2023-06-12 14:14:22,46,48,10986,30111
2023-06-12 14:14:24,46,50,10986,30111
2023-06-12 14:14:24,47,50,10986,30111
2023-06-12 14:14:28,47,49,10986,30111
2023-06-12 14:14:41,47,50,10986,30111
2023-06-12 14:15:27,49,50,10986,30111
2023-06-12 14:16:03,46,48,10986,30132
2023-06-12 14:16:08,45,48,10986,30132
2023-06-12 14:16:08,46,48,10986,30132
2023-06-12 14:16:08,46,47,10986,30132
2023-06-12 14:16:24,46,50,10986,30132
2023-06-12 14:16:24,48,50,10986,30132
2023-06-12 14:16:24,48,49,10986,30132
2023-06-12 14:16:54,48,52,10986,30132
2023-06-12 14:16:54,50,52,10986,30132
2023-06-12 14:16:54,50,51,10986,30132
2023-06-12 14:17:24,50,53,10986,30132
2023-06-12 14:17:24,52,53,10986,30132
2023-06-12 14:17:39,49,52,10986,30174
2023-06-12 14:17:41,49,53,10986,30174
2023-06-12 14:18:17,50,53,10986,30174
2023-06-12 14:18:27,52,53,10986,30174
2023-06-12 14:18:52,52,53,10986,30199
2023-06-12 14:19:17,49,52,10986,30220
2023-06-12 14:19:18,49,53,10986,30220
2023-06-12 14:19:20,49,52,10986,30220
2023-06-12 14:19:25,50,52,10986,30220
2023-06-12 14:19:25,50,51,10986,30220
2023-06-12 14:20:21,49,53,10986,30220
2023-06-12 14:20:25,50,53,10986,30220
2023-06-12 14:20:26,51,53,10986,30220
2023-06-12 14:20:26,51,52,10986,30220
2023-06-12 14:21:23,50,54,10986,30220
2023-06-12 14:21:28,52,54,10986,30220
2023-06-12 14:21:28,52,53,10986,30220
2023-06-12 14:21:57,52,55,10986,30220
2023-06-12 14:21:57,54,55,10986,30220
2023-06-12 14:22:20,51,54,10986,30305
2023-06-12 14:22:20,53,54,10986,30305
2023-06-12 14:22:35,50,54,10986,30305
2023-06-12 14:22:35,51,54,10986,30305
2023-06-12 14:22:35,51,52,10986,30305
2023-06-12 14:23:30,50,52,10986,30305
2023-06-12 14:23:30,50,53,10986,30305
2023-06-12 14:23:30,50,51,10986,30305
2023-06-12 14:24:30,49,52,10986,30305
2023-06-12 14:24:30,49,53,10986,30305
2023-06-12 14:24:32,50,53,10986,30305
2023-06-12 14:24:32,50,51,10986,30305
2023-06-12 14:24:33,49,51,10986,30305
2023-06-12 14:24:33,49,53,10986,30305
2023-06-12 14:24:33,50,53,10986,30305
2023-06-12 14:24:33,50,51,10986,30305
2023-06-12 14:25:47,49,52,10986,30305
2023-06-12 14:25:47,49,53,10986,30305
2023-06-12 14:25:49,50,53,10986,30305
2023-06-12 14:25:56,49,53,10986,30305
2023-06-12 14:26:15,50,53,10986,30305
2023-06-12 14:26:30,50,54,10986,30305
2023-06-12 14:26:31,52,54,10986,30305
2023-06-12 14:26:31,52,53,10986,30305
2023-06-12 14:26:59,50,53,10986,30305
2023-06-12 14:26:59,50,51,10986,30305
2023-06-12 14:27:56,48,51,10986,30305
2023-06-12 14:27:57,48,52,10986,30305
2023-06-12 14:28:00,50,52,10986,30305
2023-06-12 14:28:00,50,51,10986,30305
2023-06-12 14:28:57,49,52,10986,30305
2023-06-12 14:28:57,49,53,10986,30305
2023-06-12 14:29:03,51,53,10986,30305
2023-06-12 14:29:03,51,52,10986,30305
2023-06-12 14:29:41,51,54,10986,30305
2023-06-12 14:29:41,50,54,10986,30305
2023-06-12 14:29:41,52,54,10986,30305
2023-06-12 14:29:41,52,53,10986,30305
2023-06-12 14:30:38,51,53,10986,30305
2023-06-12 14:30:38,51,52,10986,30305
2023-06-12 14:30:58,49,51,10986,30357
2023-06-12 14:30:59,48,51,10986,30357
2023-06-12 14:31:01,49,51,10986,30357
2023-06-12 14:31:01,49,50,10986,30357
2023-06-12 14:31:57,47,51,10986,30357
2023-06-12 14:31:58,47,50,10986,30357
2023-06-12 14:32:00,48,50,10986,30357
2023-06-12 14:32:00,48,49,10986,30357
2023-06-12 14:32:05,45,48,10986,30459
2023-06-12 14:32:05,45,49,10986,30459
2023-06-12 14:32:07,45,48,10986,30459
2023-06-12 14:32:08,46,48,10986,30459
2023-06-12 14:32:08,46,47,10986,30459
2023-06-12 14:33:04,45,48,10986,30459
2023-06-12 14:33:10,47,48,10986,30459
2023-06-12 14:33:30,47,49,10986,30459
2023-06-12 14:33:36,46,48,10986,30459
2023-06-12 14:33:36,46,48,11086,30559
2023-06-12 14:33:36,46,49,11086,30559
2023-06-12 14:33:45,45,49,11086,30559
2023-06-12 14:33:52,45,48,11086,30559
2023-06-12 14:33:52,46,48,11086,30559
2023-06-12 14:33:52,46,47,11086,30559
2023-06-12 14:34:17,46,50,11086,30609
2023-06-12 14:34:17,47,50,11086,30609
2023-06-12 14:34:21,48,50,11086,30609
2023-06-12 14:34:21,48,49,11086,30609
2023-06-12 14:35:09,46,49,11086,30609
2023-06-12 14:35:09,46,47,11086,30609
2023-06-12 14:35:17,47,50,11086,30658
2023-06-12 14:35:17,46,50,11086,30658
2023-06-12 14:35:17,47,50,11086,30658
2023-06-12 14:35:19,47,51,11086,30658
2023-06-12 14:35:19,49,51,11086,30658
2023-06-12 14:35:19,49,50,11086,30658
2023-06-12 14:35:48,46,50,11086,30658
2023-06-12 14:35:48,46,49,11086,30658
2023-06-12 14:35:49,46,48,11086,30658
2023-06-12 14:35:49,45,48,11086,30658
2023-06-12 14:35:49,45,47,11086,30658
2023-06-12 14:35:49,47,48,11236,30808
2023-06-12 14:35:49,45,48,11236,30808
2023-06-12 14:35:50,45,47,11236,30808
2023-06-12 14:35:56,44,47,11236,30808
2023-06-12 14:35:56,44,48,11236,30808
2023-06-12 14:35:56,46,48,11236,30808
2023-06-12 14:36:09,45,48,11236,30808
2023-06-12 14:36:09,47,48,11236,30808
2023-06-12 14:36:13,47,49,11236,30808
2023-06-12 14:36:13,47,50,11236,30808
2023-06-12 14:36:13,46,50,11236,30808
2023-06-12 14:36:13,48,50,11236,30808
2023-06-12 14:36:26,48,51,11236,30808
2023-06-12 14:36:29,48,50,11236,30808
2023-06-12 14:36:30,48,51,11236,30808
2023-06-12 14:36:31,47,51,11236,30808
2023-06-12 14:36:31,49,51,11236,30808
2023-06-12 14:36:58,47,51,11236,30808
2023-06-12 14:36:58,48,50,11236,30808
2023-06-12 14:36:58,48,49,11236,30808
2023-06-12 14:37:25,48,51,11236,30808
2023-06-12 14:37:25,47,51,11236,30808
2023-06-12 14:37:25,49,51,11236,30808
2023-06-12 14:37:27,49,50,11236,30808
2023-06-12 14:37:29,49,51,11236,30808
2023-06-12 14:37:32,47,51,11236,30808
2023-06-12 14:37:32,50,51,11236,30808
2023-06-12 14:37:33,48,50,11086,30958
2023-06-12 14:37:33,48,51,11086,30958
2023-06-12 14:37:34,48,51,11086,31006
2023-06-12 14:37:35,48,50,11086,31006
2023-06-12 14:37:36,48,51,11086,31006
2023-06-12 14:37:36,47,51,11086,31006
2023-06-12 14:37:36,47,49,11086,31006
2023-06-12 14:37:49,48,49,11086,31006
2023-06-12 14:38:10,47,49,11086,31006
2023-06-12 14:38:36,47,48,11086,31006
2023-06-12 14:39:11,45,48,11086,31006
2023-06-12 14:39:11,45,46,11086,31006
2023-06-12 14:39:20,45,47,11086,31053
2023-06-12 14:39:28,46,47,11086,31053
2023-06-12 14:39:28,46,49,11086,31053
2023-06-12 14:39:28,46,48,11086,31053
2023-06-12 14:39:28,46,49,11086,31053
2023-06-12 14:39:28,46,48,11086,31053
2023-06-12 14:39:29,46,49,11086,31053
2023-06-12 14:39:29,47,49,11086,31053
2023-06-12 14:39:29,47,48,11086,31053
2023-06-12 14:39:40,47,49,11086,31146
2023-06-12 14:39:40,49,51,11086,31194
2023-06-12 14:39:40,49,50,11086,31194
2023-06-12 14:40:28,46,50,11086,31194
2023-06-12 14:40:28,45,50,11086,31194
2023-06-12 14:40:28,47,50,11086,31194
2023-06-12 14:40:28,47,48,11086,31194
2023-06-12 14:40:49,44,48,11086,31194
2023-06-12 14:40:49,45,48,11086,31194
2023-06-12 14:40:49,45,46,11086,31194
2023-06-12 14:40:50,45,46,11086,31204
2023-06-12 14:41:39,45,49,11086,31217
2023-06-12 14:41:39,45,48,11086,31217
2023-06-12 14:41:39,46,48,11086,31217
2023-06-12 14:41:43,47,48,11086,31217
2023-06-12 14:42:39,46,49,11086,31217
2023-06-12 14:42:39,46,50,11086,31217
2023-06-12 14:42:42,47,50,11086,31217
2023-06-12 14:42:42,47,48,11086,31217
2023-06-12 14:43:24,45,48,11086,31217
2023-06-12 14:43:24,45,46,11086,31217
2023-06-12 14:44:20,43,47,11086,31217
2023-06-12 14:44:24,43,46,11086,31217
2023-06-12 14:44:25,44,46,11086,31217
2023-06-12 14:44:25,44,45,11086,31217
2023-06-12 14:45:05,44,45,11086,31227
2023-06-12 14:45:22,42,46,11086,31227
2023-06-12 14:45:27,43,46,11086,31227
2023-06-12 14:45:27,43,44,11086,31227
2023-06-12 14:45:55,43,47,11086,31301
2023-06-12 14:45:55,45,47,11086,31301
2023-06-12 14:45:55,45,46,11086,31301
2023-06-12 14:46:38,42,45,11086,31399
2023-06-12 14:46:38,42,46,11086,31399
2023-06-12 14:46:38,43,46,11086,31399
2023-06-12 14:46:38,43,44,11086,31399
2023-06-12 14:47:00,42,43,11086,31521
2023-06-12 14:47:00,40,43,11086,31521
2023-06-12 14:47:01,40,44,11086,31521
2023-06-12 14:47:03,41,44,11086,31521
2023-06-12 14:47:03,41,43,11086,31521
2023-06-12 14:47:03,41,42,11086,31521
2023-06-12 14:47:12,39,41,11086,31593
2023-06-12 14:47:12,39,42,11086,31593
2023-06-12 14:47:12,39,43,11086,31593
2023-06-12 14:47:12,39,42,11086,31593
2023-06-12 14:47:26,39,43,11086,31593
2023-06-12 14:47:26,39,42,11086,31593
2023-06-12 14:47:28,39,43,11086,31593
2023-06-12 14:47:28,39,40,11086,31593
2023-06-12 14:47:47,39,42,11086,31593
2023-06-12 14:47:47,39,42,11086,31713
2023-06-12 14:47:47,39,41,11086,31713
2023-06-12 14:47:55,38,39,11086,31743
2023-06-12 14:47:55,38,41,11086,31743
2023-06-12 14:47:58,38,42,11086,31743
2023-06-12 14:47:58,38,41,11086,31743
2023-06-12 14:47:58,38,40,11086,31743
2023-06-12 14:48:08,37,38,11086,31941
2023-06-12 14:48:08,37,40,11086,31941
2023-06-12 14:48:12,37,41,11086,31941
2023-06-12 14:48:12,37,40,11086,31941
2023-06-12 14:48:12,37,39,11086,31941
2023-06-12 14:48:21,36,39,11086,31941
2023-06-12 14:48:23,36,40,11086,31941
2023-06-12 14:48:23,36,39,11086,31941
2023-06-12 14:48:23,36,38,11086,31941
2023-06-12 14:48:25,35,38,11086,31941
2023-06-12 14:48:25,36,38,11086,31941
2023-06-12 14:48:25,36,37,11086,31941
2023-06-12 14:49:23,35,37,11086,31941
2023-06-12 14:49:25,34,37,11086,31941
2023-06-12 14:49:25,34,38,11086,31941
2023-06-12 14:49:25,34,36,11086,31941
2023-06-12 14:49:25,35,36,11086,31941
2023-06-12 14:49:40,33,35,11086,32082
2023-06-12 14:49:40,33,36,11086,32082
2023-06-12 14:49:40,33,35,11086,32082
2023-06-12 14:49:41,34,35,11086,32082
2023-06-12 14:49:46,32,34,11086,32105
2023-06-12 14:49:46,32,35,11086,32105
2023-06-12 14:49:46,32,36,11086,32105
2023-06-12 14:49:46,32,35,11086,32105
2023-06-12 14:49:46,32,34,11086,32105
2023-06-12 14:49:54,32,36,11086,32105
2023-06-12 14:49:54,32,35,11086,32105
2023-06-12 14:50:05,32,36,11086,32105
2023-06-12 14:50:05,32,34,11086,32105
2023-06-12 14:50:16,32,33,11086,32105
2023-06-12 14:50:28,31,33,11086,32105
2023-06-12 14:50:30,30,33,11086,32105
2023-06-12 14:50:33,30,34,11086,32105
2023-06-12 14:50:33,30,32,11086,32105
2023-06-12 14:50:59,29,32,11086,32105
2023-06-12 14:51:01,29,34,11086,32105
2023-06-12 14:51:01,28,34,11086,32105
2023-06-12 14:51:01,28,32,11086,32105
2023-06-12 14:51:01,28,31,11086,32105
2023-06-12 14:51:08,28,32,11086,32105
2023-06-12 14:51:08,28,30,11086,32105
2023-06-12 14:51:33,28,31,11086,32105
2023-06-12 14:51:33,28,29,11086,32105
2023-06-12 14:51:38,28,29,11086,32305
2023-06-12 14:51:39,28,31,11086,32405
2023-06-12 14:51:39,28,30,11086,32405
2023-06-12 14:51:48,27,30,11086,32405
2023-06-12 14:51:48,27,29,11086,32405
2023-06-12 14:51:48,26,29,11086,32405
2023-06-12 14:52:00,26,28,11086,32405
2023-06-12 14:52:00,25,28,11086,32405
2023-06-12 14:52:00,25,29,11086,32405
2023-06-12 14:52:01,25,28,11086,32405
2023-06-12 14:52:03,24,28,11086,32405
2023-06-12 14:52:05,24,27,11086,32405
2023-06-12 14:52:07,24,28,11086,32405
2023-06-12 14:52:12,24,27,11086,32405
2023-06-12 14:52:12,24,26,11086,32405
2023-06-12 14:52:14,24,27,11086,32405
2023-06-12 14:52:14,24,28,11086,32405
2023-06-12 14:52:14,24,27,11086,32405
2023-06-12 14:52:14,24,28,11086,32405
2023-06-12 14:52:16,25,28,11086,32405
2023-06-12 14:52:18,25,29,11086,32405
2023-06-12 14:52:18,25,28,11086,32405
2023-06-12 14:52:19,26,28,11086,32405
2023-06-12 14:52:20,26,29,11086,32405
2023-06-12 14:52:22,27,29,11086,32405
2023-06-12 14:52:22,27,28,11086,32405
2023-06-12 14:52:54,27,30,11086,32540
2023-06-12 14:52:54,27,29,11086,32540
2023-06-12 14:53:23,28,29,11086,32540
2023-06-12 14:54:20,26,30,11086,32540
2023-06-12 14:54:20,26,29,11086,32540
2023-06-12 14:54:24,27,29,11086,32540
2023-06-12 14:54:24,27,28,11086,32540
2023-06-12 14:55:05,25,28,11086,32540
2023-06-12 14:55:05,25,29,11086,32540
2023-06-12 14:55:05,25,28,11086,32540
2023-06-12 14:55:05,27,28,11086,32540
2023-06-12 14:56:05,25,28,11086,32540
2023-06-12 14:56:05,25,26,11086,32540
2023-06-12 14:57:02,24,27,11086,32540
2023-06-12 14:57:02,24,28,11086,32540
2023-06-12 14:57:03,24,27,11086,32540
2023-06-12 14:57:06,25,27,11086,32540
2023-06-12 14:57:35,25,26,11086,32540
2023-06-12 14:57:37,22,26,11086,32540
2023-06-12 14:57:37,23,26,11086,32540
2023-06-12 14:57:37,23,24,11086,32540
2023-06-12 14:58:17,22,23,11101,32602
2023-06-12 14:58:17,22,24,11101,32602
2023-06-12 14:58:22,21,22,11101,32652
2023-06-12 14:58:48,21,22,11101,32662
2023-06-12 14:58:55,19,22,11224,32785
2023-06-12 14:58:55,19,21,11224,32785
2023-06-12 14:58:55,19,22,11224,32785
2023-06-12 14:58:57,19,22,11224,32795
2023-06-12 14:59:04,19,20,11224,32795
2023-06-12 14:59:11,17,20,11224,32795
2023-06-12 14:59:11,18,20,11224,32795
2023-06-12 14:59:11,18,19,11224,32795
2023-06-12 14:59:23,18,21,11224,32957
2023-06-12 14:59:23,18,20,11224,32957
2023-06-12 14:59:23,18,21,11224,32957
2023-06-12 14:59:29,18,20,11224,32957
2023-06-12 14:59:29,18,21,11224,32957
2023-06-12 14:59:34,18,20,11224,32957
2023-06-12 14:59:34,18,21,11224,32957
2023-06-12 14:59:40,18,20,11224,32957
2023-06-12 14:59:40,18,21,11224,32957
2023-06-12 14:59:45,18,20,11224,32957
2023-06-12 14:59:45,18,21,11224,32957
2023-06-12 14:59:52,18,20,11224,32957
2023-06-12 14:59:52,18,21,11224,32957
2023-06-12 15:00:01,18,20,11224,32957
2023-06-12 15:00:01,18,21,11224,32957
2023-06-12 15:00:07,18,20,11224,32957
2023-06-12 15:00:07,18,21,11224,32957
2023-06-12 15:00:08,17,21,11224,32957
2023-06-12 15:00:09,18,21,11224,32957
2023-06-12 15:00:11,19,21,11224,32957
2023-06-12 15:00:14,18,21,11224,32957
2023-06-12 15:00:14,18,22,11224,32957
2023-06-12 15:00:14,18,21,11224,32957
2023-06-12 15:00:24,19,21,11224,32957
2023-06-12 15:00:33,20,21,11224,32957
2023-06-12 15:00:36,20,23,11224,32957
2023-06-12 15:00:36,19,22,11224,32957
2023-06-12 15:00:41,19,23,11224,32957
2023-06-12 15:00:44,19,22,11224,32957
2023-06-12 15:00:45,18,22,11224,32957
2023-06-12 15:00:47,19,22,11224,32957
2023-06-12 15:00:51,19,23,11224,32957
2023-06-12 15:00:54,20,23,11224,32957
2023-06-12 15:00:59,21,23,11224,32957
2023-06-12 15:01:02,22,23,11224,32957
2023-06-12 15:01:04,23,26,11224,33075
2023-06-12 15:01:04,23,27,11224,33075
2023-06-12 15:01:04,23,25,11224,33075
2023-06-12 15:01:04,23,26,11224,33075
2023-06-12 15:01:04,23,27,11224,33075
2023-06-12 15:01:04,23,25,11224,33075
2023-06-12 15:01:04,23,27,11224,33075
2023-06-12 15:01:04,23,26,11224,33075
2023-06-12 15:01:06,23,27,11224,33075
2023-06-12 15:01:07,24,27,11224,33075
2023-06-12 15:01:10,23,27,11224,33075
2023-06-12 15:01:15,23,26,11224,33075
2023-06-12 15:01:22,23,25,11224,33075
2023-06-12 15:01:22,22,25,11224,33075
2023-06-12 15:01:24,21,25,11224,33075
2023-06-12 15:01:29,22,25,11224,33075
2023-06-12 15:01:32,22,26,11224,33075
2023-06-12 15:01:44,22,25,11224,33075
2023-06-12 15:01:47,22,24,11224,33075
2023-06-12 15:01:47,21,24,11224,33075
2023-06-12 15:01:53,20,24,11224,33075
2023-06-12 15:01:54,20,23,11224,33075
2023-06-12 15:02:03,19,23,11224,33075
2023-06-12 15:02:04,19,22,11224,33075
2023-06-12 15:02:06,18,22,11224,33075
2023-06-12 15:02:06,18,21,11224,33075
2023-06-12 15:02:15,17,21,11224,33075
2023-06-12 15:02:15,17,20,11224,33075
2023-06-12 15:02:17,16,20,11224,33075
2023-06-12 15:02:35,16,19,11224,33075
2023-06-12 15:02:36,16,18,11224,33075
2023-06-12 15:02:43,16,19,11224,33075
2023-06-12 15:02:45,16,20,11224,33075
2023-06-12 15:02:45,16,19,11224,33075
2023-06-12 15:03:03,16,18,11224,33075
2023-06-12 15:03:03,16,17,11224,33075
2023-06-12 15:03:10,16,19,11224,33075
2023-06-12 15:03:10,16,17,11224,33075
2023-06-12 15:03:10,16,18,11224,33075
2023-06-12 15:03:10,16,19,11224,33075
2023-06-12 15:03:10,16,18,11224,33075
2023-06-12 15:03:14,16,19,11224,33075
2023-06-12 15:03:29,16,20,11224,33075
2023-06-12 15:03:29,16,19,11224,33075
2023-06-12 15:03:41,16,20,11224,33075
2023-06-12 15:03:41,16,19,11224,33075
2023-06-12 15:03:44,17,19,11224,33075
2023-06-12 15:03:45,16,19,11224,33075
2023-06-12 15:03:49,16,20,11224,33075
2023-06-12 15:03:49,16,19,11224,33075
2023-06-12 15:04:19,16,18,11224,33075
2023-06-12 15:04:24,15,18,11224,33075
2023-06-12 15:04:32,15,17,11224,33075
2023-06-12 15:04:53,15,18,11224,33075
2023-06-12 15:04:53,15,17,11224,33075
2023-06-12 15:04:58,15,17,11224,33080
2023-06-12 15:05:48,15,18,11374,33230
2023-06-12 15:05:53,15,19,11374,33230
2023-06-12 15:06:01,16,19,11374,33230
2023-06-12 15:06:06,17,19,11374,33230
2023-06-12 15:06:15,16,19,11374,33230
2023-06-12 15:06:20,15,19,11374,33230
2023-06-12 15:06:36,15,18,11374,33230
2023-06-12 15:06:39,15,19,11374,33230
2023-06-12 15:06:44,15,18,11374,33230
2023-06-12 15:06:50,15,19,11374,33230
2023-06-12 15:06:51,16,19,11374,33230
2023-06-12 15:06:59,15,19,11374,33230
2023-06-12 15:07:05,15,18,11374,33230
2023-06-12 15:07:07,15,19,11374,33230
2023-06-12 15:07:10,15,18,11374,33230
2023-06-12 15:07:10,15,19,11374,33230
2023-06-12 15:07:11,15,18,11374,33230
2023-06-12 15:07:39,15,17,11374,33230
2023-06-12 15:08:08,15,17,11378,33234
2023-06-12 15:08:10,15,17,11578,33434
2023-06-12 15:08:11,15,16,11578,33434
2023-06-12 15:08:11,15,16,11778,33634
2023-06-12 15:08:11,13,15,11869,33725
2023-06-12 15:08:11,13,16,11869,33725
2023-06-12 15:08:12,13,15,11869,33725
2023-06-12 15:08:21,12,15,11869,33725
2023-06-12 15:08:24,11,15,11869,33725
2023-06-12 15:08:27,11,14,11869,33725
2023-06-12 15:08:47,11,13,11869,33725
2023-06-12 15:08:54,10,13,11869,33725
2023-06-12 15:08:56,10,12,11869,33725
2023-06-12 15:09:44,10,11,11869,33725
2023-06-12 15:09:57,10,11,11903,33759
2023-06-12 15:10:29,10,11,12103,33959
2023-06-12 15:10:31,7,10,12103,34063
2023-06-12 15:10:32,7,11,12103,34063
2023-06-12 15:10:42,7,9,12103,34063
2023-06-12 15:11:14,7,11,12103,34063
2023-06-12 15:11:14,7,10,12103,34063
2023-06-12 15:11:28,7,9,12103,34063
2023-06-12 15:12:28,7,8,12103,34063
2023-06-12 15:12:49,7,10,12103,34063
2023-06-12 15:12:49,7,9,12103,34063
2023-06-12 15:13:06,7,8,12103,34063
2023-06-12 15:13:07,5,8,12103,34063
2023-06-12 15:13:12,5,7,12103,34063
2023-06-12 15:13:37,5,7,12103,34079
2023-06-12 15:13:43,5,6,12103,34079
2023-06-12 15:13:54,4,6,12103,34079
2023-06-12 15:13:54,4,7,12103,34079
2023-06-12 15:13:54,4,6,12103,34079
2023-06-12 15:13:59,3,6,12103,34079
2023-06-12 15:14:00,3,5,12103,34079
2023-06-12 15:14:39,3,6,12103,34079
2023-06-12 15:14:39,3,5,12103,34079
2023-06-12 15:14:39,3,6,12103,34079
2023-06-12 15:14:40,4,6,12103,34079
2023-06-12 15:14:40,4,7,12103,34079
2023-06-12 15:14:40,4,6,12103,34079
2023-06-12 15:14:53,4,6,12104,34080
2023-06-12 15:15:03,3,6,12104,34080
2023-06-12 15:15:37,3,5,12104,34080
2023-06-12 15:16:29,3,6,12104,34080
2023-06-12 15:16:29,3,5,12104,34080
2023-06-12 15:16:31,3,6,12104,34080
2023-06-12 15:16:36,3,5,12104,34080
2023-06-12 15:16:36,3,6,12104,34080
2023-06-12 15:17:14,3,5,12104,34080
2023-06-12 15:17:44,3,5,12204,34180
2023-06-12 15:18:15,3,6,12204,34180
2023-06-12 15:18:16,3,6,12238,34214
2023-06-12 15:18:16,3,5,12238,34214
2023-06-12 15:18:16,3,6,12238,34214
2023-06-12 15:18:37,3,5,12238,34214
2023-06-12 15:18:51,3,5,12488,34464
2023-06-12 15:18:51,3,4,12488,34464
2023-06-12 15:18:51,3,5,12488,34464
2023-06-12 15:18:58,3,6,12488,34464
2023-06-12 15:18:58,3,5,12488,34464
2023-06-12 15:19:03,3,6,12488,34464
2023-06-12 15:19:04,4,6,12488,34464
2023-06-12 15:19:05,4,7,12488,34464
2023-06-12 15:19:05,4,6,12488,34464
2023-06-12 15:19:08,5,6,12488,34464
2023-06-12 15:19:09,5,7,12488,34464
2023-06-12 15:19:14,4,7,12488,34464
2023-06-12 15:19:19,4,8,12488,34464
2023-06-12 15:19:22,4,7,12488,34464
2023-06-12 15:19:26,5,7,12488,34464
2023-06-12 15:19:28,5,8,12488,34464
2023-06-12 15:19:53,5,9,12488,34464
2023-06-12 15:19:54,6,9,12488,34464
2023-06-12 15:20:51,6,10,12488,34464
2023-06-12 15:21:01,6,9,12488,34464
2023-06-12 15:21:11,6,9,12513,34489
2023-06-12 15:21:12,7,9,12513,34489
2023-06-12 15:21:14,7,10,12513,34489
2023-06-12 15:21:17,8,10,12513,34489
2023-06-12 15:21:22,9,10,12513,34489
2023-06-12 15:21:23,8,10,12513,34489
2023-06-12 15:21:34,8,10,12538,34514
2023-06-12 15:21:45,9,10,12538,34514
2023-06-12 15:21:47,9,12,12538,34514
2023-06-12 15:21:49,9,12,12588,34564
2023-06-12 15:21:52,8,12,12588,34564
2023-06-12 15:21:58,9,12,12588,34564
2023-06-12 15:22:02,9,13,12588,34564
2023-06-12 15:22:03,9,12,12588,34564
2023-06-12 15:22:05,8,12,12588,34564
2023-06-12 15:22:09,8,11,12588,34564
2023-06-12 15:22:21,8,12,12588,34564
2023-06-12 15:22:39,8,11,12588,34564
2023-06-12 15:22:50,8,11,12638,34614
2023-06-12 15:23:04,8,12,12638,34614
2023-06-12 15:23:24,9,12,12638,34614
2023-06-12 15:23:25,9,13,12638,34614
2023-06-12 15:23:27,10,13,12638,34614
2023-06-12 15:23:32,10,14,12638,34614
2023-06-12 15:23:38,11,14,12638,34614
2023-06-12 15:23:41,10,14,12638,34614
2023-06-12 15:23:45,10,13,12638,34614
2023-06-12 15:24:01,10,14,12638,34614
2023-06-12 15:24:05,11,14,12638,34614
2023-06-12 15:24:10,10,14,12638,34614
2023-06-12 15:24:19,9,14,12638,34614
2023-06-12 15:24:19,9,13,12638,34614
2023-06-12 15:24:30,9,12,12638,34614
2023-06-12 15:24:32,8,12,12638,34614
2023-06-12 15:24:37,9,12,12638,34614
2023-06-12 15:24:37,9,13,12638,34614
2023-06-12 15:24:40,8,13,12638,34614
2023-06-12 15:24:41,8,12,12638,34614
2023-06-12 15:24:45,8,13,12638,34614
2023-06-12 15:24:46,9,13,12638,34614
2023-06-12 15:24:47,8,13,12638,34614
2023-06-12 15:24:51,8,12,12638,34614
2023-06-12 15:24:52,8,11,12638,34614
2023-06-12 15:25:43,8,12,12638,34614
2023-06-12 15:25:56,9,12,12638,34614
2023-06-12 15:25:57,9,12,12638,34639
2023-06-12 15:25:57,9,11,12638,34639
2023-06-12 15:26:37,8,11,12638,34639
2023-06-12 15:26:55,8,13,12638,34639
2023-06-12 15:26:55,8,10,12638,34639
2023-06-12 15:27:25,8,12,12638,34639
2023-06-12 15:27:25,8,9,12638,34639
2023-06-12 15:27:44,8,12,12638,34639
2023-06-12 15:27:44,8,10,12638,34639
2023-06-12 15:27:51,8,11,12638,34639
2023-06-12 15:27:51,8,9,12638,34639
2023-06-12 15:27:57,7,9,12638,34639
2023-06-12 15:28:12,7,10,12638,34639
2023-06-12 15:28:12,7,8,12638,34639
2023-06-12 15:28:19,6,8,12638,34639
2023-06-12 15:28:22,6,9,12638,34639
2023-06-12 15:28:22,6,7,12638,34639
2023-06-12 15:28:28,5,7,12638,34639
2023-06-12 15:28:28,5,8,12638,34639
2023-06-12 15:28:28,5,8,12678,34679
2023-06-12 15:28:28,5,6,12678,34679
2023-06-12 15:28:36,5,9,12678,34679
2023-06-12 15:28:36,5,7,12678,34679
2023-06-12 15:28:42,5,8,12678,34679
2023-06-12 15:28:42,5,6,12678,34679
2023-06-12 15:29:57,4,6,12678,34679
2023-06-12 15:29:58,4,7,12678,34679
2023-06-12 15:29:58,4,5,12678,34679
2023-06-12 15:30:01,4,7,12678,34679
2023-06-12 15:30:01,4,8,12678,34679
2023-06-12 15:30:01,4,6,12678,34679
2023-06-12 15:30:04,4,7,12678,34679
2023-06-12 15:30:04,4,5,12678,34679
2023-06-12 15:30:24,3,5,12678,34679
2023-06-12 15:30:33,4,5,12678,34679
2023-06-12 15:30:45,3,5,12678,34679
2023-06-12 15:31:01,4,5,12678,34679
2023-06-12 15:31:06,4,5,12688,34689
2023-06-12 15:31:44,3,5,12688,34689
2023-06-12 15:31:56,3,6,12688,34689
2023-06-12 15:31:56,3,4,12688,34689
2023-06-12 15:32:05,3,7,12688,34689
2023-06-12 15:32:05,4,7,12688,34689
2023-06-12 15:32:05,3,7,12688,34689
2023-06-12 15:32:05,3,5,12688,34689
2023-06-12 15:32:06,4,5,12688,34689
2023-06-12 15:32:24,4,8,12688,34689
2023-06-12 15:32:24,4,6,12688,34689
2023-06-12 15:33:15,4,7,12688,34689
2023-06-12 15:33:15,4,5,12688,34689
2023-06-12 15:33:22,3,5,12688,34689
2023-06-12 15:33:55,3,6,12688,34689
2023-06-12 15:33:55,3,4,12688,34689
2023-06-12 15:34:16,3,4,12723,34724
2023-06-12 15:36:02,3,4,12773,34774
2023-06-12 15:36:10,2,4,12804,34805
2023-06-12 15:36:10,2,3,12804,34805
2023-06-12 15:37:27,1,3,12804,34805
2023-06-12 15:37:27,1,2,12804,34805
2023-06-12 15:39:41,1,2,12844,34845
2023-06-12 15:40:09,1,2,12884,34885
2023-06-12 15:40:09,1,2,12924,34925
2023-06-12 15:40:24,1,2,13039,35040
2023-06-12 15:40:35,1,2,13059,35060
2023-06-12 15:40:51,1,2,13179,35180
2023-06-12 15:41:01,1,2,13219,35220
2023-06-12 15:41:09,1,2,13219,35420
2023-06-12 15:41:11,1,2,13259,35460
2023-06-12 15:41:14,1,2,13300,35501
2023-06-12 15:41:16,1,2,13499,35700
2023-06-12 15:41:31,1,2,13539,35740
2023-06-12 15:41:39,0,1,13539,35805
2023-06-12 15:43:55,0,2,13549,35815
2023-06-12 15:45:01,0,3,13549,35815
2023-06-12 15:45:04,0,2,13549,35815
2023-06-12 15:45:11,0,3,13549,35815
2023-06-12 15:45:19,0,2,13549,35815
2023-06-12 15:45:27,0,2,13529,35835
2023-06-12 15:48:30,0,1,13529,35835
2023-06-12 15:48:37,0,2,13529,35835
2023-06-12 15:49:30,0,1,13529,35835
