datetime,bid,ask,open_interest,volume
2023-10-05 09:30:00,16,24,10,10
2023-10-05 09:30:01,14,24,10,10
2023-10-05 09:30:01,0,24,10,10
2023-10-05 09:31:00,0,23,10,10
2023-10-05 09:31:00,17,23,10,10
2023-10-05 09:31:00,19,23,10,10
2023-10-05 09:31:07,20,22,10,10
2023-10-05 09:31:11,19,22,10,10
2023-10-05 09:31:34,18,22,10,10
2023-10-05 09:31:41,18,20,10,10
2023-10-05 09:31:57,19,20,10,10
2023-10-05 09:32:00,18,20,10,10
2023-10-05 09:32:06,19,20,10,10
2023-10-05 09:32:23,19,22,10,10
2023-10-05 09:32:33,20,22,10,10
2023-10-05 09:32:56,21,22,10,10
2023-10-05 09:33:05,20,22,10,10
2023-10-05 09:33:44,19,22,10,10
2023-10-05 09:33:53,20,22,10,10
2023-10-05 09:33:57,19,22,10,10
2023-10-05 09:34:14,19,21,10,10
2023-10-05 09:34:33,19,21,70,70
2023-10-05 09:34:38,18,21,70,70
2023-10-05 09:34:38,18,20,70,70
2023-10-05 09:34:49,19,20,70,70
2023-10-05 09:34:59,18,20,70,70
2023-10-05 09:35:14,19,20,70,70
2023-10-05 09:35:22,19,21,70,70
2023-10-05 09:35:24,19,22,70,70
2023-10-05 09:35:25,19,21,70,70
2023-10-05 09:35:43,18,21,70,70
2023-10-05 09:35:55,18,20,70,70
2023-10-05 09:35:55,18,20,95,95
2023-10-05 09:36:10,17,20,95,95
2023-10-05 09:36:18,17,19,95,95
2023-10-05 09:36:27,18,19,95,95
2023-10-05 09:36:27,18,20,155,155
2023-10-05 09:36:35,18,21,155,155
2023-10-05 09:36:45,18,20,155,155
2023-10-05 09:36:54,18,21,155,155
2023-10-05 09:37:27,18,20,155,155
2023-10-05 09:37:29,18,21,155,155
2023-10-05 09:38:41,19,21,155,155
2023-10-05 09:38:52,19,22,155,155
2023-10-05 09:39:00,20,22,155,155
2023-10-05 09:39:11,21,22,155,155
2023-10-05 09:39:11,21,22,235,235
2023-10-05 09:39:12,20,22,235,235
2023-10-05 09:39:16,21,22,235,235
2023-10-05 09:39:36,20,22,235,235
2023-10-05 09:39:36,21,22,235,235
2023-10-05 09:39:43,20,22,235,235
2023-10-05 09:39:52,21,22,235,235
2023-10-05 09:40:02,21,23,235,235
2023-10-05 09:40:05,22,23,235,235
2023-10-05 09:40:32,22,24,235,235
2023-10-05 09:40:51,23,24,235,235
2023-10-05 09:40:53,23,24,355,355
2023-10-05 09:41:06,23,24,415,415
2023-10-05 09:41:07,22,24,415,415
2023-10-05 09:41:29,22,24,535,535
2023-10-05 09:41:32,22,24,595,595
2023-10-05 09:41:40,21,24,735,735
2023-10-05 09:41:41,21,23,735,735
2023-10-05 09:41:56,21,24,735,735
2023-10-05 09:42:09,22,24,735,735
2023-10-05 09:42:09,22,24,755,755
2023-10-05 09:42:27,23,24,755,755
2023-10-05 09:43:55,23,25,797,797
2023-10-05 09:44:25,23,24,797,797
2023-10-05 09:44:45,23,25,797,797
2023-10-05 09:45:16,23,24,797,797
2023-10-05 09:45:22,23,25,797,797
2023-10-05 09:45:42,23,24,797,797
2023-10-05 09:46:03,24,25,804,804
2023-10-05 09:46:30,23,25,804,804
2023-10-05 09:47:17,23,25,1304,1304
2023-10-05 09:48:21,24,25,1304,1304
2023-10-05 09:49:02,24,26,1304,1304
2023-10-05 09:49:48,24,26,1304,1637
2023-10-05 09:50:54,24,26,1304,1737
2023-10-05 09:51:52,24,27,1304,1737
2023-10-05 09:51:58,26,27,1304,1737
2023-10-05 09:52:08,26,28,1304,1737
2023-10-05 09:52:21,27,28,1304,1737
2023-10-05 09:52:53,27,28,1304,2070
2023-10-05 09:52:54,27,29,1304,2070
2023-10-05 09:56:31,27,29,1304,2170
2023-10-05 10:00:07,27,30,1304,2170
2023-10-05 10:00:07,28,30,1304,2170
2023-10-05 10:00:18,29,30,1304,2170
2023-10-05 10:00:32,29,30,1244,2230
2023-10-05 10:01:18,29,31,1244,2230
2023-10-05 10:01:33,30,31,1244,2230
2023-10-05 10:02:33,30,32,1244,2230
2023-10-05 10:03:09,30,32,1344,2330
2023-10-05 10:03:26,30,32,1354,2450
2023-10-05 10:03:32,30,31,1354,2450
2023-10-05 10:03:33,30,32,1454,2550
2023-10-05 10:04:28,31,32,1454,2550
2023-10-05 10:04:30,31,32,1554,2650
2023-10-05 10:04:31,30,32,1554,2650
2023-10-05 10:05:14,31,32,1554,2650
2023-10-05 10:08:59,31,32,1554,2900
2023-10-05 10:09:47,31,33,1554,2940
2023-10-05 10:14:29,32,33,1554,2940
2023-10-05 10:15:05,32,33,1554,3190
2023-10-05 10:15:15,32,34,1554,3190
2023-10-05 10:18:30,33,34,1554,3190
2023-10-05 10:19:30,33,34,1554,3191
2023-10-05 10:19:38,33,35,1554,3191
2023-10-05 10:21:20,33,34,1554,3191
2023-10-05 10:25:01,33,34,1554,3192
2023-10-05 10:26:42,34,35,1654,3292
2023-10-05 10:28:37,34,35,1654,3412
2023-10-05 10:29:29,34,36,1654,3412
2023-10-05 10:30:17,35,36,1654,3412
2023-10-05 10:32:57,34,36,1654,3412
2023-10-05 10:36:34,34,35,1654,3412
2023-10-05 10:36:58,33,35,1654,3412
2023-10-05 10:38:24,33,35,1711,3469
2023-10-05 10:38:47,33,34,1711,3469
2023-10-05 10:38:47,33,34,1831,3589
2023-10-05 10:38:49,32,34,1831,3589
2023-10-05 10:39:22,32,33,1831,3589
2023-10-05 10:39:27,32,33,1891,3649
2023-10-05 10:39:28,32,33,1971,3729
2023-10-05 10:39:44,32,33,1971,3929
2023-10-05 10:40:30,31,33,2091,4049
2023-10-05 10:40:35,30,33,3148,5106
2023-10-05 10:40:35,30,32,3148,5106
2023-10-05 10:40:42,30,31,3148,5106
2023-10-05 10:41:04,29,31,3148,5106
2023-10-05 10:42:06,29,30,3148,5106
2023-10-05 10:42:07,29,30,3148,5356
2023-10-05 10:42:08,29,31,3148,5506
2023-10-05 10:42:40,29,32,3148,5733
2023-10-05 10:42:47,30,32,3148,5733
2023-10-05 10:43:10,30,33,3148,5733
2023-10-05 10:43:45,31,33,3148,5733
2023-10-05 10:44:41,32,33,3148,5733
2023-10-05 10:44:42,32,34,3148,5733
2023-10-05 10:46:35,33,34,3148,5733
2023-10-05 10:48:05,32,33,3148,5741
2023-10-05 10:48:57,32,33,3148,5749
2023-10-05 10:48:59,31,33,3148,5749
2023-10-05 10:49:06,31,32,3148,5749
2023-10-05 10:50:15,30,32,3148,5749
2023-10-05 10:50:15,30,31,3148,5749
2023-10-05 10:50:26,30,32,3140,5757
2023-10-05 10:50:30,30,31,3140,5757
2023-10-05 10:50:30,30,31,3080,5817
2023-10-05 10:50:35,30,32,3080,5817
2023-10-05 10:50:39,30,32,2900,5997
2023-10-05 10:50:40,30,33,2900,5997
2023-10-05 10:50:40,31,33,2900,5997
2023-10-05 10:51:11,32,33,2900,5997
2023-10-05 10:51:27,32,34,2950,6047
2023-10-05 10:54:35,33,34,2950,6047
2023-10-05 10:54:35,33,35,2950,6047
2023-10-05 10:55:15,34,35,2950,6047
2023-10-05 10:58:28,33,34,2950,6053
2023-10-05 10:58:28,32,34,2950,6053
2023-10-05 10:58:40,32,34,2950,6059
2023-10-05 11:00:30,32,35,2950,6059
2023-10-05 11:00:42,32,34,2950,6059
2023-10-05 11:00:59,32,33,2950,6059
2023-10-05 11:01:01,31,33,2950,6059
2023-10-05 11:01:22,32,33,2950,6059
2023-10-05 11:01:25,32,34,2950,6059
2023-10-05 11:01:29,32,35,2950,6059
2023-10-05 11:01:52,33,35,2950,6059
2023-10-05 11:03:13,34,35,2950,6059
2023-10-05 11:04:34,33,35,2950,6059
2023-10-05 11:04:52,32,35,2950,6059
2023-10-05 11:05:00,32,34,2950,6059
2023-10-05 11:05:02,32,35,2950,6059
2023-10-05 11:05:20,33,35,2950,6059
2023-10-05 11:05:32,32,35,2950,6059
2023-10-05 11:05:40,32,34,2950,6059
2023-10-05 11:06:27,32,35,2950,6059
2023-10-05 11:06:29,32,34,2950,6059
2023-10-05 11:06:29,33,34,2950,6059
2023-10-05 11:06:30,33,35,2950,6059
2023-10-05 11:06:40,34,35,2950,6059
2023-10-05 11:06:41,33,35,2950,6059
2023-10-05 11:06:48,33,34,2950,6059
2023-10-05 11:06:49,33,35,2950,6059
2023-10-05 11:06:51,33,34,2950,6059
2023-10-05 11:06:51,32,34,2950,6059
2023-10-05 11:06:59,33,34,2950,6059
2023-10-05 11:07:00,32,34,2950,6059
2023-10-05 11:07:03,33,34,2950,6059
2023-10-05 11:07:05,33,35,2950,6059
2023-10-05 11:07:20,33,34,2950,6059
2023-10-05 11:07:22,33,35,2950,6059
2023-10-05 11:07:24,33,34,2950,6059
2023-10-05 11:07:27,33,35,2950,6059
2023-10-05 11:07:39,33,34,2950,6059
2023-10-05 11:07:40,32,34,2950,6059
2023-10-05 11:07:41,33,34,2950,6059
2023-10-05 11:07:43,33,35,2950,6059
2023-10-05 11:07:51,33,34,2950,6059
2023-10-05 11:07:52,32,34,2950,6059
2023-10-05 11:07:59,33,34,2950,6059
2023-10-05 11:08:03,32,34,2950,6059
2023-10-05 11:08:35,33,34,2950,6059
2023-10-05 11:08:36,32,34,2950,6059
2023-10-05 11:08:43,33,34,2950,6059
2023-10-05 11:08:47,32,34,2950,6059
2023-10-05 11:08:49,33,34,2950,6059
2023-10-05 11:08:50,32,34,2950,6059
2023-10-05 11:08:54,33,34,2950,6059
2023-10-05 11:08:56,32,34,2950,6059
2023-10-05 11:09:01,33,34,2950,6059
2023-10-05 11:09:06,33,35,2950,6059
2023-10-05 11:09:08,33,34,2950,6059
2023-10-05 11:09:09,33,35,2950,6059
2023-10-05 11:09:11,33,34,2950,6059
2023-10-05 11:09:12,33,35,2950,6059
2023-10-05 11:09:13,33,34,2950,6059
2023-10-05 11:09:25,32,34,2950,6059
2023-10-05 11:09:32,32,33,2950,6059
2023-10-05 11:09:34,31,33,2950,6059
2023-10-05 11:09:40,32,33,2950,6059
2023-10-05 11:09:47,31,33,2950,6059
2023-10-05 11:09:48,32,33,2950,6059
2023-10-05 11:09:49,31,33,2950,6059
2023-10-05 11:09:57,32,33,2950,6059
2023-10-05 11:09:58,32,34,2950,6059
2023-10-05 11:10:04,32,33,2950,6059
2023-10-05 11:10:05,32,34,2950,6059
2023-10-05 11:10:14,32,33,2950,6059
2023-10-05 11:10:15,32,34,2950,6059
2023-10-05 11:10:35,33,34,2950,6059
2023-10-05 11:10:35,33,35,2950,6059
2023-10-05 11:10:36,33,34,2950,6059
2023-10-05 11:10:39,33,35,2950,6059
2023-10-05 11:10:42,33,34,2950,6059
2023-10-05 11:10:43,33,35,2950,6059
2023-10-05 11:10:47,33,34,2950,6059
2023-10-05 11:10:48,33,35,2950,6059
2023-10-05 11:10:50,33,34,2950,6059
2023-10-05 11:10:51,33,35,2950,6059
2023-10-05 11:11:13,34,35,2950,6059
2023-10-05 11:11:41,33,34,2954,6063
2023-10-05 11:11:42,33,35,2954,6063
2023-10-05 11:12:03,34,35,2954,6063
2023-10-05 11:13:34,34,36,3004,6113
2023-10-05 11:14:17,35,36,3004,6113
2023-10-05 11:15:02,35,36,3000,6117
2023-10-05 11:15:06,34,36,3000,6117
2023-10-05 11:15:08,35,36,3000,6117
2023-10-05 11:15:22,34,36,3000,6117
2023-10-05 11:15:44,34,35,3000,6117
2023-10-05 11:15:47,34,36,3000,6117
2023-10-05 11:16:06,34,35,3000,6117
2023-10-05 11:16:09,34,36,3000,6117
2023-10-05 11:16:13,34,35,3000,6117
2023-10-05 11:16:14,34,36,3000,6117
2023-10-05 11:16:21,34,35,3000,6117
2023-10-05 11:16:23,34,36,3000,6117
2023-10-05 11:16:34,35,36,3000,6117
2023-10-05 11:16:35,34,36,3000,6117
2023-10-05 11:17:20,34,35,3000,6117
2023-10-05 11:17:34,34,36,3000,6117
2023-10-05 11:17:35,34,35,3000,6117
2023-10-05 11:17:37,34,36,3000,6117
2023-10-05 11:17:45,35,36,3000,6117
2023-10-05 11:19:11,34,35,3000,6119
2023-10-05 11:20:16,34,36,3000,6119
2023-10-05 11:20:22,35,36,3000,6119
2023-10-05 11:21:24,35,36,3000,6121
2023-10-05 11:23:03,35,37,3000,6121
2023-10-05 11:23:14,36,37,3000,6121
2023-10-05 11:23:27,36,38,3000,6121
2023-10-05 11:23:28,37,38,3000,6121
2023-10-05 11:23:42,37,38,3050,6171
2023-10-05 11:23:53,36,38,3050,6171
2023-10-05 11:23:59,37,38,3050,6171
2023-10-05 11:24:13,37,39,3050,6371
2023-10-05 11:24:17,38,39,3050,6371
2023-10-05 11:24:21,38,39,3450,6771
2023-10-05 11:24:30,38,39,3282,6939
2023-10-05 11:24:44,38,40,3332,6989
2023-10-05 11:24:45,39,40,3332,6989
2023-10-05 11:24:56,38,40,3332,6989
2023-10-05 11:24:57,39,40,3332,6989
2023-10-05 11:25:04,38,40,3332,6989
2023-10-05 11:25:04,39,40,3332,6989
2023-10-05 11:25:55,38,40,3332,6989
2023-10-05 11:25:55,38,39,3332,6989
2023-10-05 11:26:01,38,40,3332,6989
2023-10-05 11:26:08,38,39,3332,6989
2023-10-05 11:26:17,38,40,3332,6989
2023-10-05 11:26:18,39,40,3332,6989
2023-10-05 11:30:07,38,40,2932,7389
2023-10-05 11:30:08,38,39,2932,7389
2023-10-05 11:30:10,38,40,2932,7389
2023-10-05 11:30:13,39,40,2932,7389
2023-10-05 11:31:06,38,40,2932,7389
2023-10-05 11:31:13,39,40,2932,7389
2023-10-05 11:31:15,38,40,2932,7389
2023-10-05 11:31:18,39,40,2932,7389
2023-10-05 11:31:28,39,40,2967,7424
2023-10-05 11:31:28,38,40,2967,7424
2023-10-05 11:31:30,38,39,2967,7424
2023-10-05 11:31:38,37,39,2967,7424
2023-10-05 11:31:45,38,39,2967,7424
2023-10-05 11:31:46,37,39,2967,7424
2023-10-05 11:31:47,38,39,2967,7424
2023-10-05 11:31:49,37,39,2967,7424
2023-10-05 11:31:58,38,39,2967,7424
2023-10-05 11:31:59,37,39,2967,7424
2023-10-05 11:32:09,38,39,2967,7424
2023-10-05 11:32:11,37,39,2967,7424
2023-10-05 11:32:14,38,39,2967,7424
2023-10-05 11:32:17,37,39,2967,7424
2023-10-05 11:32:31,36,39,2967,7424
2023-10-05 11:32:31,36,38,2967,7424
2023-10-05 11:32:53,37,38,2967,7424
2023-10-05 11:32:54,36,38,2967,7424
2023-10-05 11:32:55,37,38,2967,7424
2023-10-05 11:32:56,36,38,2967,7424
2023-10-05 11:33:04,37,38,2967,7424
2023-10-05 11:33:32,37,39,2967,7424
2023-10-05 11:34:06,37,40,2967,7424
2023-10-05 11:34:12,37,39,2967,7424
2023-10-05 11:34:13,37,40,2967,7424
2023-10-05 11:34:26,37,39,2967,7424
2023-10-05 11:34:29,37,40,2967,7424
2023-10-05 11:34:35,37,39,2967,7424
2023-10-05 11:34:43,37,40,2967,7424
2023-10-05 11:34:46,37,39,2967,7424
2023-10-05 11:35:03,37,40,2967,7424
2023-10-05 11:35:04,37,39,2967,7424
2023-10-05 11:35:05,38,39,2967,7424
2023-10-05 11:35:05,38,40,2967,7424
2023-10-05 11:35:15,39,40,2967,7424
2023-10-05 11:36:27,40,41,3017,7474
2023-10-05 11:37:41,40,42,3017,7474
2023-10-05 11:38:08,40,41,3017,7474
2023-10-05 11:38:11,40,42,3017,7474
2023-10-05 11:38:36,40,41,3017,7474
2023-10-05 11:38:37,40,42,3017,7474
2023-10-05 11:38:40,40,41,3017,7474
2023-10-05 11:38:41,39,41,3017,7474
2023-10-05 11:38:42,40,41,3017,7474
2023-10-05 11:38:43,39,41,3017,7474
2023-10-05 11:38:45,40,41,3017,7474
2023-10-05 11:38:57,40,42,3017,7474
2023-10-05 11:38:58,40,41,3017,7474
2023-10-05 11:38:59,40,42,3017,7474
2023-10-05 11:39:01,40,41,3017,7474
2023-10-05 11:39:02,40,42,3017,7474
2023-10-05 11:39:22,40,41,3017,7474
2023-10-05 11:39:27,40,42,3017,7474
2023-10-05 11:39:28,40,41,3017,7474
2023-10-05 11:39:29,40,42,3017,7474
2023-10-05 11:39:36,40,41,3017,7474
2023-10-05 11:39:37,40,42,3017,7474
2023-10-05 11:39:38,40,41,3017,7474
2023-10-05 11:39:39,40,42,3017,7474
2023-10-05 11:39:42,40,41,3017,7474
2023-10-05 11:39:59,40,42,3017,7474
2023-10-05 11:40:04,40,41,3017,7474
2023-10-05 11:40:05,40,42,3017,7474
2023-10-05 11:40:36,40,41,3017,7474
2023-10-05 11:40:38,40,42,3017,7474
2023-10-05 11:41:05,40,42,3038,7495
2023-10-05 11:41:32,40,41,3038,7495
2023-10-05 11:41:34,40,42,3038,7495
2023-10-05 11:41:41,40,41,3038,7495
2023-10-05 11:41:42,40,42,3038,7495
2023-10-05 11:41:45,40,41,3038,7495
2023-10-05 11:41:48,40,42,3038,7495
2023-10-05 11:41:56,40,41,3038,7495
2023-10-05 11:41:59,40,42,3038,7495
2023-10-05 11:44:21,40,41,3038,7495
2023-10-05 11:44:22,39,41,3038,7495
2023-10-05 11:46:01,40,41,3038,7495
2023-10-05 11:46:03,40,42,3038,7495
2023-10-05 11:46:04,40,41,3038,7495
2023-10-05 11:46:06,40,42,3038,7495
2023-10-05 11:46:08,40,41,3038,7495
2023-10-05 11:46:10,40,42,3038,7495
2023-10-05 11:46:31,40,41,3038,7495
2023-10-05 11:46:33,40,42,3038,7495
2023-10-05 11:46:34,40,41,3038,7495
2023-10-05 11:46:35,40,42,3038,7495
2023-10-05 11:46:38,40,41,3038,7495
2023-10-05 11:48:04,40,42,3038,7495
2023-10-05 11:48:05,40,41,3038,7495
2023-10-05 11:48:10,40,42,3038,7495
2023-10-05 11:48:12,40,41,3038,7495
2023-10-05 11:48:14,40,42,3038,7495
2023-10-05 11:48:16,40,41,3038,7495
2023-10-05 11:48:31,40,42,3038,7495
2023-10-05 11:49:08,40,41,3038,7495
2023-10-05 11:49:09,40,42,3038,7495
2023-10-05 11:49:11,40,41,3038,7495
2023-10-05 11:49:13,40,42,3038,7495
2023-10-05 11:49:37,40,41,3038,7495
2023-10-05 11:49:37,40,42,3038,7495
2023-10-05 11:49:42,40,41,3038,7495
2023-10-05 11:49:48,40,42,3038,7495
2023-10-05 11:49:58,40,41,3038,7495
2023-10-05 11:49:59,40,42,3038,7495
2023-10-05 11:50:28,40,41,3038,7495
2023-10-05 11:50:29,40,42,3038,7495
2023-10-05 11:50:37,40,41,3038,7495
2023-10-05 11:50:38,40,42,3038,7495
2023-10-05 11:50:51,40,41,3038,7495
2023-10-05 11:50:54,40,42,3038,7495
2023-10-05 11:50:55,40,41,3038,7495
2023-10-05 11:51:04,40,42,3038,7495
2023-10-05 11:51:10,40,41,3038,7495
2023-10-05 11:51:11,40,42,3038,7495
2023-10-05 11:52:17,40,41,3038,7495
2023-10-05 11:52:18,40,42,3038,7495
2023-10-05 11:52:34,40,41,3038,7495
2023-10-05 11:52:35,40,42,3038,7495
2023-10-05 11:52:37,40,41,3038,7495
2023-10-05 11:52:41,40,42,3038,7495
2023-10-05 11:52:45,40,41,3038,7495
2023-10-05 11:52:46,40,42,3038,7495
2023-10-05 11:52:51,40,41,3038,7495
2023-10-05 11:52:52,40,42,3038,7495
2023-10-05 11:52:54,40,41,3038,7495
2023-10-05 11:52:56,40,42,3038,7495
2023-10-05 11:53:04,41,42,3038,7495
2023-10-05 11:53:10,41,43,3038,7695
2023-10-05 11:53:24,41,42,3038,7695
2023-10-05 11:53:25,41,43,3038,7695
2023-10-05 11:53:27,42,43,3038,7695
2023-10-05 11:53:27,42,43,3224,7881
2023-10-05 11:53:28,41,43,3224,7881
2023-10-05 11:53:38,41,42,3224,7881
2023-10-05 11:53:54,41,42,3224,8081
2023-10-05 11:54:22,42,43,3245,8175
2023-10-05 11:55:52,42,43,3371,8301
2023-10-05 11:56:45,42,43,3471,8401
2023-10-05 11:59:06,42,43,3471,8618
2023-10-05 11:59:21,41,43,3471,8618
2023-10-05 11:59:31,42,43,3471,8618
2023-10-05 11:59:50,42,44,3471,8618
2023-10-05 11:59:55,42,43,3471,8618
2023-10-05 11:59:56,41,43,3471,8618
2023-10-05 11:59:58,41,44,3471,8618
2023-10-05 11:59:58,42,44,3471,8618
2023-10-05 12:00:04,41,44,3471,8618
2023-10-05 12:00:04,41,43,3471,8618
2023-10-05 12:00:07,42,43,3471,8618
2023-10-05 12:00:08,41,43,3471,8618
2023-10-05 12:00:50,42,43,3471,8618
2023-10-05 12:01:50,42,44,3471,8618
2023-10-05 12:01:51,42,43,3471,8618
2023-10-05 12:02:20,42,44,3471,8618
2023-10-05 12:02:32,42,43,3471,8618
2023-10-05 12:02:32,42,44,3471,8618
2023-10-05 12:02:34,42,43,3471,8618
2023-10-05 12:02:52,43,44,3662,8809
2023-10-05 12:02:53,42,44,3662,8809
2023-10-05 12:02:56,42,43,3662,8809
2023-10-05 12:02:58,42,44,3662,8809
2023-10-05 12:03:00,42,43,3662,8809
2023-10-05 12:03:05,42,44,3662,8809
2023-10-05 12:03:09,42,43,3662,8809
2023-10-05 12:03:21,42,44,3662,8809
2023-10-05 12:03:26,42,43,3662,8809
2023-10-05 12:03:34,42,44,3662,8809
2023-10-05 12:03:35,42,43,3662,8809
2023-10-05 12:03:41,42,44,3662,8809
2023-10-05 12:03:42,42,43,3662,8809
2023-10-05 12:03:47,42,44,3889,9036
2023-10-05 12:04:33,42,43,3889,9036
2023-10-05 12:04:37,42,44,3889,9036
2023-10-05 12:04:39,42,43,3889,9036
2023-10-05 12:04:42,42,44,3889,9036
2023-10-05 12:04:59,42,43,3889,9036
2023-10-05 12:05:04,42,44,3889,9036
2023-10-05 12:05:07,42,43,3889,9036
2023-10-05 12:05:08,42,44,3889,9036
2023-10-05 12:05:09,42,43,3889,9036
2023-10-05 12:05:10,42,44,3889,9036
2023-10-05 12:05:13,42,43,3889,9036
2023-10-05 12:05:15,42,44,3889,9036
2023-10-05 12:05:16,42,43,3889,9036
2023-10-05 12:05:19,42,44,3889,9036
2023-10-05 12:06:04,43,44,3889,9036
2023-10-05 12:07:10,43,44,3980,9127
2023-10-05 12:07:13,42,44,4089,9236
2023-10-05 12:07:14,42,43,4089,9236
2023-10-05 12:07:49,42,44,4089,9236
2023-10-05 12:07:51,42,43,4089,9236
2023-10-05 12:07:53,42,44,4089,9236
2023-10-05 12:08:00,43,44,4089,9236
2023-10-05 12:08:03,42,44,4089,9236
2023-10-05 12:09:07,42,43,4089,9236
2023-10-05 12:09:08,42,44,4276,9423
2023-10-05 12:09:10,42,43,4276,9423
2023-10-05 12:09:11,42,44,4478,9625
2023-10-05 12:09:13,42,43,4478,9625
2023-10-05 12:09:14,42,43,4728,9875
2023-10-05 12:09:15,42,44,4728,9875
2023-10-05 12:09:22,42,43,4728,9875
2023-10-05 12:09:26,42,44,4728,9875
2023-10-05 12:09:30,43,44,4728,9875
2023-10-05 12:09:32,42,44,4728,9875
2023-10-05 12:09:33,43,44,4728,9875
2023-10-05 12:10:17,42,44,4728,9875
2023-10-05 12:10:21,43,44,4728,9875
2023-10-05 12:10:24,42,44,4728,9875
2023-10-05 12:10:27,42,43,4728,9875
2023-10-05 12:10:50,42,44,4728,9875
2023-10-05 12:11:06,43,44,4728,9875
2023-10-05 12:11:10,42,44,4728,9875
2023-10-05 12:11:13,43,44,4728,9875
2023-10-05 12:11:14,42,44,4728,9875
2023-10-05 12:11:37,43,44,4728,9875
2023-10-05 12:11:40,42,44,4728,9875
2023-10-05 12:11:49,42,43,4728,9875
2023-10-05 12:11:51,42,44,4728,9875
2023-10-05 12:11:52,42,43,4728,9875
2023-10-05 12:11:59,42,44,4728,9875
2023-10-05 12:12:00,43,44,4728,9875
2023-10-05 12:12:05,42,44,4728,9875
2023-10-05 12:12:07,42,43,4728,9875
2023-10-05 12:12:08,42,44,4728,9875
2023-10-05 12:12:09,42,43,4728,9875
2023-10-05 12:12:10,42,44,4728,9875
2023-10-05 12:12:11,42,43,4728,9875
2023-10-05 12:12:14,42,44,4728,9875
2023-10-05 12:12:15,42,43,4728,9875
2023-10-05 12:12:33,42,44,4934,10081
2023-10-05 12:12:59,43,44,4934,10081
2023-10-05 12:13:00,42,44,4934,10081
2023-10-05 12:13:01,43,44,4934,10081
2023-10-05 12:13:02,42,44,4934,10081
2023-10-05 12:13:05,43,44,4934,10081
2023-10-05 12:13:06,42,44,4934,10081
2023-10-05 12:13:31,43,44,4934,10081
2023-10-05 12:13:32,42,44,4934,10081
2023-10-05 12:13:52,42,43,4934,10081
2023-10-05 12:13:53,42,43,5184,10331
2023-10-05 12:13:54,42,44,5184,10331
2023-10-05 12:14:00,42,43,5184,10331
2023-10-05 12:14:01,42,44,5184,10331
2023-10-05 12:14:26,42,43,5184,10331
2023-10-05 12:14:28,42,44,5184,10331
2023-10-05 12:14:39,42,43,5184,10331
2023-10-05 12:14:57,42,44,5184,10331
2023-10-05 12:14:58,42,43,5184,10331
2023-10-05 12:15:01,42,44,5184,10331
2023-10-05 12:15:02,43,44,5184,10331
2023-10-05 12:15:09,42,44,5184,10331
2023-10-05 12:15:10,42,43,5184,10331
2023-10-05 12:15:20,42,44,5184,10331
2023-10-05 12:15:24,42,43,5184,10331
2023-10-05 12:16:01,42,44,5184,10331
2023-10-05 12:16:05,43,44,5184,10331
2023-10-05 12:16:25,43,44,5384,10531
2023-10-05 12:17:49,43,45,5384,10531
2023-10-05 12:17:51,43,44,5384,10531
2023-10-05 12:18:40,43,44,5784,10931
2023-10-05 12:18:48,43,44,5784,10941
2023-10-05 12:19:07,43,45,5784,10941
2023-10-05 12:19:08,43,44,5784,10941
2023-10-05 12:19:22,43,45,5784,10941
2023-10-05 12:19:23,43,44,5784,10941
2023-10-05 12:20:59,42,43,5788,10945
2023-10-05 12:21:00,42,43,5790,10947
2023-10-05 12:22:11,42,44,5790,10947
2023-10-05 12:22:13,42,43,5790,10947
2023-10-05 12:24:21,42,44,5790,10947
2023-10-05 12:24:28,42,43,5790,10947
2023-10-05 12:24:29,42,44,5790,10947
2023-10-05 12:24:30,42,43,5790,10947
2023-10-05 12:24:36,42,44,5790,10947
2023-10-05 12:24:43,42,43,5790,10947
2023-10-05 12:25:08,42,44,5790,10947
2023-10-05 12:25:09,42,43,5790,10947
2023-10-05 12:25:25,42,44,5790,10947
2023-10-05 12:25:27,42,43,5790,10947
2023-10-05 12:25:36,42,43,5790,10953
2023-10-05 12:27:02,42,43,6190,11353
2023-10-05 12:27:26,41,43,6194,11357
2023-10-05 12:27:26,41,42,6194,11357
2023-10-05 12:27:36,41,43,6194,11357
2023-10-05 12:27:39,41,42,6194,11357
2023-10-05 12:27:55,41,43,6194,11357
2023-10-05 12:27:56,41,42,6194,11357
2023-10-05 12:27:56,41,42,6194,11361
2023-10-05 12:28:08,41,43,6194,11361
2023-10-05 12:28:10,41,42,6194,11361
2023-10-05 12:29:16,41,43,6194,11361
2023-10-05 12:29:17,41,42,6194,11361
2023-10-05 12:29:25,41,43,6194,11361
2023-10-05 12:29:33,41,42,6194,11361
2023-10-05 12:30:16,40,42,6194,11361
2023-10-05 12:30:28,40,41,6194,11361
2023-10-05 12:31:42,40,42,6194,11361
2023-10-05 12:31:54,41,42,6194,11361
2023-10-05 12:31:59,41,43,6244,11411
2023-10-05 12:32:05,41,42,6244,11411
2023-10-05 12:32:07,41,43,6244,11411
2023-10-05 12:32:08,42,43,6244,11411
2023-10-05 12:32:08,42,44,6244,11411
2023-10-05 12:32:24,42,43,6244,11411
2023-10-05 12:32:25,42,44,6244,11411
2023-10-05 12:32:54,42,43,6244,11411
2023-10-05 12:32:56,42,44,6244,11411
2023-10-05 12:32:57,42,43,6244,11411
2023-10-05 12:32:58,42,44,6244,11411
2023-10-05 12:33:52,42,43,6244,11411
2023-10-05 12:34:01,42,44,6244,11411
2023-10-05 12:34:19,42,43,6244,11411
2023-10-05 12:34:20,42,44,6244,11411
2023-10-05 12:34:21,42,43,6244,11411
2023-10-05 12:34:43,42,44,6244,11411
2023-10-05 12:34:59,43,44,6244,11411
2023-10-05 12:35:00,42,44,6244,11411
2023-10-05 12:35:04,43,44,6244,11411
2023-10-05 12:35:09,42,44,6244,11411
2023-10-05 12:35:42,43,44,6244,11411
2023-10-05 12:35:43,42,44,6244,11411
2023-10-05 12:37:21,42,43,6244,11411
2023-10-05 12:37:22,41,43,6444,11611
2023-10-05 12:37:23,41,42,6444,11611
2023-10-05 12:37:30,41,43,6444,11611
2023-10-05 12:37:45,42,43,6444,11611
2023-10-05 12:37:47,41,43,6444,11611
2023-10-05 12:37:51,42,43,6444,11611
2023-10-05 12:37:52,42,44,6444,11611
2023-10-05 12:38:11,42,43,6444,11611
2023-10-05 12:38:13,42,44,6444,11611
2023-10-05 12:38:14,42,43,6444,11611
2023-10-05 12:38:15,42,44,6444,11611
2023-10-05 12:38:50,42,43,6444,11611
2023-10-05 12:38:52,41,43,6444,11611
2023-10-05 12:38:53,42,43,6444,11611
2023-10-05 12:38:54,42,44,6444,11611
2023-10-05 12:38:56,42,43,6444,11611
2023-10-05 12:38:57,42,44,6444,11611
2023-10-05 12:39:44,42,45,6444,11611
2023-10-05 12:39:46,42,44,6444,11611
2023-10-05 12:39:58,42,45,6444,11611
2023-10-05 12:40:05,42,44,6444,11611
2023-10-05 12:40:06,42,45,6444,11611
2023-10-05 12:40:09,42,44,6444,11611
2023-10-05 12:40:14,43,44,6444,11611
2023-10-05 12:40:14,43,45,6444,11611
2023-10-05 12:40:33,44,45,6444,11611
2023-10-05 12:42:17,43,45,6444,11611
2023-10-05 12:42:18,44,45,6444,11611
2023-10-05 12:42:19,43,45,6444,11611
2023-10-05 12:48:04,44,45,6444,11611
2023-10-05 12:48:38,44,46,6444,12011
2023-10-05 12:51:22,43,46,6844,12601
2023-10-05 12:51:23,44,46,6844,12601
2023-10-05 12:51:50,44,45,6844,12601
2023-10-05 12:52:01,44,46,6844,12601
2023-10-05 12:52:04,44,45,6844,12601
2023-10-05 12:52:09,44,46,6844,12601
2023-10-05 12:52:10,44,45,6844,12601
2023-10-05 12:52:19,44,46,6844,12601
2023-10-05 12:52:20,44,45,6844,12601
2023-10-05 12:52:21,44,46,6844,12601
2023-10-05 12:52:27,45,46,6844,12601
2023-10-05 12:53:09,45,46,6644,12801
2023-10-05 12:53:09,44,46,6644,12801
2023-10-05 12:53:11,45,46,6644,12801
2023-10-05 12:53:15,44,46,6644,13001
2023-10-05 12:53:28,44,45,6644,13001
2023-10-05 12:53:33,44,46,6644,13001
2023-10-05 12:53:35,44,45,6644,13001
2023-10-05 12:53:36,44,46,6644,13001
2023-10-05 12:53:48,45,46,6644,13001
2023-10-05 12:53:56,44,46,6644,13001
2023-10-05 12:53:58,45,46,6644,13001
2023-10-05 12:56:36,45,46,6524,13121
2023-10-05 12:58:26,45,46,6224,13521
2023-10-05 12:59:50,44,46,6624,14215
2023-10-05 12:59:51,45,46,6624,14215
2023-10-05 12:59:57,44,46,6624,14215
2023-10-05 12:59:58,44,45,6624,14215
2023-10-05 12:59:59,44,46,6624,14215
2023-10-05 13:00:00,45,46,6624,14215
2023-10-05 13:00:01,44,46,6624,14215
2023-10-05 13:00:02,45,46,6624,14215
2023-10-05 13:00:33,44,46,6624,14215
2023-10-05 13:00:47,45,46,6624,14215
2023-10-05 13:00:48,44,46,6624,14215
2023-10-05 13:00:57,45,46,6624,14215
2023-10-05 13:00:58,44,46,6624,14215
2023-10-05 13:00:59,45,46,6624,14215
2023-10-05 13:01:33,44,46,6624,14215
2023-10-05 13:01:36,45,46,6624,14215
2023-10-05 13:01:40,44,46,6624,14215
2023-10-05 13:01:41,45,46,6624,14215
2023-10-05 13:01:43,44,46,6624,14215
2023-10-05 13:01:45,45,46,6624,14215
2023-10-05 13:01:51,44,46,6624,14215
2023-10-05 13:01:52,45,46,6624,14215
2023-10-05 13:03:06,45,46,6561,14278
2023-10-05 13:03:39,45,47,6561,14395
2023-10-05 13:03:40,46,47,6561,14395
2023-10-05 13:04:52,46,47,6161,14795
2023-10-05 13:05:45,46,47,6092,14864
2023-10-05 13:05:51,46,47,5972,14984
2023-10-05 13:06:18,46,47,5843,15113
2023-10-05 13:07:20,46,48,5843,15113
2023-10-05 13:07:20,47,48,5843,15113
2023-10-05 13:10:55,47,48,5723,15233
2023-10-05 13:11:37,47,49,5723,15283
2023-10-05 13:11:38,48,49,5723,15283
2023-10-05 13:12:52,48,49,5663,15343
2023-10-05 13:13:17,47,48,5863,15746
2023-10-05 13:13:18,48,49,5863,15748
2023-10-05 13:13:27,47,49,5863,15748
2023-10-05 13:13:28,48,49,5863,15748
2023-10-05 13:13:42,47,49,5863,15748
2023-10-05 13:13:43,48,49,5863,15748
2023-10-05 13:15:30,48,50,5863,15748
2023-10-05 13:15:30,49,50,5863,15748
2023-10-05 13:16:18,50,51,5863,16168
2023-10-05 13:16:19,50,51,5923,16228
2023-10-05 13:16:37,50,51,5964,16269
2023-10-05 13:17:21,50,51,6024,16329
2023-10-05 13:17:39,50,51,6084,16389
2023-10-05 13:17:41,50,51,6204,16509
2023-10-05 13:17:43,50,51,6424,16729
2023-10-05 13:18:09,49,51,6428,16733
2023-10-05 13:18:35,49,50,6428,16733
2023-10-05 13:18:37,49,51,6428,16733
2023-10-05 13:18:53,49,50,6428,16733
2023-10-05 13:19:02,49,51,6428,16733
2023-10-05 13:19:05,50,51,6428,16733
2023-10-05 13:19:06,49,51,6428,16733
2023-10-05 13:19:13,50,51,6428,16733
2023-10-05 13:19:16,49,51,6428,16733
2023-10-05 13:19:18,50,51,6428,16733
2023-10-05 13:19:20,49,51,6428,16733
2023-10-05 13:19:21,50,51,6428,16733
2023-10-05 13:19:22,50,51,6428,16821
2023-10-05 13:19:23,49,51,6428,16821
2023-10-05 13:19:28,50,51,6428,16821
2023-10-05 13:19:29,49,51,6428,16821
2023-10-05 13:19:30,50,51,6428,16821
2023-10-05 13:19:38,50,51,6428,16921
2023-10-05 13:19:43,50,51,6428,16943
2023-10-05 13:21:08,50,51,6424,16947
2023-10-05 13:23:41,50,51,6668,17191
2023-10-05 13:24:03,49,51,7443,17966
2023-10-05 13:24:12,50,51,7443,17966
2023-10-05 13:24:13,49,51,7443,17966
2023-10-05 13:24:15,50,51,7443,17966
2023-10-05 13:26:08,50,52,7443,17966
2023-10-05 13:27:49,50,51,7443,17966
2023-10-05 13:27:50,50,52,7443,17966
2023-10-05 13:27:59,50,51,7443,17966
2023-10-05 13:28:04,50,52,7443,17966
2023-10-05 13:28:13,50,51,7443,17966
2023-10-05 13:28:14,50,52,7443,17966
2023-10-05 13:29:30,50,52,7443,18166
2023-10-05 13:29:30,50,51,7443,18166
2023-10-05 13:29:35,50,51,7532,18255
2023-10-05 13:29:56,50,51,7572,18295
2023-10-05 13:29:58,50,51,7632,18355
2023-10-05 13:30:24,50,52,7632,18355
2023-10-05 13:31:01,51,52,7632,18355
2023-10-05 13:31:25,51,53,7632,18355
2023-10-05 13:31:29,52,53,7632,18355
2023-10-05 13:31:46,51,53,7632,18355
2023-10-05 13:31:53,52,53,7632,18355
2023-10-05 13:31:55,51,53,7632,18355
2023-10-05 13:32:57,51,53,7866,18589
2023-10-05 13:32:57,51,52,7866,18589
2023-10-05 13:33:05,51,53,7866,18589
2023-10-05 13:33:07,51,52,7866,18589
2023-10-05 13:33:21,51,53,7866,18589
2023-10-05 13:33:23,51,52,7866,18589
2023-10-05 13:34:00,50,52,7866,18589
2023-10-05 13:34:15,49,52,7866,18589
2023-10-05 13:34:24,49,51,7866,18589
2023-10-05 13:34:30,49,50,7866,18589
2023-10-05 13:34:41,48,50,7866,18589
2023-10-05 13:34:41,48,49,7866,18589
2023-10-05 13:35:07,48,49,8016,18739
2023-10-05 13:35:09,48,49,8216,18939
2023-10-05 13:35:12,47,49,8216,18939
2023-10-05 13:35:13,47,48,8216,18939
2023-10-05 13:35:14,46,48,8216,18939
2023-10-05 13:35:52,46,47,8216,18939
2023-10-05 13:35:53,46,47,8406,19129
2023-10-05 13:35:54,45,47,8406,19129
2023-10-05 13:36:01,45,46,8406,19129
2023-10-05 13:36:17,44,46,8406,19129
2023-10-05 13:36:30,44,45,8406,19129
2023-10-05 13:36:30,44,45,8406,19529
2023-10-05 13:36:30,43,45,8406,19529
2023-10-05 13:36:30,43,44,8406,19529
2023-10-05 13:36:30,42,44,8406,19529
2023-10-05 13:36:31,42,43,8406,19529
2023-10-05 13:36:45,42,43,8506,19629
2023-10-05 13:36:55,42,43,8506,19829
2023-10-05 13:36:56,42,44,8506,20029
2023-10-05 13:37:01,43,44,8506,20029
2023-10-05 13:37:03,42,44,8506,20029
2023-10-05 13:37:17,43,44,8506,20029
2023-10-05 13:37:21,43,44,8706,20229
2023-10-05 13:37:21,43,46,8746,20269
2023-10-05 13:37:22,43,45,8746,20269
2023-10-05 13:37:30,43,44,8746,20269
2023-10-05 13:37:35,43,45,8746,20269
2023-10-05 13:37:36,43,44,8746,20269
2023-10-05 13:37:37,43,45,8746,20269
2023-10-05 13:37:38,43,44,8746,20269
2023-10-05 13:37:47,42,44,8746,20269
2023-10-05 13:37:50,43,44,8746,20269
2023-10-05 13:37:53,42,44,8746,20269
2023-10-05 13:38:03,42,43,8746,20269
2023-10-05 13:38:04,41,43,8946,20469
2023-10-05 13:38:27,41,42,8946,20469
2023-10-05 13:38:39,41,42,8946,20668
2023-10-05 13:38:49,41,42,8746,20868
2023-10-05 13:38:56,41,43,8746,20868
2023-10-05 13:38:57,41,42,8746,20868
2023-10-05 13:38:58,41,43,8746,20868
2023-10-05 13:38:59,41,42,8746,20868
2023-10-05 13:39:02,41,42,8746,21056
2023-10-05 13:39:02,41,43,8746,21056
2023-10-05 13:39:08,41,42,8746,21056
2023-10-05 13:39:10,41,42,8946,21268
2023-10-05 13:39:16,40,42,8946,21268
2023-10-05 13:39:17,41,42,8946,21268
2023-10-05 13:39:18,40,42,8946,21268
2023-10-05 13:39:20,41,42,8946,21268
2023-10-05 13:39:34,41,43,8946,21268
2023-10-05 13:39:34,42,43,8946,21268
2023-10-05 13:39:50,41,42,8926,21288
2023-10-05 13:39:55,40,42,8926,21288
2023-10-05 13:40:28,40,41,8926,21288
2023-10-05 13:40:32,39,41,8926,21288
2023-10-05 13:40:36,39,40,8926,21288
2023-10-05 13:40:37,38,40,8926,21288
2023-10-05 13:40:39,38,39,8926,21288
2023-10-05 13:40:40,38,40,8926,21288
2023-10-05 13:40:59,38,40,9026,21388
2023-10-05 13:40:59,38,39,9026,21388
2023-10-05 13:41:06,38,40,9026,21488
2023-10-05 13:41:16,38,39,9026,21488
2023-10-05 13:41:31,38,40,9026,21488
2023-10-05 13:41:55,38,39,9026,21488
2023-10-05 13:42:02,38,40,8826,21688
2023-10-05 13:42:13,38,40,8626,21888
2023-10-05 13:42:13,38,39,8626,21888
2023-10-05 13:42:14,38,39,8626,21948
2023-10-05 13:42:15,38,39,8626,22219
2023-10-05 13:42:17,38,39,8626,22338
2023-10-05 13:42:19,38,39,8626,22465
2023-10-05 13:42:26,38,39,8626,22695
2023-10-05 13:42:28,38,39,8426,22895
2023-10-05 13:42:28,38,39,8426,23295
2023-10-05 13:42:32,36,39,8426,23295
2023-10-05 13:42:32,36,38,8426,23295
2023-10-05 13:42:33,36,38,8426,23295
2023-10-05 13:42:55,37,38,8426,23295
2023-10-05 13:43:02,37,39,8426,23295
2023-10-05 13:43:04,37,38,8426,23295
2023-10-05 13:43:06,37,39,8426,23295
2023-10-05 13:43:12,37,38,8426,23295
2023-10-05 13:43:13,37,39,8426,23295
2023-10-05 13:43:19,37,40,8426,23295
2023-10-05 13:43:38,37,39,8426,23295
2023-10-05 13:44:13,37,40,8426,23295
2023-10-05 13:44:15,38,40,8426,23295
2023-10-05 13:44:17,37,40,8426,23295
2023-10-05 13:44:17,37,39,8426,23295
2023-10-05 13:44:19,37,40,8426,23295
2023-10-05 13:44:24,38,40,8426,23295
2023-10-05 13:44:24,39,40,8426,23295
2023-10-05 13:45:02,39,40,8226,23495
2023-10-05 13:45:07,36,40,8226,23506
2023-10-05 13:45:07,36,39,8226,23506
2023-10-05 13:45:08,36,38,8226,23506
2023-10-05 13:45:11,36,37,8226,23506
2023-10-05 13:45:13,36,38,8226,23506
2023-10-05 13:45:26,37,38,8226,23506
2023-10-05 13:45:41,37,40,8226,23506
2023-10-05 13:45:42,37,39,8226,23506
2023-10-05 13:45:43,37,38,8226,23506
2023-10-05 13:45:46,37,39,8226,23506
2023-10-05 13:45:47,37,38,8226,23506
2023-10-05 13:45:48,37,39,8226,23506
2023-10-05 13:45:49,37,38,8226,23506
2023-10-05 13:45:50,37,39,8226,23506
2023-10-05 13:45:51,38,39,8226,23506
2023-10-05 13:45:57,38,40,8226,23506
2023-10-05 13:45:58,38,39,8226,23506
2023-10-05 13:46:18,38,40,8226,23506
2023-10-05 13:46:19,38,39,8226,23506
2023-10-05 13:46:30,37,39,8226,23506
2023-10-05 13:46:31,37,38,8226,23506
2023-10-05 13:46:58,37,39,8494,23774
2023-10-05 13:47:03,37,38,8494,23774
2023-10-05 13:47:08,36,38,8494,23774
2023-10-05 13:47:31,37,38,8494,23774
2023-10-05 13:47:33,37,39,8494,23774
2023-10-05 13:48:04,37,40,8494,23774
2023-10-05 13:48:08,37,39,8494,23774
2023-10-05 13:48:53,36,39,8494,23774
2023-10-05 13:48:55,37,39,8494,23774
2023-10-05 13:49:08,36,39,8494,23774
2023-10-05 13:49:18,36,38,8494,23774
2023-10-05 13:49:25,36,37,8494,23774
2023-10-05 13:49:31,36,37,8534,23814
2023-10-05 13:49:33,35,37,8534,23814
2023-10-05 13:49:34,35,36,8534,23814
2023-10-05 13:49:37,35,36,8934,24214
2023-10-05 13:49:38,34,35,8938,24218
2023-10-05 13:49:40,34,36,9134,24414
2023-10-05 13:49:41,34,35,9134,24414
2023-10-05 13:49:41,34,36,9337,24617
2023-10-05 13:49:45,35,36,9337,24617
2023-10-05 13:49:49,35,37,9337,24617
2023-10-05 13:49:55,36,37,9337,24617
2023-10-05 13:50:19,36,38,9337,24621
2023-10-05 13:50:20,36,37,9337,24621
2023-10-05 13:50:21,35,37,9337,24806
2023-10-05 13:50:22,36,37,9337,24806
2023-10-05 13:50:23,36,38,9337,24806
2023-10-05 13:50:30,36,37,9337,24806
2023-10-05 13:50:32,36,37,9337,24807
2023-10-05 13:50:44,36,38,9337,24807
2023-10-05 13:50:47,36,37,9337,24807
2023-10-05 13:50:48,36,38,9337,24807
2023-10-05 13:50:56,36,37,9337,24807
2023-10-05 13:51:00,35,37,9337,24807
2023-10-05 13:51:00,36,37,9337,24807
2023-10-05 13:51:03,35,37,9337,24807
2023-10-05 13:51:05,36,37,9337,24807
2023-10-05 13:51:06,35,37,9337,24807
2023-10-05 13:51:11,36,37,9337,24807
2023-10-05 13:51:12,36,38,9337,24807
2023-10-05 13:51:19,36,37,9337,24807
2023-10-05 13:51:20,35,37,9337,24807
2023-10-05 13:51:36,34,37,9337,24807
2023-10-05 13:52:02,35,37,9337,24807
2023-10-05 13:52:04,34,37,9337,24807
2023-10-05 13:52:07,34,36,9337,24807
2023-10-05 13:52:11,34,35,9337,24807
2023-10-05 13:52:12,34,36,9560,25030
2023-10-05 13:52:13,34,35,9560,25030
2023-10-05 13:52:17,34,36,9560,25030
2023-10-05 13:52:19,34,35,9560,25030
2023-10-05 13:52:20,34,36,9748,25218
2023-10-05 13:52:24,35,36,9748,25218
2023-10-05 13:52:24,34,36,9748,25491
2023-10-05 13:52:25,34,35,9748,25491
2023-10-05 13:52:27,34,36,9748,25491
2023-10-05 13:52:30,34,35,9748,25491
2023-10-05 13:52:40,34,36,9748,25491
2023-10-05 13:53:01,34,35,9748,25491
2023-10-05 13:53:02,33,35,9748,25491
2023-10-05 13:53:05,33,35,9798,25541
2023-10-05 13:53:22,33,34,9798,25541
2023-10-05 13:53:39,33,35,9798,25541
2023-10-05 13:53:42,34,35,9798,25541
2023-10-05 13:53:44,33,35,9798,25541
2023-10-05 13:53:50,34,35,9798,25541
2023-10-05 13:53:51,34,36,9798,25541
2023-10-05 13:53:54,34,37,9798,25541
2023-10-05 13:53:55,34,36,9798,25541
2023-10-05 13:53:57,34,37,9798,25541
2023-10-05 13:53:58,35,37,9798,25541
2023-10-05 13:54:07,36,37,9798,25541
2023-10-05 13:54:07,36,38,9798,25541
2023-10-05 13:54:34,36,39,9798,25541
2023-10-05 13:54:35,37,39,9798,25541
2023-10-05 13:54:36,38,39,9798,25541
2023-10-05 13:54:37,38,40,9798,25541
2023-10-05 13:54:41,38,41,9798,25541
2023-10-05 13:54:42,39,41,9798,25541
2023-10-05 13:55:05,39,40,9798,25541
2023-10-05 13:55:06,39,41,9798,25541
2023-10-05 13:55:08,39,40,9798,25541
2023-10-05 13:55:12,39,41,10012,25755
2023-10-05 13:55:25,41,42,10281,26424
2023-10-05 13:55:25,41,42,10481,26624
2023-10-05 13:55:25,41,42,10881,27024
2023-10-05 13:55:26,39,42,11112,27255
2023-10-05 13:55:28,40,42,11112,27255
2023-10-05 13:55:42,40,41,11112,27255
2023-10-05 13:55:45,39,41,11112,27255
2023-10-05 13:55:47,40,41,11112,27255
2023-10-05 13:56:06,39,40,11112,27257
2023-10-05 13:56:09,38,40,11112,27257
2023-10-05 13:56:11,38,39,11112,27257
2023-10-05 13:56:17,38,40,11112,27257
2023-10-05 13:56:17,39,40,11112,27257
2023-10-05 13:56:18,39,41,11112,27257
2023-10-05 13:56:18,39,40,11112,27257
2023-10-05 13:56:41,39,41,11112,27257
2023-10-05 13:56:42,39,40,11112,27257
2023-10-05 13:56:52,39,41,11112,27257
2023-10-05 13:56:52,40,41,11112,27257
2023-10-05 13:56:59,40,42,11112,27257
2023-10-05 13:56:59,39,42,11112,27257
2023-10-05 13:56:59,41,42,11112,27257
2023-10-05 13:57:11,41,42,11110,27259
2023-10-05 13:57:13,39,42,11110,27259
2023-10-05 13:57:13,40,42,11110,27259
2023-10-05 13:57:13,40,41,11110,27259
2023-10-05 13:58:02,40,42,11110,27259
2023-10-05 13:58:02,41,42,11110,27259
2023-10-05 13:58:34,41,42,10910,27459
2023-10-05 13:58:37,40,41,10712,27657
2023-10-05 13:58:39,38,41,10714,27659
2023-10-05 13:58:55,38,40,10714,27659
2023-10-05 13:59:40,39,40,10714,27659
2023-10-05 13:59:41,39,40,10714,27709
2023-10-05 13:59:45,39,40,10714,28109
2023-10-05 13:59:46,37,39,10564,28259
2023-10-05 14:00:01,36,39,10564,28259
2023-10-05 14:00:11,36,38,10564,28259
2023-10-05 14:00:12,36,38,10624,28319
2023-10-05 14:00:13,36,37,10624,28319
2023-10-05 14:00:13,35,37,10624,28319
2023-10-05 14:00:15,35,36,10624,28319
2023-10-05 14:00:24,35,37,10624,28319
2023-10-05 14:00:35,35,36,10624,28319
2023-10-05 14:00:35,34,36,10824,28519
2023-10-05 14:00:36,34,35,10824,28519
2023-10-05 14:00:40,33,35,10824,28519
2023-10-05 14:00:41,33,34,10824,28519
2023-10-05 14:00:45,33,35,11061,28756
2023-10-05 14:00:48,33,34,11061,28756
2023-10-05 14:00:51,32,34,11061,28756
2023-10-05 14:00:51,32,33,11061,28756
2023-10-05 14:00:51,31,33,11061,28756
2023-10-05 14:00:52,31,32,11061,28756
2023-10-05 14:01:01,31,32,11121,28816
2023-10-05 14:01:02,31,32,11271,28966
2023-10-05 14:01:10,31,32,11271,29166
2023-10-05 14:01:11,29,32,11281,29176
2023-10-05 14:01:12,29,31,11281,29176
2023-10-05 14:01:12,29,30,11281,29176
2023-10-05 14:01:22,29,30,11471,29366
2023-10-05 14:01:22,29,31,11471,29366
2023-10-05 14:01:23,29,30,11471,29366
2023-10-05 14:01:25,29,31,11471,29366
2023-10-05 14:01:26,29,30,11471,29366
2023-10-05 14:01:28,30,31,11683,29578
2023-10-05 14:01:35,29,31,11683,29588
2023-10-05 14:01:41,30,31,11683,29588
2023-10-05 14:01:42,29,31,11683,29588
2023-10-05 14:01:45,29,30,11683,29588
2023-10-05 14:01:47,29,31,11683,29588
2023-10-05 14:01:47,29,30,11683,29588
2023-10-05 14:01:49,29,30,11763,29668
2023-10-05 14:01:51,30,31,11933,29838
2023-10-05 14:01:52,30,31,11933,30088
2023-10-05 14:01:57,29,31,11933,30168
2023-10-05 14:01:59,28,31,11933,30168
2023-10-05 14:02:05,28,30,11933,30168
2023-10-05 14:02:06,27,30,11933,30168
2023-10-05 14:02:06,27,29,11933,30168
2023-10-05 14:02:06,27,28,11933,30168
2023-10-05 14:02:07,26,28,11933,30168
2023-10-05 14:02:16,26,27,11933,30168
2023-10-05 14:02:18,26,28,11933,30168
2023-10-05 14:02:19,27,28,11933,30168
2023-10-05 14:02:20,27,29,11933,30168
2023-10-05 14:02:27,27,30,11933,30168
2023-10-05 14:02:28,27,29,11933,30168
2023-10-05 14:02:30,27,29,11937,30172
2023-10-05 14:02:34,27,29,11940,30175
2023-10-05 14:02:34,27,30,11940,30175
2023-10-05 14:02:35,27,29,11940,30175
2023-10-05 14:02:43,28,29,11940,30175
2023-10-05 14:02:45,27,29,11940,30175
2023-10-05 14:02:50,27,28,11940,30175
2023-10-05 14:03:08,26,28,11940,30175
2023-10-05 14:03:56,26,27,11940,30175
2023-10-05 14:03:59,25,27,12140,30375
2023-10-05 14:03:59,25,26,12140,30375
2023-10-05 14:04:14,25,26,12140,30377
2023-10-05 14:04:30,25,27,12140,30377
2023-10-05 14:04:44,25,28,12140,30377
2023-10-05 14:04:44,26,28,12140,30377
2023-10-05 14:04:46,26,27,12140,30377
2023-10-05 14:04:48,26,28,12140,30377
2023-10-05 14:04:49,26,27,12140,30377
2023-10-05 14:04:52,26,28,12140,30377
2023-10-05 14:05:00,26,27,12140,30377
2023-10-05 14:05:01,25,27,12140,30377
2023-10-05 14:05:02,26,27,12140,30377
2023-10-05 14:05:05,25,27,12140,30377
2023-10-05 14:05:20,26,27,12140,30377
2023-10-05 14:05:21,26,28,12140,30377
2023-10-05 14:05:23,26,29,12140,30377
2023-10-05 14:05:24,27,29,12140,30377
2023-10-05 14:05:40,27,30,12140,30377
2023-10-05 14:05:41,28,30,12140,30377
2023-10-05 14:05:46,28,29,12140,30377
2023-10-05 14:05:47,27,29,12140,30377
2023-10-05 14:05:59,27,30,12140,30377
2023-10-05 14:06:01,28,30,12140,30377
2023-10-05 14:06:02,28,31,12140,30377
2023-10-05 14:06:03,29,31,12140,30377
2023-10-05 14:06:05,29,30,12140,30377
2023-10-05 14:06:07,29,31,12140,30377
2023-10-05 14:06:09,29,30,12140,30377
2023-10-05 14:06:13,29,31,12140,30377
2023-10-05 14:06:27,29,32,12140,30377
2023-10-05 14:06:28,30,32,12140,30377
2023-10-05 14:06:39,30,31,12140,30377
2023-10-05 14:06:39,29,31,12140,30377
2023-10-05 14:06:47,28,31,12140,30377
2023-10-05 14:06:48,29,31,12140,30377
2023-10-05 14:07:04,30,31,12140,30377
2023-10-05 14:07:05,30,32,12140,30377
2023-10-05 14:07:10,30,31,12140,30377
2023-10-05 14:07:11,30,32,12140,30377
2023-10-05 14:07:17,30,33,11564,31627
2023-10-05 14:07:18,31,33,11564,31627
2023-10-05 14:07:23,31,32,11564,31627
2023-10-05 14:07:49,31,33,11564,31627
2023-10-05 14:07:49,32,33,11564,31627
2023-10-05 14:08:57,32,34,11564,31627
2023-10-05 14:08:57,33,34,11564,31627
2023-10-05 14:09:07,33,35,11564,31627
2023-10-05 14:09:07,34,35,11564,31627
2023-10-05 14:09:10,34,36,11564,31627
2023-10-05 14:09:10,35,36,11564,31627
2023-10-05 14:10:05,35,36,11314,31877
2023-10-05 14:10:18,35,37,11314,31877
2023-10-05 14:10:18,36,37,11314,31877
2023-10-05 14:10:26,36,38,11314,31877
2023-10-05 14:10:26,37,38,11314,31877
2023-10-05 14:10:40,37,38,11295,31896
2023-10-05 14:10:40,36,38,11164,32027
2023-10-05 14:10:42,35,38,11164,32027
2023-10-05 14:10:45,35,37,11164,32027
2023-10-05 14:10:49,35,37,11267,32138
2023-10-05 14:10:55,35,36,11267,32138
2023-10-05 14:10:55,34,35,11270,32141
2023-10-05 14:11:08,35,37,11352,32326
2023-10-05 14:11:09,34,37,11352,32326
2023-10-05 14:11:09,35,37,11352,32326
2023-10-05 14:11:29,35,37,11352,32329
2023-10-05 14:11:40,35,38,11352,32329
2023-10-05 14:11:47,36,38,11352,32329
2023-10-05 14:11:50,36,39,11352,32329
2023-10-05 14:11:50,37,39,11352,32329
2023-10-05 14:12:03,36,39,11352,32329
2023-10-05 14:12:26,36,38,11352,32329
2023-10-05 14:12:26,35,38,11352,32329
2023-10-05 14:12:42,35,37,11352,32329
2023-10-05 14:12:46,35,36,11352,32329
2023-10-05 14:13:03,34,36,11143,32538
2023-10-05 14:13:23,34,37,11143,32538
2023-10-05 14:13:36,34,36,11143,32538
2023-10-05 14:14:17,34,36,11194,32589
2023-10-05 14:14:24,34,35,11194,32589
2023-10-05 14:14:37,34,36,11194,32589
2023-10-05 14:14:54,34,35,11194,32589
2023-10-05 14:15:03,32,34,11194,32604
2023-10-05 14:15:51,31,34,11194,32604
2023-10-05 14:15:51,31,33,11194,32604
2023-10-05 14:15:52,30,33,11194,32604
2023-10-05 14:15:54,30,32,11194,32604
2023-10-05 14:15:56,29,32,11194,32604
2023-10-05 14:15:56,29,31,11194,32604
2023-10-05 14:16:07,29,32,11194,32604
2023-10-05 14:16:15,29,31,11194,32604
2023-10-05 14:16:26,29,32,11194,32604
2023-10-05 14:17:03,29,31,11194,32604
2023-10-05 14:17:13,28,31,11194,32604
2023-10-05 14:17:13,28,30,11194,32604
2023-10-05 14:17:15,27,30,11194,32604
2023-10-05 14:17:15,27,29,11194,32604
2023-10-05 14:17:34,27,28,11194,32604
2023-10-05 14:18:16,26,28,11194,32607
2023-10-05 14:18:17,25,28,11194,32607
2023-10-05 14:18:25,26,28,11194,32607
2023-10-05 14:18:26,26,29,11194,32607
2023-10-05 14:18:36,25,29,11194,32607
2023-10-05 14:18:36,25,28,11194,32607
2023-10-05 14:19:10,25,29,11194,32607
2023-10-05 14:19:10,26,29,11194,32607
2023-10-05 14:19:26,27,29,11194,32607
2023-10-05 14:20:02,26,29,11194,32607
2023-10-05 14:20:30,28,29,11194,32607
2023-10-05 14:20:45,29,31,11194,32610
2023-10-05 14:20:45,29,32,11194,32610
2023-10-05 14:20:46,30,32,11194,32610
2023-10-05 14:21:00,31,32,11194,32610
2023-10-05 14:21:00,31,33,11194,32610
2023-10-05 14:21:08,30,33,11194,32610
2023-10-05 14:21:09,30,32,11194,32610
2023-10-05 14:21:13,30,31,11194,32610
2023-10-05 14:21:37,28,30,11194,32619
2023-10-05 14:21:55,28,31,11194,32619
2023-10-05 14:22:21,28,32,11194,32619
2023-10-05 14:22:45,29,32,11194,32619
2023-10-05 14:23:02,29,31,11194,32619
2023-10-05 14:23:02,30,31,11194,32619
2023-10-05 14:23:03,31,32,11379,32804
2023-10-05 14:23:04,30,32,11379,32804
2023-10-05 14:23:15,31,32,11379,32804
2023-10-05 14:23:20,32,34,11379,32813
2023-10-05 14:23:24,32,33,11379,32813
2023-10-05 14:23:25,32,34,11379,32813
2023-10-05 14:23:27,32,33,11379,32813
2023-10-05 14:23:41,32,34,11379,32813
2023-10-05 14:23:53,32,33,11379,32813
2023-10-05 14:23:57,32,34,11379,32813
2023-10-05 14:23:58,32,33,11379,32813
2023-10-05 14:24:19,32,33,11479,32913
2023-10-05 14:24:57,32,34,11479,32913
2023-10-05 14:25:14,33,34,11479,32913
2023-10-05 14:25:18,33,36,11479,32913
2023-10-05 14:25:18,34,36,11479,32913
2023-10-05 14:25:19,35,36,11479,32913
2023-10-05 14:25:22,34,36,11479,32913
2023-10-05 14:25:31,34,35,11479,32913
2023-10-05 14:25:36,34,36,11479,32913
2023-10-05 14:25:38,35,36,11479,32913
2023-10-05 14:25:38,35,37,11479,32913
2023-10-05 14:25:40,35,38,11479,32913
2023-10-05 14:25:41,36,38,11479,32913
2023-10-05 14:25:43,37,38,11479,32913
2023-10-05 14:25:52,36,38,11479,32913
2023-10-05 14:25:55,37,38,11479,32913
2023-10-05 14:25:56,36,38,11479,32913
2023-10-05 14:26:00,36,37,11479,32913
2023-10-05 14:26:02,34,37,11479,32913
2023-10-05 14:26:08,34,36,11479,32913
2023-10-05 14:26:45,35,36,11479,32913
2023-10-05 14:26:47,35,37,11479,32913
2023-10-05 14:26:58,36,37,11479,32913
2023-10-05 14:26:58,36,38,11479,32913
2023-10-05 14:27:00,36,37,11479,32913
2023-10-05 14:27:01,36,38,11479,32913
2023-10-05 14:27:10,36,37,11479,32913
2023-10-05 14:27:45,33,37,11482,32916
2023-10-05 14:27:46,33,36,11482,32916
2023-10-05 14:27:47,33,35,11482,32916
2023-10-05 14:27:57,34,35,11482,32916
2023-10-05 14:28:02,34,37,11482,32916
2023-10-05 14:28:03,34,36,11482,32916
2023-10-05 14:28:06,35,36,11482,32916
2023-10-05 14:28:07,35,37,11482,32916
2023-10-05 14:28:10,35,36,11482,32916
2023-10-05 14:28:11,35,37,11482,32916
2023-10-05 14:28:13,35,36,11482,32916
2023-10-05 14:28:14,35,37,11482,32916
2023-10-05 14:28:23,35,36,11482,32916
2023-10-05 14:28:25,34,36,11482,32916
2023-10-05 14:28:36,33,36,11482,32916
2023-10-05 14:28:39,33,35,11482,32916
2023-10-05 14:28:47,33,34,11482,32916
2023-10-05 14:29:06,32,34,11482,32916
2023-10-05 14:29:12,33,34,11482,32916
2023-10-05 14:29:13,32,34,11482,32916
2023-10-05 14:29:14,33,34,11482,32916
2023-10-05 14:29:28,32,34,11482,32916
2023-10-05 14:29:32,32,33,11482,32916
2023-10-05 14:29:33,31,32,11486,32920
2023-10-05 14:30:05,30,32,11486,32920
2023-10-05 14:30:05,30,31,11486,32920
2023-10-05 14:30:06,30,31,11486,32923
2023-10-05 14:30:10,29,31,11486,32923
2023-10-05 14:30:25,29,32,11486,32923
2023-10-05 14:30:25,30,32,11486,32923
2023-10-05 14:30:27,30,33,11486,32923
2023-10-05 14:30:32,30,32,11486,32923
2023-10-05 14:30:34,30,31,11486,32923
2023-10-05 14:30:34,29,31,11486,32923
2023-10-05 14:30:44,30,31,11486,32923
2023-10-05 14:30:46,30,32,11486,32923
2023-10-05 14:31:47,30,31,11486,32923
2023-10-05 14:31:50,29,31,11501,32938
2023-10-05 14:31:50,29,30,11501,32938
2023-10-05 14:31:51,28,29,11504,32941
2023-10-05 14:31:52,28,29,11504,32944
2023-10-05 14:32:19,27,29,11701,33141
2023-10-05 14:32:20,27,28,11701,33141
2023-10-05 14:32:30,27,28,11701,33416
2023-10-05 14:32:30,25,28,11701,33416
2023-10-05 14:32:30,24,27,11701,33416
2023-10-05 14:32:30,24,26,11701,33416
2023-10-05 14:32:30,24,25,11701,33416
2023-10-05 14:32:34,23,25,11901,33616
2023-10-05 14:32:34,23,24,11901,33616
2023-10-05 14:32:35,23,24,11901,33631
2023-10-05 14:32:36,23,24,11901,33706
2023-10-05 14:32:37,22,24,12061,33866
2023-10-05 14:32:40,21,24,12061,33866
2023-10-05 14:32:40,20,24,12061,33866
2023-10-05 14:32:40,20,23,12061,33866
2023-10-05 14:32:42,20,22,12061,33866
2023-10-05 14:32:50,21,22,12061,33866
2023-10-05 14:32:51,21,23,12061,33866
2023-10-05 14:32:51,21,24,12061,33866
2023-10-05 14:32:52,21,23,12061,33866
2023-10-05 14:32:59,22,23,12061,33866
2023-10-05 14:32:59,22,24,12061,33866
2023-10-05 14:33:02,22,23,12061,33866
2023-10-05 14:33:03,21,23,12061,33866
2023-10-05 14:33:09,20,23,12061,33866
2023-10-05 14:33:13,20,21,12061,33866
2023-10-05 14:33:26,20,23,12061,33866
2023-10-05 14:33:27,21,23,12061,33866
2023-10-05 14:33:29,21,24,12061,33866
2023-10-05 14:33:30,22,24,12061,33866
2023-10-05 14:33:31,22,25,12061,33866
2023-10-05 14:33:31,23,25,12061,33866
2023-10-05 14:33:34,23,24,12061,33866
2023-10-05 14:33:35,22,24,12061,33866
2023-10-05 14:33:39,21,24,12061,33866
2023-10-05 14:33:59,21,23,12061,33866
2023-10-05 14:34:00,20,23,12061,33866
2023-10-05 14:34:01,20,22,12061,33866
2023-10-05 14:34:10,20,22,12061,33966
2023-10-05 14:34:21,21,22,12061,33966
2023-10-05 14:34:43,20,22,12061,33971
2023-10-05 14:34:44,20,21,12061,33971
2023-10-05 14:34:55,19,21,12061,33971
2023-10-05 14:35:19,19,20,12061,33971
2023-10-05 14:35:24,18,20,12061,33971
2023-10-05 14:35:36,19,20,12061,33971
2023-10-05 14:36:04,19,21,12061,33971
2023-10-05 14:36:06,20,21,12061,33971
2023-10-05 14:36:08,19,21,12061,33971
2023-10-05 14:36:09,19,20,12061,33971
2023-10-05 14:36:27,18,20,12061,33971
2023-10-05 14:36:46,18,19,12061,33971
2023-10-05 14:36:53,19,20,12250,34160
2023-10-05 14:36:54,19,21,12250,34160
2023-10-05 14:36:59,20,21,12250,34160
2023-10-05 14:37:01,19,21,12250,34160
2023-10-05 14:37:05,19,20,12250,34160
2023-10-05 14:37:28,19,21,12250,34160
2023-10-05 14:37:47,19,21,12150,34260
2023-10-05 14:37:48,20,21,12150,34260
2023-10-05 14:37:56,19,21,12150,34260
2023-10-05 14:37:58,19,20,12150,34260
2023-10-05 14:38:00,18,20,12150,34260
2023-10-05 14:38:03,18,19,12150,34260
2023-10-05 14:38:04,18,20,12150,34260
2023-10-05 14:38:20,18,19,12150,34260
2023-10-05 14:38:30,18,20,12333,34443
2023-10-05 14:38:36,18,19,12333,34443
2023-10-05 14:39:03,17,19,12333,34443
2023-10-05 14:39:07,16,19,12333,34443
2023-10-05 14:39:07,16,18,12333,34443
2023-10-05 14:39:09,16,17,12333,34443
2023-10-05 14:39:10,15,17,12333,34443
2023-10-05 14:39:11,15,16,12333,34443
2023-10-05 14:39:25,14,16,12583,34693
2023-10-05 14:39:26,14,15,12583,34693
2023-10-05 14:39:27,13,15,12583,34693
2023-10-05 14:39:29,13,14,12583,34693
2023-10-05 14:39:29,13,14,12643,34753
2023-10-05 14:39:37,13,15,12643,34753
2023-10-05 14:39:40,13,14,12643,34753
2023-10-05 14:39:41,12,14,12643,34753
2023-10-05 14:40:04,12,15,12643,34753
2023-10-05 14:40:12,13,15,12643,34753
2023-10-05 14:40:12,13,14,12643,34753
2023-10-05 14:40:12,12,14,12643,34753
2023-10-05 14:40:35,11,14,12643,34753
2023-10-05 14:40:35,11,13,12643,34753
2023-10-05 14:40:36,10,13,12643,34753
2023-10-05 14:40:37,10,12,12643,34753
2023-10-05 14:40:42,10,11,12643,34753
2023-10-05 14:40:44,10,12,12643,34753
2023-10-05 14:40:45,10,11,12643,34753
2023-10-05 14:40:48,10,12,12643,34753
2023-10-05 14:40:49,10,11,12643,34753
2023-10-05 14:40:51,10,11,12843,34953
2023-10-05 14:40:53,10,12,12843,34953
2023-10-05 14:41:05,10,11,12843,34953
2023-10-05 14:41:19,10,12,12843,34953
2023-10-05 14:41:20,10,11,12843,34953
2023-10-05 14:41:22,10,12,12843,34953
2023-10-05 14:41:23,10,11,12843,34953
2023-10-05 14:41:24,10,12,12843,34953
2023-10-05 14:41:25,10,11,12843,34953
2023-10-05 14:41:27,10,12,12843,34953
2023-10-05 14:41:57,11,12,12843,34953
2023-10-05 14:41:58,10,12,12843,34953
2023-10-05 14:42:04,10,11,12843,34953
2023-10-05 14:42:19,10,12,12843,34953
2023-10-05 14:42:20,10,13,12843,34953
2023-10-05 14:42:20,11,13,12843,34953
2023-10-05 14:42:31,10,13,12843,34953
2023-10-05 14:42:31,10,12,12843,34953
2023-10-05 14:43:02,11,12,12843,34953
2023-10-05 14:43:03,10,12,12843,34953
2023-10-05 14:43:22,11,12,12843,34953
2023-10-05 14:43:29,11,13,12843,34953
2023-10-05 14:43:30,12,13,12843,34953
2023-10-05 14:43:30,12,15,12843,34953
2023-10-05 14:43:31,12,14,12843,34953
2023-10-05 14:43:40,13,14,12843,34953
2023-10-05 14:43:40,13,15,12843,34953
2023-10-05 14:43:41,13,16,12843,34953
2023-10-05 14:43:41,14,16,12843,34953
2023-10-05 14:43:43,14,15,12843,34953
2023-10-05 14:43:44,14,16,12843,34953
2023-10-05 14:43:48,14,15,12843,34953
2023-10-05 14:43:50,13,15,12843,34953
2023-10-05 14:43:53,14,15,12843,34953
2023-10-05 14:43:54,13,15,12843,34953
2023-10-05 14:43:55,14,15,12843,34953
2023-10-05 14:43:56,13,15,12843,34953
2023-10-05 14:43:57,14,15,12843,34953
2023-10-05 14:43:57,14,16,12843,34953
2023-10-05 14:43:59,14,17,12843,34953
2023-10-05 14:44:00,15,17,12843,34953
2023-10-05 14:44:01,15,16,12843,34953
2023-10-05 14:44:07,14,16,12843,34953
2023-10-05 14:44:08,14,17,13054,35164
2023-10-05 14:44:09,14,16,13054,35164
2023-10-05 14:44:43,14,15,13054,35164
2023-10-05 14:45:09,13,15,13063,35173
2023-10-05 14:45:31,12,15,13063,35173
2023-10-05 14:45:39,13,15,13063,35173
2023-10-05 14:45:42,13,16,13063,35173
2023-10-05 14:45:46,13,15,13063,35173
2023-10-05 14:46:21,12,15,13063,35173
2023-10-05 14:46:21,13,15,13063,35173
2023-10-05 14:46:27,12,15,13063,35173
2023-10-05 14:46:32,12,14,13063,35173
2023-10-05 14:46:36,12,15,13063,35173
2023-10-05 14:46:50,12,14,13063,35173
2023-10-05 14:47:05,12,15,13063,35173
2023-10-05 14:47:07,13,15,13063,35173
2023-10-05 14:47:08,12,15,13063,35173
2023-10-05 14:47:20,13,15,13063,35173
2023-10-05 14:47:25,14,15,13063,35173
2023-10-05 14:47:26,14,16,13063,35173
2023-10-05 14:47:31,14,15,13063,35173
2023-10-05 14:47:35,13,15,13063,35173
2023-10-05 14:47:57,13,16,13063,35173
2023-10-05 14:48:03,13,15,13063,35173
2023-10-05 14:48:23,12,15,13063,35173
2023-10-05 14:49:15,13,15,13063,35173
2023-10-05 14:50:11,12,15,13063,35173
2023-10-05 14:50:17,13,15,13063,35173
2023-10-05 14:50:18,12,15,13063,35173
2023-10-05 14:50:25,13,15,13063,35173
2023-10-05 14:50:37,12,15,13063,35173
2023-10-05 14:50:46,12,14,13063,35173
2023-10-05 14:50:48,12,13,13063,35173
2023-10-05 14:50:51,12,15,13063,35173
2023-10-05 14:50:52,12,14,13063,35173
2023-10-05 14:50:58,13,14,13063,35173
2023-10-05 14:51:00,12,14,13063,35173
2023-10-05 14:51:06,13,14,13063,35173
2023-10-05 14:51:07,12,14,13063,35173
2023-10-05 14:51:12,13,14,13063,35173
2023-10-05 14:51:13,12,14,13063,35173
2023-10-05 14:51:56,12,13,13063,35173
2023-10-05 14:52:00,11,13,13263,35373
2023-10-05 14:52:09,11,12,13263,35373
2023-10-05 14:52:11,11,13,13263,35373
2023-10-05 14:52:12,11,14,13263,35373
2023-10-05 14:52:12,11,13,13263,35373
2023-10-05 14:52:14,12,13,13263,35373
2023-10-05 14:52:15,11,13,13263,35373
2023-10-05 14:52:59,12,13,13263,35373
2023-10-05 14:53:01,12,14,13263,35373
2023-10-05 14:53:03,12,13,13263,35373
2023-10-05 14:53:04,12,14,13263,35373
2023-10-05 14:53:06,12,13,13263,35373
2023-10-05 14:53:07,12,14,13263,35373
2023-10-05 14:53:10,12,13,13263,35373
2023-10-05 14:53:12,11,13,13263,35373
2023-10-05 14:53:36,10,13,13263,35373
2023-10-05 14:53:36,10,12,13263,35373
2023-10-05 14:53:39,10,13,13263,35373
2023-10-05 14:53:39,11,13,13263,35373
2023-10-05 14:53:40,10,13,13263,35373
2023-10-05 14:53:41,11,13,13263,35373
2023-10-05 14:53:46,10,13,13263,35373
2023-10-05 14:54:29,11,13,13263,35373
2023-10-05 14:54:30,10,13,13263,35373
2023-10-05 14:54:42,10,12,13263,35373
2023-10-05 14:54:56,10,13,13263,35373
2023-10-05 14:54:57,11,13,13263,35373
2023-10-05 14:55:13,10,13,13263,35373
2023-10-05 14:55:17,11,13,13263,35373
2023-10-05 14:55:19,10,13,13263,35373
2023-10-05 14:55:22,11,13,13263,35373
2023-10-05 14:55:31,11,14,13263,35373
2023-10-05 14:55:33,11,13,13263,35373
2023-10-05 14:55:37,12,13,13263,35373
2023-10-05 14:55:37,12,14,13263,35373
2023-10-05 14:55:45,12,15,13263,35373
2023-10-05 14:55:46,13,15,13263,35373
2023-10-05 14:55:52,13,14,13263,35373
2023-10-05 14:55:53,13,15,13263,35373
2023-10-05 14:55:54,13,14,13263,35373
2023-10-05 14:55:55,13,15,13263,35373
2023-10-05 14:56:00,12,15,13263,35373
2023-10-05 14:56:00,12,14,13263,35373
2023-10-05 14:56:28,13,14,13263,35373
2023-10-05 14:56:29,13,15,13263,35373
2023-10-05 14:56:31,12,15,13263,35373
2023-10-05 14:56:31,12,14,13263,35373
2023-10-05 14:56:34,12,15,13263,35373
2023-10-05 14:56:38,13,15,13263,35373
2023-10-05 14:56:44,13,14,13263,35373
2023-10-05 14:56:48,13,15,13263,35373
2023-10-05 14:56:56,13,16,13263,35373
2023-10-05 14:56:57,14,16,13263,35373
2023-10-05 14:57:01,14,15,13263,35373
2023-10-05 14:57:02,13,15,13263,35373
2023-10-05 14:57:18,12,15,13263,35373
2023-10-05 14:57:25,12,14,13263,35373
2023-10-05 14:57:26,11,14,13263,35373
2023-10-05 14:57:45,12,14,13263,35373
2023-10-05 14:58:11,11,14,13263,35373
2023-10-05 14:58:12,12,14,13263,35373
2023-10-05 14:58:20,11,14,13263,35373
2023-10-05 14:58:23,11,13,13263,35373
2023-10-05 14:58:24,11,14,13263,35373
2023-10-05 14:58:25,11,13,13263,35373
2023-10-05 14:58:28,11,12,13263,35373
2023-10-05 14:58:46,10,12,13263,35373
2023-10-05 14:58:57,10,11,13263,35373
2023-10-05 14:59:02,9,11,13263,35373
2023-10-05 15:00:20,9,10,13263,35373
2023-10-05 15:00:29,9,10,13323,35433
2023-10-05 15:00:32,8,9,13323,35623
2023-10-05 15:00:33,8,10,13323,35623
2023-10-05 15:01:18,8,11,13323,35623
2023-10-05 15:01:18,9,11,13323,35623
2023-10-05 15:01:35,9,12,13323,35623
2023-10-05 15:01:42,9,11,13323,35623
2023-10-05 15:01:43,9,12,13323,35623
2023-10-05 15:01:44,9,11,13323,35623
2023-10-05 15:02:23,9,12,13323,35623
2023-10-05 15:02:36,10,12,13323,35623
2023-10-05 15:02:37,10,12,13573,35873
2023-10-05 15:02:37,11,12,13573,35873
2023-10-05 15:02:39,11,13,13623,35923
2023-10-05 15:02:39,12,13,13623,35923
2023-10-05 15:02:41,12,14,13623,35923
2023-10-05 15:02:41,12,15,13623,35923
2023-10-05 15:02:43,12,14,13623,35923
2023-10-05 15:02:47,12,15,13623,36123
2023-10-05 15:02:49,12,14,13623,36123
2023-10-05 15:02:50,12,15,13817,36317
2023-10-05 15:02:55,12,14,13817,36317
2023-10-05 15:03:31,11,14,13817,36317
2023-10-05 15:03:32,11,13,13817,36317
2023-10-05 15:03:39,10,13,13817,36317
2023-10-05 15:03:41,10,12,13817,36317
2023-10-05 15:03:47,9,12,13817,36317
2023-10-05 15:03:47,9,11,13817,36317
2023-10-05 15:03:47,9,11,13817,36326
2023-10-05 15:03:48,9,10,13817,36326
2023-10-05 15:04:03,8,10,13817,36326
2023-10-05 15:04:08,9,10,13817,36326
2023-10-05 15:04:08,9,11,13817,36326
2023-10-05 15:04:14,10,11,13817,36326
2023-10-05 15:04:14,10,11,14067,36576
2023-10-05 15:04:14,10,12,14067,36576
2023-10-05 15:04:15,10,13,14067,36576
2023-10-05 15:04:16,11,13,14067,36576
2023-10-05 15:04:58,12,13,14067,36576
2023-10-05 15:05:01,11,13,14067,36576
2023-10-05 15:05:06,12,13,14067,36576
2023-10-05 15:05:07,12,14,14067,36576
2023-10-05 15:05:20,12,13,14067,36576
2023-10-05 15:05:22,11,13,14067,36576
2023-10-05 15:05:35,12,13,14067,36576
2023-10-05 15:05:36,11,13,14067,36576
2023-10-05 15:05:49,10,13,14067,36576
2023-10-05 15:05:50,11,13,14067,36576
2023-10-05 15:05:52,11,12,14067,36576
2023-10-05 15:06:02,11,13,14067,36576
2023-10-05 15:06:10,11,14,14067,36576
2023-10-05 15:06:10,12,14,14067,36576
2023-10-05 15:06:12,13,14,14067,36576
2023-10-05 15:06:15,13,15,14067,36776
2023-10-05 15:06:29,13,14,14067,36776
2023-10-05 15:06:34,12,14,14067,36776
2023-10-05 15:06:35,12,13,14067,36776
2023-10-05 15:06:35,11,13,14067,36776
2023-10-05 15:06:38,12,13,14067,36776
2023-10-05 15:06:40,11,13,14067,36776
2023-10-05 15:06:42,11,14,14067,36776
2023-10-05 15:06:47,12,14,14067,36776
2023-10-05 15:06:54,12,15,14142,36851
2023-10-05 15:06:54,12,14,14142,36851
2023-10-05 15:06:54,13,14,14142,36851
2023-10-05 15:07:02,13,15,14142,36851
2023-10-05 15:07:07,12,15,14142,36851
2023-10-05 15:07:07,14,15,14142,36851
2023-10-05 15:07:07,12,15,14142,36926
2023-10-05 15:07:10,13,15,14142,36926
2023-10-05 15:07:15,13,16,14142,36926
2023-10-05 15:07:16,14,16,14142,36926
2023-10-05 15:07:21,14,15,14142,36926
2023-10-05 15:07:21,13,15,14142,36926
2023-10-05 15:07:24,12,15,14142,36926
2023-10-05 15:07:25,12,14,14142,36926
2023-10-05 15:07:27,12,15,14142,36926
2023-10-05 15:07:36,13,15,14142,36926
2023-10-05 15:07:38,12,15,14142,36926
2023-10-05 15:07:44,13,15,14142,36926
2023-10-05 15:07:44,13,15,14142,36956
2023-10-05 15:07:53,12,15,14142,36956
2023-10-05 15:08:02,12,14,14142,36956
2023-10-05 15:08:03,11,14,14142,36956
2023-10-05 15:08:13,11,13,14142,36956
2023-10-05 15:08:27,10,13,14142,36956
2023-10-05 15:08:35,11,13,14142,36956
2023-10-05 15:08:38,12,13,14142,36956
2023-10-05 15:08:40,12,14,14142,36956
2023-10-05 15:08:41,12,13,14142,36956
2023-10-05 15:08:45,12,14,14142,36956
2023-10-05 15:09:02,11,14,14142,36956
2023-10-05 15:09:17,12,14,14142,36956
2023-10-05 15:09:28,12,14,14142,37056
2023-10-05 15:09:34,11,14,14142,37056
2023-10-05 15:09:52,12,14,14142,37056
2023-10-05 15:09:58,12,15,14142,37056
2023-10-05 15:10:00,13,15,14142,37056
2023-10-05 15:10:07,13,14,14142,37056
2023-10-05 15:10:10,12,14,14142,37056
2023-10-05 15:10:51,12,15,14345,37259
2023-10-05 15:10:53,13,15,14345,37259
2023-10-05 15:10:54,14,15,14345,37259
2023-10-05 15:10:59,14,16,14345,37259
2023-10-05 15:11:03,15,16,14345,37259
2023-10-05 15:11:11,14,16,14345,37259
2023-10-05 15:11:14,15,16,14345,37259
2023-10-05 15:11:23,15,17,14345,37459
2023-10-05 15:11:28,15,18,14345,37459
2023-10-05 15:11:28,16,18,14345,37459
2023-10-05 15:11:29,17,18,14345,37459
2023-10-05 15:11:32,17,18,14345,37532
2023-10-05 15:11:39,17,19,14345,37732
2023-10-05 15:11:39,18,19,14345,37732
2023-10-05 15:11:39,18,19,14345,37792
2023-10-05 15:11:41,18,20,14345,37792
2023-10-05 15:11:46,19,20,14345,37792
2023-10-05 15:11:47,18,20,14345,37792
2023-10-05 15:12:02,18,19,14345,37792
2023-10-05 15:12:02,17,19,14345,37792
2023-10-05 15:12:05,17,20,14345,37792
2023-10-05 15:12:05,18,20,14345,37792
2023-10-05 15:12:12,18,21,14345,37792
2023-10-05 15:12:12,19,21,14345,37792
2023-10-05 15:12:20,20,21,14345,37792
2023-10-05 15:12:20,20,22,14345,37792
2023-10-05 15:12:37,21,22,14345,37792
2023-10-05 15:12:38,20,22,14345,37792
2023-10-05 15:12:39,20,22,14545,37992
2023-10-05 15:12:39,21,22,14545,37992
2023-10-05 15:12:39,21,22,14545,38067
2023-10-05 15:12:39,21,24,14545,38067
2023-10-05 15:12:41,22,24,14545,38067
2023-10-05 15:12:45,22,25,14545,38067
2023-10-05 15:12:46,23,25,14545,38067
2023-10-05 15:12:47,24,25,14545,38067
2023-10-05 15:12:48,23,25,14545,38067
2023-10-05 15:12:49,24,25,14545,38067
2023-10-05 15:12:50,23,25,14545,38067
2023-10-05 15:12:51,22,25,14545,38067
2023-10-05 15:12:51,23,25,14545,38067
2023-10-05 15:12:52,22,25,14545,38067
2023-10-05 15:12:53,23,25,14545,38067
2023-10-05 15:12:54,22,25,14545,38067
2023-10-05 15:12:55,23,25,14545,38067
2023-10-05 15:12:56,22,25,14545,38067
2023-10-05 15:12:56,22,24,14545,38067
2023-10-05 15:13:00,22,24,14515,38097
2023-10-05 15:13:02,21,24,14515,38097
2023-10-05 15:13:05,20,24,14515,38097
2023-10-05 15:13:05,20,23,14515,38097
2023-10-05 15:13:08,21,23,14515,38097
2023-10-05 15:13:10,20,23,14515,38097
2023-10-05 15:13:29,21,23,14515,38097
2023-10-05 15:13:30,20,23,14515,38097
2023-10-05 15:13:37,20,22,14515,38097
2023-10-05 15:13:45,20,22,14515,38372
2023-10-05 15:13:46,19,22,14515,38372
2023-10-05 15:13:48,19,21,14515,38372
2023-10-05 15:13:51,18,21,14590,38447
2023-10-05 15:13:51,18,22,14590,38447
2023-10-05 15:13:51,18,21,14590,38447
2023-10-05 15:13:57,19,21,14590,38447
2023-10-05 15:14:00,19,22,14590,38447
2023-10-05 15:14:00,20,22,14590,38447
2023-10-05 15:14:03,20,23,14590,38447
2023-10-05 15:14:03,21,23,14590,38447
2023-10-05 15:14:12,20,23,14590,38447
2023-10-05 15:14:12,20,22,14590,38447
2023-10-05 15:14:17,19,22,14590,38447
2023-10-05 15:14:17,19,21,14590,38447
2023-10-05 15:14:40,19,22,14590,38447
2023-10-05 15:14:40,18,22,14590,38447
2023-10-05 15:14:40,18,20,14590,38447
2023-10-05 15:14:50,18,19,14590,38447
2023-10-05 15:15:10,18,20,14590,38447
2023-10-05 15:15:11,19,20,14590,38447
2023-10-05 15:15:17,18,20,14590,38447
2023-10-05 15:15:41,19,20,14590,38447
2023-10-05 15:15:43,18,20,14590,38447
2023-10-05 15:15:47,19,20,14590,38447
2023-10-05 15:15:48,19,22,14590,38447
2023-10-05 15:15:48,19,21,14590,38447
2023-10-05 15:16:02,18,21,14590,38447
2023-10-05 15:16:02,18,20,14590,38447
2023-10-05 15:16:07,19,20,14590,38447
2023-10-05 15:16:08,18,20,14590,38447
2023-10-05 15:16:11,18,21,14590,38447
2023-10-05 15:16:11,18,19,14590,38447
2023-10-05 15:16:22,18,21,14590,38447
2023-10-05 15:16:22,18,20,14590,38447
2023-10-05 15:16:32,18,21,14590,38447
2023-10-05 15:16:32,18,19,14590,38447
2023-10-05 15:16:41,16,18,14588,38449
2023-10-05 15:16:41,16,17,14588,38449
2023-10-05 15:16:42,15,17,14588,38449
2023-10-05 15:16:42,15,16,14588,38449
2023-10-05 15:16:45,14,16,14588,38449
2023-10-05 15:16:45,14,17,14588,38449
2023-10-05 15:16:45,14,15,14588,38449
2023-10-05 15:16:57,13,15,14588,38449
2023-10-05 15:16:57,13,14,14588,38449
2023-10-05 15:17:02,12,14,14788,38649
2023-10-05 15:17:10,13,14,14788,38649
2023-10-05 15:17:10,13,15,14788,38649
2023-10-05 15:17:13,14,15,14788,38649
2023-10-05 15:17:15,14,17,14788,38649
2023-10-05 15:17:15,14,16,14788,38649
2023-10-05 15:17:16,15,16,14788,38649
2023-10-05 15:17:18,15,17,14788,38649
2023-10-05 15:17:18,15,17,14788,38899
2023-10-05 15:17:19,16,17,14788,38899
2023-10-05 15:17:43,16,19,14788,38899
2023-10-05 15:17:43,16,18,14788,38899
2023-10-05 15:17:44,17,18,14788,38899
2023-10-05 15:17:49,17,18,15015,39149
2023-10-05 15:17:49,15,18,15015,39149
2023-10-05 15:17:50,16,19,15015,39149
2023-10-05 15:17:51,17,19,15015,39149
2023-10-05 15:17:52,17,20,15015,39149
2023-10-05 15:17:52,16,20,15015,39149
2023-10-05 15:17:52,18,20,15015,39149
2023-10-05 15:17:53,16,20,15015,39149
2023-10-05 15:17:53,19,20,15015,39149
2023-10-05 15:17:54,16,20,15015,39354
2023-10-05 15:17:54,17,20,15015,39354
2023-10-05 15:17:55,16,20,15015,39354
2023-10-05 15:17:55,18,20,15015,39354
2023-10-05 15:18:01,16,20,15015,39354
2023-10-05 15:18:02,17,20,15015,39354
2023-10-05 15:18:04,17,19,15015,39354
2023-10-05 15:18:19,18,19,15015,39354
2023-10-05 15:18:21,17,19,15015,39354
2023-10-05 15:18:24,17,20,15015,39354
2023-10-05 15:18:30,18,20,15015,39354
2023-10-05 15:18:31,17,20,15015,39354
2023-10-05 15:18:32,18,20,15015,39354
2023-10-05 15:18:38,17,20,15015,39354
2023-10-05 15:18:40,18,20,15015,39354
2023-10-05 15:18:42,20,21,15228,39567
2023-10-05 15:18:42,20,21,15288,39627
2023-10-05 15:18:44,17,21,15428,39767
2023-10-05 15:18:45,18,21,15428,39767
2023-10-05 15:18:46,17,21,15428,39767
2023-10-05 15:18:47,17,21,15428,39767
2023-10-05 15:18:48,18,21,15428,39767
2023-10-05 15:18:49,17,21,15428,39767
2023-10-05 15:18:49,19,21,15428,39767
2023-10-05 15:18:50,17,21,15428,39767
2023-10-05 15:18:51,18,21,15428,39767
2023-10-05 15:18:52,17,21,15428,39767
2023-10-05 15:18:52,19,21,15428,39767
2023-10-05 15:18:53,17,21,15428,39767
2023-10-05 15:18:54,18,21,15428,39767
2023-10-05 15:18:55,19,21,15428,39767
2023-10-05 15:18:56,18,21,15428,39767
2023-10-05 15:18:56,20,21,15428,39767
2023-10-05 15:18:56,18,21,15428,39989
2023-10-05 15:18:57,19,21,15428,39989
2023-10-05 15:19:01,18,21,15428,39989
2023-10-05 15:19:03,17,21,15428,39989
2023-10-05 15:19:03,17,20,15428,39989
2023-10-05 15:19:10,18,20,15428,39989
2023-10-05 15:19:11,19,20,15428,39989
2023-10-05 15:19:11,19,21,15428,39989
2023-10-05 15:19:13,19,22,15428,39989
2023-10-05 15:19:14,20,22,15428,39989
2023-10-05 15:19:24,19,22,15428,39989
2023-10-05 15:19:26,20,22,15428,39989
2023-10-05 15:19:39,19,20,15428,40204
2023-10-05 15:19:48,18,20,15628,40404
2023-10-05 15:19:49,17,20,15628,40404
2023-10-05 15:19:57,18,20,15628,40404
2023-10-05 15:20:19,18,19,15628,40404
2023-10-05 15:20:22,18,20,15628,40404
2023-10-05 15:20:35,17,20,15628,40404
2023-10-05 15:20:41,16,20,15628,40404
2023-10-05 15:20:49,16,19,15628,40404
2023-10-05 15:20:49,17,19,15628,40404
2023-10-05 15:20:53,17,20,15628,40404
2023-10-05 15:21:00,17,18,15628,40404
2023-10-05 15:21:00,16,18,15628,40404
2023-10-05 15:21:06,15,18,15628,40404
2023-10-05 15:21:09,16,18,15628,40404
2023-10-05 15:21:13,16,20,15628,40404
2023-10-05 15:21:13,17,20,15628,40404
2023-10-05 15:21:26,16,20,15628,40404
2023-10-05 15:21:27,16,19,15628,40404
2023-10-05 15:21:31,17,19,15628,40404
2023-10-05 15:21:31,17,20,15628,40404
2023-10-05 15:21:54,18,20,15628,40404
2023-10-05 15:21:54,18,21,15628,40404
2023-10-05 15:21:55,19,21,15628,40404
2023-10-05 15:21:55,20,21,15628,40404
2023-10-05 15:21:56,20,22,15628,40404
2023-10-05 15:21:56,19,22,15628,40404
2023-10-05 15:21:57,20,22,15628,40404
2023-10-05 15:21:58,21,22,15628,40404
2023-10-05 15:21:58,21,23,15629,40405
2023-10-05 15:21:58,21,24,15629,40405
2023-10-05 15:21:58,22,24,15629,40405
2023-10-05 15:21:59,23,24,15629,40405
2023-10-05 15:22:00,23,24,15629,40585
2023-10-05 15:22:00,22,24,15629,40585
2023-10-05 15:22:02,23,24,15629,40585
2023-10-05 15:22:03,23,24,15879,40835
2023-10-05 15:22:03,23,25,15879,40835
2023-10-05 15:22:03,22,25,15879,40835
2023-10-05 15:22:04,23,25,15879,40835
2023-10-05 15:22:05,24,25,15879,40835
2023-10-05 15:22:06,24,25,15879,40895
2023-10-05 15:22:08,23,25,15879,40895
2023-10-05 15:22:13,21,25,15879,40895
2023-10-05 15:22:14,21,24,15879,40895
2023-10-05 15:22:14,22,24,15879,40895
2023-10-05 15:22:16,21,22,15663,41111
2023-10-05 15:22:16,18,22,15663,41111
2023-10-05 15:22:16,19,22,15663,41111
2023-10-05 15:22:16,19,21,15663,41111
2023-10-05 15:22:17,19,20,15663,41111
2023-10-05 15:22:19,19,20,15863,41311
2023-10-05 15:22:20,19,21,15863,41311
2023-10-05 15:22:23,20,21,15863,41311
2023-10-05 15:22:24,19,21,15863,41311
2023-10-05 15:22:27,20,21,15863,41311
2023-10-05 15:22:27,20,21,16063,41511
2023-10-05 15:22:27,20,25,16086,41534
2023-10-05 15:22:27,21,25,16086,41534
2023-10-05 15:22:28,22,25,16086,41534
2023-10-05 15:22:28,21,25,16086,41534
2023-10-05 15:22:29,23,25,16086,41534
2023-10-05 15:22:29,22,25,16086,41534
2023-10-05 15:22:31,23,25,16086,41534
2023-10-05 15:22:31,22,25,16086,41534
2023-10-05 15:22:33,23,25,16086,41534
2023-10-05 15:22:33,22,25,16086,41534
2023-10-05 15:22:35,23,25,16086,41534
2023-10-05 15:22:35,22,25,16086,41534
2023-10-05 15:22:37,23,25,16086,41534
2023-10-05 15:22:38,21,25,16086,41534
2023-10-05 15:22:39,22,25,16086,41534
2023-10-05 15:22:40,21,25,16086,41534
2023-10-05 15:22:40,23,25,16086,41534
2023-10-05 15:22:41,22,25,16086,41534
2023-10-05 15:22:41,24,25,16086,41534
2023-10-05 15:22:42,22,25,16086,41534
2023-10-05 15:22:43,23,25,16086,41534
2023-10-05 15:22:44,22,25,16086,41534
2023-10-05 15:22:45,23,25,16086,41534
2023-10-05 15:22:46,22,25,16086,41534
2023-10-05 15:22:46,21,25,16086,41534
2023-10-05 15:22:47,22,25,16086,41534
2023-10-05 15:22:48,21,25,16086,41534
2023-10-05 15:22:49,21,24,16086,41534
2023-10-05 15:22:50,20,24,16086,41534
2023-10-05 15:22:51,21,24,16086,41534
2023-10-05 15:22:52,20,24,16086,41534
2023-10-05 15:22:53,21,24,16086,41534
2023-10-05 15:22:54,20,24,16086,41534
2023-10-05 15:22:54,22,24,16086,41534
2023-10-05 15:23:11,22,25,16086,41534
2023-10-05 15:23:49,23,25,16086,41534
2023-10-05 15:23:51,23,26,16086,41734
2023-10-05 15:23:52,24,26,16086,41734
2023-10-05 15:23:52,24,27,16086,41734
2023-10-05 15:23:54,25,27,16086,41734
2023-10-05 15:23:54,25,28,16283,41931
2023-10-05 15:23:55,25,29,16283,41931
2023-10-05 15:24:03,26,29,16283,41931
2023-10-05 15:24:10,26,30,16283,41931
2023-10-05 15:24:13,28,30,16283,41931
2023-10-05 15:24:13,28,31,16283,41931
2023-10-05 15:24:22,28,30,16283,41931
2023-10-05 15:24:24,26,30,16283,41931
2023-10-05 15:24:26,26,29,16283,41931
2023-10-05 15:24:31,25,29,16283,41931
2023-10-05 15:24:35,25,28,16283,41931
2023-10-05 15:24:42,24,28,16283,41931
2023-10-05 15:24:43,25,28,16283,41931
2023-10-05 15:24:44,24,28,16283,41931
2023-10-05 15:25:02,24,27,16283,41931
2023-10-05 15:25:04,24,26,16283,41931
2023-10-05 15:25:05,24,25,16283,41931
2023-10-05 15:25:05,22,25,16283,41931
2023-10-05 15:25:05,21,25,16283,41931
2023-10-05 15:25:05,21,24,16283,41931
2023-10-05 15:25:05,20,24,16283,41931
2023-10-05 15:25:05,20,21,16283,41931
2023-10-05 15:25:48,20,21,16293,41941
2023-10-05 15:25:50,20,23,16293,41941
2023-10-05 15:26:05,20,22,16293,41941
2023-10-05 15:26:07,20,21,16293,41941
2023-10-05 15:26:09,18,19,16293,41956
2023-10-05 15:26:09,16,19,16293,41956
2023-10-05 15:26:11,17,19,16293,41956
2023-10-05 15:26:12,17,20,16293,41956
2023-10-05 15:26:12,18,20,16293,41956
2023-10-05 15:26:13,19,20,16293,41956
2023-10-05 15:26:14,19,20,16293,42156
2023-10-05 15:26:14,19,23,16293,42369
2023-10-05 15:26:15,20,23,16293,42369
2023-10-05 15:26:25,18,23,16293,42369
2023-10-05 15:26:25,19,23,16293,42369
2023-10-05 15:26:26,19,22,16293,42369
2023-10-05 15:26:37,19,21,16293,42369
2023-10-05 15:26:37,18,21,16293,42369
2023-10-05 15:26:39,18,20,16293,42369
2023-10-05 15:26:57,18,19,16293,42369
2023-10-05 15:27:00,16,18,16293,42375
2023-10-05 15:27:08,15,18,16293,42375
2023-10-05 15:27:09,16,18,16293,42375
2023-10-05 15:27:11,16,19,16293,42375
2023-10-05 15:27:15,16,18,16293,42375
2023-10-05 15:27:41,16,17,16293,42375
2023-10-05 15:27:41,15,17,16293,42375
2023-10-05 15:27:48,15,18,16293,42375
2023-10-05 15:27:54,15,17,16293,42375
2023-10-05 15:28:08,15,18,16293,42375
2023-10-05 15:28:09,15,17,16293,42375
2023-10-05 15:28:12,14,17,16293,42375
2023-10-05 15:28:14,14,16,16293,42375
2023-10-05 15:28:22,14,15,16293,42375
2023-10-05 15:28:22,13,15,16293,42375
2023-10-05 15:28:25,13,14,16293,42375
2023-10-05 15:28:25,13,14,16293,42381
2023-10-05 15:28:26,12,14,16293,42381
2023-10-05 15:28:30,13,14,16293,42381
2023-10-05 15:28:36,13,14,16293,42381
2023-10-05 15:28:36,12,14,16293,42381
2023-10-05 15:28:54,12,13,16293,42381
2023-10-05 15:28:54,11,13,16293,42381
2023-10-05 15:28:55,11,12,16293,42381
2023-10-05 15:28:56,10,12,16293,42381
2023-10-05 15:29:15,10,13,16293,42381
2023-10-05 15:29:15,11,13,16293,42381
2023-10-05 15:29:24,10,13,16293,42381
2023-10-05 15:29:24,10,12,16293,42381
2023-10-05 15:29:48,10,11,16293,42381
2023-10-05 15:29:53,10,12,16287,42387
2023-10-05 15:29:57,9,12,16287,42387
2023-10-05 15:30:03,9,11,16287,42387
2023-10-05 15:30:04,9,10,16287,42387
2023-10-05 15:30:04,8,10,16287,42387
2023-10-05 15:30:05,8,11,16287,42387
2023-10-05 15:30:15,8,12,16287,42387
2023-10-05 15:30:15,9,12,16287,42387
2023-10-05 15:30:19,9,11,16287,42387
2023-10-05 15:30:21,8,11,16287,42387
2023-10-05 15:30:34,9,11,16287,42387
2023-10-05 15:30:36,8,11,16287,42387
2023-10-05 15:30:37,8,9,16287,42387
2023-10-05 15:30:37,8,10,16287,42437
2023-10-05 15:30:43,8,11,16287,42437
2023-10-05 15:30:47,8,10,16287,42437
2023-10-05 15:31:04,8,9,16287,42437
2023-10-05 15:31:10,8,10,16287,42437
2023-10-05 15:31:14,8,9,16287,42437
2023-10-05 15:31:21,8,10,16287,42437
2023-10-05 15:31:27,8,11,16287,42437
2023-10-05 15:31:34,8,10,16287,42437
2023-10-05 15:31:38,7,10,16287,42437
2023-10-05 15:31:42,7,9,16287,42437
2023-10-05 15:32:05,6,9,16287,42437
2023-10-05 15:32:06,6,8,16287,42437
2023-10-05 15:32:07,6,9,16287,42437
2023-10-05 15:32:23,6,8,16287,42437
2023-10-05 15:32:24,6,9,16287,42437
2023-10-05 15:32:25,6,8,16287,42437
2023-10-05 15:32:26,6,9,16287,42437
2023-10-05 15:32:27,6,8,16287,42437
2023-10-05 15:32:28,6,9,16287,42437
2023-10-05 15:32:30,7,9,16287,42437
2023-10-05 15:32:42,7,10,16287,42437
2023-10-05 15:32:47,7,9,16287,42437
2023-10-05 15:32:53,6,9,16287,42437
2023-10-05 15:33:10,7,9,16287,42437
2023-10-05 15:33:19,7,10,16287,42437
2023-10-05 15:33:20,6,10,16568,42718
2023-10-05 15:33:20,7,10,16568,42718
2023-10-05 15:33:22,8,10,16568,42718
2023-10-05 15:33:22,8,9,16568,42718
2023-10-05 15:33:33,7,9,16568,42718
2023-10-05 15:34:04,6,9,16568,42718
2023-10-05 15:34:16,7,9,16568,42718
2023-10-05 15:34:16,7,11,16568,42996
2023-10-05 15:34:22,8,11,16568,42996
2023-10-05 15:34:25,8,10,16568,42996
2023-10-05 15:34:31,8,11,16568,42996
2023-10-05 15:34:31,10,11,16568,42996
2023-10-05 15:34:31,10,11,16618,43046
2023-10-05 15:34:33,10,11,16668,43096
2023-10-05 15:34:35,10,11,16718,43146
2023-10-05 15:34:37,10,12,16718,43146
2023-10-05 15:34:37,10,12,16768,43196
2023-10-05 15:34:45,12,13,16977,43405
2023-10-05 15:34:45,12,13,16986,43414
2023-10-05 15:34:47,12,13,17106,43534
2023-10-05 15:35:00,10,12,17106,43696
2023-10-05 15:35:01,10,13,17106,43696
2023-10-05 15:35:01,10,14,17106,43896
2023-10-05 15:35:08,11,14,17106,43896
2023-10-05 15:35:12,10,14,17106,43896
2023-10-05 15:35:14,11,14,17106,43896
2023-10-05 15:35:30,11,13,17106,43896
2023-10-05 15:35:33,11,13,17106,44174
2023-10-05 15:35:34,11,12,17106,44174
2023-10-05 15:35:35,11,13,17106,44174
2023-10-05 15:35:36,11,12,17106,44174
2023-10-05 15:35:38,11,13,17106,44174
2023-10-05 15:35:42,11,12,17106,44174
2023-10-05 15:35:46,11,12,17106,44374
2023-10-05 15:35:59,10,12,17128,44396
2023-10-05 15:36:02,10,11,17128,44396
2023-10-05 15:36:16,10,12,17128,44396
2023-10-05 15:36:24,11,12,17128,44396
2023-10-05 15:36:24,11,12,17308,44576
2023-10-05 15:36:26,10,11,17308,44618
2023-10-05 15:36:36,10,12,17308,44618
2023-10-05 15:36:43,10,13,17308,44618
2023-10-05 15:36:44,11,13,17308,44618
2023-10-05 15:36:44,11,14,17308,44618
2023-10-05 15:36:45,10,14,17308,44618
2023-10-05 15:36:46,11,14,17308,44618
2023-10-05 15:36:48,14,15,17858,45368
2023-10-05 15:36:49,14,15,18208,45718
2023-10-05 15:36:49,14,16,18208,45718
2023-10-05 15:36:50,14,16,18448,45958
2023-10-05 15:36:52,14,15,18448,45958
2023-10-05 15:36:56,13,15,18448,45958
2023-10-05 15:36:57,13,16,18448,45958
2023-10-05 15:37:01,13,15,18448,45958
2023-10-05 15:37:01,13,14,18448,45958
2023-10-05 15:37:01,13,15,18448,46033
2023-10-05 15:37:02,13,14,18448,46033
2023-10-05 15:37:02,12,14,18448,46033
2023-10-05 15:37:08,12,14,18512,46255
2023-10-05 15:37:08,12,15,18512,46308
2023-10-05 15:37:13,13,15,18512,46308
2023-10-05 15:37:16,14,15,18512,46308
2023-10-05 15:37:23,13,15,18512,46308
2023-10-05 15:37:24,14,15,18512,46308
2023-10-05 15:37:33,15,16,18512,46310
2023-10-05 15:37:33,15,18,18512,46310
2023-10-05 15:37:34,17,18,18512,46310
2023-10-05 15:37:41,15,18,18512,46310
2023-10-05 15:37:46,14,18,18512,46310
2023-10-05 15:37:48,14,17,18512,46310
2023-10-05 15:37:56,14,16,18512,46310
2023-10-05 15:37:56,12,16,18512,46310
2023-10-05 15:37:56,13,16,18512,46310
2023-10-05 15:38:01,13,15,18512,46310
2023-10-05 15:38:05,13,14,18512,46310
2023-10-05 15:38:05,10,14,18287,46535
2023-10-05 15:38:08,10,13,18287,46535
2023-10-05 15:38:10,9,13,18287,46535
2023-10-05 15:38:10,9,12,18287,46535
2023-10-05 15:38:11,8,12,18287,46535
2023-10-05 15:38:17,8,11,18287,46535
2023-10-05 15:38:20,8,12,18287,46535
2023-10-05 15:38:24,11,12,18287,46535
2023-10-05 15:38:25,11,14,18287,46535
2023-10-05 15:38:29,14,15,18762,47010
2023-10-05 15:38:29,11,15,18953,47201
2023-10-05 15:38:30,12,15,18953,47201
2023-10-05 15:38:42,14,15,18953,47201
2023-10-05 15:38:58,14,15,18953,47451
2023-10-05 15:39:03,14,16,18953,47451
2023-10-05 15:39:19,14,17,18953,47451
2023-10-05 15:39:36,14,16,18953,47451
2023-10-05 15:39:39,14,17,18953,47451
2023-10-05 15:39:48,14,16,18953,47451
2023-10-05 15:39:49,14,17,18953,47451
2023-10-05 15:40:16,14,16,18953,47451
2023-10-05 15:40:18,14,17,18953,47451
2023-10-05 15:40:20,14,18,18953,47451
2023-10-05 15:40:26,14,17,18953,47451
2023-10-05 15:40:27,14,16,18953,47451
2023-10-05 15:40:48,14,15,18953,47451
2023-10-05 15:40:49,11,15,18953,47545
2023-10-05 15:40:57,11,14,18953,47545
2023-10-05 15:40:58,11,13,18953,47545
2023-10-05 15:40:58,11,13,18953,47620
2023-10-05 15:41:01,11,15,18953,47620
2023-10-05 15:41:04,11,14,18953,47620
2023-10-05 15:41:07,11,13,18953,47620
2023-10-05 15:41:14,11,15,18953,47620
2023-10-05 15:41:16,11,14,18953,47620
2023-10-05 15:41:23,11,15,18953,47620
2023-10-05 15:41:24,11,16,18953,47620
2023-10-05 15:41:24,11,15,18953,47620
2023-10-05 15:41:26,11,16,18953,47620
2023-10-05 15:41:26,12,16,18953,47620
2023-10-05 15:41:28,11,16,18953,47620
2023-10-05 15:41:28,11,15,18953,47620
2023-10-05 15:41:34,11,16,18953,47620
2023-10-05 15:41:37,15,16,18953,47620
2023-10-05 15:41:39,15,16,19153,47820
2023-10-05 15:41:48,15,17,19153,47820
2023-10-05 15:41:49,13,17,19153,47842
2023-10-05 15:41:51,13,16,19153,47842
2023-10-05 15:41:59,13,15,19153,47842
2023-10-05 15:42:00,11,15,19153,47842
2023-10-05 15:42:01,11,14,19153,47842
2023-10-05 15:42:06,11,15,19153,47842
2023-10-05 15:42:06,12,15,19153,47842
2023-10-05 15:42:17,11,15,19153,47842
2023-10-05 15:42:17,11,14,19153,47842
2023-10-05 15:42:30,11,15,19153,47842
2023-10-05 15:42:30,12,15,19153,47842
2023-10-05 15:42:35,11,15,19153,47842
2023-10-05 15:42:35,11,14,19153,47842
2023-10-05 15:42:36,11,15,19153,47842
2023-10-05 15:42:38,11,14,19153,47842
2023-10-05 15:42:50,11,15,19153,47842
2023-10-05 15:42:54,12,15,19153,47842
2023-10-05 15:42:55,13,15,19153,47842
2023-10-05 15:42:55,13,16,19153,47842
2023-10-05 15:42:58,12,16,19153,47842
2023-10-05 15:43:03,13,16,19153,47842
2023-10-05 15:43:09,14,16,19153,47842
2023-10-05 15:43:09,14,18,19153,47842
2023-10-05 15:43:09,14,17,19153,47842
2023-10-05 15:43:11,15,17,19153,47842
2023-10-05 15:43:14,16,17,19153,47842
2023-10-05 15:43:14,17,18,19153,47917
2023-10-05 15:43:15,16,18,19153,47917
2023-10-05 15:43:16,15,18,19153,47917
2023-10-05 15:43:22,15,17,19153,47917
2023-10-05 15:43:29,14,17,19153,47917
2023-10-05 15:43:33,15,17,19153,47917
2023-10-05 15:43:33,15,18,19153,47917
2023-10-05 15:43:40,16,18,19153,47917
2023-10-05 15:43:44,16,19,19153,47917
2023-10-05 15:43:53,17,19,19153,47917
2023-10-05 15:43:54,16,19,19153,47917
2023-10-05 15:43:55,17,19,19153,47917
2023-10-05 15:43:57,17,20,19153,47917
2023-10-05 15:44:04,19,20,19153,47917
2023-10-05 15:44:04,19,22,19153,47917
2023-10-05 15:44:04,19,21,19153,47917
2023-10-05 15:44:05,17,21,19153,47917
2023-10-05 15:44:05,18,21,19153,47917
2023-10-05 15:44:21,17,21,19153,47917
2023-10-05 15:44:22,17,18,19153,47917
2023-10-05 15:44:24,16,18,19153,47917
2023-10-05 15:44:26,17,18,19153,47917
2023-10-05 15:44:32,17,21,19153,47917
2023-10-05 15:44:32,17,20,19153,47917
2023-10-05 15:44:39,18,20,19153,47917
2023-10-05 15:44:39,18,21,19153,47917
2023-10-05 15:44:43,17,21,19153,47917
2023-10-05 15:44:44,17,20,19153,47917
2023-10-05 15:44:51,16,20,19153,47917
2023-10-05 15:44:54,16,19,19153,47917
2023-10-05 15:44:57,16,20,19153,47917
2023-10-05 15:45:01,18,20,19153,47917
2023-10-05 15:45:01,18,21,19153,47917
2023-10-05 15:45:02,17,21,18953,48117
2023-10-05 15:45:05,16,21,18953,48117
2023-10-05 15:45:05,18,21,18953,48117
2023-10-05 15:45:06,16,21,18878,48192
2023-10-05 15:45:08,16,20,18878,48192
2023-10-05 15:45:09,15,20,18878,48192
2023-10-05 15:45:09,15,19,18878,48192
2023-10-05 15:45:10,15,18,18878,48192
2023-10-05 15:45:11,15,19,18878,48192
2023-10-05 15:45:13,14,19,18878,48192
2023-10-05 15:45:13,14,18,18878,48192
2023-10-05 15:45:18,14,16,18878,48192
2023-10-05 15:45:18,13,16,18878,48192
2023-10-05 15:45:18,12,16,18878,48192
2023-10-05 15:45:19,12,15,18878,48192
2023-10-05 15:45:20,12,14,18878,48192
2023-10-05 15:45:20,11,14,18878,48192
2023-10-05 15:45:24,11,13,18878,48192
2023-10-05 15:45:30,11,12,18878,48192
2023-10-05 15:45:32,11,12,19078,48392
2023-10-05 15:45:32,9,10,19453,48767
2023-10-05 15:45:33,9,11,19453,48767
2023-10-05 15:45:44,11,12,19578,48892
2023-10-05 15:45:47,11,12,19778,49092
2023-10-05 15:45:48,11,12,19978,49292
2023-10-05 15:45:49,11,12,20178,49492
2023-10-05 15:45:49,11,12,20178,49567
2023-10-05 15:45:52,9,12,20178,49767
2023-10-05 15:46:01,9,11,20178,49767
2023-10-05 15:46:01,8,11,20175,49770
2023-10-05 15:46:03,7,11,19975,49970
2023-10-05 15:46:04,7,10,19975,49970
2023-10-05 15:46:09,7,9,19975,49970
2023-10-05 15:46:10,6,9,19975,49970
2023-10-05 15:46:11,6,8,19975,49970
2023-10-05 15:46:25,6,9,19975,49970
2023-10-05 15:46:25,6,10,19975,49970
2023-10-05 15:46:26,7,10,19975,49970
2023-10-05 15:46:30,8,10,19975,49970
2023-10-05 15:46:46,10,11,19975,49970
2023-10-05 15:46:48,10,11,19975,50170
2023-10-05 15:46:48,10,13,19975,50170
2023-10-05 15:46:48,10,12,19975,50170
2023-10-05 15:46:48,10,13,19975,50170
2023-10-05 15:46:50,11,13,19975,50170
2023-10-05 15:46:50,11,13,19975,50270
2023-10-05 15:46:57,12,13,19975,50270
2023-10-05 15:46:57,12,13,19975,50295
2023-10-05 15:46:57,12,13,19975,50320
2023-10-05 15:46:57,12,14,19975,50320
2023-10-05 15:47:00,14,15,19975,50395
2023-10-05 15:47:00,15,17,19975,50470
2023-10-05 15:47:00,15,18,19975,50470
2023-10-05 15:47:00,15,16,19975,50470
2023-10-05 15:47:00,15,16,19975,50520
2023-10-05 15:47:01,18,21,19975,50670
2023-10-05 15:47:01,18,19,19975,50670
2023-10-05 15:47:02,20,21,19975,50820
2023-10-05 15:47:04,19,21,19975,50820
2023-10-05 15:47:04,18,21,19975,50820
2023-10-05 15:47:05,17,21,19975,50820
2023-10-05 15:47:05,17,20,19975,50820
2023-10-05 15:47:05,17,19,19975,50820
2023-10-05 15:47:09,16,19,19975,50820
2023-10-05 15:47:09,15,19,19975,50820
2023-10-05 15:47:10,15,18,19975,50820
2023-10-05 15:47:13,15,17,19975,50820
2023-10-05 15:47:13,14,17,19975,50820
2023-10-05 15:47:18,14,17,19725,51070
2023-10-05 15:47:19,14,16,19725,51070
2023-10-05 15:47:27,14,17,19725,51070
2023-10-05 15:47:27,13,17,19725,51070
2023-10-05 15:47:27,15,17,19725,51070
2023-10-05 15:47:29,15,16,19725,51070
2023-10-05 15:47:29,13,16,19725,51070
2023-10-05 15:47:29,12,16,19725,51070
2023-10-05 15:47:29,14,16,19725,51070
2023-10-05 15:47:33,14,15,19725,51070
2023-10-05 15:47:34,11,12,19725,51245
2023-10-05 15:47:34,10,12,19725,51245
2023-10-05 15:47:34,10,13,19725,51270
2023-10-05 15:47:34,9,13,19800,51370
2023-10-05 15:47:35,10,13,19800,51370
2023-10-05 15:47:40,9,13,19800,51370
2023-10-05 15:47:42,10,13,19800,51370
2023-10-05 15:47:51,11,13,19800,51370
2023-10-05 15:47:54,11,14,19800,51370
2023-10-05 15:47:57,11,13,19800,51370
2023-10-05 15:48:01,12,13,19800,51370
2023-10-05 15:48:01,12,14,19800,51370
2023-10-05 15:48:04,11,14,19800,51370
2023-10-05 15:48:05,11,13,19800,51370
2023-10-05 15:48:16,10,13,19800,51370
2023-10-05 15:48:19,10,14,19800,51370
2023-10-05 15:48:19,10,12,19800,51370
2023-10-05 15:48:26,9,12,19800,51370
2023-10-05 15:48:28,9,11,19800,51370
2023-10-05 15:48:30,9,11,19775,51395
2023-10-05 15:48:30,8,11,19775,51395
2023-10-05 15:48:34,8,10,19775,51395
2023-10-05 15:48:34,8,10,19775,51420
2023-10-05 15:48:35,8,10,19775,51445
2023-10-05 15:48:43,8,10,19750,51470
2023-10-05 15:48:45,8,10,19725,51495
2023-10-05 15:48:47,8,10,19725,51520
2023-10-05 15:48:52,8,11,19725,51520
2023-10-05 15:48:58,8,10,19725,51520
2023-10-05 15:49:04,8,9,19725,51520
2023-10-05 15:49:04,6,9,19725,51520
2023-10-05 15:49:04,7,9,19725,51520
2023-10-05 15:49:06,6,9,19725,51520
2023-10-05 15:49:06,8,9,19725,51520
2023-10-05 15:49:12,7,9,19725,51520
2023-10-05 15:49:16,7,10,19725,51520
2023-10-05 15:49:16,8,10,19725,51520
2023-10-05 15:49:31,7,10,19725,51520
2023-10-05 15:49:32,7,9,19725,51520
2023-10-05 15:49:38,7,8,19725,51520
2023-10-05 15:49:38,6,8,19725,51520
2023-10-05 15:49:55,5,8,19725,51520
2023-10-05 15:50:00,5,7,19725,51520
2023-10-05 15:50:00,4,6,19725,51520
2023-10-05 15:50:00,3,6,19725,51520
2023-10-05 15:50:00,3,6,19725,51620
2023-10-05 15:50:01,3,5,19725,51620
2023-10-05 15:50:02,3,6,19725,51620
2023-10-05 15:50:02,4,6,19725,51620
2023-10-05 15:50:05,4,8,19725,51620
2023-10-05 15:50:05,5,8,19725,51620
2023-10-05 15:50:06,6,8,19725,51620
2023-10-05 15:50:07,6,9,19725,51620
2023-10-05 15:50:10,6,8,19725,51620
2023-10-05 15:50:11,6,7,19725,51620
2023-10-05 15:50:11,4,7,19725,51620
2023-10-05 15:50:11,5,7,19725,51620
2023-10-05 15:50:13,5,6,19725,51620
2023-10-05 15:50:15,4,6,19725,51620
2023-10-05 15:50:16,4,7,19725,51620
2023-10-05 15:50:20,5,7,19725,51620
2023-10-05 15:50:24,5,6,19725,51620
2023-10-05 15:50:24,4,6,19725,51620
2023-10-05 15:50:26,4,7,19725,51620
2023-10-05 15:50:26,5,7,19725,51620
2023-10-05 15:50:27,5,8,19725,51620
2023-10-05 15:50:30,5,7,19725,51620
2023-10-05 15:50:30,4,7,19725,51620
2023-10-05 15:50:32,4,8,19725,51620
2023-10-05 15:50:32,5,8,19725,51620
2023-10-05 15:50:34,5,7,19725,51620
2023-10-05 15:50:37,5,8,19725,51620
2023-10-05 15:50:38,5,9,19725,51620
2023-10-05 15:50:39,6,9,19725,51620
2023-10-05 15:50:44,6,8,19725,51620
2023-10-05 15:50:44,5,8,19725,51620
2023-10-05 15:50:45,5,9,19725,51620
2023-10-05 15:50:51,7,9,19725,51620
2023-10-05 15:50:55,7,10,19725,51620
2023-10-05 15:50:55,8,11,19725,51620
2023-10-05 15:50:57,9,11,19725,51620
2023-10-05 15:50:58,9,12,19725,51620
2023-10-05 15:51:00,11,12,19725,51620
2023-10-05 15:51:01,11,13,19725,51620
2023-10-05 15:51:03,13,14,19725,51695
2023-10-05 15:51:04,13,15,19725,51695
2023-10-05 15:51:08,14,15,19725,51695
2023-10-05 15:51:13,15,16,19725,51770
2023-10-05 15:51:13,15,18,19725,51770
2023-10-05 15:51:13,15,16,19725,51770
2023-10-05 15:51:14,14,16,19725,51770
2023-10-05 15:51:15,13,16,19725,51770
2023-10-05 15:51:15,13,15,19725,51770
2023-10-05 15:51:28,13,14,19725,51770
2023-10-05 15:51:29,12,14,19725,51770
2023-10-05 15:51:32,12,13,19725,51770
2023-10-05 15:51:35,13,14,19700,51795
2023-10-05 15:51:35,13,15,19700,51795
2023-10-05 15:51:45,12,15,19700,51795
2023-10-05 15:51:50,11,12,19700,51945
2023-10-05 15:51:50,10,12,19700,51945
2023-10-05 15:51:51,10,11,19700,51945
2023-10-05 15:52:03,7,10,19700,51970
2023-10-05 15:52:04,7,11,19700,51970
2023-10-05 15:52:04,8,11,19700,51970
2023-10-05 15:52:05,9,11,19700,51970
2023-10-05 15:52:05,9,12,19700,51970
2023-10-05 15:52:06,10,12,19700,51970
2023-10-05 15:52:06,10,13,19700,51970
2023-10-05 15:52:08,12,13,19700,51970
2023-10-05 15:52:13,10,12,19500,52170
2023-10-05 15:52:15,9,12,19500,52170
2023-10-05 15:52:35,11,12,19500,52170
2023-10-05 15:52:39,11,12,19300,52370
2023-10-05 15:52:41,9,12,19300,52370
2023-10-05 15:52:52,10,12,19300,52370
2023-10-05 15:52:58,9,12,19300,52370
2023-10-05 15:53:08,8,12,19300,52370
2023-10-05 15:53:09,8,11,19300,52370
2023-10-05 15:53:14,7,11,19300,52370
2023-10-05 15:53:16,8,11,19300,52370
2023-10-05 15:53:22,6,7,19185,52845
2023-10-05 15:53:22,6,7,19152,52878
2023-10-05 15:53:22,6,7,19152,52953
2023-10-05 15:53:31,6,7,19152,53153
2023-10-05 15:53:37,6,7,19152,53353
2023-10-05 15:53:42,6,7,19152,53553
2023-10-05 15:53:57,5,7,19152,53553
2023-10-05 15:53:58,5,6,19152,53553
2023-10-05 15:54:03,5,6,19152,53753
2023-10-05 15:54:03,5,6,19149,53756
2023-10-05 15:54:04,3,5,19149,53831
2023-10-05 15:54:04,4,5,19149,53831
2023-10-05 15:54:05,4,5,19074,53906
2023-10-05 15:54:05,4,5,19074,54106
2023-10-05 15:54:06,5,6,18999,54247
2023-10-05 15:54:09,5,6,18999,54497
2023-10-05 15:54:09,5,6,18999,54697
2023-10-05 15:54:09,5,6,18999,54698
2023-10-05 15:54:09,5,6,18859,54838
2023-10-05 15:54:09,5,6,18859,55088
2023-10-05 15:54:10,3,6,18859,55088
2023-10-05 15:54:10,4,6,18859,55088
2023-10-05 15:54:10,4,7,18859,55288
2023-10-05 15:54:20,5,7,18859,55288
2023-10-05 15:54:22,5,9,18859,55288
2023-10-05 15:54:23,5,7,18859,55288
2023-10-05 15:54:23,4,7,18859,55288
2023-10-05 15:54:26,3,7,18859,55288
2023-10-05 15:54:27,3,5,18859,55288
2023-10-05 15:54:27,2,5,18859,55288
2023-10-05 15:54:30,3,5,18859,55288
2023-10-05 15:54:30,3,6,18859,55288
2023-10-05 15:54:30,3,7,18859,55288
2023-10-05 15:54:31,4,7,18859,55288
2023-10-05 15:54:32,4,6,18859,55288
2023-10-05 15:54:38,3,6,18859,55288
2023-10-05 15:54:40,4,6,18859,55288
2023-10-05 15:54:41,4,6,18859,55488
2023-10-05 15:54:41,5,6,18859,55488
2023-10-05 15:54:41,5,6,18799,55548
2023-10-05 15:54:43,5,6,18679,55668
2023-10-05 15:54:50,4,6,18679,55668
2023-10-05 15:54:51,4,6,18679,56168
2023-10-05 15:54:51,4,9,18679,56169
2023-10-05 15:54:59,4,8,18679,56169
2023-10-05 15:54:59,3,8,18679,56169
2023-10-05 15:55:00,7,8,18679,56169
2023-10-05 15:55:00,7,9,18679,56169
2023-10-05 15:55:00,7,11,18679,56169
2023-10-05 15:55:00,7,12,18679,56169
2023-10-05 15:55:00,7,13,18679,56169
2023-10-05 15:55:00,7,12,18679,56169
2023-10-05 15:55:01,10,12,18679,56169
2023-10-05 15:55:01,10,15,18679,56169
2023-10-05 15:55:01,10,16,18679,56169
2023-10-05 15:55:01,10,15,18679,56169
2023-10-05 15:55:02,11,15,18679,56169
2023-10-05 15:55:03,12,15,18679,56169
2023-10-05 15:55:03,12,16,18679,56169
2023-10-05 15:55:04,10,16,18679,56169
2023-10-05 15:55:05,10,15,18679,56169
2023-10-05 15:55:06,9,15,18679,56169
2023-10-05 15:55:08,10,15,18679,56169
2023-10-05 15:55:09,9,15,18679,56169
2023-10-05 15:55:11,9,16,18679,56169
2023-10-05 15:55:11,10,16,18679,56169
2023-10-05 15:55:13,10,13,18679,56169
2023-10-05 15:55:13,8,13,18679,56169
2023-10-05 15:55:17,8,15,18679,56169
2023-10-05 15:55:18,9,15,18679,56169
2023-10-05 15:55:20,9,13,18679,56169
2023-10-05 15:55:20,8,13,18679,56169
2023-10-05 15:55:21,8,15,18679,56169
2023-10-05 15:55:23,8,13,18679,56169
2023-10-05 15:55:27,8,15,18679,56169
2023-10-05 15:55:28,8,14,18679,56169
2023-10-05 15:55:29,8,15,18679,56169
2023-10-05 15:55:30,8,13,18679,56169
2023-10-05 15:55:31,7,13,18679,56169
2023-10-05 15:55:33,7,15,18679,56169
2023-10-05 15:55:33,8,15,18679,56169
2023-10-05 15:55:37,9,15,18679,56169
2023-10-05 15:55:39,9,16,18679,56169
2023-10-05 15:55:39,10,16,18679,56169
2023-10-05 15:55:40,9,16,18679,56169
2023-10-05 15:55:41,9,16,18679,56169
2023-10-05 15:55:42,10,16,18679,56169
2023-10-05 15:55:43,10,15,18679,56169
2023-10-05 15:55:44,9,15,18679,56169
2023-10-05 15:55:44,9,13,18679,56169
2023-10-05 15:55:44,7,13,18679,56169
2023-10-05 15:55:45,8,13,18679,56169
2023-10-05 15:55:46,7,13,18679,56169
2023-10-05 15:55:55,7,11,18679,56169
2023-10-05 15:55:55,5,11,18679,56169
2023-10-05 15:55:56,6,11,18679,56169
2023-10-05 15:55:59,5,11,18679,56169
2023-10-05 15:56:00,5,10,18679,56169
2023-10-05 15:56:00,4,10,18679,56169
2023-10-05 15:56:02,4,11,18679,56169
2023-10-05 15:56:02,5,11,18679,56169
2023-10-05 15:56:06,5,13,18679,56169
2023-10-05 15:56:06,6,13,18679,56169
2023-10-05 15:56:07,7,13,18679,56169
2023-10-05 15:56:09,7,15,18679,56169
2023-10-05 15:56:10,9,15,18679,56169
2023-10-05 15:56:11,9,16,18679,56169
2023-10-05 15:56:14,11,16,18679,56169
2023-10-05 15:56:23,9,16,18679,56169
2023-10-05 15:56:23,9,16,18679,56724
2023-10-05 15:56:24,12,16,18679,56724
2023-10-05 15:56:24,12,18,18679,56724
2023-10-05 15:56:24,12,15,18679,56724
2023-10-05 15:56:25,9,15,18704,56749
2023-10-05 15:56:25,9,13,18704,56749
2023-10-05 15:56:26,9,14,18704,56749
2023-10-05 15:56:26,9,12,18704,56749
2023-10-05 15:56:29,9,14,18704,56749
2023-10-05 15:56:29,9,11,18704,56749
2023-10-05 15:56:31,9,14,18704,56749
2023-10-05 15:56:31,9,12,18704,56749
2023-10-05 15:56:36,7,12,18704,56749
2023-10-05 15:56:36,7,13,18704,56749
2023-10-05 15:56:36,7,10,18704,56749
2023-10-05 15:56:38,7,13,18704,56749
2023-10-05 15:56:38,7,11,18704,56749
2023-10-05 15:56:41,7,12,18704,56749
2023-10-05 15:56:41,7,10,18704,56749
2023-10-05 15:56:45,5,10,18704,56749
2023-10-05 15:56:45,5,8,18704,56749
2023-10-05 15:56:48,4,8,18704,56749
2023-10-05 15:56:48,4,9,18704,56749
2023-10-05 15:56:48,4,6,18704,56749
2023-10-05 15:57:04,4,8,18704,56749
2023-10-05 15:57:04,4,5,18704,56749
2023-10-05 15:57:07,3,5,18704,56749
2023-10-05 15:57:08,3,7,18704,56749
2023-10-05 15:57:08,3,4,18704,56749
2023-10-05 15:57:15,3,5,18704,56749
2023-10-05 15:57:15,3,5,18704,56819
2023-10-05 15:57:16,3,5,18764,56879
2023-10-05 15:57:16,3,4,18764,56879
2023-10-05 15:57:18,3,4,18839,56954
2023-10-05 15:57:19,3,4,18914,57029
2023-10-05 15:57:21,1,4,18914,57029
2023-10-05 15:57:21,1,3,18914,57029
2023-10-05 15:57:47,1,2,18914,57029
2023-10-05 15:58:00,1,2,18914,57829
2023-10-05 15:58:30,1,2,18914,58029
2023-10-05 15:59:04,1,2,18914,58068
2023-10-05 15:59:11,0,2,18914,58310
2023-10-05 15:59:17,3,4,18989,58585
2023-10-05 15:59:17,3,4,19044,58640
2023-10-05 15:59:17,3,4,19099,58695
2023-10-05 15:59:19,3,4,19174,58770
2023-10-05 15:59:21,3,4,19249,58845
2023-10-05 15:59:22,3,4,19324,58920
2023-10-05 15:59:24,3,4,19399,58995
2023-10-05 15:59:25,3,4,19519,59115
2023-10-05 15:59:26,0,3,19519,59421
