datetime,bid,ask,open_interest,volume
2023-10-04 09:31:00,13,21,13,13
2023-10-04 09:31:00,13,20,13,13
2023-10-04 09:31:00,16,20,13,13
2023-10-04 09:31:00,18,20,13,13
2023-10-04 09:31:01,17,20,13,13
2023-10-04 09:31:02,18,20,13,13
2023-10-04 09:31:06,17,20,13,13
2023-10-04 09:31:09,18,20,13,13
2023-10-04 09:31:10,18,21,13,13
2023-10-04 09:31:10,18,20,13,13
2023-10-04 09:31:11,18,21,13,13
2023-10-04 09:31:49,18,22,13,13
2023-10-04 09:31:50,18,21,13,13
2023-10-04 09:32:09,18,22,13,13
2023-10-04 09:32:13,18,21,13,13
2023-10-04 09:32:24,19,21,13,13
2023-10-04 09:32:32,19,22,13,13
2023-10-04 09:32:34,19,21,13,13
2023-10-04 09:32:45,19,22,13,13
2023-10-04 09:32:47,19,21,13,13
2023-10-04 09:32:54,18,21,13,13
2023-10-04 09:33:04,18,22,13,13
2023-10-04 09:33:07,18,21,13,13
2023-10-04 09:33:09,18,22,13,13
2023-10-04 09:33:12,18,21,13,13
2023-10-04 09:33:16,18,22,13,13
2023-10-04 09:33:18,18,21,13,13
2023-10-04 09:33:47,18,22,13,13
2023-10-04 09:33:53,20,22,13,13
2023-10-04 09:34:27,21,22,13,13
2023-10-04 09:34:34,21,23,13,13
2023-10-04 09:36:52,21,24,13,13
2023-10-04 09:37:11,22,24,13,13
2023-10-04 09:37:22,21,24,13,13
2023-10-04 09:38:25,23,24,13,13
2023-10-04 09:38:27,24,25,50,50
2023-10-04 09:38:52,24,26,50,50
2023-10-04 09:39:03,25,26,50,50
2023-10-04 09:39:16,25,27,50,50
2023-10-04 09:40:13,25,27,110,110
2023-10-04 09:40:26,24,27,110,110
2023-10-04 09:40:41,24,26,110,110
2023-10-04 09:40:48,24,25,110,110
2023-10-04 09:40:48,24,25,170,170
2023-10-04 09:40:49,24,25,270,270
2023-10-04 09:40:50,23,25,270,270
2023-10-04 09:43:10,23,24,270,270
2023-10-04 09:43:12,22,24,270,270
2023-10-04 09:44:16,22,25,270,270
2023-10-04 09:45:19,22,24,270,270
2023-10-04 09:45:30,22,25,270,270
2023-10-04 09:45:43,22,24,270,270
2023-10-04 09:46:03,22,25,270,270
2023-10-04 09:46:06,22,24,270,270
2023-10-04 09:46:16,22,25,270,270
2023-10-04 09:46:17,22,24,270,270
2023-10-04 09:47:01,23,24,270,270
2023-10-04 09:47:26,23,25,270,270
2023-10-04 09:47:27,23,24,270,270
2023-10-04 09:47:40,23,25,270,270
2023-10-04 09:47:54,23,24,270,270
2023-10-04 09:48:02,23,25,270,270
2023-10-04 09:48:11,24,25,270,270
2023-10-04 09:48:14,24,26,270,270
2023-10-04 09:50:52,23,26,270,270
2023-10-04 09:50:52,23,25,270,270
2023-10-04 09:50:55,23,24,270,270
2023-10-04 09:51:11,22,24,470,470
2023-10-04 09:51:24,22,23,470,470
2023-10-04 09:51:26,21,23,670,670
2023-10-04 09:51:29,21,22,670,670
2023-10-04 09:51:35,21,23,670,670
2023-10-04 09:51:43,21,22,670,670
2023-10-04 09:52:05,21,22,730,730
2023-10-04 09:52:15,20,22,810,810
2023-10-04 09:52:37,21,22,810,810
2023-10-04 09:53:30,21,23,810,810
2023-10-04 09:53:33,21,22,810,810
2023-10-04 09:53:54,21,22,1010,1010
2023-10-04 09:53:59,21,24,1010,1110
2023-10-04 09:54:01,22,24,1010,1110
2023-10-04 09:54:04,23,24,1010,1110
2023-10-04 09:55:24,23,24,1061,1161
2023-10-04 09:55:51,23,25,1061,1161
2023-10-04 09:56:12,24,25,1061,1161
2023-10-04 09:56:57,23,24,1061,1272
2023-10-04 09:56:58,23,25,1061,1272
2023-10-04 09:56:59,23,24,1061,1272
2023-10-04 09:57:02,22,24,1061,1272
2023-10-04 09:57:13,22,23,1061,1272
2023-10-04 09:57:18,22,24,1061,1272
2023-10-04 09:57:26,22,23,1061,1272
2023-10-04 09:57:28,22,24,1061,1272
2023-10-04 09:57:35,22,23,1061,1272
2023-10-04 09:57:41,22,24,1061,1272
2023-10-04 09:57:51,22,24,1311,1522
2023-10-04 09:57:51,22,23,1311,1522
2023-10-04 09:57:56,22,24,1311,1522
2023-10-04 09:58:35,22,25,1311,1522
2023-10-04 09:58:36,22,24,1311,1522
2023-10-04 09:59:01,22,23,1311,1522
2023-10-04 09:59:02,22,24,1311,1522
2023-10-04 10:00:00,22,23,1311,1522
2023-10-04 10:00:10,22,24,1311,1522
2023-10-04 10:00:13,22,24,1566,1777
2023-10-04 10:00:14,22,25,1566,1777
2023-10-04 10:00:16,22,24,1566,1777
2023-10-04 10:00:26,22,25,1566,1777
2023-10-04 10:00:27,22,24,1566,1777
2023-10-04 10:00:31,21,24,1566,1777
2023-10-04 10:00:31,21,23,1566,1777
2023-10-04 10:00:35,21,24,1566,1777
2023-10-04 10:00:37,21,22,1566,1777
2023-10-04 10:00:50,20,22,1566,1777
2023-10-04 10:00:56,20,21,1566,1777
2023-10-04 10:00:56,19,21,1966,2177
2023-10-04 10:01:24,19,22,1966,2177
2023-10-04 10:01:34,20,22,1966,2177
2023-10-04 10:01:35,20,22,1906,2237
2023-10-04 10:01:36,20,23,1906,2237
2023-10-04 10:01:36,21,23,1906,2237
2023-10-04 10:01:45,21,22,1906,2237
2023-10-04 10:01:51,20,22,1906,2237
2023-10-04 10:01:55,19,22,2306,2637
2023-10-04 10:01:56,19,21,2306,2637
2023-10-04 10:02:10,19,20,2306,2637
2023-10-04 10:02:10,19,20,2106,2837
2023-10-04 10:02:20,18,20,2106,2837
2023-10-04 10:02:27,18,19,2106,2837
2023-10-04 10:02:27,17,19,2106,2837
2023-10-04 10:02:42,17,18,2106,2837
2023-10-04 10:02:44,17,18,2356,3087
2023-10-04 10:02:56,16,18,2356,3087
2023-10-04 10:03:27,15,18,2356,3087
2023-10-04 10:03:32,16,18,2356,3087
2023-10-04 10:04:05,17,18,2356,3087
2023-10-04 10:04:22,16,18,2356,3087
2023-10-04 10:04:22,15,18,2356,3087
2023-10-04 10:04:26,16,18,2356,3087
2023-10-04 10:04:45,15,18,2356,3087
2023-10-04 10:05:05,16,18,2356,3087
2023-10-04 10:05:09,15,18,2356,3087
2023-10-04 10:05:23,16,18,2356,3087
2023-10-04 10:05:34,17,18,2356,3087
2023-10-04 10:05:59,15,18,2356,3087
2023-10-04 10:06:05,15,17,2356,3087
2023-10-04 10:06:16,15,18,2356,3087
2023-10-04 10:06:26,16,18,2356,3087
2023-10-04 10:06:38,17,18,2356,3087
2023-10-04 10:06:41,17,18,2606,3337
2023-10-04 10:06:46,17,19,2801,3532
2023-10-04 10:06:49,17,20,2801,3532
2023-10-04 10:06:51,17,19,2801,3532
2023-10-04 10:07:09,17,18,2801,3532
2023-10-04 10:07:12,17,19,2801,3532
2023-10-04 10:07:21,17,18,2801,3532
2023-10-04 10:07:24,16,18,2801,3532
2023-10-04 10:08:27,16,17,2801,3532
2023-10-04 10:08:37,15,16,2801,3782
2023-10-04 10:08:44,15,16,3041,4022
2023-10-04 10:08:57,15,16,3041,4222
2023-10-04 10:09:32,14,15,3041,4282
2023-10-04 10:09:38,14,16,3041,4282
2023-10-04 10:10:01,15,16,3041,4282
2023-10-04 10:10:02,15,17,3041,4282
2023-10-04 10:10:04,15,18,3041,4282
2023-10-04 10:10:11,15,17,3041,4282
2023-10-04 10:10:23,15,18,3041,4282
2023-10-04 10:10:41,15,17,3041,4282
2023-10-04 10:10:56,15,18,3041,4282
2023-10-04 10:11:30,16,18,3041,4282
2023-10-04 10:11:30,16,19,3041,4282
2023-10-04 10:11:36,16,18,3041,4282
2023-10-04 10:11:41,16,19,3041,4282
2023-10-04 10:11:45,16,18,3041,4282
2023-10-04 10:11:52,16,19,3041,4282
2023-10-04 10:12:11,16,18,3041,4282
2023-10-04 10:12:14,16,19,3041,4282
2023-10-04 10:12:51,17,19,3041,4282
2023-10-04 10:13:24,17,20,3041,4282
2023-10-04 10:13:24,18,20,3041,4282
2023-10-04 10:13:28,18,20,2981,4342
2023-10-04 10:13:29,19,20,2981,4342
2023-10-04 10:14:10,19,20,2861,4462
2023-10-04 10:14:24,19,21,2861,4462
2023-10-04 10:16:11,19,20,2861,4462
2023-10-04 10:16:12,18,20,2861,4462
2023-10-04 10:16:21,18,19,2861,4462
2023-10-04 10:16:24,18,20,2861,4462
2023-10-04 10:16:38,17,19,2861,4462
2023-10-04 10:16:51,17,18,2861,4462
2023-10-04 10:17:08,17,19,2861,4462
2023-10-04 10:17:41,17,20,2861,4462
2023-10-04 10:17:45,18,20,2861,4462
2023-10-04 10:18:11,18,21,2861,4462
2023-10-04 10:18:36,18,20,2861,4462
2023-10-04 10:18:56,18,21,2861,4462
2023-10-04 10:18:59,18,20,2861,4462
2023-10-04 10:19:21,18,21,2861,4462
2023-10-04 10:19:25,19,21,2861,4462
2023-10-04 10:20:57,18,21,2861,4462
2023-10-04 10:21:07,18,20,2861,4462
2023-10-04 10:21:10,18,21,2861,4462
2023-10-04 10:21:24,18,20,2861,4462
2023-10-04 10:21:28,18,21,2861,4462
2023-10-04 10:21:38,18,20,2861,4462
2023-10-04 10:21:42,18,21,2861,4462
2023-10-04 10:21:44,18,20,2861,4462
2023-10-04 10:21:53,18,21,2861,4462
2023-10-04 10:21:54,18,20,2861,4462
2023-10-04 10:22:16,18,19,2861,4462
2023-10-04 10:22:26,18,20,2861,4462
2023-10-04 10:22:54,18,19,2861,4462
2023-10-04 10:23:11,17,19,2861,4462
2023-10-04 10:23:21,17,20,2861,4462
2023-10-04 10:23:25,18,20,2861,4462
2023-10-04 10:23:37,18,19,2861,4462
2023-10-04 10:23:38,17,19,2861,4462
2023-10-04 10:23:44,17,18,2861,4462
2023-10-04 10:23:53,16,18,2861,4462
2023-10-04 10:24:12,16,17,2861,4462
2023-10-04 10:24:17,16,17,2861,4662
2023-10-04 10:24:17,15,17,2911,4712
2023-10-04 10:25:03,15,18,2911,4712
2023-10-04 10:25:36,16,18,2911,4712
2023-10-04 10:25:49,16,19,2911,4712
2023-10-04 10:26:16,17,19,2911,4712
2023-10-04 10:26:25,17,20,2911,4712
2023-10-04 10:26:36,17,19,2911,4712
2023-10-04 10:26:38,17,20,2911,4712
2023-10-04 10:26:39,17,19,2911,4712
2023-10-04 10:26:46,17,20,2911,4712
2023-10-04 10:26:47,17,19,2911,4712
2023-10-04 10:27:52,17,18,2911,4712
2023-10-04 10:28:02,16,18,2944,4745
2023-10-04 10:28:07,16,17,2944,4745
2023-10-04 10:28:07,16,17,3231,5032
2023-10-04 10:28:08,16,17,3231,5232
2023-10-04 10:28:15,15,16,3231,5245
2023-10-04 10:29:05,15,16,3304,5318
2023-10-04 10:29:06,15,16,3384,5398
2023-10-04 10:29:08,14,15,3384,5495
2023-10-04 10:29:23,14,16,3384,5495
2023-10-04 10:29:54,14,15,3384,5495
2023-10-04 10:30:01,14,16,3384,5495
2023-10-04 10:30:42,14,17,3384,5495
2023-10-04 10:30:44,15,17,3384,5495
2023-10-04 10:30:45,15,18,3384,5495
2023-10-04 10:30:46,16,18,3384,5495
2023-10-04 10:31:02,17,18,3384,5495
2023-10-04 10:31:10,17,19,3384,5495
2023-10-04 10:31:28,18,19,3384,5495
2023-10-04 10:31:34,18,20,3384,5495
2023-10-04 10:32:41,19,20,3384,5495
2023-10-04 10:33:27,18,20,3384,5495
2023-10-04 10:33:54,19,20,3384,5495
2023-10-04 10:34:08,19,21,3384,5495
2023-10-04 10:34:08,20,21,3384,5495
2023-10-04 10:34:23,20,22,3384,5495
2023-10-04 10:34:34,21,22,3384,5495
2023-10-04 10:34:39,21,23,3384,5495
2023-10-04 10:34:39,22,23,3384,5495
2023-10-04 10:34:54,22,24,3384,5495
2023-10-04 10:35:08,23,24,3384,5495
2023-10-04 10:35:10,23,25,3384,5495
2023-10-04 10:35:15,24,25,3384,5495
2023-10-04 10:35:28,24,26,3384,5495
2023-10-04 10:35:38,25,26,3384,5495
2023-10-04 10:35:46,25,27,3384,5495
2023-10-04 10:36:56,26,27,3384,5495
2023-10-04 10:37:42,26,28,3384,5495
2023-10-04 10:39:06,26,28,3634,5745
2023-10-04 10:39:34,26,28,3719,5830
2023-10-04 10:39:45,25,28,3719,5830
2023-10-04 10:39:45,25,27,3719,5830
2023-10-04 10:40:08,25,28,3719,5830
2023-10-04 10:40:22,26,28,3719,5830
2023-10-04 10:40:34,27,28,3719,5830
2023-10-04 10:40:42,27,29,3719,5830
2023-10-04 10:40:42,27,29,3839,5950
2023-10-04 10:41:21,28,29,3839,5950
2023-10-04 10:41:23,28,30,3839,5950
2023-10-04 10:41:25,29,30,3839,5950
2023-10-04 10:41:29,29,31,3839,5950
2023-10-04 10:41:33,30,31,3839,5950
2023-10-04 10:41:50,30,32,3839,5950
2023-10-04 10:42:33,29,32,3839,5950
2023-10-04 10:42:41,29,31,3839,5950
2023-10-04 10:43:08,29,32,3839,5950
2023-10-04 10:43:20,30,32,3839,5950
2023-10-04 10:43:20,30,32,3899,6010
2023-10-04 10:43:21,29,32,3899,6010
2023-10-04 10:43:33,29,31,3899,6010
2023-10-04 10:44:29,29,30,3899,6010
2023-10-04 10:44:30,29,31,3899,6010
2023-10-04 10:44:39,29,30,3899,6010
2023-10-04 10:44:40,29,31,3899,6010
2023-10-04 10:44:41,29,30,3899,6010
2023-10-04 10:44:42,29,31,3899,6010
2023-10-04 10:44:43,29,30,3899,6010
2023-10-04 10:44:45,29,31,3899,6010
2023-10-04 10:45:08,29,32,3899,6010
2023-10-04 10:45:16,29,31,3899,6010
2023-10-04 10:45:22,29,32,3899,6010
2023-10-04 10:45:24,29,31,3899,6010
2023-10-04 10:45:25,29,32,3899,6010
2023-10-04 10:45:35,29,31,3899,6010
2023-10-04 10:45:59,28,31,3899,6010
2023-10-04 10:46:01,29,31,3899,6010
2023-10-04 10:46:01,29,31,3899,6410
2023-10-04 10:46:01,28,31,3899,6410
2023-10-04 10:46:01,28,31,4089,6810
2023-10-04 10:46:01,30,31,4089,6810
2023-10-04 10:46:02,30,31,4312,7033
2023-10-04 10:46:12,28,31,4312,7050
2023-10-04 10:46:13,29,31,4312,7050
2023-10-04 10:46:14,30,31,4312,7050
2023-10-04 10:46:14,30,31,4512,7250
2023-10-04 10:46:14,29,30,4512,7310
2023-10-04 10:46:17,28,29,4512,7602
2023-10-04 10:46:33,28,29,4622,7802
2023-10-04 10:46:34,27,29,4622,7802
2023-10-04 10:46:35,27,28,4622,7802
2023-10-04 10:46:41,27,28,4762,8052
2023-10-04 10:46:43,26,28,4762,8052
2023-10-04 10:46:44,27,28,4762,8052
2023-10-04 10:46:47,26,28,4762,8278
2023-10-04 10:46:54,26,27,4762,8278
2023-10-04 10:46:56,26,28,4622,8668
2023-10-04 10:47:07,27,28,4622,8668
2023-10-04 10:47:07,27,28,4622,8918
2023-10-04 10:47:08,26,27,4762,9058
2023-10-04 10:47:08,25,27,4762,9058
2023-10-04 10:47:09,25,26,4762,9058
2023-10-04 10:47:11,24,26,4762,9058
2023-10-04 10:47:23,25,26,4762,9058
2023-10-04 10:47:32,24,26,4775,9276
2023-10-04 10:47:32,25,26,4775,9276
2023-10-04 10:47:34,24,26,4775,9276
2023-10-04 10:47:42,25,26,4775,9276
2023-10-04 10:47:43,24,26,4775,9276
2023-10-04 10:47:47,25,26,4775,9276
2023-10-04 10:47:54,24,26,4775,9276
2023-10-04 10:47:55,25,26,4775,9276
2023-10-04 10:47:56,24,26,4775,9276
2023-10-04 10:47:57,25,26,4775,9276
2023-10-04 10:47:58,24,26,4775,9276
2023-10-04 10:48:03,25,26,4775,9276
2023-10-04 10:48:04,24,26,4775,9276
2023-10-04 10:48:05,24,25,4775,9276
2023-10-04 10:48:09,24,26,4775,9276
2023-10-04 10:48:09,25,26,4775,9276
2023-10-04 10:48:14,24,26,4981,9482
2023-10-04 10:48:14,25,26,4981,9482
2023-10-04 10:48:16,24,26,5204,9705
2023-10-04 10:48:18,24,25,5204,9705
2023-10-04 10:48:20,23,25,5204,9705
2023-10-04 10:48:20,23,24,5204,9705
2023-10-04 10:48:25,23,25,5204,9705
2023-10-04 10:48:35,22,25,5204,9705
2023-10-04 10:48:35,22,24,5204,9705
2023-10-04 10:48:35,22,23,5204,9705
2023-10-04 10:48:52,21,22,5204,9905
2023-10-04 10:48:52,21,22,5204,10085
2023-10-04 10:49:24,21,23,5324,10205
2023-10-04 10:49:25,22,23,5324,10205
2023-10-04 10:49:54,21,23,5324,10205
2023-10-04 10:49:55,21,22,5324,10205
2023-10-04 10:49:56,20,22,5324,10205
2023-10-04 10:49:56,20,21,5324,10205
2023-10-04 10:50:09,20,22,5324,10205
2023-10-04 10:50:09,21,22,5324,10205
2023-10-04 10:50:45,21,23,5711,10592
2023-10-04 10:50:46,22,23,5711,10592
2023-10-04 10:51:26,21,23,5711,10592
2023-10-04 10:51:27,22,23,5711,10592
2023-10-04 10:51:28,21,23,5711,10592
2023-10-04 10:51:29,22,23,5711,10592
2023-10-04 10:51:48,22,24,5711,10592
2023-10-04 10:51:48,23,24,5711,10592
2023-10-04 10:52:21,23,24,5911,10792
2023-10-04 10:52:23,21,24,5995,10876
2023-10-04 10:52:23,21,23,5995,10876
2023-10-04 10:52:24,22,23,5995,10876
2023-10-04 10:52:24,22,24,5995,10876
2023-10-04 10:52:25,23,24,5995,10876
2023-10-04 10:52:28,22,23,6178,11059
2023-10-04 10:52:29,22,24,6178,11059
2023-10-04 10:52:37,23,24,6178,11059
2023-10-04 10:52:38,22,24,6178,11059
2023-10-04 10:52:39,22,23,6178,11059
2023-10-04 10:52:40,22,24,6178,11059
2023-10-04 10:52:45,23,24,6178,11059
2023-10-04 10:52:46,22,24,6178,11059
2023-10-04 10:52:49,23,24,6178,11059
2023-10-04 10:52:50,22,24,6178,11059
2023-10-04 10:52:51,23,24,6178,11059
2023-10-04 10:52:52,22,24,6178,11059
2023-10-04 10:52:57,23,24,6178,11059
2023-10-04 10:53:06,22,24,6178,11059
2023-10-04 10:53:10,23,24,6178,11059
2023-10-04 10:53:14,22,24,6178,11059
2023-10-04 10:53:17,23,24,6178,11059
2023-10-04 10:53:32,22,23,6468,11349
2023-10-04 10:53:33,22,24,6468,11349
2023-10-04 10:53:33,21,24,6468,11349
2023-10-04 10:53:33,21,23,6468,11349
2023-10-04 10:53:50,22,23,6468,11349
2023-10-04 10:53:51,22,24,6468,11349
2023-10-04 10:53:59,22,23,6468,11349
2023-10-04 10:54:01,22,24,6468,11349
2023-10-04 10:54:02,22,23,6468,11349
2023-10-04 10:54:04,21,23,6468,11349
2023-10-04 10:54:11,22,23,6468,11349
2023-10-04 10:54:12,22,24,6468,11349
2023-10-04 10:54:15,22,23,6468,11349
2023-10-04 10:54:17,21,23,6468,11349
2023-10-04 10:54:18,22,23,6468,11349
2023-10-04 10:54:21,21,23,6468,11349
2023-10-04 10:54:22,21,24,6468,11349
2023-10-04 10:54:22,22,24,6468,11349
2023-10-04 10:54:32,22,23,6468,11349
2023-10-04 10:54:33,22,24,6468,11349
2023-10-04 10:54:34,22,23,6468,11349
2023-10-04 10:54:35,21,23,6468,11349
2023-10-04 10:54:36,22,23,6468,11349
2023-10-04 10:54:38,22,24,6468,11349
2023-10-04 10:54:40,22,23,6468,11349
2023-10-04 10:54:42,21,23,6468,11349
2023-10-04 10:54:44,22,23,6468,11349
2023-10-04 10:54:45,21,23,6468,11349
2023-10-04 10:54:49,22,23,6468,11349
2023-10-04 10:54:51,21,23,6468,11349
2023-10-04 10:54:58,21,22,6468,11349
2023-10-04 10:54:58,20,22,6468,11349
2023-10-04 10:54:59,20,23,6868,11749
2023-10-04 10:54:59,21,23,6868,11749
2023-10-04 10:55:00,21,22,6868,11749
2023-10-04 10:55:05,20,22,6868,11749
2023-10-04 10:55:07,20,21,6868,11749
2023-10-04 10:55:17,20,22,6868,11749
2023-10-04 10:55:21,20,21,6868,11749
2023-10-04 10:55:26,20,22,6868,11749
2023-10-04 10:55:35,21,22,6868,11749
2023-10-04 10:55:36,20,22,6868,11749
2023-10-04 10:55:37,21,22,6868,11749
2023-10-04 10:55:40,20,22,6868,11749
2023-10-04 10:55:43,20,21,6868,11749
2023-10-04 10:55:45,20,22,6868,11749
2023-10-04 10:55:46,20,21,6868,11749
2023-10-04 10:55:54,19,20,6868,12149
2023-10-04 10:55:57,19,20,6868,12349
2023-10-04 10:56:20,19,20,6868,12949
2023-10-04 10:56:20,19,20,7268,13349
2023-10-04 10:56:21,19,20,7668,13749
2023-10-04 10:56:22,19,20,7668,13939
2023-10-04 10:56:22,19,20,7668,14139
2023-10-04 10:56:24,19,20,7668,14339
2023-10-04 10:56:24,19,20,8068,14739
2023-10-04 10:56:25,20,22,8068,14749
2023-10-04 10:56:31,20,21,8068,14749
2023-10-04 10:56:43,20,21,8028,14789
2023-10-04 10:56:44,20,21,7828,14989
2023-10-04 10:56:45,20,22,7828,14989
2023-10-04 10:56:49,19,22,7828,14989
2023-10-04 10:56:49,19,21,7828,14989
2023-10-04 10:56:51,19,22,7602,15322
2023-10-04 10:56:51,20,22,7602,15322
2023-10-04 10:57:18,20,21,7602,15322
2023-10-04 10:57:19,19,20,7897,15617
2023-10-04 10:57:49,18,20,7897,15617
2023-10-04 10:57:53,19,20,7897,15617
2023-10-04 10:57:58,18,21,8175,15895
2023-10-04 10:58:19,18,19,8175,16095
2023-10-04 10:58:59,18,21,8402,16322
2023-10-04 10:59:00,19,21,8402,16322
2023-10-04 10:59:16,19,20,8402,16322
2023-10-04 10:59:31,19,21,8598,16627
2023-10-04 10:59:50,20,21,8598,16627
2023-10-04 10:59:55,20,22,8598,16627
2023-10-04 10:59:56,20,21,8598,16627
2023-10-04 11:00:09,19,21,8598,16627
2023-10-04 11:00:12,20,21,8598,16627
2023-10-04 11:00:13,19,21,8598,16627
2023-10-04 11:00:16,20,21,8598,16627
2023-10-04 11:00:17,20,21,8652,16877
2023-10-04 11:00:18,19,21,8652,16877
2023-10-04 11:00:20,19,20,8652,16877
2023-10-04 11:00:21,18,20,8652,16877
2023-10-04 11:00:22,18,21,8652,16877
2023-10-04 11:00:22,19,21,8652,16877
2023-10-04 11:00:25,19,20,8652,16877
2023-10-04 11:00:31,19,21,8652,16877
2023-10-04 11:00:32,19,20,8652,16877
2023-10-04 11:00:35,19,21,8652,16877
2023-10-04 11:00:37,19,20,8652,16877
2023-10-04 11:00:42,18,20,8652,16877
2023-10-04 11:00:47,18,19,8652,16877
2023-10-04 11:00:49,18,20,8652,16890
2023-10-04 11:00:49,18,19,8652,16890
2023-10-04 11:00:50,18,19,8652,16927
2023-10-04 11:01:31,18,20,8652,16927
2023-10-04 11:01:32,19,20,8652,16927
2023-10-04 11:02:41,19,21,8652,16927
2023-10-04 11:02:41,20,21,8652,16927
2023-10-04 11:02:45,20,22,9052,17327
2023-10-04 11:02:46,21,22,9052,17327
2023-10-04 11:03:08,21,22,9152,17427
2023-10-04 11:03:17,21,22,9177,17452
2023-10-04 11:03:19,21,23,9177,17452
2023-10-04 11:03:26,22,23,9177,17452
2023-10-04 11:03:28,22,23,9177,17485
2023-10-04 11:03:32,22,24,9944,18252
2023-10-04 11:03:40,23,24,9944,18252
2023-10-04 11:03:42,23,25,9944,18252
2023-10-04 11:03:43,24,25,9944,18252
2023-10-04 11:03:45,24,25,10064,18372
2023-10-04 11:04:56,23,25,10064,18372
2023-10-04 11:05:25,23,24,10064,18372
2023-10-04 11:05:29,23,24,10244,18552
2023-10-04 11:05:29,21,24,10244,18552
2023-10-04 11:05:32,22,24,10244,18552
2023-10-04 11:05:33,21,24,10244,18552
2023-10-04 11:05:38,22,24,10244,18552
2023-10-04 11:05:55,21,24,10244,18552
2023-10-04 11:06:02,22,24,10244,18552
2023-10-04 11:06:32,23,24,10244,18552
2023-10-04 11:06:33,23,25,10244,18552
2023-10-04 11:07:00,24,25,10244,18552
2023-10-04 11:07:31,23,25,10244,18552
2023-10-04 11:07:46,24,25,10244,18552
2023-10-04 11:07:46,24,25,10244,18612
2023-10-04 11:07:59,24,26,10244,18612
2023-10-04 11:08:26,23,26,10244,18812
2023-10-04 11:08:32,23,25,10244,18812
2023-10-04 11:08:34,22,25,10244,18812
2023-10-04 11:08:34,23,25,10244,18812
2023-10-04 11:08:55,23,26,10244,18812
2023-10-04 11:09:06,25,26,10244,18812
2023-10-04 11:09:55,25,27,10244,18812
2023-10-04 11:10:14,26,27,10244,18812
2023-10-04 11:10:38,25,27,10244,18812
2023-10-04 11:10:55,26,27,10244,18812
2023-10-04 11:10:56,26,28,10244,18812
2023-10-04 11:11:12,27,28,10244,18812
2023-10-04 11:11:19,27,28,10304,18872
2023-10-04 11:11:40,27,29,10304,18872
2023-10-04 11:11:47,28,29,10304,18872
2023-10-04 11:11:54,28,30,10304,18872
2023-10-04 11:12:12,29,30,10304,18872
2023-10-04 11:12:21,28,30,10304,18872
2023-10-04 11:12:58,28,29,10304,18872
2023-10-04 11:13:04,27,29,10304,18872
2023-10-04 11:13:04,28,29,10304,18872
2023-10-04 11:13:06,28,30,10104,19072
2023-10-04 11:13:07,28,29,10104,19072
2023-10-04 11:14:07,28,30,10104,19072
2023-10-04 11:15:46,29,30,10104,19072
2023-10-04 11:16:09,29,31,10104,19072
2023-10-04 11:16:32,30,31,10104,19072
2023-10-04 11:16:52,29,31,10104,19072
2023-10-04 11:17:22,30,31,10104,19072
2023-10-04 11:17:28,30,32,10104,19072
2023-10-04 11:17:40,31,32,10104,19072
2023-10-04 11:17:45,32,33,9914,19372
2023-10-04 11:18:11,32,33,9914,19492
2023-10-04 11:18:12,32,34,9914,19492
2023-10-04 11:18:20,33,34,9914,19492
2023-10-04 11:18:29,32,34,9914,19492
2023-10-04 11:18:33,33,34,9914,19492
2023-10-04 11:18:45,33,35,9914,19492
2023-10-04 11:18:57,34,35,9914,19492
2023-10-04 11:19:25,34,36,9914,19492
2023-10-04 11:19:26,34,35,9914,19492
2023-10-04 11:19:44,35,36,10214,19792
2023-10-04 11:19:44,35,36,10464,20042
2023-10-04 11:19:52,35,36,10714,20292
2023-10-04 11:20:02,35,36,10919,20497
2023-10-04 11:21:10,36,37,11319,21168
2023-10-04 11:21:14,36,37,11424,21273
2023-10-04 11:21:26,36,37,11587,21436
2023-10-04 11:21:47,36,37,11387,21636
2023-10-04 11:21:48,36,38,11387,21636
2023-10-04 11:21:50,36,37,11387,21636
2023-10-04 11:21:55,36,38,11387,21636
2023-10-04 11:21:56,36,37,11387,21636
2023-10-04 11:22:14,35,36,11443,22092
2023-10-04 11:22:53,35,36,11843,22492
2023-10-04 11:22:53,33,35,12031,22680
2023-10-04 11:22:54,33,36,12031,22680
2023-10-04 11:22:55,33,35,12031,22680
2023-10-04 11:22:56,33,35,12031,22732
2023-10-04 11:23:10,32,35,12031,23332
2023-10-04 11:23:10,32,33,12031,23364
2023-10-04 11:23:22,32,33,12134,23664
2023-10-04 11:24:25,31,33,12134,23664
2023-10-04 11:24:34,31,32,12134,23664
2023-10-04 11:24:34,31,32,12059,23739
2023-10-04 11:24:35,30,32,12059,23739
2023-10-04 11:24:35,30,31,12059,23739
2023-10-04 11:24:35,30,32,12059,23751
2023-10-04 11:24:37,30,32,12031,23898
2023-10-04 11:24:38,30,33,12031,23898
2023-10-04 11:24:40,30,32,12031,23898
2023-10-04 11:25:15,30,33,12031,23898
2023-10-04 11:25:16,31,33,12031,23898
2023-10-04 11:25:38,32,33,12031,23898
2023-10-04 11:25:42,32,34,12031,23898
2023-10-04 11:26:00,33,34,12031,23898
2023-10-04 11:27:32,33,35,12031,23898
2023-10-04 11:27:35,34,35,12031,23898
2023-10-04 11:27:51,34,35,12231,24098
2023-10-04 11:27:54,34,35,12431,24298
2023-10-04 11:27:59,34,35,12631,24498
2023-10-04 11:28:07,34,35,12831,24698
2023-10-04 11:28:08,32,35,12831,24698
2023-10-04 11:28:18,32,34,12831,24698
2023-10-04 11:28:34,33,34,12831,24698
2023-10-04 11:28:50,33,35,12831,24698
2023-10-04 11:29:38,34,35,12831,24698
2023-10-04 11:30:04,35,36,13631,25498
2023-10-04 11:30:22,35,36,13634,25501
2023-10-04 11:30:30,35,36,13639,25506
2023-10-04 11:30:34,35,36,13644,25511
2023-10-04 11:30:35,35,36,13844,25711
2023-10-04 11:30:37,35,36,13904,25771
2023-10-04 11:30:37,34,35,14244,26111
2023-10-04 11:30:38,34,35,14249,26116
2023-10-04 11:30:39,33,35,14249,26116
2023-10-04 11:30:47,33,36,14249,26116
2023-10-04 11:31:04,34,36,14249,26116
2023-10-04 11:31:39,33,36,14249,26116
2023-10-04 11:32:27,34,36,14249,26116
2023-10-04 11:32:35,33,36,14249,26116
2023-10-04 11:32:36,33,35,14249,26116
2023-10-04 11:33:04,34,35,14249,26116
2023-10-04 11:33:27,33,35,14249,26116
2023-10-04 11:33:33,35,36,14324,26191
2023-10-04 11:34:56,36,37,14524,26391
2023-10-04 11:35:32,36,37,14584,26451
2023-10-04 11:35:34,36,37,14784,26651
2023-10-04 11:35:34,36,38,14784,26651
2023-10-04 11:35:34,36,38,14884,26751
2023-10-04 11:35:41,36,38,14959,26826
2023-10-04 11:35:43,36,38,14960,26827
2023-10-04 11:36:01,36,38,15160,27027
2023-10-04 11:36:04,36,38,15410,27277
2023-10-04 11:36:11,36,38,15660,27527
2023-10-04 11:36:34,36,39,15660,27527
2023-10-04 11:36:35,36,38,15660,27527
2023-10-04 11:36:35,36,37,15660,27527
2023-10-04 11:36:43,36,39,15660,27527
2023-10-04 11:36:43,36,38,15660,27527
2023-10-04 11:36:50,36,37,15660,27527
2023-10-04 11:36:51,36,38,15660,27527
2023-10-04 11:37:09,36,37,15660,27527
2023-10-04 11:37:10,36,37,15660,27545
2023-10-04 11:37:10,36,38,15660,27545
2023-10-04 11:37:19,36,37,15660,27545
2023-10-04 11:37:20,36,38,15660,27545
2023-10-04 11:37:21,36,37,15660,27545
2023-10-04 11:37:22,36,38,15660,27545
2023-10-04 11:37:23,36,37,15660,27545
2023-10-04 11:37:24,36,38,15660,27545
2023-10-04 11:37:25,36,37,15660,27545
2023-10-04 11:37:26,36,38,15660,27545
2023-10-04 11:37:27,36,37,15660,27545
2023-10-04 11:37:28,36,38,15660,27545
2023-10-04 11:37:29,36,37,15660,27545
2023-10-04 11:37:30,36,38,15660,27545
2023-10-04 11:37:33,36,37,15660,27545
2023-10-04 11:37:34,36,38,15660,27545
2023-10-04 11:37:35,37,38,15660,27545
2023-10-04 11:37:36,37,40,15660,27545
2023-10-04 11:37:36,37,39,15660,27545
2023-10-04 11:37:37,37,38,15660,27545
2023-10-04 11:37:38,37,39,15660,27545
2023-10-04 11:37:39,38,39,15660,27545
2023-10-04 11:37:43,37,39,15460,27745
2023-10-04 11:37:44,37,38,15460,27745
2023-10-04 11:37:45,37,39,15460,27745
2023-10-04 11:37:46,37,38,15460,27745
2023-10-04 11:37:47,37,39,15460,27745
2023-10-04 11:37:48,37,38,15460,27745
2023-10-04 11:37:49,37,39,15460,27745
2023-10-04 11:37:50,37,38,15460,27745
2023-10-04 11:37:51,38,39,15267,27938
2023-10-04 11:37:52,37,39,15267,27938
2023-10-04 11:37:52,37,38,15267,27938
2023-10-04 11:38:00,37,38,15067,28138
2023-10-04 11:38:01,38,39,15023,28182
2023-10-04 11:38:01,38,40,15023,28182
2023-10-04 11:38:21,39,40,15023,28182
2023-10-04 11:39:05,38,40,15023,28182
2023-10-04 11:39:06,38,39,15023,28182
2023-10-04 11:39:20,38,40,15023,28182
2023-10-04 11:39:30,39,40,15023,28182
2023-10-04 11:40:12,38,40,15023,28182
2023-10-04 11:40:12,38,39,15023,28182
2023-10-04 11:40:13,38,40,15023,28182
2023-10-04 11:40:14,38,39,15023,28182
2023-10-04 11:40:15,38,39,14823,28382
2023-10-04 11:40:15,38,40,14823,28382
2023-10-04 11:40:16,39,40,14823,28382
2023-10-04 11:40:17,38,40,14823,28382
2023-10-04 11:40:19,39,40,14823,28382
2023-10-04 11:40:20,38,40,14823,28382
2023-10-04 11:40:23,39,40,14823,28382
2023-10-04 11:40:50,38,40,14823,28382
2023-10-04 11:40:51,38,39,14823,28382
2023-10-04 11:41:11,37,39,14823,28382
2023-10-04 11:41:13,37,38,14823,28382
2023-10-04 11:41:20,36,37,15082,28641
2023-10-04 11:42:19,36,38,15082,28641
2023-10-04 11:42:47,37,38,15082,28641
2023-10-04 11:42:57,36,38,15082,28641
2023-10-04 11:43:00,37,38,15082,28641
2023-10-04 11:43:03,37,38,15141,28700
2023-10-04 11:44:17,37,39,15141,28700
2023-10-04 11:44:17,38,39,15141,28700
2023-10-04 11:44:24,37,39,15141,28704
2023-10-04 11:45:19,37,38,15141,28704
2023-10-04 11:45:19,37,38,15144,28707
2023-10-04 11:46:52,37,39,15144,28707
2023-10-04 11:46:58,38,39,15144,28707
2023-10-04 11:47:08,38,39,15144,28712
2023-10-04 11:47:09,38,39,15144,28717
2023-10-04 11:47:12,38,39,15144,28722
2023-10-04 11:47:13,38,39,15144,28727
2023-10-04 11:47:21,39,40,14966,28905
2023-10-04 11:47:21,39,40,14966,28910
2023-10-04 11:47:21,39,40,14966,28915
2023-10-04 11:47:22,39,40,14966,28920
2023-10-04 11:47:22,39,40,14966,28925
2023-10-04 11:47:28,39,41,14966,28925
2023-10-04 11:47:28,40,41,14966,28925
2023-10-04 11:47:29,40,41,14966,29525
2023-10-04 11:47:29,40,41,14971,29530
2023-10-04 11:47:29,40,41,14976,29535
2023-10-04 11:47:29,40,42,14976,29535
2023-10-04 11:47:30,41,42,14976,29535
2023-10-04 11:47:38,41,43,15176,29735
2023-10-04 11:47:39,42,43,15176,29735
2023-10-04 11:47:43,42,43,15176,29959
2023-10-04 11:47:51,42,44,15176,29959
2023-10-04 11:47:51,43,44,15176,29959
2023-10-04 11:47:52,43,44,15252,30035
2023-10-04 11:48:05,43,44,15372,30155
2023-10-04 11:48:22,42,44,15323,30208
2023-10-04 11:48:57,43,44,15323,30208
2023-10-04 11:49:21,42,44,15323,30208
2023-10-04 11:49:53,42,43,15323,30208
2023-10-04 11:49:54,42,44,15323,30208
2023-10-04 11:50:13,42,43,15323,30208
2023-10-04 11:50:14,40,43,15323,30208
2023-10-04 11:50:14,41,43,15323,30208
2023-10-04 11:50:15,41,42,15323,30208
2023-10-04 11:50:16,41,42,15323,30268
2023-10-04 11:50:16,41,43,15323,30268
2023-10-04 11:50:17,41,42,15323,30268
2023-10-04 11:50:17,40,42,15323,30335
2023-10-04 11:50:19,40,41,15323,30335
2023-10-04 11:50:20,40,42,15323,30335
2023-10-04 11:50:21,40,41,15323,30335
2023-10-04 11:50:22,40,41,15323,30415
2023-10-04 11:50:23,40,41,15326,30418
2023-10-04 11:50:23,40,41,15326,30498
2023-10-04 11:50:25,40,41,15326,30531
2023-10-04 11:50:27,40,41,15326,30611
2023-10-04 11:50:28,40,41,15326,30691
2023-10-04 11:50:30,40,41,15326,30735
2023-10-04 11:50:30,40,42,15326,30735
2023-10-04 11:50:31,41,42,15326,30735
2023-10-04 11:50:32,40,42,15331,30740
2023-10-04 11:50:34,40,41,15331,30740
2023-10-04 11:50:35,40,42,15331,30740
2023-10-04 11:50:36,41,42,15331,30740
2023-10-04 11:50:36,40,42,15370,30895
2023-10-04 11:50:37,40,41,15370,30895
2023-10-04 11:50:39,39,41,15370,30895
2023-10-04 11:51:09,39,40,15370,30895
2023-10-04 11:51:09,39,41,15370,30895
2023-10-04 11:51:11,39,40,15370,30895
2023-10-04 11:51:11,39,40,15370,30900
2023-10-04 11:51:11,39,40,15370,30905
2023-10-04 11:51:12,39,41,15370,30905
2023-10-04 11:51:13,39,40,15370,30905
2023-10-04 11:51:13,39,40,15370,30910
2023-10-04 11:51:14,39,40,15370,30915
2023-10-04 11:51:15,39,41,15370,30915
2023-10-04 11:51:37,39,42,15370,30915
2023-10-04 11:51:38,40,42,15370,30915
2023-10-04 11:51:51,39,40,15370,31315
2023-10-04 11:52:02,39,40,15370,31515
2023-10-04 11:52:03,39,42,15580,31725
2023-10-04 11:52:03,40,42,15580,31725
2023-10-04 11:52:13,39,40,15658,31925
2023-10-04 11:52:26,39,40,15858,32125
2023-10-04 11:52:28,40,42,15958,32225
2023-10-04 11:52:52,40,43,15958,32225
2023-10-04 11:52:52,41,43,15958,32225
2023-10-04 11:52:59,41,43,15958,32258
2023-10-04 11:55:04,42,43,15958,32258
2023-10-04 11:56:07,42,44,15958,32258
2023-10-04 11:56:15,43,44,15958,32258
2023-10-04 11:56:19,43,45,15958,32258
2023-10-04 11:56:19,43,44,15958,32258
2023-10-04 11:56:20,43,45,15958,32258
2023-10-04 11:57:14,44,45,15958,32258
2023-10-04 11:57:39,44,46,15958,32258
2023-10-04 11:58:10,45,46,15958,32258
2023-10-04 11:58:43,45,47,15958,32258
2023-10-04 11:58:44,45,46,15958,32258
2023-10-04 11:58:45,45,47,15958,32258
2023-10-04 11:58:46,45,46,15958,32258
2023-10-04 11:58:47,45,47,15958,32258
2023-10-04 11:58:48,45,46,15958,32258
2023-10-04 11:58:49,45,47,15958,32258
2023-10-04 11:58:50,45,46,15958,32258
2023-10-04 11:58:51,45,47,15958,32258
2023-10-04 11:58:52,45,46,15958,32258
2023-10-04 11:58:53,45,47,15958,32258
2023-10-04 11:58:54,45,46,15958,32258
2023-10-04 11:58:55,45,47,15958,32258
2023-10-04 11:58:56,45,46,15958,32258
2023-10-04 11:58:57,45,47,15958,32258
2023-10-04 11:58:58,45,46,15958,32258
2023-10-04 11:58:59,45,47,15958,32258
2023-10-04 11:59:00,45,46,15958,32258
2023-10-04 11:59:01,45,47,15958,32258
2023-10-04 11:59:02,45,46,15958,32258
2023-10-04 11:59:03,45,47,15958,32258
2023-10-04 11:59:04,45,46,15958,32258
2023-10-04 11:59:05,45,47,15958,32258
2023-10-04 11:59:06,45,46,15958,32258
2023-10-04 11:59:07,45,47,15958,32258
2023-10-04 11:59:11,45,46,15958,32258
2023-10-04 11:59:12,45,47,15958,32258
2023-10-04 11:59:13,45,46,15958,32258
2023-10-04 11:59:14,45,47,15958,32258
2023-10-04 11:59:15,45,46,15958,32258
2023-10-04 11:59:16,45,47,15958,32258
2023-10-04 11:59:17,45,46,15958,32258
2023-10-04 11:59:18,45,47,15958,32258
2023-10-04 11:59:19,45,46,15958,32258
2023-10-04 11:59:20,45,47,15958,32258
2023-10-04 11:59:21,45,46,15958,32258
2023-10-04 11:59:22,45,47,15958,32258
2023-10-04 11:59:23,45,46,15958,32258
2023-10-04 11:59:24,45,47,15958,32258
2023-10-04 11:59:25,45,46,15958,32258
2023-10-04 11:59:26,45,47,15958,32258
2023-10-04 11:59:27,45,46,15958,32258
2023-10-04 11:59:28,45,47,15958,32258
2023-10-04 11:59:30,45,46,15958,32258
2023-10-04 11:59:31,45,47,15958,32258
2023-10-04 11:59:32,45,46,15958,32258
2023-10-04 11:59:34,45,47,15958,32258
2023-10-04 12:00:12,44,47,16623,32923
2023-10-04 12:00:13,45,47,16623,32923
2023-10-04 12:00:47,44,47,16623,32923
2023-10-04 12:01:06,44,46,16623,32923
2023-10-04 12:01:39,44,45,16623,32923
2023-10-04 12:01:41,44,46,16623,32923
2023-10-04 12:01:44,44,45,16623,32923
2023-10-04 12:01:45,44,46,16623,32923
2023-10-04 12:01:46,44,45,16623,32923
2023-10-04 12:02:02,43,45,16623,32923
2023-10-04 12:03:25,43,44,16623,32923
2023-10-04 12:03:34,43,45,16623,32923
2023-10-04 12:03:34,43,44,16623,32923
2023-10-04 12:04:20,42,44,16623,32923
2023-10-04 12:06:14,43,44,16623,32923
2023-10-04 12:06:21,42,44,16623,32923
2023-10-04 12:06:22,43,44,16623,32923
2023-10-04 12:06:39,43,45,16557,32989
2023-10-04 12:06:40,44,45,16557,32989
2023-10-04 12:06:58,44,46,16557,32989
2023-10-04 12:06:59,45,46,16557,32989
2023-10-04 12:07:04,45,46,16557,32990
2023-10-04 12:07:06,45,46,16557,32991
2023-10-04 12:07:06,45,46,16557,32992
2023-10-04 12:07:10,44,45,16558,32993
2023-10-04 12:07:11,44,45,16559,32994
2023-10-04 12:07:11,44,45,16560,32995
2023-10-04 12:07:11,43,45,16560,32995
2023-10-04 12:07:23,44,45,16560,32995
2023-10-04 12:07:32,41,45,16560,34745
2023-10-04 12:07:32,42,45,16560,34745
2023-10-04 12:07:32,42,44,16560,34745
2023-10-04 12:07:51,42,43,16560,34745
2023-10-04 12:08:21,40,43,16560,34745
2023-10-04 12:08:22,40,43,16560,34753
2023-10-04 12:08:42,40,42,16560,34753
2023-10-04 12:08:45,39,42,16560,34753
2023-10-04 12:09:39,38,42,16560,34753
2023-10-04 12:10:33,38,42,16560,34813
2023-10-04 12:10:36,38,42,16560,34873
2023-10-04 12:10:41,38,42,16560,34933
2023-10-04 12:10:47,38,42,16310,35183
2023-10-04 12:10:48,38,44,16184,35309
2023-10-04 12:10:56,38,45,16184,35309
2023-10-04 12:10:56,38,44,16184,35309
2023-10-04 12:11:41,39,44,16184,35309
2023-10-04 12:11:57,40,44,16184,35309
2023-10-04 12:12:16,41,44,16184,35309
2023-10-04 12:12:20,42,44,16184,35309
2023-10-04 12:12:27,43,44,16184,35309
2023-10-04 12:12:32,43,44,16185,35310
2023-10-04 12:12:32,42,44,16185,35310
2023-10-04 12:12:39,39,44,16185,35310
2023-10-04 12:12:39,41,44,16185,35310
2023-10-04 12:12:40,39,44,16184,35311
2023-10-04 12:12:46,39,43,16184,35311
2023-10-04 12:14:15,39,42,16184,35311
2023-10-04 12:14:24,39,41,16184,35311
2023-10-04 12:14:27,38,41,16184,35311
2023-10-04 12:14:46,39,41,16184,35311
2023-10-04 12:14:47,39,42,16184,35311
2023-10-04 12:15:08,39,41,16184,35311
2023-10-04 12:15:08,38,41,16184,35311
2023-10-04 12:15:26,38,42,16184,35311
2023-10-04 12:15:30,39,42,16184,35311
2023-10-04 12:16:05,40,42,16184,35311
2023-10-04 12:17:04,41,42,16184,35311
2023-10-04 12:17:11,41,43,16184,35311
2023-10-04 12:17:12,40,43,16184,35311
2023-10-04 12:17:12,39,43,16184,35311
2023-10-04 12:17:14,40,43,16184,35311
2023-10-04 12:17:17,41,43,16184,35311
2023-10-04 12:17:26,42,43,16184,35311
2023-10-04 12:17:42,41,42,16184,35312
2023-10-04 12:17:43,41,42,16184,35313
2023-10-04 12:17:44,41,43,16184,35313
2023-10-04 12:18:14,41,44,16184,35313
2023-10-04 12:18:15,42,44,16184,35313
2023-10-04 12:18:31,43,44,16184,35313
2023-10-04 12:18:43,42,44,16184,35313
2023-10-04 12:18:43,41,44,16184,35313
2023-10-04 12:19:09,42,44,16184,35313
2023-10-04 12:20:03,42,45,16184,35513
2023-10-04 12:20:04,43,45,16184,35513
2023-10-04 12:20:10,44,45,16184,35513
2023-10-04 12:20:12,44,45,16184,35514
2023-10-04 12:20:45,43,45,16184,35514
2023-10-04 12:21:12,43,46,16184,35514
2023-10-04 12:21:13,43,45,16184,35514
2023-10-04 12:21:14,43,45,16184,35517
2023-10-04 12:21:14,43,44,16184,35517
2023-10-04 12:21:36,43,45,16184,35517
2023-10-04 12:21:36,43,46,16184,35517
2023-10-04 12:21:37,43,45,16184,35517
2023-10-04 12:21:37,44,45,16184,35517
2023-10-04 12:21:37,44,45,16184,35518
2023-10-04 12:21:38,44,45,16184,35519
2023-10-04 12:21:42,43,45,16184,35519
2023-10-04 12:21:54,44,45,16184,35519
2023-10-04 12:22:09,44,46,16184,35520
2023-10-04 12:22:23,44,45,16184,35520
2023-10-04 12:22:31,44,46,16184,35520
2023-10-04 12:22:31,44,45,16184,35520
2023-10-04 12:22:45,44,45,16185,35521
2023-10-04 12:22:48,44,46,16185,35521
2023-10-04 12:22:48,44,45,16185,35521
2023-10-04 12:22:49,44,45,16186,35522
2023-10-04 12:22:49,43,45,16186,35522
2023-10-04 12:22:58,43,45,16186,35525
2023-10-04 12:22:58,43,45,16186,35527
2023-10-04 12:22:58,44,45,16186,35527
2023-10-04 12:23:04,44,46,16181,35631
2023-10-04 12:23:05,45,46,16181,35631
2023-10-04 12:23:17,45,46,16181,35632
2023-10-04 12:23:23,45,46,16181,35633
2023-10-04 12:23:24,45,46,16181,35634
2023-10-04 12:23:26,44,45,16182,35635
2023-10-04 12:23:27,44,45,16183,35636
2023-10-04 12:23:27,43,45,16183,35636
2023-10-04 12:23:34,43,46,16183,35636
2023-10-04 12:23:34,43,44,16183,35636
2023-10-04 12:23:40,42,44,16183,35636
2023-10-04 12:23:56,42,45,16183,35636
2023-10-04 12:23:56,42,44,16183,35636
2023-10-04 12:24:03,41,44,16183,35636
2023-10-04 12:24:27,41,44,16183,35641
2023-10-04 12:24:27,41,43,16183,35641
2023-10-04 12:24:27,41,44,16183,35646
2023-10-04 12:24:40,41,43,16183,35646
2023-10-04 12:24:42,40,43,16183,35646
2023-10-04 12:26:35,40,44,16183,36046
2023-10-04 12:26:35,42,44,16183,36046
2023-10-04 12:27:04,41,44,16183,36046
2023-10-04 12:27:04,41,45,16183,36046
2023-10-04 12:27:04,43,45,16183,36046
2023-10-04 12:27:04,43,44,16183,36046
2023-10-04 12:28:04,43,45,16183,36046
2023-10-04 12:28:05,43,44,16183,36046
2023-10-04 12:28:29,43,45,16183,36046
2023-10-04 12:28:29,42,45,16183,36046
2023-10-04 12:28:29,44,45,16183,36046
2023-10-04 12:29:04,44,46,16183,36046
2023-10-04 12:29:04,44,45,16183,36046
2023-10-04 12:30:03,44,46,16183,36046
2023-10-04 12:30:03,43,46,16183,36046
2023-10-04 12:30:03,44,46,16183,36046
2023-10-04 12:30:03,45,46,16183,36046
2023-10-04 12:30:05,45,47,16183,36046
2023-10-04 12:30:26,45,46,16183,36046
2023-10-04 12:30:54,43,45,16185,36448
2023-10-04 12:31:37,43,46,16185,36448
2023-10-04 12:31:42,43,47,16185,36448
2023-10-04 12:31:54,43,46,16185,36448
2023-10-04 12:32:27,43,46,16185,36450
2023-10-04 12:32:27,43,45,16185,36450
2023-10-04 12:32:42,43,47,16585,37700
2023-10-04 12:32:43,44,47,16585,37700
2023-10-04 12:32:43,45,47,16585,37700
2023-10-04 12:36:19,46,47,16585,37800
2023-10-04 12:36:29,46,47,16385,38000
2023-10-04 12:36:44,45,46,16285,38100
2023-10-04 12:36:45,45,47,16285,38100
2023-10-04 12:36:46,45,46,16285,38100
2023-10-04 12:37:04,45,47,16285,38100
2023-10-04 12:37:20,45,46,16285,38100
2023-10-04 12:37:30,44,46,16285,38100
2023-10-04 12:37:50,44,47,16285,38100
2023-10-04 12:37:58,45,47,16285,38100
2023-10-04 12:40:17,45,46,16285,38100
2023-10-04 12:40:18,45,47,16285,38100
2023-10-04 12:40:19,45,46,16285,38100
2023-10-04 12:40:21,45,47,16285,38100
2023-10-04 12:42:51,45,46,16285,38100
2023-10-04 12:42:52,44,46,16285,38100
2023-10-04 12:44:02,44,47,16285,38100
2023-10-04 12:44:23,44,46,16285,38100
2023-10-04 12:45:53,44,47,16285,38100
2023-10-04 12:46:04,45,47,16285,38100
2023-10-04 12:46:20,45,46,16285,38100
2023-10-04 12:46:59,45,47,16285,38100
2023-10-04 12:47:51,45,48,16285,38100
2023-10-04 12:47:52,46,48,16285,38100
2023-10-04 12:49:06,47,48,16285,38100
2023-10-04 12:49:10,47,49,16285,38100
2023-10-04 12:49:36,47,50,15685,39100
2023-10-04 12:49:36,48,50,15685,39100
2023-10-04 12:50:28,49,50,15685,39100
2023-10-04 12:52:15,49,51,15660,39325
2023-10-04 12:52:50,49,50,15660,39325
2023-10-04 12:56:41,49,50,15660,39425
2023-10-04 12:57:01,49,50,15660,39605
2023-10-04 12:57:01,49,50,15660,39705
2023-10-04 12:57:02,47,50,15660,39705
2023-10-04 12:57:02,48,50,15660,39705
2023-10-04 12:57:24,47,50,15660,39705
2023-10-04 12:57:24,49,50,15660,39705
2023-10-04 12:57:24,47,50,15660,39725
2023-10-04 12:58:22,47,49,15660,39725
2023-10-04 12:59:16,47,50,15660,39725
2023-10-04 12:59:17,49,50,15660,39725
2023-10-04 12:59:39,49,50,15660,39726
2023-10-04 12:59:39,47,50,15660,39726
2023-10-04 12:59:40,48,50,15660,39726
2023-10-04 12:59:41,49,50,15660,39726
2023-10-04 12:59:47,49,50,15660,39727
2023-10-04 12:59:55,49,50,15660,39728
2023-10-04 13:00:01,49,50,15660,39729
2023-10-04 13:00:55,48,50,15660,39729
2023-10-04 13:01:14,47,50,15660,39729
2023-10-04 13:01:17,48,50,15660,39729
2023-10-04 13:01:23,47,50,15660,39729
2023-10-04 13:02:32,48,50,15660,39729
2023-10-04 13:02:36,47,50,15660,39729
2023-10-04 13:02:39,48,50,15660,39729
2023-10-04 13:03:10,47,50,15660,39729
2023-10-04 13:03:35,47,50,15660,39730
2023-10-04 13:03:39,47,49,15660,39730
2023-10-04 13:04:15,47,48,15660,39730
2023-10-04 13:04:25,46,48,15660,39730
2023-10-04 13:04:32,46,47,15660,39730
2023-10-04 13:04:53,45,47,15660,39730
2023-10-04 13:04:53,45,47,15660,39733
2023-10-04 13:04:53,45,46,15660,39733
2023-10-04 13:05:10,45,48,15660,39733
2023-10-04 13:05:10,45,47,15660,39733
2023-10-04 13:05:21,46,47,15660,39733
2023-10-04 13:06:02,46,47,15660,39734
2023-10-04 13:06:03,46,47,15660,39735
2023-10-04 13:06:03,46,48,15660,39736
2023-10-04 13:06:04,47,48,15660,39736
2023-10-04 13:07:00,47,49,15660,39736
2023-10-04 13:07:23,47,50,15660,39736
2023-10-04 13:07:23,48,50,15660,39736
2023-10-04 13:07:24,47,50,15660,39736
2023-10-04 13:07:27,48,50,15660,39736
2023-10-04 13:07:33,49,50,15660,39736
2023-10-04 13:07:33,49,50,15660,39737
2023-10-04 13:07:48,49,50,15660,39738
2023-10-04 13:07:48,49,50,15660,39739
2023-10-04 13:07:48,49,50,15660,39740
2023-10-04 13:07:49,48,50,15662,39742
2023-10-04 13:08:12,49,50,15662,39742
2023-10-04 13:08:19,49,50,15662,39743
2023-10-04 13:08:19,49,50,15662,39744
2023-10-04 13:08:32,49,50,15662,39745
2023-10-04 13:08:32,49,50,15662,39746
2023-10-04 13:08:35,49,50,15662,39747
2023-10-04 13:08:35,49,50,15662,39748
2023-10-04 13:08:37,47,49,15662,39750
2023-10-04 13:08:37,48,49,15662,39750
2023-10-04 13:08:43,47,49,15664,39752
2023-10-04 13:09:02,47,49,15664,39767
2023-10-04 13:09:12,47,50,15664,39767
2023-10-04 13:09:34,48,50,15664,39767
2023-10-04 13:09:50,49,50,15664,39767
2023-10-04 13:10:03,49,50,15664,39768
2023-10-04 13:10:27,48,50,15664,39768
2023-10-04 13:12:38,48,51,15664,39768
2023-10-04 13:12:40,49,51,15664,39768
2023-10-04 13:13:27,49,50,15664,39768
2023-10-04 13:13:28,48,50,15664,39768
2023-10-04 13:13:34,48,50,15664,39769
2023-10-04 13:13:58,47,50,15664,39769
2023-10-04 13:14:32,47,49,15664,39769
2023-10-04 13:14:40,47,48,15664,39769
2023-10-04 13:16:11,47,48,15664,39769
2023-10-04 13:16:14,47,49,15664,39769
2023-10-04 13:16:27,47,50,15664,39769
2023-10-04 13:16:31,48,50,15664,39769
2023-10-04 13:16:45,48,51,15664,39769
2023-10-04 13:17:10,48,50,15664,39769
2023-10-04 13:17:22,48,51,15664,39769
2023-10-04 13:17:31,49,51,15664,39769
2023-10-04 13:19:30,49,50,15664,39769
2023-10-04 13:19:30,49,50,15784,39889
2023-10-04 13:19:38,48,50,15784,39889
2023-10-04 13:19:39,47,50,15784,39889
2023-10-04 13:19:40,47,49,15784,39889
2023-10-04 13:19:50,47,50,15784,39889
2023-10-04 13:19:51,47,49,15784,39889
2023-10-04 13:19:56,47,50,15784,39889
2023-10-04 13:19:58,47,49,15784,39889
2023-10-04 13:20:01,47,50,15784,39889
2023-10-04 13:20:05,48,50,15784,39889
2023-10-04 13:20:06,47,50,15784,39889
2023-10-04 13:20:08,48,50,15784,39889
2023-10-04 13:20:10,47,50,15784,39889
2023-10-04 13:20:20,48,50,15784,39889
2023-10-04 13:20:29,47,50,15784,39889
2023-10-04 13:20:31,48,50,15784,39889
2023-10-04 13:20:47,48,51,15784,39889
2023-10-04 13:21:33,48,50,15784,39889
2023-10-04 13:22:04,48,51,15784,39889
2023-10-04 13:22:27,48,50,15784,39889
2023-10-04 13:22:37,48,49,15784,39889
2023-10-04 13:22:48,46,48,15784,39919
2023-10-04 13:22:49,46,47,15784,39919
2023-10-04 13:22:49,46,47,15844,39979
2023-10-04 13:22:51,45,47,15844,39979
2023-10-04 13:22:51,45,46,15844,39979
2023-10-04 13:22:52,44,46,16044,40179
2023-10-04 13:23:03,43,46,16044,40179
2023-10-04 13:23:03,43,46,16044,40209
2023-10-04 13:23:03,43,45,16044,40209
2023-10-04 13:23:04,43,44,16044,40209
2023-10-04 13:23:05,43,45,16044,40209
2023-10-04 13:23:15,44,45,16044,40209
2023-10-04 13:23:27,43,45,16044,40209
2023-10-04 13:23:30,43,44,16044,40209
2023-10-04 13:23:33,42,44,16044,40209
2023-10-04 13:23:34,42,43,16044,40209
2023-10-04 13:23:57,42,44,16044,40209
2023-10-04 13:24:07,42,43,16044,40209
2023-10-04 13:24:15,42,44,16044,40239
2023-10-04 13:24:27,42,44,16044,40259
2023-10-04 13:25:21,42,43,16044,40259
2023-10-04 13:25:22,40,43,16044,40259
2023-10-04 13:25:23,40,42,16044,40259
2023-10-04 13:25:24,40,43,16044,40259
2023-10-04 13:25:25,40,42,16044,40259
2023-10-04 13:25:51,40,41,16044,40259
2023-10-04 13:25:57,38,40,16044,40274
2023-10-04 13:26:04,38,41,16044,40274
2023-10-04 13:26:06,39,41,16044,40274
2023-10-04 13:26:13,38,41,16044,40274
2023-10-04 13:26:14,41,42,16044,40684
2023-10-04 13:26:15,41,42,16044,40694
2023-10-04 13:26:21,41,42,16044,40894
2023-10-04 13:26:21,41,42,16044,40909
2023-10-04 13:26:55,41,42,16044,41109
2023-10-04 13:27:06,41,42,16094,41359
2023-10-04 13:27:09,41,42,16376,41641
2023-10-04 13:27:12,41,42,16626,41891
2023-10-04 13:27:25,41,42,16795,42091
2023-10-04 13:27:25,41,42,16855,42151
2023-10-04 13:27:26,41,42,16975,42271
2023-10-04 13:27:33,39,41,16978,42274
2023-10-04 13:27:36,39,42,16978,42274
2023-10-04 13:27:43,40,42,16978,42274
2023-10-04 13:27:52,40,41,16978,42274
2023-10-04 13:27:58,40,42,16978,42274
2023-10-04 13:28:17,41,42,16978,42274
2023-10-04 13:28:34,41,42,16998,42294
2023-10-04 13:28:34,41,42,16998,42344
2023-10-04 13:28:35,41,42,17018,42364
2023-10-04 13:28:36,41,42,17218,42564
2023-10-04 13:28:39,41,42,17618,42964
2023-10-04 13:28:39,41,42,17819,43165
2023-10-04 13:28:41,41,42,18028,43374
2023-10-04 13:28:41,41,42,18198,43544
2023-10-04 13:28:43,41,42,18258,43604
2023-10-04 13:28:47,41,42,18268,43614
2023-10-04 13:28:48,40,42,18273,43619
2023-10-04 13:28:49,40,41,18273,43619
2023-10-04 13:28:50,40,42,18273,43619
2023-10-04 13:28:51,38,42,18273,43619
2023-10-04 13:28:51,38,41,18273,43619
2023-10-04 13:28:52,38,42,18273,43619
2023-10-04 13:28:53,38,41,18273,43619
2023-10-04 13:28:53,39,41,18273,43619
2023-10-04 13:28:54,39,42,18273,43619
2023-10-04 13:28:56,39,41,18273,43619
2023-10-04 13:28:57,39,42,18273,43619
2023-10-04 13:28:58,39,41,18273,43619
2023-10-04 13:28:59,39,42,18273,43619
2023-10-04 13:29:03,40,42,18273,43619
2023-10-04 13:29:18,39,42,18273,43619
2023-10-04 13:29:18,39,42,18268,43624
2023-10-04 13:29:21,39,41,18268,43624
2023-10-04 13:29:22,39,42,18268,43624
2023-10-04 13:29:23,39,41,18268,43624
2023-10-04 13:29:24,39,42,18268,43624
2023-10-04 13:29:26,39,41,18268,43624
2023-10-04 13:29:27,39,42,18268,43624
2023-10-04 13:29:28,39,41,18268,43624
2023-10-04 13:29:29,39,42,18268,43624
2023-10-04 13:29:30,39,41,18268,43624
2023-10-04 13:29:31,39,42,18268,43624
2023-10-04 13:29:32,39,41,18268,43624
2023-10-04 13:29:33,39,42,18268,43624
2023-10-04 13:29:34,39,41,18268,43624
2023-10-04 13:29:35,39,42,18268,43624
2023-10-04 13:29:36,39,41,18268,43624
2023-10-04 13:29:37,39,42,18268,43624
2023-10-04 13:29:38,39,41,18268,43624
2023-10-04 13:29:39,39,42,18268,43624
2023-10-04 13:29:40,39,41,18268,43624
2023-10-04 13:29:41,39,42,18268,43624
2023-10-04 13:29:42,39,41,18268,43624
2023-10-04 13:29:43,38,41,18268,43624
2023-10-04 13:29:51,38,40,18268,43624
2023-10-04 13:29:52,38,41,18268,43624
2023-10-04 13:29:53,38,40,18268,43624
2023-10-04 13:29:54,38,41,18268,43624
2023-10-04 13:30:03,38,40,18268,43624
2023-10-04 13:30:04,38,40,18268,44024
2023-10-04 13:30:04,38,39,18268,44024
2023-10-04 13:30:06,39,40,18878,44634
2023-10-04 13:30:06,39,40,18878,44898
2023-10-04 13:30:06,39,40,18932,44952
2023-10-04 13:30:08,39,41,18932,44952
2023-10-04 13:30:13,39,40,18932,44952
2023-10-04 13:30:15,39,41,18932,44952
2023-10-04 13:30:25,40,41,18932,44952
2023-10-04 13:30:27,39,41,18932,44952
2023-10-04 13:30:33,39,41,19114,45134
2023-10-04 13:31:15,39,40,19114,45134
2023-10-04 13:31:24,38,40,19114,45134
2023-10-04 13:31:34,38,40,19114,45136
2023-10-04 13:31:49,38,39,19114,45136
2023-10-04 13:31:50,37,39,19114,45161
2023-10-04 13:31:51,37,39,19294,45341
2023-10-04 13:32:00,37,39,19496,45543
2023-10-04 13:32:01,37,38,19496,45543
2023-10-04 13:32:04,37,38,19696,45743
2023-10-04 13:32:06,37,38,19784,45831
2023-10-04 13:32:08,37,38,20002,46049
2023-10-04 13:32:28,37,38,20202,46249
2023-10-04 13:32:39,37,39,20202,46249
2023-10-04 13:32:39,37,39,20176,46649
2023-10-04 13:32:40,37,38,20176,46649
2023-10-04 13:32:41,37,39,20176,46649
2023-10-04 13:32:42,38,39,20176,46649
2023-10-04 13:32:54,38,40,20176,46649
2023-10-04 13:33:03,39,40,20176,46649
2023-10-04 13:33:03,39,41,20176,46649
2023-10-04 13:33:04,40,41,20176,46649
2023-10-04 13:33:44,40,43,20176,46649
2023-10-04 13:33:44,40,42,20176,46649
2023-10-04 13:34:01,40,42,19976,46849
2023-10-04 13:34:01,41,42,19976,46849
2023-10-04 13:34:01,41,42,19976,47049
2023-10-04 13:34:01,41,43,19976,47049
2023-10-04 13:34:46,41,42,19976,47049
2023-10-04 13:35:02,41,43,19976,47049
2023-10-04 13:35:06,41,42,19976,47049
2023-10-04 13:35:07,41,43,19976,47049
2023-10-04 13:35:14,41,42,19976,47049
2023-10-04 13:35:15,41,43,19976,47049
2023-10-04 13:35:26,42,43,19976,47049
2023-10-04 13:35:26,42,43,19976,47235
2023-10-04 13:35:27,41,43,19976,47235
2023-10-04 13:35:35,40,43,19976,47235
2023-10-04 13:35:36,40,42,19976,47235
2023-10-04 13:35:40,41,42,19976,47235
2023-10-04 13:35:42,41,43,19976,47235
2023-10-04 13:36:08,41,42,19976,47235
2023-10-04 13:36:09,41,43,19976,47235
2023-10-04 13:36:11,41,42,19976,47235
2023-10-04 13:36:12,41,43,19976,47235
2023-10-04 13:36:13,41,42,19976,47235
2023-10-04 13:36:15,40,42,19976,47235
2023-10-04 13:36:25,41,42,19976,47235
2023-10-04 13:36:27,40,42,19976,47235
2023-10-04 13:36:28,41,42,19976,47235
2023-10-04 13:36:33,41,43,19976,47235
2023-10-04 13:37:02,41,42,19976,47235
2023-10-04 13:37:03,41,43,19976,47235
2023-10-04 13:37:12,41,42,19976,47235
2023-10-04 13:38:00,39,42,19976,47235
2023-10-04 13:38:04,40,42,19976,47235
2023-10-04 13:38:07,39,42,19976,47235
2023-10-04 13:38:21,40,42,19976,47235
2023-10-04 13:38:22,39,42,19976,47235
2023-10-04 13:39:11,40,42,19976,47235
2023-10-04 13:39:13,39,42,19976,47235
2023-10-04 13:39:15,40,42,19976,47235
2023-10-04 13:39:54,41,42,19976,47235
2023-10-04 13:39:58,41,43,19976,47235
2023-10-04 13:40:07,41,42,19976,47235
2023-10-04 13:40:24,40,41,19996,47255
2023-10-04 13:40:24,39,41,19996,47255
2023-10-04 13:40:34,39,40,19996,47255
2023-10-04 13:40:46,37,40,19996,47255
2023-10-04 13:40:46,37,39,19996,47255
2023-10-04 13:40:49,37,40,19996,47255
2023-10-04 13:40:49,38,40,19996,47255
2023-10-04 13:40:55,38,39,19996,47255
2023-10-04 13:41:00,38,40,19996,47255
2023-10-04 13:41:22,39,40,19996,47255
2023-10-04 13:41:22,39,41,19996,47255
2023-10-04 13:41:27,40,41,19996,47255
2023-10-04 13:41:34,40,42,19996,47255
2023-10-04 13:41:53,40,41,19996,47255
2023-10-04 13:41:54,40,42,19996,47255
2023-10-04 13:41:57,40,41,19996,47255
2023-10-04 13:42:31,39,40,20016,47275
2023-10-04 13:42:31,38,40,20016,47275
2023-10-04 13:42:32,38,41,20016,47275
2023-10-04 13:42:44,38,40,20016,47275
2023-10-04 13:42:46,38,39,20016,47275
2023-10-04 13:42:46,38,39,19996,47295
2023-10-04 13:42:47,38,39,19976,47315
2023-10-04 13:42:56,37,39,19976,47315
2023-10-04 13:42:59,37,38,19976,47315
2023-10-04 13:43:19,37,39,19976,47315
2023-10-04 13:43:20,37,38,19976,47315
2023-10-04 13:43:25,37,39,19976,47315
2023-10-04 13:43:29,38,39,19976,47315
2023-10-04 13:43:40,38,40,19976,47315
2023-10-04 13:43:43,38,39,19976,47315
2023-10-04 13:44:01,38,40,19976,47315
2023-10-04 13:44:01,39,40,19976,47315
2023-10-04 13:44:03,39,41,19976,47315
2023-10-04 13:44:09,39,40,19976,47315
2023-10-04 13:44:11,39,41,19976,47315
2023-10-04 13:44:12,39,40,19976,47315
2023-10-04 13:44:13,39,41,19976,47315
2023-10-04 13:44:13,39,42,19727,47964
2023-10-04 13:44:14,40,42,19727,47964
2023-10-04 13:44:23,41,42,19727,47964
2023-10-04 13:44:24,41,42,19727,47980
2023-10-04 13:44:28,41,42,19727,48026
2023-10-04 13:44:37,41,42,19827,48126
2023-10-04 13:44:39,41,42,19827,48172
2023-10-04 13:44:49,41,42,19827,48218
2023-10-04 13:44:51,41,42,19827,48264
2023-10-04 13:44:52,41,42,19781,48310
2023-10-04 13:44:52,41,43,19781,48310
2023-10-04 13:44:53,42,43,19781,48310
2023-10-04 13:44:53,42,44,19781,48310
2023-10-04 13:44:53,42,43,19781,48310
2023-10-04 13:45:04,42,44,19781,48310
2023-10-04 13:45:05,42,43,19781,48310
2023-10-04 13:45:06,42,43,19581,48510
2023-10-04 13:45:06,42,44,19581,48510
2023-10-04 13:45:09,43,44,19581,48510
2023-10-04 13:45:29,42,44,19581,48510
2023-10-04 13:45:40,41,44,19581,48510
2023-10-04 13:45:40,41,43,19581,48510
2023-10-04 13:45:44,42,43,19581,48510
2023-10-04 13:45:46,42,44,19581,48510
2023-10-04 13:45:58,42,43,19581,48510
2023-10-04 13:46:08,42,44,19581,48510
2023-10-04 13:46:15,42,43,19581,48510
2023-10-04 13:46:16,42,44,19581,48510
2023-10-04 13:46:20,42,43,19581,48510
2023-10-04 13:46:22,42,44,19581,48510
2023-10-04 13:46:37,42,43,19581,48510
2023-10-04 13:46:50,41,43,19581,48510
2023-10-04 13:47:00,42,43,19581,48510
2023-10-04 13:47:03,42,44,19581,48510
2023-10-04 13:47:04,42,43,19581,48510
2023-10-04 13:47:08,42,44,19581,48510
2023-10-04 13:47:12,43,44,19581,48510
2023-10-04 13:47:18,42,44,19581,48510
2023-10-04 13:47:18,42,43,19581,48510
2023-10-04 13:47:38,42,44,19581,48510
2023-10-04 13:47:38,43,44,19581,48510
2023-10-04 13:47:51,43,44,19381,48710
2023-10-04 13:47:51,43,45,19381,48710
2023-10-04 13:47:55,43,44,19381,48710
2023-10-04 13:47:59,42,44,19381,48710
2023-10-04 13:48:35,43,44,19381,48710
2023-10-04 13:49:10,43,44,19181,48910
2023-10-04 13:49:10,43,45,19181,48910
2023-10-04 13:49:11,44,45,19181,48910
2023-10-04 13:49:31,44,46,19181,48910
2023-10-04 13:49:32,45,46,19181,48910
2023-10-04 13:50:52,44,46,19181,48910
2023-10-04 13:50:53,44,45,19181,48910
2023-10-04 13:50:54,42,45,19181,48910
2023-10-04 13:50:54,43,45,19181,48910
2023-10-04 13:50:54,44,45,19181,48910
2023-10-04 13:50:57,44,45,19181,48912
2023-10-04 13:51:05,44,45,19181,48914
2023-10-04 13:51:06,44,45,19181,48916
2023-10-04 13:51:06,43,45,19181,48916
2023-10-04 13:51:07,44,45,19181,48916
2023-10-04 13:51:09,44,45,19181,49115
2023-10-04 13:51:35,42,45,19181,49115
2023-10-04 13:51:35,43,45,19181,49115
2023-10-04 13:51:35,43,44,19181,49115
2023-10-04 13:52:07,43,44,19175,49121
2023-10-04 13:52:13,41,44,19175,49121
2023-10-04 13:52:13,42,44,19175,49121
2023-10-04 13:52:14,42,43,19175,49121
2023-10-04 13:52:27,40,43,19175,49121
2023-10-04 13:52:27,41,43,19175,49121
2023-10-04 13:52:40,41,42,19175,49121
2023-10-04 13:52:40,39,42,19175,49121
2023-10-04 13:52:40,40,42,19175,49121
2023-10-04 13:52:41,40,41,19175,49121
2023-10-04 13:52:44,40,41,19175,49145
2023-10-04 13:52:44,39,41,19175,49145
2023-10-04 13:52:45,39,40,19175,49145
2023-10-04 13:52:51,39,40,19175,49345
2023-10-04 13:52:51,39,40,19175,49421
2023-10-04 13:52:51,37,40,19175,49421
2023-10-04 13:52:51,38,40,19175,49421
2023-10-04 13:53:12,37,38,19175,49491
2023-10-04 13:53:14,35,37,19175,49491
2023-10-04 13:53:15,35,36,19175,49491
2023-10-04 13:53:16,35,36,19150,49516
2023-10-04 13:53:17,35,36,19115,49551
2023-10-04 13:53:42,34,36,19115,49551
2023-10-04 13:53:54,35,36,19115,49551
2023-10-04 13:53:57,34,36,19115,49551
2023-10-04 13:54:17,35,36,19115,49551
2023-10-04 13:54:18,35,37,19115,49551
2023-10-04 13:54:20,35,36,19115,49551
2023-10-04 13:54:21,34,36,19115,49551
2023-10-04 13:54:22,35,36,19115,49551
2023-10-04 13:54:23,35,37,19115,49551
2023-10-04 13:54:26,35,36,19115,49551
2023-10-04 13:54:29,35,37,19115,49551
2023-10-04 13:54:30,35,36,19115,49551
2023-10-04 13:54:31,35,37,19115,49551
2023-10-04 13:54:32,35,36,19115,49551
2023-10-04 13:54:33,35,37,19115,49551
2023-10-04 13:54:44,35,36,19115,49551
2023-10-04 13:54:45,35,37,19115,49551
2023-10-04 13:55:00,35,36,19115,49551
2023-10-04 13:55:03,34,36,19115,49551
2023-10-04 13:55:11,33,36,19115,49551
2023-10-04 13:55:11,33,35,19115,49551
2023-10-04 13:55:14,32,35,19115,49551
2023-10-04 13:55:14,32,34,19115,49551
2023-10-04 13:55:48,33,34,19115,49551
2023-10-04 13:55:52,33,35,19115,49551
2023-10-04 13:55:54,32,35,19115,49551
2023-10-04 13:55:57,32,34,19115,49551
2023-10-04 13:56:11,33,34,19115,49551
2023-10-04 13:56:11,33,35,19115,49551
2023-10-04 13:56:13,33,36,19115,49551
2023-10-04 13:56:14,34,36,19115,49551
2023-10-04 13:56:19,34,37,19115,49551
2023-10-04 13:56:24,35,37,19115,49551
2023-10-04 13:56:25,35,38,19115,49551
2023-10-04 13:56:27,36,38,19115,49551
2023-10-04 13:56:29,37,38,19115,49551
2023-10-04 13:56:32,37,39,19115,49551
2023-10-04 13:56:32,37,40,19115,49551
2023-10-04 13:56:33,38,40,19115,49551
2023-10-04 13:56:49,38,39,19115,49551
2023-10-04 13:57:06,38,40,19115,49551
2023-10-04 13:57:07,38,39,19115,49551
2023-10-04 13:57:22,38,40,19115,49551
2023-10-04 13:57:22,38,39,19115,49551
2023-10-04 13:57:24,38,40,19115,49551
2023-10-04 13:57:26,38,39,19115,49551
2023-10-04 13:57:28,38,40,19115,49551
2023-10-04 13:57:33,38,39,19115,49551
2023-10-04 13:57:35,37,39,19115,49551
2023-10-04 13:57:39,38,39,19115,49551
2023-10-04 13:57:41,37,39,19115,49551
2023-10-04 13:57:48,38,39,19115,49551
2023-10-04 13:57:49,38,40,19115,49551
2023-10-04 13:58:01,38,39,19115,49551
2023-10-04 13:58:01,37,39,19115,49551
2023-10-04 13:58:03,36,39,19115,49551
2023-10-04 13:58:05,36,38,19115,49551
2023-10-04 13:58:09,35,38,19115,49551
2023-10-04 13:58:14,36,38,19115,49551
2023-10-04 13:58:22,36,39,19115,49551
2023-10-04 13:58:33,36,38,19115,49551
2023-10-04 13:58:35,35,38,19115,49551
2023-10-04 13:58:36,36,38,19115,49551
2023-10-04 13:58:37,35,38,19115,49551
2023-10-04 13:58:38,36,38,19115,49551
2023-10-04 13:58:40,35,38,19115,49551
2023-10-04 13:58:41,35,37,19115,49551
2023-10-04 13:58:41,34,37,19115,49551
2023-10-04 13:58:42,34,36,19115,49551
2023-10-04 13:58:44,34,35,19115,49551
2023-10-04 13:58:45,33,35,19115,49551
2023-10-04 13:58:46,34,35,19115,49551
2023-10-04 13:58:50,34,36,19115,49551
2023-10-04 13:59:01,34,35,19115,49551
2023-10-04 13:59:02,34,36,19115,49551
2023-10-04 13:59:18,34,35,19115,49551
2023-10-04 13:59:22,34,36,19115,49551
2023-10-04 13:59:27,34,35,19115,49551
2023-10-04 13:59:28,34,36,19115,49551
2023-10-04 13:59:29,33,36,19115,49551
2023-10-04 13:59:29,33,35,19115,49551
2023-10-04 13:59:58,34,35,19115,49551
2023-10-04 13:59:59,33,35,19115,49551
2023-10-04 14:00:05,32,35,19115,49551
2023-10-04 14:00:06,33,35,19115,49551
2023-10-04 14:00:08,32,35,19115,49551
2023-10-04 14:00:09,32,34,19115,49551
2023-10-04 14:00:14,32,33,19115,49551
2023-10-04 14:00:20,32,34,19115,49551
2023-10-04 14:00:22,32,35,19115,49551
2023-10-04 14:00:22,33,35,19115,49551
2023-10-04 14:00:24,32,35,19115,49551
2023-10-04 14:00:24,32,34,19115,49551
2023-10-04 14:01:00,32,33,19115,49551
2023-10-04 14:01:01,32,33,19120,49556
2023-10-04 14:01:02,32,33,19120,49745
2023-10-04 14:01:03,32,33,19125,49750
2023-10-04 14:01:14,32,33,19130,49755
2023-10-04 14:01:14,32,33,19135,49760
2023-10-04 14:01:18,30,32,19135,49771
2023-10-04 14:01:19,30,31,19135,49771
2023-10-04 14:01:21,28,31,19135,49771
2023-10-04 14:01:21,27,30,19135,49771
2023-10-04 14:01:21,27,29,19135,49771
2023-10-04 14:01:22,28,29,19135,49771
2023-10-04 14:01:29,28,31,19135,49771
2023-10-04 14:01:30,28,31,19115,49791
2023-10-04 14:01:30,29,31,19115,49791
2023-10-04 14:01:32,30,31,19115,49791
2023-10-04 14:01:32,30,32,19115,49791
2023-10-04 14:01:34,30,31,19115,49791
2023-10-04 14:01:38,30,32,19115,49791
2023-10-04 14:01:40,31,32,19115,49791
2023-10-04 14:01:42,30,32,19115,49791
2023-10-04 14:01:45,31,32,19115,49791
2023-10-04 14:01:45,31,33,19115,49791
2023-10-04 14:01:50,31,32,19115,49791
2023-10-04 14:01:51,31,32,19115,49796
2023-10-04 14:01:54,30,32,19115,49796
2023-10-04 14:01:57,31,32,19115,49796
2023-10-04 14:02:03,31,33,19115,49796
2023-10-04 14:02:04,32,33,19115,49796
2023-10-04 14:02:08,32,35,19115,49796
2023-10-04 14:02:09,33,35,19115,49796
2023-10-04 14:02:10,33,34,19115,49796
2023-10-04 14:02:11,33,34,19115,49801
2023-10-04 14:02:11,33,34,19115,49806
2023-10-04 14:02:11,33,34,19100,49821
2023-10-04 14:02:13,33,35,19100,49821
2023-10-04 14:02:14,33,34,19100,49821
2023-10-04 14:02:15,33,34,19100,49826
2023-10-04 14:02:16,33,34,19100,49831
2023-10-04 14:02:16,33,34,19100,49836
2023-10-04 14:02:16,33,35,19100,49836
2023-10-04 14:02:17,33,34,19100,49836
2023-10-04 14:02:18,33,34,19100,49841
2023-10-04 14:02:18,33,34,19100,49846
2023-10-04 14:02:19,33,34,19100,49851
2023-10-04 14:02:19,33,34,19100,49856
2023-10-04 14:02:19,33,35,19100,49856
2023-10-04 14:02:26,33,34,19100,49856
2023-10-04 14:02:29,32,34,19100,49856
2023-10-04 14:02:33,30,34,19100,49856
2023-10-04 14:02:33,30,33,19100,49856
2023-10-04 14:02:33,30,32,19100,49856
2023-10-04 14:02:34,30,31,19100,49856
2023-10-04 14:02:36,30,31,19100,49861
2023-10-04 14:02:36,30,31,19100,49866
2023-10-04 14:02:59,29,31,19100,49866
2023-10-04 14:03:01,30,31,19100,49866
2023-10-04 14:03:05,30,31,18900,50066
2023-10-04 14:03:06,30,32,18900,50066
2023-10-04 14:03:06,31,32,18900,50066
2023-10-04 14:03:07,31,33,18900,50066
2023-10-04 14:03:08,31,33,18900,50071
2023-10-04 14:03:09,31,33,18900,50111
2023-10-04 14:03:22,31,32,18900,50111
2023-10-04 14:03:23,31,33,18900,50111
2023-10-04 14:03:25,31,32,18900,50111
2023-10-04 14:03:27,31,33,18900,50111
2023-10-04 14:03:38,31,32,18900,50111
2023-10-04 14:03:40,31,33,18900,50111
2023-10-04 14:03:42,31,32,18900,50111
2023-10-04 14:03:43,30,32,18900,50111
2023-10-04 14:03:45,29,32,18900,50111
2023-10-04 14:03:49,30,32,18900,50111
2023-10-04 14:04:07,30,33,18900,50111
2023-10-04 14:04:13,31,33,18900,50111
2023-10-04 14:04:17,32,33,18900,50111
2023-10-04 14:04:17,32,35,18900,50111
2023-10-04 14:04:18,33,35,18900,50111
2023-10-04 14:04:18,34,35,18900,50111
2023-10-04 14:04:27,34,35,18905,50116
2023-10-04 14:04:31,34,35,18910,50121
2023-10-04 14:04:31,34,35,18915,50126
2023-10-04 14:04:31,34,35,18920,50131
2023-10-04 14:04:31,34,35,18925,50136
2023-10-04 14:04:35,34,36,18925,50136
2023-10-04 14:04:35,35,36,18925,50136
2023-10-04 14:04:36,35,36,18930,50141
2023-10-04 14:04:36,35,36,18935,50146
2023-10-04 14:04:49,35,37,18935,50146
2023-10-04 14:04:51,36,37,18935,50146
2023-10-04 14:04:51,36,38,18935,50146
2023-10-04 14:04:55,37,38,18935,50146
2023-10-04 14:04:55,37,39,18935,50146
2023-10-04 14:04:56,37,39,18900,50181
2023-10-04 14:04:56,38,39,18900,50181
2023-10-04 14:04:58,38,39,18905,50186
2023-10-04 14:04:58,37,39,18905,50186
2023-10-04 14:04:59,38,39,18905,50186
2023-10-04 14:05:03,38,39,18905,50386
2023-10-04 14:05:03,38,40,18905,50386
2023-10-04 14:05:03,39,40,18905,50386
2023-10-04 14:05:04,39,40,18910,50391
2023-10-04 14:05:04,39,40,18910,50591
2023-10-04 14:05:04,39,41,18910,50591
2023-10-04 14:05:04,39,42,18910,50591
2023-10-04 14:05:04,39,41,18910,50591
2023-10-04 14:05:04,40,41,18910,50591
2023-10-04 14:05:05,39,41,18910,50591
2023-10-04 14:05:06,39,40,18910,50591
2023-10-04 14:05:08,39,40,18910,50596
2023-10-04 14:05:14,39,40,18910,50601
2023-10-04 14:05:15,39,41,18730,50781
2023-10-04 14:05:15,39,40,18730,50781
2023-10-04 14:05:16,39,40,18730,50786
2023-10-04 14:05:16,39,40,18730,50791
2023-10-04 14:05:16,39,41,18730,50791
2023-10-04 14:05:18,39,40,18730,50791
2023-10-04 14:05:18,39,40,18679,50842
2023-10-04 14:05:19,39,41,18679,50842
2023-10-04 14:05:20,39,40,18679,50842
2023-10-04 14:05:35,37,40,18679,50842
2023-10-04 14:05:35,38,40,18679,50842
2023-10-04 14:05:36,38,39,18679,50842
2023-10-04 14:05:39,38,39,18684,50847
2023-10-04 14:05:51,36,39,18684,50847
2023-10-04 14:05:51,37,39,18684,50847
2023-10-04 14:05:52,37,38,18684,50847
2023-10-04 14:06:01,37,38,18284,51247
2023-10-04 14:06:02,35,38,18284,51247
2023-10-04 14:06:02,36,38,18284,51247
2023-10-04 14:06:03,36,37,18284,51247
2023-10-04 14:06:03,36,37,18274,51257
2023-10-04 14:06:03,35,37,18264,51267
2023-10-04 14:06:04,34,37,18264,51267
2023-10-04 14:06:07,35,37,18264,51267
2023-10-04 14:06:11,35,38,18264,51267
2023-10-04 14:06:21,35,37,18264,51267
2023-10-04 14:06:22,35,38,18264,51267
2023-10-04 14:06:25,35,37,18264,51267
2023-10-04 14:06:28,35,38,18264,51267
2023-10-04 14:06:34,35,37,18264,51267
2023-10-04 14:06:54,35,38,18264,51267
2023-10-04 14:06:58,35,37,18264,51267
2023-10-04 14:07:01,35,36,18264,51267
2023-10-04 14:07:01,34,36,18264,51267
2023-10-04 14:07:02,33,36,18264,51267
2023-10-04 14:07:08,33,35,18264,51267
2023-10-04 14:07:08,32,35,18264,51267
2023-10-04 14:07:09,32,35,18249,51282
2023-10-04 14:07:09,32,34,18249,51282
2023-10-04 14:07:16,32,33,18249,51282
2023-10-04 14:07:49,31,33,18249,51282
2023-10-04 14:07:50,31,32,18249,51282
2023-10-04 14:08:37,31,33,18249,51282
2023-10-04 14:08:37,31,34,18249,51282
2023-10-04 14:08:38,32,34,18249,51282
2023-10-04 14:08:41,31,34,18249,51282
2023-10-04 14:08:42,31,33,18249,51282
2023-10-04 14:08:55,32,33,18249,51282
2023-10-04 14:08:56,31,33,18249,51282
2023-10-04 14:09:29,31,32,18249,51282
2023-10-04 14:09:37,29,32,18249,51482
2023-10-04 14:09:38,29,31,18249,51482
2023-10-04 14:09:39,29,30,18249,51482
2023-10-04 14:09:42,28,30,18049,51682
2023-10-04 14:09:44,28,29,18049,51682
2023-10-04 14:09:50,27,29,18049,51682
2023-10-04 14:10:04,27,28,18049,51682
2023-10-04 14:10:14,27,29,18049,51682
2023-10-04 14:10:26,28,29,18049,51682
2023-10-04 14:10:28,28,30,18049,51682
2023-10-04 14:10:31,28,31,18049,51682
2023-10-04 14:10:32,29,31,18049,51682
2023-10-04 14:10:33,29,32,18049,51682
2023-10-04 14:10:33,30,32,18049,51682
2023-10-04 14:10:33,31,32,18049,51682
2023-10-04 14:10:39,31,33,18049,51682
2023-10-04 14:10:39,32,33,18049,51682
2023-10-04 14:10:42,31,33,18049,51682
2023-10-04 14:10:47,32,33,18049,51682
2023-10-04 14:10:48,32,34,18049,51682
2023-10-04 14:10:49,32,33,18049,51682
2023-10-04 14:10:50,31,33,18049,51682
2023-10-04 14:10:54,32,33,18049,51682
2023-10-04 14:10:55,31,33,18049,51682
2023-10-04 14:10:59,31,32,18049,51682
2023-10-04 14:11:00,31,33,18049,51682
2023-10-04 14:11:03,32,33,18049,51682
2023-10-04 14:11:05,31,33,18049,51682
2023-10-04 14:11:09,32,33,18049,51682
2023-10-04 14:11:10,31,33,18049,51682
2023-10-04 14:11:15,32,33,18049,51682
2023-10-04 14:11:17,32,34,18049,51682
2023-10-04 14:11:18,32,33,18049,51682
2023-10-04 14:11:19,31,33,18049,51682
2023-10-04 14:11:20,31,32,18049,51682
2023-10-04 14:11:21,30,32,18049,51682
2023-10-04 14:11:23,30,31,18049,51682
2023-10-04 14:11:30,30,32,18049,51682
2023-10-04 14:11:31,31,32,18049,51682
2023-10-04 14:11:31,31,33,18049,51682
2023-10-04 14:11:33,31,32,18049,51682
2023-10-04 14:11:34,31,33,18049,51682
2023-10-04 14:11:37,30,33,18049,51682
2023-10-04 14:11:37,30,32,18049,51682
2023-10-04 14:11:47,31,32,18049,51682
2023-10-04 14:11:48,30,32,18049,51682
2023-10-04 14:11:59,28,32,18049,51682
2023-10-04 14:12:00,29,32,18049,51682
2023-10-04 14:12:01,28,32,18049,51682
2023-10-04 14:12:01,29,32,18049,51682
2023-10-04 14:12:03,30,32,18049,51682
2023-10-04 14:12:04,30,33,18049,51682
2023-10-04 14:12:05,30,32,18049,51682
2023-10-04 14:12:09,30,33,18049,51682
2023-10-04 14:12:11,31,33,18049,51682
2023-10-04 14:12:15,32,33,18049,51682
2023-10-04 14:12:17,32,34,18049,51682
2023-10-04 14:12:29,32,33,18049,51682
2023-10-04 14:12:30,31,33,18049,51682
2023-10-04 14:12:34,32,33,18049,51682
2023-10-04 14:12:35,32,34,18049,51682
2023-10-04 14:12:38,32,33,18049,51682
2023-10-04 14:12:41,31,33,18049,51682
2023-10-04 14:12:43,30,33,18049,51682
2023-10-04 14:12:45,31,33,18049,51682
2023-10-04 14:12:47,30,33,18049,51682
2023-10-04 14:12:48,31,33,18049,51682
2023-10-04 14:13:01,32,33,18049,51682
2023-10-04 14:13:05,32,34,18049,51682
2023-10-04 14:13:06,33,34,18049,51682
2023-10-04 14:13:09,33,35,18049,51682
2023-10-04 14:13:12,33,36,18049,51682
2023-10-04 14:13:12,34,36,18049,51682
2023-10-04 14:13:13,35,36,18049,51682
2023-10-04 14:13:22,35,37,18049,51682
2023-10-04 14:13:22,35,38,18049,51682
2023-10-04 14:13:22,36,38,18049,51682
2023-10-04 14:13:22,37,38,18049,51682
2023-10-04 14:13:31,37,39,18049,51682
2023-10-04 14:13:33,38,39,18049,51682
2023-10-04 14:13:33,37,39,18241,51874
2023-10-04 14:13:34,38,39,18241,51874
2023-10-04 14:13:37,38,40,18241,51874
2023-10-04 14:13:44,38,39,18241,51874
2023-10-04 14:13:44,37,39,18241,51874
2023-10-04 14:14:06,38,39,18241,51874
2023-10-04 14:14:07,38,40,18241,51874
2023-10-04 14:14:09,38,39,18241,51874
2023-10-04 14:14:11,37,39,18241,51874
2023-10-04 14:14:12,38,39,18241,51874
2023-10-04 14:14:14,38,40,18241,51874
2023-10-04 14:14:21,38,39,18241,51874
2023-10-04 14:14:28,37,39,18241,51874
2023-10-04 14:14:29,38,39,18241,51874
2023-10-04 14:14:32,38,40,18241,51874
2023-10-04 14:14:36,38,39,18241,51874
2023-10-04 14:14:37,37,39,18241,51874
2023-10-04 14:14:47,38,39,18241,51874
2023-10-04 14:14:48,37,39,18241,51874
2023-10-04 14:15:02,38,39,18241,51874
2023-10-04 14:15:04,38,40,18241,51874
2023-10-04 14:15:32,38,41,18241,51874
2023-10-04 14:15:33,39,41,18241,51874
2023-10-04 14:15:38,39,41,18241,52074
2023-10-04 14:15:38,40,41,18241,52074
2023-10-04 14:15:39,40,43,18241,52074
2023-10-04 14:15:39,41,43,18241,52074
2023-10-04 14:15:41,41,42,18241,52074
2023-10-04 14:15:42,41,43,18241,52074
2023-10-04 14:15:42,42,43,18241,52074
2023-10-04 14:16:00,40,43,18241,52074
2023-10-04 14:16:00,41,43,18241,52074
2023-10-04 14:16:01,41,42,18241,52074
2023-10-04 14:16:40,39,42,18241,52074
2023-10-04 14:16:40,38,42,18241,52074
2023-10-04 14:16:40,40,42,18241,52074
2023-10-04 14:16:41,40,41,18241,52074
2023-10-04 14:17:08,40,42,18241,52074
2023-10-04 14:17:08,41,42,18241,52074
2023-10-04 14:17:16,40,42,18241,52274
2023-10-04 14:17:16,39,42,18241,52274
2023-10-04 14:17:16,39,41,18241,52274
2023-10-04 14:17:39,40,41,18241,52274
2023-10-04 14:17:39,40,42,18241,52274
2023-10-04 14:18:09,40,41,18241,52274
2023-10-04 14:18:10,40,42,18241,52274
2023-10-04 14:18:15,40,41,18241,52274
2023-10-04 14:18:20,39,41,18241,52274
2023-10-04 14:18:28,40,41,18241,52274
2023-10-04 14:18:30,40,42,18241,52274
2023-10-04 14:18:40,40,43,18241,52274
2023-10-04 14:18:40,41,43,18241,52274
2023-10-04 14:18:45,42,43,18241,52274
2023-10-04 14:18:46,42,44,18241,52274
2023-10-04 14:18:49,43,44,18241,52274
2023-10-04 14:18:50,43,45,18241,52274
2023-10-04 14:18:50,44,45,18241,52274
2023-10-04 14:18:58,44,45,18241,52279
2023-10-04 14:19:00,44,45,18241,52284
2023-10-04 14:19:08,44,45,18241,52289
2023-10-04 14:19:17,43,45,18241,52289
2023-10-04 14:19:18,44,45,18241,52289
2023-10-04 14:19:23,43,45,18241,52289
2023-10-04 14:19:25,44,45,18241,52289
2023-10-04 14:19:32,44,45,18041,52489
2023-10-04 14:19:32,44,46,18041,52489
2023-10-04 14:19:32,44,47,18041,52489
2023-10-04 14:19:33,44,46,18041,52489
2023-10-04 14:19:33,45,46,18041,52489
2023-10-04 14:19:35,45,46,18042,52490
2023-10-04 14:20:09,45,46,18042,52495
2023-10-04 14:20:27,45,46,18042,52500
2023-10-04 14:20:27,45,46,18042,52505
2023-10-04 14:20:28,44,46,18042,52505
2023-10-04 14:20:32,45,46,18042,52505
2023-10-04 14:21:00,43,45,18052,52515
2023-10-04 14:21:00,42,45,18052,52515
2023-10-04 14:21:00,42,44,18052,52515
2023-10-04 14:21:01,42,44,18052,52520
2023-10-04 14:21:01,43,44,18052,52520
2023-10-04 14:21:06,42,44,18052,52520
2023-10-04 14:21:06,41,44,18052,52520
2023-10-04 14:21:08,41,44,18006,52566
2023-10-04 14:21:08,42,44,18006,52566
2023-10-04 14:21:32,42,45,18006,52566
2023-10-04 14:21:41,43,45,18006,52566
2023-10-04 14:21:41,43,46,18006,52566
2023-10-04 14:21:45,44,46,18006,52566
2023-10-04 14:21:46,43,46,18006,52566
2023-10-04 14:21:49,44,46,18006,52566
2023-10-04 14:22:18,44,45,18006,52566
2023-10-04 14:22:18,44,45,18006,52571
2023-10-04 14:22:19,44,46,18006,52571
2023-10-04 14:22:22,44,47,18006,52571
2023-10-04 14:22:22,45,47,18006,52571
2023-10-04 14:22:30,45,46,18006,52571
2023-10-04 14:22:30,45,46,18006,52576
2023-10-04 14:22:30,45,46,18006,52581
2023-10-04 14:22:56,42,45,18016,52591
2023-10-04 14:22:56,43,45,18016,52591
2023-10-04 14:22:57,44,45,18016,52591
2023-10-04 14:23:02,44,46,18016,52591
2023-10-04 14:23:02,43,46,18016,52591
2023-10-04 14:23:05,43,45,18016,52591
2023-10-04 14:23:09,43,46,18016,52591
2023-10-04 14:23:12,43,45,18016,52591
2023-10-04 14:23:12,44,45,18016,52591
2023-10-04 14:23:24,44,46,18016,52591
2023-10-04 14:23:24,45,46,18016,52591
2023-10-04 14:23:25,44,46,18021,52596
2023-10-04 14:23:25,44,46,18021,52601
2023-10-04 14:23:26,43,46,18021,52601
2023-10-04 14:23:31,43,45,18021,52601
2023-10-04 14:23:32,43,45,18021,52636
2023-10-04 14:23:32,42,45,18021,52636
2023-10-04 14:23:35,43,45,18021,52636
2023-10-04 14:23:39,42,45,18021,52636
2023-10-04 14:23:45,42,44,18021,52636
2023-10-04 14:24:01,42,43,18021,52636
2023-10-04 14:24:01,40,43,18021,52636
2023-10-04 14:24:02,40,42,18021,52636
2023-10-04 14:24:11,40,41,18021,52636
2023-10-04 14:24:11,39,41,18021,52636
2023-10-04 14:24:12,38,41,18021,52636
2023-10-04 14:24:12,38,40,18021,52636
2023-10-04 14:24:12,38,39,18021,52636
2023-10-04 14:24:18,37,39,18021,52636
2023-10-04 14:24:19,37,38,18021,52636
2023-10-04 14:24:20,36,38,18021,52636
2023-10-04 14:24:22,36,37,18021,52636
2023-10-04 14:24:22,35,37,18021,52636
2023-10-04 14:24:24,35,36,18021,52636
2023-10-04 14:24:26,34,36,18021,52636
2023-10-04 14:24:27,33,36,18021,52636
2023-10-04 14:24:27,33,35,18021,52636
2023-10-04 14:24:27,33,34,18021,52636
2023-10-04 14:24:32,31,34,18021,52636
2023-10-04 14:24:32,30,34,18021,52636
2023-10-04 14:24:33,30,33,18021,52636
2023-10-04 14:24:34,30,32,18021,52636
2023-10-04 14:24:34,30,31,18021,52636
2023-10-04 14:24:35,29,31,18021,52636
2023-10-04 14:24:35,28,31,18021,52636
2023-10-04 14:24:36,28,30,18021,52636
2023-10-04 14:24:37,28,29,18021,52636
2023-10-04 14:24:51,27,29,18021,52636
2023-10-04 14:24:52,27,28,18021,52636
2023-10-04 14:24:53,25,27,18096,52711
2023-10-04 14:24:54,25,26,18096,52711
2023-10-04 14:24:54,23,26,17716,53111
2023-10-04 14:24:55,24,26,17716,53111
2023-10-04 14:24:56,24,26,17716,53111
2023-10-04 14:24:57,25,26,17716,53111
2023-10-04 14:24:57,25,27,17716,53111
2023-10-04 14:24:59,26,27,17716,53111
2023-10-04 14:25:00,25,27,17716,53111
2023-10-04 14:25:02,25,26,17716,53111
2023-10-04 14:25:03,24,26,17716,53111
2023-10-04 14:25:03,25,26,17716,53111
2023-10-04 14:25:13,25,27,17716,53111
2023-10-04 14:25:14,26,27,17716,53111
2023-10-04 14:25:15,25,27,17716,53111
2023-10-04 14:25:16,26,27,17716,53111
2023-10-04 14:25:22,26,29,17716,53111
2023-10-04 14:25:22,26,28,17716,53111
2023-10-04 14:25:24,27,28,17716,53111
2023-10-04 14:25:26,28,31,17716,53186
2023-10-04 14:25:28,29,31,17716,53186
2023-10-04 14:25:29,30,31,17716,53186
2023-10-04 14:25:31,29,31,17716,53186
2023-10-04 14:25:32,30,31,17716,53186
2023-10-04 14:25:33,29,31,17716,53186
2023-10-04 14:25:34,30,31,17716,53186
2023-10-04 14:25:35,30,32,17716,53186
2023-10-04 14:25:37,31,32,17716,53186
2023-10-04 14:25:39,31,33,17716,53186
2023-10-04 14:25:42,32,33,17716,53186
2023-10-04 14:25:48,32,34,17716,53186
2023-10-04 14:25:49,32,33,17716,53186
2023-10-04 14:25:50,32,34,17716,53186
2023-10-04 14:25:54,32,35,17621,53386
2023-10-04 14:25:58,32,34,17621,53386
2023-10-04 14:26:01,32,35,17621,53386
2023-10-04 14:26:03,33,35,17621,53386
2023-10-04 14:26:07,34,35,17621,53386
2023-10-04 14:26:56,34,36,17621,53386
2023-10-04 14:26:57,35,36,17621,53386
2023-10-04 14:27:11,35,37,17621,53386
2023-10-04 14:27:13,36,37,17621,53386
2023-10-04 14:27:13,36,38,17621,53386
2023-10-04 14:27:13,36,39,17621,53386
2023-10-04 14:27:13,37,39,17621,53386
2023-10-04 14:27:14,38,39,17621,53386
2023-10-04 14:27:16,38,40,17621,53386
2023-10-04 14:27:17,39,40,17621,53386
2023-10-04 14:27:23,39,41,17621,53386
2023-10-04 14:28:43,40,41,17621,53386
2023-10-04 14:28:43,40,42,17621,53386
2023-10-04 14:28:54,41,42,17621,53386
2023-10-04 14:29:11,41,43,17621,53386
2023-10-04 14:29:11,42,43,17621,53386
2023-10-04 14:29:11,42,45,17621,53386
2023-10-04 14:29:11,42,44,17621,53386
2023-10-04 14:29:12,43,44,17621,53386
2023-10-04 14:29:12,43,45,17621,53386
2023-10-04 14:29:31,43,44,17621,53386
2023-10-04 14:29:32,42,44,17621,53386
2023-10-04 14:29:49,42,45,17621,53386
2023-10-04 14:29:52,42,44,17621,53386
2023-10-04 14:29:53,42,45,17621,53386
2023-10-04 14:29:54,42,44,17621,53386
2023-10-04 14:29:56,42,45,17621,53386
2023-10-04 14:29:57,42,44,17621,53386
2023-10-04 14:30:01,43,44,17621,53386
2023-10-04 14:30:01,43,45,17621,53386
2023-10-04 14:30:03,43,44,17621,53386
2023-10-04 14:30:04,42,44,17621,53386
2023-10-04 14:30:04,42,45,17621,53386
2023-10-04 14:30:06,43,45,17621,53386
2023-10-04 14:30:07,44,45,17621,53386
2023-10-04 14:30:07,44,46,17621,53386
2023-10-04 14:30:08,44,47,17621,53386
2023-10-04 14:30:08,44,46,17621,53386
2023-10-04 14:30:24,45,46,17621,53386
2023-10-04 14:30:27,45,47,17621,53386
2023-10-04 14:30:28,45,48,17621,53386
2023-10-04 14:30:28,46,48,17621,53386
2023-10-04 14:30:28,46,47,17621,53386
2023-10-04 14:30:35,45,47,17621,53386
2023-10-04 14:30:41,45,46,17621,53386
2023-10-04 14:30:43,44,46,17621,53386
2023-10-04 14:30:55,45,46,17621,53386
2023-10-04 14:30:57,45,47,17621,53386
2023-10-04 14:31:07,45,48,17621,53386
2023-10-04 14:31:09,45,47,17621,53386
2023-10-04 14:31:16,45,48,17621,53386
2023-10-04 14:31:26,45,47,17621,53386
2023-10-04 14:31:29,45,48,17621,53386
2023-10-04 14:31:31,45,47,17621,53386
2023-10-04 14:31:37,45,48,17621,53386
2023-10-04 14:31:44,46,48,17621,53386
2023-10-04 14:31:50,46,49,17621,53386
2023-10-04 14:31:50,47,49,17621,53386
2023-10-04 14:31:51,48,49,17621,53386
2023-10-04 14:31:54,48,50,17621,53386
2023-10-04 14:31:57,48,49,17621,53386
2023-10-04 14:32:48,45,48,17721,53486
2023-10-04 14:32:51,45,47,17721,53486
2023-10-04 14:32:56,46,47,17721,53486
2023-10-04 14:33:01,45,47,17721,53486
2023-10-04 14:33:03,44,47,17721,53486
2023-10-04 14:33:04,44,46,17721,53486
2023-10-04 14:33:05,44,45,17721,53486
2023-10-04 14:33:06,43,45,17721,53486
2023-10-04 14:33:15,44,45,17721,53486
2023-10-04 14:33:15,44,46,17721,53486
2023-10-04 14:33:16,44,47,17721,53486
2023-10-04 14:33:16,44,46,17721,53486
2023-10-04 14:33:31,44,47,17721,53486
2023-10-04 14:33:34,45,47,17721,53486
2023-10-04 14:33:51,45,46,17721,53486
2023-10-04 14:33:56,45,47,17721,53486
2023-10-04 14:33:58,45,46,17721,53486
2023-10-04 14:33:59,44,46,17721,53486
2023-10-04 14:34:03,43,46,17721,53486
2023-10-04 14:34:03,43,45,17721,53486
2023-10-04 14:34:03,42,45,17721,53486
2023-10-04 14:34:04,42,44,17721,53486
2023-10-04 14:34:05,40,44,17721,53486
2023-10-04 14:34:05,40,43,17721,53486
2023-10-04 14:34:05,40,42,17721,53486
2023-10-04 14:34:06,41,42,17721,53486
2023-10-04 14:34:09,41,43,17721,53486
2023-10-04 14:34:32,41,44,17721,53486
2023-10-04 14:34:33,42,44,17721,53486
2023-10-04 14:34:49,41,44,17721,53486
2023-10-04 14:34:56,41,43,17721,53486
2023-10-04 14:34:57,41,42,17721,53486
2023-10-04 14:34:57,40,42,17721,53486
2023-10-04 14:34:58,41,42,17721,53486
2023-10-04 14:35:17,40,41,17731,53496
2023-10-04 14:35:25,40,41,17931,53696
2023-10-04 14:35:26,37,40,18012,53777
2023-10-04 14:35:27,37,39,18012,53777
2023-10-04 14:35:29,37,38,18012,53777
2023-10-04 14:35:29,37,39,18012,53777
2023-10-04 14:35:36,38,39,18012,53777
2023-10-04 14:35:38,37,39,18012,53777
2023-10-04 14:35:42,37,38,18012,53777
2023-10-04 14:35:43,36,38,18012,53777
2023-10-04 14:35:51,36,38,18002,53787
2023-10-04 14:36:11,37,38,18002,53787
2023-10-04 14:36:12,37,39,18002,53787
2023-10-04 14:36:15,38,39,18002,53787
2023-10-04 14:36:31,38,40,18002,53787
2023-10-04 14:36:32,39,40,18002,53787
2023-10-04 14:36:32,39,41,18002,53787
2023-10-04 14:36:42,39,40,18002,53787
2023-10-04 14:36:43,39,40,18002,53792
2023-10-04 14:36:48,38,40,18002,53792
2023-10-04 14:36:49,39,40,18002,53792
2023-10-04 14:36:52,39,41,18002,53792
2023-10-04 14:36:55,40,41,18002,53792
2023-10-04 14:36:55,40,43,18002,53792
2023-10-04 14:36:56,40,41,18002,53792
2023-10-04 14:36:57,40,43,18002,53792
2023-10-04 14:36:58,40,42,18002,53792
2023-10-04 14:37:08,40,41,18002,53792
2023-10-04 14:37:23,39,41,18002,53792
2023-10-04 14:37:31,40,41,18002,53792
2023-10-04 14:37:37,39,41,18002,53792
2023-10-04 14:37:40,40,41,18002,53792
2023-10-04 14:37:43,39,41,18002,53792
2023-10-04 14:37:45,40,41,18002,53792
2023-10-04 14:37:46,39,41,18002,53792
2023-10-04 14:37:48,39,40,18002,53792
2023-10-04 14:37:55,40,41,17997,53797
2023-10-04 14:37:56,40,43,17997,53797
2023-10-04 14:37:57,40,42,17997,53797
2023-10-04 14:37:58,40,43,17997,53797
2023-10-04 14:38:05,41,43,17997,53797
2023-10-04 14:38:07,42,43,17997,53797
2023-10-04 14:38:08,42,44,17997,53797
2023-10-04 14:38:09,43,44,17997,53797
2023-10-04 14:38:11,43,45,17997,53797
2023-10-04 14:38:29,43,46,17997,53797
2023-10-04 14:38:33,44,46,17997,53797
2023-10-04 14:38:35,43,46,17997,53797
2023-10-04 14:38:38,44,46,17997,53797
2023-10-04 14:38:47,44,47,17997,53797
2023-10-04 14:38:50,45,47,17997,53797
2023-10-04 14:38:51,46,47,17997,53797
2023-10-04 14:38:53,45,47,17997,53797
2023-10-04 14:39:50,45,48,17997,53797
2023-10-04 14:39:50,46,48,17997,53797
2023-10-04 14:39:57,47,48,17997,53797
2023-10-04 14:40:01,46,48,17997,53797
2023-10-04 14:40:03,46,47,17997,53797
2023-10-04 14:40:04,46,48,17997,53797
2023-10-04 14:40:09,46,49,17897,54073
2023-10-04 14:40:11,47,49,17897,54073
2023-10-04 14:40:12,48,49,17897,54073
2023-10-04 14:40:12,48,50,17897,54073
2023-10-04 14:40:20,48,49,17897,54073
2023-10-04 14:40:21,47,49,17897,54073
2023-10-04 14:40:43,47,50,17897,54073
2023-10-04 14:41:00,48,50,17897,54073
2023-10-04 14:41:03,49,50,17897,54073
2023-10-04 14:41:03,49,51,17897,54073
2023-10-04 14:41:06,50,51,17897,54073
2023-10-04 14:41:06,50,52,17897,54073
2023-10-04 14:41:07,51,52,17897,54073
2023-10-04 14:41:16,51,53,17897,54073
2023-10-04 14:41:25,51,52,17897,54073
2023-10-04 14:41:26,50,52,17897,54073
2023-10-04 14:41:29,49,52,17897,54073
2023-10-04 14:41:31,49,51,17897,54073
2023-10-04 14:41:39,49,52,17897,54073
2023-10-04 14:41:39,50,52,17897,54073
2023-10-04 14:41:57,50,51,17897,54073
2023-10-04 14:42:09,50,52,17897,54073
2023-10-04 14:42:13,50,53,17897,54073
2023-10-04 14:42:14,50,52,17897,54073
2023-10-04 14:42:19,50,53,17897,54073
2023-10-04 14:42:22,50,52,17897,54073
2023-10-04 14:42:24,50,51,17897,54073
2023-10-04 14:42:37,50,53,17897,54073
2023-10-04 14:42:43,51,53,17897,54073
2023-10-04 14:42:43,52,53,17897,54073
2023-10-04 14:42:59,52,54,17897,54073
2023-10-04 14:43:12,53,54,17897,54073
2023-10-04 14:43:15,53,55,17897,54073
2023-10-04 14:43:22,53,56,17897,54073
2023-10-04 14:43:22,54,56,17897,54073
2023-10-04 14:43:23,55,56,17897,54073
2023-10-04 14:43:23,55,57,17897,54073
2023-10-04 14:43:25,56,57,17897,54073
2023-10-04 14:43:28,56,58,17897,54073
2023-10-04 14:43:28,56,58,18137,54313
2023-10-04 14:43:29,57,58,18137,54313
2023-10-04 14:43:29,57,59,18137,54313
2023-10-04 14:43:30,58,59,18137,54313
2023-10-04 14:43:35,57,59,18137,54313
2023-10-04 14:43:38,57,58,18137,54313
2023-10-04 14:43:39,57,59,18137,54313
2023-10-04 14:43:48,57,58,18137,54313
2023-10-04 14:43:49,56,58,18137,54313
2023-10-04 14:43:52,55,58,18137,54313
2023-10-04 14:43:53,56,58,18137,54313
2023-10-04 14:43:58,55,58,18137,54313
2023-10-04 14:44:08,56,58,18137,54313
2023-10-04 14:44:12,56,59,18137,54313
2023-10-04 14:44:19,57,59,18137,54313
2023-10-04 14:44:42,58,59,18137,54313
2023-10-04 14:44:47,58,60,18137,54313
2023-10-04 14:44:49,58,60,18197,54373
2023-10-04 14:45:05,59,60,18197,54373
2023-10-04 14:45:06,58,60,18197,54373
2023-10-04 14:45:06,58,60,18202,54378
2023-10-04 14:45:07,59,60,18202,54378
2023-10-04 14:45:08,59,60,18413,54589
2023-10-04 14:45:08,58,60,18413,54589
2023-10-04 14:45:09,59,60,18413,54589
2023-10-04 14:45:10,58,60,18413,54789
2023-10-04 14:45:16,58,59,18413,54789
2023-10-04 14:45:17,58,60,18413,54789
2023-10-04 14:45:23,58,59,18413,54789
2023-10-04 14:45:27,57,59,18413,54789
2023-10-04 14:45:28,58,59,18413,54789
2023-10-04 14:45:31,58,60,18413,54789
2023-10-04 14:45:32,57,60,18413,54789
2023-10-04 14:45:32,57,59,18413,54789
2023-10-04 14:45:34,58,59,18413,54789
2023-10-04 14:45:35,58,60,18413,54789
2023-10-04 14:46:03,59,60,18413,54789
2023-10-04 14:46:06,59,60,18413,54849
2023-10-04 14:46:06,60,61,18413,54851
2023-10-04 14:46:08,59,61,18413,54851
2023-10-04 14:46:11,58,61,18413,54851
2023-10-04 14:46:11,58,60,18413,54851
2023-10-04 14:46:12,59,60,18413,54851
2023-10-04 14:46:14,59,61,18413,54851
2023-10-04 14:46:18,59,61,18553,54991
2023-10-04 14:46:21,60,61,18553,54991
2023-10-04 14:46:21,60,63,18553,54991
2023-10-04 14:46:21,60,62,18553,54991
2023-10-04 14:46:21,60,62,18611,55249
2023-10-04 14:46:24,60,62,18731,55369
2023-10-04 14:46:25,60,62,18736,55386
2023-10-04 14:46:31,60,61,18736,55386
2023-10-04 14:46:32,60,62,18736,55386
2023-10-04 14:46:36,61,62,18736,55386
2023-10-04 14:46:36,61,62,18752,55411
2023-10-04 14:46:36,61,63,18752,55411
2023-10-04 14:46:36,62,63,18752,55411
2023-10-04 14:46:37,62,64,18752,55411
2023-10-04 14:46:42,62,64,18812,55471
2023-10-04 14:46:52,62,63,18812,55471
2023-10-04 14:46:53,62,64,18812,55471
2023-10-04 14:46:54,62,63,18812,55471
2023-10-04 14:46:57,62,64,18812,55471
2023-10-04 14:47:02,62,63,18812,55471
2023-10-04 14:47:03,62,64,18812,55471
2023-10-04 14:47:05,62,63,18812,55471
2023-10-04 14:47:12,62,63,18872,55531
2023-10-04 14:47:13,61,63,18872,55531
2023-10-04 14:47:15,61,62,18872,55531
2023-10-04 14:47:16,61,63,18872,55531
2023-10-04 14:47:21,61,62,18872,55531
2023-10-04 14:47:23,61,63,18872,55531
2023-10-04 14:47:47,61,62,18872,55531
2023-10-04 14:47:48,61,63,18872,55531
2023-10-04 14:47:57,61,64,18872,55531
2023-10-04 14:48:01,62,64,18872,55531
2023-10-04 14:48:20,61,64,18872,55531
2023-10-04 14:48:20,61,63,18872,55531
2023-10-04 14:48:32,60,63,18872,55531
2023-10-04 14:48:38,60,62,18872,55531
2023-10-04 14:48:39,59,62,18872,55531
2023-10-04 14:48:40,59,61,18872,55531
2023-10-04 14:48:45,58,61,18872,55531
2023-10-04 14:48:49,59,61,18872,55531
2023-10-04 14:48:50,58,61,18872,55531
2023-10-04 14:48:51,58,60,18872,55531
2023-10-04 14:48:53,59,60,18872,55531
2023-10-04 14:48:54,59,61,18872,55531
2023-10-04 14:48:58,59,60,18872,55531
2023-10-04 14:49:02,59,61,18872,55531
2023-10-04 14:49:05,59,60,18872,55531
2023-10-04 14:49:07,58,60,18872,55531
2023-10-04 14:49:22,58,60,19133,55792
2023-10-04 14:49:23,57,60,19133,55792
2023-10-04 14:49:24,58,60,19133,55792
2023-10-04 14:49:26,57,60,19133,55792
2023-10-04 14:49:27,58,60,19133,55792
2023-10-04 14:49:31,57,60,19133,55792
2023-10-04 14:49:33,58,60,19133,55792
2023-10-04 14:49:41,58,61,19133,55792
2023-10-04 14:49:43,58,60,19133,55792
2023-10-04 14:49:44,57,60,19133,55792
2023-10-04 14:49:46,58,60,19133,55792
2023-10-04 14:49:48,57,60,19133,55792
2023-10-04 14:49:49,58,60,19133,55792
2023-10-04 14:49:50,57,60,19133,55792
2023-10-04 14:49:51,58,60,19133,55792
2023-10-04 14:49:55,57,60,19133,55792
2023-10-04 14:50:00,57,59,19133,55792
2023-10-04 14:50:00,56,59,19133,55792
2023-10-04 14:50:01,56,58,19133,55792
2023-10-04 14:50:01,54,57,19133,55792
2023-10-04 14:50:01,55,57,19133,55792
2023-10-04 14:50:01,55,56,19133,55792
2023-10-04 14:50:02,55,57,19133,55792
2023-10-04 14:50:03,55,56,19133,55792
2023-10-04 14:50:05,54,56,19133,55792
2023-10-04 14:50:10,54,55,19133,55792
2023-10-04 14:50:17,54,56,19133,55792
2023-10-04 14:50:18,54,55,19133,55792
2023-10-04 14:50:20,53,55,19133,55792
2023-10-04 14:50:29,52,55,19633,56292
2023-10-04 14:50:30,52,55,19633,56847
2023-10-04 14:50:30,53,55,19633,56847
2023-10-04 14:50:30,53,54,19633,56847
2023-10-04 14:50:31,53,56,19633,56847
2023-10-04 14:50:32,53,55,19633,56847
2023-10-04 14:50:45,53,56,19633,56847
2023-10-04 14:50:47,54,56,19633,56847
2023-10-04 14:50:51,55,56,19633,56847
2023-10-04 14:50:51,55,57,19633,56847
2023-10-04 14:50:52,56,57,19633,56847
2023-10-04 14:51:03,56,59,19633,56847
2023-10-04 14:51:04,57,59,19633,56847
2023-10-04 14:51:04,57,58,19633,56847
2023-10-04 14:51:04,57,59,19633,56847
2023-10-04 14:51:08,57,58,19633,56847
2023-10-04 14:51:11,56,58,19633,56847
2023-10-04 14:51:12,55,58,19633,56847
2023-10-04 14:51:13,56,58,19633,56847
2023-10-04 14:51:32,56,59,19633,56847
2023-10-04 14:51:32,57,59,19633,56847
2023-10-04 14:51:33,57,58,19633,56847
2023-10-04 14:51:34,57,59,19633,56847
2023-10-04 14:51:36,57,58,19633,56847
2023-10-04 14:51:37,57,59,19633,56847
2023-10-04 14:51:45,57,60,19633,56847
2023-10-04 14:51:45,57,59,19633,56847
2023-10-04 14:51:46,57,60,19633,56847
2023-10-04 14:51:53,57,59,19633,56847
2023-10-04 14:51:54,57,60,19633,56847
2023-10-04 14:51:55,57,59,19633,56847
2023-10-04 14:51:57,57,60,19633,56847
2023-10-04 14:52:00,57,59,19633,56847
2023-10-04 14:52:04,57,60,19633,56847
2023-10-04 14:52:06,57,59,19633,56847
2023-10-04 14:52:29,57,60,19633,56847
2023-10-04 14:52:34,57,59,19633,56847
2023-10-04 14:52:50,56,59,19633,56847
2023-10-04 14:52:52,56,57,19633,56847
2023-10-04 14:52:52,54,57,19633,56847
2023-10-04 14:52:53,54,56,19633,56847
2023-10-04 14:52:54,55,56,19633,56847
2023-10-04 14:52:55,55,58,19633,56847
2023-10-04 14:52:56,55,57,19633,56847
2023-10-04 14:52:59,55,58,19633,56847
2023-10-04 14:53:06,55,59,19633,56847
2023-10-04 14:53:07,56,59,19633,56847
2023-10-04 14:53:07,56,60,19633,56847
2023-10-04 14:53:08,56,59,19633,56847
2023-10-04 14:53:08,57,59,19633,56847
2023-10-04 14:53:09,57,60,19633,56847
2023-10-04 14:53:10,58,60,19633,56847
2023-10-04 14:53:13,58,61,19633,56847
2023-10-04 14:53:26,58,60,19633,56847
2023-10-04 14:53:27,58,61,19633,56847
2023-10-04 14:53:39,58,60,19633,56847
2023-10-04 14:53:40,58,61,19633,56847
2023-10-04 14:53:48,58,60,19633,56847
2023-10-04 14:54:01,58,59,19633,56847
2023-10-04 14:54:01,57,59,19633,56847
2023-10-04 14:54:02,57,58,19633,56847
2023-10-04 14:54:03,56,58,19633,56847
2023-10-04 14:54:04,55,58,19633,56847
2023-10-04 14:54:05,55,57,19633,56847
2023-10-04 14:54:07,55,56,19633,56847
2023-10-04 14:54:08,55,57,19633,56847
2023-10-04 14:54:20,55,56,19633,56847
2023-10-04 14:54:26,55,57,19633,57038
2023-10-04 14:54:44,54,57,19633,57038
2023-10-04 14:54:45,54,56,19633,57038
2023-10-04 14:54:48,55,56,19633,57038
2023-10-04 14:54:52,55,57,19633,57038
2023-10-04 14:54:55,54,57,19633,57038
2023-10-04 14:54:58,54,56,19633,57038
2023-10-04 14:55:00,54,57,19633,57038
2023-10-04 14:55:00,55,57,19633,57038
2023-10-04 14:55:12,55,58,19633,57038
2023-10-04 14:55:14,56,58,19633,57038
2023-10-04 14:55:15,56,59,19633,57038
2023-10-04 14:55:16,55,59,19633,57038
2023-10-04 14:55:16,55,58,19633,57038
2023-10-04 14:55:17,55,57,19633,57038
2023-10-04 14:55:30,55,58,19633,57038
2023-10-04 14:55:41,56,58,19633,57038
2023-10-04 14:55:42,55,58,19633,57038
2023-10-04 14:55:44,56,58,19633,57038
2023-10-04 14:55:45,56,59,19633,57038
2023-10-04 14:55:49,57,59,19633,57038
2023-10-04 14:55:50,58,59,19633,57038
2023-10-04 14:55:51,58,60,19633,57038
2023-10-04 14:55:52,59,60,19633,57038
2023-10-04 14:55:55,59,61,19633,57038
2023-10-04 14:56:03,58,61,19633,57038
2023-10-04 14:56:03,58,60,19633,57038
2023-10-04 14:56:12,58,61,19633,57038
2023-10-04 14:56:12,59,61,19633,57038
2023-10-04 14:56:22,59,62,19633,57038
2023-10-04 14:56:27,60,62,19633,57038
2023-10-04 14:56:27,60,63,19633,57038
2023-10-04 14:56:28,61,63,19633,57038
2023-10-04 14:56:29,62,63,19633,57038
2023-10-04 14:56:32,61,63,19633,57038
2023-10-04 14:56:33,62,63,19633,57038
2023-10-04 14:56:40,62,64,19633,57038
2023-10-04 14:56:46,63,64,19633,57038
2023-10-04 14:57:01,63,65,19633,57038
2023-10-04 14:57:02,63,66,19633,57038
2023-10-04 14:57:02,64,66,19633,57038
2023-10-04 14:57:05,65,66,19633,57038
2023-10-04 14:57:15,64,66,19633,57038
2023-10-04 14:57:18,65,66,19633,57038
2023-10-04 14:57:35,64,66,19633,57038
2023-10-04 14:57:36,65,66,19633,57038
2023-10-04 14:57:52,66,68,19783,57188
2023-10-04 14:57:53,67,68,19783,57188
2023-10-04 14:58:05,67,69,19824,57388
2023-10-04 14:58:06,68,69,19824,57388
2023-10-04 14:58:07,68,70,19824,57388
2023-10-04 14:58:19,69,70,19824,57388
2023-10-04 14:58:20,68,70,19824,57388
2023-10-04 14:58:20,68,71,19824,57388
2023-10-04 14:58:22,69,71,19824,57388
2023-10-04 14:58:25,70,71,19824,57388
2023-10-04 14:58:39,70,71,20024,57588
2023-10-04 14:58:40,68,71,20024,57588
2023-10-04 14:58:41,68,70,20024,57588
2023-10-04 14:58:44,68,69,20024,57588
2023-10-04 14:58:47,67,69,20024,57588
2023-10-04 14:58:49,68,69,20024,57588
2023-10-04 14:58:56,68,69,20224,57788
2023-10-04 14:59:27,67,69,20224,57788
2023-10-04 14:59:41,67,68,20224,57788
2023-10-04 14:59:48,67,69,20224,57788
2023-10-04 14:59:53,68,69,20224,57788
2023-10-04 14:59:53,68,69,20335,57899
2023-10-04 14:59:54,68,70,20335,57899
2023-10-04 14:59:55,68,70,20387,57951
2023-10-04 14:59:59,68,69,20387,57951
2023-10-04 15:00:01,68,70,20387,57951
2023-10-04 15:00:02,68,69,20387,57951
2023-10-04 15:00:05,67,69,20546,58151
2023-10-04 15:00:10,68,69,20546,58151
2023-10-04 15:00:10,68,70,20546,58151
2023-10-04 15:00:15,69,70,20546,58151
2023-10-04 15:00:15,69,71,20546,58151
2023-10-04 15:00:19,70,71,20546,58151
2023-10-04 15:00:19,70,72,20546,58151
2023-10-04 15:00:20,71,72,20546,58151
2023-10-04 15:00:20,71,72,20771,58376
2023-10-04 15:00:21,70,72,20771,58376
2023-10-04 15:00:22,71,72,20771,58376
2023-10-04 15:00:24,70,72,20771,58376
2023-10-04 15:00:27,70,71,20771,58376
2023-10-04 15:00:28,69,71,20771,58376
2023-10-04 15:00:47,69,72,20771,58376
2023-10-04 15:00:48,70,72,20771,58376
2023-10-04 15:00:51,71,72,20771,58376
2023-10-04 15:00:52,71,73,20771,58376
2023-10-04 15:00:55,72,73,20771,58376
2023-10-04 15:00:58,72,74,20771,58376
2023-10-04 15:00:58,73,74,20771,58376
2023-10-04 15:00:58,73,74,20824,58429
2023-10-04 15:00:59,72,74,20824,58429
2023-10-04 15:01:01,73,74,20824,58429
2023-10-04 15:01:06,72,74,20824,58429
2023-10-04 15:01:10,72,73,20824,58429
2023-10-04 15:01:12,72,74,20824,58429
2023-10-04 15:01:13,73,74,20824,58429
2023-10-04 15:01:14,73,75,20824,58429
2023-10-04 15:01:15,74,75,20824,58429
2023-10-04 15:01:15,74,75,20944,58549
2023-10-04 15:01:16,74,76,20944,58549
2023-10-04 15:01:18,75,76,20944,58549
2023-10-04 15:01:29,75,77,20944,58549
2023-10-04 15:01:33,74,77,21210,58815
2023-10-04 15:01:33,74,75,21210,58815
2023-10-04 15:01:35,74,75,21450,59055
2023-10-04 15:01:37,73,75,21693,59298
2023-10-04 15:01:44,73,74,21693,59298
2023-10-04 15:01:49,72,74,21693,59298
2023-10-04 15:01:54,72,73,21693,59298
2023-10-04 15:01:54,71,73,21693,59298
2023-10-04 15:01:57,71,72,21693,59298
2023-10-04 15:02:01,71,73,21693,59298
2023-10-04 15:02:03,71,72,21693,59298
2023-10-04 15:02:08,70,72,21693,59298
2023-10-04 15:02:08,70,73,21693,59298
2023-10-04 15:02:08,70,71,21693,59298
2023-10-04 15:02:26,69,71,21693,59298
2023-10-04 15:02:26,69,70,21693,59298
2023-10-04 15:02:26,68,69,21693,59298
2023-10-04 15:02:27,67,69,21693,59298
2023-10-04 15:02:27,67,70,21693,59298
2023-10-04 15:02:27,67,68,21693,59298
2023-10-04 15:02:35,68,70,21693,59338
2023-10-04 15:02:36,69,70,21693,59338
2023-10-04 15:02:36,69,72,21693,59338
2023-10-04 15:02:37,69,71,21693,59338
2023-10-04 15:02:39,69,72,21693,59338
2023-10-04 15:02:40,70,72,21693,59338
2023-10-04 15:02:48,70,73,21693,59338
2023-10-04 15:02:53,70,72,21693,59338
2023-10-04 15:03:07,69,72,21693,59338
2023-10-04 15:03:10,69,71,21693,59338
2023-10-04 15:03:14,68,71,21693,59338
2023-10-04 15:03:17,68,70,21693,59338
2023-10-04 15:03:32,68,71,21693,59338
2023-10-04 15:03:32,69,71,21693,59338
2023-10-04 15:03:34,69,70,21693,59338
2023-10-04 15:03:38,69,71,21693,59338
2023-10-04 15:03:42,69,72,21693,59338
2023-10-04 15:03:52,70,72,21693,59338
2023-10-04 15:04:09,70,72,21693,59398
2023-10-04 15:04:31,70,73,21693,59398
2023-10-04 15:04:32,70,72,21693,59398
2023-10-04 15:04:34,70,71,21693,59398
2023-10-04 15:04:55,69,71,21693,59398
2023-10-04 15:04:57,69,72,21693,59398
2023-10-04 15:04:57,70,72,21693,59398
2023-10-04 15:04:59,70,73,21693,59398
2023-10-04 15:05:03,71,73,21693,59398
2023-10-04 15:05:03,72,73,21693,59398
2023-10-04 15:05:10,72,73,21693,59598
2023-10-04 15:05:10,70,73,21693,59598
2023-10-04 15:05:11,70,72,21693,59598
2023-10-04 15:05:11,70,71,21693,59598
2023-10-04 15:05:12,70,72,21693,59598
2023-10-04 15:05:13,70,71,21693,59598
2023-10-04 15:05:15,70,72,21693,59598
2023-10-04 15:05:27,69,72,21693,59598
2023-10-04 15:05:29,70,72,21693,59598
2023-10-04 15:05:32,69,72,21693,59598
2023-10-04 15:05:34,70,72,21693,59598
2023-10-04 15:05:36,69,72,21693,59598
2023-10-04 15:05:39,69,71,21693,59598
2023-10-04 15:05:42,70,71,21693,59598
2023-10-04 15:05:43,69,71,21693,59598
2023-10-04 15:05:44,69,70,21693,59598
2023-10-04 15:05:44,67,70,21693,59598
2023-10-04 15:05:45,68,70,21693,59598
2023-10-04 15:05:48,67,70,21693,59598
2023-10-04 15:05:49,67,69,21693,59598
2023-10-04 15:06:00,67,70,21693,59598
2023-10-04 15:06:01,68,70,21693,59598
2023-10-04 15:06:06,68,71,21693,59598
2023-10-04 15:06:24,68,70,21693,59598
2023-10-04 15:06:26,68,71,21693,59598
2023-10-04 15:06:33,68,70,21693,59598
2023-10-04 15:06:34,67,70,21693,59598
2023-10-04 15:06:36,67,69,21693,59598
2023-10-04 15:06:49,68,69,21693,59598
2023-10-04 15:06:50,67,69,21693,59598
2023-10-04 15:06:52,68,69,21693,59598
2023-10-04 15:06:53,68,70,21693,59598
2023-10-04 15:06:54,68,69,21693,59598
2023-10-04 15:06:55,68,70,21693,59598
2023-10-04 15:07:04,68,71,21693,59598
2023-10-04 15:07:17,68,72,21693,59598
2023-10-04 15:07:17,69,72,21693,59598
2023-10-04 15:07:18,70,72,21693,59598
2023-10-04 15:07:18,71,72,21693,59598
2023-10-04 15:07:25,71,74,21693,59598
2023-10-04 15:07:25,72,74,21693,59598
2023-10-04 15:07:30,73,74,21693,59598
2023-10-04 15:07:47,73,75,21843,59748
2023-10-04 15:07:48,74,75,21843,59748
2023-10-04 15:07:50,74,76,22109,60014
2023-10-04 15:07:52,74,77,22109,60014
2023-10-04 15:07:54,75,77,22109,60014
2023-10-04 15:07:55,76,77,22109,60014
2023-10-04 15:08:10,76,78,22159,60064
2023-10-04 15:08:11,77,78,22159,60064
2023-10-04 15:08:16,76,78,22159,60064
2023-10-04 15:08:17,76,77,22159,60064
2023-10-04 15:08:19,76,78,22159,60064
2023-10-04 15:08:23,76,77,22159,60064
2023-10-04 15:08:25,75,77,22159,60064
2023-10-04 15:08:32,75,78,22159,60064
2023-10-04 15:08:32,76,78,22159,60064
2023-10-04 15:08:33,75,78,22159,60064
2023-10-04 15:08:33,75,77,22159,60064
2023-10-04 15:08:35,75,78,22159,60064
2023-10-04 15:08:35,76,78,22159,60064
2023-10-04 15:08:36,76,77,22159,60064
2023-10-04 15:08:37,76,78,22159,60064
2023-10-04 15:08:53,77,78,22159,60064
2023-10-04 15:09:01,77,79,22159,60064
2023-10-04 15:09:01,78,79,22159,60064
2023-10-04 15:09:22,78,79,22159,60124
2023-10-04 15:09:25,78,80,22159,60124
2023-10-04 15:09:26,78,79,22159,60124
2023-10-04 15:09:27,78,80,22159,60124
2023-10-04 15:09:30,78,79,22159,60124
2023-10-04 15:09:37,78,80,22359,60384
2023-10-04 15:09:38,77,80,22971,60996
2023-10-04 15:09:38,77,78,22971,60996
2023-10-04 15:09:38,77,78,23423,61448
2023-10-04 15:09:39,77,78,23428,61453
2023-10-04 15:09:41,76,78,23660,61685
2023-10-04 15:09:42,77,78,23660,61685
2023-10-04 15:09:42,76,78,23692,61717
2023-10-04 15:09:44,76,78,23752,61777
2023-10-04 15:10:02,77,78,23752,61777
2023-10-04 15:10:12,76,78,23752,61777
2023-10-04 15:10:21,75,78,23752,61777
