datetime,bid,ask,open_interest,volume
2023-09-05 09:30:05,28,66,825,965
2023-09-05 09:30:57,28,90,825,965
2023-09-05 09:30:57,28,89,825,965
2023-09-05 09:31:00,28,44,825,965
2023-09-05 09:31:00,39,44,825,965
2023-09-05 09:31:00,41,44,825,965
2023-09-05 09:31:00,41,43,825,965
2023-09-05 09:31:04,41,44,825,965
2023-09-05 09:31:06,41,43,825,965
2023-09-05 09:31:07,41,44,825,965
2023-09-05 09:31:14,41,43,825,965
2023-09-05 09:31:24,41,44,825,965
2023-09-05 09:31:36,41,43,825,965
2023-09-05 09:31:47,41,44,825,965
2023-09-05 09:31:51,41,43,825,965
2023-09-05 09:31:52,41,44,825,965
2023-09-05 09:31:54,41,43,825,965
2023-09-05 09:31:58,41,44,825,965
2023-09-05 09:32:01,41,43,825,965
2023-09-05 09:32:24,41,42,825,965
2023-09-05 09:32:46,41,42,492,1298
2023-09-05 09:32:53,41,44,142,1765
2023-09-05 09:33:19,42,44,142,1765
2023-09-05 09:34:04,41,44,142,1765
2023-09-05 09:34:05,42,44,142,1765
2023-09-05 09:34:10,41,44,142,1765
2023-09-05 09:34:13,42,44,142,1765
2023-09-05 09:34:14,41,44,142,1765
2023-09-05 09:34:39,41,43,142,1765
2023-09-05 09:35:39,42,43,142,1765
2023-09-05 09:35:41,42,44,142,1765
2023-09-05 09:35:42,42,43,142,1765
2023-09-05 09:35:43,42,44,142,1765
2023-09-05 09:35:44,42,43,142,1765
2023-09-05 09:35:45,42,44,142,1765
2023-09-05 09:35:54,42,43,142,1765
2023-09-05 09:36:33,42,43,256,1879
2023-09-05 09:36:39,40,42,317,1940
2023-09-05 09:36:54,39,42,317,1940
2023-09-05 09:37:18,40,42,317,1940
2023-09-05 09:37:19,39,42,317,1940
2023-09-05 09:37:21,40,42,317,1940
2023-09-05 09:37:23,39,42,317,1940
2023-09-05 09:37:25,40,42,317,1940
2023-09-05 09:37:26,39,42,317,1940
2023-09-05 09:37:48,40,42,317,1940
2023-09-05 09:37:56,39,42,317,1940
2023-09-05 09:38:10,39,41,317,1940
2023-09-05 09:38:11,39,42,317,1940
2023-09-05 09:38:19,39,42,317,1940
2023-09-05 09:38:27,40,42,317,1940
2023-09-05 09:38:45,39,42,317,1940
2023-09-05 09:39:05,40,42,317,1940
2023-09-05 09:39:12,39,42,317,1940
2023-09-05 09:40:12,40,42,317,1940
2023-09-05 09:40:16,39,42,317,1940
2023-09-05 09:40:33,40,42,317,1940
2023-09-05 09:40:39,39,42,317,1940
2023-09-05 09:40:43,40,42,317,1940
2023-09-05 09:40:57,40,43,317,1940
2023-09-05 09:41:06,40,42,317,1940
2023-09-05 09:41:18,39,42,317,1940
2023-09-05 09:41:20,40,42,317,1940
2023-09-05 09:41:21,39,42,317,1940
2023-09-05 09:41:24,40,42,317,1940
2023-09-05 09:41:25,39,42,317,1940
2023-09-05 09:41:26,40,42,317,1940
2023-09-05 09:41:28,39,42,317,1940
2023-09-05 09:41:31,40,42,317,1940
2023-09-05 09:41:42,39,42,317,1940
2023-09-05 09:42:01,39,41,317,1940
2023-09-05 09:42:09,38,41,317,1940
2023-09-05 09:42:10,38,40,317,1940
2023-09-05 09:42:19,38,40,561,2184
2023-09-05 09:42:40,38,39,561,2184
2023-09-05 09:43:07,38,40,561,2184
2023-09-05 09:43:07,39,40,561,2184
2023-09-05 09:43:07,38,40,561,2228
2023-09-05 09:43:15,38,41,561,2228
2023-09-05 09:43:19,39,41,561,2228
2023-09-05 09:43:21,38,41,561,2228
2023-09-05 09:43:33,39,41,561,2228
2023-09-05 09:43:42,38,41,561,2228
2023-09-05 09:43:43,39,41,561,2228
2023-09-05 09:43:45,38,41,561,2228
2023-09-05 09:43:53,38,40,561,2228
2023-09-05 09:43:54,37,40,561,2228
2023-09-05 09:43:55,38,40,561,2228
2023-09-05 09:44:02,37,40,561,2228
2023-09-05 09:44:38,37,39,561,2228
2023-09-05 09:45:19,37,40,561,2228
2023-09-05 09:45:20,38,40,561,2228
2023-09-05 09:45:25,37,40,561,2228
2023-09-05 09:45:26,38,40,561,2228
2023-09-05 09:45:30,38,41,561,2228
2023-09-05 09:45:33,38,40,561,2228
2023-09-05 09:45:34,37,40,561,2228
2023-09-05 09:45:41,38,40,561,2228
2023-09-05 09:45:41,38,41,561,2228
2023-09-05 09:45:42,39,41,561,2228
2023-09-05 09:46:05,39,42,561,2228
2023-09-05 09:46:06,40,42,561,2228
2023-09-05 09:47:09,40,41,561,2228
2023-09-05 09:47:11,39,41,561,2228
2023-09-05 09:47:14,40,41,561,2228
2023-09-05 09:47:14,40,41,787,2454
2023-09-05 09:47:31,39,41,787,2454
2023-09-05 09:47:34,40,41,787,2454
2023-09-05 09:47:55,40,41,1342,3009
2023-09-05 09:48:30,39,41,1342,3009
2023-09-05 09:49:00,38,41,1342,3009
2023-09-05 09:49:00,38,40,1342,3009
2023-09-05 09:49:04,37,40,1342,3009
2023-09-05 09:49:08,37,39,1342,3009
2023-09-05 09:49:10,37,40,1342,3009
2023-09-05 09:49:22,37,39,1342,3009
2023-09-05 09:49:26,38,39,1342,3009
2023-09-05 09:49:26,38,40,1342,3009
2023-09-05 09:49:35,38,39,1342,3009
2023-09-05 09:49:35,38,40,1342,3009
2023-09-05 09:49:43,37,40,1342,3009
2023-09-05 09:49:45,38,40,1342,3009
2023-09-05 09:49:47,37,40,1342,3009
2023-09-05 09:49:53,37,39,1342,3009
2023-09-05 09:49:54,37,40,1342,3009
2023-09-05 09:49:56,37,39,1342,3009
2023-09-05 09:50:40,37,38,1342,3009
2023-09-05 09:50:41,37,38,1342,3109
2023-09-05 09:50:43,36,38,1342,3209
2023-09-05 09:51:07,36,39,1342,3209
2023-09-05 09:51:15,36,38,1342,3209
2023-09-05 09:51:43,36,39,1342,3209
2023-09-05 09:51:45,37,39,1342,3209
2023-09-05 09:52:02,38,39,1342,3209
2023-09-05 09:52:08,37,39,1342,3209
2023-09-05 09:52:11,39,40,1542,3409
2023-09-05 09:52:15,38,40,1542,3409
2023-09-05 09:52:16,37,40,1542,3409
2023-09-05 09:52:31,37,39,1542,3409
2023-09-05 09:52:32,37,40,1542,3409
2023-09-05 09:52:33,37,39,1542,3409
2023-09-05 09:52:34,37,40,1542,3409
2023-09-05 09:52:35,37,39,1542,3409
2023-09-05 09:52:37,37,40,1542,3409
2023-09-05 09:52:38,37,39,1542,3409
2023-09-05 09:52:47,37,40,1542,3409
2023-09-05 09:52:48,37,39,1542,3409
2023-09-05 09:52:56,36,39,1542,3409
2023-09-05 09:53:00,37,39,1542,3409
2023-09-05 09:53:05,37,40,1542,3409
2023-09-05 09:53:16,38,40,1542,3409
2023-09-05 09:53:17,37,40,1542,3409
2023-09-05 09:53:25,38,40,1542,3409
2023-09-05 09:53:27,37,40,1542,3409
2023-09-05 09:53:38,37,39,1542,3409
2023-09-05 09:53:58,36,39,1542,3409
2023-09-05 09:54:11,36,38,1542,3409
2023-09-05 09:54:13,36,39,1542,3409
2023-09-05 09:54:22,37,39,1542,3409
2023-09-05 09:54:25,37,40,1542,3409
2023-09-05 09:54:26,38,40,1542,3409
2023-09-05 09:54:27,37,40,1542,3409
2023-09-05 09:54:28,38,40,1542,3409
2023-09-05 09:54:35,37,40,1542,3409
2023-09-05 09:54:37,38,40,1542,3409
2023-09-05 09:54:38,37,40,1542,3409
2023-09-05 09:54:39,38,40,1542,3409
2023-09-05 09:54:44,37,40,1542,3409
2023-09-05 09:54:45,38,40,1542,3409
2023-09-05 09:54:47,37,40,1542,3409
2023-09-05 09:55:00,37,39,1542,3409
2023-09-05 09:55:06,37,38,1542,3409
2023-09-05 09:55:08,36,38,1542,3409
2023-09-05 09:55:09,36,39,1542,3409
2023-09-05 09:55:10,36,39,1542,3409
2023-09-05 09:55:10,36,38,1542,3409
2023-09-05 09:55:11,36,39,1542,3409
2023-09-05 09:55:13,36,38,1542,3409
2023-09-05 09:55:16,37,38,1542,3409
2023-09-05 09:55:16,37,39,1542,3409
2023-09-05 09:55:18,37,40,1542,3409
2023-09-05 09:55:32,37,39,1542,3409
2023-09-05 09:55:33,37,40,1542,3409
2023-09-05 09:55:34,37,39,1542,3409
2023-09-05 09:55:35,37,40,1542,3409
2023-09-05 09:55:36,38,40,1542,3409
2023-09-05 09:55:43,37,40,1542,3409
2023-09-05 09:55:53,37,40,1592,3459
2023-09-05 09:55:55,37,39,1592,3459
2023-09-05 09:55:56,36,39,1592,3459
2023-09-05 09:55:57,37,39,1592,3459
2023-09-05 09:55:58,36,39,1592,3459
2023-09-05 09:55:59,37,39,1592,3459
2023-09-05 09:56:01,36,39,1592,3459
2023-09-05 09:56:03,37,39,1592,3459
2023-09-05 09:56:05,37,40,1592,3459
2023-09-05 09:56:11,37,39,1592,3459
2023-09-05 09:56:13,37,40,1592,3459
2023-09-05 09:56:18,38,40,1592,3459
2023-09-05 09:56:19,37,40,1592,3459
2023-09-05 09:56:24,37,39,1592,3459
2023-09-05 09:56:28,36,39,1592,3459
2023-09-05 09:56:33,37,39,1592,3459
2023-09-05 09:56:33,37,40,1592,3459
2023-09-05 09:56:36,37,39,1592,3459
2023-09-05 09:56:38,36,39,1592,3459
2023-09-05 09:56:39,36,40,1592,3459
2023-09-05 09:56:39,37,40,1592,3459
2023-09-05 09:56:41,38,40,1592,3459
2023-09-05 09:56:43,37,40,1592,3459
2023-09-05 09:56:50,36,40,1592,3459
2023-09-05 09:56:57,37,39,1592,3459
2023-09-05 09:56:58,37,40,1592,3459
2023-09-05 09:56:58,36,40,1592,3459
2023-09-05 09:56:58,36,39,1592,3459
2023-09-05 09:57:01,37,39,1592,3459
2023-09-05 09:57:08,36,39,1592,3459
2023-09-05 09:57:09,37,39,1592,3459
2023-09-05 09:57:10,36,39,1592,3459
2023-09-05 09:57:13,37,39,1592,3459
2023-09-05 09:57:14,36,39,1592,3459
2023-09-05 09:57:19,37,39,1592,3459
2023-09-05 09:57:20,36,39,1592,3459
2023-09-05 09:57:26,37,39,1592,3459
2023-09-05 09:57:30,36,39,1592,3459
2023-09-05 09:57:31,37,39,1592,3459
2023-09-05 09:57:38,37,40,1592,3459
2023-09-05 09:57:38,37,39,1592,3459
2023-09-05 09:57:50,37,38,1592,3459
2023-09-05 09:57:51,36,38,1592,3459
2023-09-05 09:57:55,36,39,1592,3459
2023-09-05 09:57:55,36,38,1592,3459
2023-09-05 09:58:02,37,38,1592,3459
2023-09-05 09:58:02,37,39,1592,3459
2023-09-05 09:58:02,37,38,1592,3459
2023-09-05 09:58:02,37,38,1592,3479
2023-09-05 09:58:02,37,39,1592,3479
2023-09-05 09:58:02,37,38,1592,3479
2023-09-05 09:58:04,37,38,1592,3499
2023-09-05 09:58:04,37,38,1592,3559
2023-09-05 09:58:04,37,38,1592,3619
2023-09-05 09:58:05,36,38,1592,3619
2023-09-05 09:58:10,36,37,1592,3619
2023-09-05 09:58:26,36,37,1592,3677
2023-09-05 09:58:28,36,37,1592,3697
2023-09-05 09:58:28,36,37,1629,3757
2023-09-05 09:58:43,35,37,1629,3757
2023-09-05 09:59:19,36,37,1629,3757
2023-09-05 09:59:52,37,38,1798,3926
2023-09-05 09:59:53,36,38,1798,3926
2023-09-05 10:00:06,35,38,1798,3926
2023-09-05 10:00:07,36,38,1798,3926
2023-09-05 10:00:10,35,38,1798,3926
2023-09-05 10:00:12,35,37,1798,3926
2023-09-05 10:00:20,35,38,1798,3926
2023-09-05 10:00:23,36,38,1798,3926
2023-09-05 10:00:24,35,38,1798,3926
2023-09-05 10:00:32,36,38,1798,3926
2023-09-05 10:00:34,35,38,1798,3926
2023-09-05 10:00:35,36,38,1798,3926
2023-09-05 10:00:38,35,38,1798,3926
2023-09-05 10:00:39,36,38,1798,3926
2023-09-05 10:00:40,35,38,1798,3926
2023-09-05 10:00:41,36,38,1798,3926
2023-09-05 10:00:57,37,38,1798,3926
2023-09-05 10:01:01,36,38,1798,3926
2023-09-05 10:01:07,37,38,1798,3926
2023-09-05 10:01:11,36,38,1798,3926
2023-09-05 10:01:14,38,39,1918,4046
2023-09-05 10:01:14,36,38,2131,4259
2023-09-05 10:01:14,37,38,2131,4259
2023-09-05 10:01:32,36,39,2131,4259
2023-09-05 10:01:32,38,39,2131,4259
2023-09-05 10:01:44,36,39,2131,4259
2023-09-05 10:01:44,37,39,2131,4259
2023-09-05 10:01:49,36,39,2131,4259
2023-09-05 10:01:49,38,39,2131,4259
2023-09-05 10:02:00,38,40,2131,4259
2023-09-05 10:02:10,38,39,2131,4259
2023-09-05 10:02:50,38,40,2131,4259
2023-09-05 10:02:50,37,40,2131,4259
2023-09-05 10:02:50,39,40,2131,4259
2023-09-05 10:02:52,37,40,1918,4472
2023-09-05 10:02:55,37,39,1918,4472
2023-09-05 10:02:57,37,40,1918,4472
2023-09-05 10:02:59,38,40,1918,4472
2023-09-05 10:03:01,37,40,1918,4472
2023-09-05 10:03:04,37,39,1918,4472
2023-09-05 10:03:25,36,39,1918,4472
2023-09-05 10:03:32,36,38,1918,4472
2023-09-05 10:03:32,35,38,1918,4472
2023-09-05 10:03:33,36,38,1918,4472
2023-09-05 10:03:35,36,39,1918,4472
2023-09-05 10:03:36,36,38,1918,4472
2023-09-05 10:03:39,35,38,1918,4472
2023-09-05 10:03:47,36,38,1918,4472
2023-09-05 10:03:50,35,38,1918,4472
2023-09-05 10:03:55,36,38,1918,4472
2023-09-05 10:03:55,36,39,1918,4472
2023-09-05 10:04:10,37,39,1918,4472
2023-09-05 10:04:20,36,39,1918,4472
2023-09-05 10:04:46,36,38,1918,4472
2023-09-05 10:04:46,35,38,1918,4472
2023-09-05 10:04:47,36,38,1918,4472
2023-09-05 10:04:48,35,38,1918,4472
2023-09-05 10:04:52,36,38,1918,4472
2023-09-05 10:04:53,35,38,1918,4472
2023-09-05 10:04:57,35,37,1918,4472
2023-09-05 10:05:02,35,38,1918,4472
2023-09-05 10:05:06,36,38,1918,4472
2023-09-05 10:05:07,35,38,1918,4472
2023-09-05 10:05:09,36,38,1918,4472
2023-09-05 10:05:12,35,38,1918,4472
2023-09-05 10:05:13,35,37,1918,4472
2023-09-05 10:05:20,35,38,1918,4472
2023-09-05 10:05:22,36,38,1918,4472
2023-09-05 10:05:27,36,37,1918,4472
2023-09-05 10:05:28,35,37,1918,4472
2023-09-05 10:05:53,35,38,1918,4472
2023-09-05 10:05:59,36,38,1918,4472
2023-09-05 10:06:02,36,39,1918,4472
2023-09-05 10:06:16,37,39,1918,4472
2023-09-05 10:06:17,38,39,1918,4472
2023-09-05 10:06:17,38,40,1918,4472
2023-09-05 10:06:21,37,40,1918,4472
2023-09-05 10:06:38,37,39,1918,4472
2023-09-05 10:06:42,36,39,1918,4472
2023-09-05 10:06:43,37,39,1918,4472
2023-09-05 10:06:44,36,39,1918,4472
2023-09-05 10:06:57,37,39,1918,4472
2023-09-05 10:07:02,37,40,1918,4472
2023-09-05 10:07:14,38,40,1918,4472
2023-09-05 10:07:14,38,41,1918,4472
2023-09-05 10:07:21,39,41,1918,4472
2023-09-05 10:07:35,38,41,1918,4472
2023-09-05 10:08:02,38,40,1918,4472
2023-09-05 10:08:03,37,40,1918,4472
2023-09-05 10:08:06,38,40,1918,4472
2023-09-05 10:08:12,38,41,1918,4472
2023-09-05 10:08:37,38,40,1918,4472
2023-09-05 10:08:38,37,40,1918,4472
2023-09-05 10:09:11,37,39,1918,4472
2023-09-05 10:09:11,36,39,1918,4472
2023-09-05 10:09:16,36,38,1918,4472
2023-09-05 10:09:17,36,39,1918,4472
2023-09-05 10:09:24,37,39,1918,4472
2023-09-05 10:09:28,37,40,1918,4472
2023-09-05 10:09:29,38,40,1918,4472
2023-09-05 10:09:38,37,40,1918,4472
2023-09-05 10:09:40,38,40,1918,4472
2023-09-05 10:09:42,37,40,1918,4472
2023-09-05 10:09:53,38,40,1918,4472
2023-09-05 10:09:55,37,40,1918,4472
2023-09-05 10:09:56,38,40,1918,4472
2023-09-05 10:10:02,38,41,1918,4472
2023-09-05 10:10:20,39,41,1918,4472
2023-09-05 10:10:21,39,42,1918,4472
2023-09-05 10:10:21,40,42,1918,4472
2023-09-05 10:10:25,39,42,1918,4472
2023-09-05 10:10:26,40,42,1918,4472
2023-09-05 10:10:27,39,42,1918,4472
2023-09-05 10:10:35,39,41,1918,4472
2023-09-05 10:10:38,39,42,1918,4472
2023-09-05 10:10:51,39,41,1918,4472
2023-09-05 10:10:58,38,41,1918,4472
2023-09-05 10:11:03,39,41,1918,4472
2023-09-05 10:11:04,38,41,1918,4472
2023-09-05 10:11:10,39,41,1918,4472
2023-09-05 10:11:10,39,42,1918,4472
2023-09-05 10:11:17,39,41,1918,4472
2023-09-05 10:11:30,39,42,1918,4472
2023-09-05 10:11:38,39,41,1918,4472
2023-09-05 10:11:39,38,41,1918,4472
2023-09-05 10:11:44,39,41,1918,4472
2023-09-05 10:11:45,39,42,1918,4472
2023-09-05 10:12:00,40,42,1918,4472
2023-09-05 10:12:00,40,43,1918,4472
2023-09-05 10:12:14,40,42,1918,4472
2023-09-05 10:12:22,40,43,1918,4472
2023-09-05 10:13:26,40,42,1918,4472
2023-09-05 10:13:45,39,42,1918,4472
2023-09-05 10:13:50,40,42,1918,4472
2023-09-05 10:14:17,39,42,1918,4472
2023-09-05 10:14:23,39,41,1918,4472
2023-09-05 10:14:25,38,41,1918,4472
2023-09-05 10:14:27,38,40,1918,4472
2023-09-05 10:14:36,38,41,1918,4472
2023-09-05 10:14:38,39,41,1918,4472
2023-09-05 10:14:39,38,41,1918,4472
2023-09-05 10:14:40,39,41,1918,4472
2023-09-05 10:14:41,38,41,1918,4472
2023-09-05 10:14:43,39,41,1918,4472
2023-09-05 10:14:44,38,41,1918,4472
2023-09-05 10:14:45,39,41,1918,4472
2023-09-05 10:14:46,38,41,1918,4472
2023-09-05 10:14:46,38,40,1918,4472
2023-09-05 10:15:02,37,40,1918,4472
2023-09-05 10:15:02,37,39,1918,4472
2023-09-05 10:15:06,38,39,1918,4472
2023-09-05 10:15:06,38,40,1918,4472
2023-09-05 10:15:08,37,40,1918,4472
2023-09-05 10:15:10,38,40,1918,4472
2023-09-05 10:15:11,37,40,1918,4472
2023-09-05 10:15:24,37,39,1918,4472
2023-09-05 10:15:25,37,40,1918,4472
2023-09-05 10:15:31,37,39,1918,4472
2023-09-05 10:15:34,36,39,1918,4472
2023-09-05 10:15:37,37,39,1918,4472
2023-09-05 10:15:37,37,40,1918,4472
2023-09-05 10:15:46,37,39,1918,4472
2023-09-05 10:15:49,37,38,1918,4472
2023-09-05 10:15:50,37,39,1918,4472
2023-09-05 10:15:51,36,39,1918,4472
2023-09-05 10:15:51,36,38,1918,4472
2023-09-05 10:15:53,35,38,1918,4472
2023-09-05 10:15:54,36,38,1918,4472
2023-09-05 10:15:55,35,38,1918,4472
2023-09-05 10:15:58,36,38,1918,4472
2023-09-05 10:16:08,36,39,1918,4472
2023-09-05 10:16:12,37,39,1918,4472
2023-09-05 10:16:25,36,39,1918,4472
2023-09-05 10:16:31,37,39,1918,4472
2023-09-05 10:16:32,36,39,1918,4472
2023-09-05 10:16:36,37,39,1918,4472
2023-09-05 10:16:44,36,39,1918,4472
2023-09-05 10:16:46,37,39,1918,4472
2023-09-05 10:16:47,36,39,1918,4472
2023-09-05 10:16:47,36,38,1918,4472
2023-09-05 10:17:04,35,38,1918,4472
2023-09-05 10:17:14,35,39,2718,5472
2023-09-05 10:17:14,36,39,2718,5472
2023-09-05 10:17:14,36,39,2718,5472
2023-09-05 10:17:14,36,38,2718,5472
2023-09-05 10:17:16,36,37,2718,5472
2023-09-05 10:17:18,35,37,2718,5472
2023-09-05 10:17:18,35,36,2718,5472
2023-09-05 10:17:28,35,36,2718,5646
2023-09-05 10:17:48,35,36,2462,5902
2023-09-05 10:17:48,36,37,2462,6022
2023-09-05 10:17:57,36,38,2462,6022
2023-09-05 10:17:57,36,39,2462,6022
2023-09-05 10:17:57,37,39,2462,6022
2023-09-05 10:18:03,37,38,2462,6022
2023-09-05 10:18:10,36,38,2438,6388
2023-09-05 10:18:11,37,38,2438,6388
2023-09-05 10:18:15,37,39,2438,6388
2023-09-05 10:18:18,37,39,2438,6445
2023-09-05 10:18:20,37,40,2438,6445
2023-09-05 10:18:21,38,40,2438,6445
2023-09-05 10:18:24,38,41,2438,6445
2023-09-05 10:18:30,39,41,2438,6445
2023-09-05 10:18:31,39,42,2438,6445
2023-09-05 10:18:32,39,41,2438,6445
2023-09-05 10:18:37,38,41,2438,6445
2023-09-05 10:18:41,38,41,2438,6464
2023-09-05 10:18:41,38,40,2438,6464
2023-09-05 10:18:45,39,40,2438,6464
2023-09-05 10:18:46,38,40,2438,6464
2023-09-05 10:18:47,39,40,2438,6464
2023-09-05 10:18:54,39,42,2438,6464
2023-09-05 10:18:54,39,41,2438,6464
2023-09-05 10:18:55,40,41,2438,6464
2023-09-05 10:18:55,40,41,2438,6505
2023-09-05 10:18:56,39,41,2438,6505
2023-09-05 10:18:58,39,42,2438,6505
2023-09-05 10:18:58,39,40,2438,6505
2023-09-05 10:19:01,39,42,2438,6505
2023-09-05 10:19:01,39,41,2438,6505
2023-09-05 10:19:02,40,41,2438,6505
2023-09-05 10:19:03,39,41,2438,6505
2023-09-05 10:19:03,39,42,2438,6505
2023-09-05 10:19:03,39,40,2438,6505
2023-09-05 10:19:07,39,42,2438,6505
2023-09-05 10:19:07,39,41,2438,6505
2023-09-05 10:19:08,40,41,2438,6505
2023-09-05 10:19:14,39,41,2438,6505
2023-09-05 10:19:14,39,42,2438,6505
2023-09-05 10:19:14,39,40,2438,6505
2023-09-05 10:19:33,38,40,2438,6505
2023-09-05 10:19:34,39,40,2438,6505
2023-09-05 10:19:35,38,40,2438,6505
2023-09-05 10:19:37,39,40,2438,6505
2023-09-05 10:19:43,39,40,2438,6518
2023-09-05 10:19:48,39,40,2438,6529
2023-09-05 10:19:51,39,41,2438,6529
2023-09-05 10:19:51,39,42,2438,6529
2023-09-05 10:19:51,39,41,2438,6529
2023-09-05 10:20:15,40,41,2438,6529
2023-09-05 10:20:24,39,41,2438,6529
2023-09-05 10:20:25,39,42,2438,6529
2023-09-05 10:20:25,39,40,2438,6529
2023-09-05 10:20:38,39,42,2438,6548
2023-09-05 10:20:39,40,42,2438,6548
2023-09-05 10:20:45,40,42,2438,6558
2023-09-05 10:20:49,41,42,2438,6558
2023-09-05 10:20:49,41,43,2438,6558
2023-09-05 10:20:49,41,43,2438,6571
2023-09-05 10:21:09,41,43,2438,6597
2023-09-05 10:21:27,42,43,2438,6597
2023-09-05 10:21:28,41,43,2438,6597
2023-09-05 10:21:30,42,43,2438,6597
2023-09-05 10:21:32,41,43,2438,6597
2023-09-05 10:21:35,42,43,2438,6597
2023-09-05 10:21:58,41,43,2438,6597
2023-09-05 10:22:10,42,43,2438,6597
2023-09-05 10:22:11,42,44,2438,6597
2023-09-05 10:22:38,43,44,2438,6597
2023-09-05 10:24:36,43,45,2438,6597
2023-09-05 10:24:37,44,45,2438,6597
2023-09-05 10:24:45,44,46,2448,6797
2023-09-05 10:24:47,45,46,2448,6797
2023-09-05 10:24:55,45,47,2648,6997
2023-09-05 10:24:56,46,47,2648,6997
2023-09-05 10:25:16,46,48,2648,6997
2023-09-05 10:25:18,47,48,2648,6997
2023-09-05 10:25:32,47,48,3048,7397
2023-09-05 10:25:32,47,49,3048,7397
2023-09-05 10:25:33,48,49,3048,7397
2023-09-05 10:25:33,48,49,3102,7451
2023-09-05 10:25:41,47,49,3102,7451
2023-09-05 10:25:42,48,49,3102,7451
2023-09-05 10:25:43,47,49,3102,7451
2023-09-05 10:25:45,48,49,3102,7451
2023-09-05 10:26:03,48,50,3102,7451
2023-09-05 10:26:22,47,50,3102,7451
2023-09-05 10:26:22,47,49,3102,7451
2023-09-05 10:26:32,46,49,3102,7451
2023-09-05 10:26:35,46,48,3102,7451
2023-09-05 10:26:44,46,49,3102,7451
2023-09-05 10:26:44,46,48,3102,7451
2023-09-05 10:27:11,45,48,3102,7451
2023-09-05 10:27:12,45,47,3102,7451
2023-09-05 10:27:42,46,47,3102,7451
2023-09-05 10:28:09,45,47,3102,7451
2023-09-05 10:28:11,45,48,3102,7451
2023-09-05 10:28:12,45,47,3102,7451
2023-09-05 10:28:17,45,46,3102,7451
2023-09-05 10:28:34,44,46,3102,7451
2023-09-05 10:28:35,44,47,3102,7451
2023-09-05 10:28:35,44,46,3102,7451
2023-09-05 10:28:46,45,46,3102,7451
2023-09-05 10:28:49,44,46,3102,7451
2023-09-05 10:29:16,45,46,3102,7451
2023-09-05 10:29:22,45,46,3102,7465
2023-09-05 10:29:36,45,47,3102,7465
2023-09-05 10:29:36,45,46,3102,7465
2023-09-05 10:29:41,45,46,3102,7475
2023-09-05 10:29:49,45,47,3102,7475
2023-09-05 10:30:01,46,47,3102,7475
2023-09-05 10:30:06,46,47,3198,7571
2023-09-05 10:30:06,45,46,3253,7630
2023-09-05 10:30:16,44,45,3451,7828
2023-09-05 10:30:28,45,46,3453,7830
2023-09-05 10:30:42,45,47,3453,7830
2023-09-05 10:30:43,45,46,3453,7830
2023-09-05 10:30:45,45,47,3453,7830
2023-09-05 10:30:47,45,47,3453,7837
2023-09-05 10:30:51,45,47,3448,7842
2023-09-05 10:30:55,45,47,3445,7845
2023-09-05 10:31:01,45,47,3442,7848
2023-09-05 10:31:04,45,46,3442,7848
2023-09-05 10:31:18,45,48,3442,7848
2023-09-05 10:31:19,45,47,3442,7848
2023-09-05 10:31:35,45,46,3442,7848
2023-09-05 10:31:51,45,46,3442,7868
2023-09-05 10:32:03,45,47,3442,7868
2023-09-05 10:32:04,44,45,3533,7959
2023-09-05 10:32:11,44,46,3533,7959
2023-09-05 10:32:12,44,45,3533,7959
2023-09-05 10:32:23,43,45,3533,7959
2023-09-05 10:32:23,43,44,3533,7959
2023-09-05 10:32:24,42,44,3533,7959
2023-09-05 10:32:39,42,43,3533,7959
2023-09-05 10:32:47,42,44,3533,7959
2023-09-05 10:33:03,43,44,3533,7959
2023-09-05 10:33:26,43,44,3533,8139
2023-09-05 10:33:41,43,44,3533,8223
2023-09-05 10:33:43,43,44,3533,8283
2023-09-05 10:34:30,43,45,3533,8283
2023-09-05 10:34:42,43,44,3533,8283
2023-09-05 10:34:52,41,44,3533,8294
2023-09-05 10:34:55,41,43,3533,8294
2023-09-05 10:34:58,40,43,3533,8294
2023-09-05 10:35:08,40,44,3533,8294
2023-09-05 10:35:09,40,43,3533,8294
2023-09-05 10:35:14,40,44,3533,8294
2023-09-05 10:35:18,40,43,3533,8294
2023-09-05 10:35:19,40,44,3533,8294
2023-09-05 10:35:20,40,43,3533,8294
2023-09-05 10:35:22,41,43,3533,8294
2023-09-05 10:35:24,41,44,3533,8294
2023-09-05 10:35:25,41,44,3480,8347
2023-09-05 10:35:26,40,44,3480,8347
2023-09-05 10:35:27,40,43,3480,8347
2023-09-05 10:35:29,40,44,3480,8347
2023-09-05 10:35:30,41,44,3480,8347
2023-09-05 10:35:31,41,43,3480,8347
2023-09-05 10:35:39,41,44,3480,8347
2023-09-05 10:35:57,40,44,3480,8347
2023-09-05 10:35:58,41,44,3480,8347
2023-09-05 10:36:01,40,44,3480,8347
2023-09-05 10:36:02,40,43,3480,8347
2023-09-05 10:36:35,41,43,3480,8347
2023-09-05 10:36:50,40,43,3480,8347
2023-09-05 10:36:53,40,42,3480,8347
2023-09-05 10:37:03,40,42,3480,8407
2023-09-05 10:37:04,39,42,3480,8407
2023-09-05 10:37:12,39,41,3480,8407
2023-09-05 10:37:17,39,42,3480,8407
2023-09-05 10:37:18,39,41,3480,8407
2023-09-05 10:37:33,38,41,3480,8407
2023-09-05 10:37:35,38,40,3480,8407
2023-09-05 10:37:48,38,41,3480,8407
2023-09-05 10:38:08,39,41,3480,8407
2023-09-05 10:38:09,39,42,3480,8407
2023-09-05 10:38:10,39,41,3480,8407
2023-09-05 10:38:11,39,42,3480,8407
2023-09-05 10:38:12,40,42,3480,8407
2023-09-05 10:38:13,40,43,3480,8407
2023-09-05 10:38:14,40,42,3480,8407
2023-09-05 10:38:18,40,43,3480,8407
2023-09-05 10:38:34,41,43,3480,8407
2023-09-05 10:38:35,40,43,3480,8407
2023-09-05 10:38:36,40,44,3480,8407
2023-09-05 10:38:36,41,44,3480,8407
2023-09-05 10:38:43,41,45,3480,8407
2023-09-05 10:38:47,41,44,3480,8407
2023-09-05 10:38:51,42,44,3480,8407
2023-09-05 10:38:52,41,44,3480,8407
2023-09-05 10:39:44,42,44,3480,8407
2023-09-05 10:39:50,42,45,3480,8407
2023-09-05 10:39:51,42,44,3480,8407
2023-09-05 10:39:52,42,45,3480,8407
2023-09-05 10:39:56,42,44,3480,8407
2023-09-05 10:39:58,42,45,3480,8407
2023-09-05 10:39:59,42,44,3480,8407
2023-09-05 10:40:15,42,45,3480,8407
2023-09-05 10:40:27,43,45,3480,8407
2023-09-05 10:40:36,42,45,3480,8407
2023-09-05 10:40:41,42,44,3480,8407
2023-09-05 10:40:46,42,45,3480,8407
2023-09-05 10:40:49,42,44,3480,8407
2023-09-05 10:40:51,42,45,3480,8407
2023-09-05 10:40:52,42,44,3480,8407
2023-09-05 10:40:54,42,45,3480,8407
2023-09-05 10:41:02,42,44,3480,8407
2023-09-05 10:41:05,42,45,3480,8407
2023-09-05 10:41:09,42,44,3480,8407
2023-09-05 10:41:10,42,45,3480,8407
2023-09-05 10:41:12,42,44,3480,8407
2023-09-05 10:41:13,42,45,3480,8407
2023-09-05 10:41:14,42,44,3480,8407
2023-09-05 10:41:26,42,45,3480,8407
2023-09-05 10:41:30,42,44,3480,8407
2023-09-05 10:41:31,41,44,3480,8407
2023-09-05 10:41:33,40,44,3480,8407
2023-09-05 10:41:34,40,43,3480,8407
2023-09-05 10:41:56,41,43,3480,8407
2023-09-05 10:41:56,41,44,3480,8407
2023-09-05 10:41:59,40,44,3480,8407
2023-09-05 10:42:01,40,43,3480,8407
2023-09-05 10:42:11,41,43,3480,8407
2023-09-05 10:42:31,40,43,3480,8407
2023-09-05 10:42:36,41,43,3480,8407
2023-09-05 10:42:36,41,44,3480,8407
2023-09-05 10:42:44,41,43,3480,8407
2023-09-05 10:42:48,41,44,3480,8407
2023-09-05 10:43:05,41,43,3480,8407
2023-09-05 10:43:23,41,42,3480,8407
2023-09-05 10:43:26,40,42,3480,8407
2023-09-05 10:43:36,41,42,3480,8407
2023-09-05 10:43:44,41,43,3480,8407
2023-09-05 10:43:58,42,43,3480,8407
2023-09-05 10:44:02,41,43,3480,8407
2023-09-05 10:44:04,41,42,3480,8407
2023-09-05 10:44:08,41,43,3480,8407
2023-09-05 10:44:18,42,43,3480,8407
2023-09-05 10:44:18,42,44,3480,8407
2023-09-05 10:44:19,41,44,3480,8407
2023-09-05 10:44:21,42,44,3480,8407
2023-09-05 10:44:28,42,45,3480,8407
2023-09-05 10:44:29,43,45,3480,8407
2023-09-05 10:44:40,44,45,3480,8407
2023-09-05 10:44:45,44,46,3480,8407
2023-09-05 10:44:55,44,47,3480,8407
2023-09-05 10:45:02,45,47,3480,8407
2023-09-05 10:45:15,45,48,3480,8407
2023-09-05 10:45:15,46,48,3480,8407
2023-09-05 10:45:17,46,47,3480,8407
2023-09-05 10:45:35,46,48,3480,8407
2023-09-05 10:45:53,46,47,3480,8407
2023-09-05 10:46:03,46,47,3485,8412
2023-09-05 10:46:06,46,47,3490,8417
2023-09-05 10:46:15,46,47,3495,8422
2023-09-05 10:46:17,46,47,3500,8427
2023-09-05 10:46:18,46,47,3505,8432
2023-09-05 10:46:20,46,47,3510,8437
2023-09-05 10:46:23,46,47,3515,8442
2023-09-05 10:46:24,46,47,3520,8447
2023-09-05 10:46:26,46,47,3525,8452
2023-09-05 10:46:27,46,47,3530,8457
2023-09-05 10:46:29,46,47,3535,8462
2023-09-05 10:46:30,46,47,3540,8467
2023-09-05 10:46:32,46,47,3545,8472
2023-09-05 10:46:51,46,47,3550,8477
2023-09-05 10:46:54,44,47,3550,8532
2023-09-05 10:46:54,44,46,3550,8532
2023-09-05 10:46:57,44,45,3550,8532
2023-09-05 10:46:58,43,45,3550,8532
2023-09-05 10:47:11,42,45,3550,8532
2023-09-05 10:47:12,42,44,3550,8532
2023-09-05 10:47:13,42,43,3550,8532
2023-09-05 10:47:21,43,44,3550,8537
2023-09-05 10:47:21,43,45,3550,8537
2023-09-05 10:47:23,43,46,3550,8537
2023-09-05 10:47:23,44,46,3550,8537
2023-09-05 10:47:46,44,47,3550,8537
2023-09-05 10:47:49,44,46,3550,8537
2023-09-05 10:47:52,44,47,3550,8537
2023-09-05 10:47:59,45,47,3550,8537
2023-09-05 10:48:00,44,47,3550,8537
2023-09-05 10:48:02,45,47,3550,8537
2023-09-05 10:48:05,45,48,3550,8537
2023-09-05 10:48:20,46,48,3550,8537
2023-09-05 10:48:31,47,48,3550,8537
2023-09-05 10:48:34,47,49,3550,8537
2023-09-05 10:49:06,47,50,3550,8537
2023-09-05 10:49:07,48,50,3550,8537
2023-09-05 10:49:18,49,50,3550,8537
2023-09-05 10:49:31,49,51,3555,8542
2023-09-05 10:49:34,49,52,3755,8792
2023-09-05 10:49:34,50,52,3755,8792
2023-09-05 10:49:36,51,52,3755,8792
2023-09-05 10:49:39,51,53,3755,8792
2023-09-05 10:49:40,52,53,3755,8792
2023-09-05 10:49:59,51,53,4155,9192
2023-09-05 10:50:25,51,52,4155,9192
2023-09-05 10:50:26,51,52,4160,9197
2023-09-05 10:50:33,51,52,4165,9202
2023-09-05 10:50:47,51,52,4170,9207
2023-09-05 10:50:48,51,52,4175,9212
2023-09-05 10:50:50,51,52,4180,9217
2023-09-05 10:51:08,51,53,4180,9217
2023-09-05 10:51:58,52,53,4180,9217
2023-09-05 10:51:59,51,53,4180,9217
2023-09-05 10:52:00,52,53,4180,9217
2023-09-05 10:52:07,52,54,4180,9217
2023-09-05 10:52:11,52,53,4180,9217
2023-09-05 10:52:14,52,54,4180,9217
2023-09-05 10:52:25,53,54,4180,9217
2023-09-05 10:52:25,53,55,4400,9437
2023-09-05 10:52:38,53,54,4400,9437
2023-09-05 10:52:40,53,55,4400,9437
2023-09-05 10:52:59,54,55,4400,9437
2023-09-05 10:53:11,53,55,4400,9437
2023-09-05 10:53:12,54,55,4400,9437
2023-09-05 10:53:38,53,55,4400,9437
2023-09-05 10:53:39,54,55,4400,9437
2023-09-05 10:53:52,54,56,4400,9437
2023-09-05 10:53:54,55,56,4400,9437
2023-09-05 10:54:01,54,56,4400,9437
2023-09-05 10:54:09,53,55,4400,9437
2023-09-05 10:54:10,54,55,4400,9437
2023-09-05 10:54:17,53,55,4400,9437
2023-09-05 10:54:18,54,55,4400,9437
2023-09-05 10:54:20,53,55,4400,9437
2023-09-05 10:54:22,54,55,4400,9437
2023-09-05 10:54:32,53,55,4400,9437
2023-09-05 10:54:35,54,55,4400,9437
2023-09-05 10:54:43,53,55,4400,9437
2023-09-05 10:54:49,54,55,4400,9437
2023-09-05 10:54:55,53,55,4400,9437
2023-09-05 10:54:55,54,55,4400,9437
2023-09-05 10:54:56,53,55,4400,9437
2023-09-05 10:54:59,53,55,4400,9437
2023-09-05 10:54:59,53,56,4400,9437
2023-09-05 10:55:03,54,56,4400,9437
2023-09-05 10:55:06,53,56,4400,9437
2023-09-05 10:55:06,53,55,4400,9437
2023-09-05 10:55:18,52,55,4400,9437
2023-09-05 10:55:21,52,54,4400,9437
2023-09-05 10:55:25,53,54,4400,9437
2023-09-05 10:55:36,53,55,4400,9437
2023-09-05 10:55:37,54,55,4400,9437
2023-09-05 10:55:39,53,55,4400,9637
2023-09-05 10:55:48,52,55,4400,9637
2023-09-05 10:55:48,52,54,4400,9637
2023-09-05 10:55:55,53,54,4400,9637
2023-09-05 10:56:14,53,55,4400,9637
2023-09-05 10:56:14,53,54,4400,9637
2023-09-05 10:56:25,53,55,4400,9637
2023-09-05 10:56:26,53,54,4400,9637
2023-09-05 10:56:32,53,54,4400,9697
2023-09-05 10:56:41,53,55,4400,9697
2023-09-05 10:56:45,54,55,4400,9697
2023-09-05 10:56:46,54,56,4400,9697
2023-09-05 10:57:05,53,56,4400,9697
2023-09-05 10:57:07,53,55,4400,9697
2023-09-05 10:57:08,54,55,4400,9697
2023-09-05 10:57:19,53,55,4400,9697
2023-09-05 10:57:25,54,55,4400,9697
2023-09-05 10:57:41,53,55,4400,9697
2023-09-05 10:57:58,54,55,4400,9697
2023-09-05 10:58:04,54,56,4400,9697
2023-09-05 10:58:07,54,55,4400,9697
2023-09-05 10:58:12,54,56,4400,9697
2023-09-05 10:58:13,54,55,4400,9697
2023-09-05 10:58:25,54,56,4400,9697
2023-09-05 10:58:41,54,55,4400,9697
2023-09-05 10:58:51,54,55,4405,9702
2023-09-05 10:58:54,54,55,4410,9707
2023-09-05 10:58:56,54,55,4415,9712
2023-09-05 10:59:02,54,55,4420,9717
2023-09-05 10:59:16,54,55,4425,9722
2023-09-05 10:59:18,54,55,4430,9727
2023-09-05 10:59:19,54,55,4435,9732
2023-09-05 10:59:21,54,55,4440,9737
2023-09-05 10:59:26,54,55,4445,9742
2023-09-05 10:59:27,54,55,4450,9747
2023-09-05 10:59:29,54,55,4455,9752
2023-09-05 10:59:30,54,55,4460,9757
2023-09-05 10:59:32,54,55,4465,9762
2023-09-05 10:59:33,54,55,4470,9767
2023-09-05 10:59:34,53,55,4470,9767
2023-09-05 10:59:36,53,54,4470,9767
2023-09-05 11:00:04,54,55,4470,9807
2023-09-05 11:00:05,53,55,4470,9807
2023-09-05 11:00:06,53,54,4470,9807
2023-09-05 11:00:07,54,55,4470,9812
2023-09-05 11:00:17,54,56,4470,9812
2023-09-05 11:00:37,53,56,4470,9812
2023-09-05 11:00:37,54,56,4470,9812
2023-09-05 11:00:58,55,56,4470,9812
2023-09-05 11:01:01,55,57,4670,10012
2023-09-05 11:01:02,56,57,4670,10012
2023-09-05 11:01:07,55,57,4670,10012
2023-09-05 11:01:08,56,57,4670,10012
2023-09-05 11:01:11,56,58,4870,10212
2023-09-05 11:01:14,56,57,4870,10212
2023-09-05 11:01:17,56,58,4870,10212
2023-09-05 11:01:22,56,57,4870,10212
2023-09-05 11:01:30,56,58,4870,10212
2023-09-05 11:01:31,56,57,4870,10212
2023-09-05 11:01:38,56,58,4870,10212
2023-09-05 11:01:39,57,58,4870,10212
2023-09-05 11:01:40,57,58,4875,10217
2023-09-05 11:01:43,56,58,4875,10217
2023-09-05 11:01:43,56,57,4875,10217
2023-09-05 11:01:49,56,58,4875,10217
2023-09-05 11:01:51,57,58,4875,10217
2023-09-05 11:01:54,56,58,4875,10217
2023-09-05 11:01:55,56,57,4875,10217
2023-09-05 11:01:57,56,58,4875,10217
2023-09-05 11:02:00,57,58,4875,10217
2023-09-05 11:02:00,57,58,4875,10222
2023-09-05 11:02:25,57,58,4875,10227
2023-09-05 11:02:27,57,58,4855,10247
2023-09-05 11:02:45,57,58,4855,10252
2023-09-05 11:03:10,57,59,5255,10652
2023-09-05 11:03:10,57,58,5255,10652
2023-09-05 11:03:12,57,59,5255,10652
2023-09-05 11:03:18,57,58,5255,10652
2023-09-05 11:03:19,57,59,5255,10652
2023-09-05 11:03:30,57,58,5255,10652
2023-09-05 11:03:56,57,59,5255,10652
2023-09-05 11:03:57,57,58,5255,10652
2023-09-05 11:03:59,57,59,5255,10652
2023-09-05 11:04:00,57,58,5255,10652
2023-09-05 11:04:04,57,59,5255,10652
2023-09-05 11:04:06,57,58,5255,10652
2023-09-05 11:04:17,57,59,5255,10652
2023-09-05 11:04:18,58,59,5255,10652
2023-09-05 11:04:20,58,59,5255,10657
2023-09-05 11:04:36,58,59,5255,10662
2023-09-05 11:04:58,58,59,5255,10667
2023-09-05 11:04:59,58,59,5255,10672
2023-09-05 11:05:01,58,59,5255,10677
2023-09-05 11:05:13,58,59,5255,10682
2023-09-05 11:05:14,58,59,5255,10687
2023-09-05 11:05:16,58,59,5255,10692
2023-09-05 11:05:29,58,59,5255,10697
2023-09-05 11:05:37,58,59,5255,10702
2023-09-05 11:05:57,58,59,5255,10707
2023-09-05 11:06:24,58,59,5255,10712
2023-09-05 11:06:30,58,60,5255,10712
2023-09-05 11:06:33,58,59,5255,10712
2023-09-05 11:06:38,58,59,5255,10717
2023-09-05 11:06:49,58,59,5255,10722
2023-09-05 11:07:04,58,59,5255,10727
2023-09-05 11:07:06,58,59,5255,10732
2023-09-05 11:07:14,58,59,5255,10737
2023-09-05 11:07:31,58,59,5255,10742
2023-09-05 11:07:32,58,59,5255,10747
2023-09-05 11:07:50,58,59,5255,10752
2023-09-05 11:07:54,58,59,5248,10759
2023-09-05 11:08:01,58,59,5248,10764
2023-09-05 11:08:03,58,59,5248,10769
2023-09-05 11:08:04,58,59,5237,10780
2023-09-05 11:08:12,58,59,5237,10785
2023-09-05 11:08:17,58,59,5237,10790
2023-09-05 11:08:19,58,60,5237,10790
2023-09-05 11:08:20,58,59,5228,10799
2023-09-05 11:08:29,58,60,5228,10799
2023-09-05 11:08:29,58,59,5228,10799
2023-09-05 11:08:46,58,59,5228,10804
2023-09-05 11:08:47,58,59,5228,10809
2023-09-05 11:08:48,58,59,5228,10814
2023-09-05 11:08:49,58,59,5228,10819
2023-09-05 11:08:50,58,59,5228,10824
2023-09-05 11:08:51,58,59,5228,10829
2023-09-05 11:08:52,58,59,5228,10834
2023-09-05 11:08:53,58,59,5228,10839
2023-09-05 11:08:53,58,60,5228,10839
2023-09-05 11:08:54,59,60,5228,10839
2023-09-05 11:08:55,58,60,5228,10844
2023-09-05 11:08:56,59,60,5228,10844
2023-09-05 11:08:57,58,60,5228,10849
2023-09-05 11:08:58,59,60,5228,10849
2023-09-05 11:09:00,58,60,5228,10854
2023-09-05 11:09:01,59,60,5228,10854
2023-09-05 11:09:01,58,60,5228,10859
2023-09-05 11:09:02,59,60,5228,10859
2023-09-05 11:09:03,59,60,5228,10864
2023-09-05 11:09:04,59,60,5228,10869
2023-09-05 11:09:06,59,60,5228,10874
2023-09-05 11:09:07,59,60,5209,10893
2023-09-05 11:09:07,59,60,5209,10898
2023-09-05 11:09:08,58,60,5209,10898
2023-09-05 11:09:09,58,59,5209,10898
2023-09-05 11:09:15,58,59,5209,10903
2023-09-05 11:09:16,58,59,5209,10908
2023-09-05 11:09:16,58,59,5209,10913
2023-09-05 11:09:17,59,60,5209,10918
2023-09-05 11:09:18,59,60,5209,10923
2023-09-05 11:09:19,59,60,5209,10928
2023-09-05 11:09:21,59,60,5209,10933
2023-09-05 11:09:22,59,60,5209,10938
2023-09-05 11:09:24,59,60,5209,10943
2023-09-05 11:09:26,59,60,5209,10948
2023-09-05 11:09:26,58,60,5204,10953
2023-09-05 11:09:27,59,60,5204,10953
2023-09-05 11:09:27,58,59,5194,10963
2023-09-05 11:09:27,58,59,5194,10968
2023-09-05 11:09:28,58,59,5179,10983
2023-09-05 11:09:29,58,60,5179,10983
2023-09-05 11:09:29,59,60,5179,10983
2023-09-05 11:09:29,59,60,5179,10988
2023-09-05 11:09:30,59,60,5179,10993
2023-09-05 11:09:32,59,60,5179,10998
2023-09-05 11:09:33,59,60,5179,11003
2023-09-05 11:09:35,59,60,5179,11008
2023-09-05 11:09:36,59,60,5179,11013
2023-09-05 11:09:38,59,60,5179,11018
2023-09-05 11:09:39,59,60,5179,11023
2023-09-05 11:09:41,59,60,5179,11028
2023-09-05 11:09:41,58,60,5179,11296
2023-09-05 11:09:42,59,60,5179,11296
2023-09-05 11:09:43,58,60,5179,11301
2023-09-05 11:09:44,58,60,5179,11306
2023-09-05 11:09:46,58,60,5179,11311
2023-09-05 11:09:47,58,60,5179,11316
2023-09-05 11:09:49,58,60,5179,11321
2023-09-05 11:09:50,58,59,5179,11321
2023-09-05 11:10:04,58,60,5179,11321
2023-09-05 11:10:04,58,59,5179,11321
2023-09-05 11:10:06,58,59,5179,11326
2023-09-05 11:10:07,58,59,5179,11331
2023-09-05 11:10:59,58,59,5179,11336
2023-09-05 11:11:00,58,59,5179,11341
2023-09-05 11:11:01,58,59,5179,11346
2023-09-05 11:11:02,58,59,5179,11351
2023-09-05 11:11:02,58,59,5179,11356
2023-09-05 11:11:03,58,59,5179,11366
2023-09-05 11:11:04,58,59,5179,11376
2023-09-05 11:11:05,58,59,5179,11386
2023-09-05 11:11:06,58,59,5179,11396
2023-09-05 11:11:06,58,59,5179,11401
2023-09-05 11:11:13,58,59,5179,11406
2023-09-05 11:11:14,58,59,5179,11411
2023-09-05 11:11:17,58,59,5179,11416
2023-09-05 11:11:19,58,59,5179,11421
2023-09-05 11:11:22,58,59,5179,11446
2023-09-05 11:11:25,58,59,5179,11471
2023-09-05 11:11:27,58,59,5179,11496
2023-09-05 11:11:28,58,59,5179,11521
2023-09-05 11:11:30,58,59,5179,11546
2023-09-05 11:11:31,58,59,5179,11571
2023-09-05 11:11:33,58,59,5179,11596
2023-09-05 11:11:34,58,59,5179,11621
2023-09-05 11:11:36,58,59,5179,11646
2023-09-05 11:11:38,58,59,5179,11671
2023-09-05 11:11:39,58,59,5179,11696
2023-09-05 11:11:41,58,59,5179,11721
2023-09-05 11:11:42,58,59,5179,11746
2023-09-05 11:11:44,58,59,5179,11771
2023-09-05 11:11:45,58,59,5179,11796
2023-09-05 11:11:47,58,59,5179,11821
2023-09-05 11:11:48,58,59,5179,11846
2023-09-05 11:11:50,58,59,5179,11871
2023-09-05 11:11:52,58,59,5179,11896
2023-09-05 11:11:53,58,59,5179,11921
2023-09-05 11:11:55,58,59,5179,11946
2023-09-05 11:11:56,58,59,5179,11971
2023-09-05 11:11:58,58,59,5179,11996
2023-09-05 11:11:59,58,59,5179,12021
2023-09-05 11:12:01,58,59,5179,12046
2023-09-05 11:12:02,58,59,5179,12071
2023-09-05 11:12:04,58,59,5179,12096
2023-09-05 11:12:05,57,59,5179,12096
2023-09-05 11:12:06,57,58,5179,12096
2023-09-05 11:12:07,57,59,5179,12096
2023-09-05 11:12:07,57,58,5179,12096
2023-09-05 11:12:09,57,58,5179,12121
2023-09-05 11:12:29,57,58,5179,12146
2023-09-05 11:12:32,57,58,5179,12171
2023-09-05 11:12:38,57,58,5179,12196
2023-09-05 11:13:06,57,59,5179,12196
2023-09-05 11:13:10,57,58,5179,12196
2023-09-05 11:13:14,57,59,5179,12196
2023-09-05 11:13:15,57,58,5179,12196
2023-09-05 11:13:18,57,59,5179,12196
2023-09-05 11:13:19,57,58,5179,12196
2023-09-05 11:13:24,57,59,5179,12196
2023-09-05 11:13:28,57,58,5179,12196
2023-09-05 11:31:49,55,57,5179,12212
2023-09-05 11:32:28,55,56,5179,12212
2023-09-05 11:32:31,55,56,5228,12261
2023-09-05 11:32:36,55,57,5228,12261
2023-09-05 11:32:39,55,56,5228,12261
2023-09-05 11:32:42,55,56,5242,12275
2023-09-05 11:32:46,55,57,5242,12275
2023-09-05 11:32:48,55,56,5242,12275
2023-09-05 11:32:49,55,57,5242,12275
2023-09-05 11:32:54,55,56,5242,12275
2023-09-05 11:32:55,56,57,5242,12375
2023-09-05 11:32:56,55,57,5242,12375
2023-09-05 11:32:58,56,57,5242,12375
2023-09-05 11:32:59,56,58,5242,12375
2023-09-05 11:33:00,56,57,5242,12375
2023-09-05 11:33:01,56,58,5242,12375
2023-09-05 11:33:01,56,57,5242,12375
2023-09-05 11:33:02,56,58,5242,12375
2023-09-05 11:33:03,55,58,5242,12375
2023-09-05 11:33:03,55,57,5242,12375
2023-09-05 11:33:04,56,57,5242,12375
2023-09-05 11:33:06,56,58,5242,12375
2023-09-05 11:33:07,55,58,5242,12375
2023-09-05 11:33:08,56,58,5242,12375
2023-09-05 11:33:41,56,57,5242,12375
2023-09-05 11:33:46,55,57,5242,12375
2023-09-05 11:33:47,56,57,5242,12375
2023-09-05 11:33:48,56,58,5242,12375
2023-09-05 11:33:49,56,57,5242,12375
2023-09-05 11:33:51,56,58,5242,12375
2023-09-05 11:33:52,56,57,5242,12375
2023-09-05 11:33:53,56,58,5242,12375
2023-09-05 11:33:56,56,57,5242,12375
2023-09-05 11:34:01,56,57,5342,12475
2023-09-05 11:34:01,56,58,5342,12475
2023-09-05 11:34:02,56,57,5342,12475
2023-09-05 11:34:04,55,57,5342,12475
2023-09-05 11:34:07,55,56,5342,12475
2023-09-05 11:34:07,55,56,5346,12479
2023-09-05 11:34:11,55,57,5346,12479
2023-09-05 11:34:13,55,56,5346,12479
2023-09-05 11:34:17,55,57,5346,12479
2023-09-05 11:34:19,55,56,5346,12479
2023-09-05 11:34:20,55,57,5346,12479
2023-09-05 11:34:21,55,56,5346,12479
2023-09-05 11:34:26,55,57,5346,12479
2023-09-05 11:34:27,56,57,5346,12479
2023-09-05 11:34:32,56,58,5346,12479
2023-09-05 11:34:33,56,57,5346,12479
2023-09-05 11:34:34,56,58,5346,12479
2023-09-05 11:34:34,56,57,5346,12479
2023-09-05 11:34:39,56,58,5346,12479
2023-09-05 11:34:46,56,57,5346,12479
2023-09-05 11:34:49,56,58,5346,12479
2023-09-05 11:34:49,56,57,5346,12479
2023-09-05 11:34:54,56,58,5346,12479
2023-09-05 11:34:54,56,57,5346,12479
2023-09-05 11:34:58,55,57,5346,12479
2023-09-05 11:34:59,55,58,5346,12479
2023-09-05 11:34:59,56,58,5346,12479
2023-09-05 11:35:00,56,57,5346,12479
2023-09-05 11:35:01,55,57,5346,12479
2023-09-05 11:35:01,55,58,5346,12479
2023-09-05 11:35:02,55,57,5346,12479
2023-09-05 11:35:03,55,58,5346,12479
2023-09-05 11:35:03,55,56,5346,12479
2023-09-05 11:35:06,55,57,5346,12479
2023-09-05 11:35:07,56,57,5346,12479
2023-09-05 11:35:07,56,58,5346,12479
2023-09-05 11:35:08,56,57,5346,12479
2023-09-05 11:35:09,55,57,5346,12479
2023-09-05 11:35:11,56,57,5346,12479
2023-09-05 11:35:12,55,57,5346,12479
2023-09-05 11:35:15,55,56,5346,12479
2023-09-05 11:35:16,55,57,5346,12479
2023-09-05 11:35:17,55,56,5346,12479
2023-09-05 11:35:18,55,57,5346,12479
2023-09-05 11:35:23,55,56,5346,12479
2023-09-05 11:35:29,55,56,5402,12535
2023-09-05 11:35:30,55,57,5402,12535
2023-09-05 11:35:32,56,57,5402,12535
2023-09-05 11:35:36,55,57,5402,12535
2023-09-05 11:35:43,55,56,5402,12535
2023-09-05 11:35:45,55,57,5402,12535
2023-09-05 11:35:49,55,56,5402,12535
2023-09-05 11:35:52,55,57,5402,12535
2023-09-05 11:36:03,55,56,5402,12535
2023-09-05 11:36:04,54,56,5402,12535
2023-09-05 11:36:04,54,55,5402,12535
2023-09-05 11:36:06,54,56,5402,12535
2023-09-05 11:36:09,54,55,5402,12535
2023-09-05 11:36:20,54,57,5402,12535
2023-09-05 11:36:21,55,57,5402,12535
2023-09-05 11:36:29,55,58,5502,12635
2023-09-05 11:36:33,55,57,5502,12635
2023-09-05 11:36:48,55,56,5502,12635
2023-09-05 11:36:50,55,57,5502,12635
2023-09-05 11:37:02,54,57,5502,12635
2023-09-05 11:37:06,55,57,5502,12635
2023-09-05 11:37:13,54,57,5502,12635
2023-09-05 11:37:20,54,56,5502,12635
2023-09-05 11:37:43,53,56,5502,12635
2023-09-05 11:37:43,53,55,5502,12635
2023-09-05 11:37:48,53,56,5502,12635
2023-09-05 11:37:54,53,55,5502,12635
2023-09-05 11:38:00,52,55,5502,12635
2023-09-05 11:38:00,52,54,5502,12635
2023-09-05 11:38:03,51,54,5502,12635
2023-09-05 11:38:03,50,54,5502,12635
2023-09-05 11:38:04,50,53,5502,12635
2023-09-05 11:38:05,51,53,5502,12635
2023-09-05 11:38:05,51,54,5502,12635
2023-09-05 11:38:14,52,54,5502,12635
2023-09-05 11:38:14,52,55,5502,12635
2023-09-05 11:38:23,53,55,5502,12635
2023-09-05 11:38:35,53,56,5502,12635
2023-09-05 11:38:39,54,56,5502,12635
2023-09-05 11:38:40,53,56,5502,12635
2023-09-05 11:38:43,54,56,5502,12635
2023-09-05 11:38:44,53,56,5502,12635
2023-09-05 11:38:47,54,56,5502,12635
2023-09-05 11:38:49,53,56,5502,12635
2023-09-05 11:39:06,53,55,5502,12635
2023-09-05 11:39:08,53,56,5502,12635
2023-09-05 11:39:09,54,56,5502,12635
2023-09-05 11:39:26,54,55,5502,12635
2023-09-05 11:39:27,54,56,5502,12635
2023-09-05 11:39:46,54,55,5502,12635
2023-09-05 11:40:00,54,56,5502,12635
2023-09-05 11:40:03,54,55,5502,12635
2023-09-05 11:40:06,54,56,5502,12635
2023-09-05 11:40:24,54,55,5502,12635
2023-09-05 11:40:28,54,56,5502,12635
2023-09-05 11:40:41,54,55,5502,12635
2023-09-05 11:40:47,53,55,5502,12635
2023-09-05 11:40:51,53,56,5502,12635
2023-09-05 11:40:53,54,56,5502,12635
2023-09-05 11:40:59,54,57,5502,12635
2023-09-05 11:41:00,55,57,5502,12635
2023-09-05 11:41:01,54,57,5502,12635
2023-09-05 11:41:04,53,57,5502,12635
2023-09-05 11:41:05,53,56,5502,12635
2023-09-05 11:41:19,53,57,5502,12635
2023-09-05 11:41:20,54,57,5502,12635
2023-09-05 11:41:21,53,57,5502,12635
2023-09-05 11:41:21,53,56,5502,12635
2023-09-05 11:41:31,54,56,5502,12635
2023-09-05 11:41:57,54,55,5502,12635
2023-09-05 11:41:59,54,56,5502,12635
2023-09-05 11:41:59,54,55,5502,12635
2023-09-05 11:42:22,54,56,5502,12635
2023-09-05 11:42:26,54,55,5502,12635
2023-09-05 11:42:27,54,56,5502,12635
2023-09-05 11:42:31,54,55,5502,12635
2023-09-05 11:42:32,54,56,5502,12635
2023-09-05 11:42:44,53,56,5502,12635
2023-09-05 11:42:52,52,56,5502,12635
2023-09-05 11:42:53,53,56,5502,12635
2023-09-05 11:42:59,54,56,5502,12635
2023-09-05 11:43:00,53,56,5502,12635
2023-09-05 11:43:01,54,56,5502,12635
2023-09-05 11:43:06,54,55,5502,12635
2023-09-05 11:43:07,54,56,5502,12635
2023-09-05 11:43:08,54,55,5502,12635
2023-09-05 11:43:11,54,56,5502,12635
2023-09-05 11:43:11,52,56,5502,12635
2023-09-05 11:43:12,52,55,5502,12635
2023-09-05 11:43:15,52,56,5502,12635
2023-09-05 11:43:20,52,55,5502,12635
2023-09-05 11:43:20,53,55,5502,12635
2023-09-05 11:43:21,53,56,5502,12635
2023-09-05 11:43:22,53,55,5502,12635
2023-09-05 11:43:24,53,56,5502,12635
2023-09-05 11:43:27,54,56,5502,12635
2023-09-05 11:43:34,54,55,5502,12635
2023-09-05 11:43:49,54,56,5502,12635
2023-09-05 11:44:10,54,57,5502,12635
2023-09-05 11:44:20,54,56,5502,12635
2023-09-05 11:44:23,54,57,5502,12635
2023-09-05 11:44:24,54,56,5502,12635
2023-09-05 11:44:28,55,56,5502,12635
2023-09-05 11:44:33,55,57,5502,12635
2023-09-05 11:44:35,55,56,5502,12635
2023-09-05 11:44:36,55,57,5502,12635
2023-09-05 11:44:37,55,56,5502,12635
2023-09-05 11:45:16,55,57,5502,12635
2023-09-05 11:45:27,54,57,5502,12635
2023-09-05 11:45:39,55,57,5502,12635
2023-09-05 11:45:49,56,57,5502,12635
2023-09-05 11:46:12,54,56,5613,12746
2023-09-05 11:46:12,53,56,5613,12746
2023-09-05 11:46:29,54,56,5613,12746
2023-09-05 11:47:10,52,56,5613,12746
2023-09-05 11:47:15,53,56,5613,12746
2023-09-05 11:47:20,54,56,5613,12746
2023-09-05 11:47:22,54,57,5613,12746
2023-09-05 11:47:43,55,57,5613,12746
2023-09-05 11:47:46,55,58,5613,12746
2023-09-05 11:47:48,56,58,5613,12746
2023-09-05 11:47:58,57,58,5613,12746
2023-09-05 11:48:24,57,59,5669,12802
2023-09-05 11:48:29,58,59,5669,12802
2023-09-05 11:48:46,58,60,5669,12802
2023-09-05 11:48:51,59,60,5669,12802
2023-09-05 11:48:53,58,60,5669,12802
2023-09-05 11:48:57,57,60,5669,12802
2023-09-05 11:49:03,57,59,5669,12802
2023-09-05 11:49:07,57,60,5669,12802
2023-09-05 11:49:13,58,60,5669,12802
2023-09-05 11:49:28,58,59,5669,12802
2023-09-05 11:49:40,58,60,5669,12802
2023-09-05 11:49:41,58,59,5669,12802
2023-09-05 11:50:00,58,60,5669,12802
2023-09-05 11:50:01,58,59,5669,12802
2023-09-05 11:50:02,58,60,5669,12802
2023-09-05 11:50:03,58,59,5669,12802
2023-09-05 11:50:33,57,59,5669,12802
2023-09-05 11:50:43,57,60,5669,12802
2023-09-05 11:50:49,58,60,5669,12802
2023-09-05 11:51:08,57,60,5669,12802
2023-09-05 11:51:19,57,59,5669,12802
2023-09-05 11:51:40,57,60,5669,12802
2023-09-05 11:51:41,57,59,5669,12802
2023-09-05 11:51:44,57,60,5669,12802
2023-09-05 11:51:46,57,59,5669,12802
2023-09-05 11:51:53,57,60,5669,12802
2023-09-05 11:52:05,57,59,5669,12802
2023-09-05 11:52:28,56,59,5669,12802
2023-09-05 11:52:34,55,59,5669,12802
2023-09-05 11:52:34,55,58,5669,12802
2023-09-05 11:53:03,54,58,5669,12802
2023-09-05 11:53:03,54,57,5669,12802
2023-09-05 11:53:28,55,57,5669,12802
2023-09-05 11:53:35,54,57,5669,12802
2023-09-05 11:53:38,55,57,5669,12802
2023-09-05 11:53:39,55,58,5669,12802
2023-09-05 11:54:12,56,58,5669,12802
2023-09-05 11:54:27,56,57,5669,12802
2023-09-05 11:54:43,56,58,5669,12802
2023-09-05 11:55:18,56,59,5669,12802
2023-09-05 11:55:26,56,58,5669,12802
2023-09-05 11:55:31,56,58,5923,13056
2023-09-05 11:55:40,57,58,5923,13056
2023-09-05 11:55:46,56,58,5923,13056
2023-09-05 11:55:49,57,58,5923,13056
2023-09-05 11:55:51,57,59,5923,13056
2023-09-05 11:55:53,56,59,5923,13056
2023-09-05 11:55:53,58,59,5923,13056
2023-09-05 11:55:58,56,59,5923,13056
2023-09-05 11:55:58,57,59,5923,13056
2023-09-05 11:56:04,56,59,5923,13056
2023-09-05 11:56:04,58,59,5923,13056
2023-09-05 11:56:12,56,59,5923,13056
2023-09-05 11:56:12,57,59,5923,13056
2023-09-05 11:56:12,57,58,5923,13056
2023-09-05 11:56:16,57,59,5923,13056
2023-09-05 11:56:16,57,58,5923,13056
2023-09-05 11:56:20,57,59,5923,13056
2023-09-05 11:56:20,56,59,5923,13056
2023-09-05 11:56:21,58,59,5923,13056
2023-09-05 11:56:29,56,59,5923,13056
2023-09-05 11:56:29,57,59,5923,13056
2023-09-05 11:56:31,56,59,5923,13056
2023-09-05 11:56:31,58,59,5923,13056
2023-09-05 11:56:58,58,60,5923,13056
2023-09-05 11:56:58,57,60,5923,13056
2023-09-05 11:56:58,59,60,5923,13056
2023-09-05 11:57:36,57,60,5923,13056
2023-09-05 11:57:36,58,60,5923,13056
2023-09-05 11:57:36,58,59,5923,13056
2023-09-05 11:58:04,56,59,5923,13056
2023-09-05 11:58:04,57,59,5923,13056
2023-09-05 11:58:04,57,58,5923,13056
2023-09-05 11:58:37,57,59,5923,13056
2023-09-05 11:58:37,56,59,5923,13056
2023-09-05 11:58:37,58,59,5923,13056
2023-09-05 11:58:42,58,61,5923,13056
2023-09-05 11:58:42,58,60,5923,13056
2023-09-05 11:58:42,57,60,5923,13056
2023-09-05 11:58:43,59,60,5923,13056
2023-09-05 11:59:01,59,60,6023,13156
2023-09-05 11:59:04,57,60,6023,13156
2023-09-05 11:59:04,58,60,6023,13156
2023-09-05 11:59:05,58,59,6023,13156
2023-09-05 11:59:12,58,60,6023,13156
2023-09-05 11:59:13,58,59,6023,13156
2023-09-05 11:59:20,58,60,6023,13156
2023-09-05 11:59:20,57,60,6023,13156
2023-09-05 11:59:20,59,60,6023,13156
2023-09-05 11:59:27,59,61,6023,13156
2023-09-05 11:59:28,59,60,6023,13156
2023-09-05 11:59:37,59,61,6023,13156
2023-09-05 11:59:37,58,61,6023,13156
2023-09-05 11:59:37,60,61,6023,13156
2023-09-05 12:00:07,58,60,6023,13210
2023-09-05 12:00:17,58,61,6023,13210
2023-09-05 12:00:19,59,61,6023,13210
2023-09-05 12:00:24,60,61,6023,13210
2023-09-05 12:00:36,60,62,6023,13210
2023-09-05 12:00:36,60,63,6023,13210
2023-09-05 12:00:37,61,63,6023,13210
2023-09-05 12:01:46,61,62,6023,13210
2023-09-05 12:01:47,61,63,6023,13210
2023-09-05 12:03:11,61,62,6023,13210
2023-09-05 12:03:13,61,63,6023,13210
2023-09-05 12:04:42,61,62,6023,13210
2023-09-05 12:05:10,61,63,6023,13210
2023-09-05 12:05:59,62,63,6023,13210
2023-09-05 12:06:12,61,62,6134,13321
2023-09-05 12:06:13,61,63,6134,13321
2023-09-05 12:06:17,61,62,6134,13321
2023-09-05 12:06:19,61,63,6134,13321
2023-09-05 12:06:22,61,62,6134,13321
2023-09-05 12:06:23,61,63,6134,13321
2023-09-05 12:06:43,61,62,6134,13321
2023-09-05 12:06:52,61,63,6134,13321
2023-09-05 12:07:22,62,63,6134,13321
2023-09-05 12:07:30,61,63,6134,13321
2023-09-05 12:07:37,62,63,6134,13321
2023-09-05 12:09:39,61,63,6134,13321
2023-09-05 12:09:41,62,63,6134,13321
2023-09-05 12:09:42,61,63,6134,13321
2023-09-05 12:09:47,62,63,6134,13321
2023-09-05 12:09:48,61,63,6134,13321
2023-09-05 12:09:50,62,63,6134,13321
2023-09-05 12:10:30,62,64,6134,13321
2023-09-05 12:11:17,62,64,6180,13367
2023-09-05 12:12:37,63,64,6180,13367
2023-09-05 12:12:39,63,65,6180,13367
2023-09-05 12:12:40,64,65,6180,13367
2023-09-05 12:12:50,64,65,6180,13375
2023-09-05 12:12:52,63,65,6180,13375
2023-09-05 12:12:53,64,65,6180,13375
2023-09-05 12:13:07,64,65,6180,13379
2023-09-05 12:13:18,63,65,6180,13379
2023-09-05 12:13:19,64,65,6180,13379
2023-09-05 12:13:43,64,66,6380,13579
2023-09-05 12:18:05,63,66,6380,13579
2023-09-05 12:18:07,64,66,6380,13579
2023-09-05 12:18:16,63,66,6380,13579
2023-09-05 12:18:17,64,66,6380,13579
2023-09-05 12:18:19,63,66,6380,13579
2023-09-05 12:18:20,63,65,6380,13579
2023-09-05 12:18:26,63,66,6380,13579
2023-09-05 12:18:30,64,66,6380,13579
2023-09-05 12:19:39,65,66,6380,13579
2023-09-05 12:21:03,64,66,6380,13579
2023-09-05 12:21:07,65,66,6380,13579
2023-09-05 12:21:10,64,66,6380,13579
2023-09-05 12:21:14,64,67,6426,13779
2023-09-05 12:21:15,65,67,6426,13779
2023-09-05 12:21:59,66,67,6426,13779
2023-09-05 12:23:14,66,68,6626,13979
2023-09-05 12:24:05,66,68,6623,13982
2023-09-05 12:24:30,66,68,6605,14000
2023-09-05 12:24:49,66,68,6602,14003
2023-09-05 12:25:00,66,68,6588,14017
2023-09-05 12:25:53,65,68,6588,14017
2023-09-05 12:25:58,66,68,6588,14017
2023-09-05 12:27:03,65,68,6588,14017
2023-09-05 12:27:07,65,67,6588,14017
2023-09-05 12:27:23,65,68,6588,14017
2023-09-05 12:27:24,66,68,6588,14017
2023-09-05 12:27:37,65,68,6588,14017
2023-09-05 12:27:38,65,67,6588,14017
2023-09-05 12:27:47,65,68,6588,14017
2023-09-05 12:27:47,65,67,6588,14017
2023-09-05 12:27:53,66,67,6588,14017
2023-09-05 12:27:59,64,67,6542,14217
2023-09-05 12:28:16,65,67,6542,14217
2023-09-05 12:28:17,64,67,6542,14217
2023-09-05 12:28:19,64,66,6542,14217
2023-09-05 12:28:41,64,67,6542,14217
2023-09-05 12:28:43,66,67,6542,14217
2023-09-05 12:28:45,66,67,6568,14397
2023-09-05 12:29:32,66,68,6568,14397
2023-09-05 12:29:32,66,67,6568,14397
2023-09-05 12:29:46,66,68,6568,14397
2023-09-05 12:29:56,66,67,6568,14397
2023-09-05 12:30:28,66,67,6568,14409
2023-09-05 12:30:41,66,68,6568,14409
2023-09-05 12:36:25,66,69,6568,14409
2023-09-05 12:36:29,67,69,6568,14409
2023-09-05 12:37:38,68,69,6568,14409
2023-09-05 12:40:16,68,70,6568,14409
2023-09-05 12:41:40,67,70,6568,14409
2023-09-05 12:41:48,68,70,6568,14409
2023-09-05 12:41:57,67,70,6568,14409
2023-09-05 12:41:58,67,69,6568,14409
2023-09-05 12:41:59,67,70,6568,14409
2023-09-05 12:41:59,68,70,6568,14409
2023-09-05 12:42:32,68,69,6568,14409
2023-09-05 12:42:33,68,70,6568,14409
2023-09-05 12:42:44,67,70,6568,14409
2023-09-05 12:43:07,68,70,6568,14409
2023-09-05 12:43:08,67,70,6568,14409
2023-09-05 12:43:09,68,70,6568,14409
2023-09-05 12:44:20,69,70,6568,14409
2023-09-05 12:44:21,68,70,6568,14409
2023-09-05 12:44:24,69,70,6568,14409
2023-09-05 12:44:40,69,71,6814,14655
2023-09-05 12:44:43,70,71,6814,14655
2023-09-05 12:44:52,69,71,6814,14655
2023-09-05 12:45:16,70,71,6814,14655
2023-09-05 12:45:17,69,71,6814,14655
2023-09-05 12:45:25,70,71,6814,14655
2023-09-05 12:45:26,69,71,6814,14655
2023-09-05 12:45:37,70,71,6814,14655
2023-09-05 12:45:38,69,71,6814,14655
2023-09-05 12:46:00,70,71,6814,14655
2023-09-05 12:46:01,69,71,6814,14655
2023-09-05 12:46:14,70,71,6814,14655
2023-09-05 12:46:55,69,71,6814,14655
2023-09-05 12:47:02,70,71,6814,14655
2023-09-05 12:47:03,69,71,6814,14655
2023-09-05 12:47:16,70,71,6814,14655
2023-09-05 12:47:31,69,71,6814,14655
2023-09-05 12:47:45,70,71,6814,14655
2023-09-05 12:47:54,69,71,6814,14655
2023-09-05 12:48:00,70,71,6814,14655
2023-09-05 12:48:04,69,71,6814,14655
2023-09-05 12:48:39,68,71,6814,14655
2023-09-05 12:48:39,69,71,6814,14655
2023-09-05 12:49:04,69,70,6814,14655
2023-09-05 12:49:08,69,71,6814,14655
2023-09-05 12:50:11,68,71,6814,14655
2023-09-05 12:50:12,69,71,6814,14655
2023-09-05 12:50:17,68,71,6814,14655
2023-09-05 12:50:18,68,70,6814,14655
2023-09-05 12:50:20,68,69,6814,14655
2023-09-05 12:50:23,68,70,6814,14655
2023-09-05 12:50:23,69,70,6814,14655
2023-09-05 12:50:23,68,70,6814,14855
2023-09-05 12:50:25,68,69,6814,14855
2023-09-05 12:53:09,68,71,6814,15055
2023-09-05 12:53:10,69,71,6814,15055
2023-09-05 12:53:17,68,71,6814,15055
2023-09-05 12:53:24,69,71,6814,15055
2023-09-05 12:53:30,68,71,6814,15055
2023-09-05 12:53:31,68,70,6814,15055
2023-09-05 12:53:37,68,71,6814,15055
2023-09-05 12:53:45,68,70,6814,15055
2023-09-05 12:53:53,68,71,6814,15055
2023-09-05 12:54:00,68,70,6814,15055
2023-09-05 12:54:04,68,71,6814,15055
2023-09-05 12:54:07,68,70,6814,15055
2023-09-05 12:54:12,68,71,6814,15055
2023-09-05 12:54:15,68,70,6814,15055
2023-09-05 12:54:21,68,71,6814,15055
2023-09-05 12:54:22,68,70,6814,15055
2023-09-05 12:54:25,68,71,6814,15055
2023-09-05 12:54:32,69,71,6814,15055
2023-09-05 12:54:46,68,71,6814,15055
2023-09-05 12:54:51,69,71,6814,15055
2023-09-05 12:54:56,68,71,6814,15055
2023-09-05 12:55:01,68,71,6856,15097
2023-09-05 12:55:04,68,70,6856,15097
2023-09-05 12:56:05,69,70,6856,15097
2023-09-05 12:56:06,68,70,6856,15097
2023-09-05 12:56:16,69,70,6856,15097
2023-09-05 12:56:17,68,70,6856,15097
2023-09-05 12:56:34,67,70,6856,15097
2023-09-05 12:56:53,67,69,6856,15097
2023-09-05 12:57:00,67,70,6856,15097
2023-09-05 12:57:15,68,70,6856,15097
2023-09-05 12:58:25,68,69,6856,15097
2023-09-05 12:58:39,67,69,6856,15097
2023-09-05 12:58:48,68,69,6856,15097
2023-09-05 12:58:50,68,69,6856,15255
2023-09-05 12:58:51,67,69,6856,15255
2023-09-05 12:59:09,68,69,6856,15255
2023-09-05 13:00:05,67,69,6856,15255
2023-09-05 13:00:18,68,69,6856,15255
2023-09-05 13:00:20,67,69,6856,15255
2023-09-05 13:00:22,66,69,6856,15255
2023-09-05 13:00:23,66,68,6856,15255
2023-09-05 13:00:28,67,68,6856,15255
2023-09-05 13:00:28,67,68,6856,15315
2023-09-05 13:00:30,67,69,6856,15315
2023-09-05 13:00:42,68,69,6856,15315
2023-09-05 13:01:01,67,69,6856,15315
2023-09-05 13:01:25,66,69,6656,15515
2023-09-05 13:01:26,65,69,6656,15515
2023-09-05 13:01:26,65,68,6656,15515
2023-09-05 13:01:50,65,67,6656,15515
2023-09-05 13:01:55,64,67,6656,15515
2023-09-05 13:02:01,65,67,6656,15515
2023-09-05 13:02:03,65,68,6656,15515
2023-09-05 13:02:05,65,67,6656,15515
2023-09-05 13:02:07,65,68,6656,15515
2023-09-05 13:02:10,66,68,6656,15515
2023-09-05 13:02:20,65,68,6656,15515
2023-09-05 13:02:20,65,67,6656,15515
2023-09-05 13:02:26,64,67,6656,15515
2023-09-05 13:02:31,64,66,6656,15515
2023-09-05 13:03:26,65,66,6656,15515
2023-09-05 13:03:28,65,67,6656,15515
2023-09-05 13:03:35,65,66,6656,15515
2023-09-05 13:03:36,64,66,6656,15515
2023-09-05 13:04:15,62,66,6456,15715
2023-09-05 13:04:17,62,65,6456,15715
2023-09-05 13:04:45,63,65,6456,15715
2023-09-05 13:04:47,62,65,6456,15715
2023-09-05 13:05:43,63,65,6456,15715
2023-09-05 13:05:45,62,65,6456,15715
2023-09-05 13:07:03,60,65,6456,15715
2023-09-05 13:07:15,60,64,6456,15715
2023-09-05 13:07:15,60,63,6456,15715
2023-09-05 13:07:19,61,63,6456,15715
2023-09-05 13:07:20,60,63,6456,15715
2023-09-05 13:07:25,59,63,6456,15715
2023-09-05 13:07:26,59,62,6456,15715
2023-09-05 13:07:27,59,61,6456,15715
2023-09-05 13:07:28,58,61,6456,15715
2023-09-05 13:07:31,58,60,6456,15715
2023-09-05 13:07:32,58,61,6456,15715
2023-09-05 13:07:33,58,60,6456,15715
2023-09-05 13:07:34,58,59,6456,15715
2023-09-05 13:07:42,58,60,6456,15715
2023-09-05 13:07:42,59,60,6456,15715
2023-09-05 13:08:01,59,62,6456,15715
2023-09-05 13:08:01,59,61,6456,15715
2023-09-05 13:08:01,59,62,6456,15715
2023-09-05 13:08:02,59,61,6456,15715
2023-09-05 13:08:09,59,60,6456,15715
2023-09-05 13:08:10,59,61,6456,15715
2023-09-05 13:08:15,59,60,6456,15715
2023-09-05 13:08:46,59,61,6456,15715
2023-09-05 13:08:48,59,60,6456,15715
2023-09-05 13:08:57,58,60,6456,15715
2023-09-05 13:08:58,59,60,6456,15715
2023-09-05 13:09:01,58,60,6456,15715
2023-09-05 13:09:14,58,59,6456,15715
2023-09-05 13:09:18,58,60,6456,15715
2023-09-05 13:09:41,56,60,6256,15915
2023-09-05 13:09:41,55,60,6256,15915
2023-09-05 13:09:48,54,60,6256,15915
2023-09-05 13:10:03,53,59,6256,15915
2023-09-05 13:10:03,53,58,6256,15915
2023-09-05 13:10:04,53,57,6256,15915
2023-09-05 13:10:05,54,57,6256,15915
2023-09-05 13:10:39,53,57,6256,15915
2023-09-05 13:10:52,53,56,6256,15915
2023-09-05 13:11:02,51,56,6256,15915
2023-09-05 13:11:22,52,56,6256,15915
2023-09-05 13:11:26,51,56,6256,15915
2023-09-05 13:11:30,52,56,6256,15915
2023-09-05 13:11:38,51,56,6256,15915
2023-09-05 13:11:43,52,56,6256,15915
2023-09-05 13:11:46,51,56,6256,15915
2023-09-05 13:11:48,52,56,6256,15915
2023-09-05 13:11:49,51,56,6256,15915
2023-09-05 13:12:01,51,55,6256,15915
2023-09-05 13:12:02,53,55,6256,15915
2023-09-05 13:12:06,53,56,6256,15915
2023-09-05 13:12:07,53,55,6256,15915
2023-09-05 13:12:10,51,55,6256,15915
2023-09-05 13:12:50,52,55,6256,15915
2023-09-05 13:12:50,52,56,6256,15915
2023-09-05 13:12:51,53,56,6256,15915
2023-09-05 13:12:59,53,57,6256,15915
2023-09-05 13:12:59,54,57,6256,15915
2023-09-05 13:13:04,54,59,6256,15915
2023-09-05 13:13:05,54,60,6256,15915
2023-09-05 13:13:05,54,58,6256,15915
2023-09-05 13:13:08,55,58,6256,15915
2023-09-05 13:13:10,55,60,6256,15915
2023-09-05 13:13:11,55,59,6256,15915
2023-09-05 13:13:15,56,59,6256,15915
2023-09-05 13:13:17,56,58,6256,15915
2023-09-05 13:13:24,56,59,6256,15915
2023-09-05 13:13:28,57,59,6256,15915
2023-09-05 13:13:29,57,61,6256,15915
2023-09-05 13:13:30,58,61,6256,15915
2023-09-05 13:13:30,58,60,6256,15915
2023-09-05 13:13:31,57,60,6256,15915
2023-09-05 13:13:31,57,59,6256,15915
2023-09-05 13:13:33,56,59,6256,15915
2023-09-05 13:13:38,56,58,6256,15915
2023-09-05 13:13:41,57,58,6256,15915
2023-09-05 13:13:42,57,59,6256,15915
2023-09-05 13:13:54,57,58,6256,15915
2023-09-05 13:14:15,55,58,6256,16026
2023-09-05 13:14:15,54,58,6256,16026
2023-09-05 13:14:22,55,58,6256,16026
2023-09-05 13:14:26,56,58,6256,16026
2023-09-05 13:14:33,56,59,6256,16026
2023-09-05 13:14:47,56,58,6256,16026
2023-09-05 13:15:15,54,58,6256,16137
2023-09-05 13:15:55,54,57,6256,16137
2023-09-05 13:15:56,54,56,6256,16137
2023-09-05 13:16:03,52,56,6256,16137
2023-09-05 13:16:14,53,56,6256,16137
2023-09-05 13:16:47,53,57,6256,16137
2023-09-05 13:16:52,53,56,6256,16137
2023-09-05 13:16:57,52,56,6256,16137
2023-09-05 13:17:00,52,57,6256,16137
2023-09-05 13:17:00,51,57,6256,16137
2023-09-05 13:17:01,52,57,6256,16137
2023-09-05 13:17:01,52,56,6256,16137
2023-09-05 13:17:02,52,55,6256,16137
2023-09-05 13:17:03,51,55,6256,16137
2023-09-05 13:17:07,52,55,6256,16137
2023-09-05 13:17:27,52,56,6256,16137
2023-09-05 13:17:30,52,58,6256,16137
2023-09-05 13:17:30,54,58,6256,16137
2023-09-05 13:17:31,54,57,6256,16137
2023-09-05 13:17:41,54,59,6256,16137
2023-09-05 13:17:41,55,59,6256,16137
2023-09-05 13:17:42,54,59,6256,16137
2023-09-05 13:17:42,54,58,6256,16137
2023-09-05 13:17:43,55,58,6256,16137
2023-09-05 13:17:47,55,60,6256,16137
2023-09-05 13:17:48,55,59,6256,16137
2023-09-05 13:17:51,56,59,6256,16137
2023-09-05 13:17:55,56,58,6256,16137
2023-09-05 13:18:01,56,59,6256,16137
2023-09-05 13:18:02,56,58,6256,16137
2023-09-05 13:18:07,55,58,6256,16137
2023-09-05 13:18:11,55,59,6256,16137
2023-09-05 13:18:19,55,60,6256,16137
2023-09-05 13:18:19,55,61,6256,16137
2023-09-05 13:18:20,55,60,6256,16137
2023-09-05 13:18:21,55,59,6256,16137
2023-09-05 13:18:22,55,60,6256,16137
2023-09-05 13:18:22,57,60,6256,16137
2023-09-05 13:18:25,57,59,6256,16137
2023-09-05 13:19:01,55,59,6256,16137
2023-09-05 13:19:04,54,59,6256,16137
2023-09-05 13:19:08,55,59,6256,16137
2023-09-05 13:19:09,54,59,6256,16137
2023-09-05 13:19:20,54,58,6256,16137
2023-09-05 13:19:24,54,59,6256,16137
2023-09-05 13:19:52,54,58,6256,16137
2023-09-05 13:19:57,54,59,6256,16137
2023-09-05 13:20:13,54,58,6256,16137
2023-09-05 13:20:16,54,59,6256,16137
2023-09-05 13:20:32,54,57,6256,16137
2023-09-05 13:20:32,52,57,6256,16137
2023-09-05 13:20:33,52,56,6256,16137
2023-09-05 13:20:33,51,56,6256,16137
2023-09-05 13:20:34,51,57,6256,16137
2023-09-05 13:20:34,51,56,6256,16137
2023-09-05 13:20:35,51,55,6256,16137
2023-09-05 13:20:35,51,54,6256,16137
2023-09-05 13:20:36,51,53,6256,16137
2023-09-05 13:20:37,50,53,6256,16137
2023-09-05 13:21:11,50,55,6256,16137
2023-09-05 13:21:11,51,55,6256,16137
2023-09-05 13:21:12,51,54,6256,16137
2023-09-05 13:21:14,50,54,6256,16137
2023-09-05 13:21:15,50,53,6256,16137
2023-09-05 13:21:22,50,54,6256,16137
2023-09-05 13:21:22,50,55,6256,16137
2023-09-05 13:21:22,52,56,6256,16137
2023-09-05 13:21:22,52,55,6256,16137
2023-09-05 13:21:22,52,56,6256,16137
2023-09-05 13:21:23,52,55,6256,16137
2023-09-05 13:21:24,52,54,6256,16137
2023-09-05 13:21:26,50,54,6256,16137
2023-09-05 13:21:46,51,54,6256,16137
2023-09-05 13:21:53,52,54,6256,16137
2023-09-05 13:21:59,52,55,6256,16137
2023-09-05 13:22:10,53,55,6256,16137
2023-09-05 13:22:11,52,55,6256,16137
2023-09-05 13:22:15,53,55,6256,16137
2023-09-05 13:22:16,53,57,6256,16137
2023-09-05 13:22:16,53,58,6256,16137
2023-09-05 13:22:17,53,57,6256,16137
2023-09-05 13:22:18,53,56,6256,16137
2023-09-05 13:22:31,53,57,6256,16137
2023-09-05 13:22:32,53,56,6256,16137
2023-09-05 13:22:36,53,57,6256,16137
2023-09-05 13:22:37,55,57,6256,16137
2023-09-05 13:22:38,55,59,6256,16137
2023-09-05 13:22:39,55,58,6256,16137
2023-09-05 13:23:01,55,57,6256,16137
2023-09-05 13:23:17,55,58,6256,16137
2023-09-05 13:23:18,55,57,6256,16137
2023-09-05 13:23:19,55,58,6256,16137
2023-09-05 13:23:28,55,57,6256,16137
2023-09-05 13:23:51,55,58,6256,16137
2023-09-05 13:24:02,55,57,6256,16137
2023-09-05 13:24:04,55,58,6256,16137
2023-09-05 13:24:05,55,57,6256,16137
2023-09-05 13:24:09,55,58,6256,16137
2023-09-05 13:24:10,55,57,6256,16137
2023-09-05 13:24:36,55,56,6256,16137
2023-09-05 13:24:51,55,56,6256,16155
2023-09-05 13:25:14,55,57,6256,16155
2023-09-05 13:25:23,55,56,6256,16155
2023-09-05 13:25:29,53,56,6256,16205
2023-09-05 13:25:31,52,56,6256,16205
2023-09-05 13:26:09,52,57,6256,16205
2023-09-05 13:26:09,52,56,6256,16205
2023-09-05 13:26:10,52,55,6256,16205
2023-09-05 13:26:11,52,54,6256,16205
2023-09-05 13:26:50,50,54,6256,16205
2023-09-05 13:27:33,50,53,6256,16205
2023-09-05 13:27:36,50,54,6256,16205
2023-09-05 13:27:36,50,53,6256,16205
2023-09-05 13:28:21,50,54,6256,16205
2023-09-05 13:28:25,51,54,6256,16205
2023-09-05 13:28:42,50,54,6256,16205
2023-09-05 13:29:46,50,53,6256,16205
2023-09-05 13:29:56,50,52,6256,16205
2023-09-05 13:29:57,50,51,6256,16205
2023-09-05 13:30:10,50,51,5856,16605
2023-09-05 13:30:11,46,51,5832,16629
2023-09-05 13:30:13,46,50,5832,16629
2023-09-05 13:30:23,46,51,5832,16629
2023-09-05 13:30:31,47,51,5832,16629
2023-09-05 13:30:31,47,50,5832,16629
2023-09-05 13:30:35,46,50,5832,16629
2023-09-05 13:30:50,46,50,5820,16641
2023-09-05 13:30:52,45,50,5820,16641
2023-09-05 13:30:52,45,49,5820,16641
2023-09-05 13:30:54,44,49,5820,16641
2023-09-05 13:30:54,43,49,5820,16641
2023-09-05 13:30:55,44,49,5820,16641
2023-09-05 13:31:02,44,50,5820,16641
2023-09-05 13:31:03,44,49,5820,16641
2023-09-05 13:31:04,44,48,5820,16641
2023-09-05 13:31:06,46,48,5820,16641
2023-09-05 13:31:07,46,49,5820,16641
2023-09-05 13:31:09,46,48,5820,16641
2023-09-05 13:31:15,46,49,5820,16641
2023-09-05 13:31:25,46,51,5820,16641
2023-09-05 13:31:25,46,50,5820,16641
2023-09-05 13:31:27,48,50,5820,16641
2023-09-05 13:31:27,48,52,5820,16641
2023-09-05 13:31:28,48,51,5820,16641
2023-09-05 13:31:32,48,52,5820,16641
2023-09-05 13:31:32,49,52,5820,16641
2023-09-05 13:31:34,49,53,5820,16641
2023-09-05 13:31:35,50,53,5820,16641
2023-09-05 13:31:41,50,54,5820,16641
2023-09-05 13:31:42,51,54,5820,16641
2023-09-05 13:31:46,51,53,5820,16641
2023-09-05 13:31:54,50,53,5820,16641
2023-09-05 13:32:13,48,53,5820,16641
2023-09-05 13:32:15,48,52,5820,16641
2023-09-05 13:32:20,46,52,5820,16641
2023-09-05 13:32:20,46,51,5820,16641
2023-09-05 13:32:25,47,51,5820,16641
2023-09-05 13:32:26,47,52,5820,16641
2023-09-05 13:32:30,47,51,5820,16641
2023-09-05 13:32:35,46,51,5820,16641
2023-09-05 13:32:36,47,51,5820,16641
2023-09-05 13:32:37,46,51,5820,16641
2023-09-05 13:32:38,47,51,5820,16641
2023-09-05 13:32:41,47,52,5820,16641
2023-09-05 13:32:43,47,51,5820,16641
2023-09-05 13:32:44,46,51,5820,16641
2023-09-05 13:32:53,47,51,5820,16641
2023-09-05 13:32:55,46,51,5820,16641
2023-09-05 13:33:05,47,51,5820,16641
2023-09-05 13:33:06,47,52,5820,16641
2023-09-05 13:33:07,47,51,5820,16641
2023-09-05 13:33:09,47,52,5820,16641
2023-09-05 13:33:09,49,52,5820,16641
2023-09-05 13:33:09,49,53,5820,16641
2023-09-05 13:33:09,49,52,5820,16641
2023-09-05 13:33:12,49,54,5820,16641
2023-09-05 13:33:12,49,53,5820,16641
2023-09-05 13:33:12,49,51,5820,16641
2023-09-05 13:33:22,50,51,5820,16641
2023-09-05 13:33:25,50,55,5825,16646
2023-09-05 13:33:27,52,55,5825,16646
2023-09-05 13:33:29,52,54,5825,16646
2023-09-05 13:33:32,52,56,5825,16646
2023-09-05 13:33:33,52,55,5825,16646
2023-09-05 13:33:40,52,56,5825,16646
2023-09-05 13:33:41,52,55,5825,16646
2023-09-05 13:33:42,52,54,5825,16646
2023-09-05 13:33:43,52,55,5825,16646
2023-09-05 13:34:02,52,54,5825,16646
2023-09-05 13:34:05,50,54,5825,16646
2023-09-05 13:34:16,49,54,5825,16646
2023-09-05 13:34:21,50,54,5825,16646
2023-09-05 13:34:24,49,54,5825,16646
2023-09-05 13:34:25,49,53,5825,16646
2023-09-05 13:34:36,50,53,5825,16646
2023-09-05 13:34:36,50,54,5825,16646
2023-09-05 13:34:39,49,54,5825,16646
2023-09-05 13:34:42,50,54,5825,16646
2023-09-05 13:34:46,49,54,5825,16646
2023-09-05 13:34:46,49,53,5825,16646
2023-09-05 13:35:18,49,54,5825,16646
2023-09-05 13:35:58,50,54,5825,16646
2023-09-05 13:36:07,51,54,5825,16646
2023-09-05 13:36:11,51,54,5825,16646
2023-09-05 13:36:12,51,55,5825,16646
2023-09-05 13:36:14,51,54,5825,16646
2023-09-05 13:36:46,51,55,5825,16646
2023-09-05 13:36:47,52,55,5825,16646
2023-09-05 13:37:03,51,55,5825,16646
2023-09-05 13:37:04,51,54,5825,16646
2023-09-05 13:37:05,51,55,5825,16646
2023-09-05 13:37:22,51,54,5825,16646
2023-09-05 13:37:23,51,55,5825,16646
2023-09-05 13:37:25,51,54,5825,16646
2023-09-05 13:37:26,51,55,5825,16646
2023-09-05 13:37:27,51,54,5825,16646
2023-09-05 13:37:29,51,55,5825,16646
2023-09-05 13:37:31,52,55,5825,16646
2023-09-05 13:37:48,52,57,5825,16646
2023-09-05 13:37:48,52,58,5825,16646
2023-09-05 13:37:49,52,57,5825,16646
2023-09-05 13:37:50,54,57,5825,16646
2023-09-05 13:37:50,54,56,5825,16646
2023-09-05 13:38:05,54,57,5825,16646
2023-09-05 13:38:07,55,57,5825,16646
2023-09-05 13:38:15,55,56,5825,16646
2023-09-05 13:38:25,54,56,5825,16646
2023-09-05 13:38:37,54,57,5825,16646
2023-09-05 13:38:42,55,57,5825,16646
2023-09-05 13:38:47,55,59,5825,16646
2023-09-05 13:38:48,55,58,5825,16646
2023-09-05 13:38:49,55,58,5820,16651
2023-09-05 13:38:51,55,57,5820,16651
2023-09-05 13:38:52,55,58,5820,16651
2023-09-05 13:38:53,54,58,5820,16651
2023-09-05 13:38:53,54,57,5820,16651
2023-09-05 13:38:55,55,57,5820,16651
2023-09-05 13:38:56,55,58,5820,16651
2023-09-05 13:38:59,55,57,5820,16651
2023-09-05 13:39:00,55,58,5820,16651
2023-09-05 13:39:03,55,57,5820,16651
2023-09-05 13:39:06,55,58,5820,16651
2023-09-05 13:39:13,56,58,5820,16651
2023-09-05 13:39:14,55,58,5820,16651
2023-09-05 13:39:32,56,58,5820,16651
2023-09-05 13:39:38,56,60,5820,16651
2023-09-05 13:39:39,56,59,5820,16651
2023-09-05 13:39:40,56,58,5820,16651
2023-09-05 13:39:48,55,58,5820,16651
2023-09-05 13:39:54,54,58,5820,16651
2023-09-05 13:40:54,54,58,5820,16656
2023-09-05 13:41:13,55,58,5820,16656
2023-09-05 13:41:18,55,59,5820,16656
2023-09-05 13:41:20,55,58,5820,16656
2023-09-05 13:41:27,55,59,5820,16656
2023-09-05 13:41:30,57,59,5820,16656
2023-09-05 13:41:38,57,61,5820,16656
2023-09-05 13:41:39,57,60,5820,16656
2023-09-05 13:41:40,57,59,5820,16656
2023-09-05 13:41:44,57,60,5820,16656
2023-09-05 13:41:49,57,62,5820,16656
2023-09-05 13:41:49,59,62,5820,16656
2023-09-05 13:41:50,60,62,5820,16656
2023-09-05 13:42:00,59,62,5820,16656
2023-09-05 13:42:07,60,62,5820,16656
2023-09-05 13:42:08,60,63,5820,16656
2023-09-05 13:42:22,60,62,5820,16656
2023-09-05 13:42:41,59,62,5820,16656
2023-09-05 13:42:54,60,62,5820,16656
2023-09-05 13:42:58,60,63,5820,16656
2023-09-05 13:43:16,60,62,5820,16656
2023-09-05 13:43:20,59,62,5820,16656
2023-09-05 13:43:21,59,63,5820,16656
2023-09-05 13:43:22,59,62,5820,16656
2023-09-05 13:43:23,59,61,5820,16656
2023-09-05 13:43:34,57,61,5820,16656
2023-09-05 13:43:42,59,61,5820,16656
2023-09-05 13:43:43,57,61,5820,16767
2023-09-05 13:43:43,57,60,5820,16767
2023-09-05 13:44:01,57,61,5820,16767
2023-09-05 13:44:16,56,61,5820,16767
2023-09-05 13:44:16,55,61,5820,16767
2023-09-05 13:44:16,55,60,5820,16767
2023-09-05 13:44:18,54,60,5820,16767
2023-09-05 13:44:18,54,59,5820,16767
2023-09-05 13:44:18,54,58,5820,16767
2023-09-05 13:44:20,54,57,5820,16767
2023-09-05 13:44:25,55,57,5820,16767
2023-09-05 13:44:26,54,57,5820,16767
2023-09-05 13:44:27,54,58,5820,16767
2023-09-05 13:44:27,55,58,5820,16767
2023-09-05 13:44:27,55,59,5820,16767
2023-09-05 13:44:28,55,58,5820,16767
2023-09-05 13:44:48,55,60,5820,16767
2023-09-05 13:44:49,55,59,5820,16767
2023-09-05 13:44:56,57,59,5820,16767
2023-09-05 13:45:00,57,61,5820,16767
2023-09-05 13:45:01,57,60,5820,16767
2023-09-05 13:45:12,58,60,5820,16767
2023-09-05 13:45:13,58,61,5820,16767
2023-09-05 13:45:13,57,61,5820,16767
2023-09-05 13:45:17,58,61,5820,16767
2023-09-05 13:45:21,57,61,5820,16767
2023-09-05 13:45:22,58,61,5820,16767
2023-09-05 13:45:25,58,63,5820,16767
2023-09-05 13:45:26,58,62,5820,16767
2023-09-05 13:45:32,58,61,5820,16767
2023-09-05 13:45:36,58,62,5820,16767
2023-09-05 13:45:44,58,61,5820,16767
2023-09-05 13:46:07,58,62,5820,16767
2023-09-05 13:46:08,59,62,5820,16767
2023-09-05 13:46:09,59,64,5820,16767
2023-09-05 13:46:09,60,64,5820,16767
2023-09-05 13:46:10,60,63,5820,16767
2023-09-05 13:46:19,60,62,5820,16767
2023-09-05 13:46:30,58,62,5820,16767
2023-09-05 13:47:07,57,62,5820,16767
2023-09-05 13:47:09,57,61,5820,16767
2023-09-05 13:47:12,57,62,5820,16767
2023-09-05 13:47:17,57,61,5820,16767
2023-09-05 13:47:19,57,60,5820,16767
2023-09-05 13:47:27,55,60,5820,16767
2023-09-05 13:47:28,56,60,5820,16767
2023-09-05 13:47:31,55,60,5820,16767
2023-09-05 13:47:33,56,60,5820,16767
2023-09-05 13:47:34,55,60,5820,16767
2023-09-05 13:47:35,56,60,5820,16767
2023-09-05 13:47:36,55,60,5820,16767
2023-09-05 13:47:37,56,60,5820,16767
2023-09-05 13:47:54,55,60,5820,16767
2023-09-05 13:47:54,55,59,5820,16767
2023-09-05 13:47:55,56,59,5820,16767
2023-09-05 13:47:56,55,59,5820,16767
2023-09-05 13:48:07,54,59,5820,16767
2023-09-05 13:48:08,54,58,5820,16767
2023-09-05 13:48:11,56,58,5820,16767
2023-09-05 13:48:21,56,60,5820,16767
2023-09-05 13:48:22,56,59,5820,16767
2023-09-05 13:48:23,55,59,5820,16767
2023-09-05 13:48:32,56,59,5820,16767
2023-09-05 13:48:36,55,59,5820,16767
2023-09-05 13:48:42,54,59,5820,16767
2023-09-05 13:48:43,55,59,5820,16767
2023-09-05 13:48:48,54,59,5820,16767
2023-09-05 13:48:49,55,59,5820,16767
2023-09-05 13:48:50,54,59,5820,16767
2023-09-05 13:48:53,55,59,5820,16767
2023-09-05 13:49:00,54,59,5820,16767
2023-09-05 13:49:09,55,59,5820,16767
2023-09-05 13:49:19,56,59,5820,16767
2023-09-05 13:49:33,55,59,5820,16767
2023-09-05 13:49:48,56,59,5820,16767
2023-09-05 13:49:50,56,60,5820,16767
2023-09-05 13:49:51,57,60,5820,16767
2023-09-05 13:50:21,57,62,5820,16767
2023-09-05 13:50:22,57,61,5820,16767
2023-09-05 13:50:26,57,62,5820,16767
2023-09-05 13:50:26,58,62,5820,16767
2023-09-05 13:50:28,58,61,5820,16767
2023-09-05 13:50:35,58,62,5820,16767
2023-09-05 13:50:57,58,64,5820,16767
2023-09-05 13:50:58,58,63,5820,16767
2023-09-05 13:50:58,59,63,5820,16767
2023-09-05 13:50:59,60,63,5820,16767
2023-09-05 13:51:00,60,62,5820,16767
2023-09-05 13:51:11,59,62,5820,16767
2023-09-05 13:52:11,58,62,5820,16767
2023-09-05 13:52:36,59,62,5820,16767
2023-09-05 13:52:38,59,63,5820,16767
2023-09-05 13:52:38,60,63,5820,16767
2023-09-05 13:52:39,60,62,5820,16767
2023-09-05 13:52:42,60,63,5820,16767
2023-09-05 13:52:46,60,62,5820,16767
2023-09-05 13:53:31,58,62,5820,16767
2023-09-05 13:53:52,58,63,5820,16767
2023-09-05 13:53:55,58,62,5820,16767
2023-09-05 13:54:07,58,63,5820,16767
2023-09-05 13:54:10,60,63,5820,16767
2023-09-05 13:54:11,60,64,5820,16767
2023-09-05 13:54:12,61,64,5820,16767
2023-09-05 13:54:13,61,63,5820,16767
2023-09-05 13:54:28,60,63,5820,16767
2023-09-05 13:54:30,60,64,5820,16767
2023-09-05 13:54:34,60,65,5820,16767
2023-09-05 13:54:36,63,65,5820,16767
2023-09-05 13:54:37,63,66,5820,16767
2023-09-05 13:54:37,63,65,5820,16767
2023-09-05 13:54:41,61,65,5820,16767
2023-09-05 13:54:53,61,65,5820,16797
2023-09-05 13:54:54,61,64,5820,16797
2023-09-05 13:54:55,61,65,5820,16797
2023-09-05 13:55:01,61,66,5820,16797
2023-09-05 13:55:05,62,66,5820,16797
2023-09-05 13:55:07,62,67,5820,16797
2023-09-05 13:55:07,63,67,5820,16797
2023-09-05 13:55:07,63,68,5820,16797
2023-09-05 13:55:08,64,68,5820,16797
2023-09-05 13:55:09,64,66,5820,16797
2023-09-05 13:55:10,64,67,5820,16797
2023-09-05 13:55:11,64,66,5820,16797
2023-09-05 13:55:12,64,67,5820,16797
2023-09-05 13:55:14,64,66,5820,16797
2023-09-05 13:55:16,64,67,5820,16797
2023-09-05 13:55:25,64,66,5820,16797
2023-09-05 13:55:28,63,66,5820,16797
2023-09-05 13:55:50,61,66,5820,16797
2023-09-05 13:55:51,62,66,5820,16797
2023-09-05 13:56:26,61,66,5820,16797
2023-09-05 13:56:28,61,65,5820,16797
2023-09-05 13:56:33,60,65,5820,16797
2023-09-05 13:56:35,61,65,5820,16797
2023-09-05 13:56:36,60,65,5820,16797
2023-09-05 13:56:50,60,64,5820,16797
2023-09-05 13:57:00,60,65,5820,16797
2023-09-05 13:57:08,61,65,5820,16797
2023-09-05 13:57:09,60,65,5820,16797
2023-09-05 13:57:11,60,64,5820,16797
2023-09-05 13:57:20,60,63,5820,16797
2023-09-05 13:57:23,58,63,5820,16797
2023-09-05 13:57:24,59,63,5820,16797
2023-09-05 13:57:27,58,63,5820,16797
2023-09-05 13:57:27,58,62,5820,16797
2023-09-05 13:57:56,57,62,5820,16797
2023-09-05 13:57:56,57,61,5820,16797
2023-09-05 13:57:57,57,60,5820,16797
2023-09-05 13:57:58,58,60,5820,16797
2023-09-05 13:58:02,57,60,5820,16797
2023-09-05 13:58:08,58,60,5820,16797
2023-09-05 13:58:09,58,62,5820,16797
2023-09-05 13:58:10,58,61,5820,16797
2023-09-05 13:58:15,58,62,5820,16797
2023-09-05 13:58:25,58,61,5820,16797
2023-09-05 13:58:26,58,62,5820,16797
2023-09-05 13:58:46,58,63,5820,16797
2023-09-05 13:58:50,59,63,5820,16797
2023-09-05 13:58:53,60,63,5820,16797
2023-09-05 13:59:03,60,64,5820,16797
2023-09-05 13:59:24,61,64,5820,16797
2023-09-05 13:59:31,61,66,5820,16797
2023-09-05 13:59:32,61,65,5820,16797
2023-09-05 13:59:37,61,66,5820,16797
2023-09-05 13:59:37,62,66,5820,16797
2023-09-05 13:59:38,62,65,5820,16797
2023-09-05 13:59:45,62,67,5820,16797
2023-09-05 13:59:46,62,66,5820,16797
2023-09-05 13:59:47,62,65,5820,16797
2023-09-05 14:00:02,63,65,5820,16797
2023-09-05 14:00:03,63,66,5820,16797
2023-09-05 14:00:17,63,65,5820,16797
2023-09-05 14:00:18,63,66,5820,16797
2023-09-05 14:00:22,64,66,5820,16797
2023-09-05 14:00:22,64,66,5820,16897
2023-09-05 14:00:23,64,67,5820,16897
2023-09-05 14:00:27,65,67,5820,16897
2023-09-05 14:00:32,65,69,5820,16897
2023-09-05 14:00:33,65,68,5820,16897
2023-09-05 14:00:35,65,67,5820,16897
2023-09-05 14:00:37,65,68,5820,16897
2023-09-05 14:00:39,65,67,5820,16897
2023-09-05 14:00:47,64,67,5820,16897
2023-09-05 14:00:56,63,67,5820,16897
2023-09-05 14:00:57,64,67,5820,16897
2023-09-05 14:01:04,64,67,5820,16897
2023-09-05 14:01:05,64,66,5820,16897
2023-09-05 14:01:15,63,66,5820,16897
2023-09-05 14:01:23,63,67,5820,16897
2023-09-05 14:01:24,63,66,5820,16897
2023-09-05 14:01:25,63,65,5820,16897
2023-09-05 14:01:26,61,65,5820,16897
2023-09-05 14:01:27,62,65,5820,16897
2023-09-05 14:01:30,63,65,5820,16897
2023-09-05 14:01:33,62,65,5820,16897
2023-09-05 14:01:38,60,65,5820,16897
2023-09-05 14:01:39,61,65,5820,16897
2023-09-05 14:01:45,62,65,5820,16897
2023-09-05 14:02:04,62,66,5820,16897
2023-09-05 14:02:08,63,66,5820,16897
2023-09-05 14:02:15,63,65,5820,16897
2023-09-05 14:02:20,63,66,5820,16897
2023-09-05 14:02:31,63,67,5820,16897
2023-09-05 14:02:32,63,66,5820,16897
2023-09-05 14:02:34,63,67,5820,16897
2023-09-05 14:02:34,63,69,5820,16897
2023-09-05 14:02:34,63,68,5820,16897
2023-09-05 14:02:35,63,67,5820,16897
2023-09-05 14:02:36,64,67,5820,16897
2023-09-05 14:02:37,63,67,5820,16897
2023-09-05 14:02:40,63,66,5820,16897
2023-09-05 14:02:48,63,67,5820,16897
2023-09-05 14:02:48,64,67,5820,16897
2023-09-05 14:02:49,64,66,5820,16897
2023-09-05 14:02:53,64,67,5820,16897
2023-09-05 14:02:54,64,66,5820,16897
2023-09-05 14:02:57,64,67,5820,16897
2023-09-05 14:03:01,64,66,5820,16897
2023-09-05 14:03:02,63,66,5820,16897
2023-09-05 14:03:41,62,66,5820,16897
2023-09-05 14:04:01,61,66,5820,16897
2023-09-05 14:04:04,62,66,5820,16897
2023-09-05 14:04:05,63,66,5820,16897
2023-09-05 14:05:21,61,66,5820,16897
2023-09-05 14:05:23,62,66,5820,16897
2023-09-05 14:05:43,61,66,5820,16897
2023-09-05 14:05:43,61,65,5820,16897
2023-09-05 14:05:45,60,65,5820,16897
2023-09-05 14:05:45,60,66,5820,16897
2023-09-05 14:05:45,60,65,5820,16897
2023-09-05 14:05:48,60,64,5820,16897
2023-09-05 14:06:01,60,63,5820,16897
2023-09-05 14:06:02,60,62,5820,16897
2023-09-05 14:06:12,58,62,5820,16897
2023-09-05 14:06:16,57,62,5820,16897
2023-09-05 14:06:17,57,61,5820,16897
2023-09-05 14:06:40,58,61,5820,16897
2023-09-05 14:07:00,57,61,5820,16897
2023-09-05 14:07:07,57,60,5820,16897
2023-09-05 14:07:13,55,60,5820,16897
2023-09-05 14:07:18,56,60,5820,16897
2023-09-05 14:07:41,55,60,5820,16897
2023-09-05 14:07:42,55,59,5820,16897
2023-09-05 14:07:43,55,58,5820,16897
2023-09-05 14:07:47,56,58,5820,16897
2023-09-05 14:07:48,55,58,5820,16897
2023-09-05 14:07:49,56,58,5820,16897
2023-09-05 14:07:54,55,58,5820,16897
2023-09-05 14:08:00,54,58,5820,16897
2023-09-05 14:08:28,55,58,5820,16897
2023-09-05 14:08:29,56,58,5820,16897
2023-09-05 14:08:31,56,59,5820,16897
2023-09-05 14:08:37,56,58,5820,16897
2023-09-05 14:08:42,54,58,5820,16897
2023-09-05 14:08:54,55,58,5820,16897
2023-09-05 14:08:59,56,58,5820,16897
2023-09-05 14:09:08,56,59,5820,16897
2023-09-05 14:09:19,56,57,5820,16897
2023-09-05 14:09:37,56,58,5820,16897
2023-09-05 14:09:39,56,59,5820,16897
2023-09-05 14:09:40,56,58,5820,16897
2023-09-05 14:09:41,56,59,5820,16897
2023-09-05 14:09:46,56,60,5820,16897
2023-09-05 14:09:46,56,61,5820,16897
2023-09-05 14:09:47,56,60,5820,16897
2023-09-05 14:10:02,56,59,5820,16897
2023-09-05 14:10:08,56,58,5820,16897
2023-09-05 14:10:10,56,58,5820,16899
2023-09-05 14:10:15,56,59,5820,16899
2023-09-05 14:10:16,56,58,5820,16899
2023-09-05 14:10:39,54,58,5820,16899
2023-09-05 14:11:20,55,58,5820,16899
2023-09-05 14:11:27,56,58,5820,16899
2023-09-05 14:11:28,56,59,5820,16899
2023-09-05 14:11:30,56,60,5820,16899
2023-09-05 14:11:33,57,60,5820,16899
2023-09-05 14:11:35,58,60,5820,16899
2023-09-05 14:12:21,59,60,5820,16899
2023-09-05 14:12:23,58,60,5820,17010
2023-09-05 14:12:52,59,60,5820,17010
2023-09-05 14:12:52,60,63,5820,17011
2023-09-05 14:12:53,61,63,5820,17011
2023-09-05 14:12:55,60,63,5820,17011
2023-09-05 14:12:56,60,62,5820,17011
2023-09-05 14:12:57,60,63,5820,17011
2023-09-05 14:13:09,61,63,5820,17011
2023-09-05 14:13:18,61,65,5820,17011
2023-09-05 14:13:19,61,64,5820,17011
2023-09-05 14:13:23,61,63,5820,17011
2023-09-05 14:13:28,61,64,5820,17011
2023-09-05 14:13:32,61,63,5820,17011
2023-09-05 14:13:48,61,64,5820,17011
2023-09-05 14:13:49,61,63,5820,17011
2023-09-05 14:13:52,60,63,5820,17011
2023-09-05 14:13:54,61,63,5820,17011
2023-09-05 14:13:55,60,63,5820,17011
2023-09-05 14:14:14,59,63,5820,17011
2023-09-05 14:14:17,60,63,5820,17011
2023-09-05 14:14:21,59,63,5820,17011
2023-09-05 14:14:29,60,63,5820,17011
2023-09-05 14:14:34,59,63,5820,17011
2023-09-05 14:14:36,60,63,5820,17011
2023-09-05 14:15:06,60,64,5820,17011
2023-09-05 14:15:14,60,66,5820,17011
2023-09-05 14:15:14,62,66,5820,17011
2023-09-05 14:15:14,62,65,5820,17011
2023-09-05 14:15:14,62,67,5820,17011
2023-09-05 14:15:15,62,66,5820,17011
2023-09-05 14:15:16,62,65,5820,17011
2023-09-05 14:15:21,63,65,5820,17011
2023-09-05 14:15:45,60,65,5820,17122
2023-09-05 14:15:46,60,64,5820,17122
2023-09-05 14:16:08,60,65,5820,17122
2023-09-05 14:16:13,60,64,5820,17122
2023-09-05 14:16:17,60,65,5820,17122
2023-09-05 14:16:17,60,64,5820,17122
2023-09-05 14:16:24,60,65,5820,17122
2023-09-05 14:16:24,60,64,5820,17122
2023-09-05 14:16:27,60,65,5820,17122
2023-09-05 14:16:36,62,65,5820,17122
2023-09-05 14:16:39,62,66,5820,17122
2023-09-05 14:16:45,62,65,5820,17122
2023-09-05 14:16:47,62,66,5820,17122
2023-09-05 14:16:56,62,65,5820,17122
2023-09-05 14:17:04,62,66,5820,17122
2023-09-05 14:17:05,62,65,5820,17122
2023-09-05 14:17:06,62,66,5820,17122
2023-09-05 14:17:06,62,67,5820,17122
2023-09-05 14:17:06,62,69,5820,17122
2023-09-05 14:17:06,62,68,5820,17122
2023-09-05 14:17:06,62,67,5820,17122
2023-09-05 14:17:07,63,67,5820,17122
2023-09-05 14:17:08,64,66,5820,17122
2023-09-05 14:17:10,64,67,5820,17122
2023-09-05 14:17:12,64,69,5820,17122
2023-09-05 14:17:13,64,68,5820,17122
2023-09-05 14:17:13,64,67,5820,17122
2023-09-05 14:17:16,64,68,5820,17122
2023-09-05 14:17:22,64,69,5820,17122
2023-09-05 14:17:22,64,70,5820,17122
2023-09-05 14:17:22,64,69,5820,17122
2023-09-05 14:17:25,66,69,5820,17122
2023-09-05 14:17:25,66,71,5820,17122
2023-09-05 14:17:25,66,70,5820,17122
2023-09-05 14:17:28,66,72,5820,17122
2023-09-05 14:17:29,66,71,5820,17122
2023-09-05 14:17:30,66,70,5820,17122
2023-09-05 14:17:54,66,71,5820,17122
2023-09-05 14:17:56,66,72,5820,17122
2023-09-05 14:17:56,68,72,5820,17122
2023-09-05 14:17:56,68,71,5820,17122
2023-09-05 14:17:57,69,71,5820,17122
2023-09-05 14:17:57,69,72,5820,17122
2023-09-05 14:17:57,69,71,5820,17122
2023-09-05 14:17:57,69,72,5820,17122
2023-09-05 14:17:58,70,71,5820,17122
2023-09-05 14:18:00,70,72,5820,17122
2023-09-05 14:18:03,69,72,5820,17122
2023-09-05 14:18:05,70,72,5820,17122
2023-09-05 14:18:12,70,74,5873,17175
2023-09-05 14:18:12,70,75,5873,17175
2023-09-05 14:18:13,70,74,5873,17175
2023-09-05 14:18:15,70,76,5873,17175
2023-09-05 14:18:15,70,75,5873,17175
2023-09-05 14:18:19,71,75,5873,17175
2023-09-05 14:18:25,71,74,5873,17175
2023-09-05 14:18:38,70,74,5873,17175
2023-09-05 14:18:52,70,75,5873,17175
2023-09-05 14:18:52,70,74,5873,17175
2023-09-05 14:18:59,71,74,5873,17175
2023-09-05 14:19:04,71,75,5873,17175
2023-09-05 14:19:04,71,76,5873,17175
2023-09-05 14:19:05,71,75,5873,17175
2023-09-05 14:19:08,71,76,5873,17175
2023-09-05 14:19:10,72,76,5873,17175
2023-09-05 14:19:12,72,75,5873,17175
2023-09-05 14:19:12,71,75,5873,17175
2023-09-05 14:19:13,71,76,5873,17175
2023-09-05 14:19:16,71,75,5873,17175
2023-09-05 14:19:17,71,76,5873,17175
2023-09-05 14:19:19,72,76,5873,17175
2023-09-05 14:19:29,72,75,5873,17175
2023-09-05 14:19:31,72,76,5873,17175
2023-09-05 14:19:32,72,75,5873,17175
2023-09-05 14:19:33,72,76,5873,17175
2023-09-05 14:19:41,72,75,5873,17175
2023-09-05 14:19:43,71,75,5873,17175
2023-09-05 14:19:49,71,76,5873,17175
2023-09-05 14:19:50,71,75,5873,17175
2023-09-05 14:19:53,71,76,5873,17175
2023-09-05 14:19:57,72,76,5873,17175
2023-09-05 14:20:00,72,78,5873,17175
2023-09-05 14:20:01,72,77,5873,17175
2023-09-05 14:20:04,73,77,5873,17175
2023-09-05 14:20:05,74,77,5873,17175
2023-09-05 14:20:05,74,75,5873,17175
2023-09-05 14:20:13,74,75,5873,17200
2023-09-05 14:20:20,72,75,5873,17200
2023-09-05 14:20:21,73,75,5873,17200
2023-09-05 14:20:25,74,75,5873,17200
2023-09-05 14:20:38,73,75,5873,17200
2023-09-05 14:20:39,71,75,5873,17200
2023-09-05 14:20:40,72,75,5873,17200
2023-09-05 14:21:04,72,74,5873,17200
2023-09-05 14:21:14,72,74,5873,17213
2023-09-05 14:21:19,72,74,5873,17225
2023-09-05 14:22:17,70,74,5873,17225
2023-09-05 14:22:18,71,74,5873,17225
2023-09-05 14:23:04,72,74,5873,17225
2023-09-05 14:23:05,71,74,5873,17225
2023-09-05 14:23:28,70,74,5873,17225
2023-09-05 14:23:28,70,73,5873,17225
2023-09-05 14:23:29,70,72,5873,17225
2023-09-05 14:23:31,70,73,5873,17225
2023-09-05 14:23:32,71,73,5873,17225
2023-09-05 14:23:35,71,74,5873,17225
2023-09-05 14:24:10,71,75,5973,17325
2023-09-05 14:24:26,71,76,5973,17325
2023-09-05 14:24:27,72,76,5973,17325
2023-09-05 14:25:07,72,77,5973,17325
2023-09-05 14:25:09,73,77,5973,17325
2023-09-05 14:25:23,73,76,5973,17325
2023-09-05 14:25:23,72,76,5973,17325
2023-09-05 14:25:27,73,76,5973,17325
2023-09-05 14:26:01,73,75,5973,17325
2023-09-05 14:26:13,73,75,5961,17337
2023-09-05 14:26:31,73,76,5961,17337
2023-09-05 14:27:04,73,75,5961,17337
2023-09-05 14:27:06,73,76,5961,17337
2023-09-05 14:27:06,73,75,5961,17337
2023-09-05 14:27:14,73,76,5961,17337
2023-09-05 14:27:37,73,77,5961,17337
2023-09-05 14:27:44,73,76,5961,17337
2023-09-05 14:28:09,73,77,5961,17337
2023-09-05 14:28:15,74,77,5961,17337
2023-09-05 14:28:15,74,78,5961,17337
2023-09-05 14:28:16,74,77,5961,17337
2023-09-05 14:28:20,73,77,5961,17337
2023-09-05 14:28:27,74,77,5961,17337
2023-09-05 14:28:30,74,78,5961,17337
2023-09-05 14:28:33,75,78,5961,17337
2023-09-05 14:28:37,75,80,5961,17337
2023-09-05 14:28:37,75,79,5961,17337
2023-09-05 14:28:39,76,79,5961,17337
2023-09-05 14:28:54,76,80,5961,17337
2023-09-05 14:28:58,77,80,5961,17337
2023-09-05 14:29:03,78,80,5961,17337
2023-09-05 14:29:06,78,81,5961,17337
2023-09-05 14:29:09,78,80,5961,17337
2023-09-05 14:29:10,78,81,5961,17337
2023-09-05 14:29:14,78,80,5961,17337
2023-09-05 14:29:15,78,81,5961,17337
2023-09-05 14:29:26,78,82,5961,17337
2023-09-05 14:29:30,78,81,5961,17337
2023-09-05 14:29:32,77,81,5961,17337
2023-09-05 14:29:37,77,82,5961,17337
2023-09-05 14:29:38,77,81,5961,17337
2023-09-05 14:29:44,77,82,5961,17337
2023-09-05 14:29:47,77,81,5961,17337
2023-09-05 14:29:53,77,82,5961,17337
2023-09-05 14:29:53,77,81,5961,17337
2023-09-05 14:30:07,77,82,5961,17337
2023-09-05 14:30:11,77,81,5961,17337
2023-09-05 14:30:20,77,82,5961,17337
2023-09-05 14:30:27,78,82,5961,17337
2023-09-05 14:30:34,78,81,5961,17337
2023-09-05 14:30:35,77,81,5961,17337
2023-09-05 14:30:38,77,82,5961,17337
2023-09-05 14:30:39,77,81,5961,17337
2023-09-05 14:30:51,76,81,5961,17337
2023-09-05 14:30:53,77,81,5961,17337
2023-09-05 14:31:04,77,82,5961,17337
2023-09-05 14:31:09,78,82,5961,17337
2023-09-05 14:31:25,78,81,5961,17337
2023-09-05 14:31:29,77,81,5961,17337
2023-09-05 14:31:39,78,81,5961,17337
2023-09-05 14:31:40,78,82,5961,17337
2023-09-05 14:32:00,78,81,5961,17337
2023-09-05 14:32:01,77,81,5961,17337
2023-09-05 14:32:08,77,80,5961,17337
2023-09-05 14:32:11,77,81,5961,17337
2023-09-05 14:32:19,77,80,5961,17337
2023-09-05 14:32:23,77,81,5961,17337
2023-09-05 14:32:25,76,81,5961,17337
2023-09-05 14:32:36,76,80,5961,17337
2023-09-05 14:32:37,76,79,5961,17337
2023-09-05 14:32:49,76,80,5961,17337
2023-09-05 14:33:12,76,81,5961,17337
2023-09-05 14:33:15,76,80,5961,17337
2023-09-05 14:33:23,76,81,5961,17337
2023-09-05 14:33:28,76,80,5961,17337
2023-09-05 14:33:57,76,81,5961,17337
2023-09-05 14:34:16,77,81,5961,17337
2023-09-05 14:34:51,76,81,5961,17337
2023-09-05 14:34:58,77,81,5961,17337
2023-09-05 14:35:01,76,81,5961,17337
2023-09-05 14:35:09,76,80,5961,17337
2023-09-05 14:35:36,75,80,5961,17337
2023-09-05 14:35:36,75,79,5961,17337
2023-09-05 14:35:43,74,79,5961,17337
2023-09-05 14:35:46,74,78,5961,17337
2023-09-05 14:35:50,74,77,5961,17337
2023-09-05 14:36:06,75,77,5961,17337
2023-09-05 14:36:07,74,77,5961,17337
2023-09-05 14:36:09,75,77,5961,17337
2023-09-05 14:36:17,75,78,5961,17337
2023-09-05 14:36:19,75,79,5961,17337
2023-09-05 14:36:30,75,78,5961,17337
2023-09-05 14:36:43,75,79,5961,17337
2023-09-05 14:37:08,75,80,5961,17337
2023-09-05 14:37:38,75,79,5961,17337
2023-09-05 14:38:03,74,79,5961,17337
2023-09-05 14:38:04,75,79,5961,17337
2023-09-05 14:38:05,74,79,5961,17337
2023-09-05 14:38:15,75,79,5961,17337
2023-09-05 14:38:16,74,79,5961,17337
2023-09-05 14:38:19,74,78,5961,17337
2023-09-05 14:38:23,74,79,5961,17337
2023-09-05 14:38:23,74,78,5961,17337
2023-09-05 14:38:25,75,78,5961,17337
2023-09-05 14:38:26,75,79,5961,17337
2023-09-05 14:38:39,75,80,5961,17337
2023-09-05 14:38:44,75,79,5961,17337
2023-09-05 14:38:54,75,78,5961,17337
2023-09-05 14:38:55,74,78,5961,17337
2023-09-05 14:38:56,74,77,5961,17337
2023-09-05 14:39:05,74,78,5961,17337
2023-09-05 14:39:05,74,77,5961,17337
2023-09-05 14:39:13,73,77,5961,17337
2023-09-05 14:39:13,73,76,5961,17337
2023-09-05 14:39:15,73,75,5961,17337
2023-09-05 14:39:25,73,77,5961,17337
2023-09-05 14:39:25,73,76,5961,17337
2023-09-05 14:39:27,74,76,5961,17337
2023-09-05 14:39:29,74,77,5961,17337
2023-09-05 14:39:51,74,78,5961,17337
2023-09-05 14:39:51,74,77,5961,17337
2023-09-05 14:39:51,74,79,5961,17337
2023-09-05 14:39:51,74,78,5961,17337
2023-09-05 14:40:17,74,77,5961,17337
2023-09-05 14:40:24,73,77,5961,17337
2023-09-05 14:40:27,74,77,5961,17337
2023-09-05 14:40:46,74,78,5961,17337
2023-09-05 14:41:04,75,78,5961,17337
2023-09-05 14:41:07,74,78,5961,17337
2023-09-05 14:41:12,74,79,5961,17337
2023-09-05 14:41:20,75,79,5961,17337
2023-09-05 14:41:20,75,80,5961,17337
2023-09-05 14:41:24,74,80,5961,17337
2023-09-05 14:41:25,75,80,5961,17337
2023-09-05 14:41:25,75,79,5961,17337
2023-09-05 14:41:26,76,79,5961,17337
2023-09-05 14:41:29,76,80,5961,17337
2023-09-05 14:41:37,76,79,5961,17337
2023-09-05 14:41:40,76,80,5961,17337
2023-09-05 14:41:43,76,79,5961,17337
2023-09-05 14:41:48,76,80,5961,17337
2023-09-05 14:41:49,76,79,5961,17337
2023-09-05 14:42:04,76,80,5961,17337
2023-09-05 14:42:11,76,82,5961,17337
2023-09-05 14:42:11,76,81,5961,17337
2023-09-05 14:42:13,76,80,5961,17337
2023-09-05 14:42:17,76,81,5961,17337
2023-09-05 14:42:30,77,81,5961,17337
2023-09-05 14:42:35,77,80,5961,17337
2023-09-05 14:42:36,77,81,5961,17337
2023-09-05 14:42:38,77,80,5961,17337
2023-09-05 14:42:39,76,80,5961,17337
2023-09-05 14:42:41,77,80,5961,17337
2023-09-05 14:42:42,77,81,5961,17337
2023-09-05 14:42:51,77,82,5961,17337
2023-09-05 14:42:53,77,81,5961,17337
2023-09-05 14:43:02,76,81,5961,17337
2023-09-05 14:43:10,76,80,5961,17337
2023-09-05 14:43:16,76,81,5961,17337
2023-09-05 14:43:40,77,81,5961,17337
2023-09-05 14:44:02,76,81,5961,17337
2023-09-05 14:44:05,76,80,5961,17337
2023-09-05 14:44:42,76,81,5961,17337
2023-09-05 14:44:42,76,80,5961,17337
2023-09-05 14:44:47,76,81,5961,17337
2023-09-05 14:44:47,76,80,5961,17337
2023-09-05 14:45:17,76,79,5961,17337
2023-09-05 14:45:37,76,80,5961,17337
2023-09-05 14:45:39,76,80,6061,17437
2023-09-05 14:45:43,77,80,6061,17437
2023-09-05 14:45:46,77,81,6061,17437
2023-09-05 14:46:01,77,82,6061,17437
2023-09-05 14:46:01,77,81,6061,17437
2023-09-05 14:46:01,77,82,6061,17437
2023-09-05 14:46:18,77,81,6061,17437
2023-09-05 14:46:26,77,80,6061,17437
2023-09-05 14:46:28,77,81,6061,17437
2023-09-05 14:46:34,77,80,6061,17437
2023-09-05 14:46:36,77,81,6061,17437
2023-09-05 14:46:46,77,82,6061,17437
2023-09-05 14:46:53,78,82,6061,17437
2023-09-05 14:46:57,78,83,6061,17437
2023-09-05 14:46:59,79,83,6061,17437
2023-09-05 14:47:21,79,84,6061,17437
2023-09-05 14:47:21,79,83,6061,17437
2023-09-05 14:47:29,80,83,6061,17437
2023-09-05 14:47:30,81,83,6061,17437
2023-09-05 14:47:32,81,84,6061,17437
2023-09-05 14:47:43,81,86,6061,17437
2023-09-05 14:47:44,81,84,6061,17437
2023-09-05 14:47:47,81,85,6061,17437
2023-09-05 14:49:18,82,85,6061,17437
2023-09-05 14:49:25,82,86,6311,17687
2023-09-05 14:49:26,83,86,6311,17687
2023-09-05 14:49:26,83,87,6311,17687
2023-09-05 14:49:51,83,86,6311,17687
2023-09-05 14:49:52,83,87,6311,17687
2023-09-05 14:49:55,83,86,6311,17687
2023-09-05 14:50:19,81,86,6311,17687
2023-09-05 14:50:20,81,85,6311,17687
2023-09-05 14:50:36,81,86,6311,17687
2023-09-05 14:50:40,82,86,6311,17687
2023-09-05 14:50:52,82,87,6311,17687
2023-09-05 14:50:53,83,87,6311,17687
2023-09-05 14:50:54,82,87,6311,17687
2023-09-05 14:50:55,83,87,6311,17687
2023-09-05 14:50:57,82,87,6311,17687
2023-09-05 14:50:57,82,86,6311,17687
2023-09-05 14:50:58,82,87,6311,17687
2023-09-05 14:50:58,83,87,6311,17687
2023-09-05 14:51:07,83,86,6311,17687
2023-09-05 14:51:09,83,87,6311,17687
2023-09-05 14:51:13,84,87,6311,17687
2023-09-05 14:51:33,85,87,6311,17687
2023-09-05 14:51:35,86,87,6311,17687
2023-09-05 14:51:39,86,89,6561,17937
2023-09-05 14:51:40,86,89,6561,17977
2023-09-05 14:51:41,87,89,6561,17977
2023-09-05 14:51:43,86,89,6561,17977
2023-09-05 14:51:54,87,89,6561,17977
2023-09-05 14:51:55,86,89,6561,17977
2023-09-05 14:51:56,86,88,6561,17977
2023-09-05 14:52:04,86,89,6561,17977
2023-09-05 14:52:07,87,89,6561,17977
2023-09-05 14:52:15,86,89,6561,17977
2023-09-05 14:52:18,87,89,6561,17977
2023-09-05 14:52:21,87,90,6561,17977
2023-09-05 14:52:23,87,89,6561,17977
2023-09-05 14:52:24,87,90,6561,17977
2023-09-05 14:52:25,87,89,6561,17977
2023-09-05 14:52:27,86,89,6561,17977
2023-09-05 14:52:28,87,89,6561,17977
2023-09-05 14:52:29,86,89,6561,17977
2023-09-05 14:52:37,87,89,6561,17977
2023-09-05 14:52:45,86,89,6561,17977
2023-09-05 14:52:51,87,89,6561,17977
2023-09-05 14:52:55,86,89,6561,17977
2023-09-05 14:52:58,87,89,6561,17977
2023-09-05 14:52:59,86,89,6561,17977
2023-09-05 14:53:01,87,89,6561,17977
2023-09-05 14:53:06,87,90,6561,17977
2023-09-05 14:53:10,87,89,6561,17977
2023-09-05 14:53:18,86,89,6561,17977
2023-09-05 14:53:26,87,89,6561,17977
2023-09-05 14:53:38,85,89,6561,17977
2023-09-05 14:53:39,86,89,6561,17977
2023-09-05 14:53:40,87,89,6561,17977
2023-09-05 14:53:40,87,89,6561,18227
2023-09-05 14:53:42,86,89,6561,18233
2023-09-05 14:53:43,87,89,6561,18233
2023-09-05 14:53:44,87,88,6561,18233
2023-09-05 14:53:44,87,88,6561,18483
2023-09-05 14:53:46,86,88,6561,18524
2023-09-05 14:53:47,87,88,6561,18524
2023-09-05 14:53:48,86,88,6561,18735
2023-09-05 14:53:52,84,88,6561,18735
2023-09-05 14:53:53,85,88,6561,18735
2023-09-05 14:53:57,85,87,6561,18735
2023-09-05 14:54:05,86,87,6561,18735
2023-09-05 14:54:05,86,87,6561,18985
2023-09-05 14:54:13,85,87,6561,18985
2023-09-05 14:54:19,86,87,6561,18985
2023-09-05 14:54:20,86,87,6668,19117
2023-09-05 14:54:24,86,88,6668,19117
2023-09-05 14:54:37,85,88,6668,19117
2023-09-05 14:54:38,86,88,6668,19117
2023-09-05 14:54:39,86,89,6668,19117
2023-09-05 14:54:47,86,88,6668,19117
2023-09-05 14:54:51,86,89,6668,19117
2023-09-05 14:54:55,86,88,6668,19117
2023-09-05 14:55:04,86,89,6668,19117
2023-09-05 14:55:06,86,88,6668,19117
2023-09-05 14:55:14,86,89,6668,19117
2023-09-05 14:55:15,86,88,6668,19117
2023-09-05 14:55:18,85,88,6668,19117
2023-09-05 14:55:21,86,88,6668,19117
2023-09-05 14:55:29,85,88,6668,19117
2023-09-05 14:55:34,86,88,6668,19117
2023-09-05 14:55:36,86,89,6668,19117
2023-09-05 14:55:36,86,88,6668,19117
2023-09-05 14:55:37,86,89,6668,19117
2023-09-05 14:55:47,86,88,6668,19117
2023-09-05 14:55:48,86,88,6687,19136
2023-09-05 14:56:00,85,88,6687,19136
2023-09-05 14:56:01,86,88,6687,19136
2023-09-05 14:56:06,86,89,6687,19136
2023-09-05 14:56:31,86,90,6687,19136
2023-09-05 14:56:49,86,89,6687,19136
2023-09-05 14:57:09,86,90,6687,19136
2023-09-05 14:57:27,87,90,6687,19136
2023-09-05 14:57:28,86,90,6687,19136
2023-09-05 14:57:33,87,90,6687,19136
2023-09-05 14:57:35,86,90,6687,19136
2023-09-05 14:57:36,87,90,6687,19136
2023-09-05 14:57:47,87,89,6687,19136
2023-09-05 14:57:48,87,90,6687,19136
2023-09-05 14:57:49,86,90,6687,19136
2023-09-05 14:57:49,86,89,6687,19136
2023-09-05 14:57:51,86,90,6687,19136
2023-09-05 14:57:53,86,89,6687,19136
2023-09-05 14:57:54,87,89,6687,19136
2023-09-05 14:57:55,87,90,6687,19136
2023-09-05 14:57:56,87,89,6687,19136
2023-09-05 14:58:00,87,90,6687,19136
2023-09-05 14:58:21,88,90,6687,19136
2023-09-05 14:58:31,88,91,6937,19386
2023-09-05 14:58:31,88,90,6937,19386
2023-09-05 14:58:32,88,91,7186,19635
2023-09-05 14:58:39,89,91,7186,19635
2023-09-05 14:58:39,89,92,7186,19635
2023-09-05 14:58:45,90,92,7186,19635
2023-09-05 14:58:53,90,93,7186,19635
2023-09-05 14:58:59,90,92,7186,19635
2023-09-05 14:59:27,90,93,7186,19635
2023-09-05 14:59:56,91,93,7186,19635
2023-09-05 15:00:06,90,93,7186,19635
2023-09-05 15:00:32,90,92,7186,19635
2023-09-05 15:00:49,88,92,7186,19635
2023-09-05 15:00:50,89,92,7186,19635
2023-09-05 15:00:53,88,92,7186,19635
2023-09-05 15:00:53,87,92,7186,19635
2023-09-05 15:00:54,88,92,7186,19635
2023-09-05 15:00:54,88,91,7186,19635
2023-09-05 15:01:03,88,90,7186,19635
2023-09-05 15:01:04,87,90,7186,19635
2023-09-05 15:01:04,86,90,7186,19635
2023-09-05 15:01:05,87,90,7186,19635
2023-09-05 15:01:16,86,90,7186,19635
2023-09-05 15:01:20,85,90,7186,19635
2023-09-05 15:01:20,85,89,7186,19635
2023-09-05 15:01:27,86,89,7186,19635
2023-09-05 15:01:33,86,90,7186,19635
2023-09-05 15:01:47,85,90,7186,19635
2023-09-05 15:01:49,85,89,7186,19635
2023-09-05 15:01:50,86,89,7186,19635
2023-09-05 15:01:53,85,89,7186,19635
2023-09-05 15:01:54,86,89,7186,19635
2023-09-05 15:02:30,86,88,7186,19635
2023-09-05 15:02:31,85,88,7186,19635
2023-09-05 15:02:36,83,88,7186,19635
2023-09-05 15:02:36,83,87,7186,19635
2023-09-05 15:02:37,84,87,7186,19635
2023-09-05 15:02:37,84,86,7186,19635
2023-09-05 15:02:39,85,86,7186,19635
2023-09-05 15:02:40,84,86,7186,19635
2023-09-05 15:02:41,85,86,7186,19635
2023-09-05 15:02:42,85,87,7186,19635
2023-09-05 15:02:43,84,87,7186,19635
2023-09-05 15:02:44,85,87,7186,19635
2023-09-05 15:02:53,85,88,7372,19835
