datetime,bid,ask,open_interest,volume
2023-04-26 09:30:04,19,25,968,1539
2023-04-26 09:30:04,19,26,968,1539
2023-04-26 09:30:08,15,26,968,1539
2023-04-26 09:30:08,16,26,968,1539
2023-04-26 09:30:45,17,26,968,1539
2023-04-26 09:31:04,21,26,968,1539
2023-04-26 09:31:04,21,25,968,1539
2023-04-26 09:31:08,21,25,1048,1619
2023-04-26 09:31:08,21,24,1048,1619
2023-04-26 09:31:09,21,24,1128,1699
2023-04-26 09:31:10,21,24,1208,1779
2023-04-26 09:31:12,21,24,1288,1859
2023-04-26 09:31:13,21,24,1368,1939
2023-04-26 09:31:14,21,24,1448,2019
2023-04-26 09:31:15,21,24,1528,2099
2023-04-26 09:31:16,21,24,1608,2179
2023-04-26 09:31:18,21,24,1688,2259
2023-04-26 09:31:19,19,24,1688,2259
2023-04-26 09:31:30,19,23,1768,2339
2023-04-26 09:31:31,18,23,1768,2339
2023-04-26 09:31:45,21,24,1768,2339
2023-04-26 09:31:46,22,24,1768,2339
2023-04-26 09:32:02,23,24,1768,2339
2023-04-26 09:32:11,23,24,1773,2344
2023-04-26 09:32:36,24,26,1777,2348
2023-04-26 09:32:45,23,26,1777,2348
2023-04-26 09:33:01,24,26,1777,2348
2023-04-26 09:34:44,25,26,1777,2348
2023-04-26 09:35:03,25,28,1785,2356
2023-04-26 09:35:09,26,28,1785,2356
2023-04-26 09:35:25,26,27,1785,2356
2023-04-26 09:35:41,26,28,1785,2356
2023-04-26 09:35:54,26,27,1785,2356
2023-04-26 09:36:42,26,27,1785,2361
2023-04-26 09:36:50,25,26,1779,2467
2023-04-26 09:36:57,24,25,1779,2567
2023-04-26 09:37:01,21,24,1773,2573
2023-04-26 09:37:13,21,25,1773,2573
2023-04-26 09:37:23,23,25,1773,2573
2023-04-26 09:37:30,23,26,1773,2573
2023-04-26 09:37:49,21,26,1773,2573
2023-04-26 09:37:54,21,25,1773,2767
2023-04-26 09:37:58,22,25,1773,2767
2023-04-26 09:38:02,22,24,1773,2767
2023-04-26 09:38:17,22,25,1773,2767
2023-04-26 09:39:12,23,25,1773,2767
2023-04-26 09:39:46,22,25,1773,2767
2023-04-26 09:40:07,22,24,1773,2767
2023-04-26 09:40:11,23,24,1773,2767
2023-04-26 09:40:14,24,25,1777,2871
2023-04-26 09:40:19,23,25,1777,2871
2023-04-26 09:40:47,25,27,1781,2875
2023-04-26 09:41:34,25,28,1781,2875
2023-04-26 09:41:34,26,28,1781,2875
2023-04-26 09:41:58,26,29,1781,2875
2023-04-26 09:42:19,25,26,1781,2877
2023-04-26 09:42:19,26,29,1789,2885
2023-04-26 09:42:23,25,29,1789,2885
2023-04-26 09:42:25,25,28,1789,2885
2023-04-26 09:42:31,23,28,1789,2885
2023-04-26 09:42:36,28,29,1789,2985
2023-04-26 09:42:41,27,29,1789,2985
2023-04-26 09:43:19,27,30,1789,2985
2023-04-26 09:43:20,28,30,1789,2985
2023-04-26 09:44:21,27,28,1787,2987
2023-04-26 09:44:28,27,30,1787,2987
2023-04-26 09:44:34,27,30,1787,2995
2023-04-26 09:44:46,25,30,1787,2995
2023-04-26 09:45:04,26,29,1787,2995
2023-04-26 09:45:13,26,28,1787,2995
2023-04-26 09:45:28,26,29,1787,2995
2023-04-26 09:45:28,26,28,1787,2995
2023-04-26 09:45:41,26,27,1787,2995
2023-04-26 09:45:42,23,26,1785,2997
2023-04-26 09:45:59,23,27,1785,2997
2023-04-26 09:46:30,23,26,1785,2997
2023-04-26 09:46:45,23,27,1785,2997
2023-04-26 09:46:53,22,27,1785,2997
2023-04-26 09:46:53,25,27,1785,2997
2023-04-26 09:46:57,26,27,1785,2997
2023-04-26 09:47:19,26,28,1785,2997
2023-04-26 09:47:32,26,27,1785,2997
2023-04-26 09:47:38,25,26,1783,2999
2023-04-26 09:47:39,22,26,1783,2999
2023-04-26 09:47:46,23,27,1783,2999
2023-04-26 09:48:10,23,26,1783,2999
2023-04-26 09:48:17,23,25,1783,2999
2023-04-26 09:48:37,22,25,1783,2999
2023-04-26 09:49:00,22,24,1783,2999
2023-04-26 09:50:16,23,24,1783,2999
2023-04-26 09:50:42,23,25,1783,2999
2023-04-26 09:50:43,23,26,1783,2999
2023-04-26 09:50:43,24,26,1783,2999
2023-04-26 09:51:03,24,25,1783,2999
2023-04-26 09:51:03,22,24,1781,3001
2023-04-26 09:51:08,22,25,1781,3001
2023-04-26 09:51:12,22,24,1781,3001
2023-04-26 09:51:21,21,22,1779,3003
2023-04-26 09:51:36,21,24,1779,3003
2023-04-26 09:51:39,21,25,1779,3003
2023-04-26 09:51:56,21,24,1779,3003
2023-04-26 09:52:00,22,24,1779,3003
2023-04-26 09:52:32,21,22,1777,3005
2023-04-26 09:52:37,21,23,1777,3005
2023-04-26 09:52:39,19,23,1777,3005
2023-04-26 09:52:45,19,22,1777,3005
2023-04-26 09:53:06,19,21,1777,3005
2023-04-26 09:53:07,17,21,1777,3005
2023-04-26 09:53:34,17,22,1777,3005
2023-04-26 09:53:34,19,22,1777,3005
2023-04-26 09:53:51,20,22,1777,3005
2023-04-26 09:54:13,20,23,1777,3005
2023-04-26 09:54:13,20,24,1777,3005
2023-04-26 09:54:13,21,24,1777,3005
2023-04-26 09:54:14,21,23,1777,3005
2023-04-26 09:54:24,23,24,1781,3009
2023-04-26 09:54:26,21,23,1781,3155
2023-04-26 09:54:30,21,24,1781,3155
2023-04-26 09:55:17,21,23,1781,3155
2023-04-26 09:56:52,21,23,1781,3155
2023-04-26 09:57:25,20,23,1781,3155
2023-04-26 09:58:40,20,22,1781,3155
2023-04-26 09:58:54,20,21,1781,3155
2023-04-26 09:58:55,17,20,1775,3161
2023-04-26 09:58:55,18,20,1775,3161
2023-04-26 09:58:57,19,20,1775,3161
2023-04-26 09:59:00,18,19,1773,3163
2023-04-26 09:59:03,18,20,1773,3163
2023-04-26 09:59:04,18,19,1773,3163
2023-04-26 09:59:18,18,19,1773,3165
2023-04-26 09:59:25,18,20,1773,3165
2023-04-26 10:00:40,18,21,1773,3165
2023-04-26 10:00:42,18,20,1773,3165
2023-04-26 10:00:57,18,21,1773,3165
2023-04-26 10:00:57,18,20,1773,3165
2023-04-26 10:01:05,19,20,1773,3165
2023-04-26 10:02:13,18,20,1773,3165
2023-04-26 10:03:24,19,20,1773,3165
2023-04-26 10:03:36,18,20,1773,3165
2023-04-26 10:03:51,19,20,1773,3165
2023-04-26 10:04:05,20,21,1777,3169
2023-04-26 10:04:07,21,24,1829,3323
2023-04-26 10:04:07,21,24,1833,3327
2023-04-26 10:04:09,21,24,1913,3407
2023-04-26 10:04:09,22,24,1913,3407
2023-04-26 10:04:18,22,23,1913,3407
2023-04-26 10:04:35,22,24,1913,3407
2023-04-26 10:04:35,22,23,1913,3407
2023-04-26 10:05:06,21,22,1913,3409
2023-04-26 10:05:07,19,22,1913,3409
2023-04-26 10:05:22,18,22,1913,3409
2023-04-26 10:05:22,18,21,1913,3409
2023-04-26 10:05:39,18,21,2007,3503
2023-04-26 10:05:41,18,20,2007,3503
2023-04-26 10:05:49,18,21,2007,3503
2023-04-26 10:05:50,19,21,2007,3503
2023-04-26 10:05:51,19,20,2007,3503
2023-04-26 10:05:54,17,19,2007,3511
2023-04-26 10:06:02,16,19,2007,3511
2023-04-26 10:06:03,18,19,2007,3511
2023-04-26 10:06:25,16,19,2007,3511
2023-04-26 10:06:25,17,19,2007,3511
2023-04-26 10:06:39,17,20,2007,3511
2023-04-26 10:06:40,17,19,2007,3511
2023-04-26 10:06:55,17,18,2007,3511
2023-04-26 10:07:07,17,19,2007,3511
2023-04-26 10:07:57,17,20,2007,3511
2023-04-26 10:08:04,18,20,2007,3511
2023-04-26 10:08:14,18,21,2007,3511
2023-04-26 10:08:14,19,21,2007,3511
2023-04-26 10:08:29,19,20,2007,3511
2023-04-26 10:08:43,19,21,2007,3511
2023-04-26 10:08:45,19,20,2007,3511
2023-04-26 10:09:01,19,21,2007,3511
2023-04-26 10:09:31,19,20,2007,3511
2023-04-26 10:09:46,19,21,2007,3511
2023-04-26 10:09:57,19,22,2007,3511
2023-04-26 10:10:00,19,21,2007,3511
2023-04-26 10:10:03,19,20,2007,3511
2023-04-26 10:10:14,17,19,2005,3513
2023-04-26 10:10:31,17,20,2005,3513
2023-04-26 10:10:32,17,19,2005,3513
2023-04-26 10:10:45,17,20,2005,3513
2023-04-26 10:10:48,17,19,2005,3513
2023-04-26 10:10:54,18,19,2005,3513
2023-04-26 10:11:02,18,22,2005,3513
2023-04-26 10:11:06,18,20,2005,3513
2023-04-26 10:11:09,19,20,2005,3513
2023-04-26 10:11:13,19,20,2305,3813
2023-04-26 10:11:15,20,22,2309,3817
2023-04-26 10:11:17,21,22,2309,3817
2023-04-26 10:11:24,19,21,2307,3819
2023-04-26 10:11:34,19,22,2307,3819
2023-04-26 10:11:35,19,20,2307,3819
2023-04-26 10:11:50,19,21,2307,3819
2023-04-26 10:11:50,19,20,2307,3819
2023-04-26 10:12:01,17,19,2301,3825
2023-04-26 10:12:06,16,19,2301,3825
2023-04-26 10:12:06,16,18,2301,3825
2023-04-26 10:12:24,16,19,2301,3825
2023-04-26 10:12:24,16,18,2301,3825
2023-04-26 10:12:36,16,19,2301,3825
2023-04-26 10:12:48,17,19,2301,3825
2023-04-26 10:12:58,18,19,2301,3825
2023-04-26 10:13:10,19,21,2305,3829
2023-04-26 10:13:20,20,21,2305,3829
2023-04-26 10:15:35,21,22,2309,3833
2023-04-26 10:15:49,22,23,2313,3837
2023-04-26 10:15:57,22,25,2313,3837
2023-04-26 10:15:57,23,25,2313,3837
2023-04-26 10:15:59,23,24,2313,3837
2023-04-26 10:16:15,23,26,2313,3837
2023-04-26 10:16:15,23,25,2313,3837
2023-04-26 10:16:23,24,25,2313,3837
2023-04-26 10:18:16,25,27,2467,3991
2023-04-26 10:18:22,26,28,2467,3991
2023-04-26 10:18:22,25,26,2467,3993
2023-04-26 10:18:27,25,26,2556,4082
2023-04-26 10:18:33,26,28,2619,4145
2023-04-26 10:18:35,25,28,2619,4145
2023-04-26 10:18:45,26,28,2619,4145
2023-04-26 10:18:51,26,27,2619,4145
2023-04-26 10:19:03,27,28,2619,4145
2023-04-26 10:19:07,26,28,2619,4145
2023-04-26 10:19:12,27,28,2619,4145
2023-04-26 10:19:24,28,30,2623,4149
2023-04-26 10:19:26,27,30,2623,4149
2023-04-26 10:19:38,27,32,2623,4149
2023-04-26 10:19:38,27,30,2623,4149
2023-04-26 10:19:55,27,32,2623,4149
2023-04-26 10:19:55,27,30,2623,4149
2023-04-26 10:20:01,28,30,2623,4149
2023-04-26 10:20:08,28,33,2623,4149
2023-04-26 10:20:08,28,32,2623,4149
2023-04-26 10:20:08,27,32,2623,4149
2023-04-26 10:20:10,28,32,2623,4149
2023-04-26 10:20:12,28,30,2623,4149
2023-04-26 10:20:26,28,32,2623,4149
2023-04-26 10:20:26,28,31,2623,4149
2023-04-26 10:20:26,28,29,2623,4149
2023-04-26 10:20:36,27,29,2623,4149
2023-04-26 10:21:58,28,29,2623,4149
2023-04-26 10:22:05,29,30,2627,4153
2023-04-26 10:22:14,29,32,2627,4153
2023-04-26 10:22:15,29,31,2627,4153
2023-04-26 10:22:18,30,31,2627,4153
2023-04-26 10:22:30,28,30,2627,4155
2023-04-26 10:22:44,28,31,2627,4155
2023-04-26 10:23:00,28,30,2627,4155
2023-04-26 10:23:11,29,30,2627,4155
2023-04-26 10:23:15,29,31,2627,4155
2023-04-26 10:23:41,30,31,2627,4155
2023-04-26 10:24:17,30,32,2627,4155
2023-04-26 10:24:17,30,31,2627,4155
2023-04-26 10:24:30,30,32,2627,4155
2023-04-26 10:24:34,28,30,2627,4157
2023-04-26 10:24:50,28,32,2627,4157
2023-04-26 10:24:50,28,30,2627,4157
2023-04-26 10:25:05,28,31,2627,4157
2023-04-26 10:25:05,28,30,2627,4157
2023-04-26 10:25:20,28,31,2627,4157
2023-04-26 10:25:21,29,31,2627,4157
2023-04-26 10:25:24,29,30,2627,4157
2023-04-26 10:25:37,29,31,2627,4157
2023-04-26 10:25:37,29,30,2627,4157
2023-04-26 10:27:26,27,30,2619,4307
2023-04-26 10:27:32,28,30,2619,4307
2023-04-26 10:28:59,28,29,2619,4307
2023-04-26 10:29:07,26,27,3264,4958
2023-04-26 10:29:08,27,29,3370,5064
2023-04-26 10:29:44,27,28,3370,5064
2023-04-26 10:30:11,24,27,3368,5066
2023-04-26 10:30:18,24,26,3368,5066
2023-04-26 10:30:20,24,27,3368,5066
2023-04-26 10:30:41,25,27,3368,5066
2023-04-26 10:30:52,24,25,3368,5068
2023-04-26 10:30:53,24,25,3668,5368
2023-04-26 10:30:54,25,27,3716,5416
2023-04-26 10:30:56,25,27,3720,5420
2023-04-26 10:30:57,24,27,3720,5420
2023-04-26 10:31:01,25,27,3720,5420
2023-04-26 10:31:06,25,26,3720,5420
2023-04-26 10:31:18,24,26,3720,5420
2023-04-26 10:31:18,23,26,3720,5420
2023-04-26 10:32:13,23,25,3720,5420
2023-04-26 10:32:20,23,24,3720,5420
2023-04-26 10:32:28,22,23,3714,5426
2023-04-26 10:32:36,20,23,3714,5426
2023-04-26 10:32:36,21,23,3714,5426
2023-04-26 10:32:42,22,23,3714,5426
2023-04-26 10:32:51,20,22,3714,5428
2023-04-26 10:32:51,21,22,3714,5428
2023-04-26 10:35:36,20,21,3714,5430
2023-04-26 10:35:40,19,21,3714,5430
2023-04-26 10:35:41,20,21,3714,5430
2023-04-26 10:35:54,19,21,3714,5430
2023-04-26 10:35:58,20,21,3714,5430
2023-04-26 10:36:01,21,22,3808,5524
2023-04-26 10:36:12,20,22,3808,5524
2023-04-26 10:36:12,21,22,3808,5524
2023-04-26 10:36:12,21,23,3808,5524
2023-04-26 10:36:37,21,22,3808,5524
2023-04-26 10:36:39,21,23,3808,5524
2023-04-26 10:36:40,21,22,3808,5524
2023-04-26 10:36:41,19,22,3808,5524
2023-04-26 10:36:41,19,23,3808,5524
2023-04-26 10:36:42,20,23,3808,5524
2023-04-26 10:36:44,20,22,3808,5524
2023-04-26 10:36:46,20,23,3808,5524
2023-04-26 10:36:55,19,23,3808,5524
2023-04-26 10:37:01,21,23,3808,5524
2023-04-26 10:37:15,22,23,3808,5524
2023-04-26 10:37:28,23,26,3812,5528
2023-04-26 10:37:28,23,25,3812,5528
2023-04-26 10:37:30,23,26,3812,5528
2023-04-26 10:37:39,22,26,3812,5528
2023-04-26 10:37:39,23,26,3812,5528
2023-04-26 10:37:54,23,25,3812,5528
2023-04-26 10:37:58,22,25,3812,5528
2023-04-26 10:37:58,23,25,3812,5528
2023-04-26 10:38:04,23,24,3812,5528
2023-04-26 10:38:06,23,25,3812,5528
2023-04-26 10:39:56,23,24,3812,5528
2023-04-26 10:40:05,23,25,3812,5528
2023-04-26 10:40:07,23,24,3812,5528
2023-04-26 10:40:09,23,25,3812,5528
2023-04-26 10:40:12,23,24,3812,5528
2023-04-26 10:40:14,23,25,3812,5528
2023-04-26 10:41:04,23,24,3812,5528
2023-04-26 10:41:16,23,25,3812,5528
2023-04-26 10:41:17,23,24,3812,5528
2023-04-26 10:41:18,23,25,3812,5528
2023-04-26 10:41:50,23,26,3812,5528
2023-04-26 10:41:50,24,26,3812,5528
2023-04-26 10:42:18,25,26,3812,5528
2023-04-26 10:42:29,24,26,3812,5528
2023-04-26 10:42:40,24,25,3812,5528
2023-04-26 10:43:01,23,24,3810,5530
2023-04-26 10:43:37,21,24,3810,5530
2023-04-26 10:43:37,22,24,3810,5530
2023-04-26 10:44:46,23,24,3810,5530
2023-04-26 10:45:03,22,24,3810,5530
2023-04-26 10:45:03,23,24,3810,5530
2023-04-26 10:45:16,22,26,3810,5530
2023-04-26 10:45:16,24,26,3810,5530
2023-04-26 10:45:24,24,25,3810,5530
2023-04-26 10:45:56,22,24,3808,5532
2023-04-26 10:46:22,23,24,3808,5532
2023-04-26 10:48:59,22,23,3806,5544
2023-04-26 10:49:47,21,22,3802,5548
2023-04-26 10:49:53,19,21,3502,5848
2023-04-26 10:49:55,18,21,3502,5848
2023-04-26 10:49:55,20,21,3502,5848
2023-04-26 10:50:57,21,23,3506,5852
2023-04-26 10:51:01,21,24,3506,5852
2023-04-26 10:51:25,21,23,3506,5852
2023-04-26 10:51:30,20,23,3506,5852
2023-04-26 10:51:39,21,23,3506,5852
2023-04-26 10:51:45,21,22,3506,5852
2023-04-26 10:51:48,20,21,3500,5858
2023-04-26 10:51:59,18,20,3198,6160
2023-04-26 10:52:03,19,20,3198,6160
2023-04-26 10:52:12,18,19,3192,6166
2023-04-26 10:52:22,16,19,3192,6166
2023-04-26 10:52:24,18,19,3192,6166
2023-04-26 10:52:37,16,19,3192,6166
2023-04-26 10:52:38,18,19,3192,6166
2023-04-26 10:52:55,16,19,3192,6166
2023-04-26 10:52:55,18,19,3192,6166
2023-04-26 10:53:16,18,20,3192,6166
2023-04-26 10:53:20,18,20,3197,6233
2023-04-26 10:53:22,17,20,3197,6233
2023-04-26 10:53:25,18,20,3197,6233
2023-04-26 10:53:29,19,20,3197,6233
2023-04-26 10:54:05,19,21,3197,6233
2023-04-26 10:54:08,19,20,3197,6233
2023-04-26 10:54:14,17,19,3195,6235
2023-04-26 10:54:15,16,19,3195,6235
2023-04-26 10:54:28,18,19,3195,6235
2023-04-26 10:55:04,18,21,3195,6235
2023-04-26 10:55:13,17,21,3195,6235
2023-04-26 10:55:13,19,21,3195,6235
2023-04-26 10:55:24,20,21,3195,6235
2023-04-26 10:55:45,18,21,3195,6235
2023-04-26 10:55:46,19,21,3195,6235
2023-04-26 10:56:10,19,20,3195,6235
2023-04-26 10:56:11,19,21,3195,6235
2023-04-26 10:56:42,19,20,3195,6235
2023-04-26 10:57:02,17,19,3193,6237
2023-04-26 10:57:06,18,19,3193,6237
2023-04-26 10:58:41,17,19,3195,6317
2023-04-26 10:58:41,17,18,3195,6317
2023-04-26 10:58:57,17,19,3281,6550
2023-04-26 10:59:08,17,18,3281,6550
2023-04-26 11:00:23,17,19,3281,6550
2023-04-26 11:00:24,17,21,3281,6550
2023-04-26 11:00:24,18,21,3281,6550
2023-04-26 11:00:31,18,20,3281,6550
2023-04-26 11:00:43,18,21,3281,6550
2023-04-26 11:00:43,18,20,3281,6550
2023-04-26 11:00:44,18,21,3281,6550
2023-04-26 11:00:46,18,19,3281,6550
2023-04-26 11:01:19,17,18,3275,6558
2023-04-26 11:01:35,16,18,3501,6784
2023-04-26 11:01:58,15,16,3601,6884
2023-04-26 11:03:05,15,16,3641,6924
2023-04-26 11:03:22,15,16,3741,7551
2023-04-26 11:03:30,15,16,3741,8051
2023-04-26 11:03:49,15,18,3741,8051
2023-04-26 11:03:53,15,18,3741,8051
2023-04-26 11:03:53,15,17,3741,8051
2023-04-26 11:04:06,15,18,3741,8051
2023-04-26 11:04:06,15,17,3741,8051
2023-04-26 11:04:08,15,16,3741,8051
2023-04-26 11:05:52,15,16,3786,8096
2023-04-26 11:07:59,14,15,3786,8155
2023-04-26 11:08:01,13,14,3786,8255
2023-04-26 11:08:18,11,14,4031,8505
2023-04-26 11:08:26,10,14,5384,9858
2023-04-26 11:08:35,11,14,5384,9858
2023-04-26 11:09:00,11,13,5384,9858
2023-04-26 11:09:06,12,13,5384,9858
2023-04-26 11:09:22,11,13,5384,9858
2023-04-26 11:09:22,12,13,5384,9858
2023-04-26 11:11:08,11,13,5384,9858
2023-04-26 11:11:09,11,12,5384,9858
2023-04-26 11:12:46,10,12,5384,9858
2023-04-26 11:12:47,10,11,5384,9858
2023-04-26 11:14:18,10,12,5384,9858
2023-04-26 11:15:16,10,11,5384,9858
2023-04-26 11:16:20,8,10,5384,10012
2023-04-26 11:16:21,7,10,5384,10012
2023-04-26 11:16:24,8,10,5384,10012
2023-04-26 11:16:41,7,8,5384,10012
2023-04-26 11:16:41,8,10,5384,10112
2023-04-26 11:17:05,8,11,5384,10112
2023-04-26 11:17:05,8,9,5384,10112
2023-04-26 11:18:13,9,10,5382,10114
2023-04-26 11:18:28,8,10,5382,10114
2023-04-26 11:18:44,9,10,5382,10114
2023-04-26 11:19:01,8,10,5382,10114
2023-04-26 11:19:59,8,9,5382,10114
2023-04-26 11:21:00,7,8,5382,10118
2023-04-26 11:22:14,7,8,5389,10125
2023-04-26 11:23:25,6,7,5717,10453
2023-04-26 11:23:26,6,7,5717,10533
2023-04-26 11:23:29,6,7,5717,10613
2023-04-26 11:23:35,5,7,5717,10693
2023-04-26 11:23:36,5,7,5717,10773
2023-04-26 11:23:38,5,7,5717,10853
2023-04-26 11:23:39,5,7,5717,10933
2023-04-26 11:23:39,5,6,5717,10933
2023-04-26 11:23:40,6,7,5715,10935
2023-04-26 11:23:40,5,7,5715,10935
2023-04-26 11:23:41,5,7,5715,11015
2023-04-26 11:23:42,5,7,5715,11095
2023-04-26 11:23:43,5,7,5715,11175
2023-04-26 11:23:44,5,7,5717,11255
2023-04-26 11:23:45,5,7,5797,11335
2023-04-26 11:23:48,5,7,5877,11415
2023-04-26 11:23:49,5,7,5957,11495
2023-04-26 11:23:50,5,7,6037,11575
2023-04-26 11:23:50,6,7,6037,11575
2023-04-26 11:24:03,5,7,6117,11655
2023-04-26 11:24:05,5,7,6197,11735
2023-04-26 11:24:06,5,7,6277,11815
2023-04-26 11:24:07,6,7,6277,11815
2023-04-26 11:24:12,6,7,6357,11895
2023-04-26 11:24:21,5,7,6357,11895
2023-04-26 11:24:21,6,7,6357,11895
2023-04-26 11:24:27,6,7,6357,11896
2023-04-26 11:24:52,5,6,6357,11896
2023-04-26 11:24:53,6,7,6355,11898
2023-04-26 11:25:20,6,7,6435,11978
2023-04-26 11:25:24,7,8,6433,12132
2023-04-26 11:25:38,6,8,6433,12132
2023-04-26 11:25:39,7,8,6433,12132
2023-04-26 11:25:52,6,8,6433,12132
2023-04-26 11:25:56,7,8,6433,12132
2023-04-26 11:26:09,6,8,6433,12132
2023-04-26 11:26:09,7,8,6433,12132
2023-04-26 11:26:25,6,8,6433,12132
2023-04-26 11:26:25,7,8,6433,12132
2023-04-26 11:26:41,6,8,6433,12132
2023-04-26 11:26:41,7,8,6433,12132
2023-04-26 11:26:45,6,8,6433,12132
2023-04-26 11:27:09,6,10,6433,12132
2023-04-26 11:27:10,6,9,6433,12132
2023-04-26 11:27:36,7,9,6433,12132
2023-04-26 11:29:13,8,9,6433,12132
2023-04-26 11:29:19,8,11,6433,12132
2023-04-26 11:30:18,9,11,6433,12132
2023-04-26 11:30:57,9,10,6433,12132
2023-04-26 11:31:44,8,9,6687,12386
2023-04-26 11:31:54,8,10,6687,12386
2023-04-26 11:32:11,7,10,6687,12386
2023-04-26 11:32:34,7,9,6687,12386
2023-04-26 11:33:30,5,9,6695,12394
2023-04-26 11:33:52,5,8,6695,12394
2023-04-26 11:35:04,6,8,6695,12394
2023-04-26 11:35:19,5,8,6695,12394
2023-04-26 11:36:29,6,8,6695,12394
2023-04-26 11:36:42,6,9,6695,12406
2023-04-26 11:36:52,7,9,6695,12406
2023-04-26 11:36:58,6,9,6695,12406
2023-04-26 11:36:59,7,9,6695,12406
2023-04-26 11:39:12,7,8,6695,12406
2023-04-26 11:40:22,6,8,6699,12410
2023-04-26 11:40:34,6,7,6699,12410
2023-04-26 11:41:01,5,7,6699,12410
2023-04-26 11:42:38,5,6,6699,12410
2023-04-26 11:47:44,5,6,6778,12489
2023-04-26 11:47:44,5,6,6845,12556
2023-04-26 11:48:14,5,6,6995,12706
2023-04-26 11:50:43,5,7,6995,13106
2023-04-26 11:51:34,5,6,6995,13106
2023-04-26 11:58:38,3,6,7003,13114
2023-04-26 12:00:22,3,6,7703,13814
2023-04-26 12:00:57,3,5,7703,13814
2023-04-26 12:01:51,2,5,7703,13814
2023-04-26 12:01:53,2,4,7703,13814
2023-04-26 12:05:24,1,4,7703,13814
2023-04-26 12:05:24,1,3,7703,13814
2023-04-26 12:10:10,1,2,7703,13814
2023-04-26 12:10:11,2,3,7703,13816
2023-04-26 12:11:09,1,3,7703,13816
2023-04-26 12:11:22,1,2,7703,13816
2023-04-26 12:11:23,2,3,7703,13818
2023-04-26 12:11:27,1,3,7703,13818
2023-04-26 12:11:32,1,2,7703,13818
2023-04-26 12:11:33,2,3,7703,13820
2023-04-26 12:11:54,1,3,7703,13820
2023-04-26 12:11:54,1,2,7703,13820
2023-04-26 12:11:55,2,3,7703,13822
2023-04-26 12:13:11,1,2,7703,13822
2023-04-26 12:13:12,2,3,7703,13824
2023-04-26 12:13:19,1,2,7703,13824
2023-04-26 12:13:20,2,3,7703,13826
2023-04-26 12:13:38,1,3,7703,13826
2023-04-26 12:16:30,1,3,7703,13833
2023-04-26 12:16:51,2,3,7703,13833
2023-04-26 12:20:01,3,4,7703,14332
2023-04-26 12:23:42,3,5,7703,14332
2023-04-26 12:23:42,4,5,7703,14332
2023-04-26 12:25:01,3,4,7701,14334
2023-04-26 12:28:46,3,4,7701,14484
2023-04-26 12:29:27,2,4,7705,14492
2023-04-26 12:29:36,2,3,7705,14492
2023-04-26 12:32:22,3,4,7701,14502
2023-04-26 12:32:44,3,5,7111,16247
2023-04-26 12:32:46,4,5,7111,16247
2023-04-26 12:33:33,4,5,7211,16347
2023-04-26 12:34:31,4,7,7215,16351
2023-04-26 12:34:48,5,7,7215,16351
2023-04-26 12:35:09,5,8,7219,16355
2023-04-26 12:35:11,5,9,7219,16355
2023-04-26 12:35:11,5,10,7219,16355
2023-04-26 12:35:14,8,10,7219,16355
2023-04-26 12:35:27,7,8,7170,16404
2023-04-26 12:35:27,7,10,7170,16404
2023-04-26 12:36:30,8,10,7170,16404
2023-04-26 12:37:01,5,10,7170,16404
2023-04-26 12:37:01,6,10,7170,16404
2023-04-26 12:38:30,6,7,7170,16404
2023-04-26 12:38:37,5,6,7170,16410
2023-04-26 12:38:56,5,7,7289,16529
2023-04-26 12:39:50,6,7,7289,16529
2023-04-26 12:42:43,7,10,7289,16833
2023-04-26 12:42:51,7,11,7289,16833
2023-04-26 12:42:52,8,11,7289,16833
2023-04-26 12:42:52,8,10,7289,16833
2023-04-26 12:43:00,8,9,7289,16833
2023-04-26 12:43:03,8,10,7289,16833
2023-04-26 12:43:06,8,9,7289,16833
2023-04-26 12:43:07,8,10,7289,16833
2023-04-26 12:43:18,6,10,7289,16833
2023-04-26 12:43:18,7,10,7289,16833
2023-04-26 12:44:24,7,9,7289,16833
2023-04-26 12:44:51,6,9,7289,16833
2023-04-26 12:45:33,6,8,7289,16833
2023-04-26 12:50:40,7,8,7289,16833
2023-04-26 12:50:54,6,8,7289,16833
2023-04-26 12:50:54,8,9,7289,16919
2023-04-26 12:51:09,8,10,7293,16923
2023-04-26 12:51:11,8,11,7293,16923
2023-04-26 12:51:12,8,12,7293,16923
2023-04-26 12:51:12,9,12,7293,16923
2023-04-26 12:51:49,9,11,7293,16923
2023-04-26 12:52:05,9,12,7293,16923
2023-04-26 12:52:05,9,10,7293,16923
2023-04-26 12:52:32,6,10,7293,16923
2023-04-26 12:52:33,7,10,7293,16923
2023-04-26 12:53:09,7,9,7293,16923
2023-04-26 12:53:16,7,10,7293,16923
2023-04-26 12:53:56,7,9,7293,16923
2023-04-26 12:55:31,9,10,7297,16927
2023-04-26 12:55:35,7,10,7297,16927
2023-04-26 12:55:44,7,10,7303,16933
2023-04-26 12:56:23,6,10,7303,16951
2023-04-26 12:56:28,7,10,7303,16951
2023-04-26 12:56:47,6,10,7303,16951
2023-04-26 12:56:57,7,10,7303,16951
2023-04-26 12:57:02,6,10,7303,16951
2023-04-26 12:57:34,7,10,7303,16951
2023-04-26 12:58:26,6,7,7303,16953
2023-04-26 12:58:29,7,10,7551,17201
2023-04-26 12:59:03,6,10,7551,17201
2023-04-26 12:59:04,7,10,7551,17201
2023-04-26 12:59:11,8,10,7551,17201
2023-04-26 12:59:38,8,12,7551,17201
2023-04-26 12:59:38,9,12,7551,17201
2023-04-26 12:59:49,9,11,7551,17201
2023-04-26 12:59:57,9,10,7551,17201
2023-04-26 13:00:47,8,9,7549,17203
2023-04-26 13:00:47,8,10,7549,17203
2023-04-26 13:00:50,6,10,7549,17203
2023-04-26 13:00:50,7,10,7549,17203
2023-04-26 13:00:54,7,9,7549,17203
2023-04-26 13:01:09,6,7,7547,17205
2023-04-26 13:01:09,6,9,7547,17205
2023-04-26 13:01:11,6,8,7547,17205
2023-04-26 13:01:42,5,6,7543,17211
2023-04-26 13:01:42,5,8,7543,17211
2023-04-26 13:01:44,5,8,7543,17220
2023-04-26 13:02:31,5,7,7543,17220
2023-04-26 13:04:10,5,7,7543,17720
2023-04-26 13:04:24,4,7,7543,17720
2023-04-26 13:05:48,5,7,7543,17720
2023-04-26 13:05:58,4,7,7543,17720
2023-04-26 13:05:58,6,7,7543,17720
2023-04-26 13:05:59,7,8,7549,17728
2023-04-26 13:06:05,6,8,7549,17728
2023-04-26 13:06:16,7,8,7549,17728
2023-04-26 13:06:19,8,10,7557,17736
2023-04-26 13:06:27,7,10,7557,17736
2023-04-26 13:07:18,8,10,7557,17736
2023-04-26 13:07:51,8,9,7557,17736
2023-04-26 13:07:56,6,8,7547,17746
2023-04-26 13:07:56,6,9,7547,17746
2023-04-26 13:08:29,6,10,7547,17746
2023-04-26 13:08:45,7,10,7547,17746
2023-04-26 13:08:52,8,10,7547,17746
2023-04-26 13:09:10,8,11,7547,17746
2023-04-26 13:09:11,9,11,7547,17746
2023-04-26 13:09:19,8,11,7547,17749
2023-04-26 13:09:28,8,10,7547,17749
2023-04-26 13:09:34,8,11,7547,17749
2023-04-26 13:09:35,8,10,7547,17749
2023-04-26 13:09:57,8,11,7547,17749
2023-04-26 13:09:58,8,10,7547,17749
2023-04-26 13:10:01,8,11,7547,17749
2023-04-26 13:10:04,8,10,7547,17749
2023-04-26 13:10:24,6,10,7547,17749
2023-04-26 13:10:24,7,10,7547,17749
2023-04-26 13:10:41,7,9,7547,17749
2023-04-26 13:12:22,6,7,7549,17752
2023-04-26 13:12:23,7,9,7746,17949
2023-04-26 13:12:30,6,9,7746,17949
2023-04-26 13:13:28,6,8,7746,17949
2023-04-26 13:15:22,5,6,7750,17953
2023-04-26 13:15:36,5,8,7796,18001
2023-04-26 13:16:41,6,8,7796,18001
2023-04-26 13:16:44,6,7,7796,18001
2023-04-26 13:16:55,6,8,7802,18011
2023-04-26 13:16:56,7,8,7802,18011
2023-04-26 13:16:58,7,9,7810,18019
2023-04-26 13:17:09,9,10,7810,18029
2023-04-26 13:17:26,7,10,7810,18029
2023-04-26 13:17:26,8,10,7810,18029
2023-04-26 13:17:41,7,10,7810,18029
2023-04-26 13:17:41,8,10,7810,18029
2023-04-26 13:17:56,7,10,7810,18029
2023-04-26 13:18:04,7,9,7810,18029
2023-04-26 13:18:41,6,9,7786,18055
2023-04-26 13:19:12,7,9,7786,18055
2023-04-26 13:19:56,6,9,7786,18055
2023-04-26 13:20:10,5,9,7786,18055
2023-04-26 13:20:11,5,8,7786,18055
2023-04-26 13:20:13,6,8,7786,18055
2023-04-26 13:20:28,5,8,7786,18055
2023-04-26 13:20:58,6,8,7786,18055
2023-04-26 13:21:15,5,8,7786,18055
2023-04-26 13:21:15,6,8,7786,18055
2023-04-26 13:21:31,5,8,7786,18055
2023-04-26 13:21:31,6,8,7786,18055
2023-04-26 13:21:31,7,8,7786,18055
2023-04-26 13:21:45,5,8,7786,18055
2023-04-26 13:22:00,6,8,7786,18055
2023-04-26 13:22:09,6,7,7786,18055
2023-04-26 13:22:12,7,8,7792,18063
2023-04-26 13:22:17,8,9,7800,18071
2023-04-26 13:22:30,6,9,7800,18071
2023-04-26 13:22:30,7,9,7800,18071
2023-04-26 13:22:46,6,9,7800,18071
2023-04-26 13:22:46,7,9,7800,18071
2023-04-26 13:23:01,6,9,7800,18071
2023-04-26 13:23:01,7,9,7800,18071
2023-04-26 13:23:17,6,9,7800,18071
2023-04-26 13:23:17,7,9,7800,18071
2023-04-26 13:23:23,7,10,7800,18071
2023-04-26 13:23:24,8,10,7800,18071
2023-04-26 13:25:31,8,9,7800,18071
2023-04-26 13:25:32,8,10,7800,18071
2023-04-26 13:25:37,7,10,7790,18081
2023-04-26 13:26:05,8,10,7790,18081
2023-04-26 13:26:18,7,10,7790,18081
2023-04-26 13:26:22,8,10,7790,18081
2023-04-26 13:26:41,9,10,7790,18081
2023-04-26 13:28:12,9,11,7790,18081
2023-04-26 13:29:48,9,10,7790,18081
2023-04-26 13:30:03,8,9,7788,18083
2023-04-26 13:30:03,8,10,7788,18083
2023-04-26 13:30:35,8,9,7788,18083
2023-04-26 13:31:03,7,9,7788,18083
2023-04-26 13:31:21,8,9,7788,18083
2023-04-26 13:31:47,9,10,7792,18087
2023-04-26 13:31:54,8,10,7792,18087
2023-04-26 13:32:13,8,9,7792,18087
2023-04-26 13:32:22,7,9,7790,18089
2023-04-26 13:32:54,7,9,7480,18399
2023-04-26 13:33:06,8,9,7480,18399
2023-04-26 13:33:23,7,8,7480,18403
2023-04-26 13:33:23,7,9,7480,18403
2023-04-26 13:33:29,6,9,7482,18405
2023-04-26 13:33:48,6,8,7482,18405
2023-04-26 13:34:10,5,8,7486,18409
2023-04-26 13:34:18,6,8,7486,18409
2023-04-26 13:34:22,6,7,7486,18409
2023-04-26 13:34:42,5,7,7486,18409
2023-04-26 13:35:10,5,7,7661,18909
2023-04-26 13:37:30,6,7,7661,18909
2023-04-26 13:39:15,6,9,7661,18909
2023-04-26 13:39:21,7,9,7661,18909
2023-04-26 13:40:42,8,9,7661,18909
2023-04-26 13:42:20,7,9,7661,18909
2023-04-26 13:43:52,6,9,7661,18909
2023-04-26 13:44:37,7,9,7661,18909
2023-04-26 13:45:05,8,9,7661,18909
2023-04-26 13:45:09,9,10,7667,18925
2023-04-26 13:45:13,9,12,7667,18925
2023-04-26 13:45:13,10,12,7667,18925
2023-04-26 13:46:54,9,12,7665,19125
2023-04-26 13:46:56,10,12,7665,19125
2023-04-26 13:47:06,10,11,7665,19125
2023-04-26 13:47:08,10,12,7665,19125
2023-04-26 13:47:12,8,12,7665,19125
2023-04-26 13:47:12,9,12,7665,19125
2023-04-26 13:47:19,9,11,7665,19125
2023-04-26 13:47:22,9,12,7665,19125
2023-04-26 13:47:53,10,12,7665,19125
2023-04-26 13:48:07,9,12,7665,19125
2023-04-26 13:48:08,10,12,7665,19125
2023-04-26 13:48:08,11,12,7665,19125
2023-04-26 13:48:10,12,14,7669,19129
2023-04-26 13:48:11,11,16,7669,19129
2023-04-26 13:48:11,11,15,7669,19129
2023-04-26 13:48:15,13,15,7669,19129
2023-04-26 13:48:15,14,15,7669,19129
2023-04-26 13:48:35,13,14,7667,19131
2023-04-26 13:49:00,13,14,7522,19276
2023-04-26 13:49:07,14,15,7526,19526
2023-04-26 13:49:11,14,16,7526,19671
2023-04-26 13:49:11,15,16,7526,19671
2023-04-26 13:49:11,15,18,7526,19671
2023-04-26 13:49:11,15,20,7526,19671
2023-04-26 13:49:12,17,20,7526,19671
2023-04-26 13:49:13,17,19,7526,19671
2023-04-26 13:49:21,17,20,7526,19671
2023-04-26 13:49:22,17,21,7526,19671
2023-04-26 13:49:22,18,21,7526,19671
2023-04-26 13:49:22,18,20,7526,19671
2023-04-26 13:49:29,17,20,7526,19671
2023-04-26 13:49:31,17,22,7526,19671
2023-04-26 13:49:32,17,21,7526,19671
2023-04-26 13:49:32,18,21,7526,19671
2023-04-26 13:49:36,18,22,7526,19671
2023-04-26 13:49:38,19,22,7526,19671
2023-04-26 13:49:59,19,22,7526,19812
2023-04-26 13:50:12,18,22,7526,19812
2023-04-26 13:50:12,18,25,7526,19812
2023-04-26 13:50:13,19,25,7526,19812
2023-04-26 13:50:13,19,24,7526,19812
2023-04-26 13:50:21,21,24,7526,19812
2023-04-26 13:50:24,22,24,7526,19812
2023-04-26 13:50:31,22,27,7530,19816
2023-04-26 13:50:37,23,27,7530,19816
2023-04-26 13:50:59,24,27,7530,19816
2023-04-26 13:51:07,24,30,7530,19816
2023-04-26 13:51:07,25,30,7530,19816
2023-04-26 13:51:07,24,25,7528,19818
2023-04-26 13:51:07,24,30,7528,19818
2023-04-26 13:51:12,23,30,7528,19818
2023-04-26 13:51:12,23,28,7528,19818
2023-04-26 13:51:13,24,28,7528,19818
2023-04-26 13:51:14,24,28,7448,19898
2023-04-26 13:51:15,24,28,7368,19978
2023-04-26 13:51:16,24,30,7368,19978
2023-04-26 13:51:16,24,30,7288,20058
2023-04-26 13:51:19,24,30,7208,20138
2023-04-26 13:51:21,24,28,7208,20138
2023-04-26 13:51:23,23,24,7171,20175
2023-04-26 13:51:23,23,28,7171,20175
2023-04-26 13:51:24,23,30,7171,20175
2023-04-26 13:51:26,23,29,7171,20175
2023-04-26 13:51:27,23,30,7171,20175
2023-04-26 13:51:29,23,29,7171,20175
2023-04-26 13:51:44,23,30,7171,20175
2023-04-26 13:51:44,24,30,7171,20175
2023-04-26 13:51:45,24,29,7171,20175
2023-04-26 13:51:56,24,28,7171,20175
2023-04-26 13:51:58,23,28,7171,20175
2023-04-26 13:51:58,23,29,7171,20175
2023-04-26 13:51:59,23,28,7171,20175
2023-04-26 13:52:00,23,28,7209,20213
2023-04-26 13:52:00,24,28,7209,20213
2023-04-26 13:52:01,25,28,7209,20213
2023-04-26 13:52:02,24,25,7171,20251
2023-04-26 13:52:02,24,28,7171,20251
2023-04-26 13:52:04,24,29,7171,20251
2023-04-26 13:52:04,24,28,7171,20251
2023-04-26 13:52:08,24,29,7171,20251
2023-04-26 13:52:11,24,28,7171,20251
2023-04-26 13:52:14,25,28,7171,20251
2023-04-26 13:52:20,25,28,7171,20252
2023-04-26 13:52:20,25,30,7171,20252
2023-04-26 13:52:20,25,29,7171,20252
2023-04-26 13:52:29,26,29,7171,20252
2023-04-26 13:52:33,25,26,7169,20254
2023-04-26 13:52:33,25,29,7169,20254
2023-04-26 13:52:41,25,30,7169,20254
2023-04-26 13:52:42,25,31,7169,20254
2023-04-26 13:52:42,26,31,7169,20254
2023-04-26 13:52:51,25,26,7167,20256
2023-04-26 13:52:51,25,31,7167,20256
2023-04-26 13:52:52,25,30,7167,20256
2023-04-26 13:52:54,25,30,7167,20336
2023-04-26 13:52:54,25,27,7167,20336
2023-04-26 13:52:55,25,27,7087,20416
2023-04-26 13:52:56,25,27,7007,20496
2023-04-26 13:52:58,25,27,7001,20576
2023-04-26 13:52:59,25,27,7001,20656
2023-04-26 13:53:00,24,27,7001,20656
2023-04-26 13:53:01,24,27,7001,20656
2023-04-26 13:53:01,26,27,7001,20656
2023-04-26 13:53:02,24,26,7001,20658
2023-04-26 13:53:02,24,27,7001,20658
2023-04-26 13:53:02,24,26,7001,20658
2023-04-26 13:53:05,24,27,7001,20658
2023-04-26 13:53:10,24,26,7001,20658
2023-04-26 13:53:25,24,25,7001,20658
2023-04-26 13:53:26,23,24,7076,20733
2023-04-26 13:53:26,23,25,7076,20733
2023-04-26 13:53:29,22,23,7076,20739
2023-04-26 13:53:29,22,25,7076,20739
2023-04-26 13:53:29,22,24,7076,20739
2023-04-26 13:53:35,21,24,7076,20739
2023-04-26 13:53:38,21,25,7076,20739
2023-04-26 13:53:48,21,24,7076,20739
2023-04-26 13:53:54,21,25,7076,20739
2023-04-26 13:54:07,22,25,7076,20739
2023-04-26 13:54:10,21,25,7076,20739
2023-04-26 13:54:19,22,25,7076,20739
2023-04-26 13:54:35,22,24,7076,20739
2023-04-26 13:55:18,22,23,7076,20739
2023-04-26 13:55:33,20,22,7076,20741
2023-04-26 13:55:34,20,23,7076,20741
2023-04-26 13:55:56,21,23,7076,20741
2023-04-26 13:56:01,21,22,7076,20741
2023-04-26 13:56:02,20,21,7076,20743
2023-04-26 13:56:02,20,22,7076,20743
2023-04-26 13:56:06,19,22,7076,20743
2023-04-26 13:56:16,20,22,7076,20743
2023-04-26 13:56:22,19,20,7078,20745
2023-04-26 13:56:22,19,22,7078,20745
2023-04-26 13:56:22,18,22,7078,20745
2023-04-26 13:56:22,18,21,7078,20745
2023-04-26 13:56:38,18,20,7078,20745
2023-04-26 13:56:38,17,20,7078,20745
2023-04-26 13:56:39,17,21,7078,20745
2023-04-26 13:56:46,17,22,7078,20745
2023-04-26 13:57:01,19,22,7078,20745
2023-04-26 13:57:05,18,22,7078,20745
2023-04-26 13:57:08,19,22,7078,20745
2023-04-26 13:57:19,20,22,7078,20745
2023-04-26 13:57:21,21,22,7078,20745
2023-04-26 13:57:26,22,23,7080,20749
2023-04-26 13:57:35,21,23,7500,21171
2023-04-26 13:57:38,21,22,7500,21171
2023-04-26 13:57:38,22,23,7506,21179
2023-04-26 13:57:46,22,23,7468,21217
2023-04-26 13:57:59,22,23,7327,21358
2023-04-26 13:58:43,21,22,7329,21366
2023-04-26 13:58:43,21,23,7329,21366
2023-04-26 13:58:52,21,22,7329,21366
2023-04-26 13:58:54,19,21,7333,21370
2023-04-26 13:58:54,19,22,7333,21370
2023-04-26 13:58:56,19,21,7333,21370
2023-04-26 13:58:57,19,22,7333,21370
2023-04-26 13:59:01,19,21,7333,21370
2023-04-26 13:59:01,18,21,7333,21370
2023-04-26 13:59:08,18,22,7333,21370
2023-04-26 13:59:16,19,22,7333,21370
2023-04-26 13:59:17,19,21,7333,21370
2023-04-26 13:59:20,18,21,7333,21370
2023-04-26 13:59:23,19,21,7333,21370
2023-04-26 13:59:33,19,22,7333,21376
2023-04-26 13:59:39,19,21,7333,21376
2023-04-26 14:00:32,19,20,7333,21376
2023-04-26 14:00:36,19,21,7333,21376
2023-04-26 14:00:54,18,21,7333,21376
2023-04-26 14:00:55,18,20,7333,21376
2023-04-26 14:01:24,19,20,7333,21376
2023-04-26 14:01:39,20,21,7339,21382
2023-04-26 14:02:24,21,23,7345,21388
2023-04-26 14:02:27,22,23,7345,21388
2023-04-26 14:02:28,22,25,7345,21388
2023-04-26 14:02:28,21,25,7345,21388
2023-04-26 14:02:28,22,25,7345,21388
2023-04-26 14:02:28,22,24,7345,21388
2023-04-26 14:02:41,23,24,7345,21388
2023-04-26 14:02:42,22,24,7345,21388
2023-04-26 14:02:49,22,26,7345,21388
2023-04-26 14:02:50,23,26,7345,21388
2023-04-26 14:03:10,24,26,7345,21388
2023-04-26 14:03:16,25,26,7345,21388
2023-04-26 14:03:26,24,26,7345,21388
2023-04-26 14:03:34,23,26,7345,21388
2023-04-26 14:04:08,23,25,7345,21388
2023-04-26 14:04:28,22,23,7345,21390
2023-04-26 14:04:28,22,25,7345,21390
2023-04-26 14:04:28,22,24,7345,21390
2023-04-26 14:04:30,22,25,7345,21390
2023-04-26 14:04:35,22,24,7345,21390
2023-04-26 14:04:46,22,25,7345,21390
2023-04-26 14:04:46,22,24,7345,21390
2023-04-26 14:04:47,22,25,7345,21390
2023-04-26 14:04:48,22,24,7345,21390
2023-04-26 14:04:58,22,23,7345,21390
2023-04-26 14:05:07,22,24,7345,21390
2023-04-26 14:05:18,22,23,7345,21390
2023-04-26 14:05:20,20,22,7345,21392
2023-04-26 14:05:20,20,23,7345,21392
2023-04-26 14:05:25,20,24,7345,21392
2023-04-26 14:05:44,20,22,7345,21392
2023-04-26 14:06:14,21,22,7345,21392
2023-04-26 14:06:19,20,22,7345,21392
2023-04-26 14:06:47,21,22,7345,21392
2023-04-26 14:07:14,20,22,7345,21392
2023-04-26 14:07:37,20,24,7345,21392
2023-04-26 14:07:37,21,24,7345,21392
2023-04-26 14:07:49,21,23,7345,21392
2023-04-26 14:07:52,21,22,7345,21392
2023-04-26 14:08:04,21,24,7345,21392
2023-04-26 14:08:21,22,24,7345,21392
2023-04-26 14:09:09,22,25,7345,21392
2023-04-26 14:09:09,23,25,7345,21392
2023-04-26 14:10:13,24,25,7345,21392
2023-04-26 14:10:16,25,27,7349,21396
2023-04-26 14:10:20,25,28,7349,21396
2023-04-26 14:10:20,25,27,7349,21396
2023-04-26 14:10:24,26,27,7349,21396
2023-04-26 14:10:44,24,27,7349,21396
2023-04-26 14:10:44,25,27,7349,21396
2023-04-26 14:10:44,25,28,7349,21396
2023-04-26 14:11:01,25,27,7349,21396
2023-04-26 14:11:03,25,28,7349,21396
2023-04-26 14:11:43,25,28,7349,21396
2023-04-26 14:11:45,25,27,7349,21396
2023-04-26 14:11:45,25,28,7349,21396
2023-04-26 14:11:47,25,27,7349,21396
2023-04-26 14:12:05,25,28,7349,21396
2023-04-26 14:12:14,26,28,7349,21396
2023-04-26 14:12:57,26,27,7349,21396
2023-04-26 14:12:58,25,26,7349,21398
2023-04-26 14:12:58,25,27,7349,21398
2023-04-26 14:12:59,25,26,7349,21398
2023-04-26 14:13:00,25,27,7349,21398
2023-04-26 14:13:09,25,26,7349,21398
2023-04-26 14:13:10,25,27,7349,21398
2023-04-26 14:13:12,25,26,7349,21398
2023-04-26 14:13:13,25,27,7349,21398
2023-04-26 14:13:18,25,26,7349,21398
2023-04-26 14:13:20,25,27,7349,21398
2023-04-26 14:13:37,25,28,7349,21398
2023-04-26 14:13:39,26,28,7349,21398
2023-04-26 14:13:58,27,28,7349,21398
2023-04-26 14:14:07,26,27,7349,21400
2023-04-26 14:14:07,26,28,7349,21400
2023-04-26 14:14:09,26,27,7349,21400
2023-04-26 14:14:10,26,28,7349,21400
2023-04-26 14:14:13,26,27,7349,21400
2023-04-26 14:14:16,26,28,7349,21400
2023-04-26 14:14:19,26,27,7349,21400
2023-04-26 14:14:27,26,28,7349,21400
2023-04-26 14:14:30,26,27,7349,21400
2023-04-26 14:14:33,25,26,7349,21402
2023-04-26 14:14:33,25,27,7349,21402
2023-04-26 14:14:49,25,26,7349,21402
2023-04-26 14:15:09,23,26,7349,21402
2023-04-26 14:15:10,24,26,7349,21402
2023-04-26 14:15:39,25,26,7349,21402
2023-04-26 14:15:42,26,28,7353,21406
2023-04-26 14:16:04,27,28,7353,21406
2023-04-26 14:16:04,28,30,7357,21420
2023-04-26 14:16:04,28,29,7357,21420
2023-04-26 14:16:10,28,29,7360,21423
2023-04-26 14:16:10,29,31,7363,21426
2023-04-26 14:16:10,29,31,7376,21439
2023-04-26 14:16:10,29,30,7380,21443
2023-04-26 14:16:10,28,30,7440,21503
2023-04-26 14:16:10,28,31,7440,21503
2023-04-26 14:16:25,29,31,7444,21507
2023-04-26 14:16:26,29,30,7444,21507
2023-04-26 14:16:26,28,30,7454,21517
2023-04-26 14:16:26,28,29,7454,21517
2023-04-26 14:16:31,27,29,7454,21517
2023-04-26 14:16:31,28,29,7454,21517
2023-04-26 14:17:23,29,32,7466,21529
2023-04-26 14:17:23,29,31,7466,21529
2023-04-26 14:17:46,28,31,7466,21529
2023-04-26 14:17:51,28,30,7466,21529
2023-04-26 14:17:55,27,28,7466,21535
2023-04-26 14:17:55,27,30,7466,21535
2023-04-26 14:17:55,26,30,7466,21535
2023-04-26 14:18:05,26,30,7466,21535
2023-04-26 14:18:12,26,29,7466,21535
2023-04-26 14:18:15,25,29,7466,21666
2023-04-26 14:18:25,26,29,7466,21666
2023-04-26 14:18:43,25,29,7458,21935
2023-04-26 14:18:46,26,29,7458,21935
2023-04-26 14:19:42,27,29,7458,21935
2023-04-26 14:20:00,27,31,7458,21935
2023-04-26 14:20:00,28,31,7458,21935
2023-04-26 14:20:09,29,31,7458,21935
2023-04-26 14:20:14,28,31,7458,21935
2023-04-26 14:20:23,28,32,7458,21935
2023-04-26 14:20:45,29,32,7458,21935
2023-04-26 14:21:23,28,32,7458,21935
2023-04-26 14:21:23,31,32,7458,21935
2023-04-26 14:22:01,31,34,7458,21935
2023-04-26 14:22:02,32,34,7458,21935
2023-04-26 14:22:42,29,32,7458,21937
2023-04-26 14:22:42,29,34,7458,21937
2023-04-26 14:22:50,29,33,7458,21937
2023-04-26 14:22:57,29,32,7458,21937
2023-04-26 14:23:10,29,32,7538,22017
2023-04-26 14:23:11,29,32,7618,22097
2023-04-26 14:23:11,29,31,7618,22097
2023-04-26 14:23:12,25,29,7639,22118
2023-04-26 14:23:12,25,31,7639,22118
2023-04-26 14:23:14,26,31,7639,22118
2023-04-26 14:23:15,26,29,7639,22118
2023-04-26 14:23:16,27,29,7639,22118
2023-04-26 14:23:17,25,27,7639,22120
2023-04-26 14:23:17,25,29,7639,22120
2023-04-26 14:23:17,25,28,7639,22120
2023-04-26 14:23:28,26,28,7639,22120
2023-04-26 14:23:29,26,27,7639,22120
2023-04-26 14:23:40,23,26,7645,22126
2023-04-26 14:23:40,23,27,7645,22126
2023-04-26 14:23:46,24,27,7645,22126
2023-04-26 14:23:47,24,26,7645,22126
2023-04-26 14:24:07,24,26,7645,22136
2023-04-26 14:24:33,24,26,7645,22148
2023-04-26 14:24:49,24,25,7645,22148
2023-04-26 14:24:50,22,24,7651,22154
2023-04-26 14:24:50,22,25,7651,22154
2023-04-26 14:25:11,22,24,7651,22154
2023-04-26 14:25:12,21,24,7651,22154
2023-04-26 14:25:13,20,24,7651,22154
2023-04-26 14:25:28,20,23,7651,22154
2023-04-26 14:25:52,20,22,7651,22154
2023-04-26 14:25:59,22,23,7651,22156
2023-04-26 14:26:00,20,22,7659,22164
2023-04-26 14:26:00,20,23,7659,22164
2023-04-26 14:26:04,20,22,7659,22164
2023-04-26 14:26:05,18,20,7663,22168
2023-04-26 14:26:05,18,22,7663,22168
2023-04-26 14:26:06,18,23,7663,22168
2023-04-26 14:26:06,18,21,7663,22168
2023-04-26 14:26:47,18,22,7663,22168
2023-04-26 14:26:47,17,20,7663,22168
2023-04-26 14:26:53,16,20,7663,22168
2023-04-26 14:27:09,16,21,7663,22168
2023-04-26 14:27:11,18,20,7663,22168
2023-04-26 14:27:25,20,22,7663,22174
2023-04-26 14:27:26,20,21,7663,22174
2023-04-26 14:27:32,18,20,7667,22178
2023-04-26 14:27:32,18,21,7667,22178
2023-04-26 14:27:34,18,20,7667,22178
2023-04-26 14:27:47,18,19,7667,22178
2023-04-26 14:27:51,18,20,7667,22178
2023-04-26 14:27:56,16,18,7671,22182
2023-04-26 14:28:11,17,18,7671,22182
2023-04-26 14:28:18,17,18,7687,22198
2023-04-26 14:28:19,17,20,7687,22198
2023-04-26 14:28:25,16,20,7687,22198
2023-04-26 14:28:26,17,20,7687,22198
2023-04-26 14:28:40,16,20,7687,22198
2023-04-26 14:28:40,17,20,7687,22198
2023-04-26 14:29:23,18,20,7687,22198
2023-04-26 14:29:41,18,20,7767,22278
2023-04-26 14:30:46,18,19,7767,22278
2023-04-26 14:31:46,19,20,7761,22284
2023-04-26 14:32:01,18,23,7761,22284
2023-04-26 14:32:01,19,23,7761,22284
2023-04-26 14:32:01,19,22,7761,22284
2023-04-26 14:32:02,20,22,7761,22284
2023-04-26 14:32:15,19,22,7761,22284
2023-04-26 14:32:17,21,22,7761,22284
2023-04-26 14:32:21,21,25,7761,22284
2023-04-26 14:32:22,22,25,7761,22284
2023-04-26 14:33:03,23,25,7761,22284
2023-04-26 14:33:19,22,25,7761,22284
2023-04-26 14:33:19,23,25,7761,22284
2023-04-26 14:33:34,22,25,7761,22284
2023-04-26 14:33:34,23,25,7761,22284
2023-04-26 14:33:36,23,25,7749,22364
2023-04-26 14:33:50,22,25,7749,22364
2023-04-26 14:33:51,23,25,7749,22364
2023-04-26 14:33:59,23,27,7749,22364
2023-04-26 14:33:59,24,27,7749,22364
2023-04-26 14:34:53,25,27,7749,22364
2023-04-26 14:35:06,24,27,7749,22364
2023-04-26 14:35:08,25,27,7749,22364
2023-04-26 14:35:10,27,31,7755,22370
2023-04-26 14:35:14,27,31,7845,22460
2023-04-26 14:35:15,28,31,7845,22460
2023-04-26 14:35:36,30,31,7845,22460
2023-04-26 14:35:42,30,34,7845,22460
2023-04-26 14:35:42,31,34,7845,22460
2023-04-26 14:35:49,31,34,7851,22488
2023-04-26 14:35:54,32,34,7851,22488
2023-04-26 14:36:01,33,34,7851,22488
2023-04-26 14:36:15,32,34,7851,22488
2023-04-26 14:36:15,34,36,7855,22492
2023-04-26 14:36:15,34,37,7855,22492
2023-04-26 14:36:17,36,39,7855,22492
2023-04-26 14:36:29,34,39,7855,22492
2023-04-26 14:36:29,35,39,7855,22492
2023-04-26 14:36:29,37,39,7855,22492
2023-04-26 14:36:46,37,39,7935,22572
2023-04-26 14:36:47,35,37,7947,22584
2023-04-26 14:36:47,35,39,7947,22584
2023-04-26 14:37:00,34,39,7947,22584
2023-04-26 14:37:00,36,39,7947,22584
2023-04-26 14:37:05,37,39,7947,22584
2023-04-26 14:37:27,37,39,8025,22664
2023-04-26 14:37:27,38,39,8025,22664
2023-04-26 14:37:39,38,39,8103,22744
2023-04-26 14:37:40,36,38,8103,22849
2023-04-26 14:37:41,34,38,8103,22849
2023-04-26 14:37:42,36,38,8103,22849
2023-04-26 14:37:55,33,38,8103,22849
2023-04-26 14:37:55,33,36,8103,22849
2023-04-26 14:37:59,33,34,8103,22849
2023-04-26 14:38:02,29,34,8103,22849
2023-04-26 14:38:02,30,34,8103,22849
2023-04-26 14:38:31,31,34,8103,22849
2023-04-26 14:38:35,31,36,8103,22849
2023-04-26 14:38:39,31,35,8103,22849
2023-04-26 14:38:45,32,35,8103,22849
2023-04-26 14:38:47,32,33,8103,22849
2023-04-26 14:38:58,28,31,8101,22851
2023-04-26 14:39:07,27,31,8101,22851
2023-04-26 14:39:07,28,31,8101,22851
2023-04-26 14:39:11,29,31,8101,22851
2023-04-26 14:39:48,31,34,8101,22855
2023-04-26 14:39:48,29,34,8101,22855
2023-04-26 14:39:48,30,34,8101,22855
2023-04-26 14:39:51,31,34,8101,22855
2023-04-26 14:39:52,31,35,8101,22855
2023-04-26 14:40:05,31,36,8101,22855
2023-04-26 14:40:05,32,36,8101,22855
2023-04-26 14:40:09,33,36,8101,22855
2023-04-26 14:40:20,33,37,8101,22855
2023-04-26 14:40:28,34,37,8101,22855
2023-04-26 14:40:34,34,36,8101,22855
2023-04-26 14:40:39,33,36,8101,22855
2023-04-26 14:40:39,33,35,8101,22855
2023-04-26 14:40:48,33,34,8101,22855
2023-04-26 14:40:49,33,35,8101,22855
2023-04-26 14:40:58,33,34,8101,22855
2023-04-26 14:41:01,31,33,8099,22857
2023-04-26 14:41:08,29,33,8099,22857
2023-04-26 14:41:08,30,34,8099,22857
2023-04-26 14:41:22,31,35,8099,22857
2023-04-26 14:41:24,32,35,8099,22857
2023-04-26 14:41:55,31,35,8099,22857
2023-04-26 14:42:00,32,35,8099,22857
2023-04-26 14:42:06,32,36,8099,22857
2023-04-26 14:42:06,33,36,8099,22857
2023-04-26 14:42:10,34,36,8099,22857
2023-04-26 14:42:23,33,36,8099,22857
2023-04-26 14:42:41,35,36,8099,22857
2023-04-26 14:42:57,33,36,8099,22857
2023-04-26 14:43:12,34,36,8099,22857
2023-04-26 14:43:24,35,36,8099,22857
2023-04-26 14:43:27,36,37,8099,22861
2023-04-26 14:43:27,35,37,8099,22861
2023-04-26 14:43:33,37,39,8099,22865
2023-04-26 14:43:33,35,39,8099,22865
2023-04-26 14:43:41,36,39,8099,22865
2023-04-26 14:43:43,37,39,8099,22865
2023-04-26 14:43:59,36,39,8099,22865
2023-04-26 14:44:10,37,39,8099,22865
2023-04-26 14:44:11,37,41,8099,22865
2023-04-26 14:44:11,37,40,8099,22865
2023-04-26 14:44:15,39,40,8099,22865
2023-04-26 14:44:20,39,41,8103,23008
2023-04-26 14:44:21,39,42,8103,23008
2023-04-26 14:44:30,38,42,8103,23008
2023-04-26 14:44:30,39,42,8103,23008
2023-04-26 14:44:43,38,42,8103,23008
2023-04-26 14:44:44,37,41,8103,23008
2023-04-26 14:44:46,39,41,8103,23008
2023-04-26 14:45:03,38,41,8103,23008
2023-04-26 14:45:17,37,41,8103,23008
2023-04-26 14:45:17,39,41,8103,23008
2023-04-26 14:45:21,39,42,8103,23008
2023-04-26 14:45:27,40,42,8103,23008
2023-04-26 14:46:03,41,42,8103,23008
2023-04-26 14:47:02,40,41,8101,23010
2023-04-26 14:47:06,38,40,8095,23016
2023-04-26 14:47:13,38,41,8095,23016
2023-04-26 14:47:13,38,41,8095,23041
2023-04-26 14:47:14,38,42,8095,23041
2023-04-26 14:47:22,38,43,8095,23041
2023-04-26 14:47:22,40,43,8095,23041
2023-04-26 14:47:25,40,44,7399,23741
2023-04-26 14:47:36,39,44,7399,23741
2023-04-26 14:47:37,40,44,7399,23741
2023-04-26 14:47:41,41,44,7399,23741
2023-04-26 14:48:24,41,42,7399,23741
2023-04-26 14:48:29,40,41,7397,23743
2023-04-26 14:48:30,39,40,7397,23862
2023-04-26 14:48:43,37,39,7395,23864
2023-04-26 14:48:47,37,40,7395,23864
2023-04-26 14:48:50,35,40,7395,23864
2023-04-26 14:48:51,36,40,7395,23864
2023-04-26 14:48:51,36,38,7395,23864
2023-04-26 14:48:51,34,36,7389,23870
2023-04-26 14:48:59,35,36,7389,23870
2023-04-26 14:49:11,32,36,7389,23872
2023-04-26 14:49:11,32,34,7389,23872
2023-04-26 14:49:16,32,36,7389,23872
2023-04-26 14:49:18,30,36,7389,23872
2023-04-26 14:49:18,31,36,7389,23872
2023-04-26 14:49:22,32,36,7389,23872
2023-04-26 14:49:23,33,36,7389,23872
2023-04-26 14:49:29,35,36,7389,23872
2023-04-26 14:49:45,36,40,7393,23876
2023-04-26 14:49:49,36,39,7393,23876
2023-04-26 14:49:59,35,39,7393,23876
2023-04-26 14:50:01,35,40,7393,23876
2023-04-26 14:50:30,37,40,7393,23876
2023-04-26 14:50:36,38,40,7393,23876
2023-04-26 14:51:02,36,37,7391,23954
2023-04-26 14:51:02,35,37,7391,23954
2023-04-26 14:51:05,36,37,7391,23954
2023-04-26 14:52:01,37,40,7395,23958
2023-04-26 14:52:08,38,40,7395,23958
2023-04-26 14:52:20,39,40,7395,23958
2023-04-26 14:52:22,39,43,7395,23958
2023-04-26 14:52:23,40,43,7395,23958
2023-04-26 14:52:35,40,46,7181,24498
2023-04-26 14:52:35,40,45,7181,24498
2023-04-26 14:52:35,41,45,7181,24498
2023-04-26 14:52:47,42,45,7181,24498
2023-04-26 14:53:02,43,45,7181,24498
2023-04-26 14:53:28,42,45,7181,24498
2023-04-26 14:53:33,43,45,7181,24498
2023-04-26 14:53:43,45,48,7181,24502
2023-04-26 14:53:43,45,47,7181,24502
2023-04-26 14:53:48,45,47,6881,24802
2023-04-26 14:53:48,43,47,6881,24802
2023-04-26 14:54:43,45,47,6881,24802
2023-04-26 14:54:44,43,47,6881,24802
2023-04-26 14:54:46,45,47,6881,24802
2023-04-26 14:55:38,47,49,6881,24806
2023-04-26 14:55:47,47,49,6801,24886
2023-04-26 14:55:54,46,47,6781,24906
2023-04-26 14:55:55,46,47,6701,24986
2023-04-26 14:56:00,44,49,6701,24986
2023-04-26 14:56:07,45,49,6701,24986
2023-04-26 14:56:16,46,49,6701,24986
2023-04-26 14:56:18,46,49,6621,25066
2023-04-26 14:56:19,46,49,6541,25146
2023-04-26 14:56:32,46,49,6461,25226
2023-04-26 14:56:33,46,49,6381,25306
2023-04-26 14:56:34,46,49,6301,25386
2023-04-26 14:56:35,47,49,6301,25386
2023-04-26 14:56:37,49,54,6281,25410
2023-04-26 14:56:37,47,54,6281,25410
2023-04-26 14:56:40,47,53,6281,25410
2023-04-26 14:56:41,46,53,6281,25410
2023-04-26 14:56:45,45,53,6281,25410
2023-04-26 14:56:45,45,51,6281,25410
2023-04-26 14:57:03,45,49,6281,25410
2023-04-26 14:57:05,44,45,6271,25420
2023-04-26 14:57:09,44,49,6271,25420
2023-04-26 14:57:10,44,51,6271,25420
2023-04-26 14:57:15,42,51,6271,25420
2023-04-26 14:57:16,44,51,6271,25420
2023-04-26 14:57:23,45,51,6271,25420
2023-04-26 14:57:28,45,49,6271,25420
2023-04-26 14:57:31,42,45,6269,25422
2023-04-26 14:57:33,43,45,6269,25422
2023-04-26 14:57:53,40,45,6269,25422
2023-04-26 14:57:53,40,48,6269,25422
2023-04-26 14:57:54,41,48,6269,25422
2023-04-26 14:58:03,42,48,6269,25422
2023-04-26 14:58:05,42,47,6269,25422
2023-04-26 14:58:20,41,47,6269,25422
2023-04-26 14:58:45,41,48,6269,25422
2023-04-26 14:58:49,42,48,6269,25422
2023-04-26 14:59:06,43,48,6269,25422
2023-04-26 14:59:18,42,48,6269,25422
2023-04-26 14:59:20,43,48,6269,25422
2023-04-26 14:59:30,43,49,6269,25422
2023-04-26 14:59:31,44,49,6269,25422
2023-04-26 15:00:00,44,47,6269,25422
2023-04-26 15:00:01,43,44,6267,25424
2023-04-26 15:00:10,41,49,6267,25424
2023-04-26 15:00:10,42,49,6267,25424
2023-04-26 15:00:13,43,49,6267,25424
2023-04-26 15:00:25,45,49,6267,25424
2023-04-26 15:00:41,46,49,6267,25424
2023-04-26 15:00:44,46,53,6267,25424
2023-04-26 15:00:44,47,53,6267,25424
2023-04-26 15:00:53,49,53,6267,25424
2023-04-26 15:01:06,50,53,6267,25424
2023-04-26 15:01:07,49,50,6265,25426
2023-04-26 15:01:08,47,49,6265,25725
2023-04-26 15:01:15,47,53,6265,25725
2023-04-26 15:01:15,47,54,6265,25725
2023-04-26 15:01:29,47,53,6265,25725
2023-04-26 15:01:29,48,53,6265,25725
2023-04-26 15:01:34,48,54,6265,25725
2023-04-26 15:01:48,47,54,6265,25725
2023-04-26 15:01:48,47,52,6265,25725
2023-04-26 15:01:56,47,51,6265,25725
2023-04-26 15:02:16,47,54,6265,25725
2023-04-26 15:02:16,48,54,6265,25725
2023-04-26 15:02:22,50,54,6265,25725
2023-04-26 15:02:37,50,58,6265,25725
2023-04-26 15:02:38,50,57,6265,25725
2023-04-26 15:02:38,51,57,6265,25725
2023-04-26 15:02:40,52,57,6265,25725
2023-04-26 15:02:52,51,57,6265,25725
2023-04-26 15:02:59,52,57,6265,25725
2023-04-26 15:03:42,57,58,6190,25804
2023-04-26 15:03:42,52,58,6190,25804
2023-04-26 15:03:47,53,58,6190,25804
2023-04-26 15:04:06,55,58,6190,25804
2023-04-26 15:04:14,55,61,6190,25804
2023-04-26 15:04:14,55,60,6190,25804
2023-04-26 15:04:15,56,60,6190,25804
2023-04-26 15:04:16,56,61,6190,25804
2023-04-26 15:04:17,56,60,6190,25804
2023-04-26 15:04:51,55,60,6190,25804
2023-04-26 15:04:51,56,60,6190,25804
2023-04-26 15:05:07,55,60,6190,25804
2023-04-26 15:05:10,56,60,6190,25804
2023-04-26 15:05:10,55,56,6190,25864
2023-04-26 15:05:12,53,55,6190,25870
2023-04-26 15:05:12,53,56,6190,25870
2023-04-26 15:05:16,53,57,6190,25870
2023-04-26 15:05:18,53,57,6190,26170
2023-04-26 15:05:19,51,53,6190,26174
2023-04-26 15:05:24,50,53,6190,26174
2023-04-26 15:05:24,50,57,6190,26174
2023-04-26 15:05:30,45,57,6190,26174
2023-04-26 15:05:30,48,57,6190,26174
2023-04-26 15:05:31,48,55,6190,26174
2023-04-26 15:05:48,45,55,6190,26174
2023-04-26 15:05:53,47,55,6190,26174
2023-04-26 15:05:53,47,54,6190,26174
2023-04-26 15:06:01,47,52,6190,26174
2023-04-26 15:06:07,47,54,6190,26174
2023-04-26 15:06:12,49,54,6190,26174
2023-04-26 15:06:31,49,56,6190,26174
2023-04-26 15:06:32,50,56,6190,26174
2023-04-26 15:06:33,50,55,6190,26174
2023-04-26 15:07:11,51,55,6190,26174
2023-04-26 15:07:15,52,55,6190,26174
2023-04-26 15:07:31,51,55,6190,26174
2023-04-26 15:07:31,53,55,6190,26174
2023-04-26 15:07:37,55,58,6190,26180
2023-04-26 15:07:37,53,58,6190,26180
2023-04-26 15:07:47,55,58,6190,26180
2023-04-26 15:07:54,56,58,6190,26180
2023-04-26 15:07:57,58,61,6190,26184
2023-04-26 15:07:57,56,61,6190,26184
2023-04-26 15:07:57,56,60,6190,26184
2023-04-26 15:07:58,56,61,6190,26184
2023-04-26 15:08:00,56,62,6190,26184
2023-04-26 15:08:00,56,61,6190,26184
2023-04-26 15:08:00,56,62,6190,26184
2023-04-26 15:08:03,57,62,6190,26184
2023-04-26 15:08:04,57,61,6190,26184
2023-04-26 15:08:05,57,62,6190,26184
2023-04-26 15:08:21,58,62,6190,26184
2023-04-26 15:08:29,57,58,6184,26190
2023-04-26 15:08:34,57,62,6184,26190
2023-04-26 15:08:53,57,61,6184,26190
2023-04-26 15:08:55,57,61,6180,26490
2023-04-26 15:08:56,57,61,6180,26790
2023-04-26 15:08:58,57,61,6271,27090
2023-04-26 15:08:58,56,61,6271,27090
2023-04-26 15:08:58,56,57,6271,27090
2023-04-26 15:08:59,53,56,6414,27233
2023-04-26 15:09:04,53,57,6414,27233
2023-04-26 15:09:05,52,57,6414,27233
2023-04-26 15:09:11,52,55,6414,27233
2023-04-26 15:09:18,50,55,6414,27233
2023-04-26 15:09:26,50,56,6414,27233
2023-04-26 15:09:36,48,53,6414,27233
2023-04-26 15:09:38,50,52,6414,27233
2023-04-26 15:09:51,52,54,6412,27235
2023-04-26 15:09:52,50,54,6412,27235
2023-04-26 15:09:53,50,54,6357,27315
2023-04-26 15:09:53,52,54,6357,27315
2023-04-26 15:10:01,52,54,6357,27395
2023-04-26 15:10:04,52,54,6357,27475
2023-04-26 15:10:05,54,57,6357,27534
2023-04-26 15:10:05,52,57,6357,27534
2023-04-26 15:10:07,52,53,6357,27534
2023-04-26 15:10:08,53,57,6357,27536
2023-04-26 15:10:08,52,57,6357,27536
2023-04-26 15:10:09,54,57,6357,27536
2023-04-26 15:10:19,53,57,6357,27536
2023-04-26 15:10:28,52,57,6357,27536
2023-04-26 15:10:28,52,56,6357,27536
2023-04-26 15:10:29,52,57,6357,27536
2023-04-26 15:10:31,52,56,6357,27536
2023-04-26 15:10:33,52,55,6357,27536
2023-04-26 15:10:37,52,54,6357,27536
2023-04-26 15:10:39,52,54,6357,27567
2023-04-26 15:10:40,50,52,6357,27626
2023-04-26 15:10:40,49,52,6357,27626
2023-04-26 15:10:41,47,54,6357,27626
2023-04-26 15:10:42,49,53,6357,27626
2023-04-26 15:10:49,49,52,6357,27626
2023-04-26 15:10:52,49,51,6357,27626
2023-04-26 15:11:01,47,51,6357,27626
2023-04-26 15:11:04,45,50,6357,27626
2023-04-26 15:11:04,45,49,6357,27626
2023-04-26 15:11:07,45,50,6357,27626
2023-04-26 15:11:08,45,49,6357,27626
2023-04-26 15:11:09,45,50,6357,27626
2023-04-26 15:11:10,45,49,6357,27626
2023-04-26 15:11:14,45,50,6357,27626
2023-04-26 15:11:14,45,47,6357,27626
2023-04-26 15:11:15,45,47,6357,27706
2023-04-26 15:11:16,42,45,6357,27734
2023-04-26 15:11:16,42,47,6357,27734
2023-04-26 15:11:24,41,47,6357,27734
2023-04-26 15:11:24,41,45,6357,27734
2023-04-26 15:11:25,42,45,6357,27734
2023-04-26 15:11:27,42,46,6357,27734
2023-04-26 15:11:32,42,45,6357,27734
2023-04-26 15:11:35,41,42,6357,27738
2023-04-26 15:11:35,41,45,6357,27738
2023-04-26 15:11:36,40,45,6357,27738
2023-04-26 15:11:45,39,45,6357,27738
2023-04-26 15:11:48,39,43,6357,27818
2023-04-26 15:11:48,39,42,6357,27818
2023-04-26 15:11:49,38,39,6357,27822
2023-04-26 15:11:49,38,42,6357,27822
2023-04-26 15:11:50,37,42,6357,27822
2023-04-26 15:11:50,37,41,6357,27822
2023-04-26 15:11:50,37,42,6357,27822
2023-04-26 15:11:50,37,41,6357,27822
2023-04-26 15:11:58,37,41,6357,27895
2023-04-26 15:12:01,37,41,6307,27975
2023-04-26 15:12:02,37,41,6307,28055
2023-04-26 15:12:03,36,37,6307,28120
2023-04-26 15:12:03,36,41,6307,28120
2023-04-26 15:12:05,36,41,6387,28200
2023-04-26 15:12:05,36,42,6387,28200
2023-04-26 15:12:07,34,37,6387,28200
2023-04-26 15:12:07,33,34,6387,28200
2023-04-26 15:12:07,33,37,6387,28200
2023-04-26 15:12:08,33,37,6458,28280
2023-04-26 15:12:09,33,39,6458,28280
2023-04-26 15:12:11,33,39,6458,28300
2023-04-26 15:12:12,34,39,6458,28300
2023-04-26 15:12:26,34,37,6458,28300
2023-04-26 15:12:26,33,37,6458,28300
2023-04-26 15:12:32,33,39,6458,28300
2023-04-26 15:12:34,33,36,6458,28300
2023-04-26 15:12:34,36,38,6458,28326
2023-04-26 15:12:34,36,37,6520,28388
2023-04-26 15:12:35,36,38,6520,28388
2023-04-26 15:12:35,36,38,6600,28468
2023-04-26 15:12:36,36,38,6680,28548
2023-04-26 15:12:37,36,37,6680,28548
2023-04-26 15:12:37,33,36,6732,28600
2023-04-26 15:12:37,33,37,6732,28600
2023-04-26 15:12:38,33,38,6732,28600
2023-04-26 15:12:43,33,37,6732,28600
2023-04-26 15:12:51,33,37,6732,28639
2023-04-26 15:12:53,33,37,6732,28939
2023-04-26 15:12:54,33,37,6732,29239
2023-04-26 15:12:55,34,37,6732,29239
2023-04-26 15:12:56,34,37,6732,29539
2023-04-26 15:12:57,37,39,6732,29562
2023-04-26 15:12:57,37,39,6812,29642
2023-04-26 15:12:59,37,39,6892,29722
2023-04-26 15:13:02,34,37,6892,29722
2023-04-26 15:13:02,34,41,6892,29722
2023-04-26 15:13:02,34,40,6892,29722
2023-04-26 15:13:03,34,41,6892,29722
2023-04-26 15:13:05,34,39,6892,29722
2023-04-26 15:13:10,34,38,6892,29722
2023-04-26 15:13:16,33,34,6896,29726
2023-04-26 15:13:16,33,38,6896,29726
2023-04-26 15:13:18,33,37,6896,29726
2023-04-26 15:13:18,33,36,6896,29726
2023-04-26 15:13:35,36,38,6896,29732
2023-04-26 15:13:39,35,38,6896,29732
2023-04-26 15:13:39,38,40,6896,29811
2023-04-26 15:13:40,38,43,6896,29811
2023-04-26 15:13:40,38,41,6896,29811
2023-04-26 15:13:44,36,41,6896,29811
2023-04-26 15:13:45,38,41,6896,29811
2023-04-26 15:13:45,38,43,6896,29811
2023-04-26 15:13:45,38,40,6896,29811
2023-04-26 15:13:51,40,44,6898,29821
2023-04-26 15:13:56,38,44,6898,29821
2023-04-26 15:13:59,38,45,6898,29821
2023-04-26 15:13:59,38,44,6898,29821
2023-04-26 15:14:17,38,43,6898,29821
2023-04-26 15:14:46,39,43,6898,29821
2023-04-26 15:14:58,40,43,6898,29821
2023-04-26 15:14:58,39,40,6900,29825
2023-04-26 15:14:59,39,43,6900,29825
2023-04-26 15:15:01,38,43,6900,29825
2023-04-26 15:15:08,40,43,6900,29825
2023-04-26 15:15:11,42,43,6900,29825
2023-04-26 15:15:26,40,43,6900,29825
2023-04-26 15:15:26,38,43,6900,29825
2023-04-26 15:15:26,42,43,6900,29825
2023-04-26 15:15:27,43,49,6906,29833
2023-04-26 15:15:27,43,48,6906,29833
2023-04-26 15:15:45,45,48,6906,29833
2023-04-26 15:15:49,47,48,6906,29833
2023-04-26 15:15:55,48,53,6914,29841
2023-04-26 15:15:56,48,52,6914,29841
2023-04-26 15:16:01,48,53,6914,29841
2023-04-26 15:16:05,49,53,6914,29841
2023-04-26 15:16:09,49,55,6914,29841
2023-04-26 15:16:09,49,54,6914,29841
2023-04-26 15:16:13,49,56,6917,29917
2023-04-26 15:16:14,49,54,6917,29917
2023-04-26 15:16:14,49,56,6917,29917
2023-04-26 15:16:16,49,54,6917,29917
2023-04-26 15:16:16,49,53,6917,29917
2023-04-26 15:16:18,47,53,6917,29917
2023-04-26 15:16:22,45,51,6917,29917
2023-04-26 15:16:24,46,51,6917,29917
2023-04-26 15:16:33,46,49,6917,29917
2023-04-26 15:16:45,45,49,6917,29917
2023-04-26 15:16:45,48,49,6917,29917
2023-04-26 15:16:45,48,49,6837,29997
2023-04-26 15:16:49,48,55,6837,30029
2023-04-26 15:16:49,48,54,6837,30029
2023-04-26 15:16:49,48,49,6837,30029
2023-04-26 15:16:52,49,55,6841,30033
2023-04-26 15:16:52,49,54,6841,30033
2023-04-26 15:16:58,50,54,6841,30033
2023-04-26 15:17:18,50,54,6765,30113
2023-04-26 15:17:19,53,54,6765,30113
2023-04-26 15:17:27,53,58,6765,30113
2023-04-26 15:17:27,53,54,6765,30113
2023-04-26 15:17:36,54,58,6765,30117
2023-04-26 15:17:36,53,58,6765,30117
2023-04-26 15:17:47,54,58,6765,30117
2023-04-26 15:17:49,54,57,6765,30117
2023-04-26 15:17:50,54,57,6765,30417
2023-04-26 15:17:51,54,57,6765,30717
2023-04-26 15:18:06,53,57,6765,30717
2023-04-26 15:18:18,53,56,6765,30717
2023-04-26 15:18:23,53,55,6765,30717
2023-04-26 15:18:25,53,56,6765,30717
2023-04-26 15:18:29,50,53,6763,30719
2023-04-26 15:18:29,51,53,6763,30719
2023-04-26 15:18:29,51,53,6763,30742
2023-04-26 15:18:31,51,56,6763,30742
2023-04-26 15:18:43,50,56,6763,30742
2023-04-26 15:18:59,50,55,6763,30742
2023-04-26 15:19:04,51,55,6763,30742
2023-04-26 15:19:11,52,55,6763,30742
2023-04-26 15:19:21,55,56,6767,30786
2023-04-26 15:19:24,52,55,6767,30792
2023-04-26 15:19:26,52,56,6767,30792
2023-04-26 15:19:44,51,56,6767,30792
2023-04-26 15:19:46,53,56,6767,30792
2023-04-26 15:19:46,55,56,6767,30792
2023-04-26 15:19:56,53,55,6767,30881
2023-04-26 15:19:58,51,56,6767,30881
2023-04-26 15:20:02,53,56,6767,30881
2023-04-26 15:20:06,51,53,6767,30992
2023-04-26 15:20:09,51,56,6767,30992
2023-04-26 15:20:17,51,57,6767,30992
2023-04-26 15:20:17,51,56,6767,30992
2023-04-26 15:20:17,52,56,6767,30992
2023-04-26 15:20:20,52,57,6767,30992
2023-04-26 15:20:39,51,57,6767,30992
2023-04-26 15:20:41,49,57,6767,30992
2023-04-26 15:20:41,47,57,6767,30992
2023-04-26 15:20:41,47,59,6767,30992
2023-04-26 15:20:42,48,59,6767,30992
2023-04-26 15:20:57,53,59,6767,30992
2023-04-26 15:21:06,53,59,6767,31000
2023-04-26 15:21:07,48,59,6767,31000
2023-04-26 15:21:08,49,59,6767,31000
2023-04-26 15:21:08,52,59,6767,31000
2023-04-26 15:21:08,54,59,6767,31000
2023-04-26 15:21:09,52,54,6767,31043
2023-04-26 15:21:23,48,59,6767,31043
2023-04-26 15:21:23,48,57,6767,31043
2023-04-26 15:21:27,50,57,6767,31043
2023-04-26 15:21:34,53,57,6767,31043
2023-04-26 15:21:48,54,57,6767,31043
2023-04-26 15:21:49,54,57,6767,31343
2023-04-26 15:21:50,48,54,6767,31543
2023-04-26 15:21:51,48,54,6687,31623
2023-04-26 15:21:52,54,57,6667,31643
2023-04-26 15:21:52,48,57,6667,31643
2023-04-26 15:21:53,53,57,6667,31643
2023-04-26 15:21:58,51,53,6678,31749
2023-04-26 15:21:59,51,53,6678,31829
2023-04-26 15:22:01,51,53,6678,31909
2023-04-26 15:22:03,51,56,6678,31909
2023-04-26 15:22:08,48,56,6678,31909
2023-04-26 15:22:08,49,56,6678,31909
2023-04-26 15:22:08,52,56,6678,31909
2023-04-26 15:22:11,48,56,6678,31909
2023-04-26 15:22:11,51,56,6678,31909
2023-04-26 15:22:31,48,56,6678,31909
2023-04-26 15:22:43,52,56,6678,31909
2023-04-26 15:22:51,53,56,6678,31909
2023-04-26 15:23:00,51,53,6678,31921
2023-04-26 15:23:13,50,56,6678,31921
2023-04-26 15:23:22,47,50,6780,32023
2023-04-26 15:23:31,44,53,6780,32023
2023-04-26 15:23:31,46,53,6780,32023
2023-04-26 15:23:31,46,52,6780,32023
2023-04-26 15:23:31,46,53,6780,32023
2023-04-26 15:23:34,44,53,6780,32023
2023-04-26 15:23:34,44,52,6780,32023
2023-04-26 15:23:35,44,51,6780,32023
2023-04-26 15:23:36,44,52,6780,32023
2023-04-26 15:23:36,45,52,6780,32023
2023-04-26 15:23:38,45,52,6860,32103
2023-04-26 15:23:39,45,53,6860,32103
2023-04-26 15:23:39,45,50,6860,32103
2023-04-26 15:23:39,45,49,6860,32103
2023-04-26 15:23:39,45,49,6940,32183
2023-04-26 15:23:42,45,49,7020,32263
2023-04-26 15:23:42,45,49,7097,32340
2023-04-26 15:23:42,45,49,7103,32346
2023-04-26 15:23:42,45,48,7103,32346
2023-04-26 15:23:43,45,48,7403,32646
2023-04-26 15:23:44,45,47,7403,32646
2023-04-26 15:23:45,45,47,7483,32726
2023-04-26 15:23:46,41,45,7622,32865
2023-04-26 15:23:50,41,48,7622,32865
2023-04-26 15:23:50,41,47,7622,32865
2023-04-26 15:23:53,40,47,7622,32865
2023-04-26 15:23:59,42,47,7622,32865
2023-04-26 15:24:06,43,47,7622,32865
2023-04-26 15:24:06,43,50,7622,32865
2023-04-26 15:24:06,43,49,7622,32865
2023-04-26 15:24:07,43,47,7622,32865
2023-04-26 15:24:25,47,50,7622,32869
2023-04-26 15:24:25,47,49,7622,32869
2023-04-26 15:24:28,44,49,7622,32869
2023-04-26 15:24:32,45,49,7622,32869
2023-04-26 15:24:39,46,49,7622,32869
2023-04-26 15:24:40,49,53,7622,32873
2023-04-26 15:24:40,49,52,7622,32873
2023-04-26 15:24:45,46,52,7622,32873
2023-04-26 15:24:45,48,52,7622,32873
2023-04-26 15:24:53,48,53,7622,32873
2023-04-26 15:25:01,48,56,7622,32873
2023-04-26 15:25:01,48,55,7622,32873
2023-04-26 15:25:01,49,55,7622,32873
2023-04-26 15:25:17,48,49,7622,32873
2023-04-26 15:25:17,49,56,7563,32932
2023-04-26 15:25:18,49,55,7563,32932
2023-04-26 15:25:22,48,55,7563,32932
2023-04-26 15:25:34,49,55,7563,32932
2023-04-26 15:25:49,48,54,7563,32932
2023-04-26 15:25:49,48,53,7563,32932
2023-04-26 15:26:02,50,53,7563,32932
2023-04-26 15:26:03,50,53,7863,33232
2023-04-26 15:26:04,50,51,7863,33232
2023-04-26 15:26:04,50,51,7866,33235
2023-04-26 15:26:04,50,51,7869,33238
2023-04-26 15:26:04,47,48,7881,33250
2023-04-26 15:26:14,45,46,7881,33438
2023-04-26 15:26:17,43,46,7881,33438
2023-04-26 15:26:18,41,46,7881,33438
2023-04-26 15:26:18,42,46,7881,33438
2023-04-26 15:26:20,43,46,7881,33438
2023-04-26 15:26:28,46,48,7881,33442
2023-04-26 15:26:31,43,48,7881,33442
2023-04-26 15:26:40,44,48,7881,33442
2023-04-26 15:26:45,44,46,7881,33442
2023-04-26 15:26:47,42,44,7861,33462
2023-04-26 15:27:01,39,42,7853,33488
2023-04-26 15:27:03,38,42,7853,33488
2023-04-26 15:27:16,38,40,7853,33488
2023-04-26 15:27:19,36,40,7853,33488
2023-04-26 15:27:21,36,42,7853,33488
2023-04-26 15:27:23,37,42,7853,33488
2023-04-26 15:27:34,38,42,7853,33488
2023-04-26 15:27:46,37,42,7853,33488
2023-04-26 15:28:00,37,41,7853,33488
2023-04-26 15:28:01,41,42,7851,33490
2023-04-26 15:28:04,41,45,7851,33490
2023-04-26 15:28:04,41,44,7785,33556
2023-04-26 15:28:04,41,47,7785,33556
2023-04-26 15:28:06,37,47,7785,33556
2023-04-26 15:28:08,34,47,7785,33556
2023-04-26 15:28:09,34,46,7785,33556
2023-04-26 15:28:17,35,46,7785,33556
2023-04-26 15:28:32,35,50,7785,33556
2023-04-26 15:28:32,35,49,7785,33556
2023-04-26 15:28:53,39,49,7785,33556
2023-04-26 15:29:05,39,50,7785,33556
2023-04-26 15:29:26,39,46,7785,33556
2023-04-26 15:29:30,35,46,7785,33556
2023-04-26 15:29:35,35,39,7785,33556
2023-04-26 15:29:36,39,46,7785,33718
2023-04-26 15:29:38,35,46,7785,33718
2023-04-26 15:29:43,35,46,7835,33768
2023-04-26 15:30:08,35,45,7835,33768
2023-04-26 15:30:38,35,45,7839,33848
2023-04-26 15:30:41,34,45,7839,33848
2023-04-26 15:30:42,31,34,7843,33852
2023-04-26 15:30:42,31,45,7843,33852
2023-04-26 15:30:54,30,45,7843,33852
2023-04-26 15:31:04,26,30,7843,33927
2023-04-26 15:31:04,26,45,7843,33927
2023-04-26 15:31:10,26,44,7843,33927
2023-04-26 15:31:22,26,35,7843,33927
2023-04-26 15:31:32,35,37,7764,34006
2023-04-26 15:31:32,35,36,7764,34006
2023-04-26 15:31:32,35,36,7764,34012
2023-04-26 15:31:32,35,36,7764,34075
2023-04-26 15:31:32,35,36,7764,34081
2023-04-26 15:31:32,35,36,7764,34087
2023-04-26 15:31:32,35,37,7764,34087
2023-04-26 15:31:37,26,41,7764,34087
2023-04-26 15:31:38,27,41,7764,34087
2023-04-26 15:31:38,27,36,7764,34087
2023-04-26 15:31:47,35,36,7764,34087
2023-04-26 15:31:54,35,41,7764,34087
2023-04-26 15:31:54,35,36,7764,34087
2023-04-26 15:32:06,36,38,7702,34149
2023-04-26 15:32:06,36,38,7702,34195
2023-04-26 15:32:09,36,40,7702,34195
2023-04-26 15:32:09,36,39,7702,34195
2023-04-26 15:32:14,35,39,7702,34195
2023-04-26 15:32:14,35,40,7702,34195
2023-04-26 15:32:16,33,40,7702,34195
2023-04-26 15:32:17,33,44,7702,34195
2023-04-26 15:32:26,35,44,7702,34195
2023-04-26 15:32:34,44,46,7678,34225
2023-04-26 15:32:36,35,46,7678,34225
2023-04-26 15:32:54,41,49,7678,34225
2023-04-26 15:33:17,41,49,7678,34226
2023-04-26 15:33:28,41,50,7678,34448
2023-04-26 15:33:28,41,49,7678,34448
2023-04-26 15:33:30,44,49,7678,34448
2023-04-26 15:33:32,44,50,7678,34448
2023-04-26 15:33:34,49,50,7678,34448
2023-04-26 15:33:52,41,49,7678,34450
2023-04-26 15:33:55,41,50,7678,34450
2023-04-26 15:33:56,44,50,7678,34450
2023-04-26 15:34:15,44,50,7678,34454
2023-04-26 15:35:15,40,50,7678,34454
2023-04-26 15:35:15,41,50,7678,34454
2023-04-26 15:35:17,42,50,7678,34454
2023-04-26 15:35:30,41,50,7678,34454
2023-04-26 15:35:34,45,50,7678,34454
2023-04-26 15:35:46,45,54,7690,34466
2023-04-26 15:35:46,45,53,7690,34466
2023-04-26 15:36:16,45,55,7843,34619
2023-04-26 15:36:16,45,54,7843,34619
2023-04-26 15:36:29,48,54,7843,34619
2023-04-26 15:36:47,40,54,7843,34619
2023-04-26 15:36:47,41,54,7843,34619
2023-04-26 15:36:53,41,48,7843,34619
2023-04-26 15:36:54,48,54,7795,34667
2023-04-26 15:37:01,45,54,7795,34667
2023-04-26 15:37:01,46,54,7795,34667
2023-04-26 15:37:03,45,54,7795,34667
2023-04-26 15:37:03,48,54,7795,34667
2023-04-26 15:37:14,48,55,7795,34667
2023-04-26 15:37:14,48,54,7795,34667
2023-04-26 15:37:15,49,54,7795,34667
2023-04-26 15:37:35,49,52,7795,34667
2023-04-26 15:37:35,49,51,7795,34667
2023-04-26 15:37:36,46,49,7797,34675
2023-04-26 15:37:41,46,51,7797,34675
2023-04-26 15:37:43,44,51,7797,34675
2023-04-26 15:37:43,47,51,7797,34675
2023-04-26 15:37:43,47,54,7797,34675
2023-04-26 15:37:44,47,53,7797,34675
2023-04-26 15:37:47,47,54,7797,34675
2023-04-26 15:37:47,47,53,7797,34675
2023-04-26 15:37:47,47,54,7797,34675
2023-04-26 15:38:08,47,53,7797,34675
2023-04-26 15:38:22,47,54,8047,34925
2023-04-26 15:38:22,47,53,8047,34925
2023-04-26 15:38:23,46,53,8047,34925
2023-04-26 15:38:23,47,52,8047,34925
2023-04-26 15:38:24,47,51,8047,34925
2023-04-26 15:38:45,47,51,8047,34950
2023-04-26 15:38:48,47,51,8045,34952
2023-04-26 15:38:56,47,50,8045,34952
2023-04-26 15:38:56,47,49,8045,34952
2023-04-26 15:39:01,42,47,8049,34956
2023-04-26 15:39:01,42,46,8049,34956
2023-04-26 15:39:01,42,46,8049,34959
2023-04-26 15:39:06,45,46,8049,34959
2023-04-26 15:39:06,45,47,8049,34959
2023-04-26 15:39:07,45,46,8049,34959
2023-04-26 15:39:10,47,50,8036,34980
2023-04-26 15:39:10,47,49,8036,34980
2023-04-26 15:39:11,42,49,8036,34980
2023-04-26 15:39:11,42,51,7911,35108
2023-04-26 15:39:20,42,55,7911,35108
2023-04-26 15:39:20,42,54,7911,35108
2023-04-26 15:39:28,42,52,7911,35108
2023-04-26 15:39:54,42,51,7911,35108
2023-04-26 15:40:07,42,52,7911,35108
2023-04-26 15:40:11,42,46,7911,35108
2023-04-26 15:40:19,38,46,7911,35108
2023-04-26 15:40:20,39,46,7911,35108
2023-04-26 15:40:35,38,46,7911,35108
2023-04-26 15:40:35,39,46,7911,35108
2023-04-26 15:40:43,39,52,7911,35108
2023-04-26 15:40:43,39,51,7911,35108
2023-04-26 15:40:55,40,51,7911,35108
2023-04-26 15:40:55,40,50,7911,35108
2023-04-26 15:40:55,40,49,7911,35108
2023-04-26 15:41:07,40,50,7911,35108
2023-04-26 15:41:11,40,51,7911,35108
2023-04-26 15:41:11,40,50,7911,35108
2023-04-26 15:41:33,41,50,7911,35108
2023-04-26 15:41:33,43,50,7911,35108
2023-04-26 15:41:48,40,50,7911,35108
2023-04-26 15:41:48,42,50,7911,35108
2023-04-26 15:41:52,40,50,7911,35108
2023-04-26 15:41:53,40,50,7914,35138
2023-04-26 15:42:05,40,51,7914,35138
2023-04-26 15:42:07,40,50,7914,35138
2023-04-26 15:42:09,40,51,7914,35138
2023-04-26 15:42:09,40,49,7914,35138
2023-04-26 15:42:13,40,51,7914,35138
2023-04-26 15:42:15,40,49,7914,35138
2023-04-26 15:42:32,43,49,7914,35138
2023-04-26 15:42:49,49,51,7910,35148
2023-04-26 15:42:56,40,51,7910,35148
2023-04-26 15:42:57,45,51,7910,35148
2023-04-26 15:43:12,45,55,7930,35172
2023-04-26 15:43:12,45,54,7930,35172
2023-04-26 15:43:22,48,54,7930,35172
2023-04-26 15:43:24,48,55,7930,35172
2023-04-26 15:43:41,48,54,7930,35172
2023-04-26 15:43:48,45,54,7930,35172
2023-04-26 15:43:48,46,54,7930,35172
2023-04-26 15:43:48,46,55,7930,35172
2023-04-26 15:43:48,46,54,7930,35172
2023-04-26 15:45:09,46,54,7933,35175
2023-04-26 15:45:17,46,55,7933,35175
2023-04-26 15:45:18,47,55,7933,35175
2023-04-26 15:45:31,47,52,7933,35175
2023-04-26 15:46:25,46,47,7933,35193
2023-04-26 15:46:32,42,52,7933,35193
2023-04-26 15:46:33,43,52,7933,35193
2023-04-26 15:46:33,43,47,7933,35193
2023-04-26 15:46:54,38,47,7933,35193
2023-04-26 15:46:54,38,52,7933,35193
2023-04-26 15:46:55,39,52,7933,35193
2023-04-26 15:46:57,44,52,7933,35193
2023-04-26 15:47:00,44,52,7933,35198
2023-04-26 15:47:13,52,55,7933,35202
2023-04-26 15:47:20,44,55,7933,35202
2023-04-26 15:47:21,44,60,7933,35202
2023-04-26 15:47:21,44,59,7933,35202
2023-04-26 15:47:25,44,60,7933,35202
2023-04-26 15:47:29,44,58,7933,35202
2023-04-26 15:47:36,44,55,7933,35202
2023-04-26 15:47:49,55,58,7784,35351
2023-04-26 15:47:53,44,58,7784,35351
2023-04-26 15:47:53,52,58,7784,35351
2023-04-26 15:47:53,55,58,7784,35351
2023-04-26 15:47:53,56,58,7784,35351
2023-04-26 15:48:04,55,56,7804,35371
2023-04-26 15:48:06,44,56,7804,35371
2023-04-26 15:48:09,44,58,7804,35371
2023-04-26 15:48:10,44,63,7804,35371
2023-04-26 15:48:10,44,62,7804,35371
2023-04-26 15:48:13,45,62,7804,35371
2023-04-26 15:48:20,45,55,7804,35371
2023-04-26 15:48:33,45,62,7804,35371
2023-04-26 15:48:36,45,63,7804,35371
2023-04-26 15:48:48,45,60,7804,35371
2023-04-26 15:49:06,47,60,7804,35371
2023-04-26 15:49:06,52,60,7804,35371
2023-04-26 15:49:14,52,55,7804,35371
2023-04-26 15:49:16,52,55,7724,35451
2023-04-26 15:49:17,49,55,7724,35451
2023-04-26 15:49:17,45,55,7724,35451
2023-04-26 15:49:17,54,55,7724,35451
2023-04-26 15:49:25,52,55,7724,35451
2023-04-26 15:49:25,45,55,7724,35451
2023-04-26 15:49:25,50,55,7724,35451
2023-04-26 15:49:30,50,55,7644,35531
2023-04-26 15:49:30,50,60,7644,35531
2023-04-26 15:49:30,50,54,7644,35531
2023-04-26 15:49:30,54,60,7644,35611
2023-04-26 15:49:33,50,60,7644,35611
2023-04-26 15:49:33,45,60,7644,35611
2023-04-26 15:49:33,51,60,7644,35611
2023-04-26 15:49:33,53,60,7644,35611
2023-04-26 15:49:36,53,59,7644,35611
2023-04-26 15:49:45,51,59,7644,35611
2023-04-26 15:49:45,45,59,7644,35611
2023-04-26 15:49:46,46,59,7644,35611
2023-04-26 15:50:01,45,59,7347,35911
2023-04-26 15:50:02,59,60,7347,35951
2023-04-26 15:50:04,60,63,7747,36351
2023-04-26 15:50:05,63,65,7751,36355
2023-04-26 15:50:05,63,65,7755,36359
2023-04-26 15:50:06,65,66,7755,36415
2023-04-26 15:50:07,66,69,7755,36471
2023-04-26 15:50:07,66,68,7755,36471
2023-04-26 15:50:09,66,69,7755,36471
2023-04-26 15:50:11,65,69,7755,36471
2023-04-26 15:50:11,59,69,7755,36471
2023-04-26 15:50:14,59,96,7755,36971
2023-04-26 15:50:14,59,95,7755,36971
2023-04-26 15:50:23,59,85,7755,36971
2023-04-26 15:50:23,59,84,7755,36971
2023-04-26 15:50:25,59,65,7755,36971
2023-04-26 15:50:50,59,65,7755,37071
2023-04-26 15:51:20,10,65,7755,37071
2023-04-26 15:51:20,11,65,7755,37071
2023-04-26 15:51:29,12,65,7755,37071
2023-04-26 15:51:33,12,65,7755,37089
2023-04-26 15:51:33,71,85,7759,37105
2023-04-26 15:51:33,72,85,7759,37105
2023-04-26 15:51:33,72,84,7759,37105
2023-04-26 15:51:34,71,72,7759,37152
2023-04-26 15:51:39,71,84,7759,37152
2023-04-26 15:52:07,84,85,7759,37159
2023-04-26 15:52:07,71,85,7759,37162
2023-04-26 15:52:14,74,84,7759,37162
2023-04-26 15:52:14,75,84,7759,37162
2023-04-26 15:52:15,74,75,7759,37205
2023-04-26 15:52:16,71,74,7759,37248
2023-04-26 15:52:21,7,71,7757,37250
2023-04-26 15:52:24,7,71,7757,37400
2023-04-26 15:52:28,7,84,7758,37401
2023-04-26 15:52:33,10,84,7758,37401
2023-04-26 15:52:37,10,70,7758,37401
2023-04-26 15:52:37,11,70,7758,37401
2023-04-26 15:52:52,10,70,7758,37401
2023-04-26 15:52:53,11,70,7758,37401
2023-04-26 15:52:57,11,83,7758,37401
2023-04-26 15:52:59,12,83,7758,37401
2023-04-26 15:53:00,13,83,7758,37401
2023-04-26 15:53:03,70,83,7758,37401
2023-04-26 15:53:04,13,70,7758,37439
2023-04-26 15:53:08,14,70,7758,37439
2023-04-26 15:53:09,14,80,7758,37439
2023-04-26 15:53:18,40,80,7758,37439
2023-04-26 15:53:31,41,80,7758,37439
2023-04-26 15:53:52,41,75,7758,37439
2023-04-26 15:54:07,41,80,7758,37439
2023-04-26 15:54:21,41,80,7758,37440
2023-04-26 15:54:23,41,60,7758,37440
2023-04-26 15:54:34,40,60,7758,37440
2023-04-26 15:54:43,40,79,7758,37440
2023-04-26 15:54:49,13,40,7739,37462
2023-04-26 15:54:50,40,79,7739,37540
2023-04-26 15:54:58,13,79,7739,37540
2023-04-26 15:54:58,14,79,7739,37540
2023-04-26 15:55:00,15,79,7739,37540
2023-04-26 15:55:10,14,79,7739,37540
2023-04-26 15:55:21,13,79,7760,37561
2023-04-26 15:55:29,13,79,7761,37562
2023-04-26 15:55:35,12,79,7761,37562
2023-04-26 15:55:36,12,78,7761,37562
2023-04-26 15:55:48,6,78,7816,37617
2023-04-26 15:55:50,5,78,7816,37617
2023-04-26 15:55:51,5,75,7816,37617
2023-04-26 15:56:11,8,75,7816,37617
2023-04-26 15:56:19,5,75,7816,37617
2023-04-26 15:56:20,8,75,7816,37617
2023-04-26 15:56:21,8,74,7816,37617
2023-04-26 15:56:21,8,74,7815,37618
2023-04-26 15:56:22,5,74,7815,37768
2023-04-26 15:56:27,3,74,7919,37872
2023-04-26 15:56:28,3,74,7920,37873
2023-04-26 15:56:28,3,17,7920,37873
2023-04-26 15:56:44,3,17,7923,37876
2023-04-26 15:56:48,3,17,7926,37879
2023-04-26 15:56:51,3,17,7929,37882
2023-04-26 15:56:56,3,17,7932,37885
2023-04-26 15:57:03,3,13,7932,37885
2023-04-26 15:57:07,3,13,7935,37888
2023-04-26 15:57:07,3,13,7948,37901
2023-04-26 15:57:07,3,13,8045,37998
2023-04-26 15:57:07,3,13,8048,38001
2023-04-26 15:57:07,3,13,8061,38014
2023-04-26 15:57:19,3,13,8061,38039
2023-04-26 15:57:26,13,17,8061,38051
2023-04-26 15:57:30,3,17,8084,38074
2023-04-26 15:57:31,3,17,8177,38167
2023-04-26 15:57:31,3,17,8180,38170
2023-04-26 15:57:31,3,17,8193,38183
2023-04-26 15:57:31,3,17,8196,38186
2023-04-26 15:57:31,3,17,8209,38199
2023-04-26 15:57:31,3,17,8235,38225
2023-04-26 15:57:32,3,17,8448,38438
2023-04-26 15:57:35,0,17,8671,38661
2023-04-26 15:57:39,0,15,8671,38661
2023-04-26 15:57:52,0,17,8671,38661
2023-04-26 15:57:55,1,17,8671,38661
2023-04-26 15:58:06,1,74,8671,38661
2023-04-26 15:58:06,1,73,8671,38661
2023-04-26 15:58:20,1,50,8671,38661
2023-04-26 15:58:26,1,73,8671,38661
2023-04-26 15:58:33,1,33,8671,38661
2023-04-26 15:58:34,0,33,8671,38661
2023-04-26 15:58:38,0,30,8671,38661
2023-04-26 15:58:47,1,30,8671,38661
2023-04-26 15:58:51,1,33,8671,38661
2023-04-26 15:58:53,1,30,8671,38661
2023-04-26 15:59:06,1,29,8671,38661
2023-04-26 15:59:25,1,29,8674,38664
2023-04-26 15:59:28,0,29,8674,38664
2023-04-26 15:59:38,1,29,8674,38664
2023-04-26 15:59:48,1,30,8674,38664
2023-04-26 15:59:50,0,30,9073,39063
