datetime,bid,ask,open_interest,volume
2023-12-14 09:30:01,24,37,2000,2640
2023-12-14 09:30:01,1,37,2000,2640
2023-12-14 09:30:01,1,39,2000,2640
2023-12-14 09:30:01,1,99,2000,2640
2023-12-14 09:30:01,1,98,2000,2640
2023-12-14 09:30:15,2,98,2000,2640
2023-12-14 09:30:15,2,97,2000,2640
2023-12-14 09:30:15,2,96,2000,2640
2023-12-14 09:30:19,1,96,2000,2640
2023-12-14 09:30:20,2,96,2000,2640
2023-12-14 09:30:20,2,98,2000,2640
2023-12-14 09:30:20,2,95,2000,2640
2023-12-14 09:30:42,1,95,2000,2640
2023-12-14 09:30:43,2,95,2000,2640
2023-12-14 09:30:43,2,98,2000,2640
2023-12-14 09:30:43,2,94,2000,2640
2023-12-14 09:31:00,2,38,2000,2640
2023-12-14 09:31:00,32,37,2000,2640
2023-12-14 09:31:00,32,36,2000,2640
2023-12-14 09:31:00,33,36,2000,2640
2023-12-14 09:31:01,32,36,2000,2640
2023-12-14 09:31:01,33,36,2000,2640
2023-12-14 09:31:01,33,35,2000,2640
2023-12-14 09:31:04,33,36,2000,2640
2023-12-14 09:31:10,33,37,2000,2640
2023-12-14 09:31:24,33,37,2000,2640
2023-12-14 09:31:24,33,36,2000,2640
2023-12-14 09:31:39,33,37,2000,2640
2023-12-14 09:31:40,33,36,2000,2640
2023-12-14 09:31:41,33,37,2000,2640
2023-12-14 09:31:48,33,36,2000,2640
2023-12-14 09:31:49,33,37,2000,2640
2023-12-14 09:31:50,33,37,2600,3240
2023-12-14 09:31:51,34,37,2600,3240
2023-12-14 09:31:51,35,37,2600,3240
2023-12-14 09:32:11,35,37,2600,3260
2023-12-14 09:32:12,34,37,2600,3260
2023-12-14 09:32:12,35,37,2600,3260
2023-12-14 09:33:36,34,37,2600,3460
2023-12-14 09:34:19,35,37,2600,3460
2023-12-14 09:34:45,35,38,3200,4060
2023-12-14 09:36:20,35,38,3200,4200
2023-12-14 09:36:30,35,37,3200,4200
2023-12-14 09:36:35,35,37,3200,4300
2023-12-14 09:36:57,35,37,3200,4420
2023-12-14 09:37:39,35,37,3200,4490
2023-12-14 09:37:40,34,37,3200,4490
2023-12-14 09:37:40,34,36,3200,4490
2023-12-14 09:37:41,33,36,3200,4490
2023-12-14 09:37:43,34,36,3200,4490
2023-12-14 09:37:54,33,36,3200,4490
2023-12-14 09:37:56,34,36,3200,4490
2023-12-14 09:39:00,33,36,3200,4490
2023-12-14 09:39:02,33,35,3200,4490
2023-12-14 09:39:54,33,36,3200,4490
2023-12-14 09:40:00,34,36,3200,4490
2023-12-14 09:41:00,35,36,3200,4490
2023-12-14 09:41:32,35,37,3200,4490
2023-12-14 09:42:30,36,37,3200,4490
2023-12-14 09:43:08,36,38,3200,4490
2023-12-14 09:45:39,37,38,3200,4490
2023-12-14 09:48:10,37,39,3200,4490
2023-12-14 09:49:14,37,39,3232,4522
2023-12-14 09:50:32,37,39,3233,4523
2023-12-14 09:50:40,36,39,3233,4555
2023-12-14 09:50:42,36,38,3233,4555
2023-12-14 09:50:46,37,38,3233,4555
2023-12-14 09:50:55,37,38,3333,4655
2023-12-14 09:50:56,37,39,3333,4655
2023-12-14 09:51:43,36,39,3333,4655
2023-12-14 09:51:43,38,39,3333,4655
2023-12-14 09:51:53,36,39,3333,4655
2023-12-14 09:51:53,37,39,3333,4655
2023-12-14 09:52:15,37,38,3333,4655
2023-12-14 09:53:13,37,39,3333,4655
2023-12-14 09:53:13,36,39,3333,4655
2023-12-14 09:53:13,38,39,3333,4655
2023-12-14 09:54:38,36,38,3333,4656
2023-12-14 09:54:43,36,39,3333,4656
2023-12-14 09:54:54,36,38,3333,4656
2023-12-14 09:55:13,36,39,3333,4656
2023-12-14 09:55:23,36,38,3333,4656
2023-12-14 09:55:26,36,39,3333,4656
2023-12-14 09:55:27,36,38,3333,4656
2023-12-14 09:55:28,36,39,3333,4656
2023-12-14 09:55:39,37,39,3333,4656
2023-12-14 09:56:35,38,39,3333,4656
2023-12-14 09:57:05,38,40,3533,4856
2023-12-14 09:57:18,39,40,3533,4856
2023-12-14 09:58:50,38,40,3533,4856
2023-12-14 10:00:16,39,40,3533,4856
2023-12-14 10:00:46,38,40,3533,4856
2023-12-14 10:01:01,39,40,3533,4856
2023-12-14 10:01:02,38,40,3533,4856
2023-12-14 10:02:32,38,40,3533,4916
2023-12-14 10:02:33,38,39,3533,4916
2023-12-14 10:02:48,38,40,3533,4916
2023-12-14 10:02:58,38,39,3533,4916
2023-12-14 10:02:59,37,39,3533,4916
2023-12-14 10:03:07,36,39,3533,4916
2023-12-14 10:03:08,37,39,3533,4916
2023-12-14 10:03:19,36,39,3533,4916
2023-12-14 10:03:20,37,39,3533,4916
2023-12-14 10:03:34,36,39,3533,4916
2023-12-14 10:03:35,37,39,3533,4916
2023-12-14 10:03:36,36,39,3533,4916
2023-12-14 10:03:41,37,39,3533,4916
2023-12-14 10:03:42,36,39,3533,4916
2023-12-14 10:03:46,36,38,3533,4916
2023-12-14 10:03:53,37,38,3533,4916
2023-12-14 10:04:57,36,38,3533,4916
2023-12-14 10:04:58,37,38,3533,4916
2023-12-14 10:04:59,36,38,3533,4916
2023-12-14 10:05:18,36,38,3533,4976
2023-12-14 10:05:37,36,37,3533,4976
2023-12-14 10:05:37,36,37,3533,5036
2023-12-14 10:09:46,36,39,3533,5036
2023-12-14 10:09:47,36,38,3533,5036
2023-12-14 10:09:51,37,38,3533,5036
2023-12-14 10:11:51,38,39,3533,5048
2023-12-14 10:12:24,37,39,3533,5048
2023-12-14 10:13:56,37,40,3533,5048
2023-12-14 10:14:04,37,39,3533,5048
2023-12-14 10:14:43,38,39,3533,5048
2023-12-14 10:15:00,37,39,3533,5050
2023-12-14 10:15:00,37,38,3533,5050
2023-12-14 10:15:03,36,38,3533,5052
2023-12-14 10:15:18,36,37,3533,5052
2023-12-14 10:15:18,36,37,3533,5062
2023-12-14 10:16:23,35,37,3463,5132
2023-12-14 10:16:38,35,36,3463,5132
2023-12-14 10:16:39,34,36,3463,5132
2023-12-14 10:16:47,34,35,3463,5132
2023-12-14 10:17:05,35,37,3463,5135
2023-12-14 10:17:24,34,37,3463,5135
2023-12-14 10:17:30,34,36,3463,5135
2023-12-14 10:17:34,34,36,3463,5255
2023-12-14 10:17:35,34,35,3463,5255
2023-12-14 10:17:35,33,35,3463,5255
2023-12-14 10:17:36,33,34,3463,5255
2023-12-14 10:17:37,32,34,3463,5255
2023-12-14 10:18:05,32,33,3463,5255
2023-12-14 10:18:12,32,34,3463,5255
2023-12-14 10:18:13,32,33,3463,5255
2023-12-14 10:18:15,32,34,3463,5255
2023-12-14 10:18:18,32,33,3463,5255
2023-12-14 10:18:31,32,34,3463,5255
2023-12-14 10:18:37,32,35,3463,5255
2023-12-14 10:18:37,33,35,3463,5255
2023-12-14 10:19:12,33,36,3463,5255
2023-12-14 10:19:16,34,36,3463,5255
2023-12-14 10:19:20,33,36,3463,5255
2023-12-14 10:19:20,34,36,3463,5255
2023-12-14 10:19:21,33,36,3463,5255
2023-12-14 10:19:24,33,35,3463,5255
2023-12-14 10:19:27,33,36,3463,5255
2023-12-14 10:19:32,34,36,3463,5255
2023-12-14 10:19:35,33,36,3463,5255
2023-12-14 10:19:39,34,36,3463,5255
2023-12-14 10:19:40,33,36,3463,5255
2023-12-14 10:19:42,34,36,3463,5255
2023-12-14 10:19:48,33,36,3463,5255
2023-12-14 10:19:57,33,35,3463,5255
2023-12-14 10:20:00,33,36,3463,5255
2023-12-14 10:20:06,34,36,3463,5255
2023-12-14 10:20:07,33,36,3463,5255
2023-12-14 10:20:07,34,36,3463,5255
2023-12-14 10:20:12,33,36,3463,5255
2023-12-14 10:20:21,33,35,3463,5255
2023-12-14 10:20:31,33,36,3463,5255
2023-12-14 10:20:34,33,35,3463,5255
2023-12-14 10:20:40,32,35,3463,5255
2023-12-14 10:20:42,32,34,3463,5255
2023-12-14 10:20:47,32,35,3463,5255
2023-12-14 10:20:48,32,34,3463,5255
2023-12-14 10:20:49,32,35,3463,5255
2023-12-14 10:20:50,32,34,3463,5255
2023-12-14 10:21:31,32,35,3463,5255
2023-12-14 10:21:34,33,35,3463,5255
2023-12-14 10:21:36,33,36,3463,5255
2023-12-14 10:21:37,33,35,3463,5255
2023-12-14 10:21:40,33,36,3463,5255
2023-12-14 10:21:45,34,36,3463,5255
2023-12-14 10:22:00,35,36,3463,5255
2023-12-14 10:22:37,35,37,3463,5255
2023-12-14 10:22:57,34,37,3463,5255
2023-12-14 10:22:57,34,36,3463,5255
2023-12-14 10:23:00,34,37,3463,5255
2023-12-14 10:23:04,34,36,3463,5255
2023-12-14 10:23:05,34,37,3463,5255
2023-12-14 10:23:21,34,36,3463,5255
2023-12-14 10:23:24,34,37,3463,5255
2023-12-14 10:23:38,34,36,3463,5255
2023-12-14 10:23:39,34,37,3463,5255
2023-12-14 10:23:40,34,36,3463,5255
2023-12-14 10:23:43,35,36,3463,5255
2023-12-14 10:23:43,35,37,3463,5255
2023-12-14 10:25:08,36,37,3463,5255
2023-12-14 10:25:17,35,37,3463,5255
2023-12-14 10:25:32,34,37,3463,5255
2023-12-14 10:25:44,34,36,3463,5255
2023-12-14 10:25:45,33,36,3463,5255
2023-12-14 10:25:47,34,36,3463,5255
2023-12-14 10:25:57,34,37,3463,5255
2023-12-14 10:26:05,35,37,3463,5255
2023-12-14 10:26:26,36,37,3463,5255
2023-12-14 10:26:33,36,38,3463,5255
2023-12-14 10:26:40,37,38,3463,5255
2023-12-14 10:26:49,37,39,3463,5255
2023-12-14 10:26:53,38,39,3463,5255
2023-12-14 10:27:04,37,39,3463,5255
2023-12-14 10:27:06,38,39,3463,5255
2023-12-14 10:27:15,37,39,3463,5255
2023-12-14 10:27:16,38,39,3463,5255
2023-12-14 10:27:50,37,39,3463,5255
2023-12-14 10:28:12,36,39,3463,5255
2023-12-14 10:28:30,37,39,3463,5255
2023-12-14 10:29:03,36,39,3463,5255
2023-12-14 10:29:07,36,38,3463,5255
2023-12-14 10:29:18,35,38,3463,5255
2023-12-14 10:29:24,35,37,3463,5255
2023-12-14 10:30:00,35,38,3463,5255
2023-12-14 10:30:06,35,37,3463,5255
2023-12-14 10:30:09,35,38,3463,5255
2023-12-14 10:30:20,35,37,3463,5255
2023-12-14 10:31:01,35,38,3463,5255
2023-12-14 10:31:16,35,37,3463,5255
2023-12-14 10:31:29,35,38,3463,5255
2023-12-14 10:31:32,36,38,3463,5255
2023-12-14 10:31:33,35,38,3463,5255
2023-12-14 10:31:34,36,38,3463,5255
2023-12-14 10:31:49,36,39,3463,5255
2023-12-14 10:32:16,36,38,3463,5255
2023-12-14 10:32:33,36,39,3463,5255
2023-12-14 10:32:36,36,38,3463,5255
2023-12-14 10:32:42,35,38,3463,5255
2023-12-14 10:32:47,36,38,3463,5255
2023-12-14 10:32:48,35,38,3463,5255
2023-12-14 10:32:59,36,38,3463,5255
2023-12-14 10:33:08,36,39,3463,5255
2023-12-14 10:33:15,37,39,3463,5255
2023-12-14 10:33:17,36,39,3463,5255
2023-12-14 10:33:18,37,39,3463,5255
2023-12-14 10:33:27,38,39,3463,5255
2023-12-14 10:33:38,38,40,3463,5255
2023-12-14 10:35:04,38,40,3763,5555
2023-12-14 10:35:05,39,40,3763,5555
2023-12-14 10:35:18,39,41,3763,5555
2023-12-14 10:35:43,39,40,3763,5555
2023-12-14 10:35:43,38,40,3763,5555
2023-12-14 10:35:54,38,39,3763,5555
2023-12-14 10:36:00,37,39,3563,5755
2023-12-14 10:36:18,36,39,3163,6155
2023-12-14 10:36:29,36,38,3163,6155
2023-12-14 10:36:44,36,37,3163,6155
2023-12-14 10:36:46,35,37,3007,6555
2023-12-14 10:36:50,35,36,3007,6555
2023-12-14 10:36:50,34,35,3007,6555
2023-12-14 10:36:54,33,35,3007,6555
2023-12-14 10:37:26,32,35,3007,6555
2023-12-14 10:37:44,31,34,3007,6555
2023-12-14 10:37:53,32,34,3007,6555
2023-12-14 10:38:01,31,34,3007,6555
2023-12-14 10:38:03,31,33,3007,6555
2023-12-14 10:38:04,31,34,3007,6555
2023-12-14 10:38:07,32,34,3007,6555
2023-12-14 10:38:08,31,34,3007,6555
2023-12-14 10:38:08,31,33,3007,6555
2023-12-14 10:38:11,32,33,3007,6555
2023-12-14 10:38:11,32,34,3007,6555
2023-12-14 10:38:29,32,35,3007,6555
2023-12-14 10:38:29,32,34,3007,6555
2023-12-14 10:38:33,32,33,3007,6555
2023-12-14 10:38:38,30,33,3007,6555
2023-12-14 10:38:42,30,32,3007,6555
2023-12-14 10:38:43,30,33,3007,6555
2023-12-14 10:38:43,30,32,3007,6555
2023-12-14 10:38:52,30,33,3007,6555
2023-12-14 10:38:56,30,32,3007,6555
2023-12-14 10:39:00,30,33,3007,6555
2023-12-14 10:39:02,30,32,3007,6555
2023-12-14 10:39:05,30,33,3007,6555
2023-12-14 10:39:06,31,33,3007,6555
2023-12-14 10:39:10,30,33,3007,6555
2023-12-14 10:39:18,30,32,3007,6555
2023-12-14 10:39:41,30,33,3007,6555
2023-12-14 10:39:44,31,33,3007,6555
2023-12-14 10:39:52,31,34,3007,6555
2023-12-14 10:39:52,31,33,3007,6555
2023-12-14 10:40:01,31,34,3007,6555
2023-12-14 10:40:04,32,34,3007,6555
2023-12-14 10:40:08,32,35,3007,6555
2023-12-14 10:40:10,33,35,3007,6555
2023-12-14 10:40:16,33,35,3318,7110
2023-12-14 10:40:17,34,35,3318,7110
2023-12-14 10:40:54,33,35,3318,7110
2023-12-14 10:41:33,32,35,3318,7110
2023-12-14 10:41:43,33,35,3318,7110
2023-12-14 10:42:12,32,35,3318,7110
2023-12-14 10:42:14,32,34,3318,7110
2023-12-14 10:42:17,32,35,3318,7110
2023-12-14 10:42:27,32,34,3318,7110
2023-12-14 10:42:29,32,35,3318,7110
2023-12-14 10:42:36,33,35,3318,7110
2023-12-14 10:42:42,34,35,3318,7110
2023-12-14 10:42:58,34,36,3318,7110
2023-12-14 10:43:11,34,37,3318,7110
2023-12-14 10:43:11,35,37,3318,7110
2023-12-14 10:43:28,34,37,3318,7110
2023-12-14 10:43:32,34,36,3318,7110
2023-12-14 10:43:43,34,35,3318,7110
2023-12-14 10:43:44,33,35,3318,7110
2023-12-14 10:43:50,32,35,3318,7110
2023-12-14 10:44:10,33,35,3318,7110
2023-12-14 10:44:11,33,36,3318,7110
2023-12-14 10:44:18,33,35,3318,7110
2023-12-14 10:44:23,32,35,3318,7110
2023-12-14 10:44:25,33,35,3318,7110
2023-12-14 10:44:36,32,35,3318,7110
2023-12-14 10:44:39,33,35,3318,7110
2023-12-14 10:44:44,32,35,3318,7110
2023-12-14 10:44:47,33,35,3318,7110
2023-12-14 10:44:50,32,35,3318,7110
2023-12-14 10:44:51,33,35,3318,7110
2023-12-14 10:44:52,32,35,3318,7110
2023-12-14 10:44:56,33,35,3318,7110
2023-12-14 10:45:00,33,36,3318,7110
2023-12-14 10:45:03,34,36,3318,7110
2023-12-14 10:45:06,33,36,3318,7110
2023-12-14 10:45:09,34,36,3318,7110
2023-12-14 10:45:10,33,36,3318,7110
2023-12-14 10:45:13,33,35,3318,7110
2023-12-14 10:45:23,33,36,3318,7110
2023-12-14 10:45:24,34,36,3318,7110
2023-12-14 10:45:25,34,37,3318,7110
2023-12-14 10:45:43,35,37,3318,7110
2023-12-14 10:45:51,34,37,3318,7110
2023-12-14 10:45:59,35,37,3318,7110
2023-12-14 10:46:03,34,37,3318,7110
2023-12-14 10:46:37,35,37,3318,7110
2023-12-14 10:46:56,34,37,3318,7110
2023-12-14 10:47:02,34,36,3318,7110
2023-12-14 10:47:03,34,36,3418,7210
2023-12-14 10:47:22,34,37,3418,7210
2023-12-14 10:47:22,35,37,3418,7210
2023-12-14 10:47:24,34,37,3418,7210
2023-12-14 10:47:24,34,36,3418,7210
2023-12-14 10:47:38,34,35,3418,7210
2023-12-14 10:47:39,33,35,3418,7210
2023-12-14 10:47:40,34,35,3418,7210
2023-12-14 10:47:43,33,35,3418,7210
2023-12-14 10:47:44,33,34,3418,7210
2023-12-14 10:47:45,32,34,3418,7210
2023-12-14 10:48:14,31,34,3418,7210
2023-12-14 10:48:14,33,34,3418,7210
2023-12-14 10:48:14,31,34,3418,7210
2023-12-14 10:48:14,32,34,3418,7210
2023-12-14 10:48:25,32,33,3418,7210
2023-12-14 10:48:26,31,33,3418,7210
2023-12-14 10:48:27,32,33,3418,7210
2023-12-14 10:48:28,32,34,3418,7210
2023-12-14 10:48:30,32,33,3418,7210
2023-12-14 10:48:33,32,34,3418,7210
2023-12-14 10:48:39,31,34,3418,7210
2023-12-14 10:48:39,33,34,3418,7210
2023-12-14 10:48:43,31,34,3418,7210
2023-12-14 10:48:43,32,34,3418,7210
2023-12-14 10:48:56,31,34,3418,7210
2023-12-14 10:48:56,33,34,3418,7210
2023-12-14 10:48:59,31,34,3418,7210
2023-12-14 10:48:59,32,34,3418,7210
2023-12-14 10:49:05,31,34,3418,7210
2023-12-14 10:49:05,33,34,3418,7210
2023-12-14 10:49:10,31,34,3418,7210
2023-12-14 10:49:10,32,34,3418,7210
2023-12-14 10:49:11,33,34,3418,7210
2023-12-14 10:49:14,33,35,3418,7210
2023-12-14 10:49:14,34,35,3418,7210
2023-12-14 10:49:24,34,36,3418,7210
2023-12-14 10:49:27,33,36,3418,7210
2023-12-14 10:49:27,35,36,3418,7210
2023-12-14 10:49:28,33,36,3418,7210
2023-12-14 10:49:28,34,36,3418,7210
2023-12-14 10:49:35,33,36,3418,7210
2023-12-14 10:49:35,35,36,3418,7210
2023-12-14 10:49:37,35,37,3418,7210
2023-12-14 10:49:38,35,36,3418,7210
2023-12-14 10:49:39,35,37,3418,7210
2023-12-14 10:49:49,34,37,3418,7210
2023-12-14 10:49:49,36,37,3418,7210
2023-12-14 10:50:00,34,37,3418,7210
2023-12-14 10:50:00,35,37,3418,7210
2023-12-14 10:50:01,35,36,3418,7210
2023-12-14 10:50:16,35,37,3418,7210
2023-12-14 10:50:16,34,37,3418,7210
2023-12-14 10:50:16,36,37,3418,7210
2023-12-14 10:50:47,36,38,3418,7210
2023-12-14 10:50:47,37,38,3418,7210
2023-12-14 10:50:53,37,39,3418,7210
2023-12-14 10:50:55,38,39,3418,7210
2023-12-14 10:51:43,38,40,3418,7210
2023-12-14 10:51:43,39,40,3418,7210
2023-12-14 10:51:55,39,41,3418,7210
2023-12-14 10:52:02,40,41,3418,7210
2023-12-14 10:52:28,40,42,3418,7210
2023-12-14 10:52:28,41,42,3418,7210
2023-12-14 10:53:02,40,42,3418,7210
2023-12-14 10:53:03,41,42,3418,7210
2023-12-14 10:53:07,40,42,3418,7210
2023-12-14 10:53:19,41,42,3418,7210
2023-12-14 10:54:32,41,43,3418,7210
2023-12-14 10:54:32,42,43,3418,7210
2023-12-14 10:54:32,41,43,3418,7310
2023-12-14 10:56:06,42,43,3418,7310
2023-12-14 10:56:06,42,44,3418,7310
2023-12-14 10:56:09,41,44,3418,7310
2023-12-14 10:56:09,42,44,3418,7310
2023-12-14 10:56:10,41,44,3418,7310
2023-12-14 10:56:10,42,44,3418,7310
2023-12-14 10:56:11,41,44,3418,7310
2023-12-14 10:56:21,41,43,3418,7310
2023-12-14 10:56:53,40,43,3418,7310
2023-12-14 10:57:01,40,42,3418,7310
2023-12-14 10:57:06,40,41,3418,7310
2023-12-14 10:57:14,38,41,3307,7710
2023-12-14 10:57:15,38,40,3307,7710
2023-12-14 10:57:16,38,39,3307,7710
2023-12-14 10:57:20,38,40,3307,7710
2023-12-14 10:57:47,38,41,3307,7710
2023-12-14 10:57:47,38,40,3307,7710
2023-12-14 10:57:58,38,41,3307,7710
2023-12-14 10:58:11,39,41,3307,7710
2023-12-14 10:58:37,39,42,3307,7710
2023-12-14 10:58:38,40,42,3307,7710
2023-12-14 10:58:53,40,43,3307,7710
2023-12-14 10:58:53,40,42,3307,7710
2023-12-14 10:58:57,40,43,3307,7710
2023-12-14 10:59:01,41,43,3307,7710
2023-12-14 10:59:20,40,43,3307,7710
2023-12-14 10:59:27,41,43,3307,7710
2023-12-14 10:59:53,40,43,3307,7710
2023-12-14 11:00:19,41,43,3307,7710
2023-12-14 11:00:21,40,43,3307,7710
2023-12-14 11:00:30,41,43,3307,7710
2023-12-14 11:00:39,40,43,3307,7710
2023-12-14 11:00:42,40,42,3307,7710
2023-12-14 11:01:03,39,42,3307,7710
2023-12-14 11:01:05,39,41,3307,7710
2023-12-14 11:01:06,39,42,3307,7710
2023-12-14 11:01:08,40,42,3307,7710
2023-12-14 11:01:11,41,42,3307,7710
2023-12-14 11:01:11,41,43,3307,7710
2023-12-14 11:01:16,40,43,3307,7710
2023-12-14 11:01:20,41,43,3307,7710
2023-12-14 11:01:22,40,43,3307,7710
2023-12-14 11:01:25,40,42,3307,7710
2023-12-14 11:01:35,40,43,3307,7710
2023-12-14 11:01:47,41,43,3307,7710
2023-12-14 11:01:51,40,43,3307,7710
2023-12-14 11:02:06,41,43,3307,7710
2023-12-14 11:02:14,40,43,3307,7710
2023-12-14 11:02:24,39,43,3307,7710
2023-12-14 11:02:24,39,42,3307,7710
2023-12-14 11:02:32,40,42,3307,7710
2023-12-14 11:02:35,40,43,3307,7710
2023-12-14 11:02:37,40,42,3307,7710
2023-12-14 11:02:40,40,43,3307,7710
2023-12-14 11:02:42,40,42,3307,7710
2023-12-14 11:02:49,40,43,3307,7710
2023-12-14 11:02:50,40,42,3307,7710
2023-12-14 11:02:51,39,42,3307,7710
2023-12-14 11:02:54,39,41,3307,7710
2023-12-14 11:02:56,39,42,3307,7710
2023-12-14 11:03:00,39,41,3307,7710
2023-12-14 11:03:02,39,42,3307,7710
2023-12-14 11:03:21,40,42,3307,7710
2023-12-14 11:03:21,40,43,3307,7710
2023-12-14 11:03:27,40,42,3307,7710
2023-12-14 11:03:29,39,42,3307,7710
2023-12-14 11:03:30,40,42,3307,7710
2023-12-14 11:03:32,39,42,3307,7710
2023-12-14 11:03:34,40,42,3307,7710
2023-12-14 11:03:41,39,42,3307,7710
2023-12-14 11:03:45,40,42,3307,7710
2023-12-14 11:03:47,40,43,3307,7710
2023-12-14 11:03:50,40,42,3307,7710
2023-12-14 11:03:51,39,42,3307,7710
2023-12-14 11:04:00,39,41,3307,7710
2023-12-14 11:04:01,39,42,3307,7710
2023-12-14 11:04:03,39,41,3307,7710
2023-12-14 11:04:12,38,41,3307,7710
2023-12-14 11:04:24,38,40,3307,7710
2023-12-14 11:04:36,38,39,3307,7710
2023-12-14 11:04:38,37,39,3307,7710
2023-12-14 11:05:16,38,39,3307,7710
2023-12-14 11:05:17,38,40,3307,7710
2023-12-14 11:05:21,37,40,3307,7710
2023-12-14 11:05:26,38,40,3307,7710
2023-12-14 11:05:46,37,40,3307,7710
2023-12-14 11:06:06,38,40,3307,7710
2023-12-14 11:06:22,38,41,3307,7710
2023-12-14 11:06:34,38,40,3307,7710
2023-12-14 11:07:04,38,41,3307,7710
2023-12-14 11:07:05,38,40,3307,7710
2023-12-14 11:07:07,37,40,3307,7710
2023-12-14 11:07:10,37,39,3307,7710
2023-12-14 11:07:21,37,40,3307,7710
2023-12-14 11:07:24,37,39,3307,7710
2023-12-14 11:08:04,37,40,3307,7710
2023-12-14 11:08:06,38,40,3307,7710
2023-12-14 11:08:10,37,40,3307,7710
2023-12-14 11:08:53,37,39,3307,7710
2023-12-14 11:08:58,37,38,3307,7710
2023-12-14 11:09:05,36,38,3307,7710
2023-12-14 11:09:38,35,38,3307,7710
2023-12-14 11:09:38,35,37,3307,7710
2023-12-14 11:09:47,35,38,3307,7710
2023-12-14 11:09:48,36,38,3307,7710
2023-12-14 11:09:53,35,38,3307,7710
2023-12-14 11:09:54,36,38,3307,7710
2023-12-14 11:10:13,37,38,3307,7710
2023-12-14 11:10:29,37,40,3307,7710
2023-12-14 11:10:31,38,40,3307,7710
2023-12-14 11:10:41,38,41,3307,7710
2023-12-14 11:10:54,38,40,3307,7710
2023-12-14 11:10:56,38,41,3307,7710
2023-12-14 11:11:12,39,41,3307,7710
2023-12-14 11:11:28,40,41,3307,7710
2023-12-14 11:11:29,40,42,3307,7710
2023-12-14 11:11:37,39,42,3307,7710
2023-12-14 11:11:40,40,42,3307,7710
2023-12-14 11:11:42,39,42,3307,7710
2023-12-14 11:11:57,40,42,3307,7710
2023-12-14 11:12:14,41,42,3307,7710
2023-12-14 11:12:14,41,43,3307,7710
2023-12-14 11:12:52,40,43,3307,7710
2023-12-14 11:12:55,40,42,3307,7710
2023-12-14 11:12:57,39,42,3307,7710
2023-12-14 11:13:02,39,41,3307,7710
2023-12-14 11:13:08,39,40,3307,7710
2023-12-14 11:13:08,38,40,3307,7710
2023-12-14 11:13:20,38,39,3307,7710
2023-12-14 11:13:21,37,39,3307,7710
2023-12-14 11:13:24,36,39,3307,7710
2023-12-14 11:13:24,36,38,3307,7710
2023-12-14 11:13:26,35,38,3307,7710
2023-12-14 11:13:26,35,37,3307,7710
2023-12-14 11:13:29,35,36,3307,7710
2023-12-14 11:13:32,35,37,3307,7710
2023-12-14 11:13:36,35,36,3307,7710
2023-12-14 11:13:37,34,36,3307,7910
2023-12-14 11:13:39,34,35,3307,7910
2023-12-14 11:13:39,33,35,3307,7910
2023-12-14 11:13:46,34,35,3307,7910
2023-12-14 11:13:47,33,36,3307,7910
2023-12-14 11:13:57,33,35,3307,7910
2023-12-14 11:14:08,33,36,3307,7910
2023-12-14 11:14:10,33,35,3307,7910
2023-12-14 11:14:15,32,35,3307,7910
2023-12-14 11:14:16,32,34,3307,7910
2023-12-14 11:14:17,31,34,3307,7910
2023-12-14 11:14:17,31,33,3307,7910
2023-12-14 11:14:26,31,34,3307,7910
2023-12-14 11:14:26,32,34,3307,7910
2023-12-14 11:14:31,32,33,3307,7910
2023-12-14 11:14:33,31,32,3307,7910
2023-12-14 11:14:33,30,32,3307,7910
2023-12-14 11:14:39,30,31,3307,7910
2023-12-14 11:14:41,29,31,3307,7910
2023-12-14 11:14:42,29,32,3307,7910
2023-12-14 11:14:50,29,31,3307,7910
2023-12-14 11:15:04,28,31,3307,7910
2023-12-14 11:15:04,28,30,3307,7910
2023-12-14 11:15:08,28,31,3307,7910
2023-12-14 11:15:09,29,31,3307,7910
2023-12-14 11:15:09,29,32,3307,7910
2023-12-14 11:15:14,29,31,3307,7910
2023-12-14 11:15:16,29,32,3307,7910
2023-12-14 11:15:18,29,31,3307,7910
2023-12-14 11:15:24,28,31,3307,7910
2023-12-14 11:15:29,28,30,3307,7910
2023-12-14 11:15:51,28,31,3307,7910
2023-12-14 11:15:51,28,30,3307,7910
2023-12-14 11:15:52,28,31,3307,8110
2023-12-14 11:15:57,29,31,3307,8110
2023-12-14 11:16:03,29,32,3307,8110
2023-12-14 11:16:09,29,31,3307,8110
2023-12-14 11:16:10,29,32,3307,8110
2023-12-14 11:16:20,30,32,3307,8110
2023-12-14 11:16:23,30,33,3307,8110
2023-12-14 11:16:24,31,33,3307,8110
2023-12-14 11:16:24,31,34,3307,8110
2023-12-14 11:16:25,32,34,3307,8110
2023-12-14 11:16:34,32,35,3307,8110
2023-12-14 11:16:38,33,35,3307,8110
2023-12-14 11:16:47,32,35,3307,8110
2023-12-14 11:16:51,32,34,3307,8110
2023-12-14 11:16:55,32,35,3307,8110
2023-12-14 11:16:58,32,34,3307,8110
2023-12-14 11:17:28,32,35,3307,8110
2023-12-14 11:17:31,33,35,3307,8110
2023-12-14 11:17:38,32,35,3307,8110
2023-12-14 11:17:41,32,34,3307,8110
2023-12-14 11:17:54,31,34,3307,8110
2023-12-14 11:17:59,31,32,3307,8110
2023-12-14 11:18:01,29,32,3307,8110
2023-12-14 11:18:11,30,32,3307,8110
2023-12-14 11:18:12,30,33,3307,8110
2023-12-14 11:18:18,30,32,3307,8110
2023-12-14 11:18:25,30,33,3307,8110
2023-12-14 11:18:35,30,32,3307,8110
2023-12-14 11:18:39,29,32,3307,8110
2023-12-14 11:18:58,30,32,3307,8110
2023-12-14 11:19:01,30,33,3307,8110
2023-12-14 11:19:04,31,33,3307,8110
2023-12-14 11:19:06,31,34,3307,8110
2023-12-14 11:19:14,32,34,3307,8110
2023-12-14 11:19:21,32,35,3307,8110
2023-12-14 11:19:22,32,34,3307,8110
2023-12-14 11:19:23,32,35,3307,8110
2023-12-14 11:19:32,33,35,3307,8110
2023-12-14 11:19:43,34,35,3307,8110
2023-12-14 11:19:48,33,35,3307,8110
2023-12-14 11:20:33,32,35,3307,8110
2023-12-14 11:20:45,32,34,3307,8110
2023-12-14 11:20:45,31,34,3307,8110
2023-12-14 11:20:59,31,33,3307,8110
2023-12-14 11:21:02,31,34,3307,8110
2023-12-14 11:21:03,31,33,3307,8110
2023-12-14 11:21:09,30,33,3307,8110
2023-12-14 11:21:15,30,32,3307,8110
2023-12-14 11:21:43,30,32,3357,8160
2023-12-14 11:22:03,30,33,3357,8160
2023-12-14 11:22:03,31,33,3357,8160
2023-12-14 11:22:07,32,33,3357,8160
2023-12-14 11:22:08,32,34,3357,8160
2023-12-14 11:22:09,31,34,3357,8160
2023-12-14 11:22:09,31,33,3357,8160
2023-12-14 11:22:10,32,33,3357,8160
2023-12-14 11:22:12,32,34,3357,8160
2023-12-14 11:22:16,32,33,3357,8160
2023-12-14 11:22:16,31,33,3357,8160
2023-12-14 11:22:25,31,32,3357,8160
2023-12-14 11:22:33,31,33,3357,8160
2023-12-14 11:22:38,32,33,3357,8160
2023-12-14 11:22:39,32,34,3357,8160
2023-12-14 11:22:44,31,34,3357,8160
2023-12-14 11:22:44,31,33,3357,8160
2023-12-14 11:22:45,32,33,3357,8160
2023-12-14 11:22:50,32,34,3357,8160
2023-12-14 11:22:55,32,33,3357,8160
2023-12-14 11:22:56,31,33,3357,8160
2023-12-14 11:22:56,30,33,3357,8160
2023-12-14 11:22:56,31,33,3357,8160
2023-12-14 11:23:11,31,32,3357,8160
2023-12-14 11:23:18,31,33,3357,8160
2023-12-14 11:23:23,31,32,3357,8160
2023-12-14 11:23:24,30,32,3357,8160
2023-12-14 11:23:27,31,32,3357,8160
2023-12-14 11:23:28,30,32,3357,8160
2023-12-14 11:23:49,30,31,3357,8160
2023-12-14 11:24:06,29,31,3357,8160
2023-12-14 11:24:14,30,31,3357,8160
2023-12-14 11:24:30,30,32,3357,8160
2023-12-14 11:24:41,31,32,3357,8160
2023-12-14 11:24:46,31,33,3357,8160
2023-12-14 11:24:47,32,33,3357,8160
2023-12-14 11:24:50,31,33,3357,8160
2023-12-14 11:24:55,31,33,3357,8166
2023-12-14 11:25:01,32,33,3357,8166
2023-12-14 11:25:02,31,33,3357,8166
2023-12-14 11:25:09,30,33,3357,8166
2023-12-14 11:25:12,29,32,3357,8166
2023-12-14 11:25:12,31,32,3357,8166
2023-12-14 11:25:14,30,32,3357,8166
2023-12-14 11:25:18,30,31,3357,8166
2023-12-14 11:25:21,30,32,3357,8166
2023-12-14 11:25:22,30,31,3357,8166
2023-12-14 11:25:31,29,31,3357,8166
2023-12-14 11:25:32,30,31,3357,8166
2023-12-14 11:25:34,30,32,3357,8166
2023-12-14 11:25:36,29,32,3357,8166
2023-12-14 11:25:36,30,32,3357,8166
2023-12-14 11:25:36,31,32,3357,8166
2023-12-14 11:25:37,30,32,3357,8166
2023-12-14 11:25:41,29,32,3307,8766
2023-12-14 11:25:42,29,31,3307,8766
2023-12-14 11:25:46,30,31,3307,8766
2023-12-14 11:26:15,29,31,3307,8766
2023-12-14 11:26:26,30,31,3307,8766
2023-12-14 11:26:29,30,32,3307,8766
2023-12-14 11:26:30,30,33,3307,8766
2023-12-14 11:26:31,31,33,3307,8766
2023-12-14 11:26:41,31,32,3307,8766
2023-12-14 11:26:41,30,32,3307,8766
2023-12-14 11:26:44,30,33,3307,8766
2023-12-14 11:26:49,31,33,3307,8766
2023-12-14 11:26:52,30,33,3307,8766
2023-12-14 11:26:53,30,32,3307,8766
2023-12-14 11:26:54,30,33,3307,8766
2023-12-14 11:26:57,30,32,3307,8766
2023-12-14 11:27:13,31,32,3307,8766
2023-12-14 11:27:13,31,33,3307,8766
2023-12-14 11:27:23,30,33,3307,8766
2023-12-14 11:27:23,30,32,3307,8766
2023-12-14 11:27:24,30,33,3307,8766
2023-12-14 11:27:28,31,33,3307,8766
2023-12-14 11:27:31,30,33,3307,8766
2023-12-14 11:27:31,30,32,3307,8766
2023-12-14 11:27:32,30,33,3307,8766
2023-12-14 11:27:33,30,32,3307,8766
2023-12-14 11:27:35,30,33,3307,8766
2023-12-14 11:27:39,31,33,3307,8766
2023-12-14 11:27:54,30,33,3307,8766
2023-12-14 11:27:54,30,32,3307,8766
2023-12-14 11:27:57,29,32,3307,8766
2023-12-14 11:27:59,29,31,3307,8766
2023-12-14 11:28:04,29,32,3307,8766
2023-12-14 11:28:04,30,32,3307,8766
2023-12-14 11:28:11,30,33,3307,8766
2023-12-14 11:28:35,31,34,3307,8766
2023-12-14 11:28:37,32,34,3307,8766
2023-12-14 11:29:07,32,35,3307,8916
2023-12-14 11:29:10,33,35,3307,8916
2023-12-14 11:29:24,32,35,3307,8916
2023-12-14 11:29:36,32,34,3307,8916
2023-12-14 11:29:38,32,35,3307,8916
2023-12-14 11:29:40,32,34,3307,8916
2023-12-14 11:29:43,32,35,3307,8916
2023-12-14 11:29:45,32,34,3307,8916
2023-12-14 11:29:46,32,35,3307,8916
2023-12-14 11:29:49,33,35,3307,8916
2023-12-14 11:29:50,32,35,3307,8916
2023-12-14 11:29:56,33,35,3307,8916
2023-12-14 11:30:02,32,35,3307,8916
2023-12-14 11:30:04,33,35,3307,8916
2023-12-14 11:30:06,32,35,3307,8916
2023-12-14 11:30:07,33,35,3307,8916
2023-12-14 11:30:08,32,35,3307,8916
2023-12-14 11:30:10,33,35,3307,8916
2023-12-14 11:30:25,33,36,3307,9116
2023-12-14 11:30:26,34,36,3307,9116
2023-12-14 11:30:41,34,37,3307,9116
2023-12-14 11:31:06,35,37,3307,9116
2023-12-14 11:31:15,35,38,3307,9116
2023-12-14 11:31:15,36,38,3307,9116
2023-12-14 11:31:22,37,38,3307,9116
2023-12-14 11:31:28,37,39,3307,9116
2023-12-14 11:31:37,36,39,3307,9116
2023-12-14 11:31:39,36,38,3307,9116
2023-12-14 11:31:52,36,39,3307,9116
2023-12-14 11:31:53,37,39,3307,9116
2023-12-14 11:32:02,38,39,3307,9116
2023-12-14 11:32:04,37,39,3307,9116
2023-12-14 11:32:19,36,39,3307,9116
2023-12-14 11:32:22,36,38,3307,9116
2023-12-14 11:32:32,36,39,3307,9116
2023-12-14 11:32:39,37,39,3307,9116
2023-12-14 11:33:21,37,40,3307,9116
2023-12-14 11:33:40,37,39,3307,9116
2023-12-14 11:33:40,36,39,3307,9116
2023-12-14 11:33:43,36,38,3307,9116
2023-12-14 11:33:46,35,38,3307,9116
2023-12-14 11:33:46,35,37,3307,9116
2023-12-14 11:33:52,35,38,3307,9116
2023-12-14 11:34:20,35,37,3307,9116
2023-12-14 11:34:20,34,37,3307,9116
2023-12-14 11:34:25,34,36,3307,9116
2023-12-14 11:34:30,34,37,3307,9116
2023-12-14 11:34:31,34,36,3307,9116
2023-12-14 11:35:08,34,36,3497,9306
2023-12-14 11:35:11,34,37,3497,9306
2023-12-14 11:35:11,35,37,3497,9306
2023-12-14 11:35:13,34,37,3497,9306
2023-12-14 11:35:13,34,36,3497,9306
2023-12-14 11:35:18,33,36,3497,9306
2023-12-14 11:35:18,34,36,3497,9306
2023-12-14 11:35:19,33,36,3497,9306
2023-12-14 11:35:19,33,35,3497,9306
2023-12-14 11:35:21,33,36,3497,9306
2023-12-14 11:35:21,34,36,3497,9306
2023-12-14 11:35:25,33,36,3497,9306
2023-12-14 11:35:25,33,35,3497,9306
2023-12-14 11:35:33,33,35,3502,9311
2023-12-14 11:35:34,33,36,3502,9311
2023-12-14 11:35:34,34,36,3502,9311
2023-12-14 11:36:03,33,36,3502,9311
2023-12-14 11:36:09,34,35,3502,9311
2023-12-14 11:36:12,33,35,3502,9311
2023-12-14 11:36:22,33,34,3502,9311
2023-12-14 11:36:23,32,34,3502,9311
2023-12-14 11:36:28,31,34,3502,9311
2023-12-14 11:36:28,31,33,3502,9311
2023-12-14 11:36:41,31,34,3502,9311
2023-12-14 11:36:41,32,34,3502,9311
2023-12-14 11:36:42,32,33,3502,9311
2023-12-14 11:36:42,31,33,3307,9506
2023-12-14 11:36:49,31,34,3307,9506
2023-12-14 11:36:55,31,33,3307,9506
2023-12-14 11:36:56,31,34,3307,9506
2023-12-14 11:37:02,31,33,3307,9506
2023-12-14 11:37:16,31,34,3307,9506
2023-12-14 11:37:30,31,33,3307,9506
2023-12-14 11:37:34,30,33,3307,9506
2023-12-14 11:37:34,30,31,3307,9506
2023-12-14 11:37:36,29,31,3307,9506
2023-12-14 11:37:46,29,32,3307,9506
2023-12-14 11:37:48,30,32,3307,9506
2023-12-14 11:37:53,30,33,3307,9506
2023-12-14 11:37:56,31,33,3307,9506
2023-12-14 11:38:00,31,34,3307,9506
2023-12-14 11:38:17,31,33,3307,9506
2023-12-14 11:38:21,30,33,3307,9506
2023-12-14 11:38:28,31,33,3307,9506
2023-12-14 11:38:30,31,34,3307,9506
2023-12-14 11:38:36,32,34,3307,9506
2023-12-14 11:39:04,31,34,3307,9506
2023-12-14 11:39:21,31,33,3307,9506
2023-12-14 11:39:25,31,34,3307,9506
2023-12-14 11:39:31,32,34,3307,9506
2023-12-14 11:39:40,32,35,3307,9506
2023-12-14 11:39:46,33,35,3307,9506
2023-12-14 11:40:15,33,36,3307,9506
2023-12-14 11:40:19,34,36,3307,9506
2023-12-14 11:40:20,33,36,3307,9506
2023-12-14 11:40:22,34,36,3307,9506
2023-12-14 11:40:26,34,37,3307,9506
2023-12-14 11:40:33,35,37,3307,9506
2023-12-14 11:40:44,35,38,3307,9506
2023-12-14 11:40:55,36,38,3307,9506
2023-12-14 11:40:56,37,38,3307,9506
2023-12-14 11:40:59,37,39,3307,9506
2023-12-14 11:41:23,36,39,3307,9506
2023-12-14 11:41:23,36,38,3307,9506
2023-12-14 11:41:41,36,39,3307,9506
2023-12-14 11:41:49,37,39,3307,9506
2023-12-14 11:42:10,38,39,3307,9506
2023-12-14 11:42:16,38,40,3307,9506
2023-12-14 11:42:52,39,40,3307,9506
2023-12-14 11:42:57,39,41,3307,9506
2023-12-14 11:43:17,38,41,3307,9506
2023-12-14 11:43:18,38,40,3307,9506
2023-12-14 11:43:29,38,41,3307,9506
2023-12-14 11:43:35,39,41,3307,9506
2023-12-14 11:44:35,39,42,3307,9506
2023-12-14 11:44:35,40,42,3307,9506
2023-12-14 11:44:40,41,42,3307,9506
2023-12-14 11:44:41,41,43,3307,9506
2023-12-14 11:45:11,40,43,3307,9506
2023-12-14 11:45:20,41,43,3307,9506
2023-12-14 11:45:33,42,43,3307,9506
2023-12-14 11:45:34,42,44,3307,9506
2023-12-14 11:46:37,43,44,3307,9506
2023-12-14 11:46:37,43,45,3307,9506
2023-12-14 11:47:11,42,45,3307,9506
2023-12-14 11:47:25,42,44,3307,9506
2023-12-14 11:47:32,42,45,3307,9506
2023-12-14 11:47:40,43,45,3307,9506
2023-12-14 11:47:53,42,45,3307,9506
2023-12-14 11:47:54,43,45,3307,9506
2023-12-14 11:48:29,42,45,3307,9506
2023-12-14 11:48:39,43,45,3307,9506
2023-12-14 11:49:17,43,46,3307,9506
2023-12-14 11:49:17,44,46,3307,9506
2023-12-14 11:49:24,43,46,3307,9506
2023-12-14 11:49:31,44,46,3307,9506
2023-12-14 11:49:32,43,46,3307,9506
2023-12-14 11:49:33,44,46,3307,9506
2023-12-14 11:49:44,43,46,3307,9506
2023-12-14 11:49:52,43,45,3307,9506
2023-12-14 11:49:53,43,46,3307,9506
2023-12-14 11:49:54,43,45,3307,9506
2023-12-14 11:49:55,42,45,3307,9506
2023-12-14 11:49:57,43,45,3307,9506
2023-12-14 11:50:06,43,46,3307,9506
2023-12-14 11:50:10,43,45,3307,9506
2023-12-14 11:50:17,43,46,3307,9506
2023-12-14 11:50:21,43,45,3307,9506
2023-12-14 11:50:26,42,45,3307,9506
2023-12-14 11:50:27,43,45,3307,9506
2023-12-14 11:50:29,43,46,3307,9506
2023-12-14 11:50:30,43,45,3307,9506
2023-12-14 11:50:32,43,46,3307,9506
2023-12-14 11:50:33,43,45,3307,9506
2023-12-14 11:50:48,42,45,3307,9506
2023-12-14 11:51:06,43,45,3307,9506
2023-12-14 11:51:10,43,46,3307,9506
2023-12-14 11:51:13,43,45,3307,9506
2023-12-14 11:51:15,43,46,3307,9506
2023-12-14 11:51:16,43,45,3307,9506
2023-12-14 11:51:17,43,46,3307,9506
2023-12-14 11:51:28,44,46,3307,9506
2023-12-14 11:51:59,43,46,3307,9506
2023-12-14 11:52:02,44,46,3307,9506
2023-12-14 11:52:13,43,46,3307,9506
2023-12-14 11:52:17,43,45,3307,9506
2023-12-14 11:52:29,43,46,3307,9506
2023-12-14 11:52:31,43,45,3307,9506
2023-12-14 11:52:41,43,46,3307,9506
2023-12-14 11:52:54,43,45,3307,9506
2023-12-14 11:52:58,42,45,3307,9506
2023-12-14 11:53:16,43,45,3307,9506
2023-12-14 11:53:17,43,46,3307,9506
2023-12-14 11:53:18,43,45,3307,9506
2023-12-14 11:53:20,43,46,3307,9506
2023-12-14 11:53:38,44,46,3307,9506
2023-12-14 11:53:39,43,46,3307,9506
2023-12-14 11:53:50,44,46,3307,9506
2023-12-14 11:54:17,43,46,3307,9506
2023-12-14 11:54:53,44,46,3307,9506
2023-12-14 11:55:05,43,46,3307,9506
2023-12-14 11:55:07,44,46,3307,9506
2023-12-14 11:55:11,43,46,3307,9506
2023-12-14 11:55:13,44,46,3307,9506
2023-12-14 11:55:17,43,46,3307,9506
2023-12-14 11:55:22,44,46,3307,9506
2023-12-14 11:55:32,43,46,3307,9506
2023-12-14 11:55:52,43,45,3307,9506
2023-12-14 11:55:52,42,45,3307,9506
2023-12-14 11:55:53,43,45,3307,9506
2023-12-14 11:55:54,42,45,3307,9506
2023-12-14 11:55:55,43,45,3307,9506
2023-12-14 11:55:57,43,46,3307,9506
2023-12-14 11:56:09,44,46,3307,9506
2023-12-14 11:56:10,43,46,3307,9506
2023-12-14 11:56:11,44,46,3307,9506
2023-12-14 11:56:26,45,46,3307,9506
2023-12-14 11:56:36,45,47,3307,9506
2023-12-14 11:56:45,45,48,3507,10106
2023-12-14 11:56:46,46,48,3507,10106
2023-12-14 11:57:08,45,48,3507,10106
2023-12-14 11:57:08,45,47,3507,10106
2023-12-14 11:57:34,44,47,3507,10106
2023-12-14 11:57:37,44,46,3507,10106
2023-12-14 11:57:52,44,47,3507,10106
2023-12-14 11:57:54,45,47,3507,10106
2023-12-14 11:57:55,44,47,3507,10106
2023-12-14 11:58:01,45,47,3507,10106
2023-12-14 11:58:08,44,47,3507,10106
2023-12-14 11:58:09,44,46,3507,10106
2023-12-14 11:58:35,43,46,3507,10106
2023-12-14 11:58:36,44,46,3507,10106
2023-12-14 11:58:38,44,45,3507,10106
2023-12-14 11:58:39,44,46,3507,10106
2023-12-14 11:58:40,43,46,3507,10106
2023-12-14 11:58:40,43,45,3507,10106
2023-12-14 11:58:46,44,45,3507,10106
2023-12-14 11:58:48,44,46,3507,10106
2023-12-14 11:59:01,44,47,3507,10106
2023-12-14 11:59:02,45,47,3507,10106
2023-12-14 11:59:09,44,47,3507,10106
2023-12-14 11:59:10,45,47,3507,10106
2023-12-14 11:59:54,44,47,3507,10106
2023-12-14 11:59:54,46,47,3507,10106
2023-12-14 11:59:57,44,47,3507,10106
2023-12-14 11:59:57,45,47,3507,10106
2023-12-14 12:00:01,44,47,3507,10106
2023-12-14 12:00:01,46,47,3507,10106
2023-12-14 12:00:02,46,48,3507,10106
2023-12-14 12:00:09,46,47,3507,10106
2023-12-14 12:00:12,46,48,3507,10106
2023-12-14 12:00:24,45,48,3507,10106
2023-12-14 12:00:24,47,48,3507,10106
2023-12-14 12:00:52,46,48,3507,10106
2023-12-14 12:00:53,47,48,3507,10106
2023-12-14 12:00:55,46,48,3507,10106
2023-12-14 12:01:00,47,48,3507,10106
2023-12-14 12:01:04,46,48,3507,10106
2023-12-14 12:01:20,46,47,3507,10106
2023-12-14 12:01:20,45,47,3507,10106
2023-12-14 12:01:27,44,47,3507,10106
2023-12-14 12:01:27,46,47,3507,10106
2023-12-14 12:01:28,45,47,3507,10106
2023-12-14 12:01:33,44,47,3507,10106
2023-12-14 12:01:33,45,47,3507,10106
2023-12-14 12:01:33,46,47,3507,10106
2023-12-14 12:01:34,46,48,3507,10106
2023-12-14 12:01:36,46,47,3507,10106
2023-12-14 12:01:39,45,47,3507,10106
2023-12-14 12:01:39,44,47,3507,10106
2023-12-14 12:01:39,45,47,3507,10106
2023-12-14 12:01:52,46,47,3507,10106
2023-12-14 12:01:55,46,48,3507,10106
2023-12-14 12:02:03,47,48,3507,10106
2023-12-14 12:02:44,47,49,3507,10106
2023-12-14 12:02:44,48,49,3507,10106
2023-12-14 12:03:24,48,50,3507,10106
2023-12-14 12:03:26,49,50,3507,10106
2023-12-14 12:03:36,49,51,3624,10307
2023-12-14 12:03:38,50,51,3624,10307
2023-12-14 12:03:39,49,51,3624,10307
2023-12-14 12:03:43,49,52,4224,10907
2023-12-14 12:03:44,50,52,4224,10907
2023-12-14 12:03:50,49,52,4224,10907
2023-12-14 12:03:50,50,52,4224,10907
2023-12-14 12:03:55,49,52,4224,10907
2023-12-14 12:03:56,50,52,4224,10907
2023-12-14 12:04:05,49,52,4224,10907
2023-12-14 12:04:10,49,51,4224,10907
2023-12-14 12:04:22,49,52,4224,10907
2023-12-14 12:04:25,50,52,4224,10907
2023-12-14 12:05:11,51,52,4224,10907
2023-12-14 12:05:16,50,52,4224,10907
2023-12-14 12:05:18,51,52,4224,10907
2023-12-14 12:06:11,51,53,4224,10907
2023-12-14 12:06:11,52,53,4224,10907
2023-12-14 12:06:12,51,53,4224,10907
2023-12-14 12:06:30,51,52,4224,10907
2023-12-14 12:06:30,50,52,4224,10907
2023-12-14 12:06:36,49,52,4224,10907
2023-12-14 12:06:44,49,51,4224,10907
2023-12-14 12:06:45,49,52,4224,10907
2023-12-14 12:06:51,49,51,4224,10907
2023-12-14 12:07:02,49,52,4224,10907
2023-12-14 12:07:03,50,52,4224,10907
2023-12-14 12:07:04,49,52,4224,10907
2023-12-14 12:07:07,49,51,4224,10907
2023-12-14 12:07:21,49,52,4224,10907
2023-12-14 12:07:24,50,52,4224,10907
2023-12-14 12:08:18,49,52,4224,10907
2023-12-14 12:08:18,51,52,4224,10907
2023-12-14 12:08:32,51,53,4224,10907
2023-12-14 12:08:42,50,53,4224,10907
2023-12-14 12:08:42,52,53,4224,10907
2023-12-14 12:08:43,50,53,4224,10907
2023-12-14 12:08:43,51,53,4224,10907
2023-12-14 12:08:47,50,53,4224,10907
2023-12-14 12:08:47,52,53,4224,10907
2023-12-14 12:09:34,52,54,4224,11307
2023-12-14 12:11:02,51,54,4224,11307
2023-12-14 12:11:24,52,54,4224,11307
2023-12-14 12:11:27,51,54,4224,11307
2023-12-14 12:11:35,52,54,4224,11307
2023-12-14 12:12:11,53,54,4224,11307
2023-12-14 12:12:23,53,55,4224,11307
2023-12-14 12:13:15,54,55,4224,11307
2023-12-14 12:13:16,54,56,4224,11307
2023-12-14 12:13:31,55,56,4224,11307
2023-12-14 12:13:32,55,57,4424,11507
2023-12-14 12:14:23,56,57,4424,11507
2023-12-14 12:14:52,56,58,4424,11507
2023-12-14 12:15:43,57,58,4424,11507
2023-12-14 12:16:17,56,58,4424,11507
2023-12-14 12:17:19,55,58,4424,11507
2023-12-14 12:17:29,55,57,4424,11507
2023-12-14 12:17:31,55,58,4424,11507
2023-12-14 12:17:45,55,57,4424,11507
2023-12-14 12:17:46,55,58,4424,11507
2023-12-14 12:17:52,55,57,4424,11507
2023-12-14 12:18:02,54,57,4424,11507
2023-12-14 12:18:19,54,56,4424,11507
2023-12-14 12:18:29,53,56,4424,11507
2023-12-14 12:18:32,53,55,4424,11507
2023-12-14 12:19:20,53,56,4424,11507
2023-12-14 12:20:22,54,57,4424,11507
2023-12-14 12:20:24,55,57,4424,11507
2023-12-14 12:20:45,55,58,4424,11507
2023-12-14 12:20:53,56,58,4424,11507
2023-12-14 12:21:28,55,58,4424,11507
2023-12-14 12:21:33,56,58,4424,11507
2023-12-14 12:22:20,57,58,4424,11507
2023-12-14 12:22:37,56,58,4424,11507
2023-12-14 12:23:50,56,59,4424,11507
2023-12-14 12:24:14,57,59,4424,11507
2023-12-14 12:24:23,56,59,4424,11507
2023-12-14 12:24:25,56,58,4424,11507
2023-12-14 12:24:32,55,58,4424,11507
2023-12-14 12:24:33,55,57,4424,11507
2023-12-14 12:24:37,56,57,4424,11507
2023-12-14 12:24:38,55,57,4424,11507
2023-12-14 12:24:41,56,57,4424,11507
2023-12-14 12:24:43,55,57,4424,11507
2023-12-14 12:24:48,55,56,4424,11507
2023-12-14 12:24:57,55,57,4424,11507
2023-12-14 12:25:03,55,58,4424,11507
2023-12-14 12:25:03,56,58,4424,11507
2023-12-14 12:25:14,56,59,4424,11507
2023-12-14 12:25:29,57,59,4424,11507
2023-12-14 12:27:07,56,59,4424,11507
2023-12-14 12:27:07,56,58,4424,11507
2023-12-14 12:27:12,56,59,4424,11507
2023-12-14 12:27:40,57,59,4424,11507
2023-12-14 12:27:42,56,59,4424,11507
2023-12-14 12:27:43,57,59,4424,11507
2023-12-14 12:28:17,58,59,4424,11507
2023-12-14 12:28:47,57,59,4424,11507
2023-12-14 12:29:17,58,59,4424,11507
2023-12-14 12:30:21,59,60,4424,11507
2023-12-14 12:30:49,58,60,4424,11507
2023-12-14 12:31:51,59,60,4424,11507
2023-12-14 12:32:47,59,60,4224,11707
2023-12-14 12:32:50,60,61,4124,11807
2023-12-14 12:35:22,60,62,4124,11807
2023-12-14 12:36:39,59,62,4124,11807
2023-12-14 12:36:39,59,61,4124,11807
2023-12-14 12:36:42,59,62,4124,11807
2023-12-14 12:36:47,59,61,4124,11807
2023-12-14 12:36:50,59,62,4124,11807
2023-12-14 12:37:17,59,61,4124,11807
2023-12-14 12:37:18,58,61,4124,11807
2023-12-14 12:37:29,59,61,4124,11807
2023-12-14 12:37:49,59,62,4124,11807
2023-12-14 12:37:49,59,61,4124,11807
2023-12-14 12:38:30,58,61,4124,11807
2023-12-14 12:38:36,59,61,4124,11807
2023-12-14 12:38:38,58,61,4124,11807
2023-12-14 12:38:43,59,61,4124,11807
2023-12-14 12:39:03,58,61,4124,11807
2023-12-14 12:39:04,59,61,4124,11807
2023-12-14 12:39:06,58,61,4124,11807
2023-12-14 12:39:27,58,60,4124,11807
2023-12-14 12:39:57,57,60,4124,11807
2023-12-14 12:40:02,58,60,4124,11807
2023-12-14 12:40:06,57,60,4124,11807
2023-12-14 12:40:07,58,60,4124,11807
2023-12-14 12:40:13,58,61,4124,11807
2023-12-14 12:40:24,59,61,4124,11807
2023-12-14 12:40:42,58,61,4124,11807
2023-12-14 12:40:53,58,60,4124,11807
2023-12-14 12:40:57,58,61,4124,11807
2023-12-14 12:41:12,59,61,4124,11807
2023-12-14 12:41:19,58,61,4124,11807
2023-12-14 12:41:20,59,61,4124,11807
2023-12-14 12:41:49,59,62,4124,11807
2023-12-14 12:42:20,60,62,4124,11807
2023-12-14 12:43:45,61,62,4124,11807
2023-12-14 12:43:49,61,63,4124,11807
2023-12-14 12:44:07,62,63,4124,11807
2023-12-14 12:44:39,61,63,4124,11807
2023-12-14 12:44:42,62,63,4124,11807
2023-12-14 12:44:48,61,63,4124,11807
2023-12-14 12:44:49,62,63,4124,11807
2023-12-14 12:45:15,61,63,4124,11807
2023-12-14 12:46:22,62,63,4124,11807
2023-12-14 12:46:33,62,64,4124,11807
2023-12-14 12:47:17,63,64,4124,11807
2023-12-14 12:47:58,63,66,6124,13807
2023-12-14 12:47:58,63,65,6124,13807
2023-12-14 12:48:00,64,65,6124,13807
2023-12-14 12:48:10,64,66,6124,13807
2023-12-14 12:48:33,64,65,6124,13807
2023-12-14 12:48:46,64,66,6124,13807
2023-12-14 12:48:46,64,65,6124,13807
2023-12-14 12:48:49,64,66,6124,13807
2023-12-14 12:48:49,64,65,6124,13807
2023-12-14 12:50:52,64,65,6124,13927
2023-12-14 12:50:54,63,65,6044,14007
2023-12-14 12:50:58,63,64,6044,14007
2023-12-14 12:51:01,63,65,6044,14007
2023-12-14 12:51:01,63,64,6044,14007
2023-12-14 12:51:11,62,64,6044,14007
2023-12-14 12:51:22,61,64,6044,14007
2023-12-14 12:51:27,61,63,6044,14007
2023-12-14 12:51:30,61,64,6044,14007
2023-12-14 12:51:30,61,63,6044,14007
2023-12-14 12:51:31,61,64,6044,14007
2023-12-14 12:51:31,61,63,6044,14007
2023-12-14 12:51:38,60,63,6044,14007
2023-12-14 12:51:38,60,62,6044,14007
2023-12-14 12:51:46,61,62,6044,14007
2023-12-14 12:52:07,60,62,6044,14007
2023-12-14 12:52:07,60,61,6044,14007
2023-12-14 12:52:08,61,62,6044,14183
2023-12-14 12:52:10,60,62,6044,14183
2023-12-14 12:52:10,60,61,6044,14183
2023-12-14 12:52:11,61,62,6044,14337
2023-12-14 12:52:41,61,63,6044,14337
2023-12-14 12:52:41,61,62,6044,14337
2023-12-14 12:52:55,60,62,6044,14337
2023-12-14 12:52:55,60,63,6044,14337
2023-12-14 12:52:59,60,62,6044,14337
2023-12-14 12:53:03,60,61,6044,14337
2023-12-14 12:53:20,59,61,6044,14337
2023-12-14 12:53:20,59,61,5544,14837
2023-12-14 12:53:21,59,61,5544,15037
2023-12-14 12:53:21,58,60,5544,15037
2023-12-14 12:53:21,57,60,5544,15037
2023-12-14 12:53:22,58,60,5544,15037
2023-12-14 12:53:22,57,60,5544,15037
2023-12-14 12:53:24,57,60,5544,15097
2023-12-14 12:53:27,57,59,5544,15097
2023-12-14 12:53:37,57,58,5544,15097
2023-12-14 12:53:57,56,58,5404,15237
2023-12-14 12:53:58,56,57,5404,15237
2023-12-14 12:54:08,57,58,5404,15414
2023-12-14 12:54:08,57,58,5404,15474
2023-12-14 12:54:09,56,58,5404,15474
2023-12-14 12:54:09,56,57,5404,15474
2023-12-14 12:54:17,57,58,5404,15643
2023-12-14 12:54:22,58,59,5404,15693
2023-12-14 12:54:28,58,60,5404,15693
2023-12-14 12:54:29,58,59,5404,15693
2023-12-14 12:54:32,58,60,5404,15693
2023-12-14 12:54:33,58,59,5404,15693
2023-12-14 12:54:35,57,59,5404,15693
2023-12-14 12:54:35,57,58,5404,15693
2023-12-14 12:54:43,56,58,5404,15693
2023-12-14 12:54:45,56,59,5404,15693
2023-12-14 12:54:50,56,58,5404,15693
2023-12-14 12:54:51,56,57,5404,15693
2023-12-14 12:54:54,56,58,5404,15693
2023-12-14 12:54:57,56,57,5404,15693
2023-12-14 12:55:12,55,57,5404,15693
2023-12-14 12:55:15,54,57,5404,15693
2023-12-14 12:55:15,54,56,5404,15693
2023-12-14 12:55:25,54,55,5404,15693
2023-12-14 12:55:25,54,55,5404,15753
2023-12-14 12:55:26,53,55,5264,15893
2023-12-14 12:55:29,52,55,5064,16093
2023-12-14 12:55:31,52,54,5064,16093
2023-12-14 12:55:37,51,54,5064,16093
2023-12-14 12:55:37,51,53,5064,16093
2023-12-14 12:55:38,50,53,5064,16093
2023-12-14 12:55:38,50,52,5064,16093
2023-12-14 12:55:40,49,52,4864,16293
2023-12-14 12:55:46,49,51,4864,16293
2023-12-14 12:55:53,49,50,4864,16293
2023-12-14 12:56:06,48,50,4864,16293
2023-12-14 12:56:07,47,50,4864,16293
2023-12-14 12:56:08,46,50,4864,16293
2023-12-14 12:56:08,46,49,4864,16293
2023-12-14 12:56:12,46,50,4864,16293
2023-12-14 12:56:12,47,50,4864,16293
2023-12-14 12:56:18,47,49,4864,16293
2023-12-14 12:56:18,46,49,4864,16293
2023-12-14 12:56:23,46,48,4864,16293
2023-12-14 12:56:24,46,49,4864,16293
2023-12-14 12:56:26,48,49,4864,16293
2023-12-14 12:56:26,46,49,4864,16343
2023-12-14 12:56:27,47,49,4864,16343
2023-12-14 12:56:28,47,50,4864,16343
2023-12-14 12:56:29,48,50,4864,16343
2023-12-14 12:56:41,48,49,4864,16343
2023-12-14 12:56:43,47,49,4864,16343
2023-12-14 12:56:43,47,48,4864,16343
2023-12-14 12:56:52,46,48,4864,16343
2023-12-14 12:56:54,46,49,4864,16343
2023-12-14 12:56:58,46,48,4864,16343
2023-12-14 12:57:14,46,48,4864,16464
2023-12-14 12:57:15,47,48,4864,16464
2023-12-14 12:57:17,46,48,4864,16464
2023-12-14 12:57:22,46,47,4864,16464
2023-12-14 12:57:27,45,47,4864,16464
2023-12-14 12:57:30,45,48,4864,16464
2023-12-14 12:57:34,46,48,4864,16464
2023-12-14 12:57:40,46,49,4864,16464
2023-12-14 12:57:46,46,48,4864,16464
2023-12-14 12:57:49,45,48,4864,16464
2023-12-14 12:57:54,46,48,4864,16464
2023-12-14 12:57:55,46,49,4864,16464
2023-12-14 12:57:56,47,49,4864,16464
2023-12-14 12:58:06,46,49,4864,16464
2023-12-14 12:58:06,46,48,4864,16464
2023-12-14 12:58:06,45,48,4864,16464
2023-12-14 12:58:09,45,47,4864,16464
2023-12-14 12:58:30,44,47,4864,16464
2023-12-14 12:58:31,44,46,4864,16464
2023-12-14 12:58:39,44,47,4864,16464
2023-12-14 12:58:40,44,46,4864,16464
2023-12-14 12:58:43,44,47,4864,16464
2023-12-14 12:58:46,44,46,4864,16464
2023-12-14 12:58:58,43,46,4864,16464
2023-12-14 12:58:59,43,45,4864,16464
2023-12-14 12:59:03,42,45,4864,16464
2023-12-14 12:59:06,42,44,4864,16464
2023-12-14 12:59:07,41,44,4864,16464
2023-12-14 12:59:15,41,43,4864,16464
2023-12-14 12:59:18,41,44,4864,16464
2023-12-14 12:59:21,41,43,4864,16464
2023-12-14 12:59:22,41,44,4864,16464
2023-12-14 12:59:23,41,43,4864,16464
2023-12-14 12:59:25,40,43,4864,16464
2023-12-14 12:59:27,40,42,4864,16464
2023-12-14 12:59:27,39,42,4864,16464
2023-12-14 12:59:36,38,39,4474,16854
2023-12-14 12:59:39,37,39,4474,16854
2023-12-14 13:00:02,36,39,4474,16854
2023-12-14 13:00:05,36,38,4474,16854
2023-12-14 13:00:06,36,37,4474,16854
2023-12-14 13:00:06,35,37,4474,16854
2023-12-14 13:00:09,34,37,4474,16854
2023-12-14 13:00:09,34,36,4474,16854
2023-12-14 13:00:13,33,36,4474,16854
2023-12-14 13:00:18,32,36,4474,16854
2023-12-14 13:00:18,32,35,4474,16854
2023-12-14 13:00:23,32,34,4474,16854
2023-12-14 13:00:25,32,33,4474,16854
2023-12-14 13:00:26,31,32,4474,16854
2023-12-14 13:00:26,30,32,4474,16854
2023-12-14 13:00:27,29,32,4474,16854
2023-12-14 13:00:30,28,31,4474,16854
2023-12-14 13:00:32,28,30,4474,16854
2023-12-14 13:00:34,26,30,4474,16854
2023-12-14 13:00:35,26,29,4474,16854
2023-12-14 13:00:35,26,29,4454,17064
2023-12-14 13:00:36,26,28,4454,17064
2023-12-14 13:00:37,26,29,4454,17064
2023-12-14 13:00:39,26,30,4454,17064
2023-12-14 13:00:40,27,30,4454,17064
2023-12-14 13:00:43,26,30,4454,17064
2023-12-14 13:00:43,26,29,4454,17064
2023-12-14 13:00:44,26,30,4454,17064
2023-12-14 13:00:46,26,29,4454,17064
2023-12-14 13:00:49,26,30,4454,17064
2023-12-14 13:00:50,26,29,4454,17064
2023-12-14 13:00:54,26,28,4454,17064
2023-12-14 13:00:55,26,27,4454,17064
2023-12-14 13:00:55,25,27,4454,17064
2023-12-14 13:00:55,24,27,4454,17064
2023-12-14 13:01:01,25,27,4454,17064
2023-12-14 13:01:01,25,28,4454,17064
2023-12-14 13:01:02,26,28,4454,17064
2023-12-14 13:01:02,26,29,4454,17064
2023-12-14 13:01:04,26,30,4454,17064
2023-12-14 13:01:07,26,29,4454,17064
2023-12-14 13:01:08,25,29,4454,17064
2023-12-14 13:01:08,25,28,4454,17064
2023-12-14 13:01:10,24,28,4454,17064
2023-12-14 13:01:10,25,28,4454,17064
2023-12-14 13:01:12,24,28,4454,17064
2023-12-14 13:01:13,24,27,4454,17064
2023-12-14 13:01:14,24,28,4454,17064
2023-12-14 13:01:20,24,27,4454,17064
2023-12-14 13:01:30,24,26,4454,17064
2023-12-14 13:01:35,23,26,4454,17064
2023-12-14 13:01:35,23,25,4454,17064
2023-12-14 13:01:38,23,26,4464,17264
2023-12-14 13:01:46,24,26,4464,17264
2023-12-14 13:01:47,24,27,4464,17264
2023-12-14 13:01:47,25,27,4464,17264
2023-12-14 13:01:52,24,27,4464,17264
2023-12-14 13:01:54,25,27,4464,17264
2023-12-14 13:01:55,25,26,4464,17264
2023-12-14 13:02:04,25,27,4464,17264
2023-12-14 13:02:08,25,26,4464,17264
2023-12-14 13:02:20,25,27,4464,17264
2023-12-14 13:02:33,25,28,4464,17264
2023-12-14 13:02:36,25,27,4464,17264
2023-12-14 13:02:37,25,28,4464,17264
2023-12-14 13:02:39,25,27,4464,17264
2023-12-14 13:02:42,25,28,4464,17264
2023-12-14 13:02:46,25,27,4464,17264
2023-12-14 13:02:53,25,28,4464,17264
2023-12-14 13:02:53,24,28,4439,17864
2023-12-14 13:02:54,23,28,4439,17864
2023-12-14 13:02:54,23,27,4439,17864
2023-12-14 13:02:57,23,25,4439,17864
2023-12-14 13:02:57,23,26,4439,18064
2023-12-14 13:03:02,23,25,4439,18064
2023-12-14 13:03:04,23,26,4439,18264
2023-12-14 13:03:05,24,26,4439,18264
2023-12-14 13:03:05,24,27,4439,18264
2023-12-14 13:03:07,24,26,4439,18264
2023-12-14 13:03:08,24,27,4439,18264
2023-12-14 13:03:09,24,26,4439,18264
2023-12-14 13:03:10,24,27,4439,18264
2023-12-14 13:03:17,24,26,4439,18264
2023-12-14 13:03:20,23,26,4439,18264
2023-12-14 13:03:21,23,25,4439,18264
2023-12-14 13:03:29,23,26,4439,18264
2023-12-14 13:03:34,23,25,4439,18264
2023-12-14 13:03:39,23,26,4439,18264
2023-12-14 13:03:40,23,25,4439,18264
2023-12-14 13:03:43,23,26,4439,18264
2023-12-14 13:03:49,23,25,4439,18264
2023-12-14 13:03:58,22,25,4639,18464
2023-12-14 13:03:59,22,24,4639,18464
2023-12-14 13:03:59,22,25,4639,18664
2023-12-14 13:04:05,23,25,4639,18664
2023-12-14 13:04:05,23,26,4639,18664
2023-12-14 13:04:24,24,26,4639,18664
2023-12-14 13:04:27,25,27,4639,18664
2023-12-14 13:04:36,25,28,4639,18664
2023-12-14 13:04:43,25,27,4639,18664
2023-12-14 13:04:50,24,27,4639,18664
2023-12-14 13:04:52,23,27,4639,18664
2023-12-14 13:04:52,23,26,4639,18664
2023-12-14 13:05:01,24,26,4639,18664
2023-12-14 13:05:01,24,27,4639,18664
2023-12-14 13:05:06,25,27,4639,18664
2023-12-14 13:05:09,24,27,4639,18664
2023-12-14 13:05:13,24,26,4639,18664
2023-12-14 13:05:16,24,27,4639,18664
2023-12-14 13:05:17,25,27,4639,18664
2023-12-14 13:05:22,24,27,4639,18664
2023-12-14 13:05:22,25,27,4639,18664
2023-12-14 13:05:26,24,27,4639,18664
2023-12-14 13:05:26,25,27,4639,18664
2023-12-14 13:05:27,25,26,4639,18664
2023-12-14 13:05:28,24,26,4639,18664
2023-12-14 13:05:30,23,26,4639,18664
2023-12-14 13:05:35,23,27,4639,18664
2023-12-14 13:05:37,24,26,4639,18664
2023-12-14 13:05:38,24,27,4639,18664
2023-12-14 13:05:39,24,26,4639,18664
2023-12-14 13:05:41,23,26,4639,18664
2023-12-14 13:05:42,24,26,4639,18664
2023-12-14 13:05:44,23,26,4639,18664
2023-12-14 13:05:44,24,26,4639,18664
2023-12-14 13:05:46,24,27,4639,18664
2023-12-14 13:05:48,25,27,4639,18664
2023-12-14 13:05:51,25,26,4639,18664
2023-12-14 13:05:59,23,26,4639,18664
2023-12-14 13:05:59,24,26,4639,18664
2023-12-14 13:06:03,24,27,4639,18664
2023-12-14 13:06:03,25,27,4639,18664
2023-12-14 13:06:04,24,27,4639,18664
2023-12-14 13:06:18,25,27,4639,18664
2023-12-14 13:06:40,25,26,4639,18664
2023-12-14 13:06:40,24,26,4639,18664
2023-12-14 13:06:50,24,27,4639,18664
2023-12-14 13:06:51,25,27,4639,18664
2023-12-14 13:07:01,24,27,4639,18664
2023-12-14 13:07:02,24,26,4639,18664
2023-12-14 13:07:05,23,26,4639,18664
2023-12-14 13:07:06,24,26,4639,18664
2023-12-14 13:07:08,24,27,4639,18664
2023-12-14 13:07:10,24,26,4639,18664
2023-12-14 13:07:10,23,26,4639,18664
2023-12-14 13:07:12,22,26,4639,18664
2023-12-14 13:07:20,22,24,4639,18664
2023-12-14 13:07:30,23,24,4639,18664
2023-12-14 13:07:37,23,25,4639,18664
2023-12-14 13:07:38,22,25,4639,18664
2023-12-14 13:07:39,23,25,4639,18664
2023-12-14 13:07:39,23,26,4639,18664
2023-12-14 13:07:44,24,26,4639,18664
2023-12-14 13:07:44,24,27,4639,18664
2023-12-14 13:07:45,25,27,4639,18664
2023-12-14 13:07:45,25,28,4639,18664
2023-12-14 13:07:47,25,27,4639,18664
2023-12-14 13:07:47,24,27,4639,18664
2023-12-14 13:07:49,24,26,4639,18664
2023-12-14 13:07:49,23,26,4639,18664
2023-12-14 13:07:54,22,26,4639,18664
2023-12-14 13:07:55,22,25,4639,18664
2023-12-14 13:07:59,22,24,4639,18664
2023-12-14 13:08:00,22,25,4639,18664
2023-12-14 13:08:17,23,25,4639,18664
2023-12-14 13:08:18,22,25,4639,18664
2023-12-14 13:08:18,23,25,4639,18664
2023-12-14 13:08:27,22,25,4639,18664
2023-12-14 13:08:27,23,25,4639,18664
2023-12-14 13:08:56,22,25,4639,18664
2023-12-14 13:08:56,23,25,4639,18664
2023-12-14 13:09:02,23,26,4639,18664
2023-12-14 13:09:03,23,25,4639,18664
2023-12-14 13:09:04,22,25,4639,18664
2023-12-14 13:09:09,22,26,4639,18664
2023-12-14 13:09:09,23,26,4639,18664
2023-12-14 13:09:29,23,25,4639,18664
2023-12-14 13:09:29,22,25,4639,18664
2023-12-14 13:09:39,23,25,4639,18664
2023-12-14 13:09:42,24,25,4639,18664
2023-12-14 13:09:43,24,26,4639,18664
2023-12-14 13:09:44,23,26,4639,18664
2023-12-14 13:09:58,24,26,4639,18664
2023-12-14 13:10:02,24,27,4639,18664
2023-12-14 13:10:13,24,28,4639,18664
2023-12-14 13:10:13,25,28,4639,18664
2023-12-14 13:10:26,26,28,4639,18664
2023-12-14 13:10:27,25,28,4639,18664
2023-12-14 13:10:28,26,28,4639,18664
2023-12-14 13:10:36,26,29,4639,18664
2023-12-14 13:10:36,27,29,4639,18664
2023-12-14 13:10:37,26,29,4639,18664
2023-12-14 13:10:57,25,28,4639,18664
2023-12-14 13:10:58,26,28,4639,18664
2023-12-14 13:11:00,25,28,4639,18664
2023-12-14 13:11:04,26,28,4639,18664
2023-12-14 13:11:05,25,28,4639,18664
2023-12-14 13:11:06,26,28,4639,18664
2023-12-14 13:11:10,25,28,4639,18664
2023-12-14 13:11:11,25,27,4639,18664
2023-12-14 13:11:14,24,27,4639,18664
2023-12-14 13:11:15,25,27,4639,18664
2023-12-14 13:11:22,25,28,4639,18664
2023-12-14 13:11:34,26,28,4639,18664
2023-12-14 13:11:35,25,28,4639,18664
2023-12-14 13:11:39,25,27,4639,18664
2023-12-14 13:11:53,24,27,4639,18664
2023-12-14 13:11:55,24,26,4639,18664
2023-12-14 13:11:59,25,26,4639,18664
2023-12-14 13:12:02,24,27,4639,18664
2023-12-14 13:12:03,25,27,4639,18664
2023-12-14 13:12:05,24,27,4639,18664
2023-12-14 13:12:08,25,27,4639,18664
2023-12-14 13:12:14,25,28,4639,18664
2023-12-14 13:12:18,25,27,4639,18664
2023-12-14 13:12:21,25,28,4639,18664
2023-12-14 13:12:25,26,28,4639,18664
2023-12-14 13:12:30,26,29,4639,18664
2023-12-14 13:12:43,27,29,4639,18664
2023-12-14 13:12:45,26,29,4639,18664
2023-12-14 13:12:46,27,29,4639,18664
2023-12-14 13:13:01,26,29,4639,18664
2023-12-14 13:13:09,26,28,4639,18664
2023-12-14 13:13:11,25,28,4639,18664
2023-12-14 13:13:17,25,27,4639,18664
2023-12-14 13:13:33,24,27,4639,18664
2023-12-14 13:13:37,24,26,4639,18664
2023-12-14 13:13:46,24,25,4639,18664
2023-12-14 13:13:47,23,25,4639,18664
2023-12-14 13:13:53,22,25,4639,18664
2023-12-14 13:13:57,22,24,4639,18664
2023-12-14 13:14:00,22,25,4639,18664
2023-12-14 13:14:01,23,25,4639,18664
2023-12-14 13:14:02,22,25,4639,18664
2023-12-14 13:14:03,23,25,4639,18664
2023-12-14 13:14:04,22,25,4639,18664
2023-12-14 13:14:12,23,25,4639,18664
2023-12-14 13:14:13,22,25,4639,18664
2023-12-14 13:14:16,23,25,4639,18664
2023-12-14 13:14:17,22,25,4639,18664
2023-12-14 13:14:20,23,25,4639,18664
2023-12-14 13:14:25,22,25,4639,18664
2023-12-14 13:14:29,23,25,4639,18664
2023-12-14 13:14:36,23,25,4689,18714
2023-12-14 13:14:37,24,25,4689,18714
2023-12-14 13:14:37,24,26,4689,18714
2023-12-14 13:14:50,24,27,4689,18714
2023-12-14 13:14:52,24,26,4689,18714
2023-12-14 13:14:58,24,27,4689,18714
2023-12-14 13:15:03,24,26,4689,18714
2023-12-14 13:15:20,24,27,4689,18714
2023-12-14 13:15:25,24,26,4689,18714
2023-12-14 13:15:35,23,26,4689,18714
2023-12-14 13:15:37,23,25,4689,18714
2023-12-14 13:15:58,22,25,4689,18714
2023-12-14 13:16:05,23,25,4689,18714
2023-12-14 13:16:12,23,26,4689,18714
2023-12-14 13:16:14,23,25,4689,18714
2023-12-14 13:16:18,23,26,4689,18714
2023-12-14 13:16:24,23,25,4689,18714
2023-12-14 13:16:34,23,26,4689,18714
2023-12-14 13:16:35,23,25,4689,18714
2023-12-14 13:16:40,22,25,4689,18714
2023-12-14 13:16:44,23,25,4689,18714
2023-12-14 13:16:48,22,25,4689,18714
2023-12-14 13:16:53,23,25,4689,18714
2023-12-14 13:17:04,23,26,4689,18714
2023-12-14 13:17:06,24,26,4689,18714
2023-12-14 13:17:08,24,27,4689,18714
2023-12-14 13:17:09,25,27,4689,18714
2023-12-14 13:17:11,24,27,4689,18714
2023-12-14 13:17:12,24,26,4689,18714
2023-12-14 13:17:16,24,25,4689,18714
2023-12-14 13:17:16,22,25,4689,18714
2023-12-14 13:17:16,23,25,4689,18714
2023-12-14 13:17:25,23,26,4689,18714
2023-12-14 13:17:27,24,26,4689,18714
2023-12-14 13:17:48,24,27,4689,18714
2023-12-14 13:17:52,25,27,4689,18714
2023-12-14 13:17:55,23,27,4689,18714
2023-12-14 13:17:55,24,27,4689,18714
2023-12-14 13:17:56,24,26,4689,18714
2023-12-14 13:17:58,24,25,4689,18714
2023-12-14 13:17:58,22,25,4689,18714
2023-12-14 13:17:58,23,25,4689,18714
2023-12-14 13:18:21,22,25,4689,18714
2023-12-14 13:18:25,23,25,4689,18714
2023-12-14 13:18:33,22,25,4639,18764
2023-12-14 13:18:43,22,24,4639,18764
2023-12-14 13:19:11,21,24,4639,18764
2023-12-14 13:19:24,22,24,4639,18764
2023-12-14 13:19:27,22,25,4639,18764
2023-12-14 13:19:33,21,25,4639,18764
2023-12-14 13:19:38,22,25,4639,18764
2023-12-14 13:19:40,21,25,4639,18764
2023-12-14 13:19:41,21,24,4639,18764
2023-12-14 13:19:48,22,24,4639,18764
2023-12-14 13:19:50,21,24,4639,18764
2023-12-14 13:19:55,22,24,4639,18764
2023-12-14 13:19:56,21,24,4639,18764
2023-12-14 13:20:11,22,24,4639,18764
2023-12-14 13:20:11,22,25,4639,18764
2023-12-14 13:20:25,22,26,4639,18764
2023-12-14 13:20:28,23,26,4639,18764
2023-12-14 13:20:29,24,26,4639,18764
2023-12-14 13:20:30,24,27,4639,18764
2023-12-14 13:20:34,24,26,4639,18764
2023-12-14 13:20:36,23,26,4639,18764
2023-12-14 13:20:50,23,25,4639,18764
2023-12-14 13:20:50,22,25,4639,18764
2023-12-14 13:20:55,21,25,4639,18764
2023-12-14 13:20:55,21,24,4639,18764
2023-12-14 13:21:05,21,23,4639,18764
2023-12-14 13:21:12,21,24,4639,18764
2023-12-14 13:21:34,22,24,4639,18764
2023-12-14 13:21:36,21,24,4639,18764
2023-12-14 13:21:37,22,24,4639,18764
2023-12-14 13:21:38,21,24,4639,18764
2023-12-14 13:21:39,22,24,4639,18764
2023-12-14 13:21:42,21,24,4639,18764
2023-12-14 13:22:31,21,23,4639,18764
2023-12-14 13:22:47,21,24,4639,18764
2023-12-14 13:22:49,21,23,4639,18764
2023-12-14 13:22:52,21,24,4639,18764
2023-12-14 13:23:04,21,23,4639,18764
2023-12-14 13:23:07,21,24,4639,18764
2023-12-14 13:23:15,21,23,4639,18764
2023-12-14 13:24:10,21,22,4639,18764
2023-12-14 13:24:14,20,22,4639,18764
2023-12-14 13:24:53,19,22,4639,18964
2023-12-14 13:24:54,19,21,4639,18964
2023-12-14 13:25:00,19,22,4639,18964
2023-12-14 13:25:28,19,21,4639,18964
2023-12-14 13:25:49,19,22,4639,18964
2023-12-14 13:25:50,19,21,4639,18964
2023-12-14 13:26:37,19,22,4639,18964
2023-12-14 13:26:41,19,21,4639,18964
2023-12-14 13:26:51,18,21,4639,18964
2023-12-14 13:26:51,18,20,4639,18964
2023-12-14 13:26:59,18,21,4639,18964
2023-12-14 13:27:16,18,20,4639,18964
2023-12-14 13:28:05,17,20,4639,18964
2023-12-14 13:28:05,17,19,4639,18964
2023-12-14 13:28:34,17,18,4639,18964
2023-12-14 13:28:35,16,18,4639,18964
2023-12-14 13:28:37,16,19,4639,18964
2023-12-14 13:28:38,16,18,4639,18964
2023-12-14 13:28:42,16,19,4639,18964
2023-12-14 13:28:56,17,19,4639,18964
2023-12-14 13:29:01,16,19,4639,18964
2023-12-14 13:29:35,16,18,4639,18964
2023-12-14 13:29:39,16,17,4639,18964
2023-12-14 13:29:53,15,17,4639,18964
2023-12-14 13:31:02,15,18,4639,18964
2023-12-14 13:31:03,15,19,4639,18964
2023-12-14 13:31:04,16,19,4639,18964
2023-12-14 13:31:06,15,19,4639,18964
2023-12-14 13:31:07,15,18,4639,18964
2023-12-14 13:31:23,15,19,4639,18964
2023-12-14 13:31:23,16,19,4639,18964
2023-12-14 13:31:30,15,19,4639,18964
2023-12-14 13:31:30,16,19,4639,18964
2023-12-14 13:31:35,16,18,4639,18964
2023-12-14 13:31:35,15,18,4639,18964
2023-12-14 13:31:47,16,18,4639,18964
2023-12-14 13:31:49,16,19,4639,18964
2023-12-14 13:32:01,17,19,4639,18964
2023-12-14 13:32:01,17,20,4639,18964
2023-12-14 13:32:03,16,20,4639,18964
2023-12-14 13:32:08,16,19,4639,18964
2023-12-14 13:32:15,17,19,4639,18964
2023-12-14 13:32:17,16,19,4639,18964
2023-12-14 13:32:22,17,19,4639,18964
2023-12-14 13:32:23,16,19,4639,18964
2023-12-14 13:32:26,17,19,4639,18964
2023-12-14 13:32:27,16,19,4639,18964
2023-12-14 13:32:57,16,18,4639,18964
2023-12-14 13:33:02,16,19,4639,18964
2023-12-14 13:33:09,16,18,4639,18964
2023-12-14 13:33:10,15,18,4639,18964
2023-12-14 13:33:18,15,17,4639,18964
2023-12-14 13:33:22,15,16,4639,18964
2023-12-14 13:33:25,15,17,4639,18964
2023-12-14 13:33:35,15,16,4639,18964
2023-12-14 13:33:49,15,17,4639,18964
2023-12-14 13:34:03,15,18,4639,18964
2023-12-14 13:34:05,16,18,4639,18964
2023-12-14 13:34:12,16,19,4639,18964
2023-12-14 13:34:34,17,19,4639,18964
2023-12-14 13:34:35,16,19,4639,18964
2023-12-14 13:34:54,17,19,4639,18964
2023-12-14 13:35:01,16,19,4639,18964
2023-12-14 13:35:02,17,19,4639,18964
2023-12-14 13:35:05,16,19,4639,18964
2023-12-14 13:35:08,17,19,4639,18964
2023-12-14 13:35:13,16,19,4639,18964
2023-12-14 13:35:28,16,18,4639,18964
2023-12-14 13:35:29,15,18,4639,18964
2023-12-14 13:35:31,15,17,4639,18964
2023-12-14 13:35:46,15,18,4639,18964
2023-12-14 13:35:47,15,17,4639,18964
2023-12-14 13:36:19,15,18,4639,18964
2023-12-14 13:36:35,15,17,4639,18964
2023-12-14 13:37:01,15,18,4639,18964
2023-12-14 13:37:05,15,17,4639,18964
2023-12-14 13:37:09,15,18,4639,18964
2023-12-14 13:37:16,15,17,4639,18964
2023-12-14 13:37:39,15,18,4639,18964
2023-12-14 13:37:42,15,17,4639,18964
2023-12-14 13:37:58,15,16,4639,18964
2023-12-14 13:39:24,14,15,4839,19164
2023-12-14 13:42:21,13,15,4839,19164
2023-12-14 13:43:09,13,14,4839,19164
2023-12-14 13:43:12,12,14,4839,19164
2023-12-14 13:43:24,12,13,4839,19164
2023-12-14 13:43:26,12,14,4839,19164
2023-12-14 13:43:27,12,13,4839,19164
2023-12-14 13:43:39,12,14,4839,19164
2023-12-14 13:43:39,12,13,4839,19164
2023-12-14 13:43:41,12,14,4839,19164
2023-12-14 13:43:41,12,13,4839,19164
2023-12-14 13:43:51,12,14,4839,19164
2023-12-14 13:43:59,12,13,4839,19164
2023-12-14 13:44:07,11,13,4839,19164
2023-12-14 13:44:54,11,14,4839,19164
2023-12-14 13:44:57,11,13,4839,19164
2023-12-14 13:45:01,11,14,4839,19164
2023-12-14 13:45:08,11,13,4839,19164
2023-12-14 13:46:07,11,13,4839,19464
2023-12-14 13:46:07,12,13,4839,19464
2023-12-14 13:46:11,11,13,4839,19464
2023-12-14 13:47:06,10,13,4839,19464
2023-12-14 13:47:06,11,13,4839,19464
2023-12-14 13:47:11,11,12,4839,19464
2023-12-14 13:47:11,10,12,4839,19464
2023-12-14 13:47:36,10,11,4839,19464
2023-12-14 13:47:40,9,11,4839,19464
2023-12-14 13:47:40,10,11,4839,19464
2023-12-14 13:47:43,9,11,4839,19464
2023-12-14 13:47:48,10,11,4839,19464
2023-12-14 13:47:49,9,11,4839,19464
2023-12-14 13:47:51,10,11,4839,19464
2023-12-14 13:47:57,9,11,4839,19464
2023-12-14 13:47:58,10,11,4839,19464
2023-12-14 13:48:01,9,11,4839,19464
2023-12-14 13:48:03,9,10,4839,19464
2023-12-14 13:48:08,9,11,4839,19464
2023-12-14 13:48:10,9,10,4839,19464
2023-12-14 13:48:15,9,11,4839,19464
2023-12-14 13:48:30,8,11,4839,19464
2023-12-14 13:48:35,8,10,4839,19464
2023-12-14 13:48:40,9,10,4839,19464
2023-12-14 13:48:51,8,10,4839,19464
2023-12-14 13:48:51,9,10,4839,19464
2023-12-14 13:48:55,8,10,4839,19464
2023-12-14 13:48:55,9,10,4839,19464
2023-12-14 13:49:01,8,10,4839,19464
2023-12-14 13:49:02,9,10,4839,19464
2023-12-14 13:49:11,8,10,4839,19464
2023-12-14 13:49:13,8,9,4839,19464
2023-12-14 13:49:19,7,9,4839,19464
2023-12-14 13:49:25,7,8,4839,19464
2023-12-14 13:49:27,6,8,4839,19464
2023-12-14 13:49:40,7,8,4839,19464
2023-12-14 13:49:55,6,8,4839,19464
2023-12-14 13:49:55,7,8,4839,19464
2023-12-14 13:50:03,6,7,4650,19653
2023-12-14 13:50:04,6,8,4650,19653
2023-12-14 13:50:06,7,8,4650,19653
2023-12-14 13:50:10,6,8,4650,19653
2023-12-14 13:50:10,7,8,4650,19653
2023-12-14 13:50:13,6,8,4650,19653
2023-12-14 13:50:25,6,7,4650,19653
2023-12-14 13:50:27,5,7,4650,19653
2023-12-14 13:50:28,5,6,4650,19653
2023-12-14 13:50:39,4,6,4650,19653
2023-12-14 13:50:45,5,6,4650,19653
2023-12-14 13:50:45,4,6,4650,19773
2023-12-14 13:50:46,5,6,4650,19773
2023-12-14 13:50:54,5,6,4650,19775
2023-12-14 13:50:55,4,6,4650,19775
2023-12-14 13:50:55,4,5,4650,19775
2023-12-14 13:50:56,4,6,4652,19777
2023-12-14 13:50:56,4,5,4652,19777
2023-12-14 13:50:57,5,6,4652,19779
2023-12-14 13:50:57,5,6,4652,19781
2023-12-14 13:50:58,4,6,4652,19781
2023-12-14 13:50:58,4,5,4652,19781
2023-12-14 13:50:59,5,6,4652,19783
2023-12-14 13:51:04,4,6,4652,19978
2023-12-14 13:51:04,5,6,4652,19978
2023-12-14 13:51:05,5,6,4652,19980
2023-12-14 13:51:12,4,5,4675,20165
2023-12-14 13:51:13,4,6,4690,20180
2023-12-14 13:51:13,4,5,4690,20180
2023-12-14 13:51:30,3,4,4874,20364
2023-12-14 13:51:31,3,5,4890,20380
2023-12-14 13:51:31,4,5,4890,20380
2023-12-14 13:51:31,3,4,5019,20509
2023-12-14 13:51:31,3,5,5090,20580
2023-12-14 13:51:32,4,5,5090,20580
2023-12-14 13:51:40,4,5,5190,21080
2023-12-14 13:51:49,3,5,5190,21080
2023-12-14 13:51:49,4,5,5190,21080
2023-12-14 13:51:56,3,5,5190,21080
2023-12-14 13:51:56,4,5,5190,21080
2023-12-14 13:52:08,3,5,5190,21080
2023-12-14 13:52:08,3,4,5190,21080
2023-12-14 13:52:09,3,5,5390,21280
2023-12-14 13:52:09,4,5,5390,21280
2023-12-14 13:52:10,3,5,5390,21280
2023-12-14 13:52:10,3,4,5390,21280
2023-12-14 13:52:10,3,4,5390,21370
2023-12-14 13:52:15,3,4,5890,21870
2023-12-14 13:52:16,3,4,6390,22370
2023-12-14 13:52:19,3,4,6890,22870
2023-12-14 13:52:20,3,5,6900,22880
2023-12-14 13:52:20,4,5,6900,22880
2023-12-14 13:52:20,3,5,7030,23010
2023-12-14 13:52:20,4,5,7030,23010
2023-12-14 13:52:21,4,5,7137,23117
2023-12-14 13:52:24,3,4,7141,23121
2023-12-14 13:52:30,3,4,7641,23621
2023-12-14 13:52:59,3,4,8141,24121
2023-12-14 13:53:20,3,4,8341,24321
2023-12-14 13:53:42,3,4,8401,24381
2023-12-14 13:53:43,3,4,8516,24496
2023-12-14 13:53:45,2,4,8641,24621
2023-12-14 13:54:06,2,3,8641,24621
2023-12-14 13:54:14,2,4,9041,25021
2023-12-14 13:54:26,3,4,9041,25021
2023-12-14 13:54:26,3,4,9069,25049
2023-12-14 13:54:27,2,4,9069,25049
2023-12-14 13:54:28,3,4,9069,25049
2023-12-14 13:54:29,2,4,9069,25049
2023-12-14 13:54:29,3,4,9069,25049
2023-12-14 13:54:30,2,4,9069,25049
2023-12-14 13:54:30,3,4,9069,25049
2023-12-14 13:54:32,2,4,9069,25049
2023-12-14 13:54:56,2,3,9069,25049
2023-12-14 13:55:01,2,3,9269,25249
2023-12-14 13:55:01,2,3,9669,25649
2023-12-14 13:55:02,2,4,9869,25849
2023-12-14 13:55:03,3,4,9869,25849
2023-12-14 13:55:21,3,4,10069,26049
2023-12-14 13:55:21,3,4,11069,27049
2023-12-14 13:55:23,3,4,11269,27249
2023-12-14 13:55:23,3,4,11269,27359
2023-12-14 13:55:24,3,4,11269,27659
2023-12-14 13:55:27,3,4,11469,27859
2023-12-14 13:56:23,3,5,11469,27859
2023-12-14 13:56:24,4,5,11469,27859
2023-12-14 13:56:44,4,5,11469,27899
2023-12-14 13:56:56,4,5,11469,27967
2023-12-14 13:57:05,4,6,11469,27967
2023-12-14 13:57:45,4,5,11469,27967
2023-12-14 13:58:35,4,6,11669,28167
2023-12-14 13:58:57,5,6,11669,28167
2023-12-14 13:58:58,4,6,11669,28167
2023-12-14 13:58:59,5,6,11669,28167
2023-12-14 13:59:04,4,6,11669,28167
2023-12-14 13:59:04,5,6,11669,28167
2023-12-14 13:59:16,5,6,11669,28267
2023-12-14 13:59:21,5,7,11669,28267
2023-12-14 13:59:22,4,7,12039,28637
2023-12-14 13:59:22,5,7,12039,28637
2023-12-14 13:59:27,6,7,12039,28637
2023-12-14 13:59:37,6,7,13073,29871
2023-12-14 13:59:46,6,7,13273,30071
2023-12-14 14:00:17,6,8,13273,30071
2023-12-14 14:00:33,7,8,13273,30071
2023-12-14 14:00:38,6,8,13273,30071
2023-12-14 14:01:20,6,9,13273,30071
2023-12-14 14:01:25,7,9,13273,30071
2023-12-14 14:01:30,6,9,13273,30071
2023-12-14 14:01:38,7,9,13273,30071
2023-12-14 14:01:39,6,9,13273,30071
2023-12-14 14:01:42,7,9,13273,30071
2023-12-14 14:02:23,8,9,13273,30071
2023-12-14 14:02:32,8,10,13273,30071
2023-12-14 14:02:51,8,10,13428,30626
2023-12-14 14:02:52,9,10,13428,30626
2023-12-14 14:04:04,8,10,13428,30626
2023-12-14 14:04:04,8,9,13428,30626
2023-12-14 14:04:10,8,9,13628,30826
2023-12-14 14:04:11,7,9,13828,31026
2023-12-14 14:04:13,7,8,13828,31026
2023-12-14 14:04:15,7,8,13828,31123
2023-12-14 14:05:59,7,9,13828,31123
2023-12-14 14:06:01,7,8,13828,31123
2023-12-14 14:06:29,5,8,13828,31123
2023-12-14 14:06:29,6,8,13828,31123
2023-12-14 14:06:35,7,8,13828,31123
2023-12-14 14:06:37,6,8,13828,31123
2023-12-14 14:06:37,7,8,13828,31123
2023-12-14 14:06:39,6,8,13828,31123
2023-12-14 14:06:39,7,8,13828,31123
2023-12-14 14:06:44,6,8,13828,31123
2023-12-14 14:06:44,7,8,13828,31123
2023-12-14 14:06:58,7,9,13828,31123
2023-12-14 14:08:17,7,8,13828,31123
2023-12-14 14:09:38,6,8,13828,31123
2023-12-14 14:09:38,5,8,13828,31123
2023-12-14 14:09:38,6,8,13828,31123
2023-12-14 14:09:39,6,7,13828,31123
2023-12-14 14:09:40,5,7,13828,31123
2023-12-14 14:09:42,6,7,13828,31123
2023-12-14 14:09:49,6,8,13828,31123
2023-12-14 14:10:04,6,7,13828,31123
2023-12-14 14:10:08,5,6,13977,31272
2023-12-14 14:10:23,4,6,13977,31272
2023-12-14 14:10:23,4,5,13977,31272
2023-12-14 14:10:24,4,5,13917,31332
2023-12-14 14:10:29,4,6,13917,31332
2023-12-14 14:10:29,5,6,13917,31332
2023-12-14 14:10:33,5,6,13942,31357
2023-12-14 14:10:45,5,7,14142,31557
2023-12-14 14:10:53,6,7,14142,31557
2023-12-14 14:10:56,6,8,14142,31557
2023-12-14 14:11:04,7,8,14142,31557
2023-12-14 14:11:10,7,8,14142,31677
2023-12-14 14:11:10,7,9,14142,31677
2023-12-14 14:11:30,8,9,14142,31677
2023-12-14 14:11:31,7,9,14142,31677
2023-12-14 14:11:44,7,10,15342,33277
2023-12-14 14:11:51,7,9,15342,33277
2023-12-14 14:11:56,8,9,15342,33277
2023-12-14 14:12:01,7,9,15342,33277
2023-12-14 14:12:01,8,9,15342,33277
2023-12-14 14:12:04,8,10,15342,33277
2023-12-14 14:12:23,9,10,15342,33277
2023-12-14 14:12:24,8,10,15342,33277
2023-12-14 14:12:24,9,10,15342,33277
2023-12-14 14:12:26,8,10,15342,33277
2023-12-14 14:12:29,9,10,15342,33277
2023-12-14 14:12:30,8,10,15342,33277
2023-12-14 14:12:31,9,10,15342,33277
2023-12-14 14:12:35,9,11,15342,33277
2023-12-14 14:12:49,10,11,15342,33277
2023-12-14 14:13:00,10,12,15342,33477
2023-12-14 14:13:31,9,12,15342,33477
2023-12-14 14:13:38,10,12,15342,33477
2023-12-14 14:13:40,9,12,15342,33477
2023-12-14 14:13:44,10,12,15342,33477
2023-12-14 14:13:45,9,12,15342,33477
2023-12-14 14:14:02,9,11,15342,33477
2023-12-14 14:15:00,9,10,15342,33477
2023-12-14 14:15:19,9,11,15342,33477
2023-12-14 14:15:55,9,10,15342,33477
2023-12-14 14:15:57,8,10,15342,33477
2023-12-14 14:16:14,9,10,15342,33477
2023-12-14 14:16:14,9,10,15402,33537
2023-12-14 14:16:15,9,11,15402,33537
2023-12-14 14:16:32,10,11,15402,33537
2023-12-14 14:16:35,10,11,15467,33602
2023-12-14 14:16:37,9,11,15517,33652
2023-12-14 14:16:42,10,11,15517,33652
2023-12-14 14:16:45,9,11,15701,33836
2023-12-14 14:16:58,10,11,15701,33836
2023-12-14 14:17:06,9,11,15701,33836
2023-12-14 14:17:06,10,11,15701,33836
2023-12-14 14:17:07,10,12,15701,33836
2023-12-14 14:17:28,10,11,15701,33836
2023-12-14 14:17:28,9,11,15701,33836
2023-12-14 14:17:34,10,11,15701,33836
2023-12-14 14:17:42,9,11,15701,33836
2023-12-14 14:17:43,10,11,15701,33836
2023-12-14 14:18:00,9,11,15701,33836
2023-12-14 14:18:00,10,11,15701,33836
2023-12-14 14:18:03,9,11,15701,33836
2023-12-14 14:18:03,10,11,15701,33836
2023-12-14 14:18:06,10,12,15701,33836
2023-12-14 14:18:17,10,11,15701,33836
2023-12-14 14:18:24,7,11,15701,35836
2023-12-14 14:18:24,8,11,15701,35836
2023-12-14 14:18:24,9,11,15701,35836
2023-12-14 14:18:26,10,11,15701,35836
2023-12-14 14:18:31,10,12,15701,35836
2023-12-14 14:18:31,10,11,15701,35836
2023-12-14 14:18:33,9,11,15701,35836
2023-12-14 14:18:34,10,11,15701,35836
2023-12-14 14:18:36,9,11,15701,35836
2023-12-14 14:18:38,10,11,15701,35836
2023-12-14 14:18:50,9,11,15701,35836
2023-12-14 14:18:53,10,11,15701,35836
2023-12-14 14:18:56,9,11,15701,35836
2023-12-14 14:18:56,10,11,15701,35836
2023-12-14 14:18:58,8,11,15701,35836
2023-12-14 14:18:58,9,11,15701,35836
2023-12-14 14:18:59,9,11,15701,35856
2023-12-14 14:19:04,10,11,15701,35856
2023-12-14 14:19:06,9,11,15701,35856
2023-12-14 14:19:06,9,12,15701,35856
2023-12-14 14:19:06,10,12,15701,35856
2023-12-14 14:19:14,9,12,15701,35856
2023-12-14 14:19:27,10,12,15701,35856
2023-12-14 14:19:31,9,12,15701,35856
2023-12-14 14:19:31,11,12,15701,35856
2023-12-14 14:19:31,9,12,15701,35856
2023-12-14 14:19:31,11,12,15701,35856
2023-12-14 14:19:34,9,12,15701,35856
2023-12-14 14:19:34,11,12,15701,35856
2023-12-14 14:19:46,11,13,15701,35856
2023-12-14 14:19:56,12,13,15701,35856
2023-12-14 14:19:57,11,13,15701,35856
2023-12-14 14:20:00,12,13,15701,35856
2023-12-14 14:20:19,12,14,15701,35856
2023-12-14 14:20:24,12,13,15701,35856
2023-12-14 14:20:25,11,13,15701,35856
2023-12-14 14:20:34,11,14,15701,35856
2023-12-14 14:20:36,12,14,15701,35856
2023-12-14 14:20:38,12,13,15701,35856
2023-12-14 14:20:38,11,13,15701,35856
2023-12-14 14:20:43,12,13,15701,35856
2023-12-14 14:20:46,11,13,15701,35856
2023-12-14 14:20:46,12,13,15701,35856
2023-12-14 14:20:51,11,13,15701,35856
2023-12-14 14:20:53,12,13,15701,35856
2023-12-14 14:20:59,11,13,15701,35856
2023-12-14 14:20:59,12,13,15701,35856
2023-12-14 14:21:04,11,13,15701,35856
2023-12-14 14:21:06,12,13,15701,35856
2023-12-14 14:23:04,12,14,15712,35867
2023-12-14 14:23:04,13,14,15712,35867
2023-12-14 14:23:09,13,15,15712,35867
2023-12-14 14:23:20,13,14,15712,35867
2023-12-14 14:23:21,13,15,15712,35867
2023-12-14 14:23:27,14,15,15712,35867
2023-12-14 14:23:30,13,15,15712,35867
2023-12-14 14:23:30,13,14,15712,35867
2023-12-14 14:23:31,13,14,15687,35892
2023-12-14 14:23:40,12,14,15687,35892
2023-12-14 14:23:40,12,15,15687,35892
2023-12-14 14:23:40,12,13,15687,35892
2023-12-14 14:23:47,12,13,15687,35902
2023-12-14 14:23:51,12,15,15687,35902
2023-12-14 14:23:51,12,14,15687,35902
2023-12-14 14:23:59,13,14,15687,35902
2023-12-14 14:24:09,13,15,15687,35902
2023-12-14 14:24:09,14,15,15687,35902
2023-12-14 14:24:14,13,15,15687,35902
2023-12-14 14:24:17,13,16,15687,35902
2023-12-14 14:24:17,13,14,15687,35902
2023-12-14 14:24:21,13,16,15687,35902
2023-12-14 14:24:21,13,15,15687,35902
2023-12-14 14:24:21,14,15,15687,35902
2023-12-14 14:24:22,13,15,15687,35902
2023-12-14 14:24:22,14,15,15687,35902
2023-12-14 14:24:24,13,15,15687,35902
2023-12-14 14:24:24,14,15,15687,35902
2023-12-14 14:24:44,14,16,15687,35902
2023-12-14 14:24:48,13,16,15687,35902
2023-12-14 14:24:49,14,16,15687,35902
2023-12-14 14:24:59,15,16,15687,35902
2023-12-14 14:25:05,14,16,15687,35902
2023-12-14 14:25:05,15,16,15687,35902
2023-12-14 14:25:07,15,17,15687,35902
2023-12-14 14:25:12,15,16,15687,35902
2023-12-14 14:25:20,14,16,15687,35902
2023-12-14 14:25:20,15,16,15687,35902
2023-12-14 14:25:21,15,17,15687,35902
2023-12-14 14:25:23,15,16,15687,35902
2023-12-14 14:25:30,14,16,15687,35902
2023-12-14 14:25:31,15,16,15687,35902
2023-12-14 14:25:36,15,17,15687,35902
2023-12-14 14:25:38,15,16,15687,35902
2023-12-14 14:25:43,14,16,15687,35902
2023-12-14 14:25:55,15,16,15687,35902
2023-12-14 14:25:58,14,16,15687,35902
2023-12-14 14:25:59,15,16,15687,35902
2023-12-14 14:26:01,14,16,15687,35902
2023-12-14 14:26:01,15,16,15687,35902
2023-12-14 14:26:05,14,16,15687,35902
2023-12-14 14:26:05,15,16,15687,35902
2023-12-14 14:26:09,14,16,15687,35902
2023-12-14 14:26:10,15,16,15687,35902
2023-12-14 14:26:18,15,17,15687,35902
2023-12-14 14:26:26,14,17,15687,35902
2023-12-14 14:26:35,14,16,15687,35902
2023-12-14 14:26:39,14,16,15712,35927
2023-12-14 14:26:53,14,17,15712,35927
2023-12-14 14:26:56,14,16,15712,35927
2023-12-14 14:27:11,14,16,15712,36227
2023-12-14 14:27:18,14,17,15712,36227
2023-12-14 14:27:18,14,15,15712,36227
2023-12-14 14:27:52,13,15,15912,36427
2023-12-14 14:27:52,13,14,15912,36427
2023-12-14 14:28:44,10,13,15912,36627
2023-12-14 14:28:46,10,12,15912,36627
2023-12-14 14:28:50,9,12,15912,36627
2023-12-14 14:28:55,10,12,15912,36627
2023-12-14 14:28:55,10,13,15912,36627
2023-12-14 14:29:02,11,13,15912,36627
2023-12-14 14:29:04,11,14,15912,36627
2023-12-14 14:29:11,12,14,15912,36627
2023-12-14 14:29:14,11,14,15912,36627
2023-12-14 14:29:18,11,13,15912,36627
2023-12-14 14:29:25,11,14,15912,36627
2023-12-14 14:29:36,11,13,15912,36627
2023-12-14 14:29:37,11,14,15912,36627
2023-12-14 14:29:49,12,14,15912,36627
2023-12-14 14:30:06,11,14,15912,36627
2023-12-14 14:30:07,10,14,15912,36627
2023-12-14 14:30:07,10,13,15912,36627
2023-12-14 14:30:08,10,14,15912,36627
2023-12-14 14:30:08,10,12,15912,36627
2023-12-14 14:30:27,10,14,15912,36627
2023-12-14 14:30:27,10,13,15912,36627
2023-12-14 14:30:29,10,14,15912,36627
2023-12-14 14:30:29,10,12,15912,36627
2023-12-14 14:30:39,10,14,15912,36627
2023-12-14 14:30:39,10,13,15912,36627
2023-12-14 14:30:59,10,14,15912,36627
2023-12-14 14:30:59,10,12,15912,36627
2023-12-14 14:31:15,10,14,15912,36627
2023-12-14 14:31:15,10,13,15912,36627
2023-12-14 14:31:20,11,13,15912,36627
2023-12-14 14:31:31,10,13,15912,36627
2023-12-14 14:31:40,10,14,15912,36627
2023-12-14 14:31:40,10,12,15912,36627
2023-12-14 14:31:46,9,12,15912,36627
2023-12-14 14:31:47,9,13,15912,36627
2023-12-14 14:31:47,9,11,15912,36627
2023-12-14 14:31:59,9,11,15912,36927
2023-12-14 14:32:16,9,12,15912,36927
2023-12-14 14:32:16,9,10,15912,36927
2023-12-14 14:32:17,9,12,15912,36927
2023-12-14 14:32:17,9,11,15912,36927
2023-12-14 14:32:25,9,13,15912,36927
2023-12-14 14:32:25,9,12,15912,36927
2023-12-14 14:32:30,10,12,15912,36927
2023-12-14 14:32:34,10,14,15912,36927
2023-12-14 14:32:34,10,13,15912,36927
2023-12-14 14:32:36,11,13,15912,36927
2023-12-14 14:32:39,10,13,15912,36927
2023-12-14 14:32:53,10,14,15912,36927
2023-12-14 14:32:53,10,12,15912,36927
2023-12-14 14:32:57,9,12,15912,36927
2023-12-14 14:32:58,10,12,15912,36927
2023-12-14 14:33:02,9,12,15912,36927
2023-12-14 14:33:25,9,13,15912,36927
2023-12-14 14:33:25,9,11,15912,36927
2023-12-14 14:33:53,9,13,15912,36927
2023-12-14 14:33:53,9,14,15912,36927
2023-12-14 14:33:53,9,12,15912,36927
2023-12-14 14:34:07,10,12,15912,36927
2023-12-14 14:34:08,10,14,15912,36927
2023-12-14 14:34:08,10,13,15912,36927
2023-12-14 14:34:17,11,13,15912,36927
2023-12-14 14:34:18,11,14,15912,36927
2023-12-14 14:34:20,12,14,15912,36927
2023-12-14 14:34:22,12,15,16083,37098
2023-12-14 14:34:31,12,14,16083,37098
2023-12-14 14:34:32,11,14,16083,37098
2023-12-14 14:34:32,11,14,16083,37398
2023-12-14 14:36:14,12,14,16083,37398
2023-12-14 14:36:22,12,16,16083,37398
2023-12-14 14:36:25,13,16,16083,37398
2023-12-14 14:36:27,12,16,16083,37398
2023-12-14 14:36:28,12,14,16083,37398
2023-12-14 14:36:28,12,15,16083,37598
2023-12-14 14:36:36,13,15,16083,37598
2023-12-14 14:36:43,13,16,16083,37598
2023-12-14 14:36:43,13,14,16083,37598
2023-12-14 14:36:44,12,14,16083,37598
2023-12-14 14:36:49,12,13,16083,37598
2023-12-14 14:36:50,12,14,16083,37598
2023-12-14 14:36:50,12,13,16083,37598
2023-12-14 14:36:50,8,12,16083,37798
2023-12-14 14:36:50,8,13,16083,37798
2023-12-14 14:36:50,8,11,16083,37798
2023-12-14 14:36:51,9,11,16083,37798
2023-12-14 14:37:11,9,13,16083,37798
2023-12-14 14:37:11,9,14,16083,37798
2023-12-14 14:37:11,9,12,16083,37798
2023-12-14 14:37:20,10,12,16083,37798
2023-12-14 14:37:23,9,12,16083,37798
2023-12-14 14:37:24,10,12,16083,37798
2023-12-14 14:37:25,10,14,16083,37798
2023-12-14 14:37:25,10,13,16083,37798
2023-12-14 14:37:28,10,14,16083,37798
2023-12-14 14:37:28,9,14,16083,37798
2023-12-14 14:37:28,9,12,16083,37798
2023-12-14 14:37:37,9,14,16083,37798
2023-12-14 14:37:37,9,13,16083,37798
2023-12-14 14:37:37,9,11,16083,37798
2023-12-14 14:37:47,9,13,16083,37798
2023-12-14 14:37:47,9,10,16083,37798
2023-12-14 14:37:51,9,12,16083,37798
2023-12-14 14:37:51,9,13,16083,37798
2023-12-14 14:37:51,9,11,16083,37798
2023-12-14 14:38:00,9,12,16083,37798
2023-12-14 14:38:00,9,10,16083,37798
2023-12-14 14:38:04,9,12,16083,37798
2023-12-14 14:38:04,9,13,16083,37798
2023-12-14 14:38:04,9,11,16083,37798
2023-12-14 14:38:08,8,11,16083,37798
2023-12-14 14:38:10,10,11,16083,37798
2023-12-14 14:38:14,10,11,16083,38298
2023-12-14 14:38:21,10,13,16083,38301
2023-12-14 14:38:27,10,14,16083,38301
2023-12-14 14:38:42,11,14,16083,38301
2023-12-14 14:38:47,11,15,16083,38301
2023-12-14 14:38:52,11,14,16083,38301
2023-12-14 14:39:09,10,14,16083,38301
2023-12-14 14:39:10,11,14,16083,38301
2023-12-14 14:39:15,10,14,16083,38301
2023-12-14 14:39:29,11,14,16083,38301
2023-12-14 14:39:37,11,13,16083,38301
2023-12-14 14:39:38,10,13,16083,38301
2023-12-14 14:39:40,9,13,16083,38301
2023-12-14 14:39:49,9,12,16083,38301
2023-12-14 14:40:02,8,12,16083,38301
2023-12-14 14:40:07,8,11,16083,38301
2023-12-14 14:40:18,8,10,16083,38301
2023-12-14 14:40:20,7,10,16083,38301
2023-12-14 14:40:27,7,11,16083,38301
2023-12-14 14:40:40,7,10,16083,38301
2023-12-14 14:40:41,7,11,16083,38301
2023-12-14 14:40:48,8,11,16083,38301
2023-12-14 14:40:55,8,12,16083,38301
2023-12-14 14:41:02,8,12,16263,38481
2023-12-14 14:41:02,8,11,16263,38481
2023-12-14 14:41:32,9,11,16263,38481
2023-12-14 14:41:39,8,11,16263,38481
2023-12-14 14:41:45,8,12,16263,38481
2023-12-14 14:41:45,8,10,16263,38481
2023-12-14 14:41:59,7,10,16263,38481
2023-12-14 14:42:02,7,11,16263,38481
2023-12-14 14:42:02,7,9,16263,38481
2023-12-14 14:42:03,7,11,16263,38481
2023-12-14 14:42:03,7,10,16263,38481
2023-12-14 14:42:06,8,10,16263,38481
2023-12-14 14:42:18,7,10,16263,38481
2023-12-14 14:42:20,7,11,16263,38481
2023-12-14 14:42:20,7,9,16263,38481
2023-12-14 14:42:43,7,11,16263,38481
2023-12-14 14:42:43,7,10,16263,38481
2023-12-14 14:42:54,7,11,16263,38481
2023-12-14 14:42:54,7,9,16263,38481
2023-12-14 14:42:57,7,11,16263,38481
2023-12-14 14:42:57,7,10,16263,38481
2023-12-14 14:42:58,8,10,16263,38481
2023-12-14 14:42:59,8,10,16241,38503
2023-12-14 14:43:03,8,12,16241,38503
2023-12-14 14:43:03,8,11,16241,38503
2023-12-14 14:43:07,8,12,16241,38503
2023-12-14 14:43:07,8,10,16241,38503
2023-12-14 14:43:32,8,12,16241,38503
2023-12-14 14:43:32,8,11,16241,38503
2023-12-14 14:43:37,9,11,16241,38503
2023-12-14 14:43:39,9,13,16241,38503
2023-12-14 14:43:39,9,12,16241,38503
2023-12-14 14:43:45,9,11,16241,38503
2023-12-14 14:43:46,9,12,16241,38503
2023-12-14 14:43:48,9,11,16241,38503
2023-12-14 14:43:50,9,12,16241,38503
2023-12-14 14:43:59,10,12,16241,38503
2023-12-14 14:44:00,11,12,16241,38503
2023-12-14 14:44:05,11,13,16241,38503
2023-12-14 14:44:59,11,14,16241,38861
2023-12-14 14:45:19,12,14,16241,38861
2023-12-14 14:45:26,11,14,16241,38861
2023-12-14 14:45:27,11,13,16241,38861
2023-12-14 14:45:35,10,13,16241,38861
2023-12-14 14:45:40,11,13,16241,38861
2023-12-14 14:46:00,10,13,16241,38861
2023-12-14 14:46:14,11,13,16241,38861
2023-12-14 14:46:29,10,13,16241,38861
2023-12-14 14:46:38,11,13,16241,38861
2023-12-14 14:46:43,11,14,16441,39261
2023-12-14 14:46:43,12,14,16441,39261
2023-12-14 14:46:44,12,15,16441,39261
2023-12-14 14:46:50,12,14,16441,39261
2023-12-14 14:46:50,11,14,16441,39261
2023-12-14 14:47:02,12,14,16441,39261
2023-12-14 14:47:12,11,14,16441,39261
2023-12-14 14:47:17,11,13,16441,39261
2023-12-14 14:47:19,11,14,16441,39261
2023-12-14 14:47:29,11,13,16441,39261
2023-12-14 14:47:45,11,14,16441,39261
2023-12-14 14:47:48,11,13,16441,39261
2023-12-14 14:47:51,11,14,16441,39261
2023-12-14 14:48:05,12,14,16441,39261
2023-12-14 14:48:09,12,13,16441,39261
2023-12-14 14:48:09,12,14,16441,39461
2023-12-14 14:48:12,12,15,16441,39461
2023-12-14 14:48:13,13,15,16441,39461
2023-12-14 14:48:16,12,15,16441,39461
2023-12-14 14:48:18,12,15,16441,39616
2023-12-14 14:48:23,12,15,16441,39771
2023-12-14 14:48:24,12,16,16441,39771
2023-12-14 14:48:41,13,16,16441,39771
2023-12-14 14:48:43,12,16,16441,39771
2023-12-14 14:49:05,12,15,16441,39771
2023-12-14 14:49:07,12,16,16441,39771
2023-12-14 14:49:17,13,16,16441,39771
2023-12-14 14:49:40,13,17,16441,39771
2023-12-14 14:49:45,13,16,16441,39771
2023-12-14 14:49:46,13,17,16441,39771
2023-12-14 14:49:58,13,16,16441,39771
2023-12-14 14:50:02,13,17,16441,39771
2023-12-14 14:50:08,14,17,16441,39771
2023-12-14 14:50:14,13,17,16441,39771
2023-12-14 14:50:19,13,16,16441,39771
2023-12-14 14:50:27,12,16,16441,39771
2023-12-14 14:50:33,12,16,16641,40171
2023-12-14 14:50:33,13,16,16641,40171
2023-12-14 14:50:37,13,17,16641,40171
2023-12-14 14:50:38,13,16,16641,40171
2023-12-14 14:50:49,13,17,16641,40171
2023-12-14 14:50:57,14,17,16641,40171
2023-12-14 14:50:59,13,17,16641,40171
2023-12-14 14:51:00,14,17,16641,40171
2023-12-14 14:51:11,13,17,16641,40171
2023-12-14 14:51:11,13,16,16641,40171
2023-12-14 14:51:17,13,15,16641,40171
2023-12-14 14:51:22,13,16,16641,40171
2023-12-14 14:51:40,13,15,16641,40171
2023-12-14 14:51:42,13,16,16641,40171
2023-12-14 14:51:44,13,15,16641,40171
2023-12-14 14:51:46,12,15,16641,40171
2023-12-14 14:51:47,13,15,16641,40171
2023-12-14 14:51:47,13,16,16641,40171
2023-12-14 14:51:56,14,16,16641,40171
2023-12-14 14:51:56,14,17,16641,40171
2023-12-14 14:51:58,13,17,16641,40171
2023-12-14 14:51:58,14,17,16641,40171
2023-12-14 14:51:59,13,17,16641,40171
2023-12-14 14:51:59,13,16,16641,40171
2023-12-14 14:51:59,12,16,16641,40171
2023-12-14 14:51:59,13,16,16641,40171
2023-12-14 14:52:15,13,15,16641,40171
2023-12-14 14:52:16,14,15,16641,40171
2023-12-14 14:52:16,14,17,16641,40171
2023-12-14 14:52:16,14,16,16641,40171
2023-12-14 14:52:27,13,16,16641,40171
2023-12-14 14:52:27,12,16,16641,40171
2023-12-14 14:52:27,13,16,16641,40171
2023-12-14 14:52:30,12,16,16641,40171
2023-12-14 14:52:30,14,16,16641,40171
2023-12-14 14:52:33,14,17,16641,40171
2023-12-14 14:52:35,13,17,16641,40171
2023-12-14 14:52:35,14,17,16641,40171
2023-12-14 14:52:35,15,17,16641,40171
2023-12-14 14:52:47,15,17,16641,40196
2023-12-14 14:52:48,14,17,16641,40196
2023-12-14 14:52:48,13,17,16641,40196
2023-12-14 14:52:48,14,17,16641,40196
2023-12-14 14:52:49,14,16,16641,40196
2023-12-14 14:53:00,14,17,16641,40196
2023-12-14 14:53:01,14,16,16641,40196
2023-12-14 14:53:23,13,16,16641,40196
2023-12-14 14:53:23,12,16,16641,40196
2023-12-14 14:53:23,13,16,16641,40196
2023-12-14 14:53:29,12,16,16641,40196
2023-12-14 14:53:29,12,15,16641,40196
2023-12-14 14:53:29,12,15,16641,40196
2023-12-14 14:53:33,11,15,16641,40196
2023-12-14 14:53:33,12,15,16641,40196
2023-12-14 14:53:33,12,16,16641,40196
2023-12-14 14:53:33,13,16,16641,40196
2023-12-14 14:53:39,13,15,16641,40196
2023-12-14 14:53:42,11,15,16641,40196
2023-12-14 14:53:42,12,15,16641,40196
2023-12-14 14:53:54,12,15,16621,40216
2023-12-14 14:53:55,12,14,16621,40216
2023-12-14 14:53:56,12,15,16621,40216
2023-12-14 14:53:56,12,14,16621,40216
2023-12-14 14:54:05,12,15,16621,40216
2023-12-14 14:54:05,12,14,16621,40216
2023-12-14 14:54:06,11,14,16621,40216
2023-12-14 14:54:06,13,14,16621,40216
2023-12-14 14:54:08,13,15,16621,40216
2023-12-14 14:54:09,11,15,16621,40216
2023-12-14 14:54:09,12,15,16621,40216
2023-12-14 14:54:09,12,14,16621,40216
2023-12-14 14:54:14,12,15,16621,40216
2023-12-14 14:54:14,12,14,16621,40216
2023-12-14 14:54:18,11,14,16621,40216
2023-12-14 14:54:21,12,14,16621,40216
2023-12-14 14:54:22,12,15,16621,40216
2023-12-14 14:54:26,13,15,16621,40216
2023-12-14 14:54:28,13,16,16621,40216
2023-12-14 14:54:31,13,15,16621,40216
2023-12-14 14:54:32,11,15,16621,40216
2023-12-14 14:54:32,12,15,16621,40216
2023-12-14 14:54:39,12,14,16621,40216
2023-12-14 14:54:45,11,14,16621,40216
2023-12-14 14:54:56,11,13,16621,40216
2023-12-14 14:54:59,11,14,16621,40216
2023-12-14 14:55:02,11,13,16621,40216
2023-12-14 14:55:11,11,14,16621,40216
2023-12-14 14:55:12,11,13,16621,40216
2023-12-14 14:55:16,12,13,16621,40216
2023-12-14 14:55:16,12,14,16621,40216
2023-12-14 14:55:18,11,14,16621,40216
2023-12-14 14:55:19,11,13,16621,40216
2023-12-14 14:55:26,11,14,16621,40216
2023-12-14 14:55:30,12,14,16621,40216
2023-12-14 14:55:34,11,14,16621,40216
2023-12-14 14:55:34,13,14,16621,40216
2023-12-14 14:55:40,12,14,16621,40216
2023-12-14 14:55:40,12,14,16621,40371
2023-12-14 14:55:43,12,15,16621,40371
2023-12-14 14:55:48,13,15,16621,40371
2023-12-14 14:55:53,13,16,16621,40371
2023-12-14 14:55:57,14,16,16621,40371
2023-12-14 14:56:28,14,16,16646,40396
2023-12-14 14:56:38,15,16,16646,40396
2023-12-14 14:56:38,15,16,16696,40446
2023-12-14 14:56:45,14,16,16696,40446
2023-12-14 14:57:07,13,16,16696,40446
2023-12-14 14:57:10,12,16,16696,40446
2023-12-14 14:57:10,12,15,16696,40446
2023-12-14 14:57:14,11,15,16696,40446
2023-12-14 14:57:14,11,14,16696,40446
2023-12-14 14:57:34,12,14,16696,40446
2023-12-14 14:57:34,12,15,16696,40446
2023-12-14 14:57:37,11,15,16696,40446
2023-12-14 14:57:37,11,14,16696,40446
2023-12-14 14:58:11,11,13,16696,40446
2023-12-14 14:58:14,10,13,16696,40446
2023-12-14 14:58:20,11,13,16696,40446
2023-12-14 14:58:20,11,14,16696,40446
2023-12-14 14:58:21,11,16,16696,40446
2023-12-14 14:58:21,11,15,16696,40446
2023-12-14 14:58:22,12,15,16696,40446
2023-12-14 14:58:28,12,16,16696,40446
2023-12-14 14:58:28,11,16,16696,40446
2023-12-14 14:58:28,11,14,16696,40446
2023-12-14 14:58:40,11,16,16696,40446
2023-12-14 14:58:40,11,15,16696,40446
2023-12-14 14:58:41,11,16,16696,40446
2023-12-14 14:58:41,11,14,16696,40446
2023-12-14 14:58:46,11,16,16696,40446
2023-12-14 14:58:46,11,15,16696,40446
2023-12-14 14:58:49,11,16,16696,40446
2023-12-14 14:58:49,11,14,16696,40446
2023-12-14 14:58:55,12,14,16696,40446
2023-12-14 14:59:00,11,14,16696,40446
2023-12-14 14:59:01,12,14,16696,40446
2023-12-14 14:59:12,12,16,16696,40446
2023-12-14 14:59:12,12,15,16696,40446
2023-12-14 14:59:27,12,16,16696,40446
2023-12-14 14:59:31,12,15,16696,40446
2023-12-14 14:59:42,11,15,16696,40446
2023-12-14 14:59:43,11,16,16696,40446
2023-12-14 14:59:43,11,14,16696,40446
2023-12-14 14:59:44,11,16,16696,40446
2023-12-14 14:59:44,11,15,16696,40446
2023-12-14 14:59:48,12,15,16696,40446
2023-12-14 14:59:57,12,16,16696,40446
2023-12-14 14:59:57,12,17,16696,40446
2023-12-14 14:59:57,12,16,16696,40446
2023-12-14 14:59:59,12,17,16696,40446
2023-12-14 15:00:04,12,17,16696,40446
2023-12-14 15:00:04,12,16,16696,40446
2023-12-14 15:00:05,12,17,16696,40446
2023-12-14 15:00:05,12,15,16696,40446
2023-12-14 15:00:15,11,15,16696,40446
2023-12-14 15:00:15,11,14,16696,40446
2023-12-14 15:00:17,11,15,16696,40446
2023-12-14 15:00:17,11,13,16696,40446
2023-12-14 15:00:22,11,15,16696,40446
2023-12-14 15:00:22,11,14,16696,40446
2023-12-14 15:00:34,11,15,16696,40446
2023-12-14 15:00:35,11,14,16696,40446
2023-12-14 15:00:37,11,15,16696,40446
2023-12-14 15:00:37,11,14,16696,40446
2023-12-14 15:00:37,11,13,16696,40446
2023-12-14 15:00:42,11,14,16696,40446
2023-12-14 15:00:47,11,15,16696,40446
2023-12-14 15:00:50,11,14,16696,40446
2023-12-14 15:00:56,11,13,16696,40446
2023-12-14 15:01:05,11,14,16696,40446
2023-12-14 15:01:11,11,13,16696,40446
2023-12-14 15:01:13,11,14,16696,40446
2023-12-14 15:01:16,11,13,16696,40446
2023-12-14 15:01:23,11,14,16696,40446
2023-12-14 15:01:31,11,15,16696,40446
2023-12-14 15:01:40,13,15,16696,40446
2023-12-14 15:01:44,13,16,16696,40721
2023-12-14 15:02:09,13,15,16696,40721
2023-12-14 15:02:11,11,15,16696,40721
2023-12-14 15:02:59,12,15,16696,40721
2023-12-14 15:03:04,11,15,16696,40721
2023-12-14 15:03:15,12,15,16696,40721
2023-12-14 15:03:42,11,15,16696,40721
2023-12-14 15:04:04,12,15,16696,40721
2023-12-14 15:04:16,12,16,16696,40721
2023-12-14 15:04:22,12,15,16696,40721
2023-12-14 15:04:32,11,15,16696,40721
2023-12-14 15:04:46,11,14,16696,40721
2023-12-14 15:04:49,11,15,16696,40721
2023-12-14 15:04:49,11,13,16696,40721
2023-12-14 15:04:50,11,13,16696,40731
2023-12-14 15:04:54,11,15,16696,40731
2023-12-14 15:04:54,10,12,16696,40731
2023-12-14 15:04:54,10,14,16696,40806
2023-12-14 15:04:55,10,15,16696,40806
2023-12-14 15:04:55,11,15,16696,40806
2023-12-14 15:04:56,10,15,16696,40806
2023-12-14 15:04:56,10,14,16696,40806
2023-12-14 15:04:56,10,12,16696,40806
2023-12-14 15:04:57,10,11,16696,40806
2023-12-14 15:04:59,10,14,16696,40881
2023-12-14 15:04:59,10,11,16696,40881
2023-12-14 15:05:03,10,11,16696,40937
2023-12-14 15:05:04,10,13,16696,40956
2023-12-14 15:05:05,10,11,16696,40956
2023-12-14 15:05:06,10,11,16696,40973
2023-12-14 15:05:07,10,12,16696,40973
2023-12-14 15:05:08,11,12,16696,40973
2023-12-14 15:05:09,11,12,16696,41033
2023-12-14 15:05:10,11,14,16696,41033
2023-12-14 15:05:10,11,13,16696,41033
2023-12-14 15:05:12,11,12,16696,41033
2023-12-14 15:05:14,10,12,16696,41033
2023-12-14 15:05:17,10,13,16696,41033
2023-12-14 15:05:19,11,13,16696,41033
2023-12-14 15:05:19,11,14,16696,41033
2023-12-14 15:05:22,10,14,16696,41033
2023-12-14 15:05:27,10,13,16696,41033
2023-12-14 15:05:28,10,14,16696,41033
2023-12-14 15:05:31,10,13,16696,41033
2023-12-14 15:05:38,10,12,16696,41033
2023-12-14 15:05:57,11,12,16696,41033
2023-12-14 15:05:57,11,14,16696,41033
2023-12-14 15:05:57,11,13,16696,41033
2023-12-14 15:05:58,11,15,16696,41033
2023-12-14 15:05:58,11,14,16696,41033
2023-12-14 15:06:03,11,15,16696,41033
2023-12-14 15:06:04,12,15,16696,41033
2023-12-14 15:06:08,12,16,16696,41033
2023-12-14 15:06:12,13,16,16696,41033
2023-12-14 15:06:13,12,16,16696,41033
2023-12-14 15:06:14,13,16,16696,41033
2023-12-14 15:06:19,12,16,16696,41033
2023-12-14 15:06:19,12,15,16696,41033
2023-12-14 15:06:20,13,15,16696,41033
2023-12-14 15:06:24,12,15,16696,41033
2023-12-14 15:06:25,13,15,16696,41033
2023-12-14 15:06:32,12,15,16696,41033
2023-12-14 15:06:32,13,15,16696,41033
2023-12-14 15:06:32,14,15,16696,41033
2023-12-14 15:06:32,14,17,16696,41033
2023-12-14 15:06:41,14,16,16696,41033
2023-12-14 15:06:46,12,16,16696,41033
2023-12-14 15:06:47,12,15,16696,41033
2023-12-14 15:06:48,12,16,16696,41033
2023-12-14 15:06:49,11,16,16696,41033
2023-12-14 15:06:49,12,16,16696,41033
2023-12-14 15:06:49,13,16,16696,41033
2023-12-14 15:06:53,11,16,16696,41033
2023-12-14 15:06:53,11,15,16696,41033
2023-12-14 15:06:53,12,15,16696,41033
2023-12-14 15:07:02,12,14,16696,41033
2023-12-14 15:07:05,11,14,16696,41033
2023-12-14 15:07:05,10,14,16696,41033
2023-12-14 15:07:05,11,14,16696,41033
2023-12-14 15:07:09,11,13,16696,41033
2023-12-14 15:07:10,11,14,16696,41033
2023-12-14 15:07:11,11,13,16696,41033
2023-12-14 15:07:16,10,13,16696,41033
2023-12-14 15:07:16,10,12,16696,41033
2023-12-14 15:07:17,10,13,16696,41033
2023-12-14 15:07:19,10,12,16696,41033
2023-12-14 15:07:22,9,12,16696,41033
2023-12-14 15:07:27,10,12,16696,41033
2023-12-14 15:07:32,9,12,16696,41033
2023-12-14 15:07:33,10,12,16696,41033
2023-12-14 15:07:34,10,11,16696,41033
2023-12-14 15:07:35,10,12,16696,41033
2023-12-14 15:07:35,10,11,16696,41033
2023-12-14 15:07:37,9,11,16696,41033
2023-12-14 15:07:39,10,11,16696,41033
2023-12-14 15:07:41,9,11,16696,41033
2023-12-14 15:07:45,10,11,16696,41033
2023-12-14 15:07:49,10,13,16696,41033
2023-12-14 15:07:50,10,12,16696,41033
2023-12-14 15:07:58,10,13,16696,41033
2023-12-14 15:08:01,9,13,16696,41033
2023-12-14 15:08:01,10,13,16696,41033
2023-12-14 15:08:01,11,13,16696,41033
2023-12-14 15:08:02,11,14,16696,41033
2023-12-14 15:08:08,11,15,16696,41033
2023-12-14 15:08:08,12,15,16696,41033
2023-12-14 15:08:11,12,16,16696,41033
2023-12-14 15:08:12,12,15,16696,41033
2023-12-14 15:08:17,12,14,16696,41033
2023-12-14 15:08:19,13,14,16696,41033
2023-12-14 15:08:22,13,16,16696,41033
2023-12-14 15:08:22,13,15,16696,41033
2023-12-14 15:08:23,13,17,16696,41033
2023-12-14 15:08:23,13,16,16696,41033
2023-12-14 15:08:24,12,16,16696,41033
2023-12-14 15:08:24,14,16,16696,41033
2023-12-14 15:08:24,14,17,16696,41033
2023-12-14 15:08:24,14,16,16696,41033
2023-12-14 15:08:25,14,17,16696,41033
2023-12-14 15:08:35,13,17,16696,41033
2023-12-14 15:08:35,14,17,16696,41033
2023-12-14 15:08:35,15,17,16696,41033
2023-12-14 15:08:40,15,16,16696,41033
2023-12-14 15:08:41,13,16,16696,41033
2023-12-14 15:08:41,14,16,16696,41033
2023-12-14 15:08:54,14,15,16696,41033
2023-12-14 15:09:01,14,17,16696,41033
2023-12-14 15:09:01,14,15,16696,41033
2023-12-14 15:09:08,12,15,16696,41033
2023-12-14 15:09:08,13,15,16696,41033
2023-12-14 15:09:09,12,15,16696,41033
2023-12-14 15:09:09,11,15,16696,41033
2023-12-14 15:09:09,12,15,16696,41033
2023-12-14 15:09:11,12,16,16696,41033
2023-12-14 15:09:11,13,16,16696,41033
2023-12-14 15:09:14,13,15,16696,41033
2023-12-14 15:09:17,11,15,16696,41033
2023-12-14 15:09:17,12,15,16696,41033
2023-12-14 15:09:19,11,15,16696,41033
2023-12-14 15:09:19,11,16,16696,41033
2023-12-14 15:09:19,13,16,16696,41033
2023-12-14 15:09:24,13,15,16696,41033
2023-12-14 15:09:30,13,14,16696,41033
2023-12-14 15:09:37,12,14,16696,41033
2023-12-14 15:09:37,14,16,16574,41155
2023-12-14 15:09:37,14,16,16574,41281
2023-12-14 15:09:37,14,15,16574,41281
2023-12-14 15:09:40,12,16,16510,41345
2023-12-14 15:09:40,12,14,16510,41345
2023-12-14 15:09:40,12,16,16510,41345
2023-12-14 15:09:40,12,14,16510,41345
2023-12-14 15:09:57,12,16,16510,41345
2023-12-14 15:09:58,12,15,16510,41345
2023-12-14 15:10:05,11,15,16510,41345
2023-12-14 15:10:05,11,14,16510,41345
2023-12-14 15:10:17,11,15,16510,41345
2023-12-14 15:10:17,11,14,16510,41345
2023-12-14 15:10:25,11,15,16510,41345
2023-12-14 15:10:25,11,14,16510,41345
2023-12-14 15:10:26,10,14,16510,41345
2023-12-14 15:10:28,10,13,16510,41345
2023-12-14 15:10:31,11,13,16510,41345
2023-12-14 15:10:31,11,15,16510,41345
2023-12-14 15:10:31,11,14,16510,41345
2023-12-14 15:10:34,11,15,16510,41345
2023-12-14 15:10:34,11,14,16510,41345
2023-12-14 15:10:36,11,15,16510,41345
2023-12-14 15:10:45,11,14,16510,41345
2023-12-14 15:10:50,11,13,16510,41345
2023-12-14 15:10:53,10,13,16510,41345
2023-12-14 15:11:20,10,14,16510,41345
2023-12-14 15:11:20,10,13,16510,41345
2023-12-14 15:11:21,10,14,16510,41345
2023-12-14 15:11:22,10,13,16510,41345
2023-12-14 15:11:23,10,14,16510,41345
2023-12-14 15:11:23,10,13,16510,41345
2023-12-14 15:11:45,11,13,16510,41345
2023-12-14 15:11:46,10,13,16510,41345
2023-12-14 15:11:48,10,14,16510,41345
2023-12-14 15:11:48,10,13,16510,41345
2023-12-14 15:11:51,11,13,16510,41345
2023-12-14 15:11:51,11,15,16510,41345
2023-12-14 15:11:51,11,14,16510,41345
2023-12-14 15:11:52,11,16,16510,41345
2023-12-14 15:11:52,11,15,16510,41345
2023-12-14 15:11:53,12,15,16510,41345
2023-12-14 15:11:53,12,16,16510,41345
2023-12-14 15:11:53,12,15,16510,41345
2023-12-14 15:11:54,12,16,16510,41345
2023-12-14 15:11:56,12,15,16510,41345
