datetime,bid,ask,open_interest,volume
2023-12-27 09:30:01,35,46,0,0
2023-12-27 09:30:05,35,49,0,0
2023-12-27 09:30:12,32,49,0,0
2023-12-27 09:30:12,29,49,0,0
2023-12-27 09:30:12,26,49,0,0
2023-12-27 09:30:12,2,49,0,0
2023-12-27 09:30:16,34,49,0,0
2023-12-27 09:30:36,31,49,0,0
2023-12-27 09:30:36,28,49,0,0
2023-12-27 09:30:36,25,49,0,0
2023-12-27 09:30:36,2,49,0,0
2023-12-27 09:30:47,3,49,0,0
2023-12-27 09:30:51,3,39,0,0
2023-12-27 09:30:53,28,39,0,0
2023-12-27 09:30:53,31,39,0,0
2023-12-27 09:31:00,31,38,0,0
2023-12-27 09:31:00,35,38,0,0
2023-12-27 09:31:01,35,37,0,0
2023-12-27 09:31:02,35,36,0,0
2023-12-27 09:31:02,34,36,0,0
2023-12-27 09:31:08,34,36,250,250
2023-12-27 09:31:08,34,37,250,250
2023-12-27 09:31:10,35,37,250,250
2023-12-27 09:31:11,35,38,250,250
2023-12-27 09:31:14,35,39,250,250
2023-12-27 09:31:14,35,38,250,250
2023-12-27 09:31:15,35,39,250,250
2023-12-27 09:31:15,36,39,250,250
2023-12-27 09:31:17,36,38,250,250
2023-12-27 09:31:18,36,39,250,250
2023-12-27 09:31:26,35,39,250,250
2023-12-27 09:31:26,35,38,250,250
2023-12-27 09:31:26,36,38,250,250
2023-12-27 09:31:27,35,38,250,250
2023-12-27 09:31:30,36,38,250,250
2023-12-27 09:31:31,36,39,250,250
2023-12-27 09:31:35,35,39,250,250
2023-12-27 09:31:35,35,38,250,250
2023-12-27 09:31:36,35,39,250,250
2023-12-27 09:31:36,36,39,250,250
2023-12-27 09:31:36,36,38,250,250
2023-12-27 09:31:38,35,38,250,250
2023-12-27 09:31:41,36,38,250,250
2023-12-27 09:31:42,35,38,250,250
2023-12-27 09:31:44,35,39,250,250
2023-12-27 09:31:44,36,39,250,250
2023-12-27 09:31:45,37,39,250,250
2023-12-27 09:31:54,36,39,250,250
2023-12-27 09:31:55,35,39,250,250
2023-12-27 09:31:55,36,39,250,250
2023-12-27 09:31:59,36,39,250,250
2023-12-27 09:32:02,37,39,250,250
2023-12-27 09:32:21,37,40,250,250
2023-12-27 09:32:24,38,40,250,250
2023-12-27 09:32:55,37,40,250,250
2023-12-27 09:32:55,37,39,250,250
2023-12-27 09:32:56,37,40,250,250
2023-12-27 09:32:59,37,39,250,250
2023-12-27 09:33:00,37,40,250,250
2023-12-27 09:33:06,37,39,250,250
2023-12-27 09:33:10,36,39,250,250
2023-12-27 09:33:10,36,38,250,250
2023-12-27 09:33:20,35,38,250,250
2023-12-27 09:33:23,36,38,250,250
2023-12-27 09:33:25,35,38,250,250
2023-12-27 09:33:28,36,38,250,250
2023-12-27 09:33:32,35,38,250,250
2023-12-27 09:33:37,35,37,250,250
2023-12-27 09:33:41,35,38,250,250
2023-12-27 09:33:55,35,37,250,250
2023-12-27 09:33:59,35,38,250,250
2023-12-27 09:33:59,35,37,250,250
2023-12-27 09:34:00,35,38,250,250
2023-12-27 09:34:07,36,38,250,250
2023-12-27 09:34:25,36,39,250,250
2023-12-27 09:34:36,36,38,250,250
2023-12-27 09:34:41,36,39,250,250
2023-12-27 09:34:46,36,38,250,250
2023-12-27 09:34:54,36,39,250,250
2023-12-27 09:34:55,36,38,250,250
2023-12-27 09:34:56,36,38,250,315
2023-12-27 09:34:59,35,38,250,315
2023-12-27 09:35:03,35,37,250,315
2023-12-27 09:35:07,35,38,250,315
2023-12-27 09:35:13,35,37,250,315
2023-12-27 09:35:19,35,38,250,315
2023-12-27 09:35:21,35,37,250,315
2023-12-27 09:35:23,35,38,250,315
2023-12-27 09:35:29,35,37,250,315
2023-12-27 09:35:37,34,37,250,315
2023-12-27 09:35:38,34,37,250,325
2023-12-27 09:35:38,34,36,250,325
2023-12-27 09:35:52,33,36,250,325
2023-12-27 09:35:52,33,35,250,325
2023-12-27 09:35:54,33,36,250,325
2023-12-27 09:35:54,33,35,250,325
2023-12-27 09:36:11,33,36,250,325
2023-12-27 09:36:15,34,36,250,325
2023-12-27 09:36:23,33,36,250,325
2023-12-27 09:36:25,34,36,250,325
2023-12-27 09:36:32,33,36,250,325
2023-12-27 09:36:33,33,35,250,325
2023-12-27 09:36:39,33,36,250,325
2023-12-27 09:36:41,34,36,250,325
2023-12-27 09:36:42,33,36,250,325
2023-12-27 09:36:42,34,36,250,325
2023-12-27 09:36:47,33,36,250,325
2023-12-27 09:36:48,34,36,250,325
2023-12-27 09:37:00,33,36,250,325
2023-12-27 09:37:01,34,36,250,325
2023-12-27 09:37:02,33,36,250,325
2023-12-27 09:37:06,34,36,250,325
2023-12-27 09:37:07,33,36,250,325
2023-12-27 09:37:13,34,36,250,325
2023-12-27 09:37:22,35,36,250,325
2023-12-27 09:37:23,34,36,250,325
2023-12-27 09:37:32,35,36,250,325
2023-12-27 09:37:38,35,38,250,325
2023-12-27 09:37:39,35,37,250,325
2023-12-27 09:37:46,34,37,250,325
2023-12-27 09:37:55,35,37,250,325
2023-12-27 09:37:57,35,38,250,325
2023-12-27 09:38:02,35,39,250,325
2023-12-27 09:38:02,36,39,250,325
2023-12-27 09:38:06,36,38,250,325
2023-12-27 09:38:09,36,39,250,325
2023-12-27 09:38:38,37,39,250,325
2023-12-27 09:38:48,38,39,250,325
2023-12-27 09:38:50,38,40,250,325
2023-12-27 09:38:54,39,40,250,325
2023-12-27 09:38:56,38,40,250,325
2023-12-27 09:39:11,38,41,250,325
2023-12-27 09:39:11,39,41,250,325
2023-12-27 09:39:20,38,41,250,325
2023-12-27 09:39:20,39,41,250,325
2023-12-27 09:39:23,38,41,250,325
2023-12-27 09:39:29,39,41,250,325
2023-12-27 09:39:46,38,41,250,325
2023-12-27 09:40:03,39,41,250,325
2023-12-27 09:40:12,38,41,250,325
2023-12-27 09:40:14,39,41,250,325
2023-12-27 09:40:16,38,41,250,325
2023-12-27 09:40:21,38,40,250,325
2023-12-27 09:40:43,37,40,250,325
2023-12-27 09:40:46,37,39,250,325
2023-12-27 09:41:05,37,40,250,325
2023-12-27 09:41:18,38,40,250,325
2023-12-27 09:41:20,38,41,250,325
2023-12-27 09:41:29,38,40,250,325
2023-12-27 09:41:34,38,41,250,325
2023-12-27 09:41:37,39,41,250,325
2023-12-27 09:41:48,40,41,250,325
2023-12-27 09:41:51,39,41,250,325
2023-12-27 09:42:05,38,41,250,325
2023-12-27 09:42:14,39,41,250,325
2023-12-27 09:42:15,38,41,250,325
2023-12-27 09:42:23,39,41,250,325
2023-12-27 09:43:11,38,41,250,325
2023-12-27 09:43:19,39,41,250,325
2023-12-27 09:44:05,38,41,250,325
2023-12-27 09:44:06,39,41,250,325
2023-12-27 09:44:18,38,41,250,325
2023-12-27 09:45:04,38,40,250,325
2023-12-27 09:45:05,37,40,450,525
2023-12-27 09:45:08,38,40,450,525
2023-12-27 09:45:09,38,41,450,525
2023-12-27 09:45:16,39,41,450,525
2023-12-27 09:45:18,38,41,450,525
2023-12-27 09:45:24,39,41,450,525
2023-12-27 09:45:43,38,41,450,525
2023-12-27 09:45:45,38,40,450,525
2023-12-27 09:45:46,37,40,450,525
2023-12-27 09:45:49,38,40,450,525
2023-12-27 09:45:53,38,41,450,525
2023-12-27 09:46:00,38,40,450,525
2023-12-27 09:46:07,38,41,450,525
2023-12-27 09:46:08,39,41,450,525
2023-12-27 09:47:03,40,41,450,525
2023-12-27 09:47:27,40,41,700,775
2023-12-27 09:47:49,41,42,700,785
2023-12-27 09:47:52,41,43,700,785
2023-12-27 09:48:32,42,43,700,785
2023-12-27 09:48:37,41,43,900,985
2023-12-27 09:49:42,40,43,900,985
2023-12-27 09:49:44,40,42,900,985
2023-12-27 09:49:48,39,42,900,985
2023-12-27 09:49:49,39,41,900,985
2023-12-27 09:49:51,39,42,900,985
2023-12-27 09:50:01,39,41,900,985
2023-12-27 09:50:09,39,41,960,1045
2023-12-27 09:50:15,39,42,960,1045
2023-12-27 09:50:26,39,41,960,1045
2023-12-27 09:50:27,39,42,960,1045
2023-12-27 09:50:34,39,43,960,1045
2023-12-27 09:50:38,39,42,960,1045
2023-12-27 09:50:43,39,41,960,1045
2023-12-27 09:50:44,39,42,960,1045
2023-12-27 09:50:53,39,41,960,1045
2023-12-27 09:51:48,39,42,960,1045
2023-12-27 09:52:10,39,41,960,1045
2023-12-27 09:52:15,38,41,1100,1185
2023-12-27 09:52:16,38,40,1100,1185
2023-12-27 09:52:21,38,41,1100,1185
2023-12-27 09:52:25,38,40,1100,1185
2023-12-27 09:52:26,38,41,1100,1185
2023-12-27 09:52:27,38,40,1100,1185
2023-12-27 09:52:28,38,41,1100,1185
2023-12-27 09:52:34,38,40,1100,1185
2023-12-27 09:52:37,38,41,1100,1185
2023-12-27 09:52:38,38,40,1100,1185
2023-12-27 09:52:51,38,41,1100,1185
2023-12-27 09:52:54,38,40,1100,1185
2023-12-27 09:53:07,37,40,1300,1385
2023-12-27 09:53:08,37,39,1300,1385
2023-12-27 09:53:10,37,40,1300,1385
2023-12-27 09:53:13,37,39,1300,1385
2023-12-27 09:53:17,37,40,1300,1385
2023-12-27 09:53:22,37,39,1300,1385
2023-12-27 09:53:44,37,40,1300,1385
2023-12-27 09:53:49,37,39,1300,1385
2023-12-27 09:54:04,37,40,1300,1385
2023-12-27 09:54:08,37,39,1300,1385
2023-12-27 09:54:13,37,40,1300,1385
2023-12-27 09:54:20,37,39,1300,1385
2023-12-27 09:54:33,37,40,1300,1385
2023-12-27 09:54:34,37,39,1300,1385
2023-12-27 09:54:37,36,39,1500,1585
2023-12-27 09:54:41,36,40,1500,1585
2023-12-27 09:54:41,37,40,1500,1585
2023-12-27 09:54:44,36,40,1500,1585
2023-12-27 09:54:44,36,39,1500,1585
2023-12-27 09:54:51,36,40,1500,1585
2023-12-27 09:54:51,37,40,1500,1585
2023-12-27 09:54:55,36,40,1500,1585
2023-12-27 09:54:55,36,39,1500,1585
2023-12-27 09:55:04,36,40,1500,1585
2023-12-27 09:55:04,37,40,1500,1585
2023-12-27 09:55:06,37,39,1500,1585
2023-12-27 09:55:11,36,39,1500,1585
2023-12-27 09:55:25,37,39,1500,1585
2023-12-27 09:55:26,37,40,1500,1585
2023-12-27 09:55:34,37,41,1500,1585
2023-12-27 09:55:41,37,40,1500,1585
2023-12-27 09:55:46,37,39,1500,1585
2023-12-27 09:55:47,36,39,1500,1585
2023-12-27 09:55:57,36,40,1500,1585
2023-12-27 09:55:57,37,40,1500,1585
2023-12-27 09:56:09,37,41,1500,1585
2023-12-27 09:56:43,37,40,1500,1585
2023-12-27 09:56:46,37,41,1500,1585
2023-12-27 09:56:58,37,40,1500,1585
2023-12-27 09:57:00,37,41,1500,1585
2023-12-27 09:57:00,37,40,1500,1585
2023-12-27 09:57:08,37,39,1500,1585
2023-12-27 09:57:09,36,39,1500,1585
2023-12-27 09:57:23,36,40,1500,1585
2023-12-27 09:57:24,37,40,1500,1585
2023-12-27 09:57:46,37,39,1500,1585
2023-12-27 09:57:49,36,39,1500,1585
2023-12-27 09:57:53,36,38,1500,1585
2023-12-27 09:58:23,36,38,1510,1595
2023-12-27 09:58:25,35,38,1510,1595
2023-12-27 09:58:26,35,37,1510,1595
2023-12-27 09:58:34,35,37,1551,1636
2023-12-27 09:58:36,35,37,1560,1645
2023-12-27 09:58:38,34,37,1710,1795
2023-12-27 09:58:38,34,36,1710,1795
2023-12-27 09:58:47,33,36,1710,1795
2023-12-27 09:58:47,33,35,1710,1795
2023-12-27 09:59:05,33,34,1710,1795
2023-12-27 09:59:05,33,34,1721,1806
2023-12-27 09:59:16,33,35,1721,1806
2023-12-27 09:59:36,33,36,1721,1806
2023-12-27 09:59:40,33,35,1721,1806
2023-12-27 09:59:51,33,36,1721,1806
2023-12-27 09:59:52,34,36,1721,1806
2023-12-27 09:59:59,34,37,1721,1806
2023-12-27 09:59:59,34,38,1721,1806
2023-12-27 09:59:59,35,38,1721,1806
2023-12-27 09:59:59,35,37,1721,1806
2023-12-27 10:00:02,35,36,1721,1806
2023-12-27 10:00:04,35,37,1721,1806
2023-12-27 10:00:05,34,37,1721,1806
2023-12-27 10:00:06,34,36,1721,1806
2023-12-27 10:00:08,35,36,1721,1806
2023-12-27 10:00:08,35,37,1721,1806
2023-12-27 10:00:30,34,37,1721,1806
2023-12-27 10:00:32,34,36,1721,1806
2023-12-27 10:00:34,34,37,1721,1806
2023-12-27 10:00:35,34,36,1721,1806
2023-12-27 10:00:43,34,37,1721,1806
2023-12-27 10:00:45,34,36,1721,1806
2023-12-27 10:00:49,33,36,1721,1806
2023-12-27 10:00:50,33,35,1721,1806
2023-12-27 10:00:57,32,35,1721,1806
2023-12-27 10:00:57,32,34,1721,1806
2023-12-27 10:00:57,32,33,1721,1806
2023-12-27 10:01:13,32,34,1721,1806
2023-12-27 10:01:17,32,33,1721,1806
2023-12-27 10:01:21,31,33,1721,1806
2023-12-27 10:01:25,32,33,1721,1806
2023-12-27 10:01:30,32,34,1721,1806
2023-12-27 10:01:35,33,34,1721,1806
2023-12-27 10:01:38,33,35,1721,1806
2023-12-27 10:01:50,33,36,1721,1806
2023-12-27 10:01:57,34,36,1721,1806
2023-12-27 10:02:00,34,37,1721,1806
2023-12-27 10:02:08,35,37,1721,1806
2023-12-27 10:02:08,35,38,1721,1806
2023-12-27 10:02:08,36,38,1721,1806
2023-12-27 10:02:30,36,37,1721,1806
2023-12-27 10:02:30,35,37,1721,1806
2023-12-27 10:02:33,34,37,1721,1806
2023-12-27 10:02:49,34,36,1721,1806
2023-12-27 10:03:26,33,36,1721,1806
2023-12-27 10:03:26,33,35,1721,1806
2023-12-27 10:03:31,33,36,1721,1806
2023-12-27 10:03:40,33,35,1721,1806
2023-12-27 10:03:41,33,36,1721,1806
2023-12-27 10:03:43,34,36,1721,1806
2023-12-27 10:04:11,35,36,1721,1806
2023-12-27 10:04:11,35,36,1740,1825
2023-12-27 10:04:15,35,37,1740,1825
2023-12-27 10:04:36,34,37,1740,1825
2023-12-27 10:04:36,34,36,1740,1825
2023-12-27 10:05:03,34,37,1740,1825
2023-12-27 10:05:04,35,37,1740,1825
2023-12-27 10:05:12,34,37,1740,1825
2023-12-27 10:05:15,34,36,1740,1825
2023-12-27 10:05:40,34,37,1740,1825
2023-12-27 10:05:44,35,37,1740,1825
2023-12-27 10:06:04,36,37,1740,1825
2023-12-27 10:06:04,36,38,1740,1825
2023-12-27 10:06:26,36,39,1740,1825
2023-12-27 10:06:26,36,38,1740,1825
2023-12-27 10:06:31,37,38,1740,1825
2023-12-27 10:06:33,36,38,1740,1825
2023-12-27 10:06:38,36,39,1740,1825
2023-12-27 10:06:39,36,40,1740,1825
2023-12-27 10:06:44,36,39,1740,1825
2023-12-27 10:06:45,36,40,1740,1825
2023-12-27 10:06:48,36,39,1740,1825
2023-12-27 10:06:51,36,40,1740,2045
2023-12-27 10:06:52,37,40,1740,2045
2023-12-27 10:07:02,36,40,1740,2045
2023-12-27 10:07:05,36,39,1740,2045
2023-12-27 10:07:09,37,39,1740,2045
2023-12-27 10:07:10,37,40,1740,2045
2023-12-27 10:07:33,38,40,1740,2045
2023-12-27 10:07:38,38,41,1740,2045
2023-12-27 10:07:39,39,41,1740,2045
2023-12-27 10:07:40,39,40,1740,2045
2023-12-27 10:07:44,40,42,1740,2110
2023-12-27 10:07:55,40,43,1740,2110
2023-12-27 10:08:06,40,42,1740,2110
2023-12-27 10:08:07,39,42,1740,2110
2023-12-27 10:08:21,39,41,1740,2110
2023-12-27 10:09:32,39,42,1740,2110
2023-12-27 10:09:45,39,41,1740,2110
2023-12-27 10:09:55,39,42,1740,2110
2023-12-27 10:10:18,39,41,1740,2110
2023-12-27 10:10:39,39,42,1740,2110
2023-12-27 10:11:02,40,42,1740,2110
2023-12-27 10:11:12,40,43,1710,2390
2023-12-27 10:11:18,41,43,1710,2390
2023-12-27 10:11:22,42,43,1710,2390
2023-12-27 10:11:22,42,44,1710,2390
2023-12-27 10:11:22,42,43,1710,2390
2023-12-27 10:11:23,42,44,1710,2390
2023-12-27 10:11:28,43,44,1710,2390
2023-12-27 10:11:28,43,45,1720,2410
2023-12-27 10:11:40,43,46,1720,2410
2023-12-27 10:11:40,44,46,1720,2410
2023-12-27 10:11:40,45,46,1720,2410
2023-12-27 10:11:43,45,47,1720,2410
2023-12-27 10:11:47,46,47,1720,2410
2023-12-27 10:11:48,46,48,1720,2410
2023-12-27 10:12:00,45,48,1720,2410
2023-12-27 10:12:01,45,47,1720,2410
2023-12-27 10:12:04,44,47,1720,2410
2023-12-27 10:12:08,45,47,1720,2410
2023-12-27 10:12:13,44,47,1720,2410
2023-12-27 10:12:15,44,46,1720,2410
2023-12-27 10:12:30,44,47,1720,2410
2023-12-27 10:12:37,45,47,1720,2410
2023-12-27 10:12:40,45,48,1720,2410
2023-12-27 10:12:44,45,47,1720,2410
2023-12-27 10:12:46,45,48,1720,2410
2023-12-27 10:13:03,46,48,1720,2410
2023-12-27 10:13:05,46,49,1320,2810
2023-12-27 10:13:05,47,49,1320,2810
2023-12-27 10:13:05,47,49,1380,2870
2023-12-27 10:13:24,48,49,1380,2870
2023-12-27 10:13:24,48,49,1440,2930
2023-12-27 10:13:26,48,50,1440,2930
2023-12-27 10:13:57,49,50,1440,2930
2023-12-27 10:14:00,49,51,1440,2930
2023-12-27 10:14:01,50,51,1440,2930
2023-12-27 10:14:16,50,51,1500,2990
2023-12-27 10:14:17,50,51,1700,3190
2023-12-27 10:14:53,49,51,1700,3190
2023-12-27 10:15:05,49,51,1145,3745
2023-12-27 10:15:08,48,51,1145,3745
2023-12-27 10:15:12,48,50,1145,3745
2023-12-27 10:15:16,48,50,1145,3965
2023-12-27 10:15:17,48,49,1145,3965
2023-12-27 10:17:21,48,50,790,4365
2023-12-27 10:17:42,48,49,790,4365
2023-12-27 10:18:56,47,49,790,4365
2023-12-27 10:19:05,47,49,850,4425
2023-12-27 10:19:10,46,49,990,4565
2023-12-27 10:19:11,46,48,990,4565
2023-12-27 10:20:13,46,49,990,4565
2023-12-27 10:20:25,46,48,990,4565
2023-12-27 10:20:31,46,48,980,4575
2023-12-27 10:20:42,47,48,980,4575
2023-12-27 10:20:42,47,49,980,4575
2023-12-27 10:20:59,47,50,980,4575
2023-12-27 10:21:14,48,50,980,4575
2023-12-27 10:21:47,47,50,980,4575
2023-12-27 10:21:47,47,49,980,4575
2023-12-27 10:22:43,46,49,980,4575
2023-12-27 10:22:46,46,48,980,4575
2023-12-27 10:25:24,46,49,980,4575
2023-12-27 10:25:51,47,49,980,4575
2023-12-27 10:26:07,46,49,980,4575
2023-12-27 10:26:32,46,48,980,4575
2023-12-27 10:27:52,46,49,980,4575
2023-12-27 10:27:59,46,48,980,4575
2023-12-27 10:28:18,46,48,1091,4686
2023-12-27 10:29:13,46,49,1091,4686
2023-12-27 10:29:20,46,48,1091,4686
2023-12-27 10:30:01,46,49,1091,4686
2023-12-27 10:30:16,46,49,1101,4696
2023-12-27 10:30:22,47,49,1101,4696
2023-12-27 10:30:22,47,49,1101,4696
2023-12-27 10:30:22,47,50,1101,4696
2023-12-27 10:31:48,47,51,1101,4696
2023-12-27 10:31:52,48,51,1101,4696
2023-12-27 10:31:56,49,51,1101,4696
2023-12-27 10:32:53,49,51,1341,4936
2023-12-27 10:33:01,49,50,1341,4936
2023-12-27 10:33:02,49,51,1341,4936
2023-12-27 10:33:06,49,50,1341,4936
2023-12-27 10:33:07,48,50,1341,4936
2023-12-27 10:33:17,48,51,1341,4936
2023-12-27 10:33:38,49,51,1341,4936
2023-12-27 10:33:48,49,52,1341,4936
2023-12-27 10:34:05,49,51,1341,4936
2023-12-27 10:34:27,49,52,1341,4936
2023-12-27 10:35:03,50,52,1341,4936
2023-12-27 10:35:05,51,52,1341,4936
2023-12-27 10:35:58,50,52,1341,4936
2023-12-27 10:36:54,51,52,1341,4936
2023-12-27 10:37:20,51,53,1341,4936
2023-12-27 10:37:23,50,51,1781,5376
2023-12-27 10:37:24,50,51,1821,5416
2023-12-27 10:37:25,50,51,2061,5656
2023-12-27 10:37:40,50,53,2061,5656
2023-12-27 10:37:41,50,52,2061,5656
2023-12-27 10:38:46,50,51,2061,5656
2023-12-27 10:38:48,48,51,2061,5656
2023-12-27 10:39:03,48,50,2061,5656
2023-12-27 10:39:07,48,51,2061,5656
2023-12-27 10:39:22,48,50,2061,5656
2023-12-27 10:39:44,48,51,2061,5656
2023-12-27 10:40:27,48,50,2061,5656
2023-12-27 10:40:43,48,51,2061,5656
2023-12-27 10:40:51,48,52,2061,5656
2023-12-27 10:40:55,49,52,2061,5656
2023-12-27 10:40:58,50,52,2061,5656
2023-12-27 10:41:07,50,51,2061,5656
2023-12-27 10:41:11,50,52,2061,5656
2023-12-27 10:45:26,50,52,2261,5856
2023-12-27 10:46:24,49,52,2261,5856
2023-12-27 10:49:24,49,53,3341,6936
2023-12-27 10:51:56,50,53,3341,6936
2023-12-27 10:52:02,49,53,3341,6936
2023-12-27 10:52:40,49,52,3341,6936
2023-12-27 10:53:07,49,53,3341,6936
2023-12-27 10:53:11,49,52,3341,6936
2023-12-27 10:53:18,49,53,3341,6936
2023-12-27 10:55:19,49,52,3341,6936
2023-12-27 10:55:21,48,52,3341,6936
2023-12-27 10:56:43,48,52,3412,7007
2023-12-27 10:56:43,48,50,3412,7007
2023-12-27 10:57:58,47,50,3412,7007
2023-12-27 10:58:03,48,50,3412,7007
2023-12-27 10:58:12,47,50,3412,7007
2023-12-27 10:59:04,48,50,3412,7007
2023-12-27 10:59:31,47,50,3412,7007
2023-12-27 10:59:55,47,52,3412,7007
2023-12-27 10:59:55,47,49,3412,7007
2023-12-27 11:00:44,47,52,3412,7007
2023-12-27 11:00:44,47,50,3412,7007
2023-12-27 11:02:06,48,50,3412,7007
2023-12-27 11:02:22,48,53,3412,7007
2023-12-27 11:02:22,48,51,3412,7007
2023-12-27 11:02:31,48,53,3412,7007
2023-12-27 11:02:31,48,50,3412,7007
2023-12-27 11:03:18,48,52,3412,7007
2023-12-27 11:03:18,48,49,3412,7007
2023-12-27 11:03:22,47,49,3412,7007
2023-12-27 11:03:23,48,49,3412,7007
2023-12-27 11:03:26,47,49,3412,7007
2023-12-27 11:03:27,48,49,3412,7007
2023-12-27 11:03:47,47,49,3412,7007
2023-12-27 11:04:31,47,52,3412,7007
2023-12-27 11:04:31,47,50,3412,7007
2023-12-27 11:04:52,47,52,3412,7007
2023-12-27 11:04:52,47,49,3412,7007
2023-12-27 11:05:23,46,49,3412,7007
2023-12-27 11:05:25,48,49,3412,7007
2023-12-27 11:06:31,47,49,3412,7007
2023-12-27 11:06:32,46,49,3412,7007
2023-12-27 11:06:42,46,51,3412,7007
2023-12-27 11:06:42,46,48,3412,7007
2023-12-27 11:06:43,47,48,3412,7007
2023-12-27 11:06:44,46,48,3412,7007
2023-12-27 11:06:47,47,48,3412,7007
2023-12-27 11:06:49,46,48,3412,7007
2023-12-27 11:06:50,48,51,3412,7078
2023-12-27 11:06:51,46,51,3412,7078
2023-12-27 11:06:53,48,51,3412,7078
2023-12-27 11:06:55,46,51,3412,7078
2023-12-27 11:06:55,48,51,3412,7078
2023-12-27 11:07:07,47,51,3412,7078
2023-12-27 11:07:08,48,51,3412,7078
2023-12-27 11:07:09,47,51,3412,7078
2023-12-27 11:07:21,48,51,3412,7078
2023-12-27 11:07:25,48,52,3412,7078
2023-12-27 11:08:52,49,52,3412,7078
2023-12-27 11:09:24,48,52,3412,7078
2023-12-27 11:10:16,48,53,3412,7078
2023-12-27 11:10:26,49,53,3412,7078
2023-12-27 11:10:56,48,53,3412,7078
2023-12-27 11:11:00,48,52,3412,7078
2023-12-27 11:12:51,49,52,3412,7078
2023-12-27 11:13:13,49,50,3412,7078
2023-12-27 11:14:04,48,50,3412,7078
2023-12-27 11:14:46,47,50,3412,7078
2023-12-27 11:17:38,48,50,3412,7078
2023-12-27 11:17:43,47,50,3412,7078
2023-12-27 11:17:44,48,50,3412,7078
2023-12-27 11:17:50,47,50,3412,7078
2023-12-27 11:17:51,48,50,3412,7078
2023-12-27 11:17:57,47,50,3412,7078
2023-12-27 11:22:32,48,50,3412,7078
2023-12-27 11:22:33,47,50,3412,7078
2023-12-27 11:22:34,48,50,3412,7078
2023-12-27 11:22:37,47,50,3412,7078
2023-12-27 11:22:39,48,50,3412,7078
2023-12-27 11:22:41,47,50,3412,7078
2023-12-27 11:22:45,48,50,3412,7078
2023-12-27 11:22:48,47,50,3412,7078
2023-12-27 11:22:49,48,50,3412,7078
2023-12-27 11:22:54,47,50,3412,7078
2023-12-27 11:22:55,48,50,3412,7078
2023-12-27 11:22:56,47,50,3412,7078
2023-12-27 11:22:57,48,50,3412,7078
2023-12-27 11:23:23,47,50,3412,7078
2023-12-27 11:23:25,48,50,3412,7078
2023-12-27 11:23:26,47,50,3412,7078
2023-12-27 11:23:28,48,50,3412,7078
2023-12-27 11:23:30,47,50,3412,7078
2023-12-27 11:25:19,48,50,3412,7078
2023-12-27 11:26:32,48,52,3413,7079
2023-12-27 11:26:35,48,53,3413,7079
2023-12-27 11:26:51,49,53,3413,7079
2023-12-27 11:26:52,51,53,3413,7079
2023-12-27 11:27:23,48,53,3413,7079
2023-12-27 11:27:24,49,53,3413,7079
2023-12-27 11:28:34,49,52,3413,7079
2023-12-27 11:28:42,48,52,3413,7079
2023-12-27 11:28:43,49,52,3413,7079
2023-12-27 11:28:50,48,52,3413,7079
2023-12-27 11:28:51,49,52,3413,7079
2023-12-27 11:28:52,48,52,3413,7079
2023-12-27 11:29:06,48,51,3413,7079
2023-12-27 11:29:44,47,51,3413,7079
2023-12-27 11:29:45,48,51,3413,7079
2023-12-27 11:29:46,47,51,3413,7079
2023-12-27 11:31:51,48,51,3413,7079
2023-12-27 11:31:55,47,51,3413,7079
2023-12-27 11:33:29,46,51,3413,7079
2023-12-27 11:33:29,46,50,3413,7079
2023-12-27 11:34:04,47,50,3413,7079
2023-12-27 11:34:20,46,50,3413,7079
2023-12-27 11:34:37,47,50,3413,7079
2023-12-27 11:34:37,47,51,3413,7079
2023-12-27 11:34:49,47,50,3413,7079
2023-12-27 11:34:52,46,50,3413,7079
2023-12-27 11:35:27,46,49,3413,7079
2023-12-27 11:35:27,46,48,3413,7079
2023-12-27 11:35:28,45,48,3413,7079
2023-12-27 11:36:21,44,48,3413,7079
2023-12-27 11:37:26,45,48,3413,7079
2023-12-27 11:39:09,46,48,3413,7079
2023-12-27 11:39:33,45,48,3413,7079
2023-12-27 11:40:12,46,48,3413,7079
2023-12-27 11:41:10,45,48,3413,7079
2023-12-27 11:41:48,45,48,3442,7108
2023-12-27 11:41:48,45,47,3442,7108
2023-12-27 11:41:59,44,47,3442,7108
2023-12-27 11:42:07,45,47,3442,7108
2023-12-27 11:42:13,44,47,3442,7108
2023-12-27 11:42:17,44,49,3442,7108
2023-12-27 11:42:17,44,46,3442,7108
2023-12-27 11:42:49,43,46,3442,7108
2023-12-27 11:42:56,43,46,3467,7133
2023-12-27 11:43:05,43,46,3457,7153
2023-12-27 11:43:09,43,48,3457,7153
2023-12-27 11:43:09,43,45,3457,7153
2023-12-27 11:43:27,42,45,3457,7153
2023-12-27 11:44:40,43,45,3457,7153
2023-12-27 11:44:46,42,45,3457,7153
2023-12-27 11:45:28,43,45,3457,7153
2023-12-27 11:45:39,42,45,3457,7153
2023-12-27 11:46:24,43,45,3457,7153
2023-12-27 11:46:30,43,48,3457,7153
2023-12-27 11:46:30,43,46,3457,7153
2023-12-27 11:48:46,44,46,3457,7153
2023-12-27 11:48:48,43,46,3457,7153
2023-12-27 11:49:33,44,46,3457,7153
2023-12-27 11:49:34,44,49,3457,7153
2023-12-27 11:49:34,44,47,3457,7153
2023-12-27 11:50:12,44,49,3457,7153
2023-12-27 11:50:12,44,46,3457,7153
2023-12-27 11:50:31,44,49,3457,7153
2023-12-27 11:50:31,44,47,3457,7153
2023-12-27 11:50:31,44,47,3467,7173
2023-12-27 11:50:36,44,49,3467,7173
2023-12-27 11:50:36,44,46,3467,7173
2023-12-27 11:50:47,43,46,3467,7173
2023-12-27 11:50:47,45,46,3467,7173
2023-12-27 11:50:49,43,46,3467,7173
2023-12-27 11:50:49,45,46,3467,7173
2023-12-27 11:50:53,43,46,3467,7173
2023-12-27 11:50:54,44,46,3467,7173
2023-12-27 11:50:56,43,46,3467,7173
2023-12-27 11:50:58,44,46,3467,7173
2023-12-27 11:51:14,43,46,3467,7173
2023-12-27 11:51:16,44,46,3467,7173
2023-12-27 11:51:19,43,46,3467,7173
2023-12-27 11:51:35,44,46,3467,7173
2023-12-27 11:51:58,44,49,3467,7173
2023-12-27 11:51:58,44,47,3467,7173
2023-12-27 11:52:22,45,47,3467,7173
2023-12-27 11:53:02,44,47,3467,7173
2023-12-27 11:53:14,44,49,3467,7173
2023-12-27 11:53:14,44,46,3467,7173
2023-12-27 11:53:44,45,46,3467,7173
2023-12-27 11:54:10,45,49,3467,7173
2023-12-27 11:54:10,45,50,3467,7173
2023-12-27 11:54:10,45,47,3467,7173
2023-12-27 11:55:25,45,49,3467,7173
2023-12-27 11:55:25,45,46,3467,7173
2023-12-27 11:55:30,46,49,3467,7227
2023-12-27 11:55:43,45,49,3467,7227
2023-12-27 11:56:26,44,49,3467,7227
2023-12-27 11:56:26,45,49,3467,7227
2023-12-27 11:56:29,44,49,3467,7227
2023-12-27 11:57:12,45,49,3467,7227
2023-12-27 11:57:27,45,50,3467,7227
2023-12-27 11:58:24,46,50,3467,7227
2023-12-27 12:00:30,45,50,3467,7227
2023-12-27 12:00:34,46,50,3467,7227
2023-12-27 12:00:45,45,50,3467,7227
2023-12-27 12:01:02,46,50,3467,7227
2023-12-27 12:01:05,45,50,3467,7227
2023-12-27 12:01:11,46,50,3467,7227
2023-12-27 12:01:18,45,50,3467,7227
2023-12-27 12:01:19,45,49,3467,7227
2023-12-27 12:02:20,45,50,3467,7227
2023-12-27 12:02:25,46,50,3467,7227
2023-12-27 12:02:36,46,51,3467,7227
2023-12-27 12:02:48,47,51,3467,7227
2023-12-27 12:03:10,47,52,3467,7227
2023-12-27 12:04:01,48,53,3467,7227
2023-12-27 12:04:43,48,52,3467,7227
2023-12-27 12:04:57,47,52,3467,7227
2023-12-27 12:05:04,48,52,3467,7227
2023-12-27 12:05:24,47,52,3467,7227
2023-12-27 12:05:49,47,51,3467,7227
2023-12-27 12:06:17,47,52,3467,7227
2023-12-27 12:06:23,47,51,3467,7227
2023-12-27 12:08:01,47,52,3467,7227
2023-12-27 12:08:10,48,52,3467,7227
2023-12-27 12:08:28,48,53,3467,7227
2023-12-27 12:08:38,48,52,3467,7227
2023-12-27 12:09:20,48,53,3467,7227
2023-12-27 12:09:24,48,52,3467,7227
2023-12-27 12:09:29,48,53,3467,7227
2023-12-27 12:09:35,48,52,3467,7227
2023-12-27 12:10:15,47,52,3467,7227
2023-12-27 12:10:15,47,51,3467,7227
2023-12-27 12:11:01,46,51,3467,7227
2023-12-27 12:11:23,47,51,3467,7227
2023-12-27 12:11:29,46,51,3467,7227
2023-12-27 12:11:39,46,50,3467,7227
2023-12-27 12:12:21,46,51,3467,7227
2023-12-27 12:12:23,47,51,3467,7227
2023-12-27 12:14:43,47,50,3467,7227
2023-12-27 12:14:57,47,51,3467,7227
2023-12-27 12:15:29,47,50,3467,7227
2023-12-27 12:15:57,47,51,3467,7227
2023-12-27 12:16:06,48,51,3467,7227
2023-12-27 12:16:29,48,52,3467,7227
2023-12-27 12:17:35,48,51,3467,7227
2023-12-27 12:17:38,47,51,3467,7227
2023-12-27 12:18:30,48,51,3467,7227
2023-12-27 12:20:08,47,51,3467,7227
2023-12-27 12:20:13,47,50,3467,7227
2023-12-27 12:20:13,47,49,3467,7227
2023-12-27 12:20:21,47,49,3667,7427
2023-12-27 12:20:21,46,49,3667,7427
2023-12-27 12:20:32,46,48,3667,7427
2023-12-27 12:20:32,46,47,3667,7427
2023-12-27 12:20:32,46,47,3677,7447
2023-12-27 12:20:35,45,47,3677,7447
2023-12-27 12:20:35,45,47,3877,7647
2023-12-27 12:20:44,45,48,3877,7647
2023-12-27 12:20:53,46,48,3877,7647
2023-12-27 12:20:53,46,49,3877,7647
2023-12-27 12:21:02,46,51,3877,7647
2023-12-27 12:21:02,47,51,3877,7647
2023-12-27 12:21:02,47,52,3877,7647
2023-12-27 12:21:02,47,50,3877,7647
2023-12-27 12:21:02,47,50,3887,7667
2023-12-27 12:21:08,47,52,3887,7667
2023-12-27 12:21:08,48,52,3887,7667
2023-12-27 12:21:08,48,53,3887,7667
2023-12-27 12:21:08,48,51,3887,7667
2023-12-27 12:21:08,48,53,3887,7667
2023-12-27 12:21:08,48,52,3887,7667
2023-12-27 12:21:08,48,51,3887,7667
2023-12-27 12:21:37,48,53,3887,7667
2023-12-27 12:21:37,48,50,3887,7667
2023-12-27 12:21:38,48,53,3887,7667
2023-12-27 12:21:38,48,51,3887,7667
2023-12-27 12:22:06,48,53,3887,7667
2023-12-27 12:22:06,48,50,3887,7667
2023-12-27 12:22:10,47,50,3887,7667
2023-12-27 12:22:26,47,52,3887,7667
2023-12-27 12:22:26,47,49,3887,7667
2023-12-27 12:22:30,46,49,3887,7667
2023-12-27 12:23:08,46,51,3887,7667
2023-12-27 12:23:08,46,48,3887,7667
2023-12-27 12:23:09,45,48,3887,7667
2023-12-27 12:23:40,44,48,3887,7667
2023-12-27 12:23:42,44,50,3887,7667
2023-12-27 12:23:42,44,47,3887,7667
2023-12-27 12:24:20,44,50,3887,7667
2023-12-27 12:24:20,44,48,3887,7667
2023-12-27 12:24:41,45,48,3887,7667
2023-12-27 12:25:26,46,48,3887,7667
2023-12-27 12:26:26,45,48,3887,7667
2023-12-27 12:26:27,46,48,3887,7667
2023-12-27 12:26:42,46,50,3887,7667
2023-12-27 12:26:42,46,47,3887,7667
2023-12-27 12:26:42,44,47,3887,7667
2023-12-27 12:26:42,45,47,3887,7667
2023-12-27 12:27:42,44,47,3887,7667
2023-12-27 12:27:59,45,47,3887,7667
2023-12-27 12:28:07,44,47,3887,7667
2023-12-27 12:28:07,45,47,3887,7667
2023-12-27 12:28:47,44,47,3887,7667
2023-12-27 12:28:47,45,47,3887,7667
2023-12-27 12:28:47,46,47,3887,7667
2023-12-27 12:29:47,45,47,3887,7667
2023-12-27 12:29:48,46,47,3887,7667
2023-12-27 12:29:53,46,50,3887,7667
2023-12-27 12:29:53,46,48,3887,7667
2023-12-27 12:30:35,46,50,3887,7667
2023-12-27 12:30:35,46,47,3887,7667
2023-12-27 12:30:43,44,47,3887,7667
2023-12-27 12:30:43,45,47,3887,7667
2023-12-27 12:30:47,45,47,3877,7727
2023-12-27 12:30:53,45,49,3877,7727
2023-12-27 12:30:53,45,46,3877,7727
2023-12-27 12:30:56,45,49,3877,7727
2023-12-27 12:30:56,45,47,3877,7727
2023-12-27 12:31:43,44,47,3877,7727
2023-12-27 12:31:44,45,47,3877,7727
2023-12-27 12:32:05,45,49,3877,7727
2023-12-27 12:32:05,45,46,3877,7727
2023-12-27 12:32:05,44,46,3877,7727
2023-12-27 12:32:08,44,49,3877,7727
2023-12-27 12:32:08,44,47,3877,7727
2023-12-27 12:32:12,44,49,3877,7727
2023-12-27 12:32:12,44,46,3877,7727
2023-12-27 12:33:05,43,46,3877,7727
2023-12-27 12:33:06,44,46,3877,7727
2023-12-27 12:33:47,44,50,3877,7727
2023-12-27 12:33:47,44,47,3877,7727
2023-12-27 12:33:50,45,47,3877,7727
2023-12-27 12:34:21,45,49,3877,7727
2023-12-27 12:34:21,45,46,3877,7727
2023-12-27 12:34:21,43,46,3877,7727
2023-12-27 12:34:21,44,46,3877,7727
2023-12-27 12:35:03,44,49,3877,7727
2023-12-27 12:35:03,44,47,3877,7727
2023-12-27 12:35:13,45,47,3877,7727
2023-12-27 12:35:40,46,47,3877,7727
2023-12-27 12:35:42,46,50,3877,7727
2023-12-27 12:35:42,46,51,3877,7727
2023-12-27 12:35:42,46,48,3877,7727
2023-12-27 12:35:42,45,46,3877,7777
2023-12-27 12:35:49,45,47,3877,7777
2023-12-27 12:36:10,45,51,3877,7777
2023-12-27 12:36:10,45,48,3877,7777
2023-12-27 12:36:10,45,48,3927,7827
2023-12-27 12:36:35,46,48,3927,7827
2023-12-27 12:36:35,47,48,3927,7827
2023-12-27 12:36:39,47,51,3927,7827
2023-12-27 12:36:39,47,52,3927,7827
2023-12-27 12:36:39,47,49,3927,7827
2023-12-27 12:36:39,46,49,3927,7827
2023-12-27 12:36:39,47,49,3927,7827
2023-12-27 12:36:52,46,49,3927,7827
2023-12-27 12:36:52,48,49,3927,7827
2023-12-27 12:37:02,46,49,3927,7827
2023-12-27 12:37:02,47,49,3927,7827
2023-12-27 12:37:02,48,49,3927,7827
2023-12-27 12:37:54,46,49,3927,7827
2023-12-27 12:37:54,46,51,3927,7827
2023-12-27 12:37:54,46,48,3927,7827
2023-12-27 12:37:54,47,48,3927,7827
2023-12-27 12:38:03,47,51,3927,7827
2023-12-27 12:38:03,47,49,3927,7827
2023-12-27 12:38:22,46,49,3927,7827
2023-12-27 12:38:22,47,49,3927,7827
2023-12-27 12:38:22,48,49,3927,7827
2023-12-27 12:38:24,48,52,3927,8187
2023-12-27 12:39:04,48,53,3927,8187
2023-12-27 12:39:28,49,53,3927,8187
2023-12-27 12:39:35,49,54,3927,8187
2023-12-27 12:39:38,50,54,3927,8187
2023-12-27 12:40:35,49,54,3927,8187
2023-12-27 12:40:51,50,54,3927,8187
2023-12-27 12:40:57,51,54,3927,8187
2023-12-27 12:41:39,52,54,3927,8187
2023-12-27 12:41:40,52,56,3940,8200
2023-12-27 12:42:37,52,57,3940,8200
2023-12-27 12:42:52,53,57,3940,8200
2023-12-27 12:43:03,53,58,3940,8200
2023-12-27 12:43:24,54,58,3940,8200
2023-12-27 12:44:13,53,58,3940,8200
2023-12-27 12:44:29,55,58,3940,8200
2023-12-27 12:44:40,53,58,3940,8200
2023-12-27 12:44:41,54,58,3940,8200
2023-12-27 12:45:32,53,58,3940,8200
2023-12-27 12:45:33,55,58,3940,8200
2023-12-27 12:45:35,55,57,3940,8200
2023-12-27 12:45:36,53,57,3940,8200
2023-12-27 12:45:37,54,57,3940,8200
2023-12-27 12:45:38,53,57,3940,8200
2023-12-27 12:45:55,54,57,3940,8200
2023-12-27 12:45:59,52,57,3940,8200
2023-12-27 12:45:59,54,57,3940,8200
2023-12-27 12:46:08,52,57,3940,8200
2023-12-27 12:46:10,54,57,3940,8200
2023-12-27 12:46:13,52,57,3940,8200
2023-12-27 12:46:13,54,57,3940,8200
2023-12-27 12:46:14,52,57,3940,8200
2023-12-27 12:46:22,54,57,3940,8200
2023-12-27 12:46:48,54,58,3940,8200
2023-12-27 12:46:49,53,58,3940,8200
2023-12-27 12:46:56,53,57,3940,8200
2023-12-27 12:47:17,52,57,3940,8200
2023-12-27 12:49:20,52,56,3940,8200
2023-12-27 12:52:23,52,57,3940,8200
2023-12-27 12:52:30,53,57,3940,8200
2023-12-27 12:52:31,53,57,3940,8250
2023-12-27 12:52:31,54,57,3940,8250
2023-12-27 12:53:27,53,57,3940,8250
2023-12-27 12:53:27,55,57,3940,8250
2023-12-27 12:54:47,55,58,3940,8250
2023-12-27 12:54:53,54,58,3940,8250
2023-12-27 12:54:53,56,58,3940,8250
2023-12-27 12:55:30,56,59,3940,8250
2023-12-27 12:55:46,56,58,3940,8250
2023-12-27 12:56:28,53,58,3940,8250
2023-12-27 12:56:28,55,58,3940,8250
2023-12-27 12:56:45,53,58,3940,8250
2023-12-27 12:56:45,56,58,3940,8250
2023-12-27 12:56:49,53,58,3940,8250
2023-12-27 12:56:49,55,58,3940,8250
2023-12-27 12:56:54,53,58,3940,8250
2023-12-27 12:56:54,56,58,3940,8250
2023-12-27 12:57:21,56,59,3940,8250
2023-12-27 12:57:27,54,59,3940,8250
2023-12-27 12:57:27,57,59,3940,8250
2023-12-27 12:58:45,57,60,3940,8250
2023-12-27 12:58:50,55,60,3940,8250
2023-12-27 12:58:50,58,60,3940,8250
2023-12-27 12:59:14,58,60,3940,8253
2023-12-27 12:59:14,56,58,3940,8300
2023-12-27 12:59:14,56,57,3940,8300
2023-12-27 12:59:20,55,57,3940,8300
2023-12-27 13:01:08,54,57,3940,8300
2023-12-27 13:02:12,53,57,3940,8300
2023-12-27 13:02:12,53,56,3940,8300
2023-12-27 13:02:14,52,56,3940,8300
2023-12-27 13:02:23,52,55,3940,8300
2023-12-27 13:02:23,52,54,3940,8300
2023-12-27 13:02:44,51,54,3940,8300
2023-12-27 13:03:01,51,54,3948,8308
2023-12-27 13:03:01,51,53,3948,8308
2023-12-27 13:03:01,51,52,3948,8308
2023-12-27 13:03:08,50,52,3948,8308
2023-12-27 13:03:11,50,51,3948,8308
2023-12-27 13:03:15,50,51,4148,8508
2023-12-27 13:03:15,49,51,4148,8508
2023-12-27 13:03:25,49,50,4148,8508
2023-12-27 13:03:27,48,50,4148,8508
2023-12-27 13:03:33,49,50,4148,8508
2023-12-27 13:03:35,48,50,4148,8508
2023-12-27 13:03:38,49,50,4148,8508
2023-12-27 13:03:38,49,51,4148,8508
2023-12-27 13:03:39,49,52,4148,8508
2023-12-27 13:03:43,49,51,4148,8508
2023-12-27 13:04:01,49,51,4148,8578
2023-12-27 13:04:02,49,52,4148,8578
2023-12-27 13:04:04,50,52,4148,8578
2023-12-27 13:04:05,49,52,4148,8578
2023-12-27 13:04:06,50,52,4148,8578
2023-12-27 13:04:08,49,52,4148,8578
2023-12-27 13:04:14,49,52,4148,8678
2023-12-27 13:04:24,49,51,4148,8678
2023-12-27 13:05:06,48,51,4148,8678
2023-12-27 13:05:06,49,51,4148,8678
2023-12-27 13:05:55,49,53,4148,8678
2023-12-27 13:05:55,49,50,4148,8678
2023-12-27 13:05:55,47,50,4248,8778
2023-12-27 13:05:55,47,49,4248,8778
2023-12-27 13:05:55,49,50,4248,9016
2023-12-27 13:05:55,49,50,4248,9116
2023-12-27 13:05:56,47,50,4248,9116
2023-12-27 13:05:56,48,50,4248,9116
2023-12-27 13:06:02,50,52,4414,9282
2023-12-27 13:06:02,48,52,4448,9316
2023-12-27 13:06:02,48,51,4448,9316
2023-12-27 13:06:04,48,52,4448,9316
2023-12-27 13:06:12,47,52,4448,9316
2023-12-27 13:06:20,47,51,4448,9316
2023-12-27 13:06:20,47,50,4448,9316
2023-12-27 13:06:22,46,50,4448,9316
2023-12-27 13:06:23,46,48,4448,9316
2023-12-27 13:06:23,45,46,4548,9416
2023-12-27 13:06:24,44,46,4548,9416
2023-12-27 13:06:24,46,47,4548,9448
2023-12-27 13:06:24,46,47,4593,9508
2023-12-27 13:06:25,46,48,4593,9508
2023-12-27 13:06:31,44,48,4593,9508
2023-12-27 13:06:31,43,48,4593,9508
2023-12-27 13:06:31,43,47,4593,9508
2023-12-27 13:06:31,43,46,4593,9508
2023-12-27 13:06:31,43,45,4593,9508
2023-12-27 13:06:38,42,45,4593,9508
2023-12-27 13:06:38,42,45,4653,9568
2023-12-27 13:06:38,41,45,4853,9768
2023-12-27 13:06:38,42,45,4853,9768
2023-12-27 13:06:40,42,45,4913,9828
2023-12-27 13:06:45,41,45,4913,10028
2023-12-27 13:06:45,40,45,4913,10428
2023-12-27 13:06:45,40,42,4913,10428
2023-12-27 13:06:45,40,41,4913,10428
2023-12-27 13:06:45,39,41,4913,10628
2023-12-27 13:06:45,39,40,4913,10628
2023-12-27 13:06:46,35,40,4913,10628
2023-12-27 13:06:46,36,40,4913,10628
2023-12-27 13:06:46,38,40,4913,10628
2023-12-27 13:06:46,40,42,5118,10833
2023-12-27 13:06:46,42,47,5213,10928
2023-12-27 13:06:47,42,46,5213,10928
2023-12-27 13:06:47,42,43,5213,10928
2023-12-27 13:06:47,41,42,5213,11033
2023-12-27 13:06:48,41,43,5213,11033
2023-12-27 13:06:48,41,42,5213,11033
2023-12-27 13:06:50,41,42,5213,11038
2023-12-27 13:06:51,41,44,5213,11038
2023-12-27 13:06:51,40,44,5213,11038
2023-12-27 13:06:51,41,44,5213,11038
2023-12-27 13:06:51,43,44,5213,11038
2023-12-27 13:06:51,41,43,5213,11238
2023-12-27 13:06:52,41,42,5213,11238
2023-12-27 13:06:52,42,43,5273,11298
2023-12-27 13:06:54,42,43,5273,11303
2023-12-27 13:06:55,42,45,5273,11303
2023-12-27 13:06:55,43,45,5273,11303
2023-12-27 13:06:55,43,44,5273,11303
2023-12-27 13:07:00,43,44,5273,11498
2023-12-27 13:07:01,42,44,5273,11498
2023-12-27 13:07:02,40,44,5273,11498
2023-12-27 13:07:02,41,44,5273,11498
2023-12-27 13:07:03,41,45,5273,11498
2023-12-27 13:07:03,41,43,5273,11498
2023-12-27 13:07:17,41,44,5273,11498
2023-12-27 13:07:17,41,45,5273,11498
2023-12-27 13:07:17,41,44,5273,11498
2023-12-27 13:07:20,41,43,5273,11498
2023-12-27 13:07:34,40,43,5273,11498
2023-12-27 13:07:34,39,43,5273,11498
2023-12-27 13:07:34,40,43,5273,11498
2023-12-27 13:07:36,40,42,5273,11498
2023-12-27 13:07:37,40,42,5298,11523
2023-12-27 13:07:45,40,43,5298,11523
2023-12-27 13:07:48,39,43,5298,11523
2023-12-27 13:07:48,41,43,5298,11523
2023-12-27 13:07:48,41,43,5308,11533
2023-12-27 13:08:00,41,45,5308,11533
2023-12-27 13:08:00,41,44,5308,11533
2023-12-27 13:08:05,41,45,5308,11533
2023-12-27 13:08:05,41,43,5308,11533
2023-12-27 13:08:18,39,40,5308,11603
2023-12-27 13:08:18,39,40,5308,11803
2023-12-27 13:08:19,36,40,5308,11803
2023-12-27 13:08:32,36,39,5308,11803
2023-12-27 13:08:36,35,39,5308,11803
2023-12-27 13:08:46,35,40,5308,11803
2023-12-27 13:08:46,34,40,6008,12503
2023-12-27 13:08:47,34,38,6008,12503
2023-12-27 13:08:55,33,38,6008,12503
2023-12-27 13:08:56,35,38,6008,12503
2023-12-27 13:09:00,35,39,6008,12503
2023-12-27 13:09:03,35,40,6008,12503
2023-12-27 13:09:04,35,42,6008,12503
2023-12-27 13:09:04,35,41,6008,12503
2023-12-27 13:09:05,35,42,6008,12503
2023-12-27 13:09:07,36,43,6008,12503
2023-12-27 13:09:08,37,43,6008,12503
2023-12-27 13:09:10,37,44,6008,12503
2023-12-27 13:09:11,38,44,6008,12503
2023-12-27 13:09:28,37,44,6008,12503
2023-12-27 13:09:58,37,41,6008,12503
2023-12-27 13:09:58,37,40,6008,12503
2023-12-27 13:09:58,35,40,6008,12503
2023-12-27 13:10:00,35,41,6008,12503
2023-12-27 13:10:05,35,40,6008,12503
2023-12-27 13:10:12,35,41,6008,12503
2023-12-27 13:10:13,35,40,6008,12503
2023-12-27 13:10:21,35,41,6008,12503
2023-12-27 13:10:23,35,40,6008,12503
2023-12-27 13:10:26,34,40,6008,12503
2023-12-27 13:10:27,36,40,6008,12503
2023-12-27 13:10:29,34,40,6008,12503
2023-12-27 13:10:29,34,39,6008,12503
2023-12-27 13:10:31,34,38,6008,12503
2023-12-27 13:10:32,33,38,6008,12503
2023-12-27 13:10:33,30,38,6008,12503
2023-12-27 13:10:33,31,38,6008,12503
2023-12-27 13:10:33,32,38,6008,12503
2023-12-27 13:10:34,34,38,6008,12503
2023-12-27 13:10:35,34,37,6008,12503
2023-12-27 13:10:36,34,38,6008,12503
2023-12-27 13:10:40,32,38,6008,12503
2023-12-27 13:10:41,35,38,6008,12503
2023-12-27 13:10:42,32,38,6008,12503
2023-12-27 13:10:43,34,38,6008,12503
2023-12-27 13:10:44,34,37,6008,12503
2023-12-27 13:10:47,31,37,6008,12503
2023-12-27 13:10:49,32,37,6008,12503
2023-12-27 13:10:49,32,36,6008,12503
2023-12-27 13:10:55,31,36,6008,12503
2023-12-27 13:11:05,34,36,6008,12503
2023-12-27 13:11:06,34,36,6258,12753
2023-12-27 13:11:07,34,37,6258,12753
2023-12-27 13:11:07,34,38,6258,12753
2023-12-27 13:11:09,34,37,6258,12753
2023-12-27 13:11:12,32,37,6258,12753
2023-12-27 13:11:13,34,37,6258,12753
2023-12-27 13:11:15,32,37,6258,12753
2023-12-27 13:11:19,32,36,6258,12753
2023-12-27 13:11:19,32,36,6258,12953
2023-12-27 13:11:19,32,33,6258,12953
2023-12-27 13:11:19,31,33,6258,13153
2023-12-27 13:11:19,31,33,6258,13353
2023-12-27 13:11:19,30,33,6258,13353
2023-12-27 13:11:21,31,33,6258,13353
2023-12-27 13:11:21,31,33,6291,13386
2023-12-27 13:11:21,31,32,6291,13386
2023-12-27 13:11:21,31,33,6291,13386
2023-12-27 13:11:22,30,33,6291,13386
2023-12-27 13:11:22,30,34,6291,13386
2023-12-27 13:11:22,30,33,6291,13386
2023-12-27 13:11:23,30,33,6491,13586
2023-12-27 13:11:23,30,34,6561,13786
2023-12-27 13:11:23,30,34,6561,13986
2023-12-27 13:11:24,31,34,6561,13986
2023-12-27 13:11:24,31,36,6561,13986
2023-12-27 13:11:24,31,34,6561,13986
2023-12-27 13:11:24,31,32,6441,14106
2023-12-27 13:11:24,30,32,6441,14106
2023-12-27 13:11:24,32,34,6441,14186
2023-12-27 13:11:24,33,34,6441,14186
2023-12-27 13:11:25,33,35,6441,14386
2023-12-27 13:11:26,33,36,6441,14386
2023-12-27 13:11:37,33,35,6441,14386
2023-12-27 13:11:38,31,35,6441,14386
2023-12-27 13:11:42,31,34,6441,14386
2023-12-27 13:11:43,32,34,6441,14386
2023-12-27 13:11:47,32,33,6441,14386
2023-12-27 13:11:47,30,33,6441,14386
2023-12-27 13:11:48,31,33,6441,14386
2023-12-27 13:11:49,30,33,6441,14386
2023-12-27 13:11:50,30,31,6441,14386
2023-12-27 13:12:01,29,30,6441,14387
2023-12-27 13:12:04,28,30,6441,14387
2023-12-27 13:12:05,28,29,6441,14387
2023-12-27 13:12:07,26,29,6441,14387
2023-12-27 13:12:07,27,29,6441,14387
2023-12-27 13:12:09,27,28,6441,14387
2023-12-27 13:12:13,26,28,6441,14587
2023-12-27 13:12:13,26,27,6441,14587
2023-12-27 13:12:13,26,27,6441,14787
2023-12-27 13:12:13,21,27,6441,14787
2023-12-27 13:12:14,21,28,6441,14787
2023-12-27 13:12:14,24,27,6441,14787
2023-12-27 13:12:22,25,27,6441,14787
2023-12-27 13:12:23,25,29,6441,14787
2023-12-27 13:12:23,25,28,6441,14787
2023-12-27 13:12:31,26,28,6441,14787
2023-12-27 13:12:31,26,29,6441,14787
2023-12-27 13:12:35,26,30,6441,14787
2023-12-27 13:12:35,26,28,6441,14787
2023-12-27 13:12:36,25,28,6441,14787
2023-12-27 13:12:37,26,28,6441,14787
2023-12-27 13:12:38,26,30,6441,14787
2023-12-27 13:12:38,26,29,6441,14787
2023-12-27 13:12:40,27,29,6441,14787
2023-12-27 13:12:44,27,29,6441,15037
2023-12-27 13:12:45,27,31,6441,15037
2023-12-27 13:12:45,27,30,6441,15037
2023-12-27 13:12:46,27,30,6441,15287
2023-12-27 13:12:51,27,31,6441,15287
2023-12-27 13:12:51,27,33,6441,15287
2023-12-27 13:12:51,27,31,6441,15287
2023-12-27 13:12:52,29,31,6441,15287
2023-12-27 13:12:53,29,31,6441,15537
2023-12-27 13:12:53,30,31,6441,15537
2023-12-27 13:12:53,30,32,6441,15537
2023-12-27 13:12:54,30,34,6441,15537
2023-12-27 13:12:54,30,35,6441,15537
2023-12-27 13:12:54,30,33,6441,15537
2023-12-27 13:12:55,31,33,6441,15537
2023-12-27 13:12:59,31,33,6441,15787
2023-12-27 13:13:01,32,33,6441,15787
2023-12-27 13:13:01,32,36,6441,15787
2023-12-27 13:13:01,32,34,6441,15787
2023-12-27 13:13:14,32,36,6441,15787
2023-12-27 13:13:14,32,33,6441,15787
2023-12-27 13:13:44,32,36,6441,15787
2023-12-27 13:13:44,32,34,6441,15787
2023-12-27 13:13:52,32,36,6441,15787
2023-12-27 13:13:52,32,37,6441,15787
2023-12-27 13:13:52,32,35,6441,15787
2023-12-27 13:14:03,34,35,6441,15787
2023-12-27 13:14:04,34,37,6441,15787
2023-12-27 13:14:04,34,36,6441,15787
2023-12-27 13:14:12,34,38,6441,15787
2023-12-27 13:14:12,35,38,6441,15787
2023-12-27 13:14:12,35,39,6441,15787
2023-12-27 13:14:12,35,37,6441,15787
2023-12-27 13:14:20,36,37,6441,15787
2023-12-27 13:14:20,36,39,6441,15787
2023-12-27 13:14:20,36,38,6441,15787
2023-12-27 13:14:26,36,40,6441,15787
2023-12-27 13:14:26,37,40,6441,15787
2023-12-27 13:14:26,37,41,6441,15787
2023-12-27 13:14:26,37,39,6441,15787
2023-12-27 13:14:38,37,41,6441,15787
2023-12-27 13:14:38,37,40,6441,15787
2023-12-27 13:14:40,37,41,6441,15787
2023-12-27 13:14:40,37,39,6441,15787
2023-12-27 13:14:48,37,41,6441,15787
2023-12-27 13:14:48,37,40,6441,15787
2023-12-27 13:14:49,37,41,6441,15787
2023-12-27 13:14:55,37,40,6441,15787
2023-12-27 13:14:56,37,41,6441,15787
2023-12-27 13:15:02,37,40,6441,15787
2023-12-27 13:15:10,37,41,6441,15787
2023-12-27 13:15:15,37,40,6441,15787
2023-12-27 13:15:16,37,41,6441,15787
2023-12-27 13:15:18,37,40,6441,15787
2023-12-27 13:15:20,37,41,6441,15787
2023-12-27 13:15:29,37,40,6441,15787
2023-12-27 13:15:53,37,41,6441,15787
2023-12-27 13:15:53,37,39,6441,15787
2023-12-27 13:15:56,37,41,6441,15787
2023-12-27 13:15:56,37,40,6441,15787
2023-12-27 13:16:13,37,41,6441,15787
2023-12-27 13:16:29,39,41,6441,15787
2023-12-27 13:16:30,39,42,6441,15787
2023-12-27 13:16:38,39,44,6441,15787
2023-12-27 13:16:38,40,44,6441,15787
2023-12-27 13:16:38,40,43,6441,15787
2023-12-27 13:16:39,40,44,6441,15787
2023-12-27 13:16:39,40,42,6441,15787
2023-12-27 13:16:43,40,44,6441,15787
2023-12-27 13:16:43,40,43,6441,15787
2023-12-27 13:17:06,41,43,6441,15787
2023-12-27 13:17:06,41,45,6441,15787
2023-12-27 13:17:06,41,44,6441,15787
2023-12-27 13:17:11,42,44,6441,15787
2023-12-27 13:17:11,42,46,6441,15787
2023-12-27 13:17:11,42,45,6441,15787
2023-12-27 13:17:27,42,46,6441,15787
2023-12-27 13:17:36,42,43,6441,15787
2023-12-27 13:17:36,41,43,6441,15787
2023-12-27 13:17:36,40,43,6441,15787
2023-12-27 13:17:37,40,44,6441,15787
2023-12-27 13:17:37,41,44,6441,15787
2023-12-27 13:17:37,41,42,6441,15787
2023-12-27 13:17:38,41,42,6441,15987
2023-12-27 13:17:38,41,44,6441,15987
2023-12-27 13:17:38,41,45,6441,15987
2023-12-27 13:17:38,41,44,6441,15987
2023-12-27 13:17:43,41,45,6441,15987
2023-12-27 13:17:43,40,45,6441,15987
2023-12-27 13:17:43,40,44,6441,15987
2023-12-27 13:17:43,40,43,6441,15987
2023-12-27 13:17:44,40,44,6441,15987
2023-12-27 13:17:44,39,44,6441,15987
2023-12-27 13:17:44,39,43,6441,15987
2023-12-27 13:17:44,39,42,6441,15987
2023-12-27 13:17:55,39,41,6441,15987
2023-12-27 13:17:57,38,41,6441,16187
2023-12-27 13:17:58,37,41,6441,16187
2023-12-27 13:17:58,37,40,6441,16187
2023-12-27 13:18:12,35,40,6441,16187
2023-12-27 13:18:12,35,39,6441,16187
2023-12-27 13:18:18,35,38,6441,16187
2023-12-27 13:18:20,34,38,6441,16187
2023-12-27 13:18:24,32,37,6441,16187
2023-12-27 13:18:24,32,36,6441,16187
2023-12-27 13:18:25,32,35,6441,16187
2023-12-27 13:18:30,32,34,6441,16187
2023-12-27 13:18:31,32,33,6441,16187
2023-12-27 13:18:37,32,34,6441,16187
2023-12-27 13:18:40,32,35,6441,16187
2023-12-27 13:19:07,32,36,6441,16187
2023-12-27 13:19:18,33,36,6441,16187
2023-12-27 13:19:18,33,37,6441,16187
2023-12-27 13:19:21,33,38,6441,16187
2023-12-27 13:19:24,34,38,6441,16187
2023-12-27 13:19:31,33,38,6441,16187
2023-12-27 13:19:38,33,36,6441,16187
2023-12-27 13:19:53,32,36,6441,16187
2023-12-27 13:20:28,33,36,6441,16187
2023-12-27 13:20:52,34,36,6441,16187
2023-12-27 13:20:55,35,36,6441,16187
2023-12-27 13:21:05,35,36,6441,16287
2023-12-27 13:21:08,35,36,6441,16537
2023-12-27 13:21:09,35,36,6441,16737
2023-12-27 13:21:10,35,39,6441,16755
2023-12-27 13:21:22,35,38,6441,16755
2023-12-27 13:21:51,33,38,6441,16755
2023-12-27 13:21:51,33,37,6441,16755
2023-12-27 13:22:01,33,36,6441,16755
2023-12-27 13:22:04,32,36,6441,16755
2023-12-27 13:22:04,32,35,6441,16755
2023-12-27 13:22:08,34,35,6441,16755
2023-12-27 13:22:10,32,34,6441,16855
2023-12-27 13:22:11,32,35,6441,16855
2023-12-27 13:22:21,32,36,6441,17090
2023-12-27 13:22:29,32,35,6441,17090
2023-12-27 13:22:31,32,36,6441,17090
2023-12-27 13:22:35,34,36,6441,17090
2023-12-27 13:22:38,34,35,6441,17090
2023-12-27 13:22:39,34,36,6441,17090
2023-12-27 13:22:39,32,36,6441,17090
2023-12-27 13:22:40,34,36,6441,17090
2023-12-27 13:22:42,32,36,6441,17090
2023-12-27 13:22:44,33,36,6441,17090
2023-12-27 13:22:45,32,36,6441,17090
2023-12-27 13:22:52,32,35,6441,17090
2023-12-27 13:23:03,32,34,6441,17090
2023-12-27 13:23:14,32,35,6441,17090
2023-12-27 13:23:17,32,34,6441,17090
2023-12-27 13:23:19,32,35,6441,17090
2023-12-27 13:23:37,33,35,6441,17090
2023-12-27 13:23:43,33,36,6441,17090
2023-12-27 13:23:44,32,36,6441,17090
2023-12-27 13:23:53,34,36,6441,17090
2023-12-27 13:23:55,32,36,6441,17090
2023-12-27 13:23:56,33,36,6441,17090
2023-12-27 13:23:57,32,36,6441,17090
2023-12-27 13:24:06,33,36,6441,17090
2023-12-27 13:24:33,34,36,6441,17090
2023-12-27 13:24:35,34,36,6441,17340
2023-12-27 13:24:37,34,38,6441,17590
2023-12-27 13:24:46,36,38,6441,17590
2023-12-27 13:24:57,33,38,6441,17590
2023-12-27 13:24:58,36,38,6441,17590
2023-12-27 13:25:21,37,38,6441,17590
2023-12-27 13:25:36,36,38,6441,17590
2023-12-27 13:25:52,37,38,6441,17590
2023-12-27 13:26:10,37,42,6441,17840
2023-12-27 13:26:17,37,43,6441,17840
2023-12-27 13:26:20,37,42,6441,17840
2023-12-27 13:26:22,37,43,6441,17840
2023-12-27 13:26:25,37,42,6441,17840
2023-12-27 13:26:28,37,43,6441,17840
2023-12-27 13:26:32,37,42,6441,17840
2023-12-27 13:27:06,37,43,6441,17840
2023-12-27 13:27:07,39,43,6441,17840
2023-12-27 13:27:17,39,42,6441,17840
2023-12-27 13:27:18,38,42,6441,17840
2023-12-27 13:27:25,38,41,6441,17840
2023-12-27 13:27:30,37,41,6441,17840
2023-12-27 13:27:36,37,40,6441,17840
2023-12-27 13:27:37,37,41,6441,17840
2023-12-27 13:27:39,37,40,6441,17840
2023-12-27 13:27:40,37,41,6441,17840
2023-12-27 13:27:41,37,40,6441,17840
2023-12-27 13:27:42,37,41,6441,17840
2023-12-27 13:27:45,37,40,6441,17840
2023-12-27 13:27:53,37,39,6441,17840
2023-12-27 13:28:01,37,38,6441,17840
2023-12-27 13:28:15,33,36,6441,17841
2023-12-27 13:28:36,33,38,6441,17841
2023-12-27 13:28:46,33,39,6441,17841
2023-12-27 13:28:48,34,39,6441,17841
2023-12-27 13:28:56,34,40,6441,17841
2023-12-27 13:29:11,36,40,6441,17841
2023-12-27 13:29:16,36,41,6441,17841
2023-12-27 13:29:20,36,40,6441,17841
2023-12-27 13:29:21,36,41,6441,17841
2023-12-27 13:29:25,36,40,6441,17841
2023-12-27 13:29:31,36,41,6441,17841
2023-12-27 13:29:40,37,41,6441,17841
2023-12-27 13:29:44,37,42,6441,17841
2023-12-27 13:29:46,37,41,6441,17841
2023-12-27 13:29:52,36,41,6441,17841
2023-12-27 13:30:00,36,39,6441,17841
2023-12-27 13:30:02,33,39,6441,17841
2023-12-27 13:30:02,34,39,6441,17841
2023-12-27 13:30:04,34,38,6441,17841
2023-12-27 13:30:05,33,38,6441,17841
2023-12-27 13:30:10,34,38,6441,17841
2023-12-27 13:30:17,33,38,6441,17841
2023-12-27 13:30:18,33,37,6441,17841
2023-12-27 13:30:27,33,38,6441,17841
2023-12-27 13:30:32,33,37,6441,17841
2023-12-27 13:30:35,33,36,6441,17841
2023-12-27 13:30:36,31,36,6441,17841
2023-12-27 13:30:42,30,36,6441,17841
2023-12-27 13:30:44,31,35,6441,17841
2023-12-27 13:30:47,30,35,6441,17841
2023-12-27 13:30:48,30,34,6441,17841
2023-12-27 13:30:55,27,34,6441,17841
2023-12-27 13:30:55,28,34,6441,17841
2023-12-27 13:30:55,30,34,6441,17841
2023-12-27 13:30:57,28,34,6441,17841
2023-12-27 13:30:58,30,34,6441,17841
2023-12-27 13:30:59,28,34,6441,17841
2023-12-27 13:31:01,29,34,6441,17841
2023-12-27 13:31:04,29,35,6441,17841
2023-12-27 13:31:04,30,35,6441,17841
2023-12-27 13:31:05,30,34,6441,17841
2023-12-27 13:31:08,30,35,6441,17841
2023-12-27 13:31:10,30,34,6441,17841
2023-12-27 13:31:11,30,35,6441,17841
2023-12-27 13:31:12,30,34,6441,17841
2023-12-27 13:31:14,30,35,6441,17841
2023-12-27 13:31:17,30,34,6441,17841
2023-12-27 13:31:18,30,35,6441,17841
2023-12-27 13:31:35,30,36,6441,17841
2023-12-27 13:31:35,31,36,6441,17841
2023-12-27 13:31:38,31,37,6441,17841
2023-12-27 13:31:41,31,36,6441,17841
2023-12-27 13:31:46,31,37,6441,17841
2023-12-27 13:31:50,31,35,6441,17841
2023-12-27 13:32:40,33,35,6441,17841
2023-12-27 13:32:41,31,35,6441,17841
2023-12-27 13:32:43,33,35,6441,17841
2023-12-27 13:32:45,31,35,6441,17841
2023-12-27 13:32:49,33,35,6441,17841
2023-12-27 13:32:51,33,38,6441,17841
2023-12-27 13:32:52,34,38,6441,17841
2023-12-27 13:32:53,34,39,6441,17841
2023-12-27 13:32:58,34,38,6441,17841
2023-12-27 13:33:01,34,39,6441,17841
2023-12-27 13:33:32,36,39,6441,17841
2023-12-27 13:33:32,36,41,6441,17841
2023-12-27 13:33:43,36,40,6441,17841
2023-12-27 13:34:02,36,39,6441,17841
2023-12-27 13:34:02,34,39,6441,17841
2023-12-27 13:34:31,34,40,6441,17841
2023-12-27 13:34:40,34,39,6441,17841
2023-12-27 13:35:01,33,39,6441,17841
2023-12-27 13:35:04,33,37,6441,17841
2023-12-27 13:35:12,33,36,6441,17841
2023-12-27 13:35:18,30,36,6441,17841
2023-12-27 13:35:18,31,36,6441,17841
2023-12-27 13:35:28,31,37,6441,17841
2023-12-27 13:35:29,33,37,6441,17841
2023-12-27 13:35:31,33,36,6441,17841
2023-12-27 13:35:34,33,35,6441,17841
2023-12-27 13:35:34,30,35,6441,17841
2023-12-27 13:35:36,32,35,6441,17841
2023-12-27 13:35:39,30,35,6441,17841
2023-12-27 13:35:52,31,35,6441,17841
2023-12-27 13:35:56,30,35,6441,17841
2023-12-27 13:36:01,30,33,6441,17841
2023-12-27 13:36:06,29,33,6441,17841
2023-12-27 13:36:16,29,32,6441,17841
2023-12-27 13:36:17,28,32,6441,17841
2023-12-27 13:36:23,28,31,6441,17841
2023-12-27 13:36:24,28,32,6441,17841
2023-12-27 13:36:24,29,32,6441,17841
2023-12-27 13:36:30,29,33,6441,17841
2023-12-27 13:36:31,29,32,6441,17841
2023-12-27 13:36:34,29,33,6441,18041
2023-12-27 13:36:38,29,34,6441,18041
2023-12-27 13:36:46,31,35,6441,18041
2023-12-27 13:37:10,31,36,6441,18041
2023-12-27 13:37:12,31,35,6441,18041
2023-12-27 13:37:14,31,36,6441,18041
2023-12-27 13:37:23,31,37,6441,18041
2023-12-27 13:37:30,32,39,6441,18041
2023-12-27 13:37:30,33,39,6441,18041
2023-12-27 13:37:30,33,38,6441,18041
2023-12-27 13:37:45,33,39,6441,18041
2023-12-27 13:38:08,33,37,6441,18041
2023-12-27 13:38:09,32,37,6441,18041
2023-12-27 13:38:15,32,36,6441,18041
2023-12-27 13:38:20,32,37,6441,18041
2023-12-27 13:38:24,32,36,6441,18041
2023-12-27 13:38:36,32,37,6441,18041
2023-12-27 13:38:43,33,37,6441,18041
2023-12-27 13:38:48,32,37,6441,18041
2023-12-27 13:38:58,33,37,6441,18041
2023-12-27 13:39:21,32,37,6441,18041
2023-12-27 13:39:29,32,36,6441,18041
2023-12-27 13:39:30,31,36,6441,18041
2023-12-27 13:39:33,32,36,6441,18041
2023-12-27 13:39:35,31,36,6441,18041
2023-12-27 13:40:01,31,35,6441,18041
2023-12-27 13:40:23,31,34,6441,18041
2023-12-27 13:40:36,30,34,6441,18041
2023-12-27 13:40:37,29,34,6441,18041
2023-12-27 13:40:50,29,35,6441,18041
2023-12-27 13:40:54,29,34,6441,18041
2023-12-27 13:41:23,29,33,6441,18041
2023-12-27 13:41:42,29,34,6441,18041
2023-12-27 13:41:42,29,31,6441,18041
2023-12-27 13:42:40,28,31,6441,18091
2023-12-27 13:42:41,27,31,6441,18091
2023-12-27 13:42:41,27,30,6441,18091
2023-12-27 13:42:43,26,30,6441,18091
2023-12-27 13:42:53,27,30,6441,18091
2023-12-27 13:42:57,27,29,6441,18091
2023-12-27 13:42:57,26,29,6441,18091
2023-12-27 13:42:59,27,29,6441,18091
2023-12-27 13:43:00,27,30,6441,18091
2023-12-27 13:43:01,26,30,6441,18091
2023-12-27 13:43:02,26,29,6441,18091
2023-12-27 13:43:03,26,30,6441,18091
2023-12-27 13:43:25,26,29,6441,18091
2023-12-27 13:43:26,26,30,6441,18091
2023-12-27 13:43:35,26,31,6441,18091
2023-12-27 13:43:43,26,30,6441,18091
2023-12-27 13:43:48,26,31,6441,18091
2023-12-27 13:43:54,29,31,6441,18091
2023-12-27 13:43:56,26,31,6441,18091
2023-12-27 13:43:57,30,31,6441,18091
2023-12-27 13:43:58,26,31,6441,18091
2023-12-27 13:43:59,30,31,6441,18091
2023-12-27 13:44:03,27,31,6441,18091
2023-12-27 13:44:13,29,31,6441,18091
2023-12-27 13:44:15,29,34,6441,18291
2023-12-27 13:44:30,28,34,6441,18291
2023-12-27 13:44:31,30,34,6441,18291
2023-12-27 13:44:33,29,34,6441,18291
2023-12-27 13:44:36,28,34,6441,18291
2023-12-27 13:44:44,29,34,6441,18291
2023-12-27 13:44:46,28,34,6441,18291
2023-12-27 13:45:07,28,32,6441,18291
2023-12-27 13:45:11,27,32,6441,18291
2023-12-27 13:45:17,27,31,6441,18291
2023-12-27 13:45:27,29,31,6441,18291
2023-12-27 13:45:28,27,31,6441,18291
2023-12-27 13:45:29,28,31,6441,18291
2023-12-27 13:45:30,27,31,6441,18291
2023-12-27 13:45:39,27,30,6441,18291
2023-12-27 13:45:39,26,30,6441,18291
2023-12-27 13:45:46,26,31,6441,18291
2023-12-27 13:45:50,27,31,6441,18291
2023-12-27 13:46:03,28,31,6441,18291
2023-12-27 13:46:03,28,34,6441,18291
2023-12-27 13:46:03,28,33,6441,18291
2023-12-27 13:46:17,29,33,6441,18291
2023-12-27 13:46:17,29,34,6441,18291
2023-12-27 13:46:18,28,34,6441,18291
2023-12-27 13:46:18,28,33,6441,18291
2023-12-27 13:46:18,28,32,6441,18291
2023-12-27 13:46:34,28,34,6441,18291
2023-12-27 13:46:35,29,34,6441,18291
2023-12-27 13:46:39,29,35,6441,18291
2023-12-27 13:46:41,29,34,6441,18291
2023-12-27 13:46:41,28,34,6441,18291
2023-12-27 13:47:31,27,34,6441,18291
2023-12-27 13:47:32,28,34,6441,18291
2023-12-27 13:47:33,27,34,6441,18291
2023-12-27 13:47:33,27,32,6441,18291
2023-12-27 13:47:47,28,32,6441,18291
2023-12-27 13:47:48,27,32,6441,18291
2023-12-27 13:47:55,28,32,6441,18291
2023-12-27 13:48:13,27,32,6441,18291
2023-12-27 13:48:17,27,31,6441,18291
2023-12-27 13:48:18,26,31,6441,18291
2023-12-27 13:48:40,27,31,6441,18291
2023-12-27 13:48:42,27,32,6441,18291
2023-12-27 13:48:44,27,31,6441,18291
2023-12-27 13:48:45,27,32,6441,18291
2023-12-27 13:49:03,27,31,6441,18291
2023-12-27 13:49:05,27,32,6441,18291
2023-12-27 13:49:07,27,31,6441,18291
2023-12-27 13:49:09,27,32,6441,18291
2023-12-27 13:49:32,27,31,6441,18291
2023-12-27 13:49:37,27,32,6441,18291
2023-12-27 13:49:38,27,31,6441,18291
2023-12-27 13:49:42,27,32,6441,18291
2023-12-27 13:49:43,28,32,6441,18291
2023-12-27 13:49:44,27,32,6441,18291
2023-12-27 13:49:45,27,31,6441,18291
2023-12-27 13:49:45,28,31,6441,18291
2023-12-27 13:49:47,27,31,6441,18291
2023-12-27 13:49:48,28,31,6441,18291
2023-12-27 13:49:49,27,31,6441,18291
2023-12-27 13:49:51,26,31,6441,18291
2023-12-27 13:49:57,27,31,6441,18291
2023-12-27 13:49:58,26,31,6441,18291
2023-12-27 13:50:00,26,32,6441,18291
2023-12-27 13:50:29,27,31,6441,18291
2023-12-27 13:50:29,26,31,6441,18291
2023-12-27 13:50:36,26,30,6441,18291
2023-12-27 13:51:17,26,32,6441,18291
2023-12-27 13:51:17,27,32,6441,18291
2023-12-27 13:51:17,28,32,6441,18291
2023-12-27 13:51:17,28,31,6441,18291
2023-12-27 13:51:17,28,32,6441,18291
2023-12-27 13:51:20,27,32,6441,18291
2023-12-27 13:51:23,28,32,6441,18291
2023-12-27 13:51:24,28,35,6441,18291
2023-12-27 13:51:24,28,34,6441,18291
2023-12-27 13:51:25,29,34,6441,18291
2023-12-27 13:51:25,29,35,6441,18291
2023-12-27 13:51:29,28,35,6441,18291
2023-12-27 13:51:30,28,33,6441,18291
2023-12-27 13:51:53,27,33,6441,18291
2023-12-27 13:51:53,27,32,6441,18291
2023-12-27 13:52:04,27,31,6441,18291
2023-12-27 13:52:09,26,31,6441,18291
2023-12-27 13:52:13,27,31,6441,18291
2023-12-27 13:52:13,27,32,6441,18291
2023-12-27 13:52:22,27,33,6441,18291
2023-12-27 13:52:24,27,32,6441,18291
2023-12-27 13:52:33,26,32,6441,18291
2023-12-27 13:52:33,26,31,6441,18291
2023-12-27 13:52:56,27,31,6441,18291
2023-12-27 13:52:58,26,31,6441,18291
2023-12-27 13:53:00,27,31,6441,18291
2023-12-27 13:53:01,26,31,6441,18291
2023-12-27 13:53:05,26,30,6441,18291
2023-12-27 13:53:27,26,28,6441,18291
2023-12-27 13:53:34,26,27,6441,18291
2023-12-27 13:53:37,26,28,6441,18291
2023-12-27 13:53:38,26,27,6441,18291
2023-12-27 13:54:22,26,28,6441,18291
2023-12-27 13:54:44,26,30,6441,18291
2023-12-27 13:55:33,27,30,6441,18291
2023-12-27 13:55:33,27,31,6441,18291
2023-12-27 13:55:58,28,31,6441,18291
2023-12-27 13:55:58,28,32,6441,18291
2023-12-27 13:56:00,27,32,6441,18291
2023-12-27 13:56:04,28,32,6441,18291
2023-12-27 13:56:06,28,30,6441,18291
2023-12-27 13:56:09,26,30,6441,18291
2023-12-27 13:56:26,29,30,6441,18291
2023-12-27 13:56:27,26,30,6441,18291
2023-12-27 13:56:29,29,30,6441,18291
2023-12-27 13:56:31,26,30,6441,18291
2023-12-27 13:56:31,29,30,6441,18291
2023-12-27 13:56:35,26,30,6441,18291
2023-12-27 13:56:37,29,30,6441,18291
2023-12-27 13:56:38,29,32,6441,18291
2023-12-27 13:56:39,26,32,6441,18291
2023-12-27 13:56:40,29,32,6441,18291
2023-12-27 13:56:42,26,32,6441,18291
2023-12-27 13:56:45,26,31,6441,18291
2023-12-27 13:56:48,26,32,6441,18291
2023-12-27 13:56:49,26,31,6441,18291
2023-12-27 13:56:50,26,32,6441,18291
2023-12-27 13:56:51,29,32,6441,18291
2023-12-27 13:56:52,26,32,6441,18291
2023-12-27 13:56:53,26,31,6441,18291
2023-12-27 13:57:06,26,32,6441,18291
2023-12-27 13:57:12,26,31,6441,18291
2023-12-27 13:57:26,28,31,6441,18291
2023-12-27 13:57:27,28,29,6441,18291
2023-12-27 13:57:31,26,29,6441,18291
2023-12-27 13:57:43,26,31,6441,18491
2023-12-27 13:58:05,27,31,6441,18491
2023-12-27 13:58:05,27,32,6441,18491
2023-12-27 13:58:24,26,32,6441,18491
2023-12-27 13:58:33,27,32,6441,18491
2023-12-27 13:58:40,27,33,6541,18591
2023-12-27 13:58:41,28,33,6541,18591
2023-12-27 13:58:47,28,35,6541,18791
2023-12-27 13:58:47,28,34,6541,18791
2023-12-27 13:58:48,30,34,6541,18791
2023-12-27 13:58:48,30,35,6541,18791
2023-12-27 13:59:02,30,36,6541,18791
2023-12-27 13:59:10,31,36,6541,18791
2023-12-27 13:59:19,31,37,6541,18791
2023-12-27 13:59:21,32,37,6541,18791
2023-12-27 13:59:21,33,37,6541,18791
2023-12-27 13:59:23,33,40,6541,18791
2023-12-27 13:59:23,33,39,6541,18791
2023-12-27 13:59:27,32,39,6541,18791
2023-12-27 13:59:27,35,39,6541,18791
2023-12-27 13:59:35,36,39,6541,18791
2023-12-27 13:59:35,36,41,6541,18791
2023-12-27 13:59:38,35,41,6541,18791
2023-12-27 13:59:43,36,41,6541,18791
2023-12-27 13:59:46,36,42,6541,18791
2023-12-27 13:59:53,37,42,6541,18791
2023-12-27 13:59:55,36,42,6541,18791
2023-12-27 13:59:56,37,42,6541,18791
2023-12-27 13:59:58,36,42,6541,18791
2023-12-27 14:00:00,37,42,6541,18791
2023-12-27 14:00:02,39,42,6541,18791
2023-12-27 14:00:02,39,43,6541,18791
2023-12-27 14:00:03,39,45,6541,18791
2023-12-27 14:00:03,39,44,6541,18791
2023-12-27 14:00:05,40,44,6541,18791
2023-12-27 14:00:05,42,44,6541,18791
2023-12-27 14:00:05,42,46,6541,18791
2023-12-27 14:00:05,42,46,6661,18911
2023-12-27 14:00:08,42,49,6661,18911
2023-12-27 14:00:08,43,49,6661,18911
2023-12-27 14:00:08,43,48,6661,18911
2023-12-27 14:00:09,46,48,6661,18911
2023-12-27 14:00:09,46,48,6721,18971
2023-12-27 14:00:09,46,50,6721,18971
2023-12-27 14:00:09,46,49,6721,18971
2023-12-27 14:00:09,46,50,6721,18971
2023-12-27 14:00:10,48,50,6721,18971
2023-12-27 14:00:12,48,50,6721,19171
2023-12-27 14:00:12,51,56,6721,19221
2023-12-27 14:00:12,51,56,6781,19281
2023-12-27 14:00:13,51,54,6781,19281
2023-12-27 14:00:13,50,51,6826,19371
2023-12-27 14:00:14,51,54,6831,19376
2023-12-27 14:00:15,51,57,6831,19376
2023-12-27 14:00:15,52,57,6831,19376
2023-12-27 14:00:15,54,57,6831,19376
2023-12-27 14:00:16,55,57,6831,19376
2023-12-27 14:00:17,54,57,6831,19376
2023-12-27 14:00:18,56,57,6831,19376
2023-12-27 14:00:19,56,59,6834,19379
2023-12-27 14:00:19,56,58,6834,19379
2023-12-27 14:00:21,56,57,6834,19379
2023-12-27 14:00:21,55,57,6834,19379
2023-12-27 14:00:23,54,57,6834,19379
2023-12-27 14:00:23,55,57,6834,19379
2023-12-27 14:00:24,55,58,6834,19379
2023-12-27 14:00:25,55,56,6834,19379
2023-12-27 14:00:26,53,56,6834,19379
2023-12-27 14:00:30,54,56,6834,19379
2023-12-27 14:00:31,54,58,6834,19379
2023-12-27 14:00:32,55,58,6834,19379
2023-12-27 14:00:33,55,59,6834,19379
2023-12-27 14:00:33,56,59,6834,19379
2023-12-27 14:00:34,56,61,6834,19379
2023-12-27 14:00:34,57,61,6834,19379
2023-12-27 14:00:35,58,61,6834,19379
2023-12-27 14:00:36,58,62,6834,19379
2023-12-27 14:00:36,58,64,6834,19379
2023-12-27 14:00:36,62,64,6834,19379
2023-12-27 14:00:36,62,65,6834,19379
2023-12-27 14:00:38,63,65,6834,19379
2023-12-27 14:00:39,64,65,6834,19379
2023-12-27 14:00:40,63,65,6834,19379
2023-12-27 14:00:42,63,65,6834,19579
2023-12-27 14:00:42,61,64,6834,19579
2023-12-27 14:00:51,61,63,6834,19579
2023-12-27 14:00:52,61,64,6834,19579
2023-12-27 14:00:55,61,65,6834,19579
2023-12-27 14:00:56,62,65,6834,19579
2023-12-27 14:00:57,61,65,6834,19579
2023-12-27 14:00:58,61,64,6834,19579
2023-12-27 14:01:02,61,65,6834,19579
2023-12-27 14:01:04,61,64,6834,19579
2023-12-27 14:01:09,59,64,6834,19579
2023-12-27 14:01:11,59,63,6834,19579
2023-12-27 14:01:13,59,62,6834,19579
2023-12-27 14:01:15,57,62,6834,19579
2023-12-27 14:01:15,57,61,6834,19579
2023-12-27 14:01:16,57,60,6834,19579
2023-12-27 14:01:22,57,61,6834,19579
2023-12-27 14:01:24,57,62,6834,19579
2023-12-27 14:01:24,59,63,6834,19579
2023-12-27 14:01:27,59,62,6834,19579
2023-12-27 14:01:34,59,61,6834,19579
2023-12-27 14:01:36,59,62,6834,19579
2023-12-27 14:01:45,60,62,6834,19579
2023-12-27 14:01:45,60,64,6834,19579
2023-12-27 14:01:45,60,63,6834,19579
2023-12-27 14:01:46,59,63,6834,19579
2023-12-27 14:01:46,59,62,6834,19579
2023-12-27 14:01:47,59,63,6834,19579
2023-12-27 14:01:47,59,62,6834,19579
2023-12-27 14:01:47,59,61,6834,19579
2023-12-27 14:01:53,59,62,6834,19579
2023-12-27 14:01:57,59,61,6834,19579
2023-12-27 14:01:58,59,62,6834,19579
2023-12-27 14:01:59,59,61,6834,19579
2023-12-27 14:02:01,59,62,6834,19579
2023-12-27 14:02:05,59,63,6834,19579
2023-12-27 14:02:07,59,62,6834,19579
2023-12-27 14:02:18,59,63,6834,19579
2023-12-27 14:02:21,60,63,6834,19579
2023-12-27 14:02:21,60,64,6834,19579
2023-12-27 14:02:22,60,63,6834,19579
2023-12-27 14:02:30,59,63,6834,19579
2023-12-27 14:02:37,60,63,6834,19579
2023-12-27 14:02:38,61,63,6834,19579
2023-12-27 14:02:38,61,64,6834,19579
2023-12-27 14:02:39,61,65,6834,19579
2023-12-27 14:02:39,62,65,6834,19579
2023-12-27 14:02:41,63,65,6834,19579
2023-12-27 14:02:53,63,67,6834,19579
2023-12-27 14:02:53,64,67,6834,19579
2023-12-27 14:03:01,64,66,6834,19579
2023-12-27 14:03:01,63,66,6834,19579
2023-12-27 14:03:03,62,66,6834,19579
2023-12-27 14:03:14,62,66,6834,19579
2023-12-27 14:03:16,62,65,6834,19579
2023-12-27 14:03:26,63,65,6834,19579
2023-12-27 14:03:26,63,66,6834,19579
2023-12-27 14:03:36,63,67,6834,19579
2023-12-27 14:03:38,64,67,6834,19579
2023-12-27 14:03:53,63,67,6834,19579
2023-12-27 14:03:53,63,66,6834,19579
2023-12-27 14:04:00,63,65,6834,19579
2023-12-27 14:04:01,62,65,6834,19579
2023-12-27 14:04:02,62,64,6834,19579
2023-12-27 14:04:05,62,65,6834,19579
2023-12-27 14:04:09,62,64,6834,19579
2023-12-27 14:04:12,61,64,6834,19579
2023-12-27 14:04:19,61,63,6834,19579
2023-12-27 14:04:28,61,64,6834,19579
2023-12-27 14:04:28,61,66,6834,19579
2023-12-27 14:04:29,62,66,6834,19579
2023-12-27 14:04:30,63,66,6834,19579
2023-12-27 14:04:33,63,67,6834,19579
2023-12-27 14:04:35,66,67,6834,19579
2023-12-27 14:04:40,66,68,6834,19579
2023-12-27 14:04:55,65,68,6834,19579
2023-12-27 14:04:59,65,67,6834,19579
2023-12-27 14:05:02,65,68,6834,19579
2023-12-27 14:05:09,65,67,6834,19579
2023-12-27 14:05:15,64,67,6834,19579
2023-12-27 14:05:18,65,67,6834,19579
2023-12-27 14:05:19,64,67,6834,19579
2023-12-27 14:05:29,65,67,6834,19579
2023-12-27 14:05:30,65,68,6834,19579
2023-12-27 14:05:32,65,67,6834,19579
2023-12-27 14:05:37,65,67,6834,19580
2023-12-27 14:05:49,64,67,6834,19580
2023-12-27 14:06:01,64,66,6834,19580
2023-12-27 14:06:02,63,66,6834,19580
2023-12-27 14:06:03,63,65,6834,19580
2023-12-27 14:06:05,62,65,6834,19580
2023-12-27 14:06:05,62,64,6834,19580
2023-12-27 14:06:16,61,64,6834,19580
2023-12-27 14:06:17,61,63,6834,19580
2023-12-27 14:06:21,61,63,6834,19650
2023-12-27 14:07:10,61,64,6834,19650
2023-12-27 14:07:10,61,62,6834,19650
2023-12-27 14:08:09,62,65,6834,19858
2023-12-27 14:08:09,62,66,6834,19858
2023-12-27 14:08:10,62,65,6834,19858
2023-12-27 14:08:33,61,65,6834,19858
2023-12-27 14:08:33,61,64,6834,19858
2023-12-27 14:08:47,61,63,6834,19858
2023-12-27 14:08:51,60,63,6834,19858
2023-12-27 14:08:51,60,62,6834,19858
2023-12-27 14:08:52,60,63,6834,19858
2023-12-27 14:08:53,60,62,6834,19858
2023-12-27 14:09:03,61,62,6834,19858
2023-12-27 14:09:03,61,63,6834,19858
2023-12-27 14:09:04,61,63,6967,19991
2023-12-27 14:09:05,60,63,6967,19991
2023-12-27 14:09:07,60,62,6967,19991
2023-12-27 14:09:11,60,63,6967,19991
2023-12-27 14:09:12,60,62,6967,19991
2023-12-27 14:09:34,59,62,6967,19991
2023-12-27 14:09:35,58,62,6967,19991
2023-12-27 14:09:35,58,60,6967,19991
2023-12-27 14:09:43,58,62,6967,19991
2023-12-27 14:09:46,59,62,6967,19991
2023-12-27 14:09:56,58,62,6967,19991
2023-12-27 14:09:56,58,61,6967,19991
2023-12-27 14:10:04,57,61,6967,19991
2023-12-27 14:10:04,60,62,6967,19991
2023-12-27 14:10:04,61,62,6967,19991
2023-12-27 14:10:04,61,63,6967,19991
2023-12-27 14:10:04,61,64,6967,19991
2023-12-27 14:10:05,61,63,6967,19991
2023-12-27 14:10:08,60,63,6967,19991
2023-12-27 14:10:09,60,62,6967,19991
2023-12-27 14:10:11,59,62,6967,19991
2023-12-27 14:10:11,59,61,6967,19991
2023-12-27 14:10:29,57,61,6967,19991
2023-12-27 14:10:46,57,60,6967,19991
2023-12-27 14:10:47,57,61,6967,19991
2023-12-27 14:10:55,59,61,6967,19991
2023-12-27 14:10:55,59,62,6967,19991
2023-12-27 14:11:03,60,62,6967,19991
2023-12-27 14:11:16,60,63,6967,19991
2023-12-27 14:11:22,60,63,7167,20191
2023-12-27 14:11:22,63,64,7217,20241
2023-12-27 14:11:22,63,65,7217,20241
2023-12-27 14:11:30,62,65,7217,20241
2023-12-27 14:11:30,62,65,7417,20441
2023-12-27 14:11:30,61,65,7417,20441
2023-12-27 14:11:30,61,66,7417,20441
2023-12-27 14:11:30,63,66,7417,20441
2023-12-27 14:11:31,63,67,7417,20441
2023-12-27 14:11:40,63,66,7417,20441
2023-12-27 14:11:43,60,66,7417,20441
2023-12-27 14:11:43,62,66,7417,20441
2023-12-27 14:11:47,62,65,7417,20441
2023-12-27 14:11:49,62,66,7417,20441
2023-12-27 14:11:53,62,65,7417,20441
2023-12-27 14:12:11,60,65,7417,20441
2023-12-27 14:12:11,63,65,7417,20441
2023-12-27 14:12:17,63,66,7417,20441
2023-12-27 14:12:26,61,66,7417,20441
2023-12-27 14:12:26,61,67,7417,20441
2023-12-27 14:12:26,64,67,7417,20441
2023-12-27 14:12:38,62,67,7417,20441
2023-12-27 14:12:38,65,67,7417,20441
2023-12-27 14:12:39,65,68,7417,20441
2023-12-27 14:13:31,65,67,7417,20441
2023-12-27 14:13:43,65,66,7417,20441
2023-12-27 14:13:44,61,66,7417,20441
2023-12-27 14:13:44,64,66,7417,20441
2023-12-27 14:13:50,64,65,7417,20441
2023-12-27 14:14:01,64,66,7417,20441
2023-12-27 14:14:11,64,65,7417,20441
2023-12-27 14:14:50,61,65,7417,20441
2023-12-27 14:14:50,61,66,7417,20441
2023-12-27 14:14:50,61,67,7417,20441
2023-12-27 14:14:50,61,68,7417,20441
2023-12-27 14:14:50,62,68,7417,20441
2023-12-27 14:14:50,63,68,7417,20441
2023-12-27 14:14:50,63,66,7417,20441
2023-12-27 14:14:50,63,67,7417,20441
2023-12-27 14:14:50,63,68,7417,20441
2023-12-27 14:14:51,62,68,7417,20441
2023-12-27 14:14:51,65,68,7417,20441
2023-12-27 14:14:53,65,67,7417,20441
2023-12-27 14:15:01,62,67,7417,20441
2023-12-27 14:15:01,64,66,7417,20441
2023-12-27 14:15:03,64,67,7417,20441
2023-12-27 14:15:03,62,67,7417,20441
2023-12-27 14:15:03,65,67,7417,20441
2023-12-27 14:15:15,63,67,7417,20441
2023-12-27 14:15:15,63,68,7417,20441
2023-12-27 14:15:15,66,68,7417,20441
2023-12-27 14:16:05,66,67,7417,20441
2023-12-27 14:16:05,63,67,7417,20441
2023-12-27 14:16:05,65,67,7417,20441
2023-12-27 14:16:06,65,66,7417,20441
2023-12-27 14:16:11,65,66,7417,20841
2023-12-27 14:16:31,62,66,7417,20841
2023-12-27 14:16:31,62,65,7417,20841
2023-12-27 14:16:31,64,65,7417,20841
2023-12-27 14:16:55,64,66,7417,20841
2023-12-27 14:17:15,64,65,7417,20841
2023-12-27 14:17:25,64,66,7417,20841
2023-12-27 14:18:03,64,65,7417,20841
2023-12-27 14:18:09,61,65,7417,20841
2023-12-27 14:18:09,63,65,7417,20841
2023-12-27 14:18:11,63,64,7417,20841
2023-12-27 14:18:18,63,65,7417,20841
2023-12-27 14:18:44,63,64,7417,20841
2023-12-27 14:18:45,61,64,7417,20841
2023-12-27 14:18:45,62,64,7417,20841
2023-12-27 14:18:50,61,64,7417,20841
2023-12-27 14:18:50,63,64,7417,20841
2023-12-27 14:18:54,61,64,7417,20841
2023-12-27 14:18:54,62,64,7417,20841
2023-12-27 14:19:03,62,63,7417,20841
2023-12-27 14:19:08,62,64,7417,20841
2023-12-27 14:19:25,60,64,7417,20841
2023-12-27 14:19:25,60,63,7417,20841
2023-12-27 14:19:25,61,63,7417,20841
2023-12-27 14:19:29,59,63,7417,20841
2023-12-27 14:19:29,59,61,7417,20841
2023-12-27 14:19:29,60,61,7417,20841
2023-12-27 14:19:33,58,60,7367,20891
2023-12-27 14:19:35,58,61,7367,20891
2023-12-27 14:20:05,57,61,7367,20891
2023-12-27 14:20:05,57,60,7367,20891
2023-12-27 14:20:13,57,59,7367,20891
2023-12-27 14:20:14,56,59,7367,20891
2023-12-27 14:20:15,56,58,7367,20891
2023-12-27 14:20:21,55,58,7367,20891
2023-12-27 14:20:21,55,57,7367,20891
2023-12-27 14:20:30,55,58,7367,20891
2023-12-27 14:20:33,55,57,7367,20891
2023-12-27 14:20:47,55,58,7367,20891
2023-12-27 14:20:51,55,57,7367,20891
2023-12-27 14:20:53,55,58,7367,20891
2023-12-27 14:21:12,55,59,7367,20891
2023-12-27 14:21:14,56,59,7367,20891
2023-12-27 14:21:14,56,60,7367,20891
2023-12-27 14:21:19,56,59,7367,20891
2023-12-27 14:21:23,56,60,7367,20891
2023-12-27 14:21:42,55,60,7367,20891
2023-12-27 14:21:46,55,59,7367,20891
2023-12-27 14:22:20,55,57,7367,20891
2023-12-27 14:22:47,54,57,7367,21091
2023-12-27 14:22:47,52,53,7267,21241
2023-12-27 14:22:48,52,57,7267,21241
2023-12-27 14:22:48,53,57,7267,21241
2023-12-27 14:22:48,53,56,7267,21241
2023-12-27 14:22:48,53,54,7267,21241
2023-12-27 14:22:49,53,56,7267,21241
2023-12-27 14:22:49,53,55,7267,21241
2023-12-27 14:22:52,52,55,7267,21241
2023-12-27 14:22:53,52,54,7267,21241
2023-12-27 14:23:03,51,54,7267,21241
2023-12-27 14:23:05,51,55,7267,21241
2023-12-27 14:23:05,51,54,7267,21241
2023-12-27 14:23:05,51,53,7267,21241
2023-12-27 14:23:12,50,53,7267,21241
2023-12-27 14:23:22,49,53,7267,21241
2023-12-27 14:23:22,49,52,7267,21241
2023-12-27 14:23:42,48,52,7267,21241
2023-12-27 14:23:46,49,52,7267,21241
2023-12-27 14:24:26,49,50,7267,21241
2023-12-27 14:25:05,48,50,7267,21241
2023-12-27 14:25:09,47,50,7267,21241
2023-12-27 14:25:42,49,50,7267,21241
2023-12-27 14:25:46,50,51,7287,21261
2023-12-27 14:25:50,50,54,7287,21261
2023-12-27 14:25:50,50,52,7287,21261
2023-12-27 14:25:51,50,52,7287,21461
2023-12-27 14:25:54,50,54,7287,21461
2023-12-27 14:25:54,50,51,7287,21461
2023-12-27 14:25:58,50,54,7287,21511
2023-12-27 14:26:04,50,55,7287,21511
2023-12-27 14:26:05,51,55,7287,21511
2023-12-27 14:26:05,53,55,7287,21511
2023-12-27 14:26:06,53,56,7287,21511
2023-12-27 14:26:16,51,56,7287,21511
2023-12-27 14:26:16,51,53,7287,21511
2023-12-27 14:26:16,51,53,7287,21711
2023-12-27 14:26:16,51,52,7287,21711
2023-12-27 14:26:17,51,53,7287,21711
2023-12-27 14:26:17,49,53,7287,21711
2023-12-27 14:26:18,49,51,7287,21711
2023-12-27 14:26:20,49,53,7287,21711
2023-12-27 14:26:20,49,52,7287,21711
2023-12-27 14:26:20,49,50,7287,21711
2023-12-27 14:26:22,49,52,7287,21711
2023-12-27 14:26:22,49,51,7287,21711
2023-12-27 14:26:22,48,51,7287,21711
2023-12-27 14:26:22,47,51,7287,21711
2023-12-27 14:26:22,47,50,7287,21711
2023-12-27 14:26:22,47,49,7287,21711
2023-12-27 14:26:23,46,49,7287,21711
2023-12-27 14:26:23,46,50,7287,21711
2023-12-27 14:26:23,46,48,7287,21711
2023-12-27 14:26:23,45,48,7287,21711
2023-12-27 14:26:23,45,48,7237,21811
2023-12-27 14:26:24,45,47,7237,21811
2023-12-27 14:26:24,44,47,7237,21811
2023-12-27 14:26:24,44,47,7237,21911
2023-12-27 14:26:25,44,48,7237,21911
2023-12-27 14:26:25,44,47,7237,21911
2023-12-27 14:26:26,44,47,7237,22011
2023-12-27 14:26:28,44,48,7237,22011
2023-12-27 14:26:28,43,47,7237,22011
2023-12-27 14:26:28,43,46,7237,22011
2023-12-27 14:26:29,43,47,7237,22011
2023-12-27 14:26:29,42,47,7237,22011
2023-12-27 14:26:29,42,44,7237,22011
2023-12-27 14:26:34,43,44,7237,22011
2023-12-27 14:26:34,43,47,7237,22011
2023-12-27 14:26:34,43,46,7237,22011
2023-12-27 14:26:45,43,48,7237,22011
2023-12-27 14:26:45,43,47,7237,22011
2023-12-27 14:26:48,43,48,7237,22011
2023-12-27 14:26:48,43,46,7237,22011
2023-12-27 14:26:50,43,48,7237,22011
2023-12-27 14:26:50,43,47,7237,22011
2023-12-27 14:26:51,43,48,7237,22011
2023-12-27 14:26:51,43,46,7237,22011
2023-12-27 14:26:58,43,48,7237,22011
2023-12-27 14:26:58,44,48,7237,22011
2023-12-27 14:26:58,44,47,7237,22011
2023-12-27 14:27:01,43,47,7237,22011
2023-12-27 14:27:04,43,48,7237,22011
2023-12-27 14:27:04,43,47,7237,22011
2023-12-27 14:27:04,43,46,7237,22011
2023-12-27 14:27:10,43,47,7237,22011
2023-12-27 14:27:10,44,48,7237,22011
2023-12-27 14:27:10,44,47,7237,22011
2023-12-27 14:27:19,44,50,7237,22011
2023-12-27 14:27:19,44,48,7237,22011
2023-12-27 14:27:22,46,48,7237,22011
2023-12-27 14:27:31,47,48,7237,22011
2023-12-27 14:27:33,46,48,7237,22011
2023-12-27 14:27:54,46,50,7237,22011
2023-12-27 14:27:54,46,51,7237,22011
2023-12-27 14:27:54,47,51,7237,22011
2023-12-27 14:27:54,47,49,7237,22011
2023-12-27 14:27:57,48,49,7237,22011
2023-12-27 14:28:04,48,52,7237,22011
2023-12-27 14:28:04,48,50,7237,22011
2023-12-27 14:28:04,47,48,7237,22211
2023-12-27 14:28:05,46,48,7237,22211
2023-12-27 14:28:11,46,49,7237,22211
2023-12-27 14:28:19,46,50,7237,22211
2023-12-27 14:28:19,46,49,7237,22211
2023-12-27 14:28:19,45,48,7237,22211
2023-12-27 14:28:32,45,50,7237,22211
2023-12-27 14:28:32,45,49,7237,22211
2023-12-27 14:28:45,45,50,7237,22211
2023-12-27 14:28:45,45,48,7237,22211
2023-12-27 14:29:16,44,48,7237,22211
2023-12-27 14:29:28,45,48,7237,22211
2023-12-27 14:30:01,44,48,7237,22211
2023-12-27 14:30:06,47,48,7237,22211
2023-12-27 14:30:06,48,51,7237,22261
2023-12-27 14:30:06,48,50,7237,22261
2023-12-27 14:30:07,47,50,7237,22261
2023-12-27 14:30:07,47,51,7237,22261
2023-12-27 14:30:07,47,50,7237,22261
2023-12-27 14:30:08,47,49,7237,22261
2023-12-27 14:30:12,45,49,7237,22261
2023-12-27 14:30:19,46,49,7237,22261
2023-12-27 14:30:23,45,49,7237,22261
2023-12-27 14:30:25,45,50,7237,22261
2023-12-27 14:30:25,45,48,7237,22261
2023-12-27 14:30:47,44,48,7237,22261
2023-12-27 14:31:02,45,48,7237,22261
2023-12-27 14:31:22,45,51,7237,22261
2023-12-27 14:31:22,45,49,7237,22261
2023-12-27 14:31:29,46,49,7237,22261
2023-12-27 14:31:29,47,49,7237,22261
2023-12-27 14:31:44,48,49,7237,22261
2023-12-27 14:31:53,47,49,7237,22261
2023-12-27 14:31:55,48,49,7237,22261
2023-12-27 14:31:56,47,49,7237,22261
2023-12-27 14:32:10,48,49,7237,22261
2023-12-27 14:32:13,48,52,7237,22361
2023-12-27 14:32:36,51,52,7237,22361
2023-12-27 14:32:36,51,53,7237,22361
2023-12-27 14:32:40,52,53,7237,22361
2023-12-27 14:32:40,52,54,7237,22361
2023-12-27 14:32:44,51,54,7237,22361
2023-12-27 14:32:44,51,55,7437,22561
2023-12-27 14:32:45,53,55,7437,22561
2023-12-27 14:32:50,50,55,7437,22561
2023-12-27 14:32:51,51,54,7437,22561
2023-12-27 14:33:03,50,54,7437,22561
2023-12-27 14:33:05,49,54,7437,22561
2023-12-27 14:33:06,49,53,7437,22561
2023-12-27 14:33:13,49,52,7437,22561
2023-12-27 14:33:23,48,52,7437,22561
2023-12-27 14:33:23,48,50,7437,22561
2023-12-27 14:33:27,48,49,7437,22561
2023-12-27 14:33:28,48,50,7437,22561
2023-12-27 14:33:35,48,49,7437,22561
2023-12-27 14:33:37,48,50,7437,22561
2023-12-27 14:34:20,49,50,7437,22561
2023-12-27 14:34:23,49,52,7437,22561
2023-12-27 14:34:38,49,54,7437,22561
2023-12-27 14:34:38,50,54,7437,22561
2023-12-27 14:34:38,50,53,7437,22561
2023-12-27 14:34:38,50,54,7437,22561
2023-12-27 14:34:40,53,54,7437,22561
2023-12-27 14:34:41,53,55,7437,22561
2023-12-27 14:34:44,51,55,7437,22561
2023-12-27 14:34:59,51,54,7437,22561
2023-12-27 14:35:12,50,54,7437,22561
2023-12-27 14:35:12,49,54,7437,22561
2023-12-27 14:35:12,50,54,7437,22561
2023-12-27 14:35:20,50,54,7437,22611
2023-12-27 14:35:20,50,54,7437,22661
2023-12-27 14:35:21,49,54,7437,22661
2023-12-27 14:35:21,51,54,7437,22661
2023-12-27 14:35:31,49,54,7437,22661
2023-12-27 14:35:31,49,53,7437,22661
2023-12-27 14:35:31,50,53,7437,22661
2023-12-27 14:35:48,50,52,7437,22661
2023-12-27 14:35:50,50,53,7437,22661
2023-12-27 14:36:06,49,53,7437,22661
2023-12-27 14:36:06,51,53,7437,22661
2023-12-27 14:36:10,51,54,7437,22661
2023-12-27 14:36:40,50,54,7437,22661
2023-12-27 14:36:40,52,54,7437,22661
2023-12-27 14:36:40,52,55,7437,22661
2023-12-27 14:38:00,52,54,7437,22661
2023-12-27 14:38:06,52,55,7437,22661
2023-12-27 14:38:20,52,54,7437,22661
2023-12-27 14:38:29,52,55,7437,22661
2023-12-27 14:39:06,51,55,7437,22661
2023-12-27 14:39:06,53,55,7437,22661
2023-12-27 14:39:17,51,55,7437,22661
2023-12-27 14:39:17,52,55,7437,22661
2023-12-27 14:39:29,52,54,7437,22661
2023-12-27 14:39:33,52,55,7437,22661
2023-12-27 14:39:36,52,54,7437,22661
2023-12-27 14:39:41,52,55,7437,22661
2023-12-27 14:39:42,51,55,7437,22661
2023-12-27 14:39:42,53,55,7437,22661
2023-12-27 14:39:54,53,56,7437,22661
2023-12-27 14:39:57,54,56,7437,22661
2023-12-27 14:40:00,54,57,7437,22661
2023-12-27 14:40:03,53,57,7437,22661
2023-12-27 14:40:03,56,57,7437,22661
2023-12-27 14:40:03,56,58,7437,22661
2023-12-27 14:40:20,56,58,7637,22861
2023-12-27 14:40:20,56,59,7637,22861
2023-12-27 14:40:40,56,60,7637,22861
2023-12-27 14:40:42,55,60,7637,22861
2023-12-27 14:40:42,57,60,7637,22861
2023-12-27 14:41:04,55,60,7637,22861
2023-12-27 14:41:04,56,60,7637,22861
2023-12-27 14:41:09,54,60,7637,22861
2023-12-27 14:41:09,57,60,7637,22861
2023-12-27 14:41:15,57,61,7637,22861
2023-12-27 14:41:18,57,60,7637,22861
2023-12-27 14:41:25,54,60,7637,22861
2023-12-27 14:41:25,56,60,7637,22861
2023-12-27 14:41:26,56,59,7637,22861
2023-12-27 14:41:33,54,59,7637,22861
2023-12-27 14:41:33,53,59,7637,22861
2023-12-27 14:41:33,53,56,7637,22861
2023-12-27 14:41:33,55,56,7637,22861
2023-12-27 14:41:41,53,56,7637,22861
2023-12-27 14:41:41,56,59,7437,23061
2023-12-27 14:41:41,53,59,7437,23061
2023-12-27 14:41:41,55,59,7437,23061
2023-12-27 14:41:42,55,59,7437,23061
2023-12-27 14:41:49,56,59,7437,23061
2023-12-27 14:42:08,56,60,7437,23061
2023-12-27 14:42:12,55,60,7437,23061
2023-12-27 14:42:12,57,60,7437,23061
2023-12-27 14:42:14,59,60,7437,23061
2023-12-27 14:42:19,55,61,7437,23061
2023-12-27 14:42:19,56,61,7637,23261
2023-12-27 14:42:19,56,62,7637,23261
2023-12-27 14:42:19,59,62,7637,23261
2023-12-27 14:42:19,59,63,7637,23261
2023-12-27 14:42:21,57,63,7637,23261
2023-12-27 14:42:21,57,64,7637,23261
2023-12-27 14:42:21,60,64,7637,23261
2023-12-27 14:42:23,58,64,7637,23261
2023-12-27 14:42:23,61,64,7637,23261
2023-12-27 14:42:29,61,65,7637,23261
2023-12-27 14:42:40,59,65,7637,23261
2023-12-27 14:42:40,62,65,7637,23261
2023-12-27 14:42:41,59,65,7637,23261
2023-12-27 14:42:41,61,65,7637,23261
2023-12-27 14:42:43,59,65,7637,23261
2023-12-27 14:42:43,62,65,7637,23261
2023-12-27 14:42:46,62,66,7637,23261
2023-12-27 14:42:49,60,66,7637,23261
2023-12-27 14:42:49,63,66,7637,23261
2023-12-27 14:43:08,60,66,7637,23261
2023-12-27 14:43:08,59,66,7637,23261
2023-12-27 14:43:08,62,66,7637,23261
2023-12-27 14:43:13,62,65,7637,23261
2023-12-27 14:43:17,62,66,7637,23261
2023-12-27 14:43:30,59,66,7637,23261
2023-12-27 14:43:30,63,66,7637,23261
2023-12-27 14:43:36,63,67,7637,23261
2023-12-27 14:43:46,60,67,7637,23261
2023-12-27 14:43:46,64,67,7637,23261
2023-12-27 14:43:54,64,68,7637,23261
2023-12-27 14:44:12,61,68,7637,23261
2023-12-27 14:44:12,62,68,7637,23261
2023-12-27 14:44:12,62,69,7637,23261
2023-12-27 14:44:12,65,69,7637,23261
2023-12-27 14:45:24,65,70,7637,23261
2023-12-27 14:45:27,65,69,7637,23261
2023-12-27 14:45:27,65,68,7637,23261
2023-12-27 14:45:34,65,69,7637,23261
2023-12-27 14:45:42,65,68,7637,23261
2023-12-27 14:45:43,62,68,7637,23261
2023-12-27 14:45:43,61,68,7637,23261
2023-12-27 14:45:43,64,68,7637,23261
2023-12-27 14:45:44,64,66,7637,23261
2023-12-27 14:46:01,64,65,7637,23261
2023-12-27 14:46:04,61,65,7637,23261
2023-12-27 14:46:04,63,65,7637,23261
2023-12-27 14:46:18,63,64,7637,23261
2023-12-27 14:46:25,63,64,7637,23461
2023-12-27 14:46:25,60,63,7637,23561
2023-12-27 14:46:26,61,63,7637,23561
2023-12-27 14:48:20,61,65,7737,23661
2023-12-27 14:48:22,62,65,7737,23661
2023-12-27 14:48:32,62,66,7737,23661
2023-12-27 14:48:46,62,65,7737,23661
2023-12-27 14:48:52,62,66,7737,23661
2023-12-27 14:49:09,62,65,7737,23661
2023-12-27 14:49:27,61,65,7737,23661
2023-12-27 14:49:41,61,66,7987,23911
2023-12-27 14:49:41,62,66,7987,23911
2023-12-27 14:49:44,62,65,7987,23911
2023-12-27 14:49:57,61,65,7987,23911
2023-12-27 14:50:01,62,65,7987,23911
2023-12-27 14:50:02,61,65,7987,23911
2023-12-27 14:50:03,62,65,7987,23911
2023-12-27 14:50:10,61,65,7987,23911
2023-12-27 14:50:18,61,64,7987,23911
2023-12-27 14:50:19,61,65,7987,23911
2023-12-27 14:50:28,61,64,7987,23911
2023-12-27 14:50:33,61,65,7987,23911
2023-12-27 14:50:42,62,65,7987,23911
2023-12-27 14:50:46,61,65,7987,23911
2023-12-27 14:50:47,62,65,7987,23911
2023-12-27 14:50:54,62,66,7987,23911
2023-12-27 14:51:18,62,65,7987,23911
2023-12-27 14:51:26,61,65,7987,23911
2023-12-27 14:51:26,62,65,7987,23911
2023-12-27 14:51:26,62,66,7987,23911
2023-12-27 14:51:26,63,66,7987,23911
2023-12-27 14:51:30,63,67,7987,23911
2023-12-27 14:51:34,64,67,7987,23911
2023-12-27 14:51:37,63,67,7987,23911
2023-12-27 14:52:03,62,67,7987,23911
2023-12-27 14:52:03,64,67,7987,23911
2023-12-27 14:52:07,64,68,7987,23911
2023-12-27 14:52:08,63,68,7987,23911
2023-12-27 14:52:08,65,68,7987,23911
2023-12-27 14:52:17,64,68,7987,23911
2023-12-27 14:52:17,64,69,7987,23911
2023-12-27 14:52:17,66,69,7987,23911
2023-12-27 14:52:35,65,69,7987,23911
2023-12-27 14:52:35,67,69,7987,23911
2023-12-27 14:52:37,67,70,7987,23911
2023-12-27 14:52:55,66,70,7987,23911
2023-12-27 14:52:55,68,70,7987,23911
2023-12-27 14:52:58,68,71,7987,23911
2023-12-27 14:53:23,66,71,7987,23911
2023-12-27 14:53:23,66,70,7987,23911
2023-12-27 14:53:23,67,70,7987,23911
2023-12-27 14:53:24,66,70,7987,23911
2023-12-27 14:53:24,66,71,7987,23911
2023-12-27 14:53:24,68,71,7987,23911
2023-12-27 14:53:54,67,71,7987,23911
2023-12-27 14:53:54,67,72,7987,23911
2023-12-27 14:53:54,69,72,7987,23911
2023-12-27 14:54:09,67,72,7987,23911
2023-12-27 14:54:09,68,72,7987,23911
2023-12-27 14:54:14,67,72,7987,23911
2023-12-27 14:54:14,69,72,7987,23911
2023-12-27 14:54:19,67,72,7987,23911
2023-12-27 14:54:19,68,72,7987,23911
2023-12-27 14:54:20,67,72,7987,23911
2023-12-27 14:54:20,69,72,7987,23911
2023-12-27 14:54:43,67,72,7987,23911
2023-12-27 14:54:43,68,72,7987,23911
2023-12-27 14:54:43,68,73,7987,23911
2023-12-27 14:54:43,70,73,7987,23911
2023-12-27 14:54:45,70,74,7987,23911
2023-12-27 14:55:00,68,74,7987,23911
2023-12-27 14:55:00,69,74,7987,23911
2023-12-27 14:55:00,71,74,7987,23911
2023-12-27 14:55:07,71,75,7987,23911
2023-12-27 14:55:27,69,75,7987,23911
2023-12-27 14:55:27,72,75,7987,23911
2023-12-27 14:56:02,70,75,7987,23911
2023-12-27 14:56:02,73,75,7987,23911
2023-12-27 14:56:03,73,76,7987,23911
2023-12-27 14:56:25,70,76,7987,23911
2023-12-27 14:56:25,70,75,7987,23911
2023-12-27 14:56:25,72,75,7987,23911
2023-12-27 14:56:27,72,74,7987,23911
2023-12-27 14:56:41,72,73,7987,23911
2023-12-27 14:56:44,69,73,7987,23911
2023-12-27 14:56:44,71,73,7987,23911
2023-12-27 14:56:46,71,72,7987,23911
2023-12-27 14:56:48,71,73,7987,23911
2023-12-27 14:56:53,69,73,7987,23911
2023-12-27 14:56:53,72,73,7987,23911
2023-12-27 14:56:57,69,73,7987,23911
2023-12-27 14:56:57,71,73,7987,23911
2023-12-27 14:57:09,71,72,7987,23911
2023-12-27 14:57:33,69,72,7987,23911
2023-12-27 14:57:33,70,72,7987,23911
2023-12-27 14:57:40,69,72,7987,23911
2023-12-27 14:57:40,71,72,7987,23911
2023-12-27 14:57:40,69,72,7987,23911
2023-12-27 14:57:40,70,72,7987,23911
2023-12-27 14:57:41,70,72,7987,23979
2023-12-27 14:57:42,70,73,7987,23979
2023-12-27 14:57:46,70,72,7987,23979
2023-12-27 14:57:49,70,72,7787,24179
2023-12-27 14:57:52,68,72,7787,24179
2023-12-27 14:57:52,69,72,7787,24179
2023-12-27 14:58:03,69,70,7787,24179
2023-12-27 14:58:10,67,70,7787,24179
2023-12-27 14:58:10,68,70,7787,24179
2023-12-27 14:58:14,68,69,7787,24179
2023-12-27 14:58:33,66,69,7787,24179
2023-12-27 14:58:33,66,68,7787,24179
2023-12-27 14:58:33,67,68,7787,24179
2023-12-27 14:58:39,66,68,7787,24179
2023-12-27 14:58:39,66,68,7737,24229
2023-12-27 14:58:42,65,68,7737,24229
2023-12-27 14:58:44,65,67,7737,24229
2023-12-27 14:58:48,64,67,7737,24229
2023-12-27 14:58:52,64,65,7737,24229
2023-12-27 14:58:52,64,67,7737,24429
2023-12-27 14:58:52,64,66,7737,24429
2023-12-27 14:58:53,64,67,7737,24429
2023-12-27 14:58:54,63,67,7737,24429
2023-12-27 14:59:02,64,67,7737,24429
2023-12-27 14:59:05,64,68,7737,24429
2023-12-27 14:59:06,64,69,7737,24429
2023-12-27 14:59:11,64,68,7737,24429
2023-12-27 14:59:16,64,69,7737,24429
2023-12-27 14:59:32,64,68,7737,24429
2023-12-27 14:59:33,64,69,7737,24429
2023-12-27 14:59:34,64,68,7737,24429
2023-12-27 14:59:35,64,69,7737,24429
2023-12-27 14:59:37,64,68,7737,24429
2023-12-27 14:59:43,64,69,7737,24429
2023-12-27 14:59:46,64,68,7737,24429
2023-12-27 14:59:50,64,69,7737,24429
2023-12-27 14:59:54,65,69,7737,24429
2023-12-27 14:59:55,65,70,7737,24429
2023-12-27 14:59:56,65,69,7737,24429
2023-12-27 14:59:58,65,70,7737,24429
2023-12-27 15:00:01,65,69,7737,24429
2023-12-27 15:00:02,64,69,7737,24429
2023-12-27 15:00:03,65,69,7737,24429
2023-12-27 15:00:08,65,70,7737,24429
2023-12-27 15:00:09,65,69,7737,24429
2023-12-27 15:00:14,65,70,7737,24429
2023-12-27 15:00:19,65,69,7737,24429
2023-12-27 15:00:20,64,69,7737,24429
2023-12-27 15:00:20,64,68,7737,24429
2023-12-27 15:00:21,64,69,7737,24429
2023-12-27 15:00:26,65,69,7737,24429
2023-12-27 15:00:35,65,70,7737,24429
2023-12-27 15:00:47,67,70,7737,24429
2023-12-27 15:00:49,67,71,7737,24429
2023-12-27 15:00:53,68,71,7737,24429
2023-12-27 15:00:53,68,72,7737,24429
2023-12-27 15:01:01,67,72,7737,24429
2023-12-27 15:01:04,68,72,7737,24429
2023-12-27 15:01:18,68,73,7737,24429
2023-12-27 15:01:23,68,72,7737,24429
2023-12-27 15:01:26,67,72,7737,24429
2023-12-27 15:01:31,68,72,7737,24429
2023-12-27 15:01:45,68,73,7737,24429
2023-12-27 15:01:53,68,72,7737,24429
2023-12-27 15:01:55,67,72,7737,24429
2023-12-27 15:01:57,68,72,7737,24429
2023-12-27 15:01:58,67,72,7737,24429
2023-12-27 15:02:03,67,71,7737,24429
2023-12-27 15:02:05,67,72,7737,24429
2023-12-27 15:02:08,67,70,7737,24429
2023-12-27 15:02:09,67,69,7737,24429
2023-12-27 15:02:09,65,69,7737,24429
2023-12-27 15:02:24,64,69,7737,24429
2023-12-27 15:02:25,65,69,7737,24429
2023-12-27 15:02:26,64,69,7737,24429
2023-12-27 15:02:29,64,68,7737,24429
2023-12-27 15:02:38,63,68,7737,24429
2023-12-27 15:02:48,63,66,7737,24429
2023-12-27 15:02:52,62,66,7737,24429
2023-12-27 15:02:57,63,66,7737,24429
2023-12-27 15:02:59,62,66,7737,24429
2023-12-27 15:03:06,62,65,7737,24429
2023-12-27 15:03:07,62,66,7737,24429
2023-12-27 15:03:27,61,66,7737,24429
2023-12-27 15:03:27,61,65,7737,24429
2023-12-27 15:03:31,61,66,7737,24429
2023-12-27 15:03:32,61,65,7737,24429
2023-12-27 15:03:38,61,66,7737,24429
2023-12-27 15:03:58,61,65,7737,24429
2023-12-27 15:03:59,61,66,7737,24429
2023-12-27 15:04:09,61,65,7737,24429
2023-12-27 15:04:12,60,65,7737,24429
2023-12-27 15:04:13,59,65,7737,24429
2023-12-27 15:04:13,59,63,7737,24429
2023-12-27 15:04:20,59,65,7737,24429
2023-12-27 15:04:30,60,65,7737,24429
2023-12-27 15:04:36,60,66,7737,24429
2023-12-27 15:04:37,60,65,7737,24429
2023-12-27 15:04:41,60,66,7737,24429
2023-12-27 15:04:42,61,66,7737,24429
2023-12-27 15:04:50,61,65,7737,24429
2023-12-27 15:04:55,61,66,7737,24429
2023-12-27 15:05:01,61,65,7737,24429
2023-12-27 15:05:12,61,66,7737,24429
2023-12-27 15:05:14,61,65,7737,24429
2023-12-27 15:05:22,61,66,7737,24429
2023-12-27 15:05:25,61,65,7737,24429
2023-12-27 15:05:37,60,65,7737,24429
2023-12-27 15:05:43,60,66,7737,24429
2023-12-27 15:05:44,61,66,7737,24429
2023-12-27 15:05:48,62,66,7737,24429
2023-12-27 15:05:51,62,67,7737,24429
2023-12-27 15:05:51,64,67,7737,24429
2023-12-27 15:05:54,64,69,7737,24429
2023-12-27 15:05:54,64,68,7737,24429
2023-12-27 15:05:55,65,68,7737,24429
2023-12-27 15:05:57,67,68,7737,24429
2023-12-27 15:05:57,67,69,7737,24429
2023-12-27 15:06:04,67,74,7737,24429
2023-12-27 15:06:04,69,70,7737,24429
2023-12-27 15:06:05,69,74,7737,24429
2023-12-27 15:06:05,70,71,7737,24429
2023-12-27 15:06:10,70,72,7737,24429
2023-12-27 15:06:11,69,72,7737,24429
2023-12-27 15:06:11,72,76,7812,24504
2023-12-27 15:06:11,72,76,7887,24579
2023-12-27 15:06:11,72,73,7887,24579
2023-12-27 15:06:14,71,73,7887,24579
2023-12-27 15:06:14,69,72,7887,24579
2023-12-27 15:06:23,68,72,7887,24579
2023-12-27 15:06:29,68,71,7887,24579
2023-12-27 15:06:29,66,71,7887,24579
2023-12-27 15:06:31,66,70,7887,24579
2023-12-27 15:06:32,64,70,7887,24579
2023-12-27 15:06:32,65,70,7887,24579
2023-12-27 15:06:34,64,70,7887,24579
2023-12-27 15:06:34,66,70,7887,24579
2023-12-27 15:06:47,64,70,7887,24579
2023-12-27 15:06:47,64,68,7887,24579
2023-12-27 15:06:47,65,68,7887,24579
2023-12-27 15:06:49,65,67,7887,24579
2023-12-27 15:06:51,65,68,7887,24579
2023-12-27 15:06:52,65,67,7887,24579
2023-12-27 15:06:53,65,68,7887,24579
2023-12-27 15:06:55,65,67,7887,24579
2023-12-27 15:06:57,63,67,7887,24579
2023-12-27 15:06:57,64,67,7887,24579
2023-12-27 15:07:02,63,67,7887,24579
2023-12-27 15:07:02,65,67,7887,24579
2023-12-27 15:07:03,65,68,7887,24579
2023-12-27 15:07:05,64,68,7887,24579
2023-12-27 15:07:05,66,68,7887,24579
2023-12-27 15:07:10,64,68,7887,24579
2023-12-27 15:07:10,65,68,7887,24579
2023-12-27 15:07:15,64,68,7887,24579
2023-12-27 15:07:15,66,68,7887,24579
2023-12-27 15:07:21,64,68,7887,24579
2023-12-27 15:07:21,65,68,7887,24579
2023-12-27 15:07:22,65,70,7887,24579
2023-12-27 15:07:24,65,69,7887,24579
2023-12-27 15:07:32,64,69,7887,24579
2023-12-27 15:07:32,64,68,7887,24579
2023-12-27 15:07:33,64,69,7887,24579
2023-12-27 15:07:38,64,67,7887,24579
2023-12-27 15:07:38,62,67,7887,24579
2023-12-27 15:07:38,63,67,7887,24579
2023-12-27 15:07:50,61,67,7887,24579
2023-12-27 15:07:50,62,67,7887,24579
2023-12-27 15:07:50,64,67,7887,24579
2023-12-27 15:07:51,64,69,7887,24579
2023-12-27 15:08:06,64,67,7887,24579
2023-12-27 15:08:10,62,67,7887,24579
2023-12-27 15:08:10,63,67,7887,24579
2023-12-27 15:08:12,63,66,7887,24579
2023-12-27 15:08:22,61,66,7887,24579
2023-12-27 15:08:22,62,66,7887,24579
2023-12-27 15:08:31,61,66,7887,24579
2023-12-27 15:08:31,63,66,7887,24579
2023-12-27 15:08:47,63,67,7887,24579
2023-12-27 15:08:52,63,66,7887,24579
2023-12-27 15:09:00,61,66,7887,24729
2023-12-27 15:09:25,61,67,7887,24729
2023-12-27 15:09:29,62,67,7887,24729
2023-12-27 15:09:36,61,67,7887,24729
2023-12-27 15:09:45,61,66,7887,24729
2023-12-27 15:09:46,61,67,7887,24729
2023-12-27 15:09:47,61,66,7887,24729
2023-12-27 15:09:47,61,66,7912,24754
2023-12-27 15:09:55,60,66,7912,24754
2023-12-27 15:10:14,60,64,7912,24754
2023-12-27 15:10:15,59,64,7912,24754
2023-12-27 15:10:35,59,63,7912,24754
2023-12-27 15:10:46,59,64,8112,24954
2023-12-27 15:10:47,59,63,8112,24954
2023-12-27 15:10:47,59,64,8112,24954
2023-12-27 15:10:47,59,63,8112,24954
2023-12-27 15:10:47,60,63,8112,24954
2023-12-27 15:10:47,60,66,8112,24954
2023-12-27 15:10:47,60,65,8112,24954
2023-12-27 15:10:48,61,65,8112,24954
2023-12-27 15:10:57,62,65,8112,24954
2023-12-27 15:11:17,62,67,8112,24954
2023-12-27 15:11:17,62,66,8112,24954
2023-12-27 15:11:19,63,66,8112,24954
2023-12-27 15:11:22,62,66,8112,24954
2023-12-27 15:11:23,61,66,8112,24954
2023-12-27 15:11:24,61,65,8112,24954
2023-12-27 15:11:24,61,64,8112,24954
2023-12-27 15:11:25,60,64,8112,24954
2023-12-27 15:11:32,59,64,8112,24954
2023-12-27 15:11:33,58,64,8112,24954
2023-12-27 15:11:33,58,63,8112,24954
2023-12-27 15:11:33,58,62,8112,24954
2023-12-27 15:11:34,57,62,8112,24954
2023-12-27 15:11:41,58,62,8112,24954
2023-12-27 15:11:42,58,62,8137,24979
2023-12-27 15:11:42,58,63,8137,24979
2023-12-27 15:11:42,58,62,8137,24979
2023-12-27 15:11:43,58,60,8137,24979
2023-12-27 15:11:43,58,59,8137,24979
2023-12-27 15:11:43,58,63,8140,25182
2023-12-27 15:11:43,58,62,8140,25182
2023-12-27 15:11:44,56,62,8140,25182
2023-12-27 15:11:51,57,62,8140,25182
2023-12-27 15:11:53,57,61,8140,25182
2023-12-27 15:11:55,57,60,8140,25182
2023-12-27 15:11:56,55,60,8140,25182
2023-12-27 15:12:02,55,61,8140,25182
2023-12-27 15:12:02,55,58,8140,25182
2023-12-27 15:12:12,55,60,8140,25382
2023-12-27 15:12:12,55,59,8140,25382
2023-12-27 15:12:13,55,61,8140,25382
2023-12-27 15:12:13,55,60,8140,25382
2023-12-27 15:12:13,55,61,8140,25382
2023-12-27 15:12:17,56,61,8140,25382
2023-12-27 15:12:17,56,62,8140,25382
2023-12-27 15:12:54,55,62,8140,25382
2023-12-27 15:12:55,55,61,8140,25382
2023-12-27 15:12:56,55,60,8140,25382
2023-12-27 15:12:57,53,60,8140,25382
2023-12-27 15:13:00,54,60,8140,25382
2023-12-27 15:13:01,55,60,8140,25382
2023-12-27 15:13:01,55,61,8140,25382
2023-12-27 15:13:10,55,62,8140,25382
2023-12-27 15:13:13,56,62,8140,25382
2023-12-27 15:13:19,55,62,8140,25382
2023-12-27 15:13:21,56,62,8140,25382
2023-12-27 15:13:32,56,63,8140,25382
2023-12-27 15:13:38,56,62,8140,25382
2023-12-27 15:13:44,55,62,8140,25382
2023-12-27 15:13:57,56,62,8140,25382
2023-12-27 15:14:03,55,62,8140,25382
2023-12-27 15:14:03,55,63,8140,25382
2023-12-27 15:14:03,56,63,8140,25382
2023-12-27 15:14:10,58,65,8140,25382
2023-12-27 15:14:10,59,65,8140,25382
2023-12-27 15:14:15,59,65,8140,25382
2023-12-27 15:14:19,61,65,8140,25382
2023-12-27 15:14:22,61,67,8140,25382
2023-12-27 15:14:22,61,66,8140,25382
2023-12-27 15:14:48,59,66,8140,25382
2023-12-27 15:14:51,61,66,8140,25382
2023-12-27 15:15:01,61,67,8140,25382
2023-12-27 15:15:05,62,67,8140,25382
2023-12-27 15:15:10,61,67,8140,25382
2023-12-27 15:15:17,61,66,8140,25382
2023-12-27 15:15:22,59,66,8140,25382
2023-12-27 15:15:22,59,65,8140,25382
2023-12-27 15:15:22,58,65,8140,25382
2023-12-27 15:15:23,58,64,8140,25382
2023-12-27 15:15:25,57,64,8140,25382
2023-12-27 15:15:25,57,62,8140,25382
2023-12-27 15:15:27,56,62,8140,25382
2023-12-27 15:15:28,57,62,8140,25382
2023-12-27 15:15:30,56,62,8140,25382
2023-12-27 15:15:46,56,61,8140,25382
2023-12-27 15:15:48,55,61,8140,25382
2023-12-27 15:15:53,54,61,8140,25382
2023-12-27 15:15:53,54,58,8140,25382
2023-12-27 15:15:59,54,56,8140,25382
2023-12-27 15:16:00,52,56,8140,25382
2023-12-27 15:16:21,52,58,8140,25582
2023-12-27 15:16:21,52,57,8140,25582
2023-12-27 15:16:22,52,58,8140,25582
2023-12-27 15:16:25,52,60,8140,25582
2023-12-27 15:16:26,53,60,8140,25582
2023-12-27 15:16:28,52,60,8140,25582
2023-12-27 15:16:32,52,59,8140,25582
2023-12-27 15:16:36,52,60,8140,25582
2023-12-27 15:16:41,53,60,8140,25582
2023-12-27 15:16:45,53,59,8140,25582
2023-12-27 15:16:46,53,60,8140,25582
2023-12-27 15:16:51,55,60,8140,25582
2023-12-27 15:16:51,55,61,8140,25582
2023-12-27 15:17:20,53,61,8140,25582
2023-12-27 15:17:33,53,60,8140,25582
2023-12-27 15:17:34,52,60,8140,25582
2023-12-27 15:17:34,52,59,8140,25582
2023-12-27 15:17:58,53,59,8140,25582
2023-12-27 15:18:06,54,59,8140,25582
2023-12-27 15:18:07,54,61,8140,25582
2023-12-27 15:18:14,53,61,8140,25582
2023-12-27 15:18:16,53,60,8140,25582
2023-12-27 15:18:22,53,61,8140,25582
2023-12-27 15:18:26,53,60,8140,25582
2023-12-27 15:18:30,53,61,8140,25582
2023-12-27 15:18:30,54,61,8140,25582
2023-12-27 15:18:34,54,62,8140,25582
2023-12-27 15:18:39,56,62,8140,25582
2023-12-27 15:18:43,54,62,8140,25582
2023-12-27 15:18:45,54,61,8140,25582
2023-12-27 15:18:52,56,61,8140,25582
2023-12-27 15:18:54,56,62,8140,25582
2023-12-27 15:18:57,56,63,8140,25582
2023-12-27 15:18:58,55,63,8140,25582
2023-12-27 15:18:58,58,63,8140,25582
2023-12-27 15:19:05,58,64,8140,25582
2023-12-27 15:19:06,58,63,8140,25582
2023-12-27 15:19:07,54,63,8140,25582
2023-12-27 15:19:07,54,62,8140,25582
2023-12-27 15:19:19,54,61,8140,25582
2023-12-27 15:19:19,54,60,8140,25582
2023-12-27 15:19:21,53,60,8140,25582
2023-12-27 15:19:43,53,61,8140,25582
2023-12-27 15:19:50,53,60,8140,25582
2023-12-27 15:20:03,54,60,8140,25582
2023-12-27 15:20:05,53,60,8140,25582
2023-12-27 15:20:11,54,60,8140,25582
2023-12-27 15:20:15,53,60,8140,25582
2023-12-27 15:20:17,53,61,8140,25582
2023-12-27 15:20:17,54,61,8140,25582
2023-12-27 15:20:25,53,61,8140,25582
2023-12-27 15:20:29,53,60,8140,25582
2023-12-27 15:20:34,54,60,8140,25582
2023-12-27 15:20:37,54,62,8140,25582
2023-12-27 15:20:37,54,61,8140,25582
2023-12-27 15:20:40,52,61,8140,25582
2023-12-27 15:20:40,54,61,8140,25582
2023-12-27 15:20:40,56,62,8140,25582
2023-12-27 15:20:44,56,63,8140,25582
2023-12-27 15:20:44,57,63,8140,25582
2023-12-27 15:20:56,56,63,8140,25582
2023-12-27 15:20:58,56,60,8140,25582
2023-12-27 15:20:58,54,60,8140,25582
2023-12-27 15:21:00,54,62,8140,25787
2023-12-27 15:21:00,54,61,8140,25787
2023-12-27 15:21:01,55,61,8140,25787
2023-12-27 15:21:01,55,62,8140,25787
2023-12-27 15:21:05,55,61,8140,25787
2023-12-27 15:21:07,53,61,8140,25787
2023-12-27 15:21:07,53,60,8140,25787
2023-12-27 15:21:15,54,60,8140,25787
2023-12-27 15:21:19,54,61,8140,25787
2023-12-27 15:21:19,54,60,8140,25787
2023-12-27 15:21:20,54,62,8140,25787
2023-12-27 15:21:20,54,62,8140,25787
2023-12-27 15:21:21,56,62,8140,25787
2023-12-27 15:21:36,54,62,8140,25787
2023-12-27 15:21:39,54,62,8140,25797
2023-12-27 15:21:40,54,61,8140,25797
