datetime,bid,ask,open_interest,volume
2023-02-02 09:30:15,19,32,1742,1742
2023-02-02 09:30:15,19,27,1742,1742
2023-02-02 09:30:16,19,26,1742,1742
2023-02-02 09:30:31,17,26,1742,1742
2023-02-02 09:30:31,17,25,1742,1742
2023-02-02 09:30:31,17,24,1742,1742
2023-02-02 09:30:48,17,25,1742,1742
2023-02-02 09:30:55,17,24,1742,1742
2023-02-02 09:30:58,17,25,1742,1742
2023-02-02 09:30:58,17,23,1742,1742
2023-02-02 09:30:58,17,25,1742,1742
2023-02-02 09:30:58,17,24,1742,1742
2023-02-02 09:31:03,17,25,1742,1742
2023-02-02 09:31:09,17,24,1742,1742
2023-02-02 09:31:12,17,25,1742,1742
2023-02-02 09:31:22,17,29,1742,1742
2023-02-02 09:31:22,19,29,1742,1742
2023-02-02 09:31:22,19,31,1742,1742
2023-02-02 09:31:22,19,27,1742,1742
2023-02-02 09:31:23,19,26,1742,1742
2023-02-02 09:31:23,19,27,1742,1742
2023-02-02 09:31:33,21,27,1742,1742
2023-02-02 09:31:33,21,29,1742,1742
2023-02-02 09:31:38,21,28,1742,1742
2023-02-02 09:31:45,21,29,1742,1742
2023-02-02 09:32:03,23,29,1742,1742
2023-02-02 09:32:04,23,31,1742,1742
2023-02-02 09:32:25,23,29,1742,1742
2023-02-02 09:32:25,21,29,1742,1742
2023-02-02 09:32:49,21,28,1742,1742
2023-02-02 09:33:01,17,28,1742,1742
2023-02-02 09:33:01,19,28,1742,1742
2023-02-02 09:33:01,19,27,1742,1742
2023-02-02 09:33:32,19,29,1742,1742
2023-02-02 09:33:32,15,29,1742,1742
2023-02-02 09:33:32,17,29,1742,1742
2023-02-02 09:33:32,21,29,1742,1742
2023-02-02 09:33:34,21,28,1742,1742
2023-02-02 09:33:34,21,29,1742,1742
2023-02-02 09:33:42,21,28,1742,1742
2023-02-02 09:33:47,21,29,1742,1742
2023-02-02 09:34:00,21,28,1742,1742
2023-02-02 09:34:02,21,29,1742,1742
2023-02-02 09:34:07,21,28,1742,1742
2023-02-02 09:34:22,19,28,1742,1742
2023-02-02 09:34:23,19,29,1742,1742
2023-02-02 09:34:23,19,27,1742,1742
2023-02-02 09:35:02,19,26,1742,1742
2023-02-02 09:35:03,19,25,1742,1742
2023-02-02 09:35:03,15,25,1742,1742
2023-02-02 09:35:04,17,25,1742,1742
2023-02-02 09:35:20,15,25,1742,1742
2023-02-02 09:35:20,19,25,1742,1742
2023-02-02 09:35:20,19,27,1742,1742
2023-02-02 09:35:43,15,27,1742,1742
2023-02-02 09:35:44,21,27,1742,1742
2023-02-02 09:35:44,21,29,1742,1742
2023-02-02 09:36:24,21,27,1742,1742
2023-02-02 09:36:24,19,27,1742,1742
2023-02-02 09:36:39,15,27,1742,1742
2023-02-02 09:36:40,17,27,1742,1742
2023-02-02 09:36:40,21,27,1742,1742
2023-02-02 09:36:40,21,29,1742,1742
2023-02-02 09:36:52,23,29,1742,1742
2023-02-02 09:37:06,23,31,1742,1742
2023-02-02 09:38:12,23,29,1742,1742
2023-02-02 09:38:13,21,29,1742,1742
2023-02-02 09:38:16,17,29,1742,1742
2023-02-02 09:38:16,17,31,1742,1742
2023-02-02 09:38:17,23,31,1742,1742
2023-02-02 09:39:21,17,31,1742,1742
2023-02-02 09:39:21,21,31,1742,1742
2023-02-02 09:39:21,21,29,1742,1742
2023-02-02 09:39:41,17,29,1742,1742
2023-02-02 09:39:41,17,31,1742,1742
2023-02-02 09:39:41,17,27,1742,1742
2023-02-02 09:39:42,19,27,1742,1742
2023-02-02 09:39:52,19,24,1742,1742
2023-02-02 09:40:12,19,27,1742,1742
2023-02-02 09:40:13,19,24,1742,1742
2023-02-02 09:40:33,19,27,1742,1742
2023-02-02 09:40:33,19,23,1742,1742
2023-02-02 09:40:35,17,23,1742,1742
2023-02-02 09:40:49,17,22,1742,1742
2023-02-02 09:41:18,17,21,1742,1742
2023-02-02 09:41:24,16,21,1742,1742
2023-02-02 09:41:47,16,22,1742,1742
2023-02-02 09:41:47,16,20,1742,1742
2023-02-02 09:42:17,15,20,1742,1742
2023-02-02 09:42:46,15,22,1742,1742
2023-02-02 09:42:46,17,22,1742,1742
2023-02-02 09:42:47,17,20,1742,1742
2023-02-02 09:43:18,17,23,1742,1742
2023-02-02 09:43:18,17,21,1742,1742
2023-02-02 09:43:40,19,21,1742,1742
2023-02-02 09:44:15,17,21,1742,1742
2023-02-02 09:44:21,17,22,1742,1742
2023-02-02 09:44:21,18,22,1742,1742
2023-02-02 09:44:21,19,22,1742,1742
2023-02-02 09:45:13,21,22,1742,1742
2023-02-02 09:45:21,21,24,1742,1742
2023-02-02 09:45:22,21,25,1742,1742
2023-02-02 09:45:22,21,23,1742,1742
2023-02-02 09:45:49,21,25,1742,1742
2023-02-02 09:45:50,21,24,1742,1742
2023-02-02 09:46:20,21,25,1742,1742
2023-02-02 09:46:52,20,25,1742,1742
2023-02-02 09:46:58,20,22,1742,1742
2023-02-02 09:47:17,20,25,1742,1742
2023-02-02 09:47:18,20,24,1742,1742
2023-02-02 09:47:18,18,24,1742,1742
2023-02-02 09:47:18,17,24,1742,1742
2023-02-02 09:47:18,19,24,1742,1742
2023-02-02 09:47:19,19,22,1742,1742
2023-02-02 09:47:38,19,24,1742,1742
2023-02-02 09:47:38,19,21,1742,1742
2023-02-02 09:47:49,17,21,1742,1742
2023-02-02 09:48:00,17,22,1742,1742
2023-02-02 09:48:00,17,21,1742,1742
2023-02-02 09:48:17,17,20,1742,1742
2023-02-02 09:48:19,16,20,1742,1742
2023-02-02 09:48:20,16,19,1742,1742
2023-02-02 09:48:42,16,20,1742,1742
2023-02-02 09:48:45,15,20,1742,1742
2023-02-02 09:48:45,15,22,1742,1742
2023-02-02 09:48:45,15,21,1742,1742
2023-02-02 09:48:46,15,19,1742,1742
2023-02-02 09:50:22,15,21,1742,1742
2023-02-02 09:50:22,15,20,1742,1742
2023-02-02 09:50:29,17,20,1742,1742
2023-02-02 09:50:47,17,23,1742,1742
2023-02-02 09:50:47,17,21,1742,1742
2023-02-02 09:51:12,19,21,1742,1742
2023-02-02 09:51:16,19,23,1742,1742
2023-02-02 09:51:17,19,22,1742,1742
2023-02-02 09:51:21,21,22,1742,1742
2023-02-02 09:51:36,21,24,2068,2068
2023-02-02 09:52:03,23,24,2068,2068
2023-02-02 09:52:31,21,24,2068,2068
2023-02-02 09:52:46,21,25,2068,2068
2023-02-02 09:52:51,21,24,2068,2068
2023-02-02 09:53:06,21,25,2068,2068
2023-02-02 09:53:18,21,24,2068,2068
2023-02-02 09:53:41,19,24,2068,2068
2023-02-02 09:53:52,19,22,2068,2068
2023-02-02 09:54:07,19,24,2068,2068
2023-02-02 09:54:17,19,23,2068,2068
2023-02-02 09:55:11,18,23,2068,2068
2023-02-02 09:55:11,21,23,2068,2068
2023-02-02 09:55:50,21,25,2068,2068
2023-02-02 09:56:36,20,25,2068,2068
2023-02-02 09:56:36,23,25,2068,2068
2023-02-02 09:56:44,20,25,2068,2068
2023-02-02 09:56:44,21,25,2068,2068
2023-02-02 09:56:46,21,26,2068,2068
2023-02-02 09:56:58,23,26,2068,2068
2023-02-02 09:57:46,23,28,2068,2068
2023-02-02 09:57:46,23,27,2068,2068
2023-02-02 09:58:17,23,26,2068,2068
2023-02-02 09:58:44,23,27,2068,2068
2023-02-02 09:58:59,23,26,2068,2068
2023-02-02 09:59:16,23,27,2068,2068
2023-02-02 09:59:16,25,27,2068,2068
2023-02-02 09:59:47,25,28,2068,2068
2023-02-02 10:00:04,24,28,2068,2068
2023-02-02 10:00:04,27,28,2068,2068
2023-02-02 10:00:19,23,27,2073,2073
2023-02-02 10:00:30,25,27,2073,2073
2023-02-02 10:00:46,25,28,2073,2073
2023-02-02 10:00:50,25,30,2073,2073
2023-02-02 10:01:32,25,29,2073,2073
2023-02-02 10:01:43,25,28,2073,2073
2023-02-02 10:01:50,22,28,2073,2073
2023-02-02 10:01:51,24,28,2073,2073
2023-02-02 10:02:02,24,26,2073,2073
2023-02-02 10:02:07,22,26,2073,2386
2023-02-02 10:02:20,23,26,2073,2386
2023-02-02 10:02:47,21,26,2073,2386
2023-02-02 10:02:48,22,26,2073,2386
2023-02-02 10:02:55,22,27,2073,2386
2023-02-02 10:03:17,22,28,2073,2386
2023-02-02 10:03:17,22,26,2073,2386
2023-02-02 10:03:19,21,26,2073,2386
2023-02-02 10:03:20,22,26,2073,2386
2023-02-02 10:03:50,21,26,2073,2386
2023-02-02 10:04:06,22,26,2073,2386
2023-02-02 10:04:35,21,26,2073,2386
2023-02-02 10:04:51,22,26,2073,2386
2023-02-02 10:05:03,23,26,2073,2386
2023-02-02 10:05:07,24,26,2073,2386
2023-02-02 10:05:21,23,26,2073,2386
2023-02-02 10:05:38,24,26,2073,2386
2023-02-02 10:05:49,24,30,2073,2386
2023-02-02 10:05:53,24,29,2073,2386
2023-02-02 10:05:53,24,28,2073,2386
2023-02-02 10:06:08,24,29,2073,2386
2023-02-02 10:06:08,24,28,2073,2386
2023-02-02 10:06:15,24,26,2073,2386
2023-02-02 10:06:18,23,26,2073,2386
2023-02-02 10:06:47,21,26,2073,2386
2023-02-02 10:06:50,21,25,2073,2386
2023-02-02 10:07:21,21,27,2073,2386
2023-02-02 10:07:26,22,28,2073,2386
2023-02-02 10:07:47,22,27,2073,2386
2023-02-02 10:08:00,22,26,2073,2386
2023-02-02 10:08:20,21,26,2073,2386
2023-02-02 10:08:30,22,26,2073,2386
2023-02-02 10:08:58,21,26,2073,2386
2023-02-02 10:09:16,22,26,2073,2386
2023-02-02 10:09:31,23,26,2073,2386
2023-02-02 10:09:47,21,26,2073,2386
2023-02-02 10:09:47,22,26,2073,2386
2023-02-02 10:09:48,22,27,2073,2386
2023-02-02 10:10:06,23,27,2073,2386
2023-02-02 10:10:32,24,27,2073,2386
2023-02-02 10:10:45,23,27,2073,2386
2023-02-02 10:10:46,22,27,2073,2386
2023-02-02 10:10:51,22,28,2073,2386
2023-02-02 10:10:51,23,28,2073,2386
2023-02-02 10:11:18,21,28,2073,2386
2023-02-02 10:11:19,22,28,2073,2386
2023-02-02 10:11:19,22,27,2073,2386
2023-02-02 10:11:47,22,28,2073,2386
2023-02-02 10:11:47,23,28,2073,2386
2023-02-02 10:12:36,23,27,2073,2386
2023-02-02 10:12:46,23,28,2073,2386
2023-02-02 10:12:46,21,28,2073,2386
2023-02-02 10:12:47,21,27,2073,2386
2023-02-02 10:12:47,22,27,2073,2386
2023-02-02 10:13:17,21,27,2073,2386
2023-02-02 10:13:18,21,26,2073,2386
2023-02-02 10:13:54,22,26,2073,2386
2023-02-02 10:14:06,21,26,2073,2386
2023-02-02 10:14:08,23,26,2073,2386
2023-02-02 10:14:15,21,26,2073,2386
2023-02-02 10:14:18,23,26,2073,2386
2023-02-02 10:14:18,23,28,2073,2386
2023-02-02 10:14:23,23,27,2073,2386
2023-02-02 10:14:38,23,28,2073,2386
2023-02-02 10:14:39,23,27,2073,2386
2023-02-02 10:14:47,23,28,2073,2386
2023-02-02 10:14:47,22,28,2073,2386
2023-02-02 10:14:48,22,27,2073,2386
2023-02-02 10:14:52,22,26,2073,2386
2023-02-02 10:15:20,20,26,2073,2386
2023-02-02 10:15:20,19,26,2073,2386
2023-02-02 10:15:20,21,26,2073,2386
2023-02-02 10:15:40,22,26,2073,2386
2023-02-02 10:15:49,21,26,2073,2386
2023-02-02 10:16:10,22,26,2073,2386
2023-02-02 10:16:18,21,26,2073,2386
2023-02-02 10:17:27,21,24,2073,2386
2023-02-02 10:17:42,21,23,2073,2386
2023-02-02 10:17:49,21,24,2073,2386
2023-02-02 10:17:51,21,22,2073,2386
2023-02-02 10:17:53,18,22,2073,2386
2023-02-02 10:18:52,18,20,2073,2386
2023-02-02 10:18:58,17,20,2073,2386
2023-02-02 10:19:18,16,20,2073,2386
2023-02-02 10:19:41,16,21,2073,2386
2023-02-02 10:19:41,16,18,2073,2386
2023-02-02 10:20:25,16,20,2073,2391
2023-02-02 10:20:30,16,19,2073,2391
2023-02-02 10:20:49,15,19,2073,2391
2023-02-02 10:20:50,18,19,2073,2391
2023-02-02 10:20:52,18,20,2073,2391
2023-02-02 10:20:57,18,20,2078,2396
2023-02-02 10:20:58,16,20,2078,2396
2023-02-02 10:21:10,15,20,2078,2396
2023-02-02 10:21:10,15,20,2411,2729
2023-02-02 10:21:18,15,22,2411,2729
2023-02-02 10:21:19,15,21,2411,2729
2023-02-02 10:21:19,17,21,2411,2729
2023-02-02 10:21:19,17,20,2411,2729
2023-02-02 10:21:50,16,20,2411,2729
2023-02-02 10:22:19,17,20,2411,2729
2023-02-02 10:22:47,17,18,2411,2729
2023-02-02 10:22:47,16,18,2411,2729
2023-02-02 10:23:23,16,20,2411,2729
2023-02-02 10:23:24,16,20,2406,2734
2023-02-02 10:23:35,16,19,2406,2734
2023-02-02 10:23:47,16,22,2406,2734
2023-02-02 10:23:47,15,22,2406,2734
2023-02-02 10:23:47,15,21,2406,2734
2023-02-02 10:23:51,15,19,2406,2734
2023-02-02 10:23:57,15,21,2768,3096
2023-02-02 10:24:07,15,20,2768,3096
2023-02-02 10:24:17,15,21,2768,3096
2023-02-02 10:24:19,17,21,2768,3096
2023-02-02 10:24:22,17,20,2768,3096
2023-02-02 10:24:37,17,21,2768,3096
2023-02-02 10:24:37,17,20,2768,3096
2023-02-02 10:24:46,17,21,2768,3096
2023-02-02 10:24:52,17,19,2768,3096
2023-02-02 10:25:07,17,21,2768,3096
2023-02-02 10:25:08,17,20,2768,3096
2023-02-02 10:25:15,17,21,2768,3096
2023-02-02 10:25:21,16,21,2768,3096
2023-02-02 10:25:38,16,20,2768,3096
2023-02-02 10:25:47,16,21,2768,3096
2023-02-02 10:25:47,17,21,2768,3096
2023-02-02 10:25:48,17,22,2768,3096
2023-02-02 10:25:52,17,20,2768,3096
2023-02-02 10:26:07,17,22,2768,3096
2023-02-02 10:26:07,17,20,2768,3096
2023-02-02 10:26:16,17,22,2768,3096
2023-02-02 10:26:16,15,22,2768,3096
2023-02-02 10:26:16,16,22,2768,3096
2023-02-02 10:26:16,16,21,2768,3096
2023-02-02 10:26:22,16,19,2768,3096
2023-02-02 10:26:37,16,21,2768,3096
2023-02-02 10:26:38,16,19,2768,3096
2023-02-02 10:26:47,16,22,2768,3096
2023-02-02 10:26:47,15,22,2768,3096
2023-02-02 10:26:47,15,20,2768,3096
2023-02-02 10:26:53,15,19,2768,3096
2023-02-02 10:27:08,15,20,2768,3096
2023-02-02 10:27:08,15,19,2768,3096
2023-02-02 10:27:17,15,20,2768,3096
2023-02-02 10:27:24,15,19,2768,3096
2023-02-02 10:27:38,15,20,2768,3096
2023-02-02 10:27:39,15,18,2768,3096
2023-02-02 10:27:46,15,20,2768,3096
2023-02-02 10:27:54,15,19,2768,3096
2023-02-02 10:28:09,15,20,2768,3096
2023-02-02 10:28:10,15,19,2768,3096
2023-02-02 10:28:18,15,20,2768,3096
2023-02-02 10:28:18,15,19,2768,3096
2023-02-02 10:28:41,15,18,2768,3096
2023-02-02 10:28:49,15,20,2768,3096
2023-02-02 10:28:56,15,18,2768,3096
2023-02-02 10:29:11,15,20,2768,3096
2023-02-02 10:29:11,15,18,2768,3096
2023-02-02 10:29:19,15,19,2768,3096
2023-02-02 10:29:27,15,18,2768,3096
2023-02-02 10:29:31,15,19,2768,3096
2023-02-02 10:29:42,15,18,2768,3096
2023-02-02 10:29:47,15,19,2768,3096
2023-02-02 10:30:13,15,18,2768,3096
2023-02-02 10:30:28,15,19,2768,3096
2023-02-02 10:30:28,15,18,2768,3096
2023-02-02 10:30:35,15,19,2768,3096
2023-02-02 10:30:36,15,20,2768,3096
2023-02-02 10:30:43,15,19,2768,3096
2023-02-02 10:30:48,15,20,2768,3096
2023-02-02 10:30:49,15,18,2768,3096
2023-02-02 10:30:59,15,18,2782,3110
2023-02-02 10:31:00,15,20,2782,3110
2023-02-02 10:31:00,15,16,2782,3110
2023-02-02 10:31:14,15,16,2796,3124
2023-02-02 10:31:29,15,16,2810,3138
2023-02-02 10:31:45,15,16,2824,3152
2023-02-02 10:31:49,13,16,2824,3221
2023-02-02 10:31:58,13,14,2824,3221
2023-02-02 10:32:15,13,14,2838,3235
2023-02-02 10:32:31,13,14,2852,3249
2023-02-02 10:32:46,13,14,2866,3263
2023-02-02 10:32:49,13,14,2871,3268
2023-02-02 10:32:56,10,13,3037,3434
2023-02-02 10:32:57,10,12,3037,3434
2023-02-02 10:32:58,9,12,3037,3434
2023-02-02 10:33:48,9,11,3037,3434
2023-02-02 10:35:53,9,12,3037,3434
2023-02-02 10:36:20,9,11,3037,3434
2023-02-02 10:37:50,9,10,3037,3434
2023-02-02 10:38:49,9,11,3037,3434
2023-02-02 10:39:21,9,12,3037,3434
2023-02-02 10:39:21,9,11,3037,3434
2023-02-02 10:40:49,9,10,3037,3434
2023-02-02 10:41:31,7,10,3037,3734
2023-02-02 10:41:52,7,9,3037,3734
2023-02-02 10:45:50,7,10,3037,3734
2023-02-02 10:45:50,7,9,3037,3734
2023-02-02 10:47:21,7,8,3037,3734
2023-02-02 10:47:51,7,9,3037,3734
2023-02-02 10:49:48,7,8,3037,3734
2023-02-02 10:51:20,7,9,3037,3734
2023-02-02 10:51:51,7,10,3037,3734
2023-02-02 10:51:52,7,9,3037,3734
2023-02-02 10:52:50,5,9,3037,3734
2023-02-02 10:53:20,5,7,3037,3734
2023-02-02 10:55:49,5,8,3037,3734
2023-02-02 10:56:38,7,8,3037,3734
2023-02-02 10:57:40,7,8,3370,4067
2023-02-02 10:57:48,7,9,3370,4067
2023-02-02 11:00:27,7,8,3370,4067
2023-02-02 11:00:51,7,9,3370,4067
2023-02-02 11:01:19,7,10,3370,4067
2023-02-02 11:01:47,7,9,3370,4067
2023-02-02 11:02:44,5,9,3370,4067
2023-02-02 11:02:48,5,8,3370,4067
2023-02-02 11:04:50,5,7,3370,4067
2023-02-02 11:05:49,5,8,3370,4067
2023-02-02 11:06:47,5,7,3370,4067
2023-02-02 11:08:22,5,8,3370,4067
2023-02-02 11:08:24,5,7,3370,4067
2023-02-02 11:09:19,5,6,3370,4067
2023-02-02 11:10:24,5,7,3370,4067
2023-02-02 11:11:17,5,6,3370,4067
2023-02-02 11:11:47,5,7,3370,4067
2023-02-02 11:12:49,5,8,3370,4067
2023-02-02 11:13:19,5,9,3370,4067
2023-02-02 11:13:20,5,8,3370,4067
2023-02-02 11:13:48,5,7,3370,4067
2023-02-02 11:14:12,5,8,3727,4424
2023-02-02 11:14:48,5,6,3727,4424
2023-02-02 11:15:21,5,7,3727,4424
2023-02-02 11:16:33,4,7,3727,4424
2023-02-02 11:16:33,4,7,3727,4429
2023-02-02 11:16:44,4,7,4060,4762
2023-02-02 11:16:46,4,8,4060,4762
2023-02-02 11:16:46,4,9,4060,4762
2023-02-02 11:16:47,4,8,4060,4762
2023-02-02 11:17:19,5,8,4060,4762
2023-02-02 11:17:41,5,9,4366,5068
2023-02-02 11:17:49,6,9,4366,5068
2023-02-02 11:18:21,6,10,4366,5068
2023-02-02 11:18:48,6,9,4366,5068
2023-02-02 11:19:18,5,9,4366,5068
2023-02-02 11:19:48,5,10,4366,5068
2023-02-02 11:19:49,6,10,4366,5068
2023-02-02 11:20:24,7,10,4366,5068
2023-02-02 11:20:24,7,11,4366,5068
2023-02-02 11:20:51,7,10,4366,5068
2023-02-02 11:21:19,6,10,4366,5068
2023-02-02 11:21:47,5,10,4366,5068
2023-02-02 11:21:48,6,10,4366,5068
2023-02-02 11:22:19,6,9,4366,5068
2023-02-02 11:22:47,5,9,4366,5068
2023-02-02 11:22:47,5,8,4366,5068
2023-02-02 11:23:51,4,8,4366,5068
2023-02-02 11:24:21,4,7,4366,5068
2023-02-02 11:26:18,4,6,4366,5068
2023-02-02 11:26:46,4,7,4366,5068
2023-02-02 11:27:17,4,6,4366,5068
2023-02-02 11:27:49,4,7,4366,5068
2023-02-02 11:28:20,4,8,4366,5068
2023-02-02 11:28:51,4,7,4366,5068
2023-02-02 11:29:48,4,8,4366,5068
2023-02-02 11:29:48,4,7,4366,5068
2023-02-02 11:31:48,4,6,4366,5068
2023-02-02 11:33:48,4,7,4366,5068
2023-02-02 11:33:48,4,6,4366,5068
2023-02-02 11:34:47,4,5,4366,5068
2023-02-02 11:35:30,4,5,4866,5568
2023-02-02 11:35:49,4,6,4866,5568
2023-02-02 11:36:51,4,5,4866,5568
2023-02-02 11:37:19,4,6,4866,5568
2023-02-02 11:39:18,4,7,4866,5568
2023-02-02 11:41:18,4,8,4866,5568
2023-02-02 11:41:49,5,8,4866,5568
2023-02-02 11:46:18,5,9,4866,5568
2023-02-02 11:46:55,5,8,4866,5568
2023-02-02 11:47:20,4,8,4866,5568
2023-02-02 11:48:19,5,8,4866,5568
2023-02-02 11:48:40,5,9,5313,6015
2023-02-02 11:49:19,5,8,5313,6015
2023-02-02 11:50:22,4,8,5313,6015
2023-02-02 11:50:23,5,8,5313,6015
2023-02-02 11:51:20,4,8,5313,6015
2023-02-02 11:51:20,5,8,5313,6015
2023-02-02 11:54:49,4,8,5313,6015
2023-02-02 11:55:47,4,7,5313,6015
2023-02-02 11:56:18,4,8,5313,6015
2023-02-02 11:56:18,5,8,5313,6015
2023-02-02 11:57:18,4,8,5313,6015
2023-02-02 11:57:19,4,7,5313,6015
2023-02-02 11:58:21,4,8,5313,6015
2023-02-02 11:58:48,4,9,5313,6015
2023-02-02 11:58:52,4,8,5313,6015
2023-02-02 11:59:12,4,8,5646,6348
2023-02-02 11:59:18,4,9,5646,6348
2023-02-02 11:59:18,5,9,5646,6348
2023-02-02 11:59:49,6,9,5646,6348
2023-02-02 12:00:26,6,10,5646,6348
2023-02-02 12:00:49,6,9,5646,6348
2023-02-02 12:01:18,6,10,5646,6348
2023-02-02 12:01:33,6,8,5646,6348
2023-02-02 12:01:50,5,8,5646,6348
2023-02-02 12:02:18,4,8,5646,6348
2023-02-02 12:02:47,5,8,5646,6348
2023-02-02 12:04:19,6,8,5646,6348
2023-02-02 12:05:36,6,9,5646,6348
2023-02-02 12:05:52,6,10,5646,6348
2023-02-02 12:06:20,7,10,5646,6348
2023-02-02 12:06:49,6,10,5646,6348
2023-02-02 12:07:18,6,9,5646,6348
2023-02-02 12:08:21,6,10,5646,6348
2023-02-02 12:08:47,6,9,5646,6348
2023-02-02 12:09:17,6,10,5646,6348
2023-02-02 12:09:47,7,10,5646,6348
2023-02-02 12:10:48,8,10,5646,6348
2023-02-02 12:11:18,7,10,5646,6348
2023-02-02 12:11:18,4,10,5646,6348
2023-02-02 12:11:20,5,10,5646,6348
2023-02-02 12:11:20,6,10,5646,6348
2023-02-02 12:11:51,6,9,5646,6348
2023-02-02 12:12:16,6,8,5646,6348
2023-02-02 12:12:51,5,8,5646,6348
2023-02-02 12:13:49,4,8,5646,6348
2023-02-02 12:14:49,4,7,5646,6348
2023-02-02 12:15:49,4,6,5646,6348
2023-02-02 12:17:19,4,7,5646,6348
2023-02-02 12:18:47,4,8,5646,6348
2023-02-02 12:18:48,4,7,5646,6348
2023-02-02 12:21:49,4,8,5646,6348
2023-02-02 12:22:19,4,7,5646,6348
2023-02-02 12:25:21,4,6,5646,6348
2023-02-02 12:26:48,4,5,5646,6348
2023-02-02 12:28:52,4,6,5646,6348
2023-02-02 12:28:52,4,5,5646,6348
2023-02-02 12:31:18,4,6,5646,6348
2023-02-02 12:31:19,4,5,5646,6348
2023-02-02 12:31:48,4,5,6044,6746
2023-02-02 12:32:19,4,6,6044,6746
2023-02-02 12:42:20,4,5,6044,6746
2023-02-02 12:42:49,4,6,6044,6746
2023-02-02 12:43:49,4,5,6044,6746
2023-02-02 12:44:19,4,6,6044,6746
2023-02-02 12:51:19,4,5,6044,6746
2023-02-02 12:52:18,4,6,6044,6746
2023-02-02 12:52:48,1,4,6146,6848
2023-02-02 12:53:18,1,6,6146,6848
2023-02-02 12:56:38,2,6,6146,6848
2023-02-02 12:57:38,1,6,6146,6848
2023-02-02 12:57:39,2,6,6146,6848
2023-02-02 12:57:54,3,6,6146,6848
2023-02-02 12:58:55,2,6,6146,6848
2023-02-02 13:00:13,3,6,6146,6848
2023-02-02 13:00:44,2,6,6146,6848
2023-02-02 13:02:30,1,6,6146,6848
2023-02-02 13:02:31,2,6,6146,6848
2023-02-02 13:04:34,1,6,6146,6848
2023-02-02 13:04:50,2,6,6146,6848
2023-02-02 13:08:25,3,6,6146,6848
2023-02-02 13:08:40,2,6,6146,6848
2023-02-02 13:09:10,3,6,6146,6848
2023-02-02 13:09:36,2,6,6146,6848
2023-02-02 13:09:45,3,6,6146,6848
2023-02-02 13:10:12,2,6,6146,6848
2023-02-02 13:13:10,1,2,6132,6862
2023-02-02 13:13:16,1,2,6118,6876
2023-02-02 13:13:31,1,2,6104,6890
2023-02-02 13:13:47,1,2,6090,6904
2023-02-02 13:14:02,1,2,6076,6918
2023-02-02 13:14:17,1,2,6062,6932
2023-02-02 13:14:33,1,2,6048,6946
2023-02-02 13:14:48,1,2,6043,6960
2023-02-02 13:15:03,1,2,6043,6974
2023-02-02 13:15:19,1,2,6043,6988
2023-02-02 13:15:34,1,2,6043,7002
2023-02-02 13:15:50,1,2,6043,7016
2023-02-02 13:16:05,2,6,6043,7023
2023-02-02 13:16:51,3,6,6043,7023
2023-02-02 13:17:37,2,6,6043,7023
2023-02-02 13:21:58,1,6,6043,7023
2023-02-02 13:24:01,2,6,6043,7023
2023-02-02 13:24:47,1,6,6043,7023
2023-02-02 13:25:18,0,6,6043,7023
2023-02-02 13:25:33,1,6,6043,7023
2023-02-02 13:29:17,2,6,6043,7023
2023-02-02 13:30:48,1,6,6043,7023
2023-02-02 13:31:04,2,6,6043,7023
2023-02-02 13:34:08,1,6,6043,7023
2023-02-02 13:35:01,0,6,6057,7037
2023-02-02 13:35:09,1,6,6057,7037
2023-02-02 13:39:29,1,6,6057,7047
2023-02-02 13:39:32,1,5,6057,7047
2023-02-02 13:39:46,0,6,6057,7047
2023-02-02 13:39:47,1,6,6057,7047
2023-02-02 13:40:33,0,6,6057,7047
2023-02-02 13:41:22,0,5,6057,7047
2023-02-02 13:41:23,0,6,6057,7047
2023-02-02 13:43:48,0,4,6057,7047
2023-02-02 14:06:35,0,1,6057,7047
2023-02-02 14:16:51,1,4,6067,7057
2023-02-02 14:20:20,1,2,6067,7057
2023-02-02 14:28:25,0,2,6390,7380
2023-02-02 14:31:47,1,2,6390,7380
2023-02-02 14:33:21,1,2,6490,7480
2023-02-02 14:33:29,1,4,7267,8257
2023-02-02 14:35:36,2,4,7267,8257
2023-02-02 14:35:58,4,8,7267,8337
2023-02-02 14:36:03,2,8,7267,8337
2023-02-02 14:36:52,2,7,7267,8337
2023-02-02 14:36:52,2,8,7267,8337
2023-02-02 14:37:44,2,6,7267,8337
2023-02-02 14:40:14,1,6,7267,8337
2023-02-02 14:42:31,1,10,7267,8337
2023-02-02 14:42:31,1,8,7267,8337
2023-02-02 14:42:58,2,8,7267,8337
2023-02-02 14:45:21,2,7,7267,8337
2023-02-02 14:45:22,2,8,7267,8337
2023-02-02 14:47:12,2,10,7267,8337
2023-02-02 14:47:18,3,10,7267,8337
2023-02-02 14:47:24,3,9,7267,8337
2023-02-02 14:47:31,3,12,7267,8337
2023-02-02 14:47:49,3,11,7267,8337
2023-02-02 14:47:50,3,12,7267,8337
2023-02-02 14:47:51,5,12,7267,8337
2023-02-02 14:47:56,3,12,7267,8337
2023-02-02 14:48:05,3,16,7267,8337
2023-02-02 14:48:05,3,24,7267,8337
2023-02-02 14:48:05,3,14,7267,8337
2023-02-02 14:48:05,3,10,7267,8337
2023-02-02 14:48:19,4,10,7267,8337
2023-02-02 14:48:19,4,8,7267,8337
2023-02-02 14:48:47,6,8,7267,8337
2023-02-02 14:48:50,6,9,7267,8337
2023-02-02 14:48:50,6,9,7267,8523
2023-02-02 14:48:51,6,7,7267,8523
2023-02-02 14:48:51,6,7,7267,8709
2023-02-02 14:49:04,3,7,7267,8709
2023-02-02 14:49:16,2,7,7267,8709
2023-02-02 14:49:17,2,6,7267,8709
2023-02-02 14:49:18,2,5,7267,8709
2023-02-02 14:49:26,2,6,7498,8940
2023-02-02 14:49:31,4,6,7498,8940
2023-02-02 14:49:48,4,5,7498,8940
2023-02-02 14:50:10,2,5,7498,8940
2023-02-02 14:50:26,2,7,7498,8940
2023-02-02 14:50:26,2,8,7498,8940
2023-02-02 14:50:28,2,6,7498,8940
2023-02-02 14:51:09,1,6,7498,8940
2023-02-02 14:51:22,2,6,7498,8940
2023-02-02 14:53:07,2,8,7498,8940
2023-02-02 14:54:05,4,8,7498,8940
2023-02-02 14:54:56,4,7,7498,8940
2023-02-02 14:55:00,4,8,7498,8940
2023-02-02 14:55:44,4,10,7498,8940
2023-02-02 14:55:45,4,9,7498,8940
2023-02-02 14:55:46,4,10,7498,8940
2023-02-02 14:55:57,5,10,7498,8940
2023-02-02 14:56:06,5,9,7498,8940
2023-02-02 14:56:10,7,9,7498,8940
2023-02-02 14:56:20,7,10,7498,8940
2023-02-02 14:56:42,7,9,7498,8940
2023-02-02 14:56:48,7,9,7498,9162
2023-02-02 14:56:48,7,9,7498,9309
2023-02-02 14:56:48,5,7,7498,9445
2023-02-02 14:57:18,5,7,7819,9766
2023-02-02 14:57:19,5,6,7819,9766
2023-02-02 14:57:22,5,6,7919,9866
2023-02-02 14:57:28,4,6,7919,9866
2023-02-02 14:57:28,3,6,7919,9866
2023-02-02 14:57:31,3,6,8019,9966
2023-02-02 14:57:40,3,10,8291,10238
2023-02-02 14:57:41,6,10,8291,10238
2023-02-02 14:57:50,3,10,8291,10238
2023-02-02 14:58:18,5,10,8291,10238
2023-02-02 14:58:19,5,12,8291,10238
2023-02-02 14:58:31,5,19,8291,10238
2023-02-02 14:58:31,5,18,8291,10238
2023-02-02 14:58:31,5,14,8291,10238
2023-02-02 14:58:32,5,13,8291,10238
2023-02-02 14:58:34,7,13,8291,10238
2023-02-02 14:58:43,7,14,8291,10238
2023-02-02 14:58:43,7,16,8291,10238
2023-02-02 14:58:44,7,15,8291,10238
2023-02-02 14:58:45,7,16,8291,10238
2023-02-02 14:58:45,10,16,8291,10238
2023-02-02 14:58:53,10,20,8291,10243
2023-02-02 14:58:53,12,20,8291,10243
2023-02-02 14:58:54,12,19,8291,10243
2023-02-02 14:58:54,12,20,8291,10243
2023-02-02 14:58:54,12,19,8291,10243
2023-02-02 14:58:55,12,18,8291,10243
2023-02-02 14:58:56,12,17,8291,10243
2023-02-02 14:58:58,12,18,8291,10243
2023-02-02 14:59:00,10,18,8291,10243
2023-02-02 14:59:00,10,17,8291,10243
2023-02-02 14:59:02,10,18,8291,10243
2023-02-02 14:59:02,10,16,8291,10243
2023-02-02 14:59:02,10,18,8291,10243
2023-02-02 14:59:02,10,17,8291,10243
2023-02-02 14:59:02,10,18,8291,10243
2023-02-02 14:59:03,10,17,8291,10243
2023-02-02 14:59:11,5,17,8291,10243
2023-02-02 14:59:11,3,17,8291,10243
2023-02-02 14:59:11,7,17,8291,10243
2023-02-02 14:59:11,12,17,8291,10243
2023-02-02 14:59:11,12,18,8291,10243
2023-02-02 14:59:12,12,17,8291,10243
2023-02-02 14:59:19,12,18,8291,10243
2023-02-02 14:59:20,9,18,8291,10248
2023-02-02 14:59:20,9,15,8291,10248
2023-02-02 14:59:29,9,17,8291,10248
2023-02-02 14:59:34,9,15,8291,10248
2023-02-02 14:59:43,9,13,8291,10248
2023-02-02 14:59:57,9,15,8291,10248
2023-02-02 15:00:20,9,17,8291,10248
2023-02-02 15:00:26,9,11,8291,10248
2023-02-02 15:00:34,9,12,8406,10363
2023-02-02 15:00:39,9,12,8506,10463
2023-02-02 15:00:39,11,12,8506,10463
2023-02-02 15:00:42,11,19,8506,10575
2023-02-02 15:00:45,12,19,8506,10575
2023-02-02 15:00:49,11,19,8506,10575
2023-02-02 15:00:51,11,15,8506,10575
2023-02-02 15:01:21,11,15,8506,10775
2023-02-02 15:01:46,11,16,8506,10775
2023-02-02 15:01:49,12,16,8506,10775
2023-02-02 15:02:17,11,16,8506,10775
2023-02-02 15:02:19,11,15,8506,10775
2023-02-02 15:02:22,11,14,8506,10775
2023-02-02 15:02:40,11,14,8385,10896
2023-02-02 15:02:45,11,15,8385,10896
2023-02-02 15:02:45,11,12,8385,10896
2023-02-02 15:02:50,6,12,8385,10896
2023-02-02 15:02:50,7,12,8385,10896
2023-02-02 15:02:50,8,12,8385,10896
2023-02-02 15:03:08,10,12,8385,10896
2023-02-02 15:03:13,8,12,8385,10896
2023-02-02 15:03:13,8,12,8390,10901
2023-02-02 15:03:13,10,12,8390,10901
2023-02-02 15:03:14,10,12,8490,11001
2023-02-02 15:03:17,10,11,8490,11001
2023-02-02 15:03:18,10,13,8659,11170
2023-02-02 15:03:22,11,13,8659,11170
2023-02-02 15:03:22,11,17,8763,11274
2023-02-02 15:03:24,10,17,8763,11274
2023-02-02 15:03:31,12,17,8763,11274
2023-02-02 15:03:32,12,19,8763,11274
2023-02-02 15:03:35,12,25,8758,11279
2023-02-02 15:03:35,10,25,8758,11279
2023-02-02 15:03:35,10,21,8758,11279
2023-02-02 15:03:35,14,21,8758,11279
2023-02-02 15:03:36,17,21,8758,11279
2023-02-02 15:03:36,17,25,8758,11279
2023-02-02 15:03:36,17,24,8758,11279
2023-02-02 15:03:37,17,25,8758,11279
2023-02-02 15:03:43,17,23,8758,11279
2023-02-02 15:03:44,15,23,8758,11279
2023-02-02 15:03:47,15,26,8758,11279
2023-02-02 15:03:47,10,26,8758,11279
2023-02-02 15:03:47,10,21,8758,11279
2023-02-02 15:03:48,13,21,8758,11279
2023-02-02 15:03:52,14,21,8758,11279
2023-02-02 15:03:52,15,21,8758,11279
2023-02-02 15:03:52,17,21,8758,11279
2023-02-02 15:03:56,17,18,8758,11279
2023-02-02 15:04:03,15,18,8675,11362
2023-02-02 15:04:14,15,23,8675,11362
2023-02-02 15:04:14,15,22,8675,11362
2023-02-02 15:04:15,15,20,8675,11362
2023-02-02 15:04:17,14,20,8675,11362
2023-02-02 15:04:17,12,20,8675,11362
2023-02-02 15:04:28,12,23,8675,11362
2023-02-02 15:04:28,12,22,8675,11362
2023-02-02 15:04:28,12,18,8675,11362
2023-02-02 15:04:29,10,18,8675,11362
2023-02-02 15:04:45,10,20,8675,11362
2023-02-02 15:04:45,8,20,8675,11362
2023-02-02 15:04:46,12,20,8675,11362
2023-02-02 15:04:49,12,17,8675,11362
2023-02-02 15:05:04,6,17,8675,11362
2023-02-02 15:05:04,10,17,8675,11362
2023-02-02 15:05:07,10,16,8675,11362
2023-02-02 15:05:07,6,16,8675,11362
2023-02-02 15:05:07,8,16,8675,11362
2023-02-02 15:05:17,8,17,8675,11362
2023-02-02 15:05:17,6,17,8675,11362
2023-02-02 15:05:17,6,14,8675,11362
2023-02-02 15:05:38,6,13,8675,11362
2023-02-02 15:05:39,6,16,8675,11362
2023-02-02 15:05:39,6,15,8675,11362
2023-02-02 15:05:39,6,12,8675,11362
2023-02-02 15:05:44,6,11,8675,11362
2023-02-02 15:05:45,6,12,8675,11362
2023-02-02 15:06:06,4,12,8675,11362
2023-02-02 15:06:06,4,10,8675,11362
2023-02-02 15:06:06,3,10,8675,11362
2023-02-02 15:07:00,3,13,8675,11362
2023-02-02 15:07:00,3,8,8675,11362
2023-02-02 15:07:32,2,8,8675,11362
2023-02-02 15:07:51,2,7,8675,11362
2023-02-02 15:07:53,2,8,8675,11362
2023-02-02 15:07:59,2,7,8675,11362
2023-02-02 15:08:03,2,8,8675,11362
2023-02-02 15:08:06,2,7,8675,11362
2023-02-02 15:08:15,2,8,8675,11362
2023-02-02 15:08:18,2,10,8675,11362
2023-02-02 15:08:31,2,9,8675,11362
2023-02-02 15:08:37,2,10,8675,11362
2023-02-02 15:08:38,2,8,8675,11362
2023-02-02 15:08:38,2,10,8675,11362
2023-02-02 15:08:38,2,9,8675,11362
2023-02-02 15:08:39,3,9,8675,11362
2023-02-02 15:08:40,3,10,8675,11362
2023-02-02 15:08:40,3,9,8675,11362
2023-02-02 15:08:41,2,9,8675,11362
2023-02-02 15:08:41,5,9,8675,11362
2023-02-02 15:08:41,5,14,8675,11362
2023-02-02 15:08:41,5,13,8675,11362
2023-02-02 15:08:46,5,14,8675,11362
2023-02-02 15:08:47,5,13,8675,11362
2023-02-02 15:08:47,8,13,8675,11362
2023-02-02 15:08:48,8,16,8675,11362
2023-02-02 15:08:48,8,12,8675,11362
2023-02-02 15:08:48,8,16,8675,11362
2023-02-02 15:08:50,8,15,8675,11362
2023-02-02 15:08:50,8,16,8675,11362
2023-02-02 15:08:50,8,15,8675,11362
2023-02-02 15:08:55,8,16,8675,11362
2023-02-02 15:08:57,5,16,8675,11362
2023-02-02 15:08:57,10,16,8675,11362
2023-02-02 15:08:58,10,18,8675,11362
2023-02-02 15:08:58,10,17,8675,11362
2023-02-02 15:08:59,12,17,8675,11362
2023-02-02 15:09:01,12,20,8675,11362
2023-02-02 15:09:01,12,19,8675,11362
2023-02-02 15:09:03,12,18,8675,11362
2023-02-02 15:09:03,10,18,8675,11362
2023-02-02 15:09:11,6,18,8675,11362
2023-02-02 15:09:11,2,18,8675,11362
2023-02-02 15:09:11,2,20,8675,11362
2023-02-02 15:09:11,2,16,8675,11362
2023-02-02 15:09:11,4,16,8675,11362
2023-02-02 15:09:12,8,16,8675,11362
2023-02-02 15:09:16,8,14,8675,11362
2023-02-02 15:09:16,4,14,8675,11362
2023-02-02 15:09:16,2,14,8675,11362
2023-02-02 15:09:16,6,14,8675,11362
2023-02-02 15:09:40,2,14,8675,11362
2023-02-02 15:09:40,4,14,8675,11362
2023-02-02 15:09:40,8,14,8675,11362
2023-02-02 15:09:40,8,18,8675,11362
2023-02-02 15:09:40,8,20,8675,11362
2023-02-02 15:09:40,8,16,8675,11362
2023-02-02 15:10:00,8,14,8675,11362
2023-02-02 15:10:00,2,14,8675,11362
2023-02-02 15:10:01,6,14,8675,11362
2023-02-02 15:10:17,6,18,8675,11362
2023-02-02 15:10:17,4,18,8675,11362
2023-02-02 15:10:17,4,12,8675,11362
2023-02-02 15:10:34,4,10,8675,11362
2023-02-02 15:10:34,2,10,8675,11362
2023-02-02 15:11:56,2,9,8675,11362
2023-02-02 15:12:00,2,10,8675,11362
2023-02-02 15:12:10,2,9,8675,11362
2023-02-02 15:12:11,2,10,8675,11362
2023-02-02 15:12:43,2,8,8675,11362
2023-02-02 15:13:06,2,7,8675,11362
2023-02-02 15:13:06,2,8,8675,11362
2023-02-02 15:13:20,2,7,8675,11362
2023-02-02 15:13:21,2,8,8675,11362
2023-02-02 15:13:46,2,10,8675,11362
2023-02-02 15:13:46,2,6,8675,11362
2023-02-02 15:14:58,2,5,8675,11362
2023-02-02 15:15:00,2,6,8675,11362
2023-02-02 15:15:17,2,5,8675,11362
2023-02-02 15:15:17,2,5,8680,11367
2023-02-02 15:15:17,2,6,8680,11367
2023-02-02 15:15:23,2,5,8680,11367
2023-02-02 15:15:23,2,5,8685,11372
2023-02-02 15:15:24,2,6,8685,11372
2023-02-02 15:16:30,1,6,8685,11372
2023-02-02 15:16:54,1,5,8685,11372
2023-02-02 15:16:58,1,6,8685,11372
2023-02-02 15:22:20,1,5,8685,11372
2023-02-02 15:22:22,1,6,8685,11372
2023-02-02 15:23:05,1,5,8685,11372
2023-02-02 15:23:07,1,6,8685,11372
2023-02-02 15:23:38,1,5,8685,11372
2023-02-02 15:23:40,1,6,8685,11372
2023-02-02 15:23:50,1,5,8685,11372
2023-02-02 15:23:52,1,6,8685,11372
2023-02-02 15:23:52,1,6,8765,11452
2023-02-02 15:23:53,1,4,8765,11452
2023-02-02 15:23:53,1,6,8765,11452
2023-02-02 15:24:08,1,5,8765,11452
2023-02-02 15:24:09,0,5,8765,11452
2023-02-02 15:24:13,0,6,8765,11452
2023-02-02 15:24:24,1,6,8765,11452
2023-02-02 15:24:25,1,5,8765,11452
2023-02-02 15:24:39,1,5,8770,11457
2023-02-02 15:24:54,1,4,8770,11457
2023-02-02 15:24:57,1,5,8770,11457
2023-02-02 15:25:46,1,4,8770,11457
2023-02-02 15:25:50,1,5,8770,11457
2023-02-02 15:26:51,1,4,8770,11457
2023-02-02 15:26:52,1,5,8770,11457
2023-02-02 15:28:01,1,5,8798,11485
2023-02-02 15:28:13,1,4,8798,11485
2023-02-02 15:28:15,1,5,8798,11485
2023-02-02 15:28:18,1,4,8798,11485
2023-02-02 15:28:22,1,4,8803,11490
2023-02-02 15:28:24,1,4,8808,11495
2023-02-02 15:28:24,1,5,8808,11495
2023-02-02 15:28:24,1,3,8808,11495
2023-02-02 15:28:24,1,5,8808,11495
2023-02-02 15:28:25,1,4,8808,11495
2023-02-02 15:28:29,1,4,8858,11545
2023-02-02 15:28:30,0,1,8920,11607
2023-02-02 15:28:53,0,5,8920,11726
2023-02-02 15:29:03,1,5,8920,11726
2023-02-02 15:31:33,1,4,8920,11726
2023-02-02 15:31:42,1,4,8920,11754
2023-02-02 15:33:40,1,4,8932,11810
2023-02-02 15:35:42,0,4,8992,11870
2023-02-02 15:35:50,0,2,8992,11870
2023-02-02 15:38:43,0,1,8992,11870
2023-02-02 15:38:45,0,2,8992,11870
2023-02-02 15:39:53,1,2,8992,11870
2023-02-02 15:41:23,1,2,9113,11991
2023-02-02 15:41:56,1,4,9113,11991
2023-02-02 15:42:29,0,4,9892,12770
2023-02-02 15:44:23,1,4,9892,12770
2023-02-02 15:46:58,1,4,9897,12775
2023-02-02 15:46:58,1,4,9902,12780
2023-02-02 15:47:08,1,3,9902,12780
2023-02-02 15:47:14,1,3,9907,12785
2023-02-02 15:47:14,1,4,9907,12785
2023-02-02 15:47:15,0,1,10842,13720
