datetime,bid,ask,open_interest,volume
2023-06-07 09:30:19,43,48,2440,2980
2023-06-07 09:31:03,44,48,2440,2980
2023-06-07 09:31:03,44,47,2440,2980
2023-06-07 09:31:03,44,46,2440,2980
2023-06-07 09:31:25,45,46,2440,2980
2023-06-07 09:32:55,45,46,2555,3180
2023-06-07 09:32:59,44,45,2690,3315
2023-06-07 09:32:59,44,46,2690,3315
2023-06-07 09:33:15,44,45,2690,3315
2023-06-07 09:33:54,44,45,3023,3648
2023-06-07 09:34:09,43,44,2878,3793
2023-06-07 09:34:46,44,45,2873,3798
2023-06-07 09:34:48,43,45,2873,3798
2023-06-07 09:35:27,43,44,2873,3798
2023-06-07 09:35:33,43,44,2673,3998
2023-06-07 09:35:47,43,44,2545,4198
2023-06-07 09:36:01,43,44,2545,4248
2023-06-07 09:36:02,43,44,2545,4648
2023-06-07 09:36:03,43,45,2545,4833
2023-06-07 09:36:31,43,46,2585,4873
2023-06-07 09:37:03,44,46,2585,4873
2023-06-07 09:38:04,44,45,2585,4873
2023-06-07 09:38:23,43,45,2585,4913
2023-06-07 09:38:27,43,44,2585,4913
2023-06-07 09:39:22,43,44,2410,5113
2023-06-07 09:39:26,41,43,2395,5153
2023-06-07 09:41:33,40,43,2395,5153
2023-06-07 09:41:46,41,43,2395,5153
2023-06-07 09:41:59,40,43,2395,5153
2023-06-07 09:42:01,41,43,2395,5153
2023-06-07 09:42:05,40,43,2395,5153
2023-06-07 09:42:19,41,43,2395,5153
2023-06-07 09:43:17,40,43,2395,5153
2023-06-07 09:43:26,40,42,2395,5153
2023-06-07 09:45:22,41,42,2395,5153
2023-06-07 09:45:22,41,42,2525,5283
2023-06-07 09:45:22,40,42,2595,5353
2023-06-07 09:45:37,41,42,2595,5353
2023-06-07 09:45:45,40,42,2595,5353
2023-06-07 09:45:54,41,42,2595,5353
2023-06-07 09:46:03,41,43,2635,5393
2023-06-07 09:46:21,42,43,2635,5393
2023-06-07 09:47:19,41,43,2635,5393
2023-06-07 09:47:31,41,42,2635,5393
2023-06-07 09:47:32,41,43,2635,5393
2023-06-07 09:47:33,41,42,2635,5393
2023-06-07 09:47:39,41,43,2635,5393
2023-06-07 09:47:44,41,42,2635,5393
2023-06-07 09:47:45,41,43,2635,5393
2023-06-07 09:48:06,41,42,2635,5393
2023-06-07 09:48:08,41,43,2635,5393
2023-06-07 09:51:07,41,42,2635,5393
2023-06-07 09:51:21,40,41,2595,5433
2023-06-07 09:51:21,39,41,2595,5433
2023-06-07 09:51:22,39,42,2595,5433
2023-06-07 09:51:25,39,41,2595,5433
2023-06-07 09:51:41,39,41,2595,5434
2023-06-07 09:52:25,40,41,2595,5434
2023-06-07 09:52:32,41,42,2635,5474
2023-06-07 09:52:32,41,42,2675,5514
2023-06-07 09:52:37,40,42,2675,5514
2023-06-07 09:52:52,41,42,2675,5514
2023-06-07 09:53:04,41,43,2715,5554
2023-06-07 09:53:59,42,43,2715,5554
2023-06-07 09:54:04,43,44,2755,5594
2023-06-07 09:54:20,44,45,2795,5634
2023-06-07 09:54:24,43,45,2795,5634
2023-06-07 09:54:29,44,45,2795,5634
2023-06-07 09:54:31,43,45,2795,5634
2023-06-07 09:54:33,44,45,2795,5634
2023-06-07 09:54:36,43,45,2795,5634
2023-06-07 09:54:37,44,45,2795,5634
2023-06-07 09:54:38,43,45,2795,5634
2023-06-07 09:54:41,44,45,2795,5634
2023-06-07 09:54:44,43,45,2795,5634
2023-06-07 09:54:59,44,45,2795,5634
2023-06-07 09:56:03,43,45,2795,5634
2023-06-07 09:56:45,44,45,2795,5634
2023-06-07 09:57:33,45,46,2835,5674
2023-06-07 09:58:02,44,46,2835,5674
2023-06-07 09:58:02,44,46,2835,5749
2023-06-07 09:58:21,45,46,2835,5749
2023-06-07 09:59:17,44,46,2835,5749
2023-06-07 09:59:22,45,46,2835,5749
2023-06-07 10:00:09,44,46,2835,5749
2023-06-07 10:00:09,44,46,2835,5974
2023-06-07 10:00:34,44,45,2835,5974
2023-06-07 10:02:22,45,46,2848,5987
2023-06-07 10:02:26,46,47,2888,6027
2023-06-07 10:03:21,47,48,2948,6087
2023-06-07 10:03:43,48,49,2978,6117
2023-06-07 10:03:43,47,49,3148,6287
2023-06-07 10:03:43,47,48,3148,6287
2023-06-07 10:05:15,48,49,3318,6457
2023-06-07 10:05:17,48,49,3318,6657
2023-06-07 10:05:40,48,49,3318,6857
2023-06-07 10:05:44,48,49,3318,7007
2023-06-07 10:05:47,48,49,3348,7037
2023-06-07 10:10:51,48,49,3348,7237
2023-06-07 10:10:53,47,48,3348,7287
2023-06-07 10:11:05,47,49,3348,7287
2023-06-07 10:11:05,48,49,3348,7287
2023-06-07 10:12:02,47,49,3348,7287
2023-06-07 10:12:05,47,49,3348,7362
2023-06-07 10:13:07,48,49,3348,7362
2023-06-07 10:14:03,49,50,3378,7417
2023-06-07 10:14:54,48,50,3378,7417
2023-06-07 10:14:54,48,50,3388,7492
2023-06-07 10:14:55,49,50,3388,7492
2023-06-07 10:15:12,49,50,3423,7537
2023-06-07 10:16:31,49,50,3423,7837
2023-06-07 10:17:16,50,51,3483,7897
2023-06-07 10:18:12,49,51,3483,7897
2023-06-07 10:18:19,50,51,3483,7897
2023-06-07 10:18:27,49,51,3483,7897
2023-06-07 10:18:28,50,51,3483,7897
2023-06-07 10:19:28,49,51,3483,7972
2023-06-07 10:19:38,49,51,3608,8357
2023-06-07 10:20:30,50,51,3608,8357
2023-06-07 10:21:05,49,51,3608,8357
2023-06-07 10:21:05,50,51,3608,8357
2023-06-07 10:21:32,49,51,3608,8357
2023-06-07 10:21:32,50,51,3608,8357
2023-06-07 10:21:34,50,51,3683,8432
2023-06-07 10:22:39,51,52,3713,8487
2023-06-07 10:23:06,50,52,3713,8487
2023-06-07 10:24:20,50,51,3713,8487
2023-06-07 10:25:40,49,50,3714,8518
2023-06-07 10:25:40,49,51,3714,8518
2023-06-07 10:25:41,50,51,3714,8518
2023-06-07 10:25:41,49,51,3794,8718
2023-06-07 10:25:42,48,49,3941,8865
2023-06-07 10:25:42,48,51,3941,8865
2023-06-07 10:25:43,48,51,3941,9065
2023-06-07 10:25:44,48,51,4141,9265
2023-06-07 10:25:45,48,50,4141,9265
2023-06-07 10:26:07,48,50,4141,9415
2023-06-07 10:26:08,49,50,4141,9415
2023-06-07 10:26:23,50,51,4171,9445
2023-06-07 10:26:43,50,52,4226,9550
2023-06-07 10:27:12,50,51,4226,9550
2023-06-07 10:27:20,50,52,4226,9550
2023-06-07 10:27:25,51,52,4226,9550
2023-06-07 10:27:27,50,51,4301,9625
2023-06-07 10:27:28,50,52,4301,9625
2023-06-07 10:27:55,50,51,4301,9625
2023-06-07 10:29:24,50,52,4301,9825
2023-06-07 10:30:25,51,52,4301,9825
2023-06-07 10:30:57,51,52,4634,10158
2023-06-07 10:32:29,52,53,4634,10188
2023-06-07 10:32:29,51,53,4634,10188
2023-06-07 10:32:35,52,53,4634,10188
2023-06-07 10:32:35,52,53,4634,10308
2023-06-07 10:32:36,51,53,4634,10308
2023-06-07 10:33:01,52,53,4634,10308
2023-06-07 10:33:14,52,53,4634,10353
2023-06-07 10:33:14,52,53,4634,10398
2023-06-07 10:34:16,51,53,4634,10398
2023-06-07 10:34:18,52,53,4634,10398
2023-06-07 10:34:46,51,53,4634,10398
2023-06-07 10:34:46,52,53,4634,10398
2023-06-07 10:35:05,51,52,4709,10473
2023-06-07 10:35:06,51,53,4709,10473
2023-06-07 10:35:06,51,52,4709,10473
2023-06-07 10:35:06,50,52,4709,10503
2023-06-07 10:35:19,50,51,4709,10503
2023-06-07 10:35:34,50,51,4709,10553
2023-06-07 10:35:50,48,49,4639,10623
2023-06-07 10:35:51,49,50,4634,10628
2023-06-07 10:35:51,48,50,4634,10628
2023-06-07 10:37:03,46,50,5043,11545
2023-06-07 10:37:04,46,49,5043,11545
2023-06-07 10:37:27,46,48,5043,11545
2023-06-07 10:37:27,48,49,4893,11695
2023-06-07 10:37:27,46,49,4893,11695
2023-06-07 10:37:28,47,49,4893,11695
2023-06-07 10:37:35,46,49,4893,11695
2023-06-07 10:37:36,46,48,4893,11695
2023-06-07 10:37:51,45,48,5043,11905
2023-06-07 10:37:52,47,48,5043,11905
2023-06-07 10:37:55,45,48,5118,11980
2023-06-07 10:37:56,45,47,5118,11980
2023-06-07 10:38:01,46,47,5118,11980
2023-06-07 10:38:04,45,48,5118,11980
2023-06-07 10:38:04,45,47,5118,11980
2023-06-07 10:38:28,46,47,5118,11980
2023-06-07 10:39:31,47,48,4968,12160
2023-06-07 10:39:32,46,48,4968,12160
2023-06-07 10:39:38,48,49,5096,12288
2023-06-07 10:39:58,49,50,5096,12468
2023-06-07 10:39:58,48,50,5096,12468
2023-06-07 10:40:11,48,49,5096,12468
2023-06-07 10:40:49,47,48,4994,12648
2023-06-07 10:40:50,47,49,4994,12648
2023-06-07 10:43:01,46,47,5144,12828
2023-06-07 10:43:02,46,48,5144,12828
2023-06-07 10:43:05,46,49,5144,12828
2023-06-07 10:43:05,46,47,5144,12828
2023-06-07 10:44:01,46,48,5144,12828
2023-06-07 10:44:03,46,47,5144,12828
2023-06-07 10:44:09,45,47,5171,12915
2023-06-07 10:44:15,44,45,5171,12920
2023-06-07 10:44:15,44,45,5101,12990
2023-06-07 10:44:52,44,45,5126,13020
2023-06-07 10:45:01,43,45,5126,13020
2023-06-07 10:45:10,44,45,5126,13020
2023-06-07 10:45:15,43,45,5126,13020
2023-06-07 10:45:36,44,45,5126,13020
2023-06-07 10:45:47,45,47,5126,13055
2023-06-07 10:45:47,45,47,5126,13085
2023-06-07 10:46:04,46,47,5126,13085
2023-06-07 10:46:04,46,47,5126,13115
2023-06-07 10:46:09,45,47,5126,13115
2023-06-07 10:46:09,47,48,5156,13145
2023-06-07 10:46:13,45,48,5156,13145
2023-06-07 10:47:02,45,47,5156,13145
2023-06-07 10:47:28,45,48,5156,13145
2023-06-07 10:47:56,46,48,5156,13145
2023-06-07 10:48:35,47,48,5156,13145
2023-06-07 10:48:46,46,48,5156,13145
2023-06-07 10:49:05,46,47,5156,13145
2023-06-07 10:49:56,46,48,5156,13145
2023-06-07 10:49:57,46,48,5156,13175
2023-06-07 10:49:59,46,47,5156,13175
2023-06-07 10:50:12,45,47,5156,13175
2023-06-07 10:50:12,45,46,5156,13175
2023-06-07 10:50:12,44,46,5156,13205
2023-06-07 10:51:06,46,47,5186,13235
2023-06-07 10:51:26,46,47,5236,13285
2023-06-07 10:51:41,44,47,5236,13285
2023-06-07 10:51:42,44,46,5236,13285
2023-06-07 10:52:01,44,45,5236,13285
2023-06-07 10:52:17,42,44,5176,13348
2023-06-07 10:52:30,42,43,5176,13348
2023-06-07 10:52:39,42,43,5176,13378
2023-06-07 10:52:39,42,43,5176,13448
2023-06-07 10:52:42,40,42,5176,13528
2023-06-07 10:52:43,40,43,5176,13528
2023-06-07 10:52:50,40,42,5176,13528
2023-06-07 10:53:02,41,42,5176,13528
2023-06-07 10:53:04,40,42,5176,13528
2023-06-07 10:53:23,41,42,5176,13528
2023-06-07 10:53:29,42,43,5206,13558
2023-06-07 10:53:40,43,44,5206,13588
2023-06-07 10:53:40,42,44,5206,13588
2023-06-07 10:53:59,43,44,5206,13588
2023-06-07 10:54:10,42,44,5206,13588
2023-06-07 10:54:14,42,44,5239,13921
2023-06-07 10:54:31,43,44,5239,13921
2023-06-07 10:55:26,44,45,5266,13948
2023-06-07 10:56:22,43,45,5266,13948
2023-06-07 10:57:13,43,44,5266,13948
2023-06-07 10:57:17,43,45,5266,13948
2023-06-07 10:57:18,43,44,5266,13948
2023-06-07 10:57:19,43,45,5266,13948
2023-06-07 10:57:32,43,44,5266,13948
2023-06-07 10:57:33,43,45,5266,13948
2023-06-07 10:57:36,43,44,5266,13948
2023-06-07 10:57:38,43,45,5266,13948
2023-06-07 10:58:11,43,45,5296,14018
2023-06-07 10:58:19,43,44,5296,14018
2023-06-07 10:58:21,43,45,5296,14018
2023-06-07 10:58:31,44,45,5296,14018
2023-06-07 10:59:01,46,47,5326,14048
2023-06-07 10:59:02,46,47,5356,14078
2023-06-07 10:59:21,46,48,5531,14278
2023-06-07 10:59:38,47,48,5531,14278
2023-06-07 10:59:38,48,49,5531,14308
2023-06-07 10:59:38,47,49,5531,14308
2023-06-07 11:00:24,48,49,5531,14308
2023-06-07 11:00:38,48,49,5561,14338
2023-06-07 11:01:21,47,49,5561,14338
2023-06-07 11:01:23,48,49,5561,14338
2023-06-07 11:01:49,47,49,5561,14338
2023-06-07 11:02:41,48,49,5561,14338
2023-06-07 11:02:42,49,50,5561,14368
2023-06-07 11:02:42,48,50,5561,14368
2023-06-07 11:02:42,48,49,5561,14368
2023-06-07 11:02:43,49,50,5561,14428
2023-06-07 11:02:46,49,50,5561,14628
2023-06-07 11:02:50,50,51,5561,14698
2023-06-07 11:02:50,49,51,5561,14698
2023-06-07 11:03:29,50,51,5561,14698
2023-06-07 11:03:35,51,52,5583,14728
2023-06-07 11:03:35,50,52,5583,14728
2023-06-07 11:03:58,51,52,5583,14728
2023-06-07 11:03:58,51,52,5613,14758
2023-06-07 11:04:55,50,52,5613,14758
2023-06-07 11:05:01,50,52,5813,14958
2023-06-07 11:05:02,51,52,5813,14958
2023-06-07 11:05:17,52,53,5843,14988
2023-06-07 11:05:17,51,53,5843,14988
2023-06-07 11:05:40,52,53,5843,14988
2023-06-07 11:05:56,51,53,5843,14988
2023-06-07 11:06:01,52,53,5843,14988
2023-06-07 11:06:12,51,53,5843,14988
2023-06-07 11:06:13,51,52,5843,14988
2023-06-07 11:06:13,50,52,5843,15018
2023-06-07 11:06:13,51,52,5843,15018
2023-06-07 11:06:13,51,53,5843,15018
2023-06-07 11:07:51,51,52,5843,15018
2023-06-07 11:08:01,49,51,5813,15048
2023-06-07 11:08:05,50,51,5813,15048
2023-06-07 11:08:06,49,51,5813,15048
2023-06-07 11:08:10,50,51,5813,15048
2023-06-07 11:08:11,49,51,5813,15048
2023-06-07 11:08:17,49,51,5812,15049
2023-06-07 11:08:21,50,51,5812,15049
2023-06-07 11:08:27,49,51,5812,15049
2023-06-07 11:08:28,50,51,5812,15049
2023-06-07 11:08:54,51,52,5842,15079
2023-06-07 11:09:52,52,53,5872,15109
2023-06-07 11:10:50,50,53,5872,15109
2023-06-07 11:10:54,50,52,5872,15109
2023-06-07 11:11:47,50,51,5872,15109
2023-06-07 11:12:45,50,52,5872,15109
2023-06-07 11:12:58,50,51,5872,15109
2023-06-07 11:13:01,49,50,5812,15169
2023-06-07 11:13:45,50,51,5842,15199
2023-06-07 11:14:44,50,52,5942,15299
2023-06-07 11:14:45,51,52,5942,15299
2023-06-07 11:15:32,50,52,5942,15299
2023-06-07 11:16:34,50,51,5942,15299
2023-06-07 11:16:59,49,50,5912,15339
2023-06-07 11:17:57,49,51,5912,15339
2023-06-07 11:17:58,49,50,5912,15339
2023-06-07 11:18:01,48,49,5762,15489
2023-06-07 11:18:27,47,48,5720,15589
2023-06-07 11:18:28,47,49,5720,15589
2023-06-07 11:18:34,48,49,5720,15589
2023-06-07 11:19:39,48,51,6130,15999
2023-06-07 11:19:52,49,51,6130,15999
2023-06-07 11:20:11,49,50,6130,15999
2023-06-07 11:20:24,48,49,6130,16029
2023-06-07 11:20:24,48,50,6130,16029
2023-06-07 11:20:31,48,51,6130,16029
2023-06-07 11:20:31,49,51,6130,16029
2023-06-07 11:20:47,50,51,6130,16029
2023-06-07 11:20:59,50,53,6540,16439
2023-06-07 11:21:29,51,53,6540,16439
2023-06-07 11:21:50,51,53,6240,16739
2023-06-07 11:22:33,51,52,6240,16739
2023-06-07 11:22:39,51,52,6260,16759
2023-06-07 11:22:41,49,50,5880,17139
2023-06-07 11:22:48,48,50,5880,17139
2023-06-07 11:22:50,49,50,5880,17139
2023-06-07 11:22:51,48,50,5880,17139
2023-06-07 11:22:53,49,50,5880,17139
2023-06-07 11:22:57,48,50,5880,17139
2023-06-07 11:23:11,49,50,5880,17139
2023-06-07 11:24:25,48,49,5883,17142
2023-06-07 11:24:25,48,50,5883,17142
2023-06-07 11:24:38,46,50,5883,17142
2023-06-07 11:24:42,47,50,5883,17142
2023-06-07 11:24:43,46,50,5883,17142
2023-06-07 11:24:49,47,50,5883,17142
2023-06-07 11:24:52,48,50,5883,17142
2023-06-07 11:24:53,47,50,5883,17142
2023-06-07 11:24:55,48,50,5883,17142
2023-06-07 11:25:01,47,50,5883,17142
2023-06-07 11:25:10,48,50,5883,17142
2023-06-07 11:25:23,47,50,5883,17142
2023-06-07 11:25:30,46,50,5883,17142
2023-06-07 11:25:36,47,50,5883,17142
2023-06-07 11:25:45,48,50,5883,17142
2023-06-07 11:25:52,49,50,5883,17142
2023-06-07 11:26:01,50,51,5773,17282
2023-06-07 11:26:03,49,51,5773,17282
2023-06-07 11:26:03,50,51,5773,17282
2023-06-07 11:27:01,49,51,5773,17282
2023-06-07 11:27:03,51,52,5863,17372
2023-06-07 11:27:27,50,52,5863,17372
2023-06-07 11:27:37,51,52,5863,17372
2023-06-07 11:27:41,51,53,5893,17402
2023-06-07 11:27:47,53,54,6043,17561
2023-06-07 11:29:05,53,55,6343,17861
2023-06-07 11:29:37,54,55,6343,17861
2023-06-07 11:29:39,53,55,6343,17861
2023-06-07 11:29:40,54,55,6343,17861
2023-06-07 11:29:40,56,57,6723,18241
2023-06-07 11:29:40,56,57,6753,18271
2023-06-07 11:30:06,54,57,6753,18271
2023-06-07 11:30:06,54,56,6753,18271
2023-06-07 11:30:18,55,56,6753,18271
2023-06-07 11:30:31,55,57,6753,18271
2023-06-07 11:30:32,56,57,6753,18271
2023-06-07 11:30:58,57,58,6783,18301
2023-06-07 11:31:04,57,58,6902,18501
2023-06-07 11:31:06,57,59,7182,18801
2023-06-07 11:31:07,58,59,7182,18801
2023-06-07 11:31:35,57,59,7182,18801
2023-06-07 11:31:37,57,59,7282,18901
2023-06-07 11:31:44,58,59,7282,18901
2023-06-07 11:31:46,57,59,7282,18901
2023-06-07 11:31:50,58,59,7282,18901
2023-06-07 11:32:00,57,59,7282,18901
2023-06-07 11:32:16,58,59,7282,18901
2023-06-07 11:32:17,57,59,7282,18901
2023-06-07 11:32:22,58,59,7282,18901
2023-06-07 11:32:28,57,59,7282,18901
2023-06-07 11:32:32,58,59,7282,18901
2023-06-07 11:33:10,59,60,7282,18931
2023-06-07 11:34:24,59,60,7482,19131
2023-06-07 11:34:35,60,61,7482,19161
2023-06-07 11:34:36,59,61,7482,19161
2023-06-07 11:34:37,60,61,7482,19161
2023-06-07 11:34:51,59,61,7482,19161
2023-06-07 11:34:52,60,61,7482,19161
2023-06-07 11:34:53,59,61,7482,19161
2023-06-07 11:37:29,58,59,7422,19221
2023-06-07 11:37:37,59,61,7382,19261
2023-06-07 11:37:42,58,61,7382,19261
2023-06-07 11:37:42,58,60,7382,19261
2023-06-07 11:38:29,58,59,7382,19261
2023-06-07 11:38:47,57,58,7292,19351
2023-06-07 11:39:09,56,58,7192,19451
2023-06-07 11:39:19,57,58,7192,19451
2023-06-07 11:39:24,56,58,7192,19451
2023-06-07 11:39:28,57,58,7192,19451
2023-06-07 11:39:28,56,58,7073,19651
2023-06-07 11:40:11,56,57,7073,19651
2023-06-07 11:40:47,55,57,7073,19651
2023-06-07 11:40:58,55,56,7073,19651
2023-06-07 11:41:05,54,56,7073,20321
2023-06-07 11:42:10,53,56,7373,20821
2023-06-07 11:42:10,53,55,7373,20821
2023-06-07 11:42:33,53,54,7373,20821
2023-06-07 11:43:34,52,54,7273,20921
2023-06-07 11:43:39,52,53,7273,20921
2023-06-07 11:43:55,50,53,7273,20921
2023-06-07 11:44:09,50,52,7273,20921
2023-06-07 11:44:12,50,52,7073,21121
2023-06-07 11:44:52,50,51,7073,21121
2023-06-07 11:44:52,49,51,7073,21181
2023-06-07 11:44:53,49,52,7073,21181
2023-06-07 11:44:56,49,51,7073,21181
2023-06-07 11:45:04,49,52,7073,21181
2023-06-07 11:45:13,50,52,7073,21181
2023-06-07 11:45:51,52,53,7103,21211
2023-06-07 11:45:53,52,53,7183,21291
2023-06-07 11:46:47,51,53,7183,21291
2023-06-07 11:46:48,51,54,7213,21321
2023-06-07 11:46:51,52,54,7213,21321
2023-06-07 11:46:51,54,55,7393,21501
2023-06-07 11:47:50,53,55,7393,21501
2023-06-07 11:48:25,53,54,7393,21501
2023-06-07 11:48:38,53,55,7393,21501
2023-06-07 11:48:53,54,55,7393,21501
2023-06-07 11:50:11,53,55,7393,21501
2023-06-07 11:50:35,54,55,7393,21501
2023-06-07 11:50:46,53,54,7493,21601
2023-06-07 11:50:53,52,53,7493,21631
2023-06-07 11:51:03,51,52,7493,21661
2023-06-07 11:51:03,51,53,7493,21661
2023-06-07 11:51:05,51,52,7493,21661
2023-06-07 11:51:06,51,52,7693,21861
2023-06-07 11:51:07,51,52,7893,22061
2023-06-07 11:51:08,49,51,7893,22211
2023-06-07 11:51:08,49,52,7893,22211
2023-06-07 11:51:09,49,51,7893,22211
2023-06-07 11:51:19,49,51,8093,22411
2023-06-07 11:51:21,49,51,8293,22611
2023-06-07 11:51:22,49,51,8393,22811
2023-06-07 11:51:26,48,49,8393,22861
2023-06-07 11:51:26,48,51,8393,22861
2023-06-07 11:51:29,48,49,8393,22861
2023-06-07 11:51:43,47,48,8393,22921
2023-06-07 11:51:43,47,49,8393,22921
2023-06-07 11:51:43,46,49,8393,22921
2023-06-07 11:51:43,45,46,8393,23071
2023-06-07 11:51:47,44,46,8393,23071
2023-06-07 11:51:51,43,44,8393,23221
2023-06-07 11:51:55,43,44,8193,23421
2023-06-07 11:52:06,43,45,8193,23421
2023-06-07 11:52:06,44,45,8193,23421
2023-06-07 11:52:13,42,45,8393,23621
2023-06-07 11:52:13,42,44,8393,23621
2023-06-07 11:52:15,42,43,8393,23621
2023-06-07 11:52:17,41,43,8393,23621
2023-06-07 11:52:38,42,43,8393,23621
2023-06-07 11:52:57,43,44,8453,23681
2023-06-07 11:53:10,42,44,8453,23681
2023-06-07 11:53:11,42,43,8453,23681
2023-06-07 11:53:38,43,44,8453,23981
2023-06-07 11:53:50,45,46,8513,24041
2023-06-07 11:53:58,43,46,8513,24041
2023-06-07 11:54:16,44,46,8513,24041
2023-06-07 11:54:47,45,46,8513,24041
2023-06-07 11:55:18,44,46,8513,24041
2023-06-07 11:55:18,44,45,8513,24041
2023-06-07 11:55:18,43,44,8483,24071
2023-06-07 11:56:16,40,43,8483,24114
2023-06-07 11:56:16,40,44,8483,24114
2023-06-07 11:56:18,41,44,8483,24114
2023-06-07 11:56:18,41,43,8483,24114
2023-06-07 11:56:34,40,43,8483,24174
2023-06-07 11:56:34,40,42,8483,24174
2023-06-07 11:56:34,40,41,8483,24174
2023-06-07 11:56:34,39,41,8548,24264
2023-06-07 11:56:35,39,40,8548,24264
2023-06-07 11:57:09,40,41,8518,24384
2023-06-07 11:57:11,39,41,8518,24384
2023-06-07 11:57:12,42,43,8578,24444
2023-06-07 11:57:12,42,43,8608,24474
2023-06-07 11:57:12,40,43,8618,24484
2023-06-07 11:57:35,40,42,8618,24484
2023-06-07 11:58:01,38,42,8618,24484
2023-06-07 11:58:01,38,41,8618,24484
2023-06-07 11:58:01,39,41,8618,24484
2023-06-07 11:58:37,39,41,8788,24654
2023-06-07 11:58:37,39,40,8788,24654
2023-06-07 11:58:37,39,41,8788,24654
2023-06-07 11:58:38,39,41,8818,24684
2023-06-07 11:59:13,38,41,8818,24684
2023-06-07 11:59:16,38,40,8818,24684
2023-06-07 11:59:27,38,41,8818,24684
2023-06-07 11:59:27,38,40,8818,24684
2023-06-07 12:00:00,40,41,8818,24714
2023-06-07 12:00:30,40,42,8843,24744
2023-06-07 12:00:37,42,43,8873,24774
2023-06-07 12:01:36,40,43,8873,24774
2023-06-07 12:01:36,41,43,8873,24774
2023-06-07 12:01:37,43,44,8903,24804
2023-06-07 12:02:03,42,44,8903,24804
2023-06-07 12:02:03,43,44,8903,24804
2023-06-07 12:02:03,43,45,9003,24904
2023-06-07 12:02:23,44,45,9003,24904
2023-06-07 12:02:42,43,45,9003,24904
2023-06-07 12:02:54,44,45,9003,24904
2023-06-07 12:03:21,44,45,9013,24914
2023-06-07 12:03:26,44,46,9033,24934
2023-06-07 12:03:26,45,46,9033,24934
2023-06-07 12:03:31,46,47,9063,24964
2023-06-07 12:04:06,46,47,9073,24974
2023-06-07 12:04:31,46,47,9083,24984
2023-06-07 12:04:32,47,48,9293,25194
2023-06-07 12:04:34,47,49,9293,25194
2023-06-07 12:04:35,47,48,9293,25194
2023-06-07 12:04:42,47,50,9043,25824
2023-06-07 12:05:04,48,50,9043,25824
2023-06-07 12:05:11,49,50,9043,25824
2023-06-07 12:05:16,49,51,8703,26694
2023-06-07 12:05:34,49,51,8903,26894
2023-06-07 12:05:34,49,51,8903,26894
2023-06-07 12:05:37,49,51,8903,26904
2023-06-07 12:05:39,49,50,8903,26904
2023-06-07 12:05:47,49,50,8933,26934
2023-06-07 12:05:52,48,50,8933,26964
2023-06-07 12:05:52,48,49,8933,26964
2023-06-07 12:07:52,49,51,8993,27024
2023-06-07 12:08:03,49,50,8993,27024
2023-06-07 12:08:05,49,50,9023,27054
2023-06-07 12:08:07,48,49,9033,27064
2023-06-07 12:08:07,48,50,9033,27064
2023-06-07 12:08:18,48,49,9033,27064
2023-06-07 12:08:18,47,49,9033,27094
2023-06-07 12:08:25,48,49,9033,27094
2023-06-07 12:08:25,48,49,9033,27212
2023-06-07 12:08:25,48,49,9033,27237
2023-06-07 12:08:51,49,50,9063,27267
2023-06-07 12:09:44,50,51,9063,27297
2023-06-07 12:09:47,51,52,9093,27327
2023-06-07 12:10:07,51,52,9293,27527
2023-06-07 12:10:09,49,52,9293,27597
2023-06-07 12:10:09,49,51,9293,27597
2023-06-07 12:10:16,49,52,9293,27597
2023-06-07 12:10:22,50,52,9293,27597
2023-06-07 12:11:42,49,50,9263,27627
2023-06-07 12:12:17,48,49,9203,27687
2023-06-07 12:12:17,45,47,8796,28094
2023-06-07 12:12:17,46,47,8796,28094
2023-06-07 12:12:22,45,47,8796,28094
2023-06-07 12:12:23,46,47,8796,28094
2023-06-07 12:12:24,45,47,8796,28094
2023-06-07 12:12:28,46,47,8796,28094
2023-06-07 12:12:33,47,49,8826,28124
2023-06-07 12:13:08,47,48,8826,28124
2023-06-07 12:13:15,47,48,8826,28224
2023-06-07 12:13:17,47,48,8826,28324
2023-06-07 12:13:20,45,48,8826,28394
2023-06-07 12:13:33,45,47,8826,28394
2023-06-07 12:14:04,46,47,8826,28394
2023-06-07 12:14:15,46,48,8826,28394
2023-06-07 12:14:16,47,48,8826,28394
2023-06-07 12:15:12,46,48,8826,28394
2023-06-07 12:15:38,47,48,8826,28394
2023-06-07 12:15:39,46,48,8826,28394
2023-06-07 12:15:40,47,48,8826,28394
2023-06-07 12:16:07,46,48,8826,28394
2023-06-07 12:16:09,47,48,8826,28394
2023-06-07 12:16:14,46,48,8826,28394
2023-06-07 12:16:16,47,48,8826,28394
2023-06-07 12:16:21,46,48,8826,28394
2023-06-07 12:16:21,45,48,8826,28424
2023-06-07 12:16:21,45,47,8826,28424
2023-06-07 12:16:21,45,46,8826,28424
2023-06-07 12:16:41,46,47,8726,28524
2023-06-07 12:16:41,46,47,8726,28564
2023-06-07 12:16:42,45,47,8726,28564
2023-06-07 12:16:46,45,48,8726,28564
2023-06-07 12:16:48,46,48,8726,28564
2023-06-07 12:16:50,45,48,8726,28564
2023-06-07 12:16:51,46,48,8726,28564
2023-06-07 12:17:47,45,48,8726,28564
2023-06-07 12:17:47,45,47,8726,28564
2023-06-07 12:18:48,45,46,8726,28564
2023-06-07 12:19:37,45,47,8726,28564
2023-06-07 12:19:37,46,47,8726,28564
2023-06-07 12:20:15,45,47,8726,28564
2023-06-07 12:20:15,45,46,8726,28564
2023-06-07 12:21:13,45,47,8726,28564
2023-06-07 12:21:14,45,46,8726,28564
2023-06-07 12:21:41,45,46,8666,28664
2023-06-07 12:21:43,44,46,8666,28664
2023-06-07 12:21:43,44,45,8666,28664
2023-06-07 12:22:09,42,45,8606,28744
2023-06-07 12:22:14,42,44,8606,28744
2023-06-07 12:22:39,40,44,8606,28744
2023-06-07 12:22:39,40,43,8606,28744
2023-06-07 12:22:56,40,42,8606,28744
2023-06-07 12:23:02,40,43,8606,28744
2023-06-07 12:23:03,40,42,8606,28744
2023-06-07 12:23:07,39,40,8351,29154
2023-06-07 12:23:09,39,41,8351,29154
2023-06-07 12:23:09,40,41,8351,29154
2023-06-07 12:23:26,38,40,8351,29214
2023-06-07 12:23:42,38,39,8351,29214
2023-06-07 12:23:47,38,40,8351,29214
2023-06-07 12:23:59,39,40,8351,29214
2023-06-07 12:23:59,39,40,8351,29314
2023-06-07 12:24:59,41,42,8376,29454
2023-06-07 12:25:41,38,42,8376,29454
2023-06-07 12:25:42,39,42,8376,29454
2023-06-07 12:25:42,39,41,8376,29454
2023-06-07 12:26:04,37,39,8351,29544
2023-06-07 12:26:11,38,39,8351,29544
2023-06-07 12:26:13,37,39,8351,29544
2023-06-07 12:26:29,38,39,8351,29544
2023-06-07 12:26:40,37,39,8351,29544
2023-06-07 12:27:07,38,39,8351,29544
2023-06-07 12:27:16,37,39,8351,29644
2023-06-07 12:27:17,37,38,8351,29644
2023-06-07 12:27:17,35,37,8351,29809
2023-06-07 12:27:56,35,37,8351,29879
2023-06-07 12:28:11,36,37,8351,29879
2023-06-07 12:28:12,35,37,8351,29879
2023-06-07 12:28:15,36,37,8351,29879
2023-06-07 12:28:16,35,37,8351,29879
2023-06-07 12:28:18,36,37,8351,29879
2023-06-07 12:29:03,36,38,8151,30079
2023-06-07 12:29:04,37,38,8151,30079
2023-06-07 12:29:04,39,40,8281,30259
2023-06-07 12:30:05,40,41,8311,30289
2023-06-07 12:30:19,39,41,8311,30289
2023-06-07 12:30:20,39,42,8411,30389
2023-06-07 12:30:20,40,42,8411,30389
2023-06-07 12:30:40,41,42,8411,30389
2023-06-07 12:31:17,42,43,8441,30419
2023-06-07 12:31:17,42,43,8641,30619
2023-06-07 12:31:52,44,45,8701,30679
2023-06-07 12:32:40,43,45,8701,30679
2023-06-07 12:32:40,43,44,8701,30679
2023-06-07 12:33:16,43,45,8701,30679
2023-06-07 12:33:17,44,45,8701,30679
2023-06-07 12:33:17,43,45,8701,30679
2023-06-07 12:33:17,44,45,8701,30679
2023-06-07 12:33:25,45,46,8701,30709
2023-06-07 12:33:28,45,47,8801,30809
2023-06-07 12:33:33,46,47,8801,30809
2023-06-07 12:33:42,47,48,8801,30839
2023-06-07 12:33:42,46,48,8801,30839
2023-06-07 12:33:44,47,48,8801,30839
2023-06-07 12:33:44,47,49,9001,31039
2023-06-07 12:34:10,47,49,9003,31041
2023-06-07 12:34:17,49,50,9003,31071
2023-06-07 12:34:17,47,50,9003,31071
2023-06-07 12:34:19,48,50,9003,31071
2023-06-07 12:34:23,50,51,9003,31221
2023-06-07 12:34:23,48,51,9003,31221
2023-06-07 12:34:23,48,50,9003,31221
2023-06-07 12:34:24,50,51,9003,31371
2023-06-07 12:34:24,48,51,9003,31371
2023-06-07 12:34:24,48,50,9003,31371
2023-06-07 12:34:27,50,51,9003,31401
2023-06-07 12:34:27,48,51,9003,31401
2023-06-07 12:34:36,49,51,9003,31401
2023-06-07 12:34:36,49,51,9103,31501
2023-06-07 12:34:40,50,51,9103,31501
2023-06-07 12:34:44,51,52,9103,31561
2023-06-07 12:34:44,50,52,9103,31561
2023-06-07 12:35:40,51,52,9103,31561
2023-06-07 12:36:25,52,53,9133,31591
2023-06-07 12:36:34,51,53,9133,31591
2023-06-07 12:36:34,51,52,9133,31591
2023-06-07 12:37:11,50,52,8937,31791
2023-06-07 12:37:11,50,51,8937,31791
2023-06-07 12:37:28,49,51,8877,31851
2023-06-07 12:37:30,48,51,8877,31851
2023-06-07 12:37:30,48,50,8877,31851
2023-06-07 12:37:30,48,50,8577,32151
2023-06-07 12:37:47,49,50,8577,32151
2023-06-07 12:37:47,49,50,8577,32221
2023-06-07 12:37:51,49,51,8577,32221
2023-06-07 12:37:51,49,50,8577,32221
2023-06-07 12:38:49,49,51,8577,32221
2023-06-07 12:39:16,49,50,8577,32221
2023-06-07 12:39:51,49,51,8677,32321
2023-06-07 12:39:51,50,51,8677,32321
2023-06-07 12:39:56,49,51,8677,32321
2023-06-07 12:40:01,50,51,8677,32321
2023-06-07 12:40:09,49,51,8677,32321
2023-06-07 12:40:45,50,51,8677,32321
2023-06-07 12:40:53,51,52,8708,32352
2023-06-07 12:41:28,52,53,8708,32382
2023-06-07 12:41:28,51,53,8708,32382
2023-06-07 12:41:28,51,52,8708,32382
2023-06-07 12:41:29,52,53,8708,32442
2023-06-07 12:41:29,51,53,8708,32442
2023-06-07 12:41:46,52,53,8708,32442
2023-06-07 12:41:48,53,54,8738,32472
2023-06-07 12:41:56,54,55,8738,32652
2023-06-07 12:41:56,53,55,8738,32652
2023-06-07 12:42:46,53,54,8738,32652
2023-06-07 12:43:17,50,54,9138,33373
2023-06-07 12:43:18,50,53,9138,33373
2023-06-07 12:43:38,51,53,9138,33373
2023-06-07 12:43:46,52,53,9138,33373
2023-06-07 12:43:47,51,53,9138,33373
2023-06-07 12:43:48,52,53,9138,33373
2023-06-07 12:43:48,54,55,9198,33433
2023-06-07 12:44:44,52,55,9198,33433
2023-06-07 12:44:49,54,55,9198,33433
2023-06-07 12:45:23,55,56,9198,33463
2023-06-07 12:45:23,54,56,9198,33463
2023-06-07 12:45:51,54,55,9198,33463
2023-06-07 12:45:51,54,55,9298,33563
2023-06-07 12:46:07,54,56,9298,33563
2023-06-07 12:46:11,54,55,9298,33563
2023-06-07 12:46:32,53,55,9298,33593
2023-06-07 12:46:32,53,54,9298,33593
2023-06-07 12:46:51,52,54,9298,33653
2023-06-07 12:47:06,53,54,9298,33653
2023-06-07 12:47:19,52,54,9298,33653
2023-06-07 12:47:33,50,52,9138,33813
2023-06-07 12:48:09,51,52,9138,33813
2023-06-07 12:48:09,51,54,9138,33813
2023-06-07 12:48:09,52,54,9138,33813
2023-06-07 12:48:24,49,54,9138,33813
2023-06-07 12:48:24,50,54,9138,33813
2023-06-07 12:48:24,50,52,9138,33813
2023-06-07 12:48:34,48,52,9138,33813
2023-06-07 12:48:34,48,50,9138,33813
2023-06-07 12:49:35,49,50,9138,33813
2023-06-07 12:50:17,48,50,9138,33813
2023-06-07 12:50:17,48,49,9138,33813
2023-06-07 12:50:17,47,49,9138,33843
2023-06-07 12:50:43,49,50,9168,33873
2023-06-07 12:51:40,48,50,9168,33873
2023-06-07 12:51:46,50,51,9198,33903
2023-06-07 12:52:20,47,51,9198,33903
2023-06-07 12:52:20,48,51,9198,33903
2023-06-07 12:52:20,48,50,9198,33903
2023-06-07 12:52:38,46,50,9198,33963
2023-06-07 12:52:38,46,49,9198,33963
2023-06-07 12:52:38,46,48,9198,33963
2023-06-07 12:53:33,46,48,9398,34163
2023-06-07 12:53:34,46,47,9398,34163
2023-06-07 12:53:35,44,46,9398,34283
2023-06-07 12:53:35,44,47,9398,34283
2023-06-07 12:53:36,44,46,9398,34283
2023-06-07 12:53:41,45,46,9398,34283
2023-06-07 12:54:27,44,45,9399,34284
2023-06-07 12:54:27,44,46,9399,34284
2023-06-07 12:54:27,44,45,9399,34284
2023-06-07 12:54:27,44,46,9399,34284
2023-06-07 12:54:28,44,45,9399,34284
2023-06-07 12:54:28,44,46,9399,34284
2023-06-07 12:54:28,44,45,9399,34284
2023-06-07 12:54:28,44,46,9399,34284
2023-06-07 12:54:28,44,45,9399,34284
2023-06-07 12:54:28,44,45,9599,34484
2023-06-07 12:54:28,44,45,9669,34554
2023-06-07 12:54:29,42,44,9699,34704
2023-06-07 12:54:29,42,45,9699,34704
2023-06-07 12:54:29,42,44,9699,34704
2023-06-07 12:54:33,41,44,9699,34704
2023-06-07 12:54:33,41,45,9699,34704
2023-06-07 12:54:33,42,45,9699,34704
2023-06-07 12:54:33,42,44,9699,34704
2023-06-07 12:54:34,42,43,9699,34704
2023-06-07 12:54:35,39,43,9699,34764
2023-06-07 12:54:35,39,42,9699,34764
2023-06-07 12:54:36,39,41,9699,34764
2023-06-07 12:54:37,39,42,9699,34764
2023-06-07 12:54:37,39,41,9699,34764
2023-06-07 12:54:38,38,41,9699,34764
2023-06-07 12:54:38,38,41,9699,34764
2023-06-07 12:54:40,38,40,9699,34764
2023-06-07 12:54:40,38,41,9699,34764
2023-06-07 12:54:42,38,40,9699,34764
2023-06-07 12:54:42,38,41,9699,34764
2023-06-07 12:54:42,38,41,9839,34964
2023-06-07 12:54:43,38,39,9839,34964
2023-06-07 12:54:43,37,39,9839,34964
2023-06-07 12:54:45,38,39,9839,34964
2023-06-07 12:54:49,37,39,9839,34964
2023-06-07 12:55:18,37,38,9839,34964
2023-06-07 12:55:33,37,39,9839,34964
2023-06-07 12:55:35,38,39,9839,34964
2023-06-07 12:55:36,37,39,9839,34964
2023-06-07 12:55:42,37,41,9869,35134
2023-06-07 12:55:43,37,42,10039,35304
2023-06-07 12:55:43,37,41,10039,35304
2023-06-07 12:55:44,39,41,10039,35304
2023-06-07 12:55:49,39,41,10039,35324
2023-06-07 12:55:55,40,41,10039,35324
2023-06-07 12:55:55,40,41,10039,35444
2023-06-07 12:56:08,39,41,10039,35444
2023-06-07 12:56:15,38,41,10039,35444
2023-06-07 12:56:15,40,41,10039,35444
2023-06-07 12:56:29,38,41,10039,35444
2023-06-07 12:56:29,37,41,10039,35444
2023-06-07 12:56:29,39,41,10039,35444
2023-06-07 12:56:32,39,40,10039,35444
2023-06-07 12:56:39,37,40,10039,35444
2023-06-07 12:56:39,38,40,10039,35444
2023-06-07 12:56:43,37,38,9979,35504
2023-06-07 12:57:03,37,39,9979,35744
2023-06-07 12:57:21,37,38,9979,35744
2023-06-07 12:57:28,37,39,9979,35744
2023-06-07 12:57:44,37,38,9979,35744
2023-06-07 12:58:03,34,36,9879,36009
2023-06-07 12:58:07,35,36,9879,36009
2023-06-07 12:58:11,34,36,9879,36009
2023-06-07 12:58:11,35,36,9879,36009
2023-06-07 12:58:49,36,38,9879,36039
2023-06-07 12:58:57,36,38,9679,36239
2023-06-07 12:58:59,38,40,9679,36269
2023-06-07 12:59:12,37,40,9679,36269
2023-06-07 12:59:16,38,40,9679,36269
2023-06-07 12:59:20,37,40,9679,36269
2023-06-07 12:59:23,38,40,9679,36269
2023-06-07 12:59:30,37,40,9679,36269
2023-06-07 13:00:10,38,40,9679,36269
2023-06-07 13:00:24,37,40,9679,36269
2023-06-07 13:00:47,38,40,9679,36269
2023-06-07 13:02:44,38,41,9679,36299
2023-06-07 13:02:45,38,40,9679,36299
2023-06-07 13:02:52,39,40,9679,36299
2023-06-07 13:03:31,38,39,9679,36329
2023-06-07 13:03:50,38,40,9304,36704
2023-06-07 13:04:33,38,39,9304,36704
2023-06-07 13:04:35,38,39,9304,36904
2023-06-07 13:04:38,38,39,9204,37004
2023-06-07 13:04:41,38,39,9104,37104
2023-06-07 13:04:41,37,39,9139,37145
2023-06-07 13:04:41,36,37,9139,37160
2023-06-07 13:06:01,35,37,9219,37240
2023-06-07 13:06:06,32,35,9219,37360
2023-06-07 13:06:08,33,35,9219,37360
2023-06-07 13:06:16,34,35,9219,37360
2023-06-07 13:06:18,34,35,9019,37560
2023-06-07 13:06:19,34,36,9019,37560
2023-06-07 13:06:19,35,36,9019,37560
2023-06-07 13:06:27,35,38,9060,37631
2023-06-07 13:06:27,36,38,9060,37631
2023-06-07 13:06:51,37,38,9060,37631
2023-06-07 13:07:01,37,40,9280,37931
2023-06-07 13:07:01,38,40,9280,37931
2023-06-07 13:07:08,39,40,9280,37931
2023-06-07 13:07:15,38,40,9280,37931
2023-06-07 13:07:17,38,39,9280,37931
2023-06-07 13:07:17,37,39,9280,37931
2023-06-07 13:07:18,37,38,9280,37931
2023-06-07 13:07:22,37,39,9280,37931
2023-06-07 13:07:45,37,38,9280,37931
2023-06-07 13:07:49,36,37,9280,37986
2023-06-07 13:08:10,37,40,9280,38016
2023-06-07 13:08:10,37,39,9280,38016
2023-06-07 13:08:12,38,39,9280,38016
2023-06-07 13:09:08,39,40,9280,38046
2023-06-07 13:09:30,39,41,9310,38181
2023-06-07 13:09:38,40,41,9310,38181
2023-06-07 13:09:44,42,43,9320,38211
2023-06-07 13:10:25,42,44,9350,38241
2023-06-07 13:10:25,43,44,9350,38241
2023-06-07 13:10:27,44,45,9380,38321
2023-06-07 13:10:46,44,46,9455,38396
2023-06-07 13:10:46,45,46,9455,38396
2023-06-07 13:11:33,45,47,9470,38411
2023-06-07 13:11:33,46,47,9470,38411
2023-06-07 13:11:35,45,47,9470,38411
2023-06-07 13:11:41,45,46,9470,38411
2023-06-07 13:11:41,45,46,9670,38611
2023-06-07 13:11:47,42,46,9640,38641
2023-06-07 13:11:47,42,44,9640,38641
2023-06-07 13:12:21,42,45,9640,38641
2023-06-07 13:12:22,43,45,9640,38641
2023-06-07 13:12:25,43,44,9640,38641
2023-06-07 13:12:26,42,44,9640,38641
2023-06-07 13:12:41,42,43,9640,38641
2023-06-07 13:12:48,42,43,9540,38741
2023-06-07 13:12:50,40,43,9540,38741
2023-06-07 13:12:50,40,42,9540,38741
2023-06-07 13:12:52,40,41,9540,38741
2023-06-07 13:12:52,38,41,9560,38941
2023-06-07 13:12:52,37,41,9560,38941
2023-06-07 13:12:52,35,41,9560,38941
2023-06-07 13:12:53,35,40,9560,38941
2023-06-07 13:12:53,35,39,9560,38941
2023-06-07 13:12:53,35,38,9560,38941
2023-06-07 13:13:13,36,38,9560,38941
2023-06-07 13:14:06,36,37,9560,38941
2023-06-07 13:14:06,35,37,9650,39031
2023-06-07 13:14:38,35,37,9600,39081
2023-06-07 13:15:04,35,36,9600,39081
2023-06-07 13:15:12,33,36,9600,39081
2023-06-07 13:15:19,33,35,9600,39081
2023-06-07 13:15:23,32,35,9660,39141
2023-06-07 13:15:23,32,36,9660,39141
2023-06-07 13:15:23,32,36,9660,39141
2023-06-07 13:15:30,33,36,9660,39141
2023-06-07 13:15:48,32,36,9660,39141
2023-06-07 13:15:49,33,36,9660,39141
2023-06-07 13:15:51,32,36,9660,39141
2023-06-07 13:15:51,32,35,9660,39141
2023-06-07 13:15:57,33,35,9660,39141
2023-06-07 13:15:58,33,35,9585,39216
2023-06-07 13:15:58,33,34,9585,39216
2023-06-07 13:15:59,32,34,9585,39216
2023-06-07 13:16:08,33,34,9585,39216
2023-06-07 13:16:10,33,34,9385,39416
2023-06-07 13:16:12,33,34,9185,39616
2023-06-07 13:16:19,33,35,9185,39646
2023-06-07 13:16:19,34,35,9185,39646
2023-06-07 13:16:23,34,35,9185,39721
2023-06-07 13:16:36,36,39,9185,39751
2023-06-07 13:16:36,38,39,9185,39751
2023-06-07 13:17:32,36,39,9185,39751
2023-06-07 13:17:32,35,39,9185,39751
2023-06-07 13:17:37,36,39,9185,39751
2023-06-07 13:17:37,36,38,9185,39751
2023-06-07 13:17:58,36,38,9385,39951
2023-06-07 13:17:58,36,37,9385,39951
2023-06-07 13:17:59,33,37,9385,39951
2023-06-07 13:17:59,34,37,9385,39951
2023-06-07 13:17:59,34,36,9385,39951
2023-06-07 13:18:10,33,34,9385,40041
2023-06-07 13:19:09,32,33,9385,40161
2023-06-07 13:19:50,31,32,9415,40191
2023-06-07 13:19:52,28,30,9415,40221
2023-06-07 13:20:07,29,30,9415,40221
2023-06-07 13:20:16,30,33,9415,40461
2023-06-07 13:20:16,30,32,9415,40461
2023-06-07 13:20:50,30,31,9415,40461
2023-06-07 13:20:53,28,31,9415,40461
2023-06-07 13:20:53,28,29,9415,40461
2023-06-07 13:20:54,27,29,9415,40461
2023-06-07 13:21:31,27,28,9415,40461
2023-06-07 13:21:35,27,28,9615,40661
2023-06-07 13:21:41,27,29,9965,41011
2023-06-07 13:22:06,27,28,9965,41011
2023-06-07 13:22:08,27,29,9965,41011
2023-06-07 13:22:12,28,29,9965,41011
2023-06-07 13:22:12,28,29,9965,41041
2023-06-07 13:22:24,30,31,9905,41101
2023-06-07 13:22:24,30,31,9905,41131
2023-06-07 13:22:24,30,31,9905,41161
2023-06-07 13:22:24,28,30,9905,41241
2023-06-07 13:22:24,29,30,9905,41241
2023-06-07 13:22:36,30,31,9885,41301
2023-06-07 13:22:55,30,31,9685,41501
2023-06-07 13:22:55,30,31,9565,41621
2023-06-07 13:23:06,29,31,9565,41621
2023-06-07 13:23:34,28,29,9555,41741
2023-06-07 13:26:16,27,28,9555,41861
2023-06-07 13:26:40,28,29,9555,41951
2023-06-07 13:26:49,29,30,9525,41981
2023-06-07 13:26:53,30,31,9525,42071
2023-06-07 13:27:06,30,31,9525,42404
2023-06-07 13:27:16,30,31,9525,42737
2023-06-07 13:27:30,31,32,9491,42781
2023-06-07 13:27:30,31,32,9491,42811
2023-06-07 13:27:31,31,34,9491,42811
2023-06-07 13:27:31,30,34,9491,42811
2023-06-07 13:27:31,32,34,9491,42811
2023-06-07 13:28:31,31,34,9491,42811
2023-06-07 13:28:41,31,33,9491,42811
2023-06-07 13:28:47,33,34,9521,42841
2023-06-07 13:28:53,34,36,9521,42871
2023-06-07 13:28:55,34,37,9521,42871
2023-06-07 13:28:55,36,37,9521,42871
2023-06-07 13:29:53,34,37,9521,42871
2023-06-07 13:29:58,35,37,9521,42871
2023-06-07 13:29:59,35,36,9521,42871
2023-06-07 13:30:00,35,36,9721,43071
2023-06-07 13:30:02,33,35,9821,43171
2023-06-07 13:30:07,30,35,9821,43171
2023-06-07 13:30:07,30,33,9821,43171
2023-06-07 13:30:10,30,34,9821,43171
2023-06-07 13:30:17,31,34,9821,43171
2023-06-07 13:30:18,32,34,9821,43171
2023-06-07 13:30:18,32,35,9821,43171
2023-06-07 13:30:37,32,34,9821,43171
2023-06-07 13:30:41,32,33,9821,43171
2023-06-07 13:30:41,31,33,9821,43171
2023-06-07 13:31:08,30,33,9821,43171
2023-06-07 13:31:11,30,32,9821,43171
2023-06-07 13:31:17,30,31,9821,43171
2023-06-07 13:31:28,29,31,9821,43171
2023-06-07 13:31:42,28,31,9821,43171
2023-06-07 13:32:01,28,30,9821,43171
2023-06-07 13:32:03,28,31,9821,43171
2023-06-07 13:32:10,28,30,9821,43171
2023-06-07 13:32:11,28,29,9821,43171
2023-06-07 13:32:16,27,29,9751,43291
2023-06-07 13:33:02,27,30,9751,43291
2023-06-07 13:33:17,27,29,9751,43291
2023-06-07 13:33:36,28,29,9751,43291
2023-06-07 13:33:38,28,29,9751,43366
2023-06-07 13:34:19,26,29,9751,43591
2023-06-07 13:34:19,26,28,9751,43591
2023-06-07 13:34:27,26,27,9751,43591
2023-06-07 13:34:33,25,27,9751,43591
2023-06-07 13:34:45,25,26,9751,43591
2023-06-07 13:35:07,25,26,9551,43791
2023-06-07 13:35:09,26,27,9551,43800
2023-06-07 13:35:14,26,28,9551,43920
2023-06-07 13:35:16,26,27,9551,43920
2023-06-07 13:35:25,26,28,9551,43920
2023-06-07 13:35:50,26,28,9751,44121
2023-06-07 13:36:18,27,28,9751,44121
2023-06-07 13:36:18,27,28,9751,44221
2023-06-07 13:36:21,26,27,9751,44371
2023-06-07 13:36:36,26,28,9761,44701
2023-06-07 13:37:01,26,27,9761,44701
2023-06-07 13:37:08,26,28,9761,44701
2023-06-07 13:37:11,26,27,9761,44701
2023-06-07 13:37:23,25,27,9761,44701
2023-06-07 13:37:23,25,26,9761,44701
2023-06-07 13:37:24,24,25,9751,44821
2023-06-07 13:37:44,22,23,9751,45031
2023-06-07 13:37:52,22,23,9551,45231
2023-06-07 13:38:04,22,24,9551,45466
2023-06-07 13:38:10,22,24,9746,45691
2023-06-07 13:38:13,23,24,9746,45691
2023-06-07 13:38:17,23,25,9746,45811
2023-06-07 13:38:18,23,26,9746,45811
2023-06-07 13:38:18,23,24,9746,45811
2023-06-07 13:39:00,22,23,9746,45901
2023-06-07 13:41:08,24,25,9746,46021
2023-06-07 13:41:09,24,25,9846,46121
2023-06-07 13:41:59,24,26,9996,46331
2023-06-07 13:42:01,24,25,9996,46331
2023-06-07 13:42:02,24,26,9996,46331
2023-06-07 13:42:05,24,25,9996,46331
2023-06-07 13:42:42,21,23,9996,46511
2023-06-07 13:42:45,22,23,9996,46511
2023-06-07 13:42:49,22,23,9896,46611
2023-06-07 13:43:05,22,24,9941,46686
2023-06-07 13:43:09,23,24,9941,46686
2023-06-07 13:43:15,23,25,9956,46791
2023-06-07 13:43:28,24,25,9956,46791
2023-06-07 13:43:34,23,25,9956,46791
2023-06-07 13:43:34,23,27,10006,46946
2023-06-07 13:43:36,23,26,10006,46946
2023-06-07 13:43:43,22,23,9893,47416
2023-06-07 13:43:52,24,25,9893,47446
2023-06-07 13:43:52,24,25,9893,47521
2023-06-07 13:43:52,24,25,9893,47551
2023-06-07 13:44:03,24,26,9893,47656
2023-06-07 13:44:17,24,27,9943,47736
2023-06-07 13:44:21,25,27,9943,47736
2023-06-07 13:44:24,28,29,10093,47916
2023-06-07 13:44:58,28,30,10093,47946
2023-06-07 13:44:59,29,30,10093,47946
2023-06-07 13:45:13,31,32,10103,47976
2023-06-07 13:45:13,29,32,10298,48171
2023-06-07 13:45:13,31,32,10298,48171
2023-06-07 13:45:14,31,33,10298,48171
2023-06-07 13:45:30,30,33,10298,48171
2023-06-07 13:45:30,32,33,10298,48171
2023-06-07 13:45:33,32,33,10298,48246
2023-06-07 13:45:40,32,34,10358,48306
2023-06-07 13:45:45,31,34,10358,48306
2023-06-07 13:45:45,31,32,10358,48306
2023-06-07 13:47:07,30,32,10346,48506
2023-06-07 13:47:07,28,32,10346,48506
2023-06-07 13:47:07,27,32,10346,48506
2023-06-07 13:47:07,27,31,10346,48506
2023-06-07 13:47:07,29,31,10346,48506
2023-06-07 13:47:10,29,30,10346,48506
2023-06-07 13:47:12,27,30,10346,48506
2023-06-07 13:47:12,27,29,10346,48506
2023-06-07 13:47:12,27,29,10366,48536
2023-06-07 13:47:33,27,28,10366,48536
2023-06-07 13:47:41,27,28,10326,48576
2023-06-07 13:47:47,27,31,10326,48576
2023-06-07 13:47:50,27,30,10326,48576
2023-06-07 13:48:30,28,30,10326,48576
2023-06-07 13:48:33,27,30,10326,48576
2023-06-07 13:48:34,28,30,10326,48576
2023-06-07 13:48:59,28,29,10326,48576
2023-06-07 13:49:16,27,29,10326,48576
2023-06-07 13:49:22,27,30,10326,48576
2023-06-07 13:49:50,27,29,10326,48576
2023-06-07 13:49:51,27,28,10326,48576
2023-06-07 13:50:03,26,28,10326,48696
2023-06-07 13:51:14,27,28,10326,48696
2023-06-07 13:51:19,26,28,10326,48696
2023-06-07 13:51:42,24,28,10326,48696
2023-06-07 13:51:45,25,28,10326,48696
2023-06-07 13:51:52,25,27,10326,48696
2023-06-07 13:52:02,26,27,10326,48696
2023-06-07 13:52:56,26,28,10326,48726
2023-06-07 13:53:06,26,27,10326,48726
2023-06-07 13:54:04,26,28,10326,48726
2023-06-07 13:54:31,26,28,10326,49059
2023-06-07 13:54:32,28,29,10249,49136
2023-06-07 13:54:32,28,30,10249,49136
2023-06-07 13:54:34,26,30,10249,49136
2023-06-07 13:54:34,27,30,10249,49136
2023-06-07 13:54:35,28,30,10249,49136
2023-06-07 13:55:24,30,31,10249,49166
2023-06-07 13:55:41,32,34,10289,49226
2023-06-07 13:55:43,32,33,10289,49226
2023-06-07 13:55:55,32,34,10339,49276
2023-06-07 13:55:55,33,34,10339,49276
2023-06-07 13:56:05,33,36,10349,49286
2023-06-07 13:56:47,34,36,10349,49286
2023-06-07 13:56:48,34,37,10379,49321
2023-06-07 13:56:48,35,37,10379,49321
2023-06-07 13:56:48,35,37,10429,49371
2023-06-07 13:57:34,35,36,10429,49371
2023-06-07 13:58:18,36,37,10379,49421
2023-06-07 13:58:36,35,36,10329,49471
2023-06-07 13:58:57,35,37,10329,49471
2023-06-07 13:58:58,36,37,10329,49471
2023-06-07 13:59:39,35,36,10279,49521
2023-06-07 14:00:04,35,37,10279,49521
2023-06-07 14:00:04,34,37,10219,49670
2023-06-07 14:00:05,34,36,10219,49670
2023-06-07 14:00:11,34,35,10219,49670
2023-06-07 14:00:13,33,35,10219,49670
2023-06-07 14:00:45,34,35,10219,49670
2023-06-07 14:00:48,34,35,10229,50003
2023-06-07 14:00:50,35,36,10214,50018
2023-06-07 14:00:56,35,37,10234,50038
2023-06-07 14:01:03,35,38,10234,50336
2023-06-07 14:01:05,35,38,10283,50385
2023-06-07 14:01:05,38,39,10384,50486
2023-06-07 14:01:49,36,39,10384,50486
2023-06-07 14:01:49,37,39,10384,50486
2023-06-07 14:02:00,36,39,10384,50486
2023-06-07 14:02:00,38,39,10384,50486
2023-06-07 14:02:14,36,39,10384,50486
2023-06-07 14:02:14,37,39,10384,50486
2023-06-07 14:02:19,36,39,10384,50486
2023-06-07 14:02:19,38,39,10384,50486
2023-06-07 14:02:47,40,41,10404,50506
2023-06-07 14:02:47,40,41,10452,50554
2023-06-07 14:03:26,39,41,10452,50554
2023-06-07 14:03:26,40,41,10452,50554
2023-06-07 14:03:37,41,43,10462,50564
2023-06-07 14:03:37,41,43,10510,50612
2023-06-07 14:03:39,42,43,10510,50612
2023-06-07 14:04:29,42,43,10510,50794
2023-06-07 14:04:29,41,43,10510,50794
2023-06-07 14:04:35,41,42,10510,50794
2023-06-07 14:04:54,42,43,10510,50804
2023-06-07 14:05:04,44,45,10520,50914
2023-06-07 14:05:04,42,45,10649,51043
2023-06-07 14:05:05,43,45,10649,51043
2023-06-07 14:05:16,42,45,10649,51043
2023-06-07 14:05:16,44,45,10649,51043
2023-06-07 14:05:53,44,47,10691,51090
2023-06-07 14:05:53,45,47,10691,51090
2023-06-07 14:05:54,46,47,10691,51090
2023-06-07 14:05:55,45,47,10691,51090
2023-06-07 14:06:06,44,47,10691,51090
2023-06-07 14:06:06,44,46,10691,51090
2023-06-07 14:06:06,44,45,10691,51090
2023-06-07 14:06:32,44,45,10691,51230
2023-06-07 14:06:34,44,46,10691,51230
2023-06-07 14:06:42,45,46,10691,51230
2023-06-07 14:06:58,45,46,10691,51277
2023-06-07 14:07:04,47,48,10711,51297
2023-06-07 14:07:13,45,48,10711,51324
2023-06-07 14:07:13,45,47,10711,51324
2023-06-07 14:07:32,46,47,10711,51324
2023-06-07 14:07:37,45,47,10711,51324
2023-06-07 14:07:41,45,46,10711,51324
2023-06-07 14:08:01,43,46,10711,51370
2023-06-07 14:08:02,43,45,10711,51370
2023-06-07 14:08:02,43,46,10711,51370
2023-06-07 14:08:02,42,46,10711,51370
2023-06-07 14:08:02,44,46,10711,51370
2023-06-07 14:08:02,44,45,10711,51370
2023-06-07 14:08:02,44,45,10665,51416
2023-06-07 14:08:02,44,45,10665,51452
2023-06-07 14:08:02,44,46,10665,51452
2023-06-07 14:08:02,44,45,10665,51488
2023-06-07 14:08:08,44,46,10665,51488
2023-06-07 14:08:11,45,46,10665,51488
2023-06-07 14:08:16,44,46,10665,51488
2023-06-07 14:08:21,44,45,10665,51488
2023-06-07 14:08:53,44,46,10665,51488
2023-06-07 14:09:02,45,46,10665,51488
2023-06-07 14:09:13,44,46,10665,51534
2023-06-07 14:09:13,44,45,10665,51534
2023-06-07 14:09:29,44,46,10665,51534
2023-06-07 14:09:30,45,46,10665,51534
2023-06-07 14:10:25,44,45,10757,51646
2023-06-07 14:10:26,39,45,10757,51666
2023-06-07 14:10:26,40,45,10757,51666
2023-06-07 14:10:26,40,42,10757,51666
2023-06-07 14:10:41,41,42,10757,51666
2023-06-07 14:10:42,41,43,10757,51666
2023-06-07 14:10:46,42,43,10757,51666
2023-06-07 14:10:53,42,44,10757,51666
2023-06-07 14:11:00,42,43,10757,51666
2023-06-07 14:11:04,41,43,10744,51679
2023-06-07 14:11:04,41,42,10744,51679
2023-06-07 14:11:08,40,42,10704,51719
2023-06-07 14:11:09,40,41,10704,51719
2023-06-07 14:11:18,40,42,10704,51719
2023-06-07 14:11:36,40,41,10704,51719
2023-06-07 14:11:47,40,42,10704,51719
2023-06-07 14:11:51,40,41,10704,51719
2023-06-07 14:11:52,38,41,10704,51772
2023-06-07 14:11:59,38,40,10704,51772
2023-06-07 14:12:02,36,40,10707,51852
2023-06-07 14:12:02,36,39,10707,51852
2023-06-07 14:12:13,36,38,10707,51852
2023-06-07 14:12:14,34,37,10707,51852
2023-06-07 14:12:17,34,36,10707,51852
2023-06-07 14:12:18,32,36,10747,51892
2023-06-07 14:12:23,32,36,10847,51992
2023-06-07 14:12:23,34,36,10847,51992
2023-06-07 14:12:23,32,36,10847,52092
2023-06-07 14:12:26,33,36,10847,52092
2023-06-07 14:12:34,33,35,10847,52092
2023-06-07 14:12:34,33,36,10847,52092
2023-06-07 14:12:40,33,35,10847,52092
2023-06-07 14:12:40,34,35,10847,52092
2023-06-07 14:12:40,34,36,10847,52092
2023-06-07 14:12:40,34,36,10857,52102
2023-06-07 14:12:44,34,35,10857,52102
2023-06-07 14:12:48,34,36,10857,52102
2023-06-07 14:12:55,34,35,10857,52102
2023-06-07 14:13:15,35,36,10714,52245
2023-06-07 14:13:15,35,36,10714,52255
2023-06-07 14:14:18,37,39,10714,52285
2023-06-07 14:14:18,37,38,10714,52285
2023-06-07 14:14:18,37,38,10764,52335
2023-06-07 14:14:18,37,38,10814,52385
2023-06-07 14:14:18,37,39,10814,52385
2023-06-07 14:14:53,38,39,10804,52395
2023-06-07 14:14:53,37,39,10804,52395
2023-06-07 14:14:56,38,39,10804,52395
2023-06-07 14:15:10,40,41,10821,52415
2023-06-07 14:15:16,40,42,10821,52415
2023-06-07 14:15:16,40,41,10821,52415
2023-06-07 14:15:23,40,43,10831,52425
2023-06-07 14:15:46,41,43,10831,52425
2023-06-07 14:15:52,41,43,10834,52428
2023-06-07 14:15:58,43,44,10841,52435
2023-06-07 14:16:06,41,44,10841,52435
2023-06-07 14:16:16,41,43,10841,52435
2023-06-07 14:16:20,41,42,10841,52435
2023-06-07 14:16:22,41,43,10841,52435
2023-06-07 14:16:22,39,43,10841,52435
2023-06-07 14:16:26,40,43,10841,52435
2023-06-07 14:16:31,41,43,10841,52435
2023-06-07 14:16:31,41,44,10841,52435
2023-06-07 14:16:36,39,44,10841,52435
2023-06-07 14:16:36,39,42,10841,52435
2023-06-07 14:16:37,38,42,10841,52435
2023-06-07 14:16:37,38,41,10841,52435
2023-06-07 14:16:37,38,41,10844,52475
2023-06-07 14:16:37,39,41,10844,52475
2023-06-07 14:17:00,39,42,10844,52475
2023-06-07 14:17:00,40,42,10844,52475
2023-06-07 14:17:01,39,42,10844,52475
2023-06-07 14:17:01,41,42,10844,52475
2023-06-07 14:17:29,42,44,10841,52485
2023-06-07 14:17:29,41,44,10841,52485
2023-06-07 14:17:29,43,44,10841,52485
2023-06-07 14:17:49,43,45,10851,52495
2023-06-07 14:17:49,44,45,10851,52495
2023-06-07 14:17:58,42,45,10851,52495
2023-06-07 14:17:58,41,45,10851,52495
2023-06-07 14:17:58,43,45,10851,52495
2023-06-07 14:18:23,42,45,10851,52495
2023-06-07 14:18:23,44,45,10851,52495
2023-06-07 14:18:30,42,45,10851,52495
2023-06-07 14:18:30,43,45,10851,52495
2023-06-07 14:18:38,43,44,10851,52495
2023-06-07 14:18:39,41,44,10851,52495
2023-06-07 14:18:39,42,44,10851,52495
2023-06-07 14:18:47,43,44,10851,52495
2023-06-07 14:18:55,43,45,10851,52495
2023-06-07 14:18:56,44,45,10851,52495
2023-06-07 14:18:56,44,45,10851,52498
2023-06-07 14:19:51,44,46,10861,52508
2023-06-07 14:19:52,43,46,10861,52508
2023-06-07 14:19:52,45,46,10861,52508
2023-06-07 14:19:55,46,47,10861,52518
2023-06-07 14:19:55,45,47,10861,52518
2023-06-07 14:20:00,46,47,10861,52518
2023-06-07 14:20:09,47,48,10861,52528
2023-06-07 14:20:09,46,48,10861,52528
2023-06-07 14:20:12,45,48,10861,52528
2023-06-07 14:20:12,48,49,10695,52704
2023-06-07 14:20:12,45,49,10695,52704
2023-06-07 14:20:12,47,49,10695,52704
2023-06-07 14:20:13,47,48,10695,52704
2023-06-07 14:20:13,48,49,10695,52854
2023-06-07 14:20:13,47,49,10695,52854
2023-06-07 14:20:21,48,49,10695,52854
2023-06-07 14:20:23,48,50,10705,52864
2023-06-07 14:20:26,49,50,10705,52864
2023-06-07 14:20:29,50,51,10705,52874
2023-06-07 14:20:29,49,51,10705,52874
2023-06-07 14:20:29,49,50,10705,52874
2023-06-07 14:20:30,50,51,10705,52884
2023-06-07 14:20:30,49,51,10705,52884
2023-06-07 14:20:35,49,52,10865,53049
2023-06-07 14:20:41,49,51,10865,53049
2023-06-07 14:20:46,49,52,10865,53049
2023-06-07 14:20:49,50,52,10865,53049
2023-06-07 14:20:56,51,52,10865,53049
2023-06-07 14:20:56,52,54,10865,53060
2023-06-07 14:20:56,51,54,10865,53060
2023-06-07 14:20:57,50,54,10865,53060
2023-06-07 14:20:57,52,54,10865,53060
2023-06-07 14:20:57,52,54,10980,53225
2023-06-07 14:21:00,52,55,10980,53225
2023-06-07 14:21:06,52,54,10980,53225
2023-06-07 14:21:09,50,54,10980,53225
2023-06-07 14:21:09,49,54,10980,53225
2023-06-07 14:21:09,51,54,10980,53225
2023-06-07 14:21:10,51,53,10980,53225
2023-06-07 14:21:11,49,53,10980,53225
2023-06-07 14:21:11,50,53,10980,53225
2023-06-07 14:21:13,50,52,10980,53225
2023-06-07 14:21:45,50,53,10980,53225
2023-06-07 14:21:54,50,52,10980,53225
2023-06-07 14:21:59,50,51,10980,53225
2023-06-07 14:22:01,49,50,10980,53235
2023-06-07 14:22:15,48,49,10980,53275
2023-06-07 14:22:15,48,50,10980,53275
2023-06-07 14:22:20,48,49,10980,53275
2023-06-07 14:22:20,47,48,10980,53305
2023-06-07 14:22:20,47,49,10980,53305
2023-06-07 14:22:21,47,49,11143,53505
2023-06-07 14:22:22,47,48,11143,53505
2023-06-07 14:22:25,47,49,11143,53505
2023-06-07 14:22:25,47,48,11143,53505
2023-06-07 14:22:32,46,48,11153,53545
2023-06-07 14:22:36,46,48,10951,53747
2023-06-07 14:22:38,46,48,10749,53949
2023-06-07 14:22:38,46,47,10749,53949
2023-06-07 14:22:39,44,47,10749,53949
2023-06-07 14:22:39,43,47,10749,53949
2023-06-07 14:22:39,45,47,10749,53949
2023-06-07 14:22:44,45,46,10749,53949
2023-06-07 14:22:54,43,46,10749,53949
2023-06-07 14:22:54,44,46,10749,53949
2023-06-07 14:22:59,44,45,10749,53949
2023-06-07 14:23:01,42,44,10748,53950
2023-06-07 14:23:07,43,44,10748,53950
2023-06-07 14:24:08,44,45,10748,53960
2023-06-07 14:24:25,46,47,10758,53970
2023-06-07 14:24:46,46,48,10889,54101
2023-06-07 14:24:47,46,49,10889,54101
2023-06-07 14:25:10,47,49,10889,54101
2023-06-07 14:25:10,47,49,10928,54140
2023-06-07 14:25:17,48,49,10928,54140
2023-06-07 14:25:19,47,49,10928,54140
2023-06-07 14:25:39,46,49,10928,54140
2023-06-07 14:25:39,46,48,10928,54140
2023-06-07 14:25:44,46,47,10928,54140
2023-06-07 14:25:49,44,47,10928,54140
2023-06-07 14:25:49,44,46,10928,54140
2023-06-07 14:25:52,44,45,10928,54140
2023-06-07 14:26:08,43,44,10918,54150
2023-06-07 14:26:29,42,44,10928,54170
2023-06-07 14:26:30,42,43,10928,54170
2023-06-07 14:26:31,39,41,10889,54229
2023-06-07 14:27:05,39,40,10889,54229
2023-06-07 14:27:09,37,38,10889,54249
2023-06-07 14:27:24,36,38,10889,54509
2023-06-07 14:27:34,35,38,10889,54509
2023-06-07 14:27:34,35,37,10889,54509
2023-06-07 14:27:48,36,37,10889,54509
2023-06-07 14:28:10,36,38,10889,54519
2023-06-07 14:28:14,36,39,10889,54789
2023-06-07 14:28:15,37,39,10889,54789
2023-06-07 14:28:23,38,39,10889,54789
2023-06-07 14:28:26,39,40,10879,54799
2023-06-07 14:28:32,39,41,10879,54809
2023-06-07 14:28:33,40,41,10879,54809
2023-06-07 14:28:36,40,43,10889,54829
2023-06-07 14:29:07,39,43,10889,54829
2023-06-07 14:29:07,39,42,10889,54829
2023-06-07 14:29:33,41,42,10889,54829
2023-06-07 14:30:31,39,42,10889,54829
2023-06-07 14:30:31,39,41,10889,54829
2023-06-07 14:30:33,39,42,10889,54829
2023-06-07 14:30:53,40,42,10889,54829
2023-06-07 14:30:55,41,42,10889,54829
2023-06-07 14:31:04,42,43,10899,54839
2023-06-07 14:31:10,41,43,10899,54839
2023-06-07 14:31:23,40,43,11047,54987
2023-06-07 14:31:24,39,43,11047,54987
2023-06-07 14:31:28,39,42,11047,54987
2023-06-07 14:31:35,39,41,11047,54987
2023-06-07 14:31:38,39,40,11047,54987
2023-06-07 14:31:43,38,40,11057,55017
2023-06-07 14:31:53,38,39,11057,55017
2023-06-07 14:31:53,37,38,11057,55057
2023-06-07 14:32:01,35,38,11057,55057
2023-06-07 14:32:06,36,38,11057,55057
2023-06-07 14:32:08,35,38,11057,55057
2023-06-07 14:32:13,35,37,11057,55057
2023-06-07 14:32:16,35,36,11057,55057
2023-06-07 14:32:16,35,37,11057,55057
2023-06-07 14:32:18,34,35,11057,55097
2023-06-07 14:32:26,33,35,11057,55097
2023-06-07 14:32:53,32,35,11057,55097
2023-06-07 14:33:00,31,35,11057,55097
2023-06-07 14:33:01,31,33,11057,55097
2023-06-07 14:33:12,32,33,11057,55097
2023-06-07 14:33:14,31,33,11057,55097
2023-06-07 14:33:15,32,33,11057,55097
2023-06-07 14:33:20,31,33,11057,55097
2023-06-07 14:33:33,30,33,11057,55097
2023-06-07 14:33:49,29,33,11057,55097
2023-06-07 14:33:52,29,32,11057,55097
2023-06-07 14:33:56,29,30,11057,55097
2023-06-07 14:33:56,28,29,11207,55247
2023-06-07 14:34:01,28,29,11304,55447
2023-06-07 14:34:13,28,29,11637,55780
2023-06-07 14:34:29,26,29,11637,55780
2023-06-07 14:34:29,26,28,11637,55780
2023-06-07 14:34:30,26,29,11637,55780
2023-06-07 14:34:30,27,29,11637,55780
2023-06-07 14:34:39,26,29,11637,55780
2023-06-07 14:34:39,26,28,11637,55780
2023-06-07 14:35:01,26,29,11637,55780
2023-06-07 14:35:01,26,27,11637,55780
2023-06-07 14:35:02,26,29,11637,55780
2023-06-07 14:35:02,26,28,11637,55780
2023-06-07 14:35:14,28,30,11637,55930
2023-06-07 14:35:18,26,30,11637,55930
2023-06-07 14:35:20,27,30,11637,55930
2023-06-07 14:35:27,27,28,11637,55930
2023-06-07 14:35:29,27,28,11819,56112
2023-06-07 14:35:29,25,26,11831,56221
2023-06-07 14:35:32,23,26,11831,56221
2023-06-07 14:35:32,23,24,11831,56221
2023-06-07 14:35:33,21,24,11831,56221
2023-06-07 14:35:33,20,24,11831,56221
2023-06-07 14:35:33,22,24,11831,56221
2023-06-07 14:35:35,20,24,11831,56221
2023-06-07 14:35:35,20,23,11831,56221
2023-06-07 14:35:35,21,23,11831,56221
2023-06-07 14:35:35,21,22,11831,56221
2023-06-07 14:35:36,21,23,11831,56221
2023-06-07 14:35:41,20,23,11831,56221
2023-06-07 14:35:41,20,24,11831,56221
2023-06-07 14:35:41,22,24,11831,56221
2023-06-07 14:35:44,21,24,11831,56221
2023-06-07 14:35:44,23,24,11831,56221
2023-06-07 14:35:45,23,25,11831,56221
2023-06-07 14:35:50,24,25,11831,56221
2023-06-07 14:35:52,24,26,11831,56221
2023-06-07 14:35:56,23,26,11831,56221
2023-06-07 14:35:56,25,26,11831,56221
2023-06-07 14:36:00,25,27,11831,56221
2023-06-07 14:36:03,25,26,11831,56221
2023-06-07 14:36:08,24,26,11871,56261
2023-06-07 14:36:10,24,27,11871,56261
2023-06-07 14:36:10,25,27,11871,56261
2023-06-07 14:36:11,24,27,11871,56261
2023-06-07 14:36:11,26,27,11871,56261
2023-06-07 14:36:11,26,27,11871,56286
2023-06-07 14:36:11,26,27,11871,56311
2023-06-07 14:36:11,26,28,11871,56311
2023-06-07 14:36:12,26,27,11871,56311
2023-06-07 14:36:14,25,27,11871,56311
2023-06-07 14:36:14,26,27,11871,56311
2023-06-07 14:36:14,27,30,11861,56321
2023-06-07 14:36:14,26,30,11861,56321
2023-06-07 14:36:14,28,30,11861,56321
2023-06-07 14:36:15,26,30,11861,56321
2023-06-07 14:36:15,27,31,11861,56321
2023-06-07 14:36:15,29,31,11861,56321
2023-06-07 14:36:15,29,30,11861,56321
2023-06-07 14:36:21,27,30,11861,56443
2023-06-07 14:36:26,26,30,11861,56443
2023-06-07 14:36:33,26,29,11861,56443
2023-06-07 14:36:35,26,30,11861,56443
2023-06-07 14:36:47,27,30,11861,56443
2023-06-07 14:36:57,28,30,11861,56443
2023-06-07 14:37:02,29,30,11861,56443
2023-06-07 14:37:15,28,30,11861,56443
2023-06-07 14:37:22,27,28,11861,56463
2023-06-07 14:37:26,27,30,11861,56796
2023-06-07 14:37:39,28,30,11861,56796
2023-06-07 14:37:46,29,30,11861,56796
2023-06-07 14:37:48,28,30,11861,56796
2023-06-07 14:37:54,30,31,11861,56908
2023-06-07 14:38:09,28,31,11861,56908
2023-06-07 14:38:32,29,31,11861,56908
2023-06-07 14:38:32,30,31,11861,56908
2023-06-07 14:38:47,30,32,11861,56918
2023-06-07 14:38:48,31,32,11861,56918
2023-06-07 14:38:56,31,34,11861,56928
2023-06-07 14:38:59,30,34,11861,56928
2023-06-07 14:38:59,30,33,11861,56928
2023-06-07 14:39:19,31,33,11861,56928
2023-06-07 14:39:21,32,33,11861,56928
2023-06-07 14:39:25,31,33,11861,56928
2023-06-07 14:40:01,30,33,11861,56928
2023-06-07 14:40:24,31,33,11861,56928
2023-06-07 14:40:34,32,33,11861,56928
2023-06-07 14:40:42,32,34,11871,56948
2023-06-07 14:40:55,31,34,11871,56948
2023-06-07 14:41:03,31,33,11871,56948
2023-06-07 14:41:06,31,32,11871,56948
2023-06-07 14:41:10,28,30,11871,56958
2023-06-07 14:41:12,27,30,11871,56958
2023-06-07 14:41:16,28,30,11871,56958
2023-06-07 14:41:18,27,30,11871,56958
2023-06-07 14:41:22,27,28,11871,56958
2023-06-07 14:41:25,28,30,11773,57056
2023-06-07 14:41:35,28,29,11773,57056
2023-06-07 14:41:39,28,30,11773,57056
2023-06-07 14:41:49,28,29,11773,57056
2023-06-07 14:41:57,27,29,11773,57056
2023-06-07 14:41:57,25,29,11773,57056
2023-06-07 14:42:00,26,29,11773,57056
2023-06-07 14:42:04,25,29,11923,57206
2023-06-07 14:42:04,25,27,11923,57206
2023-06-07 14:42:12,26,27,11923,57206
2023-06-07 14:42:12,26,29,11923,57206
2023-06-07 14:42:12,26,28,11923,57206
2023-06-07 14:42:15,27,28,11923,57206
2023-06-07 14:42:30,27,29,11923,57206
2023-06-07 14:42:40,27,31,11923,57420
2023-06-07 14:42:42,28,31,11923,57420
2023-06-07 14:43:09,28,30,11923,57420
2023-06-07 14:43:18,28,29,11923,57420
2023-06-07 14:43:29,27,29,11923,57420
2023-06-07 14:43:29,25,29,11923,57420
2023-06-07 14:43:29,25,28,11923,57420
2023-06-07 14:43:38,26,28,11923,57420
2023-06-07 14:43:46,26,27,11923,57420
2023-06-07 14:44:04,26,27,12111,57620
2023-06-07 14:44:08,26,29,12331,57840
2023-06-07 14:44:09,26,30,12331,57840
2023-06-07 14:44:13,27,30,12331,57840
2023-06-07 14:44:40,27,31,12331,57840
2023-06-07 14:44:42,28,31,12331,57840
2023-06-07 14:44:54,28,30,12331,57840
2023-06-07 14:45:01,28,29,12331,57840
2023-06-07 14:45:10,27,29,12331,57840
2023-06-07 14:45:10,25,29,12331,57840
2023-06-07 14:45:10,25,28,12331,57840
2023-06-07 14:45:18,24,25,12371,57880
2023-06-07 14:45:21,23,25,12371,57880
2023-06-07 14:45:46,22,23,12411,57920
2023-06-07 14:45:52,21,23,12571,58080
2023-06-07 14:45:54,21,23,12771,58280
2023-06-07 14:45:54,21,23,13104,58613
2023-06-07 14:45:56,21,23,13104,58813
2023-06-07 14:45:56,22,23,13104,58813
2023-06-07 14:45:57,22,23,13104,59013
2023-06-07 14:45:58,23,25,13064,59080
2023-06-07 14:45:58,22,25,13064,59080
2023-06-07 14:45:58,23,25,13064,59080
2023-06-07 14:46:03,23,25,13164,59180
2023-06-07 14:46:04,23,25,13264,59280
2023-06-07 14:46:05,23,25,13597,59613
2023-06-07 14:46:07,23,25,13697,59713
2023-06-07 14:46:09,23,25,13797,59813
2023-06-07 14:46:09,24,25,13797,59813
2023-06-07 14:46:10,23,25,13797,59813
2023-06-07 14:46:11,23,25,13897,59913
2023-06-07 14:46:13,23,27,14024,60230
2023-06-07 14:46:18,23,26,14024,60230
2023-06-07 14:46:24,24,26,14024,60230
2023-06-07 14:46:29,23,26,14024,60230
2023-06-07 14:46:42,24,26,14024,60230
2023-06-07 14:47:22,24,25,14024,60230
2023-06-07 14:47:30,23,25,14024,60230
2023-06-07 14:47:30,21,25,14024,60230
2023-06-07 14:47:32,22,25,14024,60230
2023-06-07 14:47:34,22,26,14024,60230
2023-06-07 14:47:36,22,25,14024,60230
2023-06-07 14:47:38,22,26,14024,60230
2023-06-07 14:47:39,23,26,14024,60230
2023-06-07 14:47:46,24,26,14024,60230
2023-06-07 14:47:50,25,26,14024,60230
2023-06-07 14:47:56,25,30,14024,60250
2023-06-07 14:47:56,26,30,14024,60250
2023-06-07 14:47:57,27,30,14024,60250
2023-06-07 14:47:58,28,30,14024,60250
2023-06-07 14:47:58,28,31,14024,60250
2023-06-07 14:47:59,28,30,14024,60250
2023-06-07 14:48:16,28,29,14024,60250
2023-06-07 14:48:19,27,29,14024,60250
2023-06-07 14:48:19,27,28,14024,60250
2023-06-07 14:48:21,27,29,14024,60400
2023-06-07 14:48:37,27,28,14024,60400
2023-06-07 14:48:42,27,29,14024,60400
2023-06-07 14:48:46,27,28,14024,60400
2023-06-07 14:48:56,26,27,14024,60440
2023-06-07 14:49:04,26,27,14024,60480
2023-06-07 14:49:04,24,27,14024,60480
2023-06-07 14:49:04,23,27,14024,60480
2023-06-07 14:49:04,22,27,14024,60480
2023-06-07 14:49:04,22,26,14024,60480
2023-06-07 14:49:05,24,26,14024,60480
2023-06-07 14:49:14,23,24,14034,60640
2023-06-07 14:49:14,23,26,14034,60640
2023-06-07 14:49:25,24,26,14034,60640
2023-06-07 14:49:38,23,26,14034,60640
2023-06-07 14:50:05,23,25,14034,60640
2023-06-07 14:50:09,23,24,14034,60640
2023-06-07 14:50:09,22,23,14044,60650
2023-06-07 14:50:09,22,24,14044,60650
2023-06-07 14:50:12,20,24,14044,60650
2023-06-07 14:50:14,21,24,14044,60650
2023-06-07 14:50:15,22,24,14044,60650
2023-06-07 14:50:18,22,25,14004,60690
2023-06-07 14:50:19,21,25,14004,60690
2023-06-07 14:50:28,21,24,14004,60690
2023-06-07 14:50:30,22,24,14004,60690
2023-06-07 14:50:52,22,25,13994,60700
2023-06-07 14:51:02,22,25,13994,60900
2023-06-07 14:51:09,21,22,14004,60910
2023-06-07 14:51:10,21,25,14004,60910
2023-06-07 14:51:10,21,24,14004,60910
2023-06-07 14:51:29,22,24,14004,60910
2023-06-07 14:51:38,23,24,14004,60910
2023-06-07 14:51:40,24,25,14004,60930
2023-06-07 14:51:55,23,24,14084,61010
2023-06-07 14:51:55,23,24,14124,61050
2023-06-07 14:52:04,22,24,14124,61050
2023-06-07 14:52:06,22,24,14124,61178
2023-06-07 14:52:07,23,24,14124,61178
2023-06-07 14:52:17,23,24,14224,61278
2023-06-07 14:52:17,24,25,14214,61440
2023-06-07 14:52:17,23,25,14214,61440
2023-06-07 14:52:17,24,25,14214,61440
2023-06-07 14:52:19,24,28,14214,61480
2023-06-07 14:52:19,24,27,14214,61480
2023-06-07 14:52:19,25,27,14214,61480
2023-06-07 14:52:19,26,27,14214,61480
2023-06-07 14:52:19,26,27,14224,61490
2023-06-07 14:52:19,26,28,14224,61490
2023-06-07 14:52:20,26,27,14224,61490
2023-06-07 14:52:22,25,27,14224,61490
2023-06-07 14:52:23,26,27,14224,61490
2023-06-07 14:52:27,26,28,14224,61500
2023-06-07 14:52:29,27,28,14224,61500
2023-06-07 14:52:35,28,29,14164,61560
2023-06-07 14:52:35,27,29,14164,61560
2023-06-07 14:52:42,28,29,14164,61560
2023-06-07 14:52:44,28,30,14164,61570
2023-06-07 14:52:52,28,29,14164,61570
2023-06-07 14:52:58,28,30,14164,61573
2023-06-07 14:53:02,29,30,14164,61573
2023-06-07 14:53:10,29,33,14314,61753
2023-06-07 14:53:10,29,32,14314,61753
2023-06-07 14:53:10,29,33,14314,61753
2023-06-07 14:53:10,30,33,14314,61753
2023-06-07 14:53:12,30,32,14314,61753
2023-06-07 14:53:12,30,31,14314,61753
2023-06-07 14:53:13,29,30,14314,61903
2023-06-07 14:53:13,29,31,14314,61903
2023-06-07 14:53:13,29,32,14314,61903
2023-06-07 14:53:13,29,31,14314,61903
2023-06-07 14:53:21,28,29,14354,61943
2023-06-07 14:53:21,28,31,14354,61943
2023-06-07 14:53:23,28,30,14354,61943
2023-06-07 14:53:31,27,28,14394,61983
2023-06-07 14:53:31,27,30,14394,61983
2023-06-07 14:53:36,27,31,14394,61983
2023-06-07 14:53:37,27,30,14394,61983
2023-06-07 14:53:40,27,31,14394,61983
2023-06-07 14:53:43,27,30,14394,61983
2023-06-07 14:54:12,27,29,14394,61983
2023-06-07 14:54:14,26,29,14394,61983
2023-06-07 14:54:18,27,29,14394,61983
2023-06-07 14:54:24,28,29,14394,61983
2023-06-07 14:54:45,28,30,14394,61993
2023-06-07 14:55:03,29,30,14394,61993
2023-06-07 14:55:08,29,31,14394,62003
2023-06-07 14:55:11,30,31,14394,62003
2023-06-07 14:55:12,30,32,14394,62013
2023-06-07 14:55:23,30,31,14394,62013
2023-06-07 14:55:25,29,31,14394,62013
2023-06-07 14:55:26,29,32,14394,62013
2023-06-07 14:55:32,29,31,14394,62013
2023-06-07 14:55:39,28,31,14394,62013
2023-06-07 14:55:50,28,30,14394,62013
2023-06-07 14:55:53,28,31,14394,62013
2023-06-07 14:56:08,28,30,14394,62013
2023-06-07 14:56:09,28,29,14394,62013
2023-06-07 14:56:10,27,28,14434,62053
2023-06-07 14:56:10,27,29,14434,62053
2023-06-07 14:56:11,27,28,14434,62053
2023-06-07 14:56:12,25,27,14474,62093
2023-06-07 14:56:12,25,28,14474,62093
2023-06-07 14:56:33,26,28,14474,62093
2023-06-07 14:56:35,27,28,14474,62093
2023-06-07 14:57:17,27,31,14474,62110
2023-06-07 14:57:17,28,31,14474,62110
2023-06-07 14:57:23,29,31,14474,62110
2023-06-07 14:57:32,31,32,14474,62137
2023-06-07 14:58:18,31,34,14474,62164
2023-06-07 14:58:18,32,34,14474,62164
2023-06-07 14:58:24,33,34,14474,62164
2023-06-07 14:58:29,33,36,14474,62174
2023-06-07 14:58:29,34,36,14474,62174
2023-06-07 14:58:30,35,36,14474,62174
2023-06-07 14:58:34,35,38,14474,62184
2023-06-07 14:58:38,36,38,14474,62184
2023-06-07 14:58:41,36,37,14474,62184
2023-06-07 14:58:42,35,37,14474,62184
2023-06-07 14:59:17,35,36,14474,62184
2023-06-07 14:59:17,35,37,14474,62184
2023-06-07 14:59:25,34,37,14474,62184
2023-06-07 14:59:27,34,36,14474,62184
2023-06-07 14:59:33,34,35,14474,62184
2023-06-07 14:59:36,33,35,14474,62184
2023-06-07 14:59:37,33,36,14474,62184
2023-06-07 14:59:41,33,37,14474,62184
2023-06-07 14:59:41,33,36,14474,62184
2023-06-07 14:59:47,34,36,14474,62184
2023-06-07 14:59:53,34,37,14474,62184
2023-06-07 14:59:57,35,37,14474,62184
2023-06-07 15:00:03,35,36,14474,62184
2023-06-07 15:00:04,35,37,14474,62184
2023-06-07 15:00:08,36,37,14474,62184
2023-06-07 15:00:18,37,41,14473,62185
2023-06-07 15:00:18,36,41,14473,62185
2023-06-07 15:00:18,37,41,14473,62185
2023-06-07 15:00:18,38,41,14473,62185
2023-06-07 15:00:20,37,41,14473,62185
2023-06-07 15:00:20,37,40,14473,62185
2023-06-07 15:00:27,36,40,14473,62185
2023-06-07 15:00:31,37,40,14473,62185
2023-06-07 15:00:32,38,40,14473,62185
2023-06-07 15:00:37,39,40,14473,62185
2023-06-07 15:00:41,39,42,14473,62195
2023-06-07 15:00:42,38,42,14473,62195
2023-06-07 15:00:47,39,42,14473,62195
2023-06-07 15:00:51,38,42,14473,62195
2023-06-07 15:00:53,38,41,14473,62195
2023-06-07 15:01:03,39,41,14473,62195
2023-06-07 15:01:04,39,40,14473,62195
2023-06-07 15:01:13,38,40,14513,62235
2023-06-07 15:01:14,38,39,14513,62235
2023-06-07 15:01:15,35,39,14513,62235
2023-06-07 15:01:15,35,38,14513,62235
2023-06-07 15:01:15,34,38,14513,62235
2023-06-07 15:01:15,36,38,14513,62235
2023-06-07 15:01:48,36,37,14513,62235
2023-06-07 15:01:51,35,37,14513,62235
2023-06-07 15:02:01,35,36,14513,62235
2023-06-07 15:02:03,34,36,14513,62275
2023-06-07 15:02:05,34,35,14513,62275
2023-06-07 15:02:08,33,34,14513,62315
2023-06-07 15:02:11,31,34,14513,62369
2023-06-07 15:02:17,31,33,14513,62369
2023-06-07 15:02:25,29,33,14513,62452
2023-06-07 15:02:26,30,33,14513,62452
2023-06-07 15:02:27,30,32,14513,62452
2023-06-07 15:02:30,31,32,14513,62452
2023-06-07 15:02:32,30,32,14513,62452
2023-06-07 15:02:47,31,32,14513,62452
2023-06-07 15:02:51,30,32,14513,62452
2023-06-07 15:02:52,31,32,14513,62452
2023-06-07 15:03:13,32,33,14473,62492
2023-06-07 15:03:13,31,33,14473,62492
2023-06-07 15:03:13,32,33,14473,62492
2023-06-07 15:03:17,33,34,14433,62532
2023-06-07 15:03:17,32,34,14433,62532
2023-06-07 15:03:17,33,34,14433,62532
2023-06-07 15:03:20,34,35,14393,62572
2023-06-07 15:03:20,33,35,14393,62572
2023-06-07 15:03:20,34,35,14393,62572
2023-06-07 15:03:22,35,38,14353,62612
2023-06-07 15:03:22,34,38,14353,62612
2023-06-07 15:03:22,35,38,14353,62612
2023-06-07 15:03:22,36,38,14353,62612
2023-06-07 15:03:26,37,38,14353,62612
2023-06-07 15:03:40,38,39,14323,62642
2023-06-07 15:03:40,37,39,14323,62642
2023-06-07 15:03:41,38,39,14323,62642
2023-06-07 15:03:46,37,39,14323,62642
2023-06-07 15:03:47,36,39,14323,62642
2023-06-07 15:03:54,37,39,14323,62642
2023-06-07 15:03:54,38,39,14323,62642
2023-06-07 15:03:58,39,40,14310,62655
2023-06-07 15:03:58,37,40,14310,62655
2023-06-07 15:04:06,38,40,14310,62655
2023-06-07 15:04:20,39,40,14310,62655
2023-06-07 15:04:23,39,41,14310,62669
2023-06-07 15:04:23,40,41,14310,62669
2023-06-07 15:04:26,39,41,14310,62669
2023-06-07 15:04:31,38,41,14310,62669
2023-06-07 15:04:34,37,41,14310,62669
2023-06-07 15:04:38,37,40,14310,62669
2023-06-07 15:04:44,37,39,14310,62669
2023-06-07 15:04:45,37,38,14310,62669
2023-06-07 15:04:48,34,37,14350,62709
2023-06-07 15:04:48,34,38,14350,62709
2023-06-07 15:04:48,34,37,14350,62709
2023-06-07 15:05:01,34,38,14350,62709
2023-06-07 15:05:02,35,38,14350,62709
2023-06-07 15:05:14,36,38,14350,62709
2023-06-07 15:05:15,36,39,14350,62709
2023-06-07 15:05:16,36,40,14350,62709
2023-06-07 15:05:17,37,40,14350,62709
2023-06-07 15:05:19,37,41,14350,62709
2023-06-07 15:05:19,37,40,14350,62709
2023-06-07 15:05:21,38,40,14350,62709
2023-06-07 15:05:25,38,41,14350,62709
2023-06-07 15:05:28,39,41,14350,62709
2023-06-07 15:05:31,38,41,14350,62709
2023-06-07 15:05:42,39,41,14350,62709
2023-06-07 15:05:48,38,41,14350,62709
2023-06-07 15:05:51,39,41,14350,62709
2023-06-07 15:05:52,40,41,14350,62709
2023-06-07 15:05:56,40,43,14350,62732
2023-06-07 15:06:03,40,42,14350,62732
2023-06-07 15:06:14,38,42,14350,62732
2023-06-07 15:06:18,38,40,14350,62732
2023-06-07 15:06:19,39,40,14350,62732
2023-06-07 15:06:27,40,42,14310,62772
2023-06-07 15:06:27,39,42,14310,62772
2023-06-07 15:06:27,40,42,14310,62772
2023-06-07 15:06:36,42,43,14298,62784
2023-06-07 15:06:36,40,43,14298,62784
2023-06-07 15:06:51,40,42,14298,62784
2023-06-07 15:06:55,40,41,14298,62784
2023-06-07 15:06:58,39,41,14298,62784
2023-06-07 15:06:59,39,42,14298,62784
2023-06-07 15:07:05,39,41,14298,62784
2023-06-07 15:07:09,38,41,14298,62784
2023-06-07 15:07:10,38,40,14298,62784
2023-06-07 15:07:14,38,41,14298,62784
2023-06-07 15:07:16,38,40,14298,62784
2023-06-07 15:07:23,38,41,14298,62784
2023-06-07 15:07:30,38,40,14298,62784
2023-06-07 15:07:38,38,39,14298,62784
2023-06-07 15:07:40,38,40,14298,62784
2023-06-07 15:07:44,38,39,14298,62784
2023-06-07 15:07:45,37,39,14298,62784
2023-06-07 15:07:50,37,38,14298,62784
2023-06-07 15:07:54,36,38,14298,62824
2023-06-07 15:07:54,36,37,14298,62824
2023-06-07 15:07:57,33,37,14298,62864
2023-06-07 15:07:57,33,36,14298,62864
2023-06-07 15:07:59,33,37,14298,62864
2023-06-07 15:08:07,33,36,14298,62864
2023-06-07 15:08:09,33,35,14298,62864
2023-06-07 15:08:11,33,34,14298,62864
2023-06-07 15:08:12,31,34,14298,62864
2023-06-07 15:08:19,31,33,14298,62864
2023-06-07 15:08:19,30,31,14328,62894
2023-06-07 15:08:19,30,33,14328,62894
2023-06-07 15:08:20,30,34,14328,62894
2023-06-07 15:08:22,31,34,14328,62894
2023-06-07 15:08:22,30,31,14478,63044
2023-06-07 15:08:22,30,34,14478,63044
2023-06-07 15:08:22,30,33,14478,63044
2023-06-07 15:08:24,30,34,14478,63044
2023-06-07 15:08:24,30,32,14478,63044
2023-06-07 15:08:34,30,31,14478,63044
2023-06-07 15:08:36,30,32,14478,63044
2023-06-07 15:09:12,30,31,14478,63044
2023-06-07 15:09:17,30,32,14478,63044
2023-06-07 15:09:17,30,31,14478,63044
2023-06-07 15:09:17,27,30,14478,63074
2023-06-07 15:09:17,27,31,14478,63074
2023-06-07 15:09:17,27,29,14478,63074
2023-06-07 15:09:28,27,28,14478,63074
2023-06-07 15:09:41,27,29,14488,63274
2023-06-07 15:09:42,28,29,14488,63274
2023-06-07 15:09:44,28,30,14488,63274
2023-06-07 15:10:01,28,29,14488,63274
2023-06-07 15:10:04,27,28,14528,63314
2023-06-07 15:10:04,27,29,14528,63314
2023-06-07 15:10:04,27,28,14528,63314
2023-06-07 15:10:09,25,28,14518,63334
2023-06-07 15:10:11,24,28,14518,63334
2023-06-07 15:10:12,24,27,14518,63334
2023-06-07 15:10:12,24,28,14668,63484
2023-06-07 15:10:12,25,28,14668,63484
2023-06-07 15:10:14,25,26,14668,63484
2023-06-07 15:10:14,24,26,14668,63484
2023-06-07 15:10:14,24,25,14668,63484
2023-06-07 15:10:21,23,25,14668,63524
2023-06-07 15:10:24,23,24,14668,63524
2023-06-07 15:10:27,23,25,14668,63524
2023-06-07 15:10:32,23,24,14668,63524
2023-06-07 15:10:32,22,24,14668,63534
2023-06-07 15:10:38,22,23,14668,63534
2023-06-07 15:10:43,19,23,14668,63544
2023-06-07 15:10:43,19,21,14668,63544
2023-06-07 15:10:44,19,20,14668,63544
2023-06-07 15:10:50,19,20,14668,63644
2023-06-07 15:10:52,19,20,14668,63744
2023-06-07 15:10:54,18,20,14668,63794
2023-06-07 15:10:56,16,20,14668,63794
2023-06-07 15:10:56,17,20,14668,63794
2023-06-07 15:10:56,19,20,14668,63794
2023-06-07 15:10:58,19,20,14568,63894
2023-06-07 15:10:59,18,20,14518,63944
2023-06-07 15:11:01,19,20,14518,63944
2023-06-07 15:11:05,19,20,14518,63964
2023-06-07 15:11:43,18,20,14518,63964
2023-06-07 15:11:44,18,19,14518,63964
2023-06-07 15:12:52,18,20,14518,63974
2023-06-07 15:12:53,19,20,14518,63974
2023-06-07 15:13:01,19,21,14518,64004
2023-06-07 15:13:01,20,21,14518,64004
2023-06-07 15:13:01,22,23,14438,64084
2023-06-07 15:13:05,22,24,14438,64084
2023-06-07 15:13:06,22,23,14438,64084
2023-06-07 15:13:11,22,24,14438,64124
2023-06-07 15:13:12,23,24,14438,64124
2023-06-07 15:13:31,23,24,14438,64144
2023-06-07 15:13:33,20,21,14498,64204
2023-06-07 15:13:35,19,21,14498,64204
2023-06-07 15:13:35,20,21,14498,64204
2023-06-07 15:13:35,20,23,14498,64204
2023-06-07 15:13:35,20,22,14498,64204
2023-06-07 15:13:49,19,22,14498,64204
2023-06-07 15:13:56,19,21,14498,64204
2023-06-07 15:13:59,19,22,14498,64204
2023-06-07 15:14:04,20,22,14498,64204
2023-06-07 15:14:09,19,22,14498,64204
2023-06-07 15:14:16,19,21,14498,64204
2023-06-07 15:14:21,19,20,14498,64204
2023-06-07 15:14:32,19,20,14435,64267
2023-06-07 15:14:53,19,22,14435,64277
2023-06-07 15:14:53,20,22,14435,64277
2023-06-07 15:15:05,21,22,14435,64277
2023-06-07 15:15:09,21,23,14435,64287
2023-06-07 15:15:09,22,23,14435,64287
2023-06-07 15:15:15,22,24,14435,64307
2023-06-07 15:15:15,23,24,14435,64307
2023-06-07 15:15:19,23,27,14510,64382
2023-06-07 15:15:19,24,27,14510,64382
2023-06-07 15:15:24,23,27,14510,64382
2023-06-07 15:15:26,23,26,14510,64382
2023-06-07 15:15:35,24,26,14510,64382
2023-06-07 15:15:39,25,26,14510,64382
2023-06-07 15:15:43,25,27,14510,64392
2023-06-07 15:15:43,26,27,14510,64392
2023-06-07 15:15:45,26,29,14510,64402
2023-06-07 15:15:45,27,29,14510,64402
2023-06-07 15:15:45,28,29,14510,64402
2023-06-07 15:15:48,28,29,14600,64502
2023-06-07 15:15:49,28,31,14600,64502
2023-06-07 15:15:49,27,31,14600,64502
2023-06-07 15:15:55,28,31,14600,64502
2023-06-07 15:15:56,29,31,14600,64502
2023-06-07 15:15:58,28,31,14600,64502
2023-06-07 15:16:07,28,30,14600,64502
2023-06-07 15:16:14,28,31,14600,64502
2023-06-07 15:16:17,29,31,14600,64502
2023-06-07 15:16:17,30,31,14600,64502
2023-06-07 15:16:20,30,33,14600,64512
2023-06-07 15:16:20,31,33,14600,64512
2023-06-07 15:16:20,30,33,14600,64512
2023-06-07 15:16:20,31,33,14600,64512
2023-06-07 15:16:23,31,35,14600,64515
2023-06-07 15:16:24,31,33,14600,64515
2023-06-07 15:16:25,32,33,14600,64515
2023-06-07 15:16:25,32,35,14600,64525
2023-06-07 15:16:26,31,35,14600,64525
2023-06-07 15:16:26,31,34,14600,64525
2023-06-07 15:16:33,32,34,14600,64525
2023-06-07 15:16:33,33,34,14600,64525
2023-06-07 15:16:36,33,36,14600,64535
2023-06-07 15:16:36,34,36,14600,64535
2023-06-07 15:16:36,33,36,14600,64535
2023-06-07 15:16:41,32,36,14600,64535
2023-06-07 15:16:46,31,36,14600,64535
2023-06-07 15:16:56,31,35,14600,64535
2023-06-07 15:17:00,31,33,14600,64535
2023-06-07 15:17:01,31,32,14600,64535
2023-06-07 15:17:03,31,33,14600,64535
2023-06-07 15:17:06,31,34,14600,64535
2023-06-07 15:17:11,30,34,14600,64535
2023-06-07 15:17:15,30,33,14600,64535
2023-06-07 15:17:18,30,32,14600,64535
2023-06-07 15:17:22,26,32,14600,64535
2023-06-07 15:17:22,27,32,14600,64535
2023-06-07 15:17:23,27,31,14600,64535
2023-06-07 15:17:24,27,30,14600,64535
2023-06-07 15:17:25,27,29,14600,64535
2023-06-07 15:17:28,27,28,14600,64535
2023-06-07 15:17:31,22,28,14640,64575
2023-06-07 15:17:32,22,27,14640,64575
2023-06-07 15:17:34,22,28,14640,64575
2023-06-07 15:17:35,22,25,14640,64575
2023-06-07 15:17:36,23,25,14640,64575
2023-06-07 15:17:36,24,25,14640,64575
2023-06-07 15:17:40,23,25,14640,64615
2023-06-07 15:17:41,24,25,14640,64615
2023-06-07 15:17:41,24,25,14740,64715
2023-06-07 15:17:49,24,25,14840,64815
2023-06-07 15:17:51,24,25,14940,64915
2023-06-07 15:17:53,24,25,15040,65015
2023-06-07 15:17:54,24,25,15140,65115
2023-06-07 15:17:56,24,25,15240,65215
2023-06-07 15:17:58,24,25,15340,65315
2023-06-07 15:18:00,24,25,15440,65415
2023-06-07 15:18:02,24,25,15540,65515
2023-06-07 15:18:03,24,28,15640,65615
2023-06-07 15:18:07,25,28,15640,65615
2023-06-07 15:18:10,26,28,15640,65615
2023-06-07 15:18:40,26,27,15640,65615
2023-06-07 15:18:45,26,28,15640,65615
2023-06-07 15:18:45,26,27,15640,65615
2023-06-07 15:18:45,24,27,15660,65635
2023-06-07 15:19:02,25,27,15660,65635
2023-06-07 15:19:03,26,27,15660,65635
2023-06-07 15:19:32,24,27,15660,65875
2023-06-07 15:19:33,23,27,15660,65875
2023-06-07 15:19:33,22,27,15660,65875
2023-06-07 15:19:34,22,26,15660,65875
2023-06-07 15:19:34,23,26,15660,65875
2023-06-07 15:19:34,24,26,15660,65875
2023-06-07 15:19:37,24,27,15660,65875
2023-06-07 15:19:37,23,27,15660,65875
2023-06-07 15:19:38,24,27,15660,65875
2023-06-07 15:19:38,24,26,15660,65875
2023-06-07 15:19:43,26,27,15610,65925
2023-06-07 15:19:43,24,27,15610,65925
2023-06-07 15:19:43,25,27,15610,65925
2023-06-07 15:19:43,24,27,15610,65925
2023-06-07 15:19:45,24,27,15626,65961
2023-06-07 15:19:48,24,27,15626,66161
2023-06-07 15:19:49,24,27,15626,66361
2023-06-07 15:19:49,25,27,15626,66361
2023-06-07 15:19:50,25,27,15626,66561
2023-06-07 15:19:51,25,27,15626,66761
2023-06-07 15:19:51,26,27,15626,66761
2023-06-07 15:19:52,26,27,15610,66961
2023-06-07 15:19:53,27,29,15516,67055
2023-06-07 15:19:53,26,29,15516,67055
2023-06-07 15:19:55,27,29,15516,67055
2023-06-07 15:19:58,26,29,15516,67055
2023-06-07 15:19:59,26,28,15516,67055
2023-06-07 15:20:00,26,29,15516,67055
2023-06-07 15:20:01,27,29,15516,67055
2023-06-07 15:20:01,28,29,15516,67055
2023-06-07 15:20:03,29,31,15504,67067
2023-06-07 15:20:03,28,31,15504,67067
2023-06-07 15:20:12,28,32,15504,67067
2023-06-07 15:20:12,29,32,15504,67067
2023-06-07 15:20:12,29,33,15504,67067
2023-06-07 15:20:12,30,33,15504,67067
2023-06-07 15:20:12,30,32,15504,67067
2023-06-07 15:20:13,30,33,15504,67067
2023-06-07 15:20:15,31,33,15504,67067
2023-06-07 15:20:18,33,34,15491,67080
2023-06-07 15:20:18,31,34,15491,67080
2023-06-07 15:20:21,31,35,15491,67080
2023-06-07 15:20:21,32,35,15491,67080
2023-06-07 15:20:21,33,35,15491,67080
2023-06-07 15:20:22,33,34,15491,67080
2023-06-07 15:20:22,34,35,15491,67090
2023-06-07 15:20:22,35,36,15489,67092
2023-06-07 15:20:22,34,36,15489,67092
2023-06-07 15:20:22,33,36,15489,67092
2023-06-07 15:20:22,34,36,15489,67092
2023-06-07 15:20:23,35,36,15489,67092
2023-06-07 15:20:23,36,37,15484,67097
2023-06-07 15:20:23,35,37,15484,67097
2023-06-07 15:20:24,35,38,15484,67097
2023-06-07 15:20:24,37,38,15484,67097
2023-06-07 15:20:24,38,39,15386,67195
2023-06-07 15:20:24,37,39,15386,67195
2023-06-07 15:20:25,37,39,15386,67205
2023-06-07 15:20:25,37,41,15386,67205
2023-06-07 15:20:25,38,41,15386,67205
2023-06-07 15:20:27,41,42,15386,67245
2023-06-07 15:20:28,38,42,15386,67245
2023-06-07 15:20:28,38,41,15386,67245
2023-06-07 15:20:28,40,41,15386,67245
2023-06-07 15:20:29,41,42,15376,67255
2023-06-07 15:20:29,40,42,15376,67255
2023-06-07 15:20:30,40,42,15216,67455
2023-06-07 15:20:31,42,43,15206,67465
2023-06-07 15:20:31,40,43,15206,67465
2023-06-07 15:20:31,40,42,15206,67465
2023-06-07 15:20:32,42,43,15206,67505
2023-06-07 15:20:32,40,43,15206,67505
2023-06-07 15:20:32,40,42,15206,67505
2023-06-07 15:20:33,40,43,15206,67505
2023-06-07 15:20:33,40,42,15206,67505
2023-06-07 15:20:34,42,43,15196,67515
2023-06-07 15:20:34,40,43,15196,67515
2023-06-07 15:20:35,40,42,15196,67515
2023-06-07 15:20:35,42,43,15196,67555
2023-06-07 15:20:35,40,43,15196,67555
2023-06-07 15:20:38,41,43,15196,67555
2023-06-07 15:20:39,43,44,15183,67568
2023-06-07 15:20:39,41,44,15183,67568
2023-06-07 15:20:44,40,44,15183,67568
2023-06-07 15:20:44,41,45,15183,67568
2023-06-07 15:20:44,42,45,15183,67568
2023-06-07 15:20:47,43,45,15183,67568
2023-06-07 15:20:47,45,46,15183,67608
2023-06-07 15:20:47,43,46,15183,67608
2023-06-07 15:20:48,43,45,15183,67608
2023-06-07 15:20:49,45,46,15173,67618
2023-06-07 15:20:49,43,46,15173,67618
2023-06-07 15:21:02,43,46,15163,67654
2023-06-07 15:21:06,44,46,15163,67654
2023-06-07 15:21:08,43,46,15163,67654
2023-06-07 15:21:11,43,45,15163,67654
2023-06-07 15:21:19,43,46,15163,67654
2023-06-07 15:21:22,43,45,15163,67654
2023-06-07 15:21:30,44,45,15163,67654
2023-06-07 15:21:31,44,46,15163,67654
2023-06-07 15:21:49,45,46,15163,67654
2023-06-07 15:21:54,46,47,15153,67664
2023-06-07 15:21:54,45,47,15153,67664
2023-06-07 15:21:54,44,47,15153,67664
2023-06-07 15:21:54,46,47,15153,67664
2023-06-07 15:21:55,44,47,15153,67664
2023-06-07 15:21:55,45,47,15153,67664
2023-06-07 15:22:07,44,47,15153,67704
2023-06-07 15:22:08,45,47,15153,67704
2023-06-07 15:22:22,46,47,15153,67704
2023-06-07 15:22:32,47,49,15143,67714
2023-06-07 15:22:32,46,49,15143,67714
2023-06-07 15:22:32,45,49,15143,67714
2023-06-07 15:22:32,46,49,15143,67714
2023-06-07 15:22:32,47,49,15143,67714
2023-06-07 15:22:32,46,49,15143,67714
2023-06-07 15:22:32,48,49,15143,67714
2023-06-07 15:22:40,46,47,14953,67904
2023-06-07 15:22:41,47,48,14943,67954
2023-06-07 15:22:41,46,48,14943,67954
2023-06-07 15:22:41,46,47,14943,67954
2023-06-07 15:22:42,45,47,14943,67954
2023-06-07 15:22:42,42,47,14943,67954
2023-06-07 15:22:42,44,47,14943,67954
2023-06-07 15:22:42,44,46,14943,67954
2023-06-07 15:22:43,44,45,14943,67954
2023-06-07 15:22:43,42,45,14943,67954
2023-06-07 15:22:43,43,45,14943,67954
2023-06-07 15:22:43,45,46,14943,67994
2023-06-07 15:22:43,43,46,14943,67994
2023-06-07 15:22:43,43,47,14943,67994
2023-06-07 15:22:43,43,46,14943,67994
2023-06-07 15:22:44,43,45,14943,67994
2023-06-07 15:22:46,43,46,14943,67994
2023-06-07 15:22:54,41,46,14863,68074
2023-06-07 15:22:54,41,44,14863,68074
2023-06-07 15:22:55,43,44,14863,68074
2023-06-07 15:22:56,41,44,14863,68114
2023-06-07 15:22:57,41,43,14863,68114
2023-06-07 15:22:57,40,43,14863,68114
2023-06-07 15:23:09,40,42,14863,68114
2023-06-07 15:23:11,40,43,14863,68114
2023-06-07 15:23:15,40,44,14863,68114
2023-06-07 15:23:15,40,43,14863,68114
2023-06-07 15:23:33,40,42,14863,68114
2023-06-07 15:23:33,40,41,14863,68114
2023-06-07 15:23:33,39,40,14903,68154
2023-06-07 15:23:33,39,41,14903,68154
2023-06-07 15:23:34,37,39,14943,68194
2023-06-07 15:23:34,37,41,14943,68194
2023-06-07 15:23:35,36,41,14943,68194
2023-06-07 15:23:37,36,40,14943,68194
2023-06-07 15:23:38,35,40,14943,68194
2023-06-07 15:23:38,35,39,14943,68194
2023-06-07 15:23:39,33,39,14943,68194
2023-06-07 15:23:39,33,38,14943,68194
2023-06-07 15:23:40,33,37,14943,68194
2023-06-07 15:23:41,32,37,14943,68194
2023-06-07 15:23:41,34,37,14943,68194
2023-06-07 15:23:41,32,34,14983,68234
2023-06-07 15:23:42,32,37,14983,68234
2023-06-07 15:23:42,32,36,14983,68234
2023-06-07 15:23:42,32,35,14983,68234
2023-06-07 15:23:45,32,35,15183,68434
2023-06-07 15:23:46,31,32,15223,68474
2023-06-07 15:23:46,31,35,15223,68474
2023-06-07 15:23:46,32,35,15223,68474
2023-06-07 15:23:46,32,34,15223,68474
2023-06-07 15:23:47,31,32,15233,68484
2023-06-07 15:23:47,31,34,15233,68484
2023-06-07 15:23:47,30,34,15233,68484
2023-06-07 15:23:47,31,34,15233,68484
2023-06-07 15:23:53,32,34,15233,68484
2023-06-07 15:23:54,31,32,15273,68524
2023-06-07 15:23:54,31,34,15273,68524
2023-06-07 15:23:54,32,34,15273,68524
2023-06-07 15:23:54,31,34,15273,68524
2023-06-07 15:23:55,32,34,15273,68524
2023-06-07 15:23:58,31,34,15273,68524
2023-06-07 15:24:02,31,33,15273,68524
2023-06-07 15:24:02,31,34,15273,68524
2023-06-07 15:24:05,31,33,15273,68524
2023-06-07 15:24:06,31,34,15273,68524
2023-06-07 15:24:07,32,34,15273,68524
2023-06-07 15:24:12,33,34,15273,68524
2023-06-07 15:24:16,32,34,15273,68524
2023-06-07 15:24:19,31,34,15273,68524
2023-06-07 15:24:19,31,33,15273,68524
2023-06-07 15:24:20,31,34,15273,68524
2023-06-07 15:24:20,31,32,15273,68524
2023-06-07 15:24:22,29,32,15273,68524
2023-06-07 15:24:37,30,32,15273,68524
2023-06-07 15:25:01,31,32,15273,68524
2023-06-07 15:25:21,30,31,15273,68534
2023-06-07 15:25:23,28,31,15273,68534
2023-06-07 15:25:23,28,30,15273,68534
2023-06-07 15:25:27,28,31,15273,68534
2023-06-07 15:25:27,28,30,15273,68534
2023-06-07 15:25:27,28,31,15273,68534
2023-06-07 15:25:27,28,29,15273,68534
2023-06-07 15:25:29,28,30,15273,68534
2023-06-07 15:25:29,28,29,15273,68534
2023-06-07 15:25:29,25,28,15273,68554
2023-06-07 15:25:29,25,29,15273,68554
2023-06-07 15:25:29,25,27,15273,68554
2023-06-07 15:25:31,25,29,15273,68554
2023-06-07 15:25:31,25,28,15273,68554
2023-06-07 15:25:31,25,26,15273,68554
2023-06-07 15:25:34,24,26,15273,68554
2023-06-07 15:25:34,24,28,15273,68554
2023-06-07 15:25:34,25,27,15273,68554
2023-06-07 15:25:34,25,26,15273,68554
2023-06-07 15:25:36,26,27,15273,68574
2023-06-07 15:25:37,26,29,15273,68574
2023-06-07 15:25:37,26,30,15273,68574
2023-06-07 15:25:37,26,29,15273,68574
2023-06-07 15:25:37,27,29,15273,68574
2023-06-07 15:25:39,27,30,15273,68574
2023-06-07 15:25:40,28,30,15273,68574
2023-06-07 15:25:45,27,30,15273,68574
2023-06-07 15:25:46,27,29,15273,68574
2023-06-07 15:25:54,27,28,15273,68574
2023-06-07 15:26:15,26,27,15283,68584
2023-06-07 15:26:15,26,28,15283,68584
2023-06-07 15:26:15,26,29,15283,68584
2023-06-07 15:26:15,26,27,15283,68584
2023-06-07 15:26:18,24,26,15293,68594
2023-06-07 15:26:18,24,27,15293,68594
2023-06-07 15:26:18,24,28,15293,68594
2023-06-07 15:26:19,24,26,15293,68594
2023-06-07 15:26:20,24,27,15293,68594
2023-06-07 15:26:20,24,25,15293,68594
2023-06-07 15:26:22,22,24,15328,68629
2023-06-07 15:26:22,22,25,15328,68629
2023-06-07 15:26:22,22,26,15328,68629
2023-06-07 15:26:23,22,24,15328,68629
2023-06-07 15:26:25,22,25,15328,68629
2023-06-07 15:26:25,22,23,15328,68629
2023-06-07 15:26:27,22,23,15528,68829
2023-06-07 15:26:29,20,22,15538,68839
2023-06-07 15:26:29,20,23,15538,68839
2023-06-07 15:26:29,20,24,15538,68839
2023-06-07 15:26:31,20,22,15538,68839
2023-06-07 15:26:49,21,22,15538,68839
2023-06-07 15:26:54,20,22,15538,68839
2023-06-07 15:27:01,21,22,15538,68839
2023-06-07 15:27:02,20,22,15538,68839
2023-06-07 15:27:04,20,23,15538,68909
2023-06-07 15:27:08,20,22,15538,68909
2023-06-07 15:27:08,20,23,15538,68909
2023-06-07 15:27:11,20,23,15538,68909
2023-06-07 15:27:14,20,22,15538,68909
2023-06-07 15:27:18,20,23,15713,69084
2023-06-07 15:27:19,20,22,15713,69084
2023-06-07 15:27:19,19,20,15723,69094
2023-06-07 15:27:19,19,22,15723,69094
2023-06-07 15:27:23,20,22,15723,69094
2023-06-07 15:27:23,20,23,15723,69094
2023-06-07 15:27:23,20,22,15723,69094
2023-06-07 15:27:23,19,20,15763,69134
2023-06-07 15:27:23,19,22,15763,69134
2023-06-07 15:27:24,20,22,15763,69134
2023-06-07 15:27:29,21,22,15763,69134
2023-06-07 15:27:40,19,22,15763,69134
2023-06-07 15:27:48,19,21,15763,69134
2023-06-07 15:27:53,19,22,15763,69134
2023-06-07 15:27:53,19,20,15763,69134
2023-06-07 15:28:00,19,20,15963,69334
2023-06-07 15:28:02,18,19,16013,69384
2023-06-07 15:28:02,18,20,16013,69384
2023-06-07 15:28:03,18,19,16013,69384
2023-06-07 15:28:06,15,18,16048,69419
2023-06-07 15:28:06,15,19,16048,69419
2023-06-07 15:28:07,15,18,16048,69419
2023-06-07 15:28:08,15,19,16048,69419
2023-06-07 15:28:08,15,17,16048,69419
2023-06-07 15:28:38,17,19,16028,69439
2023-06-07 15:28:38,15,19,16028,69439
2023-06-07 15:28:39,16,19,16028,69439
2023-06-07 15:28:46,16,21,16028,69509
2023-06-07 15:28:59,16,27,16068,69559
2023-06-07 15:28:59,16,26,16068,69559
2023-06-07 15:29:02,16,27,16068,69559
2023-06-07 15:29:02,18,27,16068,69559
2023-06-07 15:29:02,18,29,16068,69559
2023-06-07 15:29:02,18,28,16068,69559
2023-06-07 15:29:02,18,29,16068,69559
2023-06-07 15:29:02,18,28,16068,69559
2023-06-07 15:29:14,21,28,16068,69559
2023-06-07 15:29:16,15,28,16028,70559
2023-06-07 15:29:17,13,28,16028,70559
2023-06-07 15:29:17,13,22,16028,70559
2023-06-07 15:29:17,13,27,15828,70759
2023-06-07 15:29:19,16,27,15828,70759
2023-06-07 15:29:23,19,27,15828,70759
2023-06-07 15:29:23,20,27,15828,70759
2023-06-07 15:29:41,20,26,15828,70759
2023-06-07 15:29:43,20,25,15828,70759
2023-06-07 15:29:46,16,25,15828,70759
2023-06-07 15:29:52,16,27,15828,70769
2023-06-07 15:30:04,20,27,15828,70769
2023-06-07 15:30:05,20,25,15828,70769
2023-06-07 15:30:10,20,27,15828,70769
2023-06-07 15:30:27,20,27,15828,70869
2023-06-07 15:30:29,20,33,15828,70869
2023-06-07 15:30:29,20,29,15828,70869
2023-06-07 15:30:32,17,29,15828,70869
2023-06-07 15:30:32,23,29,15828,70869
2023-06-07 15:30:40,23,27,15828,70869
2023-06-07 15:30:42,23,25,15828,70869
2023-06-07 15:30:53,14,25,15828,70869
2023-06-07 15:30:53,21,25,15828,70869
2023-06-07 15:31:01,21,24,15828,70869
2023-06-07 15:31:04,14,24,15828,70869
2023-06-07 15:31:04,18,24,15828,70869
2023-06-07 15:31:06,18,27,15828,70869
2023-06-07 15:31:09,19,27,15828,70869
2023-06-07 15:31:21,20,27,15828,70869
2023-06-07 15:31:23,21,27,15828,70869
2023-06-07 15:31:25,22,27,15828,70869
2023-06-07 15:31:28,23,27,15828,70869
2023-06-07 15:31:29,23,29,15828,70910
2023-06-07 15:31:31,22,29,15828,70910
2023-06-07 15:31:34,23,29,15828,70910
2023-06-07 15:31:36,24,29,15828,70910
2023-06-07 15:31:37,23,29,15828,70910
2023-06-07 15:31:39,24,29,15828,70910
2023-06-07 15:31:42,23,29,15828,70910
2023-06-07 15:32:02,24,29,15828,70910
2023-06-07 15:32:02,25,29,15828,70910
2023-06-07 15:32:05,25,31,15828,70951
2023-06-07 15:32:05,25,30,15828,70951
2023-06-07 15:32:06,25,31,15828,70951
2023-06-07 15:32:07,26,31,15828,70951
2023-06-07 15:32:08,26,31,15828,71051
2023-06-07 15:32:09,26,33,15828,71051
2023-06-07 15:32:09,27,33,15828,71051
2023-06-07 15:32:09,28,33,15828,71051
2023-06-07 15:32:09,28,32,15828,71051
2023-06-07 15:32:09,28,31,15828,71051
2023-06-07 15:32:11,29,31,15828,71051
2023-06-07 15:32:12,29,33,15828,71061
2023-06-07 15:32:14,29,35,15828,71064
2023-06-07 15:32:14,29,33,15828,71064
2023-06-07 15:32:15,33,35,15818,71074
2023-06-07 15:32:15,29,35,15818,71074
2023-06-07 15:32:19,30,35,15818,71074
2023-06-07 15:32:19,31,35,15818,71074
2023-06-07 15:32:20,31,36,15818,71089
2023-06-07 15:32:20,31,39,15818,71089
2023-06-07 15:32:20,31,38,15818,71089
2023-06-07 15:32:21,32,38,15818,71089
2023-06-07 15:32:21,32,39,15858,71129
2023-06-07 15:32:23,33,39,15858,71129
2023-06-07 15:32:25,33,39,15858,71229
2023-06-07 15:32:25,32,39,15858,71229
2023-06-07 15:32:27,32,38,15858,71229
2023-06-07 15:32:27,32,39,15858,71329
2023-06-07 15:32:28,31,39,15858,71329
2023-06-07 15:32:30,32,39,15858,71329
2023-06-07 15:32:32,31,39,15858,71329
2023-06-07 15:32:39,31,37,15858,71329
2023-06-07 15:32:43,31,35,15858,71329
2023-06-07 15:32:45,27,35,15858,71329
2023-06-07 15:32:47,28,35,15858,71329
2023-06-07 15:32:54,27,35,15858,71329
2023-06-07 15:32:57,27,34,15858,71329
2023-06-07 15:32:58,27,32,15858,71329
2023-06-07 15:32:59,27,31,15858,71329
2023-06-07 15:32:59,27,32,15858,71329
2023-06-07 15:33:07,27,31,15858,71329
2023-06-07 15:33:08,27,30,15858,71329
2023-06-07 15:33:09,27,28,15858,71329
2023-06-07 15:33:10,26,27,15898,71369
2023-06-07 15:33:10,26,28,15898,71369
2023-06-07 15:33:10,26,27,15898,71369
2023-06-07 15:33:10,20,27,15938,71409
2023-06-07 15:33:11,20,26,15938,71409
2023-06-07 15:33:11,21,26,15938,71409
2023-06-07 15:33:13,22,26,15938,71409
2023-06-07 15:33:14,22,25,15938,71409
2023-06-07 15:33:15,20,22,15978,71449
2023-06-07 15:33:15,20,25,15978,71449
2023-06-07 15:33:17,20,24,15978,71449
2023-06-07 15:33:17,21,24,15978,71449
2023-06-07 15:33:18,20,21,15988,71459
2023-06-07 15:33:18,20,24,15988,71459
2023-06-07 15:33:18,20,23,15988,71459
2023-06-07 15:33:18,20,24,15988,71459
2023-06-07 15:33:19,19,20,15988,71499
2023-06-07 15:33:19,19,24,15988,71499
2023-06-07 15:33:21,19,25,15988,71499
2023-06-07 15:33:21,20,25,15988,71499
2023-06-07 15:33:21,20,24,15988,71499
2023-06-07 15:33:22,19,20,15998,71509
2023-06-07 15:33:22,19,24,15998,71509
2023-06-07 15:33:24,20,24,15998,71509
2023-06-07 15:33:24,19,20,16008,71519
2023-06-07 15:33:24,19,24,16008,71519
2023-06-07 15:33:27,19,23,16008,71519
2023-06-07 15:33:28,19,24,16008,71519
2023-06-07 15:33:34,19,23,16008,71519
2023-06-07 15:33:52,19,22,16008,71519
2023-06-07 15:33:54,19,23,16008,71519
2023-06-07 15:34:13,19,22,16008,71519
2023-06-07 15:34:18,19,23,16008,71519
2023-06-07 15:34:25,19,22,16008,71519
2023-06-07 15:34:27,19,23,16008,71519
2023-06-07 15:34:30,19,22,16008,71519
2023-06-07 15:34:32,14,19,16024,71535
2023-06-07 15:34:32,14,22,16024,71535
2023-06-07 15:34:37,14,21,16024,71535
2023-06-07 15:34:41,14,20,16024,71535
2023-06-07 15:34:41,14,21,16024,71535
2023-06-07 15:34:46,14,21,16033,71544
2023-06-07 15:34:46,17,21,16033,71544
2023-06-07 15:34:50,14,21,16033,71544
2023-06-07 15:34:50,16,21,16033,71544
2023-06-07 15:34:53,16,20,16033,71544
2023-06-07 15:34:54,16,21,16033,71544
2023-06-07 15:34:55,14,21,16033,71544
2023-06-07 15:34:55,17,21,16033,71544
2023-06-07 15:35:02,18,21,16033,71544
2023-06-07 15:35:05,17,21,16033,71544
2023-06-07 15:35:11,18,21,16033,71544
2023-06-07 15:35:15,20,21,16033,71544
2023-06-07 15:35:15,18,20,16033,71553
2023-06-07 15:35:15,18,21,16033,71553
2023-06-07 15:35:27,17,21,16033,71553
2023-06-07 15:35:27,13,21,16033,71553
2023-06-07 15:35:27,14,21,16033,71553
2023-06-07 15:35:36,15,21,16033,71553
2023-06-07 15:35:39,16,21,16033,71553
2023-06-07 15:35:40,17,21,16033,71553
2023-06-07 15:35:40,21,22,16033,71593
2023-06-07 15:35:41,21,22,16033,71615
2023-06-07 15:36:02,17,21,16093,71675
2023-06-07 15:36:02,17,22,16093,71675
2023-06-07 15:36:05,18,22,16093,71675
2023-06-07 15:36:06,19,22,16093,71675
2023-06-07 15:36:08,18,22,16093,71675
2023-06-07 15:36:12,19,22,16093,71675
2023-06-07 15:36:16,20,22,16093,71675
2023-06-07 15:36:19,21,22,16093,71675
2023-06-07 15:36:21,21,25,16093,71705
2023-06-07 15:36:21,22,25,16093,71705
2023-06-07 15:36:29,20,25,16093,71705
2023-06-07 15:36:31,20,24,16093,71705
2023-06-07 15:36:36,21,24,16093,71705
2023-06-07 15:36:38,20,24,16093,71705
2023-06-07 15:36:55,20,23,16093,71705
2023-06-07 15:37:07,20,22,16093,71705
2023-06-07 15:37:07,19,20,16113,71725
2023-06-07 15:37:07,19,22,16113,71725
2023-06-07 15:37:09,13,19,16133,71745
2023-06-07 15:37:09,13,22,16133,71745
2023-06-07 15:37:10,13,21,16133,71745
2023-06-07 15:37:11,18,21,16133,71745
2023-06-07 15:37:12,18,20,16133,71745
2023-06-07 15:37:12,13,18,16153,71765
2023-06-07 15:37:12,13,20,16153,71765
2023-06-07 15:37:13,13,19,16153,71765
2023-06-07 15:37:14,13,18,16153,71765
2023-06-07 15:37:15,15,18,16153,71765
2023-06-07 15:37:16,15,17,16153,71765
2023-06-07 15:37:16,13,15,16163,71775
2023-06-07 15:37:16,13,17,16163,71775
2023-06-07 15:37:18,13,18,16163,71775
2023-06-07 15:37:29,14,18,16163,71775
2023-06-07 15:37:44,14,17,16163,71775
2023-06-07 15:37:45,14,15,16163,71775
2023-06-07 15:37:45,13,14,16173,71785
2023-06-07 15:37:45,13,15,16173,71785
2023-06-07 15:37:46,13,14,16173,71785
2023-06-07 15:37:46,11,13,16183,71795
2023-06-07 15:37:47,11,14,16183,71795
2023-06-07 15:37:47,11,13,16183,71795
2023-06-07 15:37:52,11,13,16383,71995
2023-06-07 15:37:52,9,13,16383,72005
2023-06-07 15:37:52,9,11,16383,72005
2023-06-07 15:37:52,9,11,16393,72015
2023-06-07 15:38:18,10,11,16393,72015
2023-06-07 15:38:23,11,14,16373,72035
2023-06-07 15:38:23,10,14,16373,72035
2023-06-07 15:38:26,10,13,16373,72035
2023-06-07 15:38:29,10,14,16373,72035
2023-06-07 15:38:51,10,13,16373,72035
2023-06-07 15:38:55,10,12,16373,72035
2023-06-07 15:39:01,10,13,16373,72035
2023-06-07 15:39:02,10,12,16373,72035
2023-06-07 15:39:08,10,11,16373,72035
2023-06-07 15:39:10,9,11,16373,72045
2023-06-07 15:39:13,9,12,16373,72045
2023-06-07 15:39:15,9,13,16373,72045
2023-06-07 15:39:26,9,12,16373,72045
2023-06-07 15:39:30,9,11,16373,72045
2023-06-07 15:39:33,9,12,16373,72045
2023-06-07 15:39:44,9,11,16373,72045
2023-06-07 15:39:44,9,10,16373,72045
2023-06-07 15:39:50,9,12,16373,72045
2023-06-07 15:39:53,9,11,16373,72045
2023-06-07 15:39:54,9,11,16436,72108
2023-06-07 15:39:55,9,11,16536,72208
2023-06-07 15:39:55,9,10,16536,72208
2023-06-07 15:39:56,7,10,16536,72305
2023-06-07 15:40:01,10,11,16536,72315
2023-06-07 15:40:04,7,11,16536,72375
2023-06-07 15:40:05,7,10,16536,72375
2023-06-07 15:40:06,6,10,16536,72375
2023-06-07 15:40:08,6,9,16536,72375
2023-06-07 15:40:09,5,9,16536,72375
2023-06-07 15:40:12,4,9,16536,72375
2023-06-07 15:40:12,4,8,16536,72375
2023-06-07 15:40:12,4,7,16536,72375
2023-06-07 15:40:13,4,8,16536,72375
2023-06-07 15:40:14,4,7,16536,72375
2023-06-07 15:40:16,4,8,16536,72375
2023-06-07 15:40:17,5,8,16536,72375
2023-06-07 15:40:18,5,9,16536,72375
2023-06-07 15:40:18,5,8,16536,72375
2023-06-07 15:40:25,4,8,16536,72375
2023-06-07 15:40:26,4,7,16536,72375
2023-06-07 15:40:35,4,6,16536,72375
2023-06-07 15:40:58,4,7,16536,72375
2023-06-07 15:40:58,4,6,16536,72375
2023-06-07 15:40:59,4,7,16536,72375
2023-06-07 15:41:03,4,6,16536,72375
2023-06-07 15:41:08,4,7,16536,72375
2023-06-07 15:41:13,4,6,16536,72375
2023-06-07 15:41:19,5,6,16536,72375
2023-06-07 15:41:23,6,9,16496,72415
2023-06-07 15:41:23,5,9,16496,72415
2023-06-07 15:41:23,5,8,16496,72415
2023-06-07 15:41:31,6,8,16496,72415
2023-06-07 15:41:32,5,8,16496,72415
2023-06-07 15:41:41,6,8,16496,72415
2023-06-07 15:42:00,6,7,16496,72415
2023-06-07 15:42:01,6,7,16506,72425
2023-06-07 15:42:01,6,7,16516,72435
2023-06-07 15:42:13,7,8,16449,72502
2023-06-07 15:42:13,6,8,16449,72502
2023-06-07 15:42:16,6,7,16449,72502
2023-06-07 15:42:25,6,8,16449,72502
2023-06-07 15:42:29,6,8,16459,72512
2023-06-07 15:42:30,7,8,16459,72512
2023-06-07 15:42:31,6,8,16459,72512
2023-06-07 15:42:34,7,8,16459,72512
2023-06-07 15:42:36,8,9,16459,72552
2023-06-07 15:42:42,8,11,16405,72615
2023-06-07 15:42:42,9,11,16405,72615
2023-06-07 15:42:43,8,11,16405,72615
2023-06-07 15:42:43,10,11,16405,72615
2023-06-07 15:42:51,8,11,16405,72615
2023-06-07 15:42:51,9,11,16405,72615
2023-06-07 15:42:52,10,11,16405,72615
2023-06-07 15:42:53,10,11,16405,72655
2023-06-07 15:42:59,8,11,16405,72655
2023-06-07 15:42:59,8,10,16405,72655
