datetime,bid,ask,open_interest,volume
2023-06-27 09:30:13,24,26,4487,5832
2023-06-27 09:30:31,24,27,4567,5912
2023-06-27 09:30:49,24,28,4587,5932
2023-06-27 09:30:52,24,30,4607,5952
2023-06-27 09:30:57,28,30,4607,5952
2023-06-27 09:30:57,30,32,4627,5972
2023-06-27 09:31:00,30,31,4627,5972
2023-06-27 09:31:05,29,31,4627,5972
2023-06-27 09:31:05,30,31,4627,5972
2023-06-27 09:31:12,30,31,4887,6372
2023-06-27 09:31:13,28,31,4987,6472
2023-06-27 09:31:17,28,30,4987,6472
2023-06-27 09:31:18,28,31,4987,6472
2023-06-27 09:31:21,28,30,4987,6472
2023-06-27 09:31:29,27,30,4987,6472
2023-06-27 09:31:35,27,31,4987,6472
2023-06-27 09:31:39,28,31,4987,6472
2023-06-27 09:31:40,27,31,4987,6472
2023-06-27 09:31:46,28,31,4987,6472
2023-06-27 09:31:48,27,31,4987,6472
2023-06-27 09:31:48,27,30,4987,6472
2023-06-27 09:31:54,28,30,4987,6472
2023-06-27 09:32:09,28,29,4987,6472
2023-06-27 09:32:34,28,29,5187,6672
2023-06-27 09:32:44,27,28,5167,6792
2023-06-27 09:32:55,25,27,5127,6832
2023-06-27 09:32:56,25,28,5127,6832
2023-06-27 09:33:12,26,28,5127,6832
2023-06-27 09:33:21,27,28,5127,6832
2023-06-27 09:33:26,28,29,5147,6852
2023-06-27 09:33:33,26,29,5147,6852
2023-06-27 09:33:33,28,29,5147,6852
2023-06-27 09:33:43,26,29,5147,6852
2023-06-27 09:33:44,28,29,5147,6852
2023-06-27 09:33:49,26,29,5147,6952
2023-06-27 09:33:52,27,29,5147,6952
2023-06-27 09:33:56,26,29,5147,6952
2023-06-27 09:33:56,28,29,5147,6952
2023-06-27 09:34:20,28,29,5187,7352
2023-06-27 09:34:21,28,29,5387,7552
2023-06-27 09:34:21,28,30,5607,7772
2023-06-27 09:34:22,29,30,5607,7772
2023-06-27 09:34:22,29,30,6007,8172
2023-06-27 09:34:23,29,30,6407,8572
2023-06-27 09:34:23,29,31,6607,8772
2023-06-27 09:34:24,29,32,6607,8972
2023-06-27 09:34:25,30,32,6607,8972
2023-06-27 09:34:30,30,33,6627,8992
2023-06-27 09:34:35,31,33,6627,8992
2023-06-27 09:34:43,32,33,6627,8992
2023-06-27 09:34:49,31,33,6627,8992
2023-06-27 09:35:07,32,33,6627,8992
2023-06-27 09:35:14,31,33,6627,8992
2023-06-27 09:35:14,32,33,6627,8992
2023-06-27 09:35:23,33,34,6647,9012
2023-06-27 09:35:40,32,34,6647,9012
2023-06-27 09:35:40,31,34,6647,9012
2023-06-27 09:35:40,33,34,6647,9012
2023-06-27 09:36:03,32,34,6647,9012
2023-06-27 09:36:03,34,35,6667,9032
2023-06-27 09:36:13,35,37,6687,9052
2023-06-27 09:36:22,34,37,6687,9052
2023-06-27 09:36:23,34,36,6687,9052
2023-06-27 09:36:25,34,37,6687,9052
2023-06-27 09:36:25,34,36,6687,9052
2023-06-27 09:36:54,33,36,6687,9052
2023-06-27 09:37:17,33,35,6687,9052
2023-06-27 09:37:19,33,36,6687,9052
2023-06-27 09:37:22,33,35,6687,9052
2023-06-27 09:37:34,33,36,6687,9052
2023-06-27 09:37:35,34,36,6687,9052
2023-06-27 09:37:42,33,36,6667,9172
2023-06-27 09:37:48,32,36,6667,9172
2023-06-27 09:37:49,35,36,6667,9172
2023-06-27 09:37:53,33,36,6667,9222
2023-06-27 09:37:56,32,36,6667,9222
2023-06-27 09:37:56,34,36,6667,9222
2023-06-27 09:38:16,35,36,6667,9222
2023-06-27 09:38:24,33,36,6667,9272
2023-06-27 09:38:31,34,36,6667,9272
2023-06-27 09:38:39,35,36,6667,9272
2023-06-27 09:38:47,34,36,6667,9272
2023-06-27 09:38:47,35,36,6667,9272
2023-06-27 09:39:05,34,36,6667,9272
2023-06-27 09:39:05,36,37,6707,9312
2023-06-27 09:39:12,37,38,6727,9332
2023-06-27 09:39:13,36,38,6727,9332
2023-06-27 09:39:34,36,37,6727,9332
2023-06-27 09:39:38,36,38,6727,9332
2023-06-27 09:39:39,36,37,6727,9332
2023-06-27 09:39:43,36,38,6727,9332
2023-06-27 09:39:43,36,37,6727,9332
2023-06-27 09:39:50,35,37,6727,9332
2023-06-27 09:39:50,35,38,6727,9332
2023-06-27 09:39:50,35,37,6727,9332
2023-06-27 09:40:00,35,36,6727,9332
2023-06-27 09:40:06,35,38,6727,9332
2023-06-27 09:40:06,35,37,6727,9332
2023-06-27 09:40:11,36,37,6727,9332
2023-06-27 09:40:18,36,38,6727,9332
2023-06-27 09:40:19,36,37,6727,9332
2023-06-27 09:40:26,36,38,6727,9332
2023-06-27 09:40:26,36,37,6727,9332
2023-06-27 09:40:42,35,36,6707,9352
2023-06-27 09:40:45,34,35,6687,9412
2023-06-27 09:40:46,34,36,6687,9412
2023-06-27 09:40:47,34,35,6687,9412
2023-06-27 09:41:05,33,35,6627,9512
2023-06-27 09:41:06,32,35,6627,9512
2023-06-27 09:41:06,34,35,6627,9512
2023-06-27 09:41:15,32,35,6627,9512
2023-06-27 09:41:15,33,35,6627,9512
2023-06-27 09:41:25,31,35,6627,9512
2023-06-27 09:41:26,33,35,6627,9512
2023-06-27 09:41:26,33,34,6627,9512
2023-06-27 09:41:30,31,34,6627,9512
2023-06-27 09:41:30,31,35,6627,9512
2023-06-27 09:41:31,34,35,6627,9512
2023-06-27 09:41:32,32,35,6627,9612
2023-06-27 09:41:33,33,35,6627,9612
2023-06-27 09:41:35,34,35,6627,9612
2023-06-27 09:41:40,33,35,6627,9612
2023-06-27 09:41:40,35,36,6667,9652
2023-06-27 09:41:52,33,36,6667,9652
2023-06-27 09:41:52,34,36,6667,9652
2023-06-27 09:41:52,34,35,6667,9652
2023-06-27 09:41:57,34,36,6667,9652
2023-06-27 09:41:57,35,36,6667,9652
2023-06-27 09:42:03,34,36,6667,9652
2023-06-27 09:42:03,35,36,6667,9652
2023-06-27 09:42:35,34,36,6667,9652
2023-06-27 09:42:35,34,36,6717,9702
2023-06-27 09:42:37,35,36,6717,9702
2023-06-27 09:42:39,34,36,6717,9702
2023-06-27 09:42:49,35,36,6717,9702
2023-06-27 09:42:52,36,37,6747,9732
2023-06-27 09:43:08,34,37,6747,9732
2023-06-27 09:43:08,36,37,6747,9732
2023-06-27 09:43:16,34,37,6747,9732
2023-06-27 09:43:16,35,37,6747,9732
2023-06-27 09:43:16,35,36,6747,9732
2023-06-27 09:43:31,35,37,6747,9732
2023-06-27 09:43:31,35,37,6697,9782
2023-06-27 09:43:40,35,36,6697,9782
2023-06-27 09:43:47,34,36,6667,9962
2023-06-27 09:43:49,34,35,6667,9962
2023-06-27 09:44:11,34,37,6667,9962
2023-06-27 09:44:11,34,35,6667,9962
2023-06-27 09:44:22,34,36,6667,9962
2023-06-27 09:44:22,34,35,6667,9962
2023-06-27 09:44:55,33,35,6577,10152
2023-06-27 09:45:08,33,34,6577,10152
2023-06-27 09:45:12,32,33,6537,10192
2023-06-27 09:45:34,31,33,6537,10192
2023-06-27 09:45:34,33,35,6577,10232
2023-06-27 09:46:09,32,35,6577,10232
2023-06-27 09:46:09,34,35,6577,10232
2023-06-27 09:46:16,32,34,6627,10282
2023-06-27 09:46:18,31,34,6627,10282
2023-06-27 09:46:18,32,34,6627,10282
2023-06-27 09:46:18,32,33,6627,10282
2023-06-27 09:46:21,32,33,6587,10322
2023-06-27 09:46:26,30,33,6587,10322
2023-06-27 09:46:26,31,33,6587,10322
2023-06-27 09:46:26,31,32,6587,10322
2023-06-27 09:46:30,29,31,6687,10422
2023-06-27 09:46:31,28,31,6687,10422
2023-06-27 09:46:31,28,30,6687,10422
2023-06-27 09:46:32,28,30,6737,10472
2023-06-27 09:46:34,28,29,6737,10472
2023-06-27 09:46:47,28,31,6737,10472
2023-06-27 09:46:47,28,30,6737,10472
2023-06-27 09:46:48,29,30,6737,10472
2023-06-27 09:46:51,29,31,6737,10472
2023-06-27 09:46:51,29,30,6737,10472
2023-06-27 09:47:02,30,32,6637,10612
2023-06-27 09:47:03,29,32,6637,10612
2023-06-27 09:47:03,31,32,6637,10612
2023-06-27 09:47:04,31,32,6587,10662
2023-06-27 09:47:07,29,32,6587,10662
2023-06-27 09:47:07,31,32,6587,10662
2023-06-27 09:47:17,29,32,6587,10662
2023-06-27 09:47:17,31,32,6587,10662
2023-06-27 09:47:24,29,32,6587,10712
2023-06-27 09:47:25,30,32,6587,10712
2023-06-27 09:47:25,30,31,6587,10712
2023-06-27 09:47:32,29,31,6587,10712
2023-06-27 09:47:32,29,32,6587,10712
2023-06-27 09:47:32,31,32,6587,10712
2023-06-27 09:47:33,29,32,6587,10762
2023-06-27 09:47:34,29,31,6587,10762
2023-06-27 09:47:38,30,31,6587,10762
2023-06-27 09:47:42,29,31,6587,10862
2023-06-27 09:47:42,29,30,6587,10862
2023-06-27 09:47:42,29,31,6587,10862
2023-06-27 09:47:51,30,31,6587,10862
2023-06-27 09:47:51,29,31,6787,11062
2023-06-27 09:47:51,29,30,6787,11062
2023-06-27 09:47:55,29,30,6887,11162
2023-06-27 09:47:55,28,30,6767,11282
2023-06-27 09:48:00,28,29,6767,11282
2023-06-27 09:48:00,27,29,6647,11552
2023-06-27 09:48:04,27,28,6647,11552
2023-06-27 09:48:10,26,28,6647,11752
2023-06-27 09:48:13,27,28,6647,11752
2023-06-27 09:48:15,26,28,6547,11852
2023-06-27 09:48:16,26,27,6547,11852
2023-06-27 09:48:20,26,28,6547,11852
2023-06-27 09:48:20,26,27,6547,11852
2023-06-27 09:48:25,27,28,6447,11952
2023-06-27 09:48:25,27,28,6447,11992
2023-06-27 09:48:26,26,28,6447,11992
2023-06-27 09:48:29,27,28,6447,11992
2023-06-27 09:48:38,28,29,6487,12032
2023-06-27 09:49:11,27,29,6487,12032
2023-06-27 09:49:11,28,29,6487,12032
2023-06-27 09:49:25,27,29,6487,12032
2023-06-27 09:49:25,28,29,6487,12032
2023-06-27 09:50:03,27,29,6487,12032
2023-06-27 09:50:04,28,29,6487,12032
2023-06-27 09:50:56,29,30,6487,12072
2023-06-27 09:51:00,30,31,6527,12112
2023-06-27 09:51:06,29,31,6527,12112
2023-06-27 09:51:06,30,31,6527,12112
2023-06-27 09:51:17,28,31,6527,12112
2023-06-27 09:51:17,28,30,6527,12112
2023-06-27 09:51:29,28,31,6527,12112
2023-06-27 09:51:29,30,31,6527,12112
2023-06-27 09:51:41,28,31,6527,12112
2023-06-27 09:51:41,30,31,6527,12112
2023-06-27 09:51:54,29,31,6527,12112
2023-06-27 09:51:54,30,31,6527,12112
2023-06-27 09:52:03,30,31,6497,12312
2023-06-27 09:52:04,30,33,6497,12312
2023-06-27 09:52:04,31,33,6497,12312
2023-06-27 09:52:04,31,32,6497,12312
2023-06-27 09:52:08,30,32,6497,12312
2023-06-27 09:52:08,30,33,6497,12312
2023-06-27 09:52:08,32,33,6497,12312
2023-06-27 09:52:15,31,33,6497,12462
2023-06-27 09:52:17,31,32,6497,12462
2023-06-27 09:52:20,30,32,6497,12462
2023-06-27 09:52:20,28,32,6497,12462
2023-06-27 09:52:20,30,32,6497,12462
2023-06-27 09:52:20,30,31,6497,12462
2023-06-27 09:52:26,29,31,6497,12462
2023-06-27 09:52:26,29,33,6497,12462
2023-06-27 09:52:26,30,33,6497,12462
2023-06-27 09:52:26,30,31,6497,12462
2023-06-27 09:52:34,29,31,6497,12462
2023-06-27 09:52:34,29,33,6497,12462
2023-06-27 09:52:34,31,33,6497,12462
2023-06-27 09:52:34,31,32,6497,12462
2023-06-27 09:52:38,30,32,6497,12462
2023-06-27 09:52:38,30,33,6497,12462
2023-06-27 09:52:38,31,33,6497,12462
2023-06-27 09:52:38,31,32,6497,12462
2023-06-27 09:53:25,32,33,6537,12502
2023-06-27 09:53:29,31,33,6537,12502
2023-06-27 09:53:29,33,34,6617,12582
2023-06-27 09:54:04,32,34,6617,12582
2023-06-27 09:54:04,33,34,6617,12582
2023-06-27 09:54:04,33,34,6687,12982
2023-06-27 09:54:05,33,35,6727,13022
2023-06-27 09:54:08,32,35,6727,13022
2023-06-27 09:54:08,32,33,6727,13022
2023-06-27 09:54:09,32,35,6727,13222
2023-06-27 09:54:12,32,34,6727,13222
2023-06-27 09:54:15,32,35,6727,13222
2023-06-27 09:54:31,32,34,6727,13222
2023-06-27 09:54:34,33,34,6727,13222
2023-06-27 09:54:38,33,34,6727,13322
2023-06-27 09:54:40,32,34,6727,13322
2023-06-27 09:54:40,32,33,6727,13322
2023-06-27 09:54:47,31,32,6607,13442
2023-06-27 09:54:51,31,32,6607,13542
2023-06-27 09:54:53,30,32,6607,13592
2023-06-27 09:55:05,30,31,6607,13592
2023-06-27 09:55:08,30,31,6607,13692
2023-06-27 09:55:09,30,31,6407,13892
2023-06-27 09:55:10,28,31,6367,13932
2023-06-27 09:55:12,28,30,6367,13932
2023-06-27 09:55:19,27,30,6367,13932
2023-06-27 09:55:19,28,30,6367,13932
2023-06-27 09:55:19,28,29,6367,13932
2023-06-27 09:55:34,27,29,6367,13932
2023-06-27 09:55:34,30,31,6487,14052
2023-06-27 09:55:39,28,31,6487,14052
2023-06-27 09:55:39,31,32,6487,14149
2023-06-27 09:55:40,28,32,6487,14202
2023-06-27 09:55:40,28,31,6487,14202
2023-06-27 09:55:43,30,31,6487,14202
2023-06-27 09:55:43,28,30,6737,14452
2023-06-27 09:55:43,28,31,6737,14452
2023-06-27 09:55:45,28,30,6737,14452
2023-06-27 09:55:46,28,31,6737,14452
2023-06-27 09:55:46,28,30,6737,14452
2023-06-27 09:55:49,29,30,6737,14452
2023-06-27 09:55:50,29,30,6637,14552
2023-06-27 09:55:52,29,30,6537,14652
2023-06-27 09:55:54,29,31,6537,14652
2023-06-27 09:55:54,30,31,6537,14652
2023-06-27 09:55:55,30,31,6537,14752
2023-06-27 09:55:57,29,31,6537,14852
2023-06-27 09:55:59,29,31,6587,14902
2023-06-27 09:56:03,29,31,6487,15002
2023-06-27 09:56:04,29,30,6487,15002
2023-06-27 09:56:05,29,30,6457,15102
2023-06-27 09:56:06,27,28,6287,15302
2023-06-27 09:56:09,27,30,6287,15352
2023-06-27 09:56:14,27,30,6287,15852
2023-06-27 09:56:16,28,30,6287,15852
2023-06-27 09:56:18,28,29,6287,15852
2023-06-27 09:56:22,28,30,6287,15852
2023-06-27 09:56:22,28,29,6287,15852
2023-06-27 09:56:23,28,30,6287,15952
2023-06-27 09:56:28,27,28,6247,15992
2023-06-27 09:56:31,27,30,6247,16052
2023-06-27 09:56:35,28,30,6247,16052
2023-06-27 09:56:38,28,31,6450,16352
2023-06-27 09:56:38,29,31,6450,16352
2023-06-27 09:56:42,29,31,6350,16452
2023-06-27 09:56:43,28,31,6327,16475
2023-06-27 09:56:45,27,31,6327,16475
2023-06-27 09:56:45,28,31,6327,16475
2023-06-27 09:56:45,28,31,6427,16575
2023-06-27 09:56:47,28,30,6427,16575
2023-06-27 09:56:49,28,31,6427,16575
2023-06-27 09:56:51,28,30,6427,16575
2023-06-27 09:56:52,28,31,6427,16575
2023-06-27 09:56:55,29,31,6427,16575
2023-06-27 09:56:55,28,31,6327,16675
2023-06-27 09:57:05,28,30,6327,16675
2023-06-27 09:57:17,28,29,6327,16675
2023-06-27 09:57:22,28,31,6327,16675
2023-06-27 09:57:22,28,30,6327,16675
2023-06-27 09:57:31,28,29,6327,16675
2023-06-27 09:57:32,28,29,6227,16775
2023-06-27 09:58:07,30,31,6307,16855
2023-06-27 09:58:09,28,31,6307,16875
2023-06-27 09:58:26,30,31,6307,16875
2023-06-27 09:58:33,31,33,6347,16915
2023-06-27 09:58:33,31,32,6347,16915
2023-06-27 09:58:54,31,32,6347,17015
2023-06-27 09:58:55,29,32,6347,17015
2023-06-27 09:58:55,31,32,6347,17015
2023-06-27 09:58:59,28,32,6347,17115
2023-06-27 09:59:00,30,32,6347,17115
2023-06-27 09:59:00,30,31,6347,17115
2023-06-27 09:59:04,28,31,6307,17305
2023-06-27 09:59:07,28,32,6307,17305
2023-06-27 09:59:07,28,29,6307,17305
2023-06-27 09:59:13,28,32,6307,17305
2023-06-27 09:59:13,28,30,6307,17305
2023-06-27 09:59:27,29,30,6307,17305
2023-06-27 09:59:27,29,32,6307,17305
2023-06-27 09:59:28,30,32,6307,17305
2023-06-27 10:00:03,30,31,6307,17305
2023-06-27 10:00:05,28,31,6307,17305
2023-06-27 10:00:05,30,31,6307,17305
2023-06-27 10:00:07,29,31,6307,17305
2023-06-27 10:00:07,29,30,6307,17305
2023-06-27 10:00:10,29,30,6237,17505
2023-06-27 10:00:11,29,31,6237,17805
2023-06-27 10:00:11,30,31,6237,17805
2023-06-27 10:00:16,29,31,6237,17805
2023-06-27 10:00:19,30,31,6237,17805
2023-06-27 10:00:25,29,31,6237,17805
2023-06-27 10:00:27,30,31,6237,17805
2023-06-27 10:00:28,30,32,6277,17845
2023-06-27 10:00:30,31,32,6277,17845
2023-06-27 10:00:31,31,33,6397,17965
2023-06-27 10:00:32,32,33,6397,17965
2023-06-27 10:00:32,32,33,6438,18006
2023-06-27 10:00:34,32,35,6478,18296
2023-06-27 10:00:43,32,34,6478,18296
2023-06-27 10:00:45,32,34,6607,18596
2023-06-27 10:00:48,32,34,6707,18696
2023-06-27 10:01:01,32,33,6707,18696
2023-06-27 10:01:01,32,33,6667,19096
2023-06-27 10:01:04,31,33,6667,19236
2023-06-27 10:01:06,31,32,6667,19236
2023-06-27 10:01:06,29,32,6667,19236
2023-06-27 10:01:06,30,32,6667,19236
2023-06-27 10:01:09,30,33,6667,19236
2023-06-27 10:01:10,31,33,6667,19236
2023-06-27 10:01:10,31,32,6667,19236
2023-06-27 10:01:16,31,32,6667,19336
2023-06-27 10:01:18,31,32,6667,19436
2023-06-27 10:01:19,31,32,6567,19536
2023-06-27 10:01:19,30,32,6547,19556
2023-06-27 10:01:23,30,31,6547,19556
2023-06-27 10:01:23,29,31,6547,19556
2023-06-27 10:01:23,30,31,6547,19556
2023-06-27 10:01:24,29,31,6547,19856
2023-06-27 10:01:26,30,31,6547,19856
2023-06-27 10:01:27,29,31,6547,19906
2023-06-27 10:01:27,30,31,6547,19906
2023-06-27 10:01:27,30,31,6447,20006
2023-06-27 10:01:28,29,31,6447,20006
2023-06-27 10:01:30,30,31,6447,20006
2023-06-27 10:01:31,30,31,6447,20106
2023-06-27 10:01:34,29,31,6447,20106
2023-06-27 10:01:34,29,30,6447,20106
2023-06-27 10:01:35,29,31,6447,20106
2023-06-27 10:01:36,30,31,6447,20106
2023-06-27 10:01:37,29,31,6347,20206
2023-06-27 10:02:08,29,32,6347,20206
2023-06-27 10:02:14,29,31,6347,20206
2023-06-27 10:02:26,29,30,6347,20206
2023-06-27 10:02:29,28,30,6267,20286
2023-06-27 10:02:44,28,29,6267,20286
2023-06-27 10:02:46,27,28,6267,20406
2023-06-27 10:02:49,25,28,6267,20406
2023-06-27 10:02:50,25,29,6267,20406
2023-06-27 10:02:50,25,28,6267,20406
2023-06-27 10:02:51,26,28,6267,20406
2023-06-27 10:02:53,26,28,6118,20906
2023-06-27 10:02:53,25,28,5998,21206
2023-06-27 10:02:55,26,28,5998,21206
2023-06-27 10:02:58,27,28,5998,21206
2023-06-27 10:02:58,27,28,5998,21456
2023-06-27 10:02:58,26,27,5998,21506
2023-06-27 10:03:02,26,27,5998,21906
2023-06-27 10:03:06,26,28,5998,21906
2023-06-27 10:03:07,27,28,5998,21906
2023-06-27 10:03:09,27,29,6038,21946
2023-06-27 10:03:17,28,29,6038,21946
2023-06-27 10:03:21,28,30,6078,21986
2023-06-27 10:03:31,29,30,6078,21986
2023-06-27 10:03:35,29,31,6118,22026
2023-06-27 10:03:37,28,31,6118,22026
2023-06-27 10:03:39,29,31,6118,22026
2023-06-27 10:03:42,29,31,6118,22126
2023-06-27 10:03:44,29,31,6118,22226
2023-06-27 10:03:48,29,32,6158,22266
2023-06-27 10:03:51,29,33,6158,22266
2023-06-27 10:03:51,29,32,6158,22266
2023-06-27 10:03:51,29,31,6158,22266
2023-06-27 10:03:53,29,31,6158,22366
2023-06-27 10:03:58,30,31,6158,22366
2023-06-27 10:03:58,30,32,6158,22366
2023-06-27 10:04:10,30,31,6158,22366
2023-06-27 10:04:10,30,32,6158,22666
2023-06-27 10:04:34,31,32,6158,22666
2023-06-27 10:04:37,31,33,6198,22706
2023-06-27 10:04:54,32,33,6198,22706
2023-06-27 10:04:54,32,34,6248,22956
2023-06-27 10:04:54,32,33,6248,22956
2023-06-27 10:04:57,32,33,6267,23006
2023-06-27 10:04:57,33,34,6717,23456
2023-06-27 10:05:05,32,34,6717,23506
2023-06-27 10:05:06,32,33,6717,23506
2023-06-27 10:05:12,31,33,6567,23656
2023-06-27 10:05:12,31,32,6567,23656
2023-06-27 10:05:12,31,32,6567,23696
2023-06-27 10:05:14,30,32,6517,23746
2023-06-27 10:05:31,30,32,6517,23786
2023-06-27 10:05:31,29,30,6327,23976
2023-06-27 10:05:36,30,31,6367,24016
2023-06-27 10:05:38,30,32,6367,24016
2023-06-27 10:05:40,30,31,6367,24016
2023-06-27 10:05:42,28,31,6367,24026
2023-06-27 10:05:46,29,31,6367,24026
2023-06-27 10:05:47,28,31,6367,24026
2023-06-27 10:05:54,28,30,6367,24026
2023-06-27 10:05:55,29,30,6367,24026
2023-06-27 10:05:59,29,31,6367,24026
2023-06-27 10:05:59,30,31,6367,24026
2023-06-27 10:06:07,29,31,6367,24026
2023-06-27 10:06:07,31,32,6407,24066
2023-06-27 10:06:08,31,32,6407,24166
2023-06-27 10:06:10,29,32,6407,24176
2023-06-27 10:06:13,28,32,6407,24176
2023-06-27 10:06:13,29,32,6407,24176
2023-06-27 10:06:14,29,31,6407,24176
2023-06-27 10:06:15,30,31,6407,24176
2023-06-27 10:06:17,29,31,6407,24426
2023-06-27 10:06:19,29,30,6407,24426
2023-06-27 10:06:25,28,30,6337,24496
2023-06-27 10:06:32,28,31,6337,24496
2023-06-27 10:06:32,28,30,6337,24496
2023-06-27 10:06:33,29,30,6337,24496
2023-06-27 10:06:36,30,32,6377,24536
2023-06-27 10:06:39,30,31,6377,24536
2023-06-27 10:06:43,30,31,6417,24576
2023-06-27 10:06:46,30,32,6417,24576
2023-06-27 10:06:46,31,32,6417,24576
2023-06-27 10:07:06,30,32,6417,24576
2023-06-27 10:07:06,31,32,6417,24576
2023-06-27 10:07:11,30,32,6417,24676
2023-06-27 10:07:11,29,32,6417,24676
2023-06-27 10:07:12,28,32,6417,24676
2023-06-27 10:07:12,28,30,6417,24676
2023-06-27 10:07:15,28,31,6417,24676
2023-06-27 10:07:15,28,29,6417,24676
2023-06-27 10:07:18,28,31,6417,24676
2023-06-27 10:07:18,28,29,6417,24676
2023-06-27 10:07:32,28,30,6417,24676
2023-06-27 10:07:32,27,30,6217,24876
2023-06-27 10:07:34,28,30,6217,24876
2023-06-27 10:07:34,28,29,6217,24876
2023-06-27 10:07:52,27,29,6217,24876
2023-06-27 10:07:52,25,29,6217,24876
2023-06-27 10:07:52,27,29,6217,24876
2023-06-27 10:07:52,27,28,6217,24876
2023-06-27 10:08:05,26,28,6217,24876
2023-06-27 10:08:05,26,29,6217,24876
2023-06-27 10:08:05,27,29,6217,24876
2023-06-27 10:08:05,28,29,6217,24876
2023-06-27 10:08:06,27,29,6217,25076
2023-06-27 10:08:18,26,29,6217,25076
2023-06-27 10:08:18,28,29,6217,25076
2023-06-27 10:08:18,28,30,6267,25126
2023-06-27 10:08:19,28,29,6267,25126
2023-06-27 10:08:20,27,29,6267,25126
2023-06-27 10:08:20,28,29,6267,25126
2023-06-27 10:08:22,27,29,6267,25176
2023-06-27 10:08:23,27,28,6267,25176
2023-06-27 10:08:25,26,28,6267,25176
2023-06-27 10:08:25,26,28,6417,25326
2023-06-27 10:08:27,26,27,6417,25326
2023-06-27 10:08:27,26,27,6417,25726
2023-06-27 10:08:28,25,27,6417,25826
2023-06-27 10:08:32,25,27,6517,25926
2023-06-27 10:08:36,25,26,6517,25926
2023-06-27 10:08:42,25,28,6517,25926
2023-06-27 10:08:42,25,26,6517,25926
2023-06-27 10:08:42,25,26,6517,26026
2023-06-27 10:08:49,25,26,6507,26036
2023-06-27 10:08:49,25,29,6507,26036
2023-06-27 10:08:49,25,29,6357,26186
2023-06-27 10:08:49,25,27,6357,26186
2023-06-27 10:08:50,26,27,6357,26186
2023-06-27 10:08:58,25,26,6287,26256
2023-06-27 10:08:59,25,26,6217,26326
2023-06-27 10:09:00,25,26,6147,26396
2023-06-27 10:09:01,25,27,6187,26476
2023-06-27 10:09:16,26,27,6187,26476
2023-06-27 10:09:23,25,27,6187,26476
2023-06-27 10:09:24,25,27,6227,26576
2023-06-27 10:09:28,26,27,6227,26576
2023-06-27 10:09:33,25,27,6227,26576
2023-06-27 10:09:33,27,28,6267,26649
2023-06-27 10:09:36,25,28,6267,26726
2023-06-27 10:09:36,26,28,6267,26726
2023-06-27 10:09:36,26,27,6267,26726
2023-06-27 10:10:03,26,28,6267,26726
2023-06-27 10:10:03,26,28,6367,26826
2023-06-27 10:10:06,26,27,6367,26826
2023-06-27 10:10:08,26,27,6317,26876
2023-06-27 10:10:10,25,27,6247,27046
2023-06-27 10:10:11,26,27,6247,27046
2023-06-27 10:10:12,25,26,6247,27096
2023-06-27 10:10:14,24,26,6162,27216
2023-06-27 10:10:14,22,26,6162,27216
2023-06-27 10:10:14,24,26,6162,27216
2023-06-27 10:10:14,24,25,6162,27216
2023-06-27 10:10:17,23,25,6162,27216
2023-06-27 10:10:17,23,26,6162,27216
2023-06-27 10:10:18,24,26,6162,27216
2023-06-27 10:10:26,24,25,6162,27216
2023-06-27 10:10:27,22,25,6162,27436
2023-06-27 10:10:30,23,25,6162,27436
2023-06-27 10:10:30,23,24,6162,27436
2023-06-27 10:10:32,21,24,6162,27436
2023-06-27 10:10:32,22,24,6162,27436
2023-06-27 10:10:32,22,23,6162,27436
2023-06-27 10:10:33,20,23,6162,27636
2023-06-27 10:10:42,20,24,6162,27636
2023-06-27 10:10:44,20,23,6162,27636
2023-06-27 10:10:53,20,24,6162,27636
2023-06-27 10:10:55,22,24,6162,27636
2023-06-27 10:10:55,22,23,6162,27636
2023-06-27 10:10:55,20,23,6312,27786
2023-06-27 10:10:55,20,22,6312,27786
2023-06-27 10:10:57,21,22,6312,27786
2023-06-27 10:10:59,21,22,6362,27836
2023-06-27 10:11:09,21,22,6412,27886
2023-06-27 10:11:10,21,22,6462,27986
2023-06-27 10:11:11,21,24,6462,27986
2023-06-27 10:11:11,21,25,6462,27986
2023-06-27 10:11:11,23,25,6462,27986
2023-06-27 10:11:11,23,24,6462,27986
2023-06-27 10:11:26,24,25,6462,28031
2023-06-27 10:11:28,23,25,6462,28031
2023-06-27 10:11:28,25,26,6462,28071
2023-06-27 10:11:29,23,26,6462,28081
2023-06-27 10:11:32,24,26,6462,28081
2023-06-27 10:11:32,24,25,6462,28081
2023-06-27 10:11:38,25,26,6462,28121
2023-06-27 10:11:38,24,26,6462,28181
2023-06-27 10:11:42,24,25,6462,28181
2023-06-27 10:11:43,23,25,6462,28221
2023-06-27 10:11:43,24,25,6462,28221
2023-06-27 10:11:44,23,25,6462,28321
2023-06-27 10:11:45,24,25,6462,28321
2023-06-27 10:11:45,23,25,6462,28421
2023-06-27 10:11:59,23,24,6462,28421
2023-06-27 10:12:04,23,24,6662,28621
2023-06-27 10:12:04,21,24,6662,28851
2023-06-27 10:12:05,21,23,6662,28851
2023-06-27 10:12:09,21,22,6662,28851
2023-06-27 10:12:16,21,23,6662,28851
2023-06-27 10:12:16,21,22,6662,28851
2023-06-27 10:12:28,20,22,6662,29091
2023-06-27 10:12:28,20,21,6662,29091
2023-06-27 10:12:28,20,22,6662,29091
2023-06-27 10:12:29,20,21,6662,29091
2023-06-27 10:12:31,20,22,6662,29091
2023-06-27 10:12:32,20,22,6612,29141
2023-06-27 10:12:38,20,22,6462,29341
2023-06-27 10:12:39,20,21,6462,29341
2023-06-27 10:13:09,21,22,6462,29391
2023-06-27 10:13:20,20,22,6462,29391
2023-06-27 10:13:20,20,21,6462,29391
2023-06-27 10:13:28,20,22,6462,29391
2023-06-27 10:13:28,21,22,6462,29391
2023-06-27 10:13:31,21,22,6462,29441
2023-06-27 10:13:54,22,23,6462,29511
2023-06-27 10:14:01,21,23,6462,29511
2023-06-27 10:14:01,23,24,6462,29551
2023-06-27 10:14:10,22,24,6462,29551
2023-06-27 10:14:10,23,24,6462,29551
2023-06-27 10:14:13,23,24,6462,29601
2023-06-27 10:14:15,23,24,6303,29801
2023-06-27 10:14:17,23,24,6303,30001
2023-06-27 10:14:17,24,26,6303,30037
2023-06-27 10:14:17,23,26,6303,30037
2023-06-27 10:14:17,24,26,6303,30037
2023-06-27 10:14:17,24,26,6343,30077
2023-06-27 10:14:18,25,26,6343,30077
2023-06-27 10:14:22,24,26,6343,30077
2023-06-27 10:14:22,26,27,6343,30117
2023-06-27 10:14:33,24,27,6343,30117
2023-06-27 10:14:34,24,27,6343,30217
2023-06-27 10:14:34,25,27,6343,30217
2023-06-27 10:14:48,27,28,6423,30297
2023-06-27 10:14:49,25,27,6423,30367
2023-06-27 10:14:50,25,28,6423,30367
2023-06-27 10:15:01,25,27,6423,30367
2023-06-27 10:15:05,26,27,6423,30367
2023-06-27 10:15:06,25,27,6423,30367
2023-06-27 10:15:06,25,28,6423,30367
2023-06-27 10:15:07,26,28,6423,30367
2023-06-27 10:15:07,26,27,6423,30367
2023-06-27 10:15:17,26,28,6423,30617
2023-06-27 10:15:20,26,29,6463,30657
2023-06-27 10:15:21,27,29,6463,30657
2023-06-27 10:15:27,28,30,6463,30657
2023-06-27 10:15:33,27,30,6463,30657
2023-06-27 10:15:33,28,30,6463,30657
2023-06-27 10:15:33,28,30,6552,30807
2023-06-27 10:15:46,30,31,6592,30847
2023-06-27 10:15:46,30,31,6692,30947
2023-06-27 10:15:51,31,32,6732,30987
2023-06-27 10:15:51,31,32,6782,31037
2023-06-27 10:15:51,31,32,6932,31187
2023-06-27 10:15:51,31,32,6972,31227
2023-06-27 10:15:56,31,32,6972,31477
2023-06-27 10:15:57,30,32,6972,31497
2023-06-27 10:16:30,29,32,6972,31497
2023-06-27 10:16:34,29,31,6972,31497
2023-06-27 10:16:34,28,29,6892,31577
2023-06-27 10:16:38,29,31,6722,31747
2023-06-27 10:16:39,28,31,6722,31747
2023-06-27 10:16:51,29,31,6722,31747
2023-06-27 10:16:59,29,30,6722,31747
2023-06-27 10:17:01,28,30,6793,31847
2023-06-27 10:17:04,28,29,6793,31847
2023-06-27 10:17:04,28,29,6743,31897
2023-06-27 10:17:07,28,30,6743,31897
2023-06-27 10:17:07,28,30,6623,32047
2023-06-27 10:17:08,28,29,6623,32047
2023-06-27 10:17:30,28,30,6562,32187
2023-06-27 10:17:35,28,30,6562,32237
2023-06-27 10:17:43,28,31,6616,32337
2023-06-27 10:17:43,31,32,6682,32403
2023-06-27 10:17:43,31,32,6782,32503
2023-06-27 10:17:44,31,32,6832,32553
2023-06-27 10:17:49,31,32,7132,32853
2023-06-27 10:17:49,31,33,7132,32853
2023-06-27 10:17:52,31,33,7432,33153
2023-06-27 10:17:59,31,33,7532,33253
2023-06-27 10:18:06,30,33,7492,33293
2023-06-27 10:18:09,31,33,7492,33293
2023-06-27 10:18:13,31,32,7492,33293
2023-06-27 10:18:23,31,33,7492,33293
2023-06-27 10:18:23,32,33,7492,33293
2023-06-27 10:18:23,32,33,7492,33373
2023-06-27 10:18:24,32,33,7492,33453
2023-06-27 10:19:07,32,33,7492,33553
2023-06-27 10:19:13,31,33,7492,33553
2023-06-27 10:19:16,32,33,7492,33553
2023-06-27 10:19:16,32,33,7492,33697
2023-06-27 10:19:17,31,33,7463,33853
2023-06-27 10:19:25,32,33,7463,33853
2023-06-27 10:19:33,31,33,7463,33853
2023-06-27 10:19:53,30,33,7463,33853
2023-06-27 10:19:54,31,33,7463,33853
2023-06-27 10:19:54,32,33,7463,33853
2023-06-27 10:20:08,30,33,7463,33853
2023-06-27 10:20:08,32,33,7463,33853
2023-06-27 10:20:17,31,33,7463,33853
2023-06-27 10:20:17,32,33,7463,33853
2023-06-27 10:20:21,33,34,7543,33933
2023-06-27 10:20:23,32,34,7543,33933
2023-06-27 10:20:23,31,34,7543,33933
2023-06-27 10:20:23,33,34,7543,33933
2023-06-27 10:20:33,31,34,7543,33933
2023-06-27 10:20:33,33,34,7543,33933
2023-06-27 10:20:43,31,34,7543,33933
2023-06-27 10:20:43,30,34,7543,33933
2023-06-27 10:20:43,32,34,7543,33933
2023-06-27 10:20:43,32,33,7543,33933
2023-06-27 10:20:51,31,33,7593,34063
2023-06-27 10:20:53,30,33,7793,34263
2023-06-27 10:20:56,30,32,7793,34263
2023-06-27 10:21:01,30,33,7793,34263
2023-06-27 10:21:01,31,33,7793,34263
2023-06-27 10:21:01,31,32,7793,34263
2023-06-27 10:21:08,30,32,7793,34263
2023-06-27 10:21:15,30,31,7793,34263
2023-06-27 10:21:30,30,32,7793,34263
2023-06-27 10:21:30,30,31,7793,34263
2023-06-27 10:21:40,30,32,7493,34563
2023-06-27 10:21:43,29,30,7413,34643
2023-06-27 10:21:50,29,32,7413,34643
2023-06-27 10:21:50,29,31,7413,34643
2023-06-27 10:22:06,30,31,7413,34643
2023-06-27 10:22:20,31,32,7453,34683
2023-06-27 10:22:23,31,33,7453,34723
2023-06-27 10:22:23,32,33,7453,34723
2023-06-27 10:22:31,32,33,7493,34823
2023-06-27 10:22:32,31,33,7743,35073
2023-06-27 10:22:50,31,32,7743,35073
2023-06-27 10:23:03,30,32,7583,35233
2023-06-27 10:23:07,30,33,7583,35233
2023-06-27 10:23:07,30,31,7583,35233
2023-06-27 10:23:09,30,33,7583,35233
2023-06-27 10:23:09,30,32,7583,35233
2023-06-27 10:23:14,31,32,7583,35233
2023-06-27 10:23:18,32,33,7623,35273
2023-06-27 10:23:31,31,33,7623,35273
2023-06-27 10:23:31,30,33,7623,35273
2023-06-27 10:23:31,31,33,7623,35273
2023-06-27 10:23:46,32,33,7623,35273
2023-06-27 10:23:49,32,33,7534,35473
2023-06-27 10:23:49,32,35,7534,35563
2023-06-27 10:23:55,32,36,7534,35563
2023-06-27 10:24:03,33,36,7534,35563
2023-06-27 10:24:05,34,36,7534,35563
2023-06-27 10:24:05,35,36,7534,35563
2023-06-27 10:24:08,35,37,7574,35603
2023-06-27 10:24:09,36,37,7574,35603
2023-06-27 10:24:19,35,37,7574,35603
2023-06-27 10:24:19,34,37,7574,35603
2023-06-27 10:24:19,36,37,7574,35603
2023-06-27 10:24:19,34,36,7624,35653
2023-06-27 10:24:24,34,35,7624,35653
2023-06-27 10:24:29,34,36,7624,35653
2023-06-27 10:24:30,34,35,7624,35653
2023-06-27 10:24:34,34,36,7624,35653
2023-06-27 10:24:39,34,35,7624,35653
2023-06-27 10:24:53,34,35,7753,35853
2023-06-27 10:24:57,33,34,7713,35893
2023-06-27 10:25:01,33,34,7663,35943
2023-06-27 10:25:08,33,34,7663,35993
2023-06-27 10:25:20,34,37,7703,36093
2023-06-27 10:25:20,34,36,7703,36093
2023-06-27 10:25:30,33,36,7703,36093
2023-06-27 10:25:30,33,35,7703,36093
2023-06-27 10:25:46,33,34,7703,36093
2023-06-27 10:25:51,33,35,7703,36093
2023-06-27 10:25:52,32,33,7663,36133
2023-06-27 10:26:06,32,34,7663,36173
2023-06-27 10:26:07,34,35,7563,36273
2023-06-27 10:26:11,35,36,7603,36313
2023-06-27 10:26:17,33,36,7603,36313
2023-06-27 10:26:17,32,36,7603,36313
2023-06-27 10:26:17,34,36,7603,36313
2023-06-27 10:26:38,35,36,7603,36313
2023-06-27 10:27:08,34,36,7603,36313
2023-06-27 10:27:34,34,35,7603,36313
2023-06-27 10:27:50,34,36,7603,36313
2023-06-27 10:27:50,35,36,7603,36313
2023-06-27 10:27:52,36,37,7643,36353
2023-06-27 10:28:04,36,38,7683,36643
2023-06-27 10:28:07,37,38,7683,36643
2023-06-27 10:28:12,36,38,7683,36643
2023-06-27 10:28:13,38,39,7723,36683
2023-06-27 10:28:17,36,39,7723,36683
2023-06-27 10:28:18,38,39,7723,36683
2023-06-27 10:28:34,36,39,7723,36683
2023-06-27 10:28:34,37,39,7723,36683
2023-06-27 10:28:34,39,40,7763,36723
2023-06-27 10:28:50,37,40,7873,36833
2023-06-27 10:28:52,36,40,7873,36833
2023-06-27 10:28:52,38,40,7873,36833
2023-06-27 10:29:03,38,39,7873,36833
2023-06-27 10:29:10,36,39,7833,36923
2023-06-27 10:29:11,35,39,7833,36923
2023-06-27 10:29:11,36,39,7833,36923
2023-06-27 10:29:11,36,38,7833,36923
2023-06-27 10:29:45,36,38,8033,37123
2023-06-27 10:29:46,36,37,8033,37123
2023-06-27 10:29:47,35,37,8033,37203
2023-06-27 10:29:53,35,36,8033,37203
2023-06-27 10:30:05,35,37,8033,37203
2023-06-27 10:30:05,34,35,7993,37243
2023-06-27 10:30:08,33,35,7913,37323
2023-06-27 10:30:11,32,35,7913,37323
2023-06-27 10:30:11,32,34,7913,37323
2023-06-27 10:30:12,33,34,7913,37323
2023-06-27 10:30:14,32,34,7913,37323
2023-06-27 10:30:15,32,35,7913,37323
2023-06-27 10:30:15,32,33,7913,37323
2023-06-27 10:30:19,32,35,7913,37323
2023-06-27 10:30:20,32,34,7913,37323
2023-06-27 10:30:30,32,35,7913,37323
2023-06-27 10:30:30,33,35,7913,37323
2023-06-27 10:30:30,33,34,7913,37323
2023-06-27 10:30:38,32,34,7913,37323
2023-06-27 10:30:38,33,34,7913,37323
2023-06-27 10:30:45,34,35,7928,37338
2023-06-27 10:30:59,33,35,7928,37338
2023-06-27 10:30:59,35,36,7943,37353
2023-06-27 10:31:05,33,36,7943,37388
2023-06-27 10:31:05,34,36,7943,37388
2023-06-27 10:31:05,34,35,7943,37388
2023-06-27 10:31:21,34,36,7943,37388
2023-06-27 10:31:22,34,35,7943,37388
2023-06-27 10:31:31,34,36,7943,37388
2023-06-27 10:31:38,35,36,7943,37388
2023-06-27 10:31:40,34,36,7943,37388
2023-06-27 10:31:44,34,35,7943,37388
2023-06-27 10:31:46,33,35,7928,37553
2023-06-27 10:31:49,33,34,7928,37553
2023-06-27 10:31:52,33,36,7928,37553
2023-06-27 10:31:52,33,35,7928,37553
2023-06-27 10:32:09,34,35,7928,37553
2023-06-27 10:32:15,33,35,7928,37553
2023-06-27 10:32:24,33,34,7928,37553
2023-06-27 10:32:43,32,34,7942,37783
2023-06-27 10:32:47,31,34,7942,37783
2023-06-27 10:32:56,31,32,7942,37783
2023-06-27 10:33:04,30,31,7917,37808
2023-06-27 10:33:09,30,31,7667,38058
2023-06-27 10:33:11,30,32,7642,38083
2023-06-27 10:33:12,30,33,7642,38083
2023-06-27 10:33:12,30,32,7642,38083
2023-06-27 10:33:14,31,32,7642,38083
2023-06-27 10:33:15,31,32,7400,38333
2023-06-27 10:33:28,32,33,7400,38348
2023-06-27 10:33:29,31,33,7400,38348
2023-06-27 10:33:30,32,33,7400,38348
2023-06-27 10:33:38,32,34,7371,38410
2023-06-27 10:33:41,33,34,7371,38410
2023-06-27 10:33:41,35,37,7458,38552
2023-06-27 10:33:42,33,37,7466,38560
2023-06-27 10:33:43,34,37,7466,38560
2023-06-27 10:33:43,34,36,7466,38560
2023-06-27 10:33:46,35,36,7466,38560
2023-06-27 10:33:46,36,37,7366,38660
2023-06-27 10:33:47,35,37,7366,38660
2023-06-27 10:33:49,35,38,7366,38660
2023-06-27 10:33:49,35,39,7366,38660
2023-06-27 10:33:49,36,39,7366,38660
2023-06-27 10:33:49,36,37,7366,38660
2023-06-27 10:33:54,35,37,7366,38660
2023-06-27 10:33:54,36,37,7366,38660
2023-06-27 10:33:54,38,40,7381,38675
2023-06-27 10:33:54,38,39,7381,38675
2023-06-27 10:33:58,36,39,7616,38910
2023-06-27 10:34:00,37,39,7616,38910
2023-06-27 10:34:03,38,39,7616,38910
2023-06-27 10:34:04,36,39,7616,38910
2023-06-27 10:34:04,36,40,7616,38910
2023-06-27 10:34:05,37,40,7616,38910
2023-06-27 10:34:05,37,39,7616,38910
2023-06-27 10:34:05,38,39,7616,38910
2023-06-27 10:34:05,38,40,7616,39060
2023-06-27 10:34:14,39,40,7616,39060
2023-06-27 10:34:14,39,42,7631,39075
2023-06-27 10:34:17,39,43,7631,39075
2023-06-27 10:34:18,40,43,7631,39075
2023-06-27 10:34:21,39,43,7631,39075
2023-06-27 10:34:22,40,43,7631,39075
2023-06-27 10:34:23,41,43,7631,39075
2023-06-27 10:34:28,39,43,7781,39225
2023-06-27 10:34:32,39,42,7781,39225
2023-06-27 10:34:36,40,42,7781,39225
2023-06-27 10:34:38,39,42,7931,39375
2023-06-27 10:34:42,38,42,7931,39390
2023-06-27 10:34:44,38,41,7931,39390
2023-06-27 10:34:44,36,41,7931,39390
2023-06-27 10:34:44,37,41,7931,39390
2023-06-27 10:34:44,39,41,7931,39390
2023-06-27 10:34:49,37,41,7981,39440
2023-06-27 10:34:49,37,40,7981,39440
2023-06-27 10:34:50,37,41,7981,39440
2023-06-27 10:34:53,36,41,7981,39440
2023-06-27 10:34:53,38,41,7981,39440
2023-06-27 10:34:53,38,39,7981,39440
2023-06-27 10:35:04,36,39,7981,39440
2023-06-27 10:35:04,36,41,7981,39440
2023-06-27 10:35:04,37,41,7981,39440
2023-06-27 10:35:04,37,39,7981,39440
2023-06-27 10:35:09,37,39,8031,39490
2023-06-27 10:35:09,37,38,8031,39490
2023-06-27 10:35:09,37,38,8081,39540
2023-06-27 10:35:09,36,39,8081,39540
2023-06-27 10:35:09,37,39,8081,39540
2023-06-27 10:35:09,37,38,8081,39540
2023-06-27 10:35:13,36,38,8131,39590
2023-06-27 10:35:21,36,39,8131,39590
2023-06-27 10:35:21,36,38,8131,39590
2023-06-27 10:35:30,37,38,8131,39590
2023-06-27 10:35:31,37,39,8146,39605
2023-06-27 10:35:56,37,38,8146,39605
2023-06-27 10:36:00,37,39,8146,39605
2023-06-27 10:36:11,37,41,8161,39821
2023-06-27 10:36:11,37,40,8161,39821
2023-06-27 10:36:12,38,40,8161,39821
2023-06-27 10:36:13,37,40,8161,39821
2023-06-27 10:36:13,37,41,8161,39821
2023-06-27 10:36:14,38,41,8161,39821
2023-06-27 10:36:14,38,40,8161,39821
2023-06-27 10:36:21,39,40,8161,39821
2023-06-27 10:36:21,39,41,8176,39936
2023-06-27 10:36:22,38,41,8176,39936
2023-06-27 10:36:22,39,41,8176,39936
2023-06-27 10:36:26,38,41,8176,39936
2023-06-27 10:36:26,38,40,8176,39936
2023-06-27 10:36:32,38,39,8176,39936
2023-06-27 10:36:36,38,40,8176,39936
2023-06-27 10:36:44,39,40,8176,39936
2023-06-27 10:36:47,39,41,8176,39936
2023-06-27 10:36:50,40,41,8176,39936
2023-06-27 10:36:56,39,41,8176,39936
2023-06-27 10:36:56,41,43,8191,39951
2023-06-27 10:36:57,41,42,8191,39951
2023-06-27 10:36:59,39,42,8376,40136
2023-06-27 10:37:01,39,43,8376,40136
2023-06-27 10:37:01,41,43,8376,40136
2023-06-27 10:37:06,41,42,8376,40136
2023-06-27 10:37:07,39,42,8376,40136
2023-06-27 10:37:07,38,42,8376,40136
2023-06-27 10:37:07,40,42,8376,40136
2023-06-27 10:37:10,38,42,8376,40136
2023-06-27 10:37:10,39,42,8376,40136
2023-06-27 10:37:10,39,41,8376,40136
2023-06-27 10:37:11,40,41,8376,40136
2023-06-27 10:37:25,40,42,8376,40136
2023-06-27 10:37:26,40,41,8376,40136
2023-06-27 10:37:49,40,42,8376,40286
2023-06-27 10:37:51,41,42,8376,40286
2023-06-27 10:37:57,40,42,8376,40286
2023-06-27 10:38:07,41,42,8376,40286
2023-06-27 10:38:15,40,42,8376,40286
2023-06-27 10:38:16,41,42,8376,40286
2023-06-27 10:38:20,40,42,8376,40286
2023-06-27 10:38:20,41,42,8376,40286
2023-06-27 10:38:21,40,42,8426,40336
2023-06-27 10:38:30,40,41,8426,40336
2023-06-27 10:38:33,39,41,8426,40351
2023-06-27 10:38:54,39,40,8426,40351
2023-06-27 10:39:19,39,40,8426,40401
2023-06-27 10:39:26,38,39,8396,40431
2023-06-27 10:39:43,39,40,8411,40446
2023-06-27 10:39:57,38,40,8411,40446
2023-06-27 10:39:57,40,41,8426,40461
2023-06-27 10:40:01,39,41,8426,40461
2023-06-27 10:40:02,40,41,8426,40461
2023-06-27 10:40:07,38,41,8426,40461
2023-06-27 10:40:08,40,41,8426,40461
2023-06-27 10:40:23,39,41,8426,40461
2023-06-27 10:40:23,40,41,8426,40461
2023-06-27 10:40:30,41,42,8441,40476
2023-06-27 10:40:30,41,42,8456,40491
2023-06-27 10:40:32,42,43,8471,40506
2023-06-27 10:40:33,41,43,8471,40541
2023-06-27 10:40:40,41,42,8471,40541
2023-06-27 10:40:43,38,42,8571,40671
2023-06-27 10:40:43,39,42,8571,40671
2023-06-27 10:40:43,39,41,8571,40671
2023-06-27 10:40:50,39,43,8571,40671
2023-06-27 10:40:50,39,42,8571,40671
2023-06-27 10:40:50,40,42,8571,40671
2023-06-27 10:40:50,40,43,8571,40671
2023-06-27 10:40:57,41,43,8571,40671
2023-06-27 10:41:05,40,43,8571,40671
2023-06-27 10:41:08,40,42,8571,40671
2023-06-27 10:41:11,39,42,8571,40671
2023-06-27 10:41:11,39,41,8571,40671
2023-06-27 10:41:18,39,42,8571,40671
2023-06-27 10:41:18,40,42,8571,40671
2023-06-27 10:41:46,41,42,8571,40671
2023-06-27 10:42:07,40,42,8571,40671
2023-06-27 10:42:15,40,41,8571,40671
2023-06-27 10:42:40,39,41,8571,40721
2023-06-27 10:42:41,38,41,8571,40971
2023-06-27 10:42:41,38,40,8571,40971
2023-06-27 10:42:44,38,39,8571,40971
2023-06-27 10:42:49,37,39,8541,41001
2023-06-27 10:42:50,35,39,8541,41001
2023-06-27 10:42:50,35,38,8541,41001
2023-06-27 10:42:50,36,38,8541,41001
2023-06-27 10:43:04,35,38,8491,41051
2023-06-27 10:43:05,35,36,8491,41051
2023-06-27 10:43:22,34,36,8491,41051
2023-06-27 10:43:22,35,36,8491,41051
2023-06-27 10:43:31,34,36,8491,41051
2023-06-27 10:43:32,33,36,8491,41051
2023-06-27 10:43:32,34,36,8491,41051
2023-06-27 10:43:38,33,36,8491,41051
2023-06-27 10:43:38,34,36,8491,41051
2023-06-27 10:43:42,33,36,8491,41051
2023-06-27 10:43:42,34,36,8491,41051
2023-06-27 10:44:08,34,35,8491,41051
2023-06-27 10:44:11,34,36,8491,41051
2023-06-27 10:44:16,35,36,8491,41051
2023-06-27 10:44:20,35,36,8541,41101
2023-06-27 10:44:24,34,36,8541,41101
2023-06-27 10:44:37,35,36,8541,41101
2023-06-27 10:44:47,34,36,8541,41101
2023-06-27 10:44:47,35,36,8541,41101
2023-06-27 10:44:58,34,36,8541,41101
2023-06-27 10:44:58,35,36,8541,41101
2023-06-27 10:45:11,36,37,8556,41116
2023-06-27 10:45:16,35,37,8556,41116
2023-06-27 10:45:19,36,37,8556,41116
2023-06-27 10:45:26,35,37,8556,41116
2023-06-27 10:45:38,36,37,8556,41116
2023-06-27 10:45:42,37,38,8571,41131
2023-06-27 10:46:02,36,38,8571,41131
2023-06-27 10:46:04,37,38,8571,41131
2023-06-27 10:46:09,37,39,8601,41161
2023-06-27 10:46:17,37,40,8601,41161
2023-06-27 10:46:17,37,39,8601,41161
2023-06-27 10:46:17,37,40,8601,41161
2023-06-27 10:46:18,38,40,8601,41161
2023-06-27 10:46:19,38,39,8601,41161
2023-06-27 10:46:22,37,39,8586,41326
2023-06-27 10:46:23,37,38,8586,41326
2023-06-27 10:46:27,37,40,8586,41326
2023-06-27 10:46:27,37,39,8586,41326
2023-06-27 10:46:30,37,40,8586,41326
2023-06-27 10:46:31,38,40,8586,41326
2023-06-27 10:46:31,38,39,8586,41326
2023-06-27 10:46:32,38,39,8601,41341
2023-06-27 10:46:43,37,39,8601,41341
2023-06-27 10:46:43,38,39,8601,41341
2023-06-27 10:46:47,37,39,8601,41341
2023-06-27 10:46:52,37,38,8601,41341
2023-06-27 10:46:52,37,38,8601,41356
2023-06-27 10:47:01,37,39,8601,41356
2023-06-27 10:47:01,37,38,8601,41356
2023-06-27 10:47:36,36,38,8586,41371
2023-06-27 10:47:36,36,37,8586,41371
2023-06-27 10:47:37,35,36,8571,41386
2023-06-27 10:47:49,33,35,8556,41401
2023-06-27 10:48:00,34,35,8556,41401
2023-06-27 10:48:01,34,36,8571,41551
2023-06-27 10:48:02,35,36,8571,41551
2023-06-27 10:48:10,36,37,8521,41616
2023-06-27 10:48:12,36,38,8536,41781
2023-06-27 10:48:16,37,38,8536,41781
2023-06-27 10:48:24,37,39,8551,41796
2023-06-27 10:48:30,38,39,8551,41796
2023-06-27 10:48:30,38,39,8566,41811
2023-06-27 10:48:35,37,39,8566,41811
2023-06-27 10:48:35,37,40,8596,41861
2023-06-27 10:48:35,38,40,8596,41861
2023-06-27 10:48:47,40,41,8611,41906
2023-06-27 10:49:13,38,41,8611,41906
2023-06-27 10:49:13,40,41,8611,41906
2023-06-27 10:49:21,39,41,8611,41906
2023-06-27 10:49:21,40,41,8611,41906
2023-06-27 10:49:33,40,43,8626,41921
2023-06-27 10:49:33,40,42,8626,41921
2023-06-27 10:49:34,41,42,8626,41921
2023-06-27 10:49:34,41,42,8641,41936
2023-06-27 10:49:34,41,43,8641,41936
2023-06-27 10:49:38,41,43,8741,42036
2023-06-27 10:49:38,41,43,8741,42036
2023-06-27 10:49:41,39,43,8741,42036
2023-06-27 10:49:41,41,43,8741,42036
2023-06-27 10:49:58,39,43,8741,42036
2023-06-27 10:49:58,39,42,8741,42036
2023-06-27 10:49:58,40,42,8741,42036
2023-06-27 10:50:01,40,43,8741,42036
2023-06-27 10:50:01,40,42,8741,42036
2023-06-27 10:50:05,39,42,8741,42036
2023-06-27 10:50:05,40,42,8741,42036
2023-06-27 10:50:05,40,41,8741,42036
2023-06-27 10:50:12,40,43,8741,42036
2023-06-27 10:50:12,41,43,8741,42036
2023-06-27 10:50:18,40,43,8741,42036
2023-06-27 10:50:19,40,42,8741,42036
2023-06-27 10:50:39,41,42,8741,42036
2023-06-27 10:50:43,41,43,8756,42051
2023-06-27 10:50:45,42,43,8756,42051
2023-06-27 10:50:47,42,44,8771,42066
2023-06-27 10:50:48,43,44,8771,42066
2023-06-27 10:50:59,44,45,8786,42081
2023-06-27 10:50:59,44,45,8861,42156
2023-06-27 10:51:05,44,46,8876,42171
2023-06-27 10:51:15,44,47,8891,42236
2023-06-27 10:51:20,44,46,8891,42236
2023-06-27 10:51:25,44,47,8891,42236
2023-06-27 10:51:25,45,47,8891,42236
2023-06-27 10:51:27,44,47,8891,42236
2023-06-27 10:51:27,44,46,8891,42236
2023-06-27 10:51:38,44,45,8891,42236
2023-06-27 10:51:52,44,46,8891,42236
2023-06-27 10:51:53,44,47,8891,42236
2023-06-27 10:51:53,44,46,8891,42236
2023-06-27 10:51:56,45,46,8891,42236
2023-06-27 10:51:56,45,47,8891,42236
2023-06-27 10:52:12,46,47,8891,42236
2023-06-27 10:52:12,45,47,8941,42286
2023-06-27 10:52:12,45,46,8941,42286
2023-06-27 10:52:17,46,47,8991,42336
2023-06-27 10:52:26,45,47,8991,42336
2023-06-27 10:52:36,45,46,8991,42336
2023-06-27 10:52:36,46,47,8995,42340
2023-06-27 10:52:40,45,47,8995,42340
2023-06-27 10:53:02,45,46,8995,42340
2023-06-27 10:53:16,45,47,8995,42340
2023-06-27 10:53:16,45,46,8995,42340
2023-06-27 10:53:22,44,46,8980,42355
2023-06-27 10:53:22,44,45,8980,42355
2023-06-27 10:53:26,43,45,8950,42385
2023-06-27 10:53:27,43,44,8950,42385
2023-06-27 10:53:27,41,44,8950,42485
2023-06-27 10:53:28,42,44,8950,42485
2023-06-27 10:53:35,41,44,8935,42700
2023-06-27 10:53:36,40,44,8935,42700
2023-06-27 10:53:36,41,44,8935,42700
2023-06-27 10:53:38,41,43,8935,42700
2023-06-27 10:54:06,42,43,8935,42700
2023-06-27 10:54:24,42,44,9050,42815
2023-06-27 10:54:35,43,44,9050,42815
2023-06-27 10:54:38,44,45,9065,42830
2023-06-27 10:54:38,44,45,9115,42880
2023-06-27 10:54:39,44,45,9130,42895
2023-06-27 10:54:45,42,45,9130,42895
2023-06-27 10:54:45,43,45,9130,42895
2023-06-27 10:54:47,42,45,9130,42895
2023-06-27 10:54:47,43,45,9130,42895
2023-06-27 10:55:01,43,44,9130,42895
2023-06-27 10:55:03,43,45,9130,42895
2023-06-27 10:55:04,43,44,9130,42895
2023-06-27 10:55:04,42,44,9130,42910
2023-06-27 10:55:04,42,44,9130,42915
2023-06-27 10:55:22,43,44,9130,42915
2023-06-27 10:55:23,43,45,9145,42930
2023-06-27 10:55:41,43,44,9145,42930
2023-06-27 10:55:41,42,44,9145,42945
2023-06-27 10:55:45,42,45,9145,42945
2023-06-27 10:55:45,43,45,9145,42945
2023-06-27 10:55:45,43,44,9145,42945
2023-06-27 10:55:50,42,44,9145,42945
2023-06-27 10:56:14,42,43,9145,42945
2023-06-27 10:56:14,42,43,9220,43030
2023-06-27 10:56:30,41,43,9245,43055
2023-06-27 10:56:30,41,42,9245,43055
2023-06-27 10:56:32,39,41,9220,43080
2023-06-27 10:56:36,40,41,9220,43080
2023-06-27 10:56:45,41,43,9245,43105
2023-06-27 10:56:52,40,43,9245,43105
2023-06-27 10:56:53,40,42,9245,43105
2023-06-27 10:57:05,40,41,9245,43105
2023-06-27 10:57:11,40,42,9245,43105
2023-06-27 10:57:11,40,41,9245,43105
2023-06-27 10:57:14,40,42,9245,43105
2023-06-27 10:57:28,41,42,9245,43105
2023-06-27 10:57:40,40,42,9245,43105
2023-06-27 10:57:41,41,42,9245,43105
2023-06-27 10:57:46,42,43,9260,43120
2023-06-27 10:58:06,40,43,9260,43120
2023-06-27 10:58:06,41,43,9260,43120
2023-06-27 10:58:12,42,43,9260,43120
2023-06-27 10:58:17,41,43,9260,43120
2023-06-27 10:58:17,42,43,9260,43120
2023-06-27 10:58:22,43,44,9275,43233
2023-06-27 10:58:35,41,44,9275,43233
2023-06-27 10:58:35,42,44,9275,43233
2023-06-27 10:58:37,41,44,9275,43233
2023-06-27 10:58:37,42,44,9275,43233
2023-06-27 10:58:52,43,44,9275,43233
2023-06-27 10:59:06,42,44,9275,43233
2023-06-27 10:59:06,43,44,9275,43233
2023-06-27 10:59:13,43,45,9290,43248
2023-06-27 10:59:14,44,45,9290,43248
2023-06-27 10:59:34,44,46,9305,43263
2023-06-27 10:59:37,45,46,9305,43263
2023-06-27 10:59:37,45,46,9330,43288
2023-06-27 10:59:43,45,47,9345,43303
2023-06-27 11:00:28,46,47,9345,43303
2023-06-27 11:00:32,46,48,9360,43318
2023-06-27 11:00:34,45,48,9360,43318
2023-06-27 11:00:34,47,48,9360,43318
2023-06-27 11:00:38,47,49,9375,43383
2023-06-27 11:00:44,46,49,9375,43383
2023-06-27 11:00:44,47,49,9375,43383
2023-06-27 11:01:14,47,48,9375,43383
2023-06-27 11:01:17,47,49,9375,43383
2023-06-27 11:01:29,48,49,9375,43383
2023-06-27 11:01:35,48,50,9475,43483
2023-06-27 11:01:44,48,49,9475,43483
2023-06-27 11:01:47,47,49,9475,43498
2023-06-27 11:01:54,48,49,9475,43498
2023-06-27 11:01:54,48,49,9475,43533
2023-06-27 11:01:55,47,49,9475,43533
2023-06-27 11:01:55,47,49,9790,43848
2023-06-27 11:02:04,47,50,9790,43848
2023-06-27 11:02:04,47,48,9790,43848
2023-06-27 11:02:16,47,49,9790,43848
2023-06-27 11:02:16,46,47,9745,43893
2023-06-27 11:02:20,45,47,9695,43943
2023-06-27 11:02:27,45,46,9495,44143
2023-06-27 11:02:27,45,46,9495,44178
2023-06-27 11:02:38,45,47,9745,44428
2023-06-27 11:02:42,45,46,9745,44428
2023-06-27 11:02:48,45,48,9745,44428
2023-06-27 11:02:48,46,48,9745,44428
2023-06-27 11:03:04,45,48,9745,44428
2023-06-27 11:03:04,46,48,9745,44428
2023-06-27 11:03:04,46,47,9745,44428
2023-06-27 11:03:12,45,47,9745,44478
2023-06-27 11:03:17,46,47,9745,44478
2023-06-27 11:03:22,45,47,9745,44478
2023-06-27 11:03:30,45,46,9745,44478
2023-06-27 11:03:30,44,46,9730,44493
2023-06-27 11:03:40,44,45,9730,44493
2023-06-27 11:03:44,42,45,9730,44493
2023-06-27 11:03:44,41,45,9730,44493
2023-06-27 11:03:44,43,45,9730,44493
2023-06-27 11:03:46,41,45,9605,44618
2023-06-27 11:03:48,42,45,9605,44618
2023-06-27 11:04:05,42,43,9605,44618
2023-06-27 11:04:05,41,43,9605,44628
2023-06-27 11:04:05,39,43,9605,44628
2023-06-27 11:04:05,39,42,9605,44628
2023-06-27 11:04:07,40,42,9605,44628
2023-06-27 11:04:43,40,42,10105,45128
2023-06-27 11:04:46,40,41,10105,45128
2023-06-27 11:04:46,39,41,10075,45258
2023-06-27 11:04:49,37,41,10075,45258
2023-06-27 11:04:49,39,41,10075,45258
2023-06-27 11:04:49,38,41,10070,45263
2023-06-27 11:04:52,38,40,10070,45263
2023-06-27 11:04:54,36,40,9911,45452
2023-06-27 11:05:00,37,40,9911,45452
2023-06-27 11:05:04,38,40,9911,45452
2023-06-27 11:05:07,36,40,10161,45702
2023-06-27 11:05:10,36,39,10161,45702
2023-06-27 11:05:13,35,39,10161,45932
2023-06-27 11:05:25,35,38,10161,45932
2023-06-27 11:05:26,35,38,10336,46107
2023-06-27 11:05:26,35,36,10336,46107
2023-06-27 11:05:28,33,36,10336,46122
2023-06-27 11:05:29,34,36,10336,46122
2023-06-27 11:05:38,35,36,10336,46122
2023-06-27 11:05:42,34,36,10336,46122
2023-06-27 11:06:17,35,36,10336,46122
2023-06-27 11:06:40,35,37,10336,46137
2023-06-27 11:06:44,36,37,10336,46137
2023-06-27 11:06:47,37,38,10336,46152
2023-06-27 11:07:14,35,38,10336,46152
2023-06-27 11:07:14,35,37,10336,46152
2023-06-27 11:07:17,35,38,10336,46152
2023-06-27 11:07:19,35,37,10336,46152
2023-06-27 11:07:23,35,36,10336,46152
2023-06-27 11:07:24,35,37,10286,46202
2023-06-27 11:07:25,37,38,10111,46377
2023-06-27 11:07:25,36,38,10132,46402
2023-06-27 11:07:27,36,37,10132,46402
2023-06-27 11:07:28,36,37,10232,46502
2023-06-27 11:07:31,36,38,10182,46552
2023-06-27 11:07:34,37,38,10182,46552
2023-06-27 11:07:35,37,39,10182,46567
2023-06-27 11:07:38,37,40,10182,46582
2023-06-27 11:07:39,38,40,10182,46582
2023-06-27 11:07:40,38,39,10182,46582
2023-06-27 11:08:05,37,38,10167,46647
2023-06-27 11:08:06,37,38,10302,46797
2023-06-27 11:08:06,36,37,10367,46862
2023-06-27 11:08:15,36,37,10370,46865
2023-06-27 11:08:23,35,37,10370,46880
2023-06-27 11:08:23,35,36,10370,46880
2023-06-27 11:08:23,35,36,10375,46885
2023-06-27 11:08:27,35,37,10375,46900
2023-06-27 11:08:30,36,37,10375,46900
2023-06-27 11:08:32,35,37,10375,46900
2023-06-27 11:08:32,36,37,10375,46900
2023-06-27 11:08:52,35,37,10375,46900
2023-06-27 11:08:52,36,37,10375,46900
2023-06-27 11:09:06,35,37,10375,46900
2023-06-27 11:09:06,35,36,10375,46900
2023-06-27 11:09:21,35,37,10375,46900
2023-06-27 11:09:30,36,37,10375,46900
2023-06-27 11:09:30,36,37,10390,46915
2023-06-27 11:09:49,36,37,10425,46950
2023-06-27 11:09:57,35,37,10425,46950
2023-06-27 11:09:57,36,37,10425,46950
2023-06-27 11:09:57,36,37,10425,46985
2023-06-27 11:10:03,36,37,10484,47044
2023-06-27 11:10:04,35,37,10490,47050
2023-06-27 11:10:06,35,36,10490,47050
2023-06-27 11:10:09,34,35,10460,47080
2023-06-27 11:10:15,34,36,10460,47080
2023-06-27 11:10:15,34,35,10460,47080
2023-06-27 11:10:57,33,34,10430,47110
2023-06-27 11:11:01,32,33,10420,47120
2023-06-27 11:11:06,31,32,10499,47220
2023-06-27 11:11:14,28,32,10499,47220
2023-06-27 11:11:14,28,30,10499,47220
2023-06-27 11:11:17,28,32,10499,47220
2023-06-27 11:11:17,28,30,10499,47220
2023-06-27 11:11:27,29,30,10499,47220
2023-06-27 11:11:27,29,32,10499,47220
2023-06-27 11:11:27,29,31,10499,47220
2023-06-27 11:11:32,30,31,10499,47220
2023-06-27 11:11:33,30,31,10249,47470
2023-06-27 11:11:33,30,33,10149,47585
2023-06-27 11:11:41,31,33,10149,47585
2023-06-27 11:11:44,30,33,10149,47585
2023-06-27 11:11:46,31,33,10149,47585
2023-06-27 11:11:54,32,33,10149,47585
2023-06-27 11:11:57,32,34,10149,47615
2023-06-27 11:12:46,31,34,10149,47615
2023-06-27 11:12:47,31,33,10149,47615
2023-06-27 11:12:51,31,34,10149,47615
2023-06-27 11:13:04,31,33,10149,47615
2023-06-27 11:13:05,32,33,10149,47615
2023-06-27 11:13:10,32,34,10149,47615
2023-06-27 11:13:17,32,33,10149,47615
2023-06-27 11:13:24,32,34,10149,47615
2023-06-27 11:13:29,33,34,10149,47615
2023-06-27 11:13:31,33,34,10193,47659
2023-06-27 11:13:31,32,34,10193,47659
2023-06-27 11:13:56,33,34,10193,47659
2023-06-27 11:14:03,34,35,10193,47689
2023-06-27 11:14:04,34,36,10193,47704
2023-06-27 11:14:05,35,36,10193,47704
2023-06-27 11:14:06,35,37,10193,47719
2023-06-27 11:14:23,36,37,10193,47719
2023-06-27 11:14:27,36,39,10193,47831
2023-06-27 11:14:28,35,39,10193,47831
2023-06-27 11:14:33,35,38,10193,47831
2023-06-27 11:14:39,36,38,10193,47831
2023-06-27 11:14:57,37,38,10193,47831
2023-06-27 11:15:00,37,39,10193,47846
2023-06-27 11:15:06,36,39,10193,47846
2023-06-27 11:15:11,37,39,10193,47846
2023-06-27 11:15:15,37,40,10193,47861
2023-06-27 11:15:32,39,40,10193,47861
2023-06-27 11:15:50,37,40,10193,47861
2023-06-27 11:15:50,38,40,10193,47861
2023-06-27 11:15:52,38,39,10193,47861
2023-06-27 11:15:55,37,39,10193,47861
2023-06-27 11:16:05,37,40,10193,47861
2023-06-27 11:16:05,37,38,10193,47861
2023-06-27 11:16:17,37,40,10093,47961
2023-06-27 11:16:17,37,39,10093,47961
2023-06-27 11:16:33,37,40,10093,47961
2023-06-27 11:16:33,38,40,10093,47961
2023-06-27 11:16:45,39,40,10093,47961
2023-06-27 11:16:55,40,41,10108,47976
2023-06-27 11:16:58,40,42,9960,48139
2023-06-27 11:16:59,41,42,9960,48139
2023-06-27 11:17:07,40,42,9960,48139
2023-06-27 11:17:07,41,42,9960,48139
2023-06-27 11:17:08,41,43,9960,48204
2023-06-27 11:17:09,41,44,9960,48204
2023-06-27 11:17:17,40,44,9960,48204
2023-06-27 11:17:17,42,44,9960,48204
2023-06-27 11:17:25,42,45,9968,48369
2023-06-27 11:17:31,42,44,9968,48369
2023-06-27 11:17:31,42,45,10268,48669
2023-06-27 11:17:34,43,45,10268,48669
2023-06-27 11:18:03,43,44,10268,48669
2023-06-27 11:18:16,43,45,10268,48669
2023-06-27 11:18:23,43,44,10268,48669
2023-06-27 11:18:26,43,45,10268,48669
2023-06-27 11:18:26,44,45,10268,48669
2023-06-27 11:18:29,43,45,10268,48669
2023-06-27 11:18:45,43,44,10268,48669
2023-06-27 11:19:12,43,45,10268,48669
2023-06-27 11:19:13,44,45,10268,48669
2023-06-27 11:20:15,44,46,10283,48684
2023-06-27 11:20:16,45,46,10283,48684
2023-06-27 11:20:31,45,47,10298,48699
2023-06-27 11:20:31,46,47,10298,48699
2023-06-27 11:20:35,46,48,10298,48699
2023-06-27 11:20:35,46,47,10298,48699
2023-06-27 11:20:41,46,48,10313,48714
2023-06-27 11:20:42,47,48,10313,48714
2023-06-27 11:20:47,46,48,10313,48714
2023-06-27 11:20:53,47,48,10313,48714
2023-06-27 11:20:58,46,48,10313,48714
2023-06-27 11:21:00,47,48,10313,48714
2023-06-27 11:21:02,46,48,10313,48714
2023-06-27 11:21:13,47,48,10313,48714
2023-06-27 11:21:32,47,49,10328,48729
2023-06-27 11:21:33,48,49,10328,48729
2023-06-27 11:21:42,48,50,10343,48844
2023-06-27 11:21:42,49,50,10343,48844
2023-06-27 11:21:56,49,51,10358,48862
2023-06-27 11:21:57,50,51,10358,48862
2023-06-27 11:21:58,50,53,10408,49012
2023-06-27 11:21:59,50,52,10408,49012
2023-06-27 11:22:00,50,53,10408,49012
2023-06-27 11:22:01,49,53,10408,49012
2023-06-27 11:22:01,51,53,10408,49012
2023-06-27 11:22:02,51,52,10408,49012
2023-06-27 11:22:02,51,52,10408,49062
2023-06-27 11:22:06,50,52,10408,49062
2023-06-27 11:22:07,50,52,10423,49077
2023-06-27 11:22:11,51,52,10423,49077
2023-06-27 11:22:23,50,52,10523,49192
2023-06-27 11:22:27,50,53,10523,49192
2023-06-27 11:22:29,51,53,10523,49192
2023-06-27 11:22:33,50,53,10523,49192
2023-06-27 11:22:42,50,52,10523,49192
2023-06-27 11:22:51,50,51,10523,49192
2023-06-27 11:23:29,49,51,10258,49457
2023-06-27 11:23:50,48,51,10243,49472
2023-06-27 11:23:51,50,51,10243,49472
2023-06-27 11:23:52,48,51,10243,49722
2023-06-27 11:24:04,49,51,10243,49722
2023-06-27 11:24:05,49,50,10243,49722
2023-06-27 11:24:06,49,51,10293,49772
2023-06-27 11:24:14,49,50,10293,49772
2023-06-27 11:24:19,48,50,10293,49772
2023-06-27 11:24:27,49,50,10293,49772
2023-06-27 11:24:31,48,50,10293,49772
2023-06-27 11:24:41,49,50,10293,49772
2023-06-27 11:24:44,49,50,10443,49922
2023-06-27 11:24:58,48,50,10443,49922
2023-06-27 11:25:03,50,51,10458,49937
2023-06-27 11:25:07,48,51,10493,49972
2023-06-27 11:25:19,49,51,10493,49972
2023-06-27 11:25:24,50,51,10493,49972
2023-06-27 11:25:24,49,51,10593,50072
2023-06-27 11:25:35,48,51,10593,50072
2023-06-27 11:25:35,49,51,10593,50072
2023-06-27 11:25:41,49,50,10593,50072
2023-06-27 11:25:45,49,50,10593,50073
2023-06-27 11:25:58,49,51,10593,50222
2023-06-27 11:26:17,49,50,10593,50222
2023-06-27 11:26:28,49,51,10593,50222
2023-06-27 11:26:28,49,50,10593,50222
2023-06-27 11:26:31,49,51,10593,50222
2023-06-27 11:26:51,49,50,10593,50222
2023-06-27 11:27:01,48,50,10593,50237
2023-06-27 11:27:01,48,49,10593,50237
2023-06-27 11:27:16,47,49,10563,50267
2023-06-27 11:27:18,46,49,10563,50267
2023-06-27 11:27:18,46,48,10563,50267
2023-06-27 11:27:25,47,48,10563,50267
2023-06-27 11:27:34,48,49,10578,50282
2023-06-27 11:27:37,47,49,10578,50282
2023-06-27 11:27:37,49,51,10608,50312
2023-06-27 11:27:37,49,50,10608,50312
2023-06-27 11:27:41,50,51,10623,50327
2023-06-27 11:27:42,50,51,10653,50357
2023-06-27 11:27:42,49,50,10658,50362
2023-06-27 11:27:44,49,51,10683,50387
2023-06-27 11:27:46,50,51,10683,50387
2023-06-27 11:27:54,50,52,10698,50402
2023-06-27 11:27:56,51,52,10698,50402
2023-06-27 11:28:00,51,53,10763,50467
2023-06-27 11:28:04,52,53,10763,50467
2023-06-27 11:28:04,52,53,10813,50517
2023-06-27 11:28:04,51,53,10863,50567
2023-06-27 11:28:07,51,52,10863,50567
2023-06-27 11:28:07,51,53,10963,50667
2023-06-27 11:28:11,51,54,10978,51032
2023-06-27 11:28:16,52,54,10978,51032
2023-06-27 11:28:16,52,54,11028,51082
2023-06-27 11:28:16,52,53,11028,51082
2023-06-27 11:28:16,52,54,11028,51082
2023-06-27 11:28:27,53,54,11028,51082
2023-06-27 11:28:30,53,55,11093,51147
2023-06-27 11:28:36,52,55,11093,51147
2023-06-27 11:28:36,52,56,11093,51147
2023-06-27 11:28:36,53,56,11093,51147
2023-06-27 11:28:36,55,56,11093,51147
2023-06-27 11:28:36,55,56,11108,51162
2023-06-27 11:28:36,53,55,11143,51197
2023-06-27 11:28:38,54,55,11143,51197
2023-06-27 11:28:40,54,56,11173,51227
2023-06-27 11:28:41,53,56,11173,51227
2023-06-27 11:28:41,55,56,11173,51227
2023-06-27 11:28:41,53,56,11273,51327
2023-06-27 11:28:47,54,56,11273,51327
2023-06-27 11:28:47,55,56,11273,51327
2023-06-27 11:28:51,55,57,11323,51377
2023-06-27 11:28:52,55,56,11323,51377
2023-06-27 11:28:52,55,57,11338,51392
2023-06-27 11:28:53,56,57,11338,51392
2023-06-27 11:28:54,57,58,11289,51542
2023-06-27 11:28:54,57,59,11289,51542
2023-06-27 11:28:54,56,57,11339,51592
2023-06-27 11:28:54,56,59,11339,51592
2023-06-27 11:28:54,56,58,11339,51592
2023-06-27 11:28:55,56,57,11339,51592
2023-06-27 11:28:55,56,58,11354,51607
2023-06-27 11:29:08,57,58,11354,51607
2023-06-27 11:29:09,57,58,11404,51657
2023-06-27 11:29:22,56,58,11404,51657
2023-06-27 11:29:38,56,57,11404,51657
2023-06-27 11:29:45,56,58,11404,51657
2023-06-27 11:30:22,57,58,11404,51657
2023-06-27 11:30:27,56,58,11404,51657
2023-06-27 11:31:06,57,58,11404,51657
2023-06-27 11:31:06,57,59,11419,51672
2023-06-27 11:31:35,57,58,11419,51672
2023-06-27 11:32:05,57,59,11419,51672
2023-06-27 11:32:05,57,58,11419,51672
2023-06-27 11:32:30,57,59,11419,51672
2023-06-27 11:32:30,57,58,11419,51672
2023-06-27 11:32:56,57,59,11419,51672
2023-06-27 11:32:56,57,58,11419,51672
2023-06-27 11:33:12,57,59,11419,51672
2023-06-27 11:33:18,57,58,11419,51672
2023-06-27 11:33:29,57,59,11419,51672
2023-06-27 11:33:30,57,58,11419,51672
2023-06-27 11:33:43,56,57,11389,51702
2023-06-27 11:35:23,56,57,11389,51732
2023-06-27 11:35:23,54,57,11389,51732
2023-06-27 11:35:23,56,57,11389,51732
2023-06-27 11:35:26,54,57,11389,51732
2023-06-27 11:35:26,55,57,11389,51732
2023-06-27 11:35:32,56,57,11389,51732
2023-06-27 11:35:35,55,57,11389,51732
2023-06-27 11:35:35,56,57,11389,51732
2023-06-27 11:35:50,55,57,11389,51732
2023-06-27 11:35:51,56,57,11389,51732
2023-06-27 11:36:05,55,57,11389,51732
2023-06-27 11:36:05,56,57,11389,51732
2023-06-27 11:36:23,57,58,11404,51747
2023-06-27 11:36:26,56,58,11404,51747
2023-06-27 11:36:27,57,58,11404,51747
2023-06-27 11:36:49,58,59,11419,51762
2023-06-27 11:36:56,59,60,11434,51777
2023-06-27 11:37:06,58,60,11434,51777
2023-06-27 11:37:15,58,59,11434,51777
2023-06-27 11:37:33,58,60,11434,51777
2023-06-27 11:37:33,58,59,11434,51777
2023-06-27 11:37:47,58,60,11434,51777
2023-06-27 11:37:58,58,59,11434,51777
2023-06-27 11:38:07,58,60,11434,51777
2023-06-27 11:38:10,59,60,11434,51777
2023-06-27 11:38:31,58,60,11434,51777
2023-06-27 11:38:47,59,60,11434,51777
2023-06-27 11:39:02,60,61,11449,51792
2023-06-27 11:39:02,60,61,11464,51807
2023-06-27 11:39:08,60,61,11464,51857
2023-06-27 11:39:09,59,61,11464,51857
2023-06-27 11:39:21,60,61,11464,51857
2023-06-27 11:39:27,59,61,11464,51857
2023-06-27 11:40:21,59,60,11464,51857
2023-06-27 11:40:38,59,61,11464,51857
2023-06-27 11:42:06,60,61,11464,51857
2023-06-27 11:42:23,59,61,11464,51857
2023-06-27 11:42:37,59,60,11464,51857
2023-06-27 11:42:40,59,60,11499,51907
2023-06-27 11:42:46,58,60,11499,51907
2023-06-27 11:42:46,58,61,11499,51907
2023-06-27 11:42:46,59,61,11499,51907
2023-06-27 11:43:03,58,61,11499,51907
2023-06-27 11:43:03,58,60,11499,51907
2023-06-27 11:43:09,58,61,11499,51907
2023-06-27 11:43:10,59,61,11499,51907
2023-06-27 11:43:22,58,61,11499,51907
2023-06-27 11:43:23,59,61,11499,51907
2023-06-27 11:43:35,58,61,11499,51907
2023-06-27 11:43:35,59,61,11499,51907
2023-06-27 11:43:40,58,61,11499,51907
2023-06-27 11:43:40,58,60,11499,51907
2023-06-27 11:44:01,59,60,11499,51907
2023-06-27 11:44:40,60,61,11514,51922
2023-06-27 11:44:53,59,61,11514,51922
2023-06-27 11:44:53,60,61,11514,51922
2023-06-27 11:45:23,59,61,11514,51922
2023-06-27 11:45:35,60,61,11514,51922
2023-06-27 11:45:50,59,61,11514,51922
2023-06-27 11:45:50,60,61,11514,51922
2023-06-27 11:46:20,61,62,11529,51937
2023-06-27 11:47:07,60,62,11529,51937
2023-06-27 11:47:54,60,61,11529,51937
2023-06-27 11:48:26,59,61,11529,51952
2023-06-27 11:49:08,59,61,11529,51967
2023-06-27 11:49:08,59,60,11529,51967
2023-06-27 11:49:14,58,59,11514,51982
2023-06-27 11:49:29,59,60,11529,51997
2023-06-27 11:49:34,58,60,11529,51997
2023-06-27 11:49:34,59,60,11529,51997
2023-06-27 11:49:48,58,60,11529,51997
2023-06-27 11:49:48,59,60,11529,51997
2023-06-27 11:50:22,58,60,11529,51997
2023-06-27 11:50:22,59,60,11529,51997
2023-06-27 11:50:59,58,60,11529,51997
2023-06-27 11:50:59,59,60,11529,51997
2023-06-27 11:51:11,60,61,11544,52012
2023-06-27 11:51:13,59,61,11544,52012
2023-06-27 11:51:13,60,61,11544,52012
2023-06-27 11:51:29,61,62,11559,52027
2023-06-27 11:51:37,60,62,11559,52027
2023-06-27 11:51:54,61,62,11559,52027
2023-06-27 11:52:02,62,63,11574,52042
2023-06-27 11:52:22,61,63,11574,52042
2023-06-27 11:52:57,62,63,11574,52042
2023-06-27 11:52:57,62,63,11609,52077
2023-06-27 11:53:11,61,63,11609,52077
2023-06-27 11:53:21,61,62,11609,52077
2023-06-27 11:54:03,61,63,11609,52077
2023-06-27 11:54:30,62,63,11609,52077
2023-06-27 11:55:20,61,63,11609,52077
2023-06-27 11:55:21,62,63,11609,52077
2023-06-27 11:55:22,61,63,11609,52077
2023-06-27 11:55:26,62,63,11609,52077
2023-06-27 11:55:32,61,63,11609,52077
2023-06-27 11:55:38,62,63,11609,52077
2023-06-27 11:55:39,61,63,11609,52077
2023-06-27 11:55:47,62,63,11609,52077
2023-06-27 11:55:59,63,64,11624,52192
2023-06-27 11:56:00,62,64,11624,52192
2023-06-27 11:56:13,63,64,11624,52192
2023-06-27 11:56:13,63,64,11639,52207
2023-06-27 11:57:06,63,64,11639,52208
2023-06-27 11:57:06,62,64,11639,52208
2023-06-27 11:57:06,63,64,11639,52208
2023-06-27 11:57:08,62,64,11639,52208
2023-06-27 11:57:08,63,64,11639,52208
2023-06-27 11:57:21,62,64,11639,52208
2023-06-27 11:57:48,62,63,11639,52208
2023-06-27 11:57:48,61,63,11639,52223
2023-06-27 11:57:53,61,64,11639,52223
2023-06-27 11:57:53,62,64,11639,52223
2023-06-27 11:58:11,61,64,11639,52223
2023-06-27 11:58:11,62,64,11639,52223
2023-06-27 11:58:21,61,64,11639,52223
2023-06-27 11:58:21,62,64,11639,52223
2023-06-27 11:58:27,63,64,11639,52223
2023-06-27 11:58:53,62,64,11639,52223
2023-06-27 11:58:53,63,64,11639,52223
2023-06-27 11:59:31,63,65,11669,52603
2023-06-27 12:00:30,63,66,11669,52603
2023-06-27 12:00:39,64,66,11669,52603
2023-06-27 12:00:39,64,66,11699,52633
2023-06-27 12:00:39,64,65,11699,52633
2023-06-27 12:00:39,64,66,11699,52633
2023-06-27 12:01:11,63,66,11699,52648
2023-06-27 12:01:11,63,65,11699,52648
2023-06-27 12:01:11,63,66,11699,52648
2023-06-27 12:01:31,64,66,11699,52648
2023-06-27 12:02:13,65,66,11699,52648
2023-06-27 12:02:27,64,66,11699,52648
2023-06-27 12:02:39,65,66,11699,52648
2023-06-27 12:02:42,64,66,11699,52648
2023-06-27 12:02:44,65,66,11699,52648
2023-06-27 12:03:03,64,66,11699,52648
2023-06-27 12:03:28,63,66,11699,52648
2023-06-27 12:03:29,64,66,11699,52648
2023-06-27 12:03:30,63,66,11699,52648
2023-06-27 12:03:31,64,66,11699,52648
2023-06-27 12:03:35,63,66,11699,52648
2023-06-27 12:03:43,64,66,11699,52648
2023-06-27 12:03:43,64,65,11699,52648
2023-06-27 12:03:43,64,65,11714,52663
2023-06-27 12:03:43,64,65,11929,52878
2023-06-27 12:03:44,64,66,11929,52878
2023-06-27 12:03:44,63,66,11999,52948
2023-06-27 12:03:45,63,65,11999,52948
2023-06-27 12:03:50,64,65,11999,52948
2023-06-27 12:03:50,64,65,12014,52963
2023-06-27 12:04:03,63,65,12014,52963
2023-06-27 12:04:08,64,65,12014,52963
2023-06-27 12:04:11,63,65,12014,52963
2023-06-27 12:04:11,64,65,12014,52963
2023-06-27 12:04:17,64,65,12094,53043
2023-06-27 12:04:26,65,66,12109,53058
2023-06-27 12:04:32,64,66,12109,53058
2023-06-27 12:04:32,65,66,12109,53058
2023-06-27 12:05:00,66,67,12124,53073
2023-06-27 12:05:46,66,67,12169,53118
2023-06-27 12:05:47,67,68,12184,53133
2023-06-27 12:06:03,67,68,12284,53233
2023-06-27 12:06:19,67,68,12428,53377
2023-06-27 12:06:40,66,68,12428,53383
2023-06-27 12:07:12,66,67,12428,53383
2023-06-27 12:07:12,66,67,12428,53388
2023-06-27 12:07:29,65,67,12418,53398
2023-06-27 12:07:30,65,68,12418,53398
2023-06-27 12:07:30,65,67,12418,53398
2023-06-27 12:08:06,66,67,12418,53398
2023-06-27 12:08:08,65,67,12418,53448
2023-06-27 12:08:50,66,67,12418,53448
2023-06-27 12:08:57,65,67,12418,53448
2023-06-27 12:09:20,66,67,12418,53448
2023-06-27 12:09:32,65,67,12418,53448
2023-06-27 12:09:32,66,67,12418,53448
2023-06-27 12:09:38,65,67,12418,53448
2023-06-27 12:10:15,65,66,12418,53448
2023-06-27 12:10:33,65,67,12418,53448
2023-06-27 12:10:35,66,67,12418,53448
2023-06-27 12:10:56,65,67,12418,53448
2023-06-27 12:10:56,66,67,12418,53448
2023-06-27 12:11:00,67,68,12433,53463
2023-06-27 12:11:11,66,68,12433,53463
2023-06-27 12:11:11,67,68,12433,53463
2023-06-27 12:11:13,66,68,12433,53463
2023-06-27 12:11:13,67,68,12433,53463
2023-06-27 12:11:20,66,68,12433,53613
2023-06-27 12:11:23,67,68,12433,53613
2023-06-27 12:11:25,66,68,12433,53713
2023-06-27 12:11:28,65,68,12433,53913
2023-06-27 12:11:28,67,68,12433,53913
2023-06-27 12:11:35,66,68,12433,53913
2023-06-27 12:12:28,66,67,12433,53913
2023-06-27 12:13:08,66,68,12433,53913
2023-06-27 12:13:08,66,67,12433,53913
2023-06-27 12:13:08,65,67,12433,53928
2023-06-27 12:13:24,66,67,12433,53928
2023-06-27 12:13:24,66,67,12453,53948
2023-06-27 12:13:24,66,67,12473,53968
2023-06-27 12:14:12,65,67,12473,53968
2023-06-27 12:14:59,66,67,12473,53968
2023-06-27 12:14:59,66,67,12488,53983
2023-06-27 12:14:59,66,67,12493,53988
2023-06-27 12:15:07,65,67,12493,53988
2023-06-27 12:15:12,66,67,12493,53988
2023-06-27 12:15:24,66,67,12593,54088
2023-06-27 12:16:04,66,67,12608,54103
2023-06-27 12:16:04,66,67,12693,54188
2023-06-27 12:16:09,67,68,12708,54203
2023-06-27 12:16:36,66,68,12708,54203
2023-06-27 12:16:36,67,68,12708,54203
2023-06-27 12:16:41,67,68,12743,54238
2023-06-27 12:16:51,66,68,12743,54238
2023-06-27 12:16:51,67,68,12743,54238
2023-06-27 12:17:03,65,68,12743,54238
2023-06-27 12:17:03,66,68,12743,54238
2023-06-27 12:17:18,66,67,12743,54238
2023-06-27 12:17:30,65,67,12743,54253
2023-06-27 12:17:32,65,68,12743,54253
2023-06-27 12:17:32,65,67,12743,54253
2023-06-27 12:17:36,66,67,12743,54253
2023-06-27 12:17:43,65,67,12743,54253
2023-06-27 12:17:43,66,67,12743,54253
2023-06-27 12:17:43,66,67,12758,54268
2023-06-27 12:17:51,65,67,12758,54268
2023-06-27 12:17:51,66,67,12758,54268
2023-06-27 12:17:56,65,67,12758,54268
2023-06-27 12:17:56,66,67,12758,54268
2023-06-27 12:18:12,65,67,12758,54268
2023-06-27 12:18:15,65,66,12758,54268
2023-06-27 12:18:25,65,66,12728,54468
2023-06-27 12:18:25,64,66,12728,54468
2023-06-27 12:18:25,65,66,12728,54468
2023-06-27 12:18:25,65,66,12743,54483
2023-06-27 12:18:36,64,66,12743,54483
2023-06-27 12:18:36,65,66,12743,54483
2023-06-27 12:18:40,64,66,12743,54483
2023-06-27 12:18:40,65,66,12743,54483
2023-06-27 12:18:46,64,66,12743,54483
2023-06-27 12:18:46,65,66,12743,54483
2023-06-27 12:19:09,64,65,12743,54633
2023-06-27 12:19:10,64,66,12743,54633
2023-06-27 12:19:12,65,66,12743,54633
2023-06-27 12:19:12,65,66,12758,54648
2023-06-27 12:19:27,64,66,12758,54648
2023-06-27 12:19:27,65,66,12758,54648
2023-06-27 12:19:34,64,66,12758,54648
2023-06-27 12:20:05,65,66,12758,54648
2023-06-27 12:20:24,64,66,12758,54648
2023-06-27 12:20:24,65,66,12758,54648
2023-06-27 12:20:39,64,66,12758,54648
2023-06-27 12:20:44,65,66,12758,54648
2023-06-27 12:20:47,64,66,12758,54648
2023-06-27 12:20:47,65,66,12758,54648
2023-06-27 12:21:01,66,67,12788,54678
2023-06-27 12:21:07,65,67,12788,54678
2023-06-27 12:21:07,66,67,12788,54678
2023-06-27 12:21:19,65,67,12788,54678
2023-06-27 12:21:19,66,67,12788,54678
2023-06-27 12:21:53,65,67,12788,54678
2023-06-27 12:21:53,66,67,12788,54678
2023-06-27 12:22:11,65,67,12788,54678
2023-06-27 12:22:11,66,67,12788,54678
2023-06-27 12:22:27,67,68,12818,54708
2023-06-27 12:22:46,66,68,12818,54708
2023-06-27 12:24:11,67,68,12818,54708
2023-06-27 12:24:29,68,69,12833,54723
2023-06-27 12:24:55,68,69,12835,54725
2023-06-27 12:25:20,69,70,12848,54738
2023-06-27 12:25:21,68,70,12848,55125
2023-06-27 12:25:56,68,70,12848,55525
2023-06-27 12:25:57,67,70,13001,55740
2023-06-27 12:26:01,68,70,13001,55740
2023-06-27 12:26:01,67,70,13151,55890
2023-06-27 12:26:03,68,70,13151,55890
2023-06-27 12:26:03,67,70,13251,55990
2023-06-27 12:26:05,67,70,13651,56390
2023-06-27 12:26:07,66,70,13951,56690
2023-06-27 12:26:07,66,69,13951,56690
2023-06-27 12:26:07,67,69,13951,56690
2023-06-27 12:26:07,66,69,14251,56990
2023-06-27 12:26:07,67,69,14251,56990
2023-06-27 12:26:08,66,69,14551,57290
2023-06-27 12:26:09,68,69,14551,57290
2023-06-27 12:26:09,66,69,14601,57340
2023-06-27 12:26:20,67,69,14601,57340
2023-06-27 12:26:24,66,69,14601,57340
2023-06-27 12:26:24,67,69,14601,57340
2023-06-27 12:26:34,66,69,14701,57455
2023-06-27 12:26:51,66,68,14701,57455
2023-06-27 12:27:30,66,67,14701,57455
2023-06-27 12:27:37,65,67,14701,57455
2023-06-27 12:28:02,65,67,14301,57855
2023-06-27 12:28:03,65,67,13901,58255
2023-06-27 12:28:04,65,68,13801,58355
2023-06-27 12:29:04,65,67,13801,58355
2023-06-27 12:29:04,64,65,13751,58405
2023-06-27 12:29:04,64,67,13601,58555
2023-06-27 12:29:05,64,67,13201,58955
2023-06-27 12:29:08,64,68,13201,58955
2023-06-27 12:29:08,64,67,13201,58955
2023-06-27 12:29:08,64,65,13201,58955
2023-06-27 12:29:09,64,67,13001,59155
2023-06-27 12:29:11,64,65,13001,59155
2023-06-27 12:29:12,64,67,12801,59355
2023-06-27 12:29:29,64,65,12801,59355
2023-06-27 12:29:29,64,67,12768,59555
2023-06-27 12:29:35,64,68,12768,59555
2023-06-27 12:30:26,65,68,12768,59555
2023-06-27 12:30:26,67,68,12768,59555
2023-06-27 12:30:51,65,68,12768,59555
2023-06-27 12:30:51,67,68,12768,59555
2023-06-27 12:31:15,65,68,12768,59555
2023-06-27 12:31:15,67,68,12768,59555
2023-06-27 12:31:25,65,67,12968,59755
2023-06-27 12:31:34,65,67,13068,59855
2023-06-27 12:31:36,65,67,13118,59905
2023-06-27 12:31:41,65,67,13518,60305
2023-06-27 12:31:43,65,67,13568,60355
2023-06-27 12:31:45,65,68,13868,60655
2023-06-27 12:31:50,66,68,13868,60655
2023-06-27 12:32:41,67,68,13868,60655
2023-06-27 12:33:37,66,68,13868,60655
2023-06-27 12:34:40,67,68,13868,60655
2023-06-27 12:35:05,66,68,13868,60655
2023-06-27 12:38:13,66,67,13868,60655
2023-06-27 12:38:23,65,67,13868,60665
2023-06-27 12:38:28,65,66,13868,60665
2023-06-27 12:38:35,64,66,13858,60875
2023-06-27 12:38:35,64,67,13858,60875
2023-06-27 12:38:35,64,65,13858,60875
2023-06-27 12:38:56,63,64,13808,60925
2023-06-27 12:39:03,63,64,13808,60975
2023-06-27 12:39:05,62,64,13808,61225
2023-06-27 12:39:11,62,63,13808,61225
2023-06-27 12:39:13,62,64,13658,61375
2023-06-27 12:39:14,62,63,13658,61375
2023-06-27 12:39:15,62,64,13658,61390
2023-06-27 12:39:27,62,64,13658,61540
2023-06-27 12:39:30,62,63,13658,61540
2023-06-27 12:39:32,61,62,13643,61555
2023-06-27 12:39:34,61,63,13408,61790
2023-06-27 12:39:51,61,63,13415,61797
2023-06-27 12:39:54,61,62,13415,61797
2023-06-27 12:39:55,61,63,13215,61997
2023-06-27 12:39:59,61,62,13215,61997
2023-06-27 12:40:00,61,62,13052,62247
2023-06-27 12:40:01,61,62,13052,62497
2023-06-27 12:40:03,61,63,13052,62497
2023-06-27 12:40:07,62,63,13052,62497
2023-06-27 12:40:09,61,63,13052,62497
2023-06-27 12:40:09,62,63,13052,62497
2023-06-27 12:40:46,61,63,13052,62497
2023-06-27 12:40:46,61,63,13052,62597
2023-06-27 12:40:51,62,63,13052,62597
2023-06-27 12:41:15,61,63,13052,62597
2023-06-27 12:41:15,62,63,13052,62597
2023-06-27 12:41:32,61,62,13052,62747
2023-06-27 12:41:33,61,63,13052,62747
2023-06-27 12:41:34,61,62,13052,62747
2023-06-27 12:41:35,61,63,13052,62747
2023-06-27 12:41:35,61,62,13052,62747
2023-06-27 12:42:19,62,63,13067,62762
2023-06-27 12:42:37,61,63,13067,62762
2023-06-27 12:42:37,62,63,13067,62762
2023-06-27 12:42:48,61,63,13067,62762
2023-06-27 12:42:48,62,63,13067,62762
2023-06-27 12:43:08,61,63,13067,62762
2023-06-27 12:43:08,62,63,13067,62762
2023-06-27 12:43:25,61,63,13067,62762
2023-06-27 12:43:41,62,63,13067,62762
2023-06-27 12:43:46,61,63,13067,62762
2023-06-27 12:43:46,62,63,13067,62762
2023-06-27 12:43:49,61,63,13067,62762
2023-06-27 12:43:51,61,63,13052,62962
2023-06-27 12:43:54,59,63,13052,62962
2023-06-27 12:43:54,61,63,13052,62962
2023-06-27 12:44:05,59,63,13052,62962
2023-06-27 12:44:05,60,63,13052,62962
2023-06-27 12:44:05,60,62,13052,62962
2023-06-27 12:45:01,59,62,13052,62962
2023-06-27 12:45:01,59,61,13052,62962
2023-06-27 12:45:07,58,61,13052,62962
2023-06-27 12:45:07,59,61,13052,62962
2023-06-27 12:45:11,59,60,13052,62962
2023-06-27 12:45:11,58,60,13052,62962
2023-06-27 12:45:20,57,60,13052,63262
2023-06-27 12:45:26,57,59,13052,63262
2023-06-27 12:45:43,57,60,13052,63262
2023-06-27 12:45:48,57,59,13052,63262
2023-06-27 12:46:10,57,60,13052,63262
2023-06-27 12:46:10,57,58,13052,63262
2023-06-27 12:46:10,57,60,13052,63562
2023-06-27 12:46:33,59,60,13052,63562
2023-06-27 12:46:51,57,59,13052,63662
2023-06-27 12:46:52,57,60,13052,63662
2023-06-27 12:47:05,57,59,13052,63662
2023-06-27 12:47:12,57,60,13052,63662
2023-06-27 12:47:46,59,60,13052,63662
2023-06-27 12:47:48,57,60,13052,63662
2023-06-27 12:48:30,57,59,13052,63662
2023-06-27 12:48:37,57,60,13052,63862
2023-06-27 12:48:38,58,60,13052,63862
2023-06-27 12:48:40,59,60,13052,63862
2023-06-27 12:48:45,58,60,13052,63862
2023-06-27 12:50:06,59,60,13052,63862
2023-06-27 12:50:12,58,60,13052,63862
2023-06-27 12:50:12,59,60,13052,63862
2023-06-27 12:50:13,58,59,13052,63962
2023-06-27 12:50:14,58,60,13052,64012
2023-06-27 12:50:15,59,60,13052,64012
2023-06-27 12:50:23,58,60,13052,64012
2023-06-27 12:50:23,58,60,13067,64112
2023-06-27 12:50:33,59,60,13067,64112
2023-06-27 12:50:51,59,61,13067,64427
2023-06-27 12:50:51,60,61,13067,64427
2023-06-27 12:50:52,60,62,13067,64427
2023-06-27 12:50:56,59,62,13067,64427
2023-06-27 12:50:56,60,62,13067,64427
2023-06-27 12:51:01,60,61,13067,64427
2023-06-27 12:51:04,59,61,13067,64427
2023-06-27 12:51:53,60,61,13067,64427
2023-06-27 12:51:53,60,61,13082,64442
2023-06-27 12:51:54,60,61,13097,64457
2023-06-27 12:52:13,59,61,13097,64457
2023-06-27 12:52:43,59,60,13097,64457
2023-06-27 12:52:44,59,61,13097,64457
2023-06-27 12:53:02,59,60,13097,64457
2023-06-27 12:53:05,59,61,13097,64457
2023-06-27 12:53:06,59,60,13097,64457
2023-06-27 12:54:11,58,60,13097,64457
2023-06-27 12:54:13,58,59,13097,64457
2023-06-27 12:54:20,58,60,13097,64457
2023-06-27 12:54:28,59,60,13097,64457
2023-06-27 12:54:41,58,60,13097,64457
2023-06-27 12:54:41,58,60,13097,64507
2023-06-27 12:54:42,59,60,13097,64507
2023-06-27 12:54:43,59,61,13097,64707
2023-06-27 12:54:47,60,61,13097,64707
2023-06-27 12:55:13,59,61,13097,64707
2023-06-27 12:55:13,60,61,13097,64707
2023-06-27 12:55:22,59,61,13097,64707
2023-06-27 12:55:22,60,61,13097,64707
2023-06-27 12:55:23,60,62,13112,64722
2023-06-27 12:56:17,61,62,13112,64722
2023-06-27 12:56:49,61,63,13127,64737
2023-06-27 12:56:49,60,63,13127,64737
2023-06-27 12:56:49,62,63,13127,64737
2023-06-27 12:56:51,61,63,13127,64737
2023-06-27 12:56:52,62,63,13127,64737
2023-06-27 12:56:59,62,64,13142,64752
2023-06-27 12:57:14,63,64,13142,64752
2023-06-27 12:57:22,62,64,13142,64752
2023-06-27 12:57:22,63,64,13142,64752
2023-06-27 12:57:31,63,65,13157,64967
2023-06-27 12:57:34,64,65,13157,64967
2023-06-27 12:57:37,63,65,13157,64967
2023-06-27 12:57:37,64,65,13157,64967
2023-06-27 12:57:40,64,66,13172,64982
2023-06-27 12:57:52,65,66,13172,64982
2023-06-27 12:58:08,66,67,13187,64997
2023-06-27 12:58:26,67,68,13202,65012
2023-06-27 12:58:36,66,68,13202,65012
2023-06-27 13:00:08,66,67,13202,65012
2023-06-27 13:00:12,66,68,13202,65012
2023-06-27 13:00:12,66,67,13202,65012
2023-06-27 13:00:12,65,67,13202,65027
2023-06-27 13:01:04,65,66,13202,65027
2023-06-27 13:01:07,65,67,13202,65027
2023-06-27 13:01:41,66,67,13202,65027
2023-06-27 13:01:46,65,67,13202,65027
2023-06-27 13:01:58,66,67,13202,65027
2023-06-27 13:02:23,65,67,13202,65027
2023-06-27 13:03:10,65,67,13212,65037
2023-06-27 13:04:14,65,67,13214,65039
2023-06-27 13:04:40,66,67,13214,65039
2023-06-27 13:06:24,67,68,13232,65057
2023-06-27 13:06:35,67,68,13432,65257
2023-06-27 13:06:39,67,68,13632,65457
2023-06-27 13:06:48,67,68,13832,65657
2023-06-27 13:06:56,67,68,14032,65857
2023-06-27 13:07:01,67,68,14432,66257
2023-06-27 13:07:11,66,68,14432,66257
2023-06-27 13:07:11,67,68,14432,66257
2023-06-27 13:07:46,66,68,14432,66257
2023-06-27 13:07:46,67,68,14432,66257
2023-06-27 13:07:56,66,68,14432,66257
2023-06-27 13:07:56,67,68,14432,66257
2023-06-27 13:08:08,66,68,14432,66257
2023-06-27 13:08:08,67,68,14432,66257
2023-06-27 13:08:10,67,68,14582,66407
2023-06-27 13:08:15,66,68,14582,66407
2023-06-27 13:08:16,66,68,14632,66457
2023-06-27 13:08:48,67,68,14632,66457
2023-06-27 13:08:57,66,68,14632,66457
2023-06-27 13:09:36,67,68,14632,66457
2023-06-27 13:09:38,66,68,14632,66457
2023-06-27 13:10:32,66,67,14632,66457
2023-06-27 13:10:34,66,68,14632,66457
2023-06-27 13:10:35,66,67,14632,66457
2023-06-27 13:10:55,66,68,14632,66457
2023-06-27 13:10:56,66,67,14632,66457
2023-06-27 13:11:06,66,67,14632,66472
2023-06-27 13:11:11,65,66,14617,66487
2023-06-27 13:11:17,64,65,14572,66632
2023-06-27 13:11:40,64,65,14527,66832
2023-06-27 13:11:51,63,65,14527,66832
2023-06-27 13:11:51,64,65,14527,66832
2023-06-27 13:12:04,63,65,14527,66832
2023-06-27 13:12:23,63,64,14527,66832
2023-06-27 13:12:23,62,64,14527,66832
2023-06-27 13:12:23,63,64,14527,66832
2023-06-27 13:12:35,62,64,14527,66832
2023-06-27 13:12:57,62,65,14542,66847
2023-06-27 13:13:06,63,65,14542,66847
2023-06-27 13:14:23,63,64,14542,66847
2023-06-27 13:14:24,63,65,14542,66997
2023-06-27 13:14:36,63,64,14542,66997
2023-06-27 13:14:38,63,65,14542,67047
2023-06-27 13:14:50,63,64,14542,67047
2023-06-27 13:15:04,63,65,14542,67297
2023-06-27 13:15:05,63,64,14542,67297
2023-06-27 13:15:06,63,65,14542,67397
2023-06-27 13:15:47,63,64,14542,67397
2023-06-27 13:15:59,63,64,14542,67447
2023-06-27 13:16:19,62,63,14527,67462
2023-06-27 13:16:20,62,64,14527,67647
2023-06-27 13:16:20,62,63,14527,67647
2023-06-27 13:16:21,62,64,14527,67647
2023-06-27 13:16:50,61,62,14512,67762
2023-06-27 13:16:50,60,62,14512,67762
2023-06-27 13:16:52,61,62,14512,67762
2023-06-27 13:16:53,61,63,14512,67847
2023-06-27 13:17:06,60,63,14512,67847
2023-06-27 13:17:06,61,63,14512,67847
2023-06-27 13:17:41,60,63,14512,67847
2023-06-27 13:17:41,61,63,14512,67847
2023-06-27 13:17:47,60,63,14512,67847
2023-06-27 13:17:47,61,63,14512,67847
2023-06-27 13:17:49,61,62,14512,67847
2023-06-27 13:17:54,60,62,14512,67847
2023-06-27 13:17:54,61,62,14512,67847
2023-06-27 13:18:35,59,62,14512,67847
2023-06-27 13:18:35,60,62,14512,67847
2023-06-27 13:18:36,59,62,14512,68047
2023-06-27 13:18:37,59,61,14512,68047
2023-06-27 13:18:37,58,61,14512,68047
2023-06-27 13:18:45,59,61,14512,68047
2023-06-27 13:18:48,59,60,14512,68047
2023-06-27 13:19:03,59,61,14527,68262
2023-06-27 13:19:05,58,61,14527,68262
2023-06-27 13:19:11,57,61,14527,68262
2023-06-27 13:19:16,57,60,14527,68262
2023-06-27 13:19:28,57,61,14527,68262
2023-06-27 13:19:39,57,60,14527,68262
2023-06-27 13:19:40,57,61,14527,68262
2023-06-27 13:19:42,57,60,14527,68262
2023-06-27 13:19:50,57,61,14527,68262
2023-06-27 13:19:50,57,60,14527,68262
2023-06-27 13:20:30,57,58,14527,68262
2023-06-27 13:20:31,57,59,14527,68462
2023-06-27 13:20:32,57,59,14567,68502
2023-06-27 13:20:43,57,58,14567,68502
2023-06-27 13:20:53,56,58,14522,68547
2023-06-27 13:20:56,56,57,14522,68547
2023-06-27 13:21:05,56,59,14522,68597
2023-06-27 13:21:05,57,59,14522,68597
2023-06-27 13:21:06,57,58,14522,68597
2023-06-27 13:21:11,57,60,14522,68697
2023-06-27 13:21:11,56,60,14522,68697
2023-06-27 13:21:11,58,60,14522,68697
2023-06-27 13:21:13,58,59,14522,68697
2023-06-27 13:21:14,56,59,14522,68697
2023-06-27 13:21:14,57,59,14522,68697
2023-06-27 13:21:18,57,58,14522,68697
2023-06-27 13:21:22,57,60,14537,68762
2023-06-27 13:21:22,56,60,14537,68762
2023-06-27 13:21:22,58,60,14537,68762
2023-06-27 13:21:24,58,59,14537,68762
2023-06-27 13:21:33,56,59,14537,68762
2023-06-27 13:21:33,57,59,14537,68762
2023-06-27 13:21:38,58,59,14537,68762
2023-06-27 13:22:02,57,59,14537,68762
2023-06-27 13:22:37,57,58,14537,68762
2023-06-27 13:22:37,56,58,14482,68817
2023-06-27 13:22:57,56,57,14482,68817
2023-06-27 13:23:05,55,57,14482,68817
2023-06-27 13:23:07,55,56,14482,68817
2023-06-27 13:23:10,54,56,14467,68832
2023-06-27 13:23:11,54,55,14467,68832
2023-06-27 13:23:14,53,55,14437,68962
2023-06-27 13:23:19,52,55,14437,68962
2023-06-27 13:23:32,53,55,14437,68962
2023-06-27 13:23:37,52,55,14437,68962
2023-06-27 13:24:39,52,53,14437,68962
2023-06-27 13:24:40,52,55,14437,69162
2023-06-27 13:25:09,52,54,14437,69162
2023-06-27 13:25:17,52,55,14437,69162
2023-06-27 13:25:36,53,55,14437,69162
2023-06-27 13:26:12,52,55,14437,69162
2023-06-27 13:26:29,53,55,14437,69162
2023-06-27 13:27:16,52,55,14437,69162
2023-06-27 13:27:16,52,54,14437,69162
2023-06-27 13:28:19,53,54,14437,69162
2023-06-27 13:28:21,53,55,14452,69177
2023-06-27 13:28:25,54,55,14452,69177
2023-06-27 13:28:26,54,56,14467,69192
2023-06-27 13:28:37,54,57,14482,69207
2023-06-27 13:28:38,55,57,14482,69207
2023-06-27 13:29:19,56,57,14482,69207
2023-06-27 13:29:23,56,58,14497,69222
2023-06-27 13:29:25,55,58,14497,69222
2023-06-27 13:29:25,56,58,14497,69222
2023-06-27 13:30:01,56,57,14497,69222
2023-06-27 13:30:03,56,58,14497,69222
2023-06-27 13:30:05,56,57,14497,69222
2023-06-27 13:30:11,55,57,14497,69222
2023-06-27 13:30:13,55,56,14497,69222
2023-06-27 13:30:22,55,56,14497,69234
2023-06-27 13:30:22,54,55,14497,69237
2023-06-27 13:30:44,53,55,14497,69282
2023-06-27 13:30:44,53,54,14497,69282
2023-06-27 13:30:45,52,54,14452,69327
2023-06-27 13:30:56,51,54,14402,69377
2023-06-27 13:30:57,50,54,14402,69377
2023-06-27 13:30:57,50,53,14402,69377
2023-06-27 13:31:06,51,53,14402,69377
2023-06-27 13:31:10,51,52,14402,69377
2023-06-27 13:31:10,50,52,14402,69577
2023-06-27 13:31:15,49,52,14402,69577
2023-06-27 13:31:16,50,52,14402,69577
2023-06-27 13:31:33,49,52,14402,69577
2023-06-27 13:31:45,48,52,14402,69577
2023-06-27 13:31:45,48,51,14402,69577
2023-06-27 13:31:53,48,50,14402,69577
2023-06-27 13:32:09,47,50,14402,69577
2023-06-27 13:32:15,46,50,14402,69577
2023-06-27 13:32:15,47,50,14402,69577
2023-06-27 13:32:17,46,50,14402,69577
2023-06-27 13:32:18,46,49,14402,69577
2023-06-27 13:32:24,47,49,14402,69577
2023-06-27 13:32:32,47,50,14417,69592
2023-06-27 13:32:36,48,50,14417,69592
2023-06-27 13:33:08,46,50,14402,69657
2023-06-27 13:33:10,46,49,14402,69657
2023-06-27 13:33:11,46,48,14402,69657
2023-06-27 13:33:12,46,49,14402,69857
2023-06-27 13:33:16,46,48,14402,69857
2023-06-27 13:33:24,47,48,14402,69857
2023-06-27 13:33:27,47,49,14417,69872
2023-06-27 13:33:30,47,50,14432,69887
2023-06-27 13:33:34,48,50,14432,69887
2023-06-27 13:33:36,47,50,14432,69887
2023-06-27 13:33:45,48,50,14432,69887
2023-06-27 13:33:47,48,51,14447,70102
2023-06-27 13:33:47,48,50,14447,70102
2023-06-27 13:33:48,48,51,14447,70152
2023-06-27 13:34:41,48,50,14447,70152
2023-06-27 13:34:46,48,51,14447,70152
2023-06-27 13:35:23,49,51,14447,70152
2023-06-27 13:35:23,49,52,14462,70217
2023-06-27 13:35:25,48,52,14462,70217
2023-06-27 13:35:26,49,52,14462,70217
2023-06-27 13:35:34,49,51,14462,70217
2023-06-27 13:35:36,48,51,14462,70217
2023-06-27 13:36:10,48,52,14462,70217
2023-06-27 13:36:10,49,52,14462,70217
2023-06-27 13:36:22,48,52,14462,70217
2023-06-27 13:36:22,49,52,14462,70217
2023-06-27 13:36:51,49,51,14462,70217
2023-06-27 13:37:06,49,52,14462,70217
2023-06-27 13:37:07,50,52,14462,70217
2023-06-27 13:37:17,50,53,14477,70232
2023-06-27 13:37:22,51,53,14477,70232
2023-06-27 13:37:37,51,52,14477,70232
2023-06-27 13:37:39,50,52,14477,70232
2023-06-27 13:37:43,50,53,14477,70232
2023-06-27 13:37:50,50,52,14477,70232
2023-06-27 13:38:01,50,53,14477,70232
2023-06-27 13:38:06,51,53,14477,70232
2023-06-27 13:38:19,51,53,14497,70252
2023-06-27 13:38:40,51,52,14497,70252
2023-06-27 13:38:41,50,52,14497,70252
2023-06-27 13:39:36,50,51,14497,70252
2023-06-27 13:39:36,49,51,14467,70282
2023-06-27 13:39:43,49,52,14467,70282
2023-06-27 13:40:07,49,51,14467,70282
2023-06-27 13:40:10,49,50,14467,70282
2023-06-27 13:40:14,49,51,14467,70282
2023-06-27 13:40:14,49,50,14467,70282
2023-06-27 13:40:22,49,51,14467,70282
2023-06-27 13:40:22,49,50,14467,70282
2023-06-27 13:40:24,48,50,14467,70282
2023-06-27 13:40:30,48,49,14467,70282
2023-06-27 13:40:37,47,49,14467,70282
2023-06-27 13:40:51,46,49,14422,70327
2023-06-27 13:40:51,46,48,14422,70327
2023-06-27 13:40:57,46,47,14422,70327
2023-06-27 13:41:00,44,47,14422,70327
2023-06-27 13:41:07,44,46,14422,70327
2023-06-27 13:41:27,45,46,14422,70327
2023-06-27 13:41:27,45,47,14437,70342
2023-06-27 13:41:49,44,47,14437,70342
2023-06-27 13:41:57,44,46,14437,70342
2023-06-27 13:42:18,44,47,14452,70357
2023-06-27 13:42:22,44,46,14452,70357
2023-06-27 13:42:32,44,47,14452,70357
2023-06-27 13:42:50,45,47,14452,70357
2023-06-27 13:43:30,45,46,14452,70357
2023-06-27 13:44:03,45,47,14452,70357
2023-06-27 13:44:17,45,48,14467,70372
2023-06-27 13:44:53,46,48,14467,70372
2023-06-27 13:45:43,46,47,14467,70372
2023-06-27 13:45:47,45,47,14467,70372
2023-06-27 13:45:48,45,46,14467,70372
2023-06-27 13:45:48,44,46,14437,70402
2023-06-27 13:45:51,44,45,14437,70402
2023-06-27 13:45:57,44,46,14437,70402
2023-06-27 13:46:01,43,46,14397,70442
2023-06-27 13:46:03,43,45,14397,70442
2023-06-27 13:46:12,42,45,14357,70482
2023-06-27 13:46:26,42,44,14357,70482
2023-06-27 13:46:26,41,44,14357,70582
2023-06-27 13:46:27,40,44,14357,70582
2023-06-27 13:46:53,40,43,14357,70582
2023-06-27 13:46:57,40,44,14357,70582
2023-06-27 13:47:04,41,44,14357,70582
2023-06-27 13:47:15,42,44,14357,70582
2023-06-27 13:47:23,41,44,14357,70582
2023-06-27 13:47:34,42,44,14357,70582
2023-06-27 13:47:37,43,44,14357,70582
2023-06-27 13:47:40,43,45,14372,70597
2023-06-27 13:47:43,44,45,14372,70597
2023-06-27 13:47:48,44,46,14387,70612
2023-06-27 13:48:04,43,46,14387,70612
2023-06-27 13:48:04,44,46,14387,70612
2023-06-27 13:48:07,44,45,14387,70612
2023-06-27 13:48:07,43,45,14387,70627
2023-06-27 13:48:07,43,44,14387,70627
2023-06-27 13:48:08,42,44,14387,70627
2023-06-27 13:48:09,43,44,14387,70627
2023-06-27 13:48:19,41,44,14387,70657
2023-06-27 13:48:19,41,43,14387,70657
2023-06-27 13:48:40,40,43,14387,70672
2023-06-27 13:48:40,40,42,14387,70672
2023-06-27 13:48:40,40,43,14387,70672
2023-06-27 13:48:53,42,43,14387,70672
2023-06-27 13:49:08,42,43,14397,70682
2023-06-27 13:49:09,40,43,14397,70872
2023-06-27 13:49:09,40,42,14397,70872
2023-06-27 13:49:09,40,43,14397,70872
2023-06-27 13:49:11,39,43,14397,70872
2023-06-27 13:49:12,41,43,14397,70872
2023-06-27 13:49:18,39,43,14397,71122
2023-06-27 13:49:20,39,42,14397,71122
2023-06-27 13:49:20,41,42,14397,71122
2023-06-27 13:49:21,39,42,14397,71172
2023-06-27 13:49:23,40,42,14397,71172
2023-06-27 13:49:24,39,42,14397,71172
2023-06-27 13:49:26,41,42,14397,71172
2023-06-27 13:49:32,40,42,14397,71172
2023-06-27 13:49:32,42,43,14412,71187
2023-06-27 13:49:36,41,43,14412,71187
2023-06-27 13:50:45,40,43,14397,71302
2023-06-27 13:50:48,40,42,14397,71302
2023-06-27 13:52:10,41,42,14397,71302
2023-06-27 13:52:23,40,42,14397,71302
2023-06-27 13:52:30,39,42,14382,71317
2023-06-27 13:52:40,39,41,14382,71317
2023-06-27 13:52:45,38,41,14382,71317
2023-06-27 13:52:48,38,40,14382,71317
2023-06-27 13:52:51,37,40,14382,71317
2023-06-27 13:53:10,38,40,14382,71317
2023-06-27 13:53:22,40,41,14397,71332
2023-06-27 13:53:22,40,41,14426,71361
2023-06-27 13:53:22,38,40,14426,71417
2023-06-27 13:53:22,38,41,14426,71417
2023-06-27 13:53:46,39,41,14426,71417
2023-06-27 13:54:02,38,41,14426,71417
2023-06-27 13:54:02,39,41,14426,71417
2023-06-27 13:54:05,38,41,14411,71432
2023-06-27 13:54:07,38,40,14411,71432
2023-06-27 13:54:10,37,40,14396,71497
2023-06-27 13:54:12,37,39,14396,71497
2023-06-27 13:54:12,36,39,14396,71497
2023-06-27 13:54:14,37,39,14396,71497
2023-06-27 13:54:16,36,39,14396,71547
2023-06-27 13:54:21,36,38,14396,71547
2023-06-27 13:54:26,35,38,14396,71647
2023-06-27 13:54:33,35,39,14396,71647
2023-06-27 13:54:33,35,38,14396,71647
2023-06-27 13:54:33,35,37,14396,71647
2023-06-27 13:54:41,36,37,14396,71647
2023-06-27 13:54:44,36,39,14411,71662
2023-06-27 13:54:44,36,38,14411,71662
2023-06-27 13:54:44,37,38,14411,71662
2023-06-27 13:54:45,37,39,14411,71662
2023-06-27 13:54:50,36,38,14411,71662
2023-06-27 13:54:56,37,38,14411,71662
2023-06-27 13:54:58,37,39,14426,71677
2023-06-27 13:55:03,38,39,14426,71677
2023-06-27 13:55:08,37,39,14426,71727
2023-06-27 13:55:24,38,39,14426,71727
2023-06-27 13:55:27,39,40,14441,71742
2023-06-27 13:55:27,39,40,14456,71757
2023-06-27 13:55:30,38,40,14456,71757
2023-06-27 13:55:30,39,40,14456,71757
2023-06-27 13:55:36,38,40,14456,71757
2023-06-27 13:55:36,39,40,14456,71757
2023-06-27 13:55:43,40,42,14471,71772
2023-06-27 13:56:04,40,43,14486,71787
2023-06-27 13:56:06,41,43,14486,71787
2023-06-27 13:56:12,42,43,14486,71787
2023-06-27 13:56:19,41,43,14486,71787
2023-06-27 13:57:14,42,43,14486,71787
2023-06-27 13:57:19,42,44,14531,71832
2023-06-27 13:57:25,41,44,14531,71832
2023-06-27 13:57:25,42,44,14531,71832
2023-06-27 13:57:54,41,44,14501,71862
2023-06-27 13:57:57,41,43,14501,71862
2023-06-27 13:57:57,40,43,14486,71877
2023-06-27 13:58:04,39,43,14486,71877
2023-06-27 13:58:14,39,42,14486,71877
2023-06-27 13:58:17,38,42,14486,71877
2023-06-27 13:58:17,38,41,14486,71877
2023-06-27 13:58:53,37,41,14471,71992
2023-06-27 13:58:57,37,40,14471,71992
2023-06-27 13:59:08,37,39,14471,71992
2023-06-27 13:59:11,37,40,14471,71992
2023-06-27 13:59:20,36,40,14456,72207
2023-06-27 13:59:22,36,39,14456,72207
2023-06-27 13:59:27,36,39,14640,72607
2023-06-27 13:59:27,36,38,14640,72607
2023-06-27 13:59:28,35,38,14640,72607
2023-06-27 13:59:34,35,37,14640,72607
2023-06-27 13:59:40,35,38,14640,72657
2023-06-27 13:59:41,36,38,14640,72657
2023-06-27 13:59:42,35,38,14640,72657
2023-06-27 13:59:44,35,37,14640,72657
2023-06-27 13:59:52,35,37,14640,72672
2023-06-27 13:59:52,35,36,14640,72672
2023-06-27 13:59:52,34,36,14640,72677
2023-06-27 14:00:03,33,36,14640,72677
2023-06-27 14:00:03,34,36,14640,72677
2023-06-27 14:00:12,34,37,14650,72736
2023-06-27 14:00:12,35,37,14650,72736
2023-06-27 14:00:20,35,36,14650,72736
2023-06-27 14:00:21,34,36,14650,72736
2023-06-27 14:00:21,35,36,14650,72736
2023-06-27 14:00:21,35,36,14650,72986
2023-06-27 14:00:29,34,36,14650,72986
2023-06-27 14:00:34,35,36,14650,72986
2023-06-27 14:00:35,35,37,14652,72988
2023-06-27 14:00:36,36,37,14652,72988
2023-06-27 14:00:45,34,37,14851,73187
2023-06-27 14:00:45,34,36,14851,73187
2023-06-27 14:00:46,34,36,14851,73236
2023-06-27 14:00:53,34,37,14851,73237
2023-06-27 14:00:54,35,37,14851,73237
2023-06-27 14:00:56,36,37,14851,73237
2023-06-27 14:01:04,34,37,15049,73435
2023-06-27 14:01:06,35,37,15049,73435
2023-06-27 14:01:10,34,37,15148,73534
2023-06-27 14:01:13,33,37,15148,73534
2023-06-27 14:01:14,34,37,15148,73534
2023-06-27 14:01:14,34,36,15148,73534
2023-06-27 14:01:22,34,37,15148,73534
2023-06-27 14:01:28,35,37,15148,73534
2023-06-27 14:01:30,35,38,15153,73687
2023-06-27 14:01:33,36,38,15153,73687
2023-06-27 14:01:35,35,38,15153,73687
2023-06-27 14:01:35,35,37,15153,73687
2023-06-27 14:01:48,35,38,15155,73689
2023-06-27 14:01:51,36,38,15155,73689
2023-06-27 14:01:57,36,40,15160,73743
2023-06-27 14:01:58,36,39,15160,73743
2023-06-27 14:02:05,38,39,15160,73743
2023-06-27 14:02:08,36,39,15258,73841
2023-06-27 14:02:08,37,39,15258,73841
2023-06-27 14:02:13,36,39,15454,74037
2023-06-27 14:02:13,35,39,15454,74037
2023-06-27 14:02:14,36,39,15454,74037
2023-06-27 14:02:27,37,39,15454,74037
2023-06-27 14:02:35,36,39,15454,74037
2023-06-27 14:02:35,36,38,15454,74037
2023-06-27 14:02:50,35,38,15454,74037
2023-06-27 14:02:51,35,37,15454,74037
2023-06-27 14:02:55,34,37,15454,74037
2023-06-27 14:02:59,34,38,15454,74037
2023-06-27 14:02:59,34,37,15454,74037
2023-06-27 14:03:24,34,36,15454,74037
2023-06-27 14:03:25,33,36,15454,74037
2023-06-27 14:03:46,33,37,15454,74037
2023-06-27 14:03:46,33,36,15454,74037
2023-06-27 14:03:56,33,35,15454,74037
2023-06-27 14:04:15,33,37,15454,74037
2023-06-27 14:04:15,33,36,15454,74037
2023-06-27 14:04:28,33,35,15454,74037
2023-06-27 14:05:06,33,36,15454,74037
2023-06-27 14:05:10,33,37,15454,74037
2023-06-27 14:05:10,34,37,15454,74037
2023-06-27 14:05:49,35,37,15454,74037
2023-06-27 14:05:55,34,37,15454,74037
2023-06-27 14:05:58,35,37,15454,74037
2023-06-27 14:06:00,34,37,15454,74037
2023-06-27 14:06:00,35,37,15454,74037
2023-06-27 14:06:03,34,37,15454,74037
2023-06-27 14:06:03,35,37,15454,74037
2023-06-27 14:06:06,33,37,15454,74037
2023-06-27 14:06:06,34,37,15454,74037
2023-06-27 14:06:08,34,36,15454,74037
2023-06-27 14:06:10,33,36,15454,74037
2023-06-27 14:06:47,34,36,15454,74037
2023-06-27 14:07:09,35,36,15454,74037
2023-06-27 14:07:18,35,38,15474,74057
2023-06-27 14:07:18,36,38,15474,74057
2023-06-27 14:07:29,35,38,15474,74057
2023-06-27 14:07:29,37,38,15474,74057
2023-06-27 14:07:38,35,38,15474,74057
2023-06-27 14:07:38,36,38,15474,74057
2023-06-27 14:07:54,35,38,15474,74057
2023-06-27 14:07:56,35,37,15474,74057
2023-06-27 14:08:10,34,37,15474,74057
2023-06-27 14:08:10,36,37,15474,74057
2023-06-27 14:08:13,34,37,15474,74057
2023-06-27 14:08:13,35,37,15474,74057
2023-06-27 14:08:43,33,34,15507,74212
2023-06-27 14:08:43,32,34,15507,74212
2023-06-27 14:08:44,32,36,15507,74212
2023-06-27 14:08:44,32,35,15507,74212
2023-06-27 14:08:44,32,34,15507,74212
2023-06-27 14:08:46,31,34,15507,74212
2023-06-27 14:09:05,32,34,15507,74212
2023-06-27 14:09:09,32,36,15507,74212
2023-06-27 14:09:09,32,35,15507,74212
2023-06-27 14:09:10,33,35,15507,74212
2023-06-27 14:09:15,33,37,15507,74212
2023-06-27 14:09:15,33,35,15507,74212
2023-06-27 14:09:17,33,37,15507,74212
2023-06-27 14:09:17,33,36,15507,74212
2023-06-27 14:09:19,34,36,15507,74212
2023-06-27 14:09:22,35,36,15507,74212
2023-06-27 14:09:25,35,37,15507,74214
2023-06-27 14:09:25,36,37,15507,74214
2023-06-27 14:09:26,37,38,15507,74306
2023-06-27 14:09:29,37,39,15507,74306
2023-06-27 14:09:29,37,40,15507,74306
2023-06-27 14:09:34,39,40,15507,74306
2023-06-27 14:09:34,39,40,15515,74314
2023-06-27 14:09:42,38,40,15561,74360
2023-06-27 14:09:43,38,39,15561,74360
2023-06-27 14:09:43,37,39,15561,74360
2023-06-27 14:09:44,37,39,15698,74497
2023-06-27 14:09:45,37,40,15698,74497
2023-06-27 14:09:52,37,39,15698,74497
2023-06-27 14:09:55,38,39,15698,74497
2023-06-27 14:09:56,37,39,15881,74680
2023-06-27 14:10:00,37,38,15881,74680
2023-06-27 14:10:00,36,38,15883,74682
2023-06-27 14:10:01,36,38,15928,74727
2023-06-27 14:10:01,36,38,16328,75127
2023-06-27 14:10:02,35,38,16386,75185
2023-06-27 14:10:03,35,37,16386,75185
2023-06-27 14:10:23,34,37,16386,75375
2023-06-27 14:10:24,33,37,16386,75375
2023-06-27 14:10:24,33,36,16386,75375
2023-06-27 14:10:33,32,36,16386,75375
2023-06-27 14:10:33,32,35,16386,75375
2023-06-27 14:10:35,32,33,16386,75375
2023-06-27 14:10:45,32,33,16386,75477
2023-06-27 14:10:47,32,34,16386,75477
2023-06-27 14:10:47,32,33,16386,75477
2023-06-27 14:10:47,31,33,16372,75659
2023-06-27 14:10:47,30,33,16372,75659
2023-06-27 14:10:49,30,32,16372,75659
2023-06-27 14:10:51,30,33,16372,75659
2023-06-27 14:10:51,31,33,16372,75659
2023-06-27 14:11:00,31,32,16372,75659
2023-06-27 14:11:09,30,32,16372,75659
2023-06-27 14:11:21,30,31,16372,75659
2023-06-27 14:11:27,30,32,16372,75659
2023-06-27 14:11:30,30,31,16372,75659
2023-06-27 14:11:50,29,31,16372,75678
2023-06-27 14:12:19,29,30,16372,75678
2023-06-27 14:12:22,29,31,16536,75842
2023-06-27 14:12:22,29,30,16536,75842
2023-06-27 14:12:22,30,31,16597,75903
2023-06-27 14:12:22,29,31,16625,75931
2023-06-27 14:12:26,30,31,16625,75931
2023-06-27 14:12:33,29,31,16625,75931
2023-06-27 14:12:33,30,31,16625,75931
2023-06-27 14:12:37,29,31,16625,75931
2023-06-27 14:12:59,29,30,16625,75931
2023-06-27 14:13:05,29,31,16625,75931
2023-06-27 14:13:05,29,31,16625,75975
2023-06-27 14:13:09,29,31,16803,76153
2023-06-27 14:13:09,29,30,16803,76153
2023-06-27 14:13:09,29,30,16825,76175
2023-06-27 14:13:09,28,29,16881,76246
2023-06-27 14:13:09,28,30,16881,76246
2023-06-27 14:13:11,28,29,16881,76246
2023-06-27 14:13:28,28,31,16881,76246
2023-06-27 14:13:28,28,30,16881,76246
2023-06-27 14:13:36,28,31,16881,76246
2023-06-27 14:13:37,29,31,16881,76246
2023-06-27 14:13:46,29,33,16881,76246
2023-06-27 14:13:46,29,32,16881,76246
2023-06-27 14:13:46,29,31,16881,76246
2023-06-27 14:14:04,29,33,16881,76246
2023-06-27 14:14:04,29,31,16881,76246
2023-06-27 14:14:06,29,33,16881,76246
2023-06-27 14:14:06,29,32,16881,76246
2023-06-27 14:14:14,29,33,16881,76246
2023-06-27 14:14:14,29,31,16881,76246
2023-06-27 14:14:58,29,33,16881,76246
2023-06-27 14:14:58,29,32,16881,76246
2023-06-27 14:14:58,29,30,16881,76246
2023-06-27 14:15:59,28,30,16981,76361
2023-06-27 14:15:59,28,29,16981,76361
2023-06-27 14:15:59,27,29,16981,76376
2023-06-27 14:16:08,26,29,16981,76626
2023-06-27 14:16:10,24,29,16981,76626
2023-06-27 14:16:10,23,29,16981,76626
2023-06-27 14:16:10,24,29,16981,76626
2023-06-27 14:16:10,24,27,16981,76626
2023-06-27 14:16:19,24,29,16981,76626
2023-06-27 14:16:19,25,29,16981,76626
2023-06-27 14:16:19,25,28,16981,76626
2023-06-27 14:16:23,25,27,16981,76626
2023-06-27 14:16:27,26,27,16981,76626
2023-06-27 14:16:29,26,28,16981,76755
2023-06-27 14:16:35,26,29,16981,76755
2023-06-27 14:16:35,27,29,16981,76755
2023-06-27 14:16:40,27,29,17002,76776
2023-06-27 14:16:53,28,29,17002,76776
2023-06-27 14:17:12,27,29,17002,76791
2023-06-27 14:17:29,28,29,17002,76791
2023-06-27 14:17:31,27,29,17002,76791
2023-06-27 14:17:31,28,29,17002,76791
2023-06-27 14:17:35,27,29,17002,76791
2023-06-27 14:17:35,28,29,17002,76791
2023-06-27 14:17:35,28,29,17044,76833
2023-06-27 14:18:25,27,29,17044,76848
2023-06-27 14:19:06,28,29,17044,76848
2023-06-27 14:19:34,27,29,17029,76873
2023-06-27 14:20:05,27,28,17029,76873
2023-06-27 14:20:15,25,28,17029,76873
2023-06-27 14:20:18,25,29,17029,76873
2023-06-27 14:20:18,26,29,17029,76873
2023-06-27 14:20:43,26,28,17029,76873
2023-06-27 14:20:46,26,29,17029,76873
2023-06-27 14:20:46,26,28,17029,76873
2023-06-27 14:20:56,26,29,17029,76873
2023-06-27 14:20:56,26,27,17029,76873
2023-06-27 14:20:58,25,27,17014,76888
2023-06-27 14:21:18,25,29,17014,76888
2023-06-27 14:21:18,25,27,17014,76888
2023-06-27 14:21:57,25,29,17014,76888
2023-06-27 14:21:57,25,28,17014,76888
2023-06-27 14:22:01,25,29,17014,76888
2023-06-27 14:22:01,26,29,17014,76888
2023-06-27 14:22:06,25,29,17014,76888
2023-06-27 14:22:06,27,29,17014,76888
2023-06-27 14:22:43,28,29,17014,76888
2023-06-27 14:23:46,27,29,17014,76888
2023-06-27 14:24:29,27,28,17014,76888
