datetime,bid,ask,open_interest,volume
2023-06-27 09:30:09,16,21,4695,5755
2023-06-27 09:30:43,14,21,4695,5755
2023-06-27 09:30:44,15,21,4695,5755
2023-06-27 09:30:57,15,19,4695,5755
2023-06-27 09:30:57,15,17,4695,5755
2023-06-27 09:31:00,16,17,4695,5755
2023-06-27 09:31:00,16,19,4695,5955
2023-06-27 09:31:05,16,17,4695,5955
2023-06-27 09:31:17,17,20,4695,6005
2023-06-27 09:31:18,16,20,4695,6005
2023-06-27 09:31:26,17,20,4695,6005
2023-06-27 09:31:36,16,20,4695,6005
2023-06-27 09:31:38,16,19,4695,6005
2023-06-27 09:31:40,16,20,4695,6005
2023-06-27 09:31:41,17,20,4695,6005
2023-06-27 09:31:42,16,20,4695,6005
2023-06-27 09:31:44,16,19,4695,6005
2023-06-27 09:31:48,17,19,4695,6005
2023-06-27 09:32:12,16,19,4695,6005
2023-06-27 09:32:38,17,19,4695,6005
2023-06-27 09:32:44,18,19,4695,6005
2023-06-27 09:32:46,19,20,4715,6055
2023-06-27 09:32:46,18,20,4865,6205
2023-06-27 09:32:55,19,20,4865,6205
2023-06-27 09:32:58,18,20,4865,6205
2023-06-27 09:33:21,18,19,4865,6205
2023-06-27 09:33:21,17,19,4865,6205
2023-06-27 09:33:26,17,18,4865,6205
2023-06-27 09:33:33,17,19,4865,6205
2023-06-27 09:33:33,17,18,4865,6205
2023-06-27 09:33:34,16,18,4865,6205
2023-06-27 09:33:43,17,18,4865,6205
2023-06-27 09:33:49,17,19,4865,6225
2023-06-27 09:33:59,16,19,4865,6225
2023-06-27 09:33:59,17,19,4865,6225
2023-06-27 09:34:11,16,19,4865,6225
2023-06-27 09:34:15,16,18,4865,6225
2023-06-27 09:34:22,16,17,4865,6225
2023-06-27 09:34:22,15,17,4865,6265
2023-06-27 09:34:27,15,16,4865,6265
2023-06-27 09:34:29,14,16,5155,6555
2023-06-27 09:34:35,14,17,5155,6555
2023-06-27 09:34:41,14,16,5155,6555
2023-06-27 09:34:49,14,17,5155,6555
2023-06-27 09:35:03,13,17,5155,6555
2023-06-27 09:35:06,13,16,5155,6555
2023-06-27 09:35:07,13,15,5155,6555
2023-06-27 09:35:14,13,16,5155,6555
2023-06-27 09:35:14,13,15,5155,6555
2023-06-27 09:35:23,13,14,5155,6555
2023-06-27 09:35:42,12,14,5155,6555
2023-06-27 09:36:00,12,14,5158,6558
2023-06-27 09:36:03,12,13,5158,6558
2023-06-27 09:36:27,12,13,5158,6568
2023-06-27 09:36:40,12,13,5158,6578
2023-06-27 09:37:00,12,14,5138,6608
2023-06-27 09:37:49,12,13,5138,6608
2023-06-27 09:37:56,12,14,5138,6608
2023-06-27 09:37:56,12,13,5138,6608
2023-06-27 09:38:40,11,12,5128,6875
2023-06-27 09:40:00,12,13,5148,6905
2023-06-27 09:40:06,11,13,5148,6905
2023-06-27 09:40:09,11,12,5148,6905
2023-06-27 09:40:18,11,13,5148,6905
2023-06-27 09:40:23,11,12,5148,6905
2023-06-27 09:40:25,11,13,5148,6905
2023-06-27 09:40:26,11,12,5148,6905
2023-06-27 09:40:29,11,13,5148,6905
2023-06-27 09:40:41,12,13,5148,6905
2023-06-27 09:40:44,11,13,5148,6905
2023-06-27 09:40:44,12,13,5148,6905
2023-06-27 09:40:46,11,13,5148,6905
2023-06-27 09:40:46,13,14,5188,6945
2023-06-27 09:40:51,12,14,5188,6945
2023-06-27 09:40:51,13,14,5188,6945
2023-06-27 09:40:54,12,14,5188,6945
2023-06-27 09:40:54,13,14,5188,6945
2023-06-27 09:41:06,12,14,5188,6945
2023-06-27 09:41:15,13,14,5188,6945
2023-06-27 09:41:25,12,14,5188,6945
2023-06-27 09:41:25,14,15,5228,6985
2023-06-27 09:41:30,12,15,5228,6985
2023-06-27 09:41:30,14,15,5228,6985
2023-06-27 09:41:35,12,14,5228,7035
2023-06-27 09:41:35,11,14,5228,7035
2023-06-27 09:41:35,13,14,5228,7035
2023-06-27 09:41:40,11,14,5228,7035
2023-06-27 09:41:40,12,14,5228,7035
2023-06-27 09:41:40,12,13,5228,7035
2023-06-27 09:41:43,12,13,5228,7285
2023-06-27 09:41:57,12,14,5228,7285
2023-06-27 09:41:57,12,13,5228,7285
2023-06-27 09:42:03,12,14,5228,7285
2023-06-27 09:42:03,13,14,5228,7285
2023-06-27 09:42:07,12,14,5228,7485
2023-06-27 09:42:18,12,15,5228,7485
2023-06-27 09:42:28,12,14,5228,7485
2023-06-27 09:42:35,12,13,5228,7485
2023-06-27 09:42:52,12,14,5228,7485
2023-06-27 09:42:52,12,14,5148,7635
2023-06-27 09:42:54,12,13,5148,7635
2023-06-27 09:42:57,12,14,5148,7635
2023-06-27 09:42:58,12,13,5148,7635
2023-06-27 09:42:59,12,14,5148,7635
2023-06-27 09:43:02,12,13,5148,7635
2023-06-27 09:43:04,11,13,5488,7995
2023-06-27 09:43:07,11,14,5488,7995
2023-06-27 09:43:08,12,14,5488,7995
2023-06-27 09:43:08,12,13,5488,7995
2023-06-27 09:43:16,11,13,5488,7995
2023-06-27 09:43:16,13,14,5528,8095
2023-06-27 09:43:19,11,14,5578,8145
2023-06-27 09:43:31,13,14,5578,8145
2023-06-27 09:43:39,11,14,5578,8145
2023-06-27 09:43:40,13,14,5578,8145
2023-06-27 09:43:49,12,14,5578,8145
2023-06-27 09:43:49,13,14,5578,8145
2023-06-27 09:44:11,11,14,5578,8145
2023-06-27 09:44:11,13,14,5578,8145
2023-06-27 09:44:22,12,14,5578,8145
2023-06-27 09:44:22,13,14,5578,8145
2023-06-27 09:45:08,12,14,5578,8145
2023-06-27 09:45:08,14,15,5618,8185
2023-06-27 09:45:12,12,15,5618,8185
2023-06-27 09:45:12,13,15,5618,8185
2023-06-27 09:45:12,15,16,5658,8225
2023-06-27 09:45:22,13,16,5668,8235
2023-06-27 09:45:29,13,15,5668,8235
2023-06-27 09:45:32,14,15,5668,8235
2023-06-27 09:45:34,13,15,5668,8235
2023-06-27 09:45:34,13,16,5668,8235
2023-06-27 09:45:34,14,16,5668,8235
2023-06-27 09:45:34,14,15,5668,8235
2023-06-27 09:46:06,13,15,6018,8625
2023-06-27 09:46:09,13,14,6018,8625
2023-06-27 09:46:18,13,16,6018,8625
2023-06-27 09:46:18,14,16,6018,8625
2023-06-27 09:46:18,14,15,6018,8625
2023-06-27 09:46:20,14,17,6018,8625
2023-06-27 09:46:20,15,17,6018,8625
2023-06-27 09:46:20,15,16,6018,8625
2023-06-27 09:46:26,14,16,6018,8625
2023-06-27 09:46:26,14,18,6018,8625
2023-06-27 09:46:26,15,18,6018,8625
2023-06-27 09:46:26,15,16,6018,8625
2023-06-27 09:46:31,16,18,6058,8815
2023-06-27 09:46:31,17,18,6058,8815
2023-06-27 09:46:32,16,18,6058,8815
2023-06-27 09:46:32,16,19,6058,8815
2023-06-27 09:46:32,17,19,6058,8815
2023-06-27 09:46:34,16,19,6058,8815
2023-06-27 09:46:34,18,19,6058,8815
2023-06-27 09:46:47,17,19,6058,8815
2023-06-27 09:46:47,16,19,6058,8815
2023-06-27 09:46:47,17,19,6058,8815
2023-06-27 09:46:50,17,18,6058,8815
2023-06-27 09:46:51,15,18,6058,8815
2023-06-27 09:46:51,16,18,6058,8815
2023-06-27 09:46:51,16,17,6058,8815
2023-06-27 09:47:04,14,17,6058,8815
2023-06-27 09:47:04,15,17,6058,8815
2023-06-27 09:47:04,15,16,6058,8815
2023-06-27 09:47:07,14,16,6058,8815
2023-06-27 09:47:07,14,17,6058,8815
2023-06-27 09:47:07,16,17,6058,8815
2023-06-27 09:47:17,15,17,6058,8815
2023-06-27 09:47:17,16,17,6058,8815
2023-06-27 09:47:25,15,17,6058,8815
2023-06-27 09:47:25,17,18,6098,8855
2023-06-27 09:47:28,15,18,6258,9015
2023-06-27 09:47:32,16,18,6258,9015
2023-06-27 09:47:32,16,17,6258,9015
2023-06-27 09:47:51,17,19,6298,9055
2023-06-27 09:47:51,17,18,6298,9055
2023-06-27 09:47:53,16,18,6298,9055
2023-06-27 09:47:53,16,19,6298,9055
2023-06-27 09:47:53,17,19,6298,9055
2023-06-27 09:47:53,17,18,6298,9055
2023-06-27 09:48:00,17,19,6298,9055
2023-06-27 09:48:00,18,19,6298,9055
2023-06-27 09:48:00,18,19,6338,9095
2023-06-27 09:48:04,18,19,5978,9495
2023-06-27 09:48:05,18,21,5888,9585
2023-06-27 09:48:16,19,21,5888,9585
2023-06-27 09:48:16,19,20,5888,9585
2023-06-27 09:48:20,17,20,5888,9585
2023-06-27 09:48:20,17,21,5888,9585
2023-06-27 09:48:20,18,21,5888,9585
2023-06-27 09:48:20,18,19,5888,9585
2023-06-27 09:48:29,17,19,5888,9585
2023-06-27 09:48:29,18,19,5888,9585
2023-06-27 09:48:31,18,19,5888,9590
2023-06-27 09:48:35,17,19,5888,9590
2023-06-27 09:48:38,17,19,5938,9640
2023-06-27 09:48:47,18,19,5938,9640
2023-06-27 09:48:48,17,19,6238,9940
2023-06-27 09:49:02,17,18,6238,9940
2023-06-27 09:49:03,17,18,6238,9990
2023-06-27 09:49:05,17,19,6238,9990
2023-06-27 09:49:10,18,19,6238,9990
2023-06-27 09:49:11,17,18,6228,10000
2023-06-27 09:49:17,17,18,6178,10100
2023-06-27 09:49:23,17,19,6178,10100
2023-06-27 09:49:25,17,18,6178,10100
2023-06-27 09:50:03,18,19,6178,10196
2023-06-27 09:50:44,17,18,6148,10226
2023-06-27 09:50:49,17,19,6148,10226
2023-06-27 09:50:49,17,18,6148,10226
2023-06-27 09:51:00,16,17,6068,10306
2023-06-27 09:51:06,16,17,6068,10406
2023-06-27 09:51:17,17,18,6108,10446
2023-06-27 09:51:29,16,18,6108,10446
2023-06-27 09:51:29,16,17,6108,10446
2023-06-27 09:51:54,16,17,6028,10546
2023-06-27 09:52:02,14,17,6208,10726
2023-06-27 09:52:03,14,16,6208,10726
2023-06-27 09:52:04,15,16,6208,10726
2023-06-27 09:52:08,14,16,6208,10726
2023-06-27 09:52:08,15,16,6208,10726
2023-06-27 09:52:20,16,17,6248,10766
2023-06-27 09:52:26,14,17,6248,10766
2023-06-27 09:52:26,16,17,6248,10766
2023-06-27 09:52:31,14,17,6348,10866
2023-06-27 09:52:34,15,17,6348,10866
2023-06-27 09:52:34,15,16,6348,10866
2023-06-27 09:52:38,14,16,6348,10866
2023-06-27 09:52:38,15,16,6348,10866
2023-06-27 09:53:22,14,16,6398,10956
2023-06-27 09:53:24,13,14,6358,10996
2023-06-27 09:53:29,13,15,6358,10996
2023-06-27 09:53:29,13,14,6358,10996
2023-06-27 09:54:04,13,14,6308,11046
2023-06-27 09:54:08,14,15,6348,11086
2023-06-27 09:54:09,13,15,6358,11096
2023-06-27 09:54:10,13,16,6358,11096
2023-06-27 09:54:16,13,15,6358,11096
2023-06-27 09:54:19,13,16,6358,11096
2023-06-27 09:54:20,13,15,6358,11096
2023-06-27 09:54:25,13,16,6358,11096
2023-06-27 09:54:25,13,15,6358,11096
2023-06-27 09:54:33,13,14,6358,11096
2023-06-27 09:54:40,14,16,6398,11136
2023-06-27 09:54:40,14,15,6398,11136
2023-06-27 09:54:43,13,15,6398,11136
2023-06-27 09:54:43,13,16,6398,11136
2023-06-27 09:54:43,14,16,6398,11136
2023-06-27 09:54:43,14,15,6398,11136
2023-06-27 09:54:47,15,17,6438,11176
2023-06-27 09:54:47,15,16,6438,11176
2023-06-27 09:55:06,16,17,6518,11256
2023-06-27 09:55:19,15,17,6518,11256
2023-06-27 09:55:19,17,18,6558,11392
2023-06-27 09:55:34,15,18,6558,11392
2023-06-27 09:55:34,16,18,6558,11392
2023-06-27 09:55:35,16,17,6558,11392
2023-06-27 09:55:39,16,18,6558,11392
2023-06-27 09:55:39,15,16,6518,11432
2023-06-27 09:55:43,15,18,6518,11432
2023-06-27 09:55:43,16,18,6518,11432
2023-06-27 09:55:43,16,17,6518,11432
2023-06-27 09:55:54,15,17,6518,11432
2023-06-27 09:55:55,16,17,6518,11432
2023-06-27 09:55:59,15,17,6518,11432
2023-06-27 09:55:59,16,17,6518,11432
2023-06-27 09:56:06,17,18,6558,11472
2023-06-27 09:56:18,15,18,6558,11472
2023-06-27 09:56:18,17,18,6558,11472
2023-06-27 09:56:22,15,18,6558,11472
2023-06-27 09:56:22,14,18,6558,11472
2023-06-27 09:56:22,16,18,6558,11472
2023-06-27 09:56:22,16,17,6558,11472
2023-06-27 09:56:27,16,18,6558,11472
2023-06-27 09:56:28,17,18,6558,11472
2023-06-27 09:56:35,15,18,6558,11472
2023-06-27 09:56:38,16,18,6558,11472
2023-06-27 09:56:38,16,17,6558,11472
2023-06-27 09:56:45,15,17,6558,11472
2023-06-27 09:56:45,15,18,6558,11472
2023-06-27 09:56:45,17,18,6558,11472
2023-06-27 09:56:45,17,18,6598,11512
2023-06-27 09:57:05,16,18,6598,11512
2023-06-27 09:57:05,17,18,6598,11512
2023-06-27 09:57:13,17,18,6598,11517
2023-06-27 09:57:17,16,18,6598,11517
2023-06-27 09:57:17,17,18,6598,11517
2023-06-27 09:57:21,16,18,6598,11517
2023-06-27 09:57:22,16,17,6598,11517
2023-06-27 09:57:31,16,18,6598,11517
2023-06-27 09:57:31,17,18,6598,11517
2023-06-27 09:57:46,16,18,6598,11517
2023-06-27 09:57:46,16,17,6598,11517
2023-06-27 09:58:07,16,18,6598,11517
2023-06-27 09:58:07,16,17,6598,11517
2023-06-27 09:58:26,16,18,6598,11517
2023-06-27 09:58:26,15,16,6558,11557
2023-06-27 09:58:32,13,16,6558,11557
2023-06-27 09:58:32,13,17,6558,11557
2023-06-27 09:58:33,15,17,6558,11557
2023-06-27 09:58:55,15,16,6558,11557
2023-06-27 09:59:00,15,17,6558,11557
2023-06-27 09:59:00,15,16,6558,11557
2023-06-27 09:59:07,15,17,6558,11557
2023-06-27 09:59:07,16,17,6558,11557
2023-06-27 09:59:13,15,17,6558,11557
2023-06-27 09:59:13,16,17,6558,11557
2023-06-27 09:59:27,15,17,6558,11557
2023-06-27 09:59:28,15,16,6558,11557
2023-06-27 10:00:05,15,17,6558,11557
2023-06-27 10:00:05,15,17,6358,11757
2023-06-27 10:00:07,16,17,6358,11757
2023-06-27 10:00:10,16,17,6358,11957
2023-06-27 10:00:10,15,17,6558,12157
2023-06-27 10:00:11,15,16,6558,12157
2023-06-27 10:00:22,13,16,6668,12337
2023-06-27 10:00:30,13,15,6668,12337
2023-06-27 10:00:32,14,15,6668,12337
2023-06-27 10:00:32,14,15,6709,12378
2023-06-27 10:00:32,13,15,6718,12387
2023-06-27 10:00:33,13,14,6718,12387
2023-06-27 10:00:42,13,15,6718,12387
2023-06-27 10:00:45,13,16,6718,12387
2023-06-27 10:00:45,13,16,6718,12587
2023-06-27 10:00:45,13,15,6718,12587
2023-06-27 10:00:48,13,16,6718,12587
2023-06-27 10:00:48,13,14,6718,12587
2023-06-27 10:01:01,13,14,6718,12787
2023-06-27 10:01:01,13,14,6408,13187
2023-06-27 10:01:03,13,16,6408,13207
2023-06-27 10:01:06,14,16,6408,13207
2023-06-27 10:01:10,15,16,6408,13207
2023-06-27 10:01:26,16,17,6528,13327
2023-06-27 10:01:34,15,17,6528,13327
2023-06-27 10:01:36,14,17,6528,13327
2023-06-27 10:01:41,15,17,6528,13327
2023-06-27 10:01:55,15,16,6528,13327
2023-06-27 10:02:10,13,16,6528,13327
2023-06-27 10:02:14,14,16,6528,13327
2023-06-27 10:02:28,15,16,6528,13327
2023-06-27 10:02:29,15,17,6338,13517
2023-06-27 10:02:44,16,17,6338,13517
2023-06-27 10:02:45,16,18,6338,13557
2023-06-27 10:02:46,17,18,6338,13557
2023-06-27 10:02:50,16,18,6338,13557
2023-06-27 10:02:53,17,18,6338,13557
2023-06-27 10:02:53,17,18,6538,13757
2023-06-27 10:02:58,15,18,6538,13757
2023-06-27 10:02:58,16,18,6538,13757
2023-06-27 10:02:58,16,18,6738,13957
2023-06-27 10:03:08,16,17,6738,13957
2023-06-27 10:03:14,15,17,6738,13957
2023-06-27 10:03:14,14,17,6738,13957
2023-06-27 10:03:18,14,16,6738,13957
2023-06-27 10:03:29,13,16,6618,14077
2023-06-27 10:03:41,13,15,6618,14077
2023-06-27 10:03:42,13,16,6618,14077
2023-06-27 10:03:46,13,15,6618,14077
2023-06-27 10:04:16,13,14,6618,14077
2023-06-27 10:04:54,12,13,6498,14297
2023-06-27 10:04:55,12,14,6218,14577
2023-06-27 10:04:57,12,13,6218,14577
2023-06-27 10:04:57,12,14,5918,14877
2023-06-27 10:05:06,13,14,5918,14877
2023-06-27 10:05:11,12,14,5918,14877
2023-06-27 10:05:12,13,14,5918,14877
2023-06-27 10:05:12,15,16,5918,15207
2023-06-27 10:05:12,15,16,5958,15247
2023-06-27 10:05:12,13,15,5988,15277
2023-06-27 10:05:14,14,15,5988,15277
2023-06-27 10:05:14,14,16,5998,15287
2023-06-27 10:05:31,16,17,6038,15327
2023-06-27 10:05:31,16,17,6078,15367
2023-06-27 10:05:31,16,17,6118,15407
2023-06-27 10:06:00,15,16,6078,15447
2023-06-27 10:06:07,14,16,6078,15447
2023-06-27 10:06:07,15,16,6078,15447
2023-06-27 10:06:15,16,17,6118,15577
2023-06-27 10:06:19,15,17,6118,15577
2023-06-27 10:06:20,17,18,6158,15617
2023-06-27 10:06:32,15,18,6158,15617
2023-06-27 10:06:32,17,18,6158,15617
2023-06-27 10:06:33,15,17,6158,15667
2023-06-27 10:06:36,15,16,6158,15667
2023-06-27 10:06:43,15,16,6078,15747
2023-06-27 10:06:46,14,16,6078,15747
2023-06-27 10:06:46,14,15,6078,15747
2023-06-27 10:07:06,14,16,6078,15747
2023-06-27 10:07:06,14,15,6078,15747
2023-06-27 10:07:11,14,18,6078,15747
2023-06-27 10:07:12,15,18,6078,15747
2023-06-27 10:07:12,16,18,6078,15747
2023-06-27 10:07:15,15,18,6078,15747
2023-06-27 10:07:15,16,18,6078,15747
2023-06-27 10:07:15,16,17,6078,15747
2023-06-27 10:07:18,15,17,6078,15747
2023-06-27 10:07:18,15,18,6078,15747
2023-06-27 10:07:18,17,18,6078,15747
2023-06-27 10:07:32,15,18,6078,15747
2023-06-27 10:07:32,17,18,6078,15747
2023-06-27 10:07:34,15,18,6078,15747
2023-06-27 10:07:34,15,18,6228,15897
2023-06-27 10:07:34,16,18,6228,15897
2023-06-27 10:07:37,17,18,6228,15897
2023-06-27 10:07:44,17,18,6628,16297
2023-06-27 10:07:45,16,18,6828,16497
2023-06-27 10:07:52,17,18,6828,16497
2023-06-27 10:07:52,17,18,6878,16547
2023-06-27 10:08:05,16,18,6878,16547
2023-06-27 10:08:05,17,18,6878,16547
2023-06-27 10:08:17,17,18,6903,16572
2023-06-27 10:08:18,16,18,6903,16572
2023-06-27 10:08:18,16,17,6903,16572
2023-06-27 10:08:19,16,17,6903,16772
2023-06-27 10:08:20,16,18,6903,16772
2023-06-27 10:08:20,17,18,6903,16772
2023-06-27 10:08:27,17,18,7103,16972
2023-06-27 10:08:27,17,18,7103,17372
2023-06-27 10:08:28,17,20,6853,17662
2023-06-27 10:08:28,18,20,6853,17662
2023-06-27 10:08:32,18,19,6853,17662
2023-06-27 10:08:35,18,19,6893,17702
2023-06-27 10:08:36,18,20,6643,17952
2023-06-27 10:08:41,18,20,6673,17982
2023-06-27 10:08:42,17,20,6673,17982
2023-06-27 10:08:42,18,20,6673,17982
2023-06-27 10:08:42,20,21,6713,18222
2023-06-27 10:08:44,18,20,6713,18232
2023-06-27 10:08:49,17,20,6713,18232
2023-06-27 10:08:49,19,20,6713,18232
2023-06-27 10:09:00,19,20,6673,18432
2023-06-27 10:09:01,17,20,6713,18472
2023-06-27 10:09:16,17,20,6763,18522
2023-06-27 10:09:16,18,20,6763,18522
2023-06-27 10:09:24,19,20,6763,18522
2023-06-27 10:09:24,18,20,6963,18722
2023-06-27 10:09:28,19,20,6963,18722
2023-06-27 10:09:31,18,20,7363,19122
2023-06-27 10:09:33,19,20,7363,19122
2023-06-27 10:09:33,18,19,7313,19172
2023-06-27 10:10:03,18,19,7273,19212
2023-06-27 10:10:11,19,20,7313,19402
2023-06-27 10:10:12,18,20,7313,19402
2023-06-27 10:10:12,19,20,7313,19402
2023-06-27 10:10:14,19,20,7363,19452
2023-06-27 10:10:18,20,21,7393,19482
2023-06-27 10:10:18,20,21,7403,19492
2023-06-27 10:10:30,21,23,7598,19687
2023-06-27 10:10:30,21,22,7598,19687
2023-06-27 10:10:32,21,24,7598,19687
2023-06-27 10:10:32,22,24,7598,19687
2023-06-27 10:10:32,22,23,7598,19687
2023-06-27 10:10:37,23,25,7638,19727
2023-06-27 10:10:55,21,25,7638,19727
2023-06-27 10:10:55,22,25,7638,19727
2023-06-27 10:10:55,24,25,7638,19727
2023-06-27 10:10:55,24,25,7788,19877
2023-06-27 10:10:55,24,25,7938,20027
2023-06-27 10:10:57,22,24,7938,20077
2023-06-27 10:10:58,22,24,7938,20177
2023-06-27 10:11:09,23,24,7938,20177
2023-06-27 10:11:11,22,24,7938,20177
2023-06-27 10:11:11,22,23,7938,20177
2023-06-27 10:11:24,20,23,8038,20317
2023-06-27 10:11:25,20,22,8038,20317
2023-06-27 10:11:26,21,22,8038,20317
2023-06-27 10:11:27,21,23,8038,20317
2023-06-27 10:11:28,20,23,8038,20317
2023-06-27 10:11:28,20,21,8038,20317
2023-06-27 10:11:32,20,23,8038,20317
2023-06-27 10:11:32,21,23,8038,20317
2023-06-27 10:11:38,20,23,8038,20317
2023-06-27 10:11:38,20,21,8038,20317
2023-06-27 10:11:46,20,22,7888,20467
2023-06-27 10:11:59,20,24,7888,20467
2023-06-27 10:11:59,22,24,7888,20467
2023-06-27 10:12:09,23,24,7888,20467
2023-06-27 10:12:09,25,26,7928,20507
2023-06-27 10:12:10,23,26,8238,20817
2023-06-27 10:12:10,23,25,8238,20817
2023-06-27 10:12:16,23,26,8238,20817
2023-06-27 10:12:16,25,26,8238,20817
2023-06-27 10:12:21,23,26,8238,20817
2023-06-27 10:12:21,25,26,8238,20817
2023-06-27 10:12:29,24,26,8238,20817
2023-06-27 10:12:29,24,26,8268,21017
2023-06-27 10:12:31,24,25,8268,21017
2023-06-27 10:12:32,25,26,8278,21027
2023-06-27 10:12:32,25,27,8378,21127
2023-06-27 10:12:35,23,27,8378,21127
2023-06-27 10:12:36,23,26,8378,21127
2023-06-27 10:12:37,24,26,8378,21127
2023-06-27 10:12:37,24,25,8378,21127
2023-06-27 10:12:39,23,25,8378,21127
2023-06-27 10:12:39,23,26,8378,21127
2023-06-27 10:12:39,24,26,8378,21127
2023-06-27 10:12:39,24,25,8378,21127
2023-06-27 10:13:09,24,26,8378,21127
2023-06-27 10:13:09,24,26,8248,21327
2023-06-27 10:13:10,23,26,8248,21327
2023-06-27 10:13:19,24,26,8248,21327
2023-06-27 10:13:20,24,27,8248,21327
2023-06-27 10:13:20,24,25,8248,21327
2023-06-27 10:13:28,23,24,8208,21367
2023-06-27 10:13:46,23,24,8205,21370
2023-06-27 10:13:54,22,23,8165,21410
2023-06-27 10:14:01,20,23,8165,21410
2023-06-27 10:14:01,22,23,8165,21410
2023-06-27 10:14:10,20,23,8265,21510
2023-06-27 10:14:10,22,23,8265,21510
2023-06-27 10:14:11,20,23,8315,21560
2023-06-27 10:14:13,21,23,8315,21560
2023-06-27 10:14:13,21,22,8315,21560
2023-06-27 10:14:16,20,22,8565,21810
2023-06-27 10:14:17,20,21,8565,21810
2023-06-27 10:14:22,19,20,8565,21910
2023-06-27 10:14:31,17,20,8765,22160
2023-06-27 10:14:33,17,21,8765,22160
2023-06-27 10:14:33,18,21,8765,22160
2023-06-27 10:14:34,18,19,8765,22160
2023-06-27 10:14:48,18,21,8765,22160
2023-06-27 10:14:48,17,18,8675,22250
2023-06-27 10:15:05,18,21,8715,22290
2023-06-27 10:15:05,18,19,8715,22290
2023-06-27 10:15:06,17,19,8715,22290
2023-06-27 10:15:06,17,21,8715,22290
2023-06-27 10:15:07,18,21,8715,22290
2023-06-27 10:15:07,18,20,8715,22290
2023-06-27 10:15:15,18,19,8715,22290
2023-06-27 10:15:19,17,18,8795,22440
2023-06-27 10:15:27,15,16,8685,22550
2023-06-27 10:15:33,15,18,8685,22550
2023-06-27 10:15:33,15,16,8685,22550
2023-06-27 10:15:45,15,16,8635,22600
2023-06-27 10:15:50,15,16,8615,22770
2023-06-27 10:15:51,14,16,8765,22920
2023-06-27 10:15:51,14,15,8765,22920
2023-06-27 10:16:33,14,15,8765,22945
2023-06-27 10:16:34,15,16,8820,23050
2023-06-27 10:16:59,15,16,8823,23053
2023-06-27 10:17:04,16,19,8953,23278
2023-06-27 10:17:04,16,17,8953,23278
2023-06-27 10:17:07,15,17,8953,23278
2023-06-27 10:17:07,15,18,8953,23278
2023-06-27 10:17:07,17,18,8953,23278
2023-06-27 10:17:08,17,18,8993,23318
2023-06-27 10:17:11,15,18,8993,23318
2023-06-27 10:17:11,14,18,8993,23318
2023-06-27 10:17:12,16,18,8993,23318
2023-06-27 10:17:12,16,17,8993,23318
2023-06-27 10:17:21,14,17,8993,23318
2023-06-27 10:17:21,14,18,8993,23318
2023-06-27 10:17:21,16,18,8993,23318
2023-06-27 10:17:28,16,17,8993,23318
2023-06-27 10:17:30,15,16,8953,23358
2023-06-27 10:17:35,14,16,8953,23358
2023-06-27 10:17:35,14,18,8953,23358
2023-06-27 10:17:37,14,17,8953,23358
2023-06-27 10:17:43,15,17,8953,23358
2023-06-27 10:17:43,14,17,9053,23458
2023-06-27 10:17:43,14,16,9053,23458
2023-06-27 10:17:44,14,16,9073,23508
2023-06-27 10:17:49,14,15,9073,23508
2023-06-27 10:18:04,14,16,9073,23508
2023-06-27 10:18:07,14,17,9073,23508
2023-06-27 10:18:11,14,16,9073,23508
2023-06-27 10:18:13,14,15,9073,23508
2023-06-27 10:18:23,14,15,9073,23588
2023-06-27 10:18:24,14,15,9073,23668
2023-06-27 10:19:07,14,15,9163,23768
2023-06-27 10:19:16,14,15,9307,23912
2023-06-27 10:19:25,13,15,9307,23912
2023-06-27 10:19:26,14,15,9307,23912
2023-06-27 10:20:18,13,14,9337,23962
2023-06-27 10:20:19,13,15,9337,23962
2023-06-27 10:20:22,13,14,9337,23962
2023-06-27 10:20:43,13,14,9337,24062
2023-06-27 10:20:45,14,15,9337,24082
2023-06-27 10:20:56,15,17,9407,24296
2023-06-27 10:20:57,15,16,9407,24296
2023-06-27 10:21:01,14,16,9407,24296
2023-06-27 10:21:01,14,15,9407,24296
2023-06-27 10:21:05,13,15,9407,24296
2023-06-27 10:21:15,13,16,9407,24296
2023-06-27 10:21:15,13,15,9407,24296
2023-06-27 10:21:30,13,16,9407,24296
2023-06-27 10:21:30,14,16,9407,24296
2023-06-27 10:22:19,14,15,9407,24296
2023-06-27 10:22:21,14,15,9537,24496
2023-06-27 10:22:23,13,14,9537,24516
2023-06-27 10:22:48,14,15,9407,24646
2023-06-27 10:22:49,13,15,9407,24646
2023-06-27 10:22:50,13,17,9407,24646
2023-06-27 10:22:50,14,17,9407,24646
2023-06-27 10:22:50,14,16,9407,24646
2023-06-27 10:22:53,14,15,9407,24646
2023-06-27 10:23:07,14,16,9407,24646
2023-06-27 10:23:07,15,16,9407,24646
2023-06-27 10:23:08,15,16,9407,24686
2023-06-27 10:23:09,14,16,9407,24686
2023-06-27 10:23:09,13,16,9407,24686
2023-06-27 10:23:09,14,16,9407,24686
2023-06-27 10:23:13,14,15,9407,24686
2023-06-27 10:23:18,13,14,9407,24726
2023-06-27 10:23:31,13,15,9407,24726
2023-06-27 10:23:46,13,14,9407,24726
2023-06-27 10:23:49,13,14,9607,24926
2023-06-27 10:23:53,13,14,9607,25176
2023-06-27 10:23:55,12,14,9607,25176
2023-06-27 10:23:55,11,14,9607,25176
2023-06-27 10:24:03,11,13,9607,25176
2023-06-27 10:24:05,11,12,9607,25176
2023-06-27 10:24:19,11,13,9607,25176
2023-06-27 10:24:19,11,12,9607,25176
2023-06-27 10:24:22,11,13,9607,25176
2023-06-27 10:24:30,12,13,9607,25176
2023-06-27 10:24:34,11,13,9607,25176
2023-06-27 10:24:38,12,13,9607,25176
2023-06-27 10:25:52,13,14,9607,25296
2023-06-27 10:25:52,13,14,9647,25336
2023-06-27 10:26:04,12,14,9647,25336
2023-06-27 10:26:07,12,13,9647,25336
2023-06-27 10:26:11,11,12,9647,25376
2023-06-27 10:26:11,12,13,9647,25386
2023-06-27 10:27:52,11,12,9647,25406
2023-06-27 10:28:03,11,12,9847,25606
2023-06-27 10:28:07,11,12,9847,25856
2023-06-27 10:28:10,10,12,9847,25946
2023-06-27 10:28:13,10,11,9847,25946
2023-06-27 10:28:18,10,12,9847,25946
2023-06-27 10:28:18,10,11,9847,25946
2023-06-27 10:28:34,10,12,9847,25946
2023-06-27 10:28:34,10,11,9847,25946
2023-06-27 10:28:34,9,10,9847,26336
2023-06-27 10:28:52,9,11,9847,26336
2023-06-27 10:28:52,9,10,9847,26336
2023-06-27 10:29:04,9,11,9847,26336
2023-06-27 10:29:09,10,11,9847,26336
2023-06-27 10:29:44,10,11,9647,26536
2023-06-27 10:29:46,11,13,9647,26576
2023-06-27 10:29:53,10,13,9647,26576
2023-06-27 10:29:53,11,13,9647,26576
2023-06-27 10:30:05,12,13,9647,26576
2023-06-27 10:30:11,12,13,9647,26626
2023-06-27 10:30:15,13,14,9647,26696
2023-06-27 10:30:19,12,14,9647,26696
2023-06-27 10:30:20,13,14,9647,26696
2023-06-27 10:30:30,12,14,9647,26696
2023-06-27 10:30:37,11,14,9647,26696
2023-06-27 10:30:38,12,14,9647,26696
2023-06-27 10:30:45,12,13,9647,26696
2023-06-27 10:31:05,12,14,9647,26696
2023-06-27 10:31:05,12,13,9647,26696
2023-06-27 10:31:21,12,14,9647,26696
2023-06-27 10:31:21,12,15,9647,26696
2023-06-27 10:31:22,12,14,9647,26696
2023-06-27 10:31:31,12,13,9647,26696
2023-06-27 10:31:38,11,13,9647,26746
2023-06-27 10:31:40,11,14,9647,26746
2023-06-27 10:31:40,11,13,9647,26746
2023-06-27 10:31:49,12,13,9647,26746
2023-06-27 10:31:52,11,13,9647,26746
2023-06-27 10:31:52,12,13,9647,26746
2023-06-27 10:32:08,11,13,9647,26746
2023-06-27 10:32:15,10,13,9647,26746
2023-06-27 10:32:16,11,13,9647,26746
2023-06-27 10:32:16,12,13,9647,26746
2023-06-27 10:32:23,11,13,9647,26746
2023-06-27 10:32:24,12,13,9647,26746
2023-06-27 10:32:56,12,14,9647,26896
2023-06-27 10:32:56,13,14,9647,26896
2023-06-27 10:33:08,14,15,9647,26901
2023-06-27 10:33:12,13,15,9647,26901
2023-06-27 10:33:13,13,15,9649,26903
2023-06-27 10:33:15,13,14,9649,26903
2023-06-27 10:33:16,13,15,9649,26903
2023-06-27 10:33:16,13,14,9649,26903
2023-06-27 10:33:26,13,15,9649,26903
2023-06-27 10:33:26,13,14,9649,26903
2023-06-27 10:33:30,13,15,9649,26903
2023-06-27 10:33:30,13,14,9649,26903
2023-06-27 10:33:37,12,13,9667,26921
2023-06-27 10:33:39,12,14,9667,26921
2023-06-27 10:33:41,12,13,9667,26921
2023-06-27 10:33:41,11,12,9667,26971
2023-06-27 10:33:54,9,11,9667,27021
2023-06-27 10:33:56,9,10,9667,27021
2023-06-27 10:34:02,9,11,9667,27021
2023-06-27 10:34:04,9,10,9667,27021
2023-06-27 10:34:18,9,10,9867,27221
2023-06-27 10:34:23,7,9,9867,27286
2023-06-27 10:34:34,8,9,9867,27286
2023-06-27 10:34:36,7,9,9867,27286
2023-06-27 10:34:36,7,11,9867,27286
2023-06-27 10:34:36,8,11,9867,27286
2023-06-27 10:34:36,8,10,9867,27286
2023-06-27 10:34:44,9,10,9867,27286
2023-06-27 10:34:49,9,10,9917,27336
2023-06-27 10:34:53,8,10,9917,27336
2023-06-27 10:34:53,10,12,9917,27351
2023-06-27 10:34:53,10,11,9917,27351
2023-06-27 10:35:09,10,11,9932,27401
2023-06-27 10:35:09,10,11,9932,27451
2023-06-27 10:36:12,9,11,9932,27466
2023-06-27 10:36:13,9,10,9932,27466
2023-06-27 10:36:26,9,11,9932,27466
2023-06-27 10:36:26,9,10,9932,27466
2023-06-27 10:36:32,9,11,9932,27466
2023-06-27 10:36:32,9,12,9932,27466
2023-06-27 10:36:32,9,11,9932,27466
2023-06-27 10:36:36,9,12,9932,27466
2023-06-27 10:36:36,10,12,9932,27466
2023-06-27 10:36:36,10,11,9932,27466
2023-06-27 10:36:43,9,11,9932,27466
2023-06-27 10:36:43,9,12,9932,27466
2023-06-27 10:36:44,9,11,9932,27466
2023-06-27 10:36:50,9,10,9932,27466
2023-06-27 10:37:07,9,11,9932,27466
2023-06-27 10:37:07,9,10,9932,27466
2023-06-27 10:37:10,9,11,9932,27466
2023-06-27 10:37:10,9,10,9932,27466
2023-06-27 10:37:20,9,11,9932,27466
2023-06-27 10:37:25,9,10,9932,27466
2023-06-27 10:37:51,8,9,9932,27581
2023-06-27 10:37:57,8,10,9932,27581
2023-06-27 10:38:15,8,9,9932,27581
2023-06-27 10:38:20,8,10,9932,27581
2023-06-27 10:38:26,9,10,9932,27581
2023-06-27 10:38:32,8,10,9932,27581
2023-06-27 10:38:32,9,10,9932,27581
2023-06-27 10:38:54,8,10,9932,27581
2023-06-27 10:38:54,9,10,9932,27581
2023-06-27 10:39:25,10,12,9932,27687
2023-06-27 10:39:25,10,11,9932,27687
2023-06-27 10:39:38,9,11,9932,27687
2023-06-27 10:39:43,9,10,9932,27687
2023-06-27 10:39:57,9,11,9932,27687
2023-06-27 10:39:57,9,10,9932,27687
2023-06-27 10:40:07,9,11,9932,27687
2023-06-27 10:40:07,9,10,9932,27687
2023-06-27 10:40:30,8,10,9947,27702
2023-06-27 10:40:32,8,9,9947,27702
2023-06-27 10:40:39,8,10,9947,27702
2023-06-27 10:40:43,9,10,9947,27702
2023-06-27 10:40:43,9,10,10077,27832
2023-06-27 10:40:50,8,10,10077,27832
2023-06-27 10:41:11,9,10,10077,27832
2023-06-27 10:41:18,8,10,10077,27832
2023-06-27 10:41:46,8,9,10077,27832
2023-06-27 10:42:07,8,10,10077,27832
2023-06-27 10:42:41,9,10,10077,27832
2023-06-27 10:42:50,10,12,10077,27847
2023-06-27 10:42:50,10,11,10077,27847
2023-06-27 10:42:56,9,11,10077,27847
2023-06-27 10:42:56,9,13,10077,27847
2023-06-27 10:42:56,10,13,10077,27847
2023-06-27 10:42:56,10,12,10077,27847
2023-06-27 10:43:04,9,12,10077,27847
2023-06-27 10:43:04,10,12,10077,27847
2023-06-27 10:43:05,10,12,10127,27897
2023-06-27 10:43:07,10,11,10127,27897
2023-06-27 10:43:22,9,11,10127,27897
2023-06-27 10:43:22,9,12,10127,27897
2023-06-27 10:43:22,10,12,10127,27897
2023-06-27 10:43:23,10,11,10127,27897
2023-06-27 10:43:32,11,13,10127,27927
2023-06-27 10:43:38,10,13,10127,27927
2023-06-27 10:43:38,11,13,10127,27927
2023-06-27 10:43:38,11,12,10127,27927
2023-06-27 10:43:42,10,12,10127,27927
2023-06-27 10:43:42,10,13,10127,27927
2023-06-27 10:43:42,11,13,10127,27927
2023-06-27 10:43:42,11,12,10127,27927
2023-06-27 10:44:08,10,12,10127,27927
2023-06-27 10:44:08,11,12,10127,27927
2023-06-27 10:44:10,10,12,10127,27927
2023-06-27 10:44:11,11,12,10127,27927
2023-06-27 10:44:16,10,12,10127,27927
2023-06-27 10:44:20,9,12,10127,27927
2023-06-27 10:44:20,10,12,10127,27927
2023-06-27 10:45:03,10,11,10127,27927
2023-06-27 10:46:06,9,10,10142,27942
2023-06-27 10:46:17,9,11,10142,27942
2023-06-27 10:46:17,9,10,10142,27942
2023-06-27 10:46:27,9,11,10142,27942
2023-06-27 10:46:27,9,10,10142,27942
2023-06-27 10:46:31,9,11,10142,27942
2023-06-27 10:46:31,9,10,10142,27942
2023-06-27 10:46:32,8,10,10157,27957
2023-06-27 10:46:43,8,11,10157,27957
2023-06-27 10:46:43,8,10,10157,27957
2023-06-27 10:46:47,8,11,10157,27957
2023-06-27 10:46:47,8,10,10157,27957
2023-06-27 10:46:51,9,10,10157,27957
2023-06-27 10:46:52,9,10,10172,27972
2023-06-27 10:47:01,8,10,10172,27972
2023-06-27 10:47:01,9,10,10172,27972
2023-06-27 10:47:06,8,10,10172,27972
2023-06-27 10:47:06,9,10,10172,27972
2023-06-27 10:47:25,8,10,10172,27972
2023-06-27 10:47:29,9,10,10172,27972
2023-06-27 10:47:37,10,11,10172,27987
2023-06-27 10:47:49,9,11,10172,27987
2023-06-27 10:47:49,10,11,10172,27987
2023-06-27 10:48:02,9,11,10172,27987
2023-06-27 10:48:02,10,11,10172,27987
2023-06-27 10:48:15,8,11,10172,27987
2023-06-27 10:48:16,9,11,10172,27987
2023-06-27 10:48:16,9,10,10172,27987
2023-06-27 10:48:30,8,10,10172,27987
2023-06-27 10:48:30,9,10,10172,27987
2023-06-27 10:48:30,8,10,10187,28002
2023-06-27 10:48:47,8,9,10187,28002
2023-06-27 10:49:13,8,10,10187,28002
2023-06-27 10:49:13,8,9,10187,28002
2023-06-27 10:49:21,8,10,10187,28002
2023-06-27 10:49:21,8,9,10187,28002
2023-06-27 10:49:33,8,9,10187,28152
2023-06-27 10:49:34,8,9,10202,28167
2023-06-27 10:49:38,8,9,10302,28267
2023-06-27 10:50:43,7,8,10417,28382
2023-06-27 10:50:45,6,8,10417,28382
2023-06-27 10:50:45,7,8,10417,28382
2023-06-27 10:50:59,6,7,10417,28397
2023-06-27 10:50:59,6,7,10492,28472
2023-06-27 10:51:30,6,8,10492,28472
2023-06-27 10:51:30,6,7,10492,28472
2023-06-27 10:51:30,6,7,10492,28541
2023-06-27 10:51:36,6,8,10492,28541
2023-06-27 10:51:53,6,7,10492,28541
2023-06-27 10:51:56,6,8,10492,28541
2023-06-27 10:51:56,6,7,10492,28541
2023-06-27 10:52:12,6,7,10542,28591
2023-06-27 10:52:12,6,7,10592,28641
2023-06-27 10:53:08,6,8,10592,28641
2023-06-27 10:53:12,6,7,10592,28641
2023-06-27 10:53:16,6,8,10592,28641
2023-06-27 10:53:16,6,7,10592,28641
2023-06-27 10:53:26,6,8,10592,28641
2023-06-27 10:53:27,7,8,10592,28641
2023-06-27 10:53:35,6,8,10592,28641
2023-06-27 10:53:36,6,9,10592,28641
2023-06-27 10:53:36,7,9,10592,28641
2023-06-27 10:53:41,6,9,10592,28641
2023-06-27 10:53:42,7,9,10592,28641
2023-06-27 10:54:04,7,8,10592,28641
2023-06-27 10:54:10,6,8,10592,28641
2023-06-27 10:54:10,7,8,10592,28641
2023-06-27 10:54:33,6,7,10692,28741
2023-06-27 10:54:34,6,8,10692,28741
2023-06-27 10:54:38,6,7,10692,28741
2023-06-27 10:54:38,6,7,10742,28791
2023-06-27 10:54:39,6,7,10757,28806
2023-06-27 10:54:45,6,8,10757,28806
2023-06-27 10:55:04,7,8,10757,28806
2023-06-27 10:55:04,7,8,10772,28821
2023-06-27 10:55:04,7,8,10777,28826
2023-06-27 10:55:15,6,8,10777,28826
2023-06-27 10:55:41,7,8,10777,28826
2023-06-27 10:55:41,7,8,10792,28841
2023-06-27 10:55:45,6,8,10792,28841
2023-06-27 10:55:57,7,8,10792,28841
2023-06-27 10:56:11,6,8,10792,28841
2023-06-27 10:56:11,7,8,10792,28841
2023-06-27 10:56:14,7,8,10877,28926
2023-06-27 10:56:30,7,8,10902,28951
2023-06-27 10:56:32,8,9,10902,28966
2023-06-27 10:56:32,8,9,10927,28991
2023-06-27 10:56:35,7,9,10927,28991
2023-06-27 10:56:35,8,9,10927,28991
2023-06-27 10:56:45,7,9,10927,28991
2023-06-27 10:56:52,8,9,10927,28991
2023-06-27 10:57:05,7,9,10927,28991
2023-06-27 10:57:05,8,9,10927,28991
2023-06-27 10:57:11,7,9,10927,28991
2023-06-27 10:57:11,8,9,10927,28991
2023-06-27 10:57:14,7,9,10927,28991
2023-06-27 10:57:14,8,9,10927,28991
2023-06-27 10:57:25,7,9,10927,28991
2023-06-27 10:57:25,8,9,10927,28991
2023-06-27 10:57:28,7,9,10927,28991
2023-06-27 10:57:37,6,9,10927,28991
2023-06-27 10:57:41,7,9,10927,28991
2023-06-27 10:57:44,7,8,10927,28991
2023-06-27 10:57:46,6,8,10927,28991
2023-06-27 10:57:46,7,8,10927,28991
2023-06-27 10:58:06,7,9,10927,28991
2023-06-27 10:58:12,7,8,10927,28991
2023-06-27 10:58:17,7,9,10927,28991
2023-06-27 10:58:17,7,8,10927,28991
2023-06-27 10:58:37,7,9,10927,28991
2023-06-27 10:58:37,7,8,10927,28991
2023-06-27 10:59:04,6,8,10927,29006
2023-06-27 10:59:06,6,7,10927,29006
2023-06-27 10:59:13,6,8,10927,29006
2023-06-27 10:59:14,6,7,10927,29006
2023-06-27 10:59:37,5,7,10952,29031
2023-06-27 11:00:28,5,6,10952,29031
2023-06-27 11:00:34,5,7,10952,29031
2023-06-27 11:00:34,5,6,10952,29031
2023-06-27 11:00:44,5,7,10952,29031
2023-06-27 11:00:44,5,6,10952,29031
2023-06-27 11:01:01,5,7,10952,29031
2023-06-27 11:01:01,5,6,10952,29031
2023-06-27 11:01:07,5,7,10952,29031
2023-06-27 11:01:07,5,6,10952,29031
2023-06-27 11:01:15,5,7,10952,29031
2023-06-27 11:01:15,5,6,10952,29031
2023-06-27 11:01:23,5,7,10952,29031
2023-06-27 11:01:23,5,6,10952,29031
2023-06-27 11:01:47,5,6,10967,29046
2023-06-27 11:01:54,5,6,11002,29081
2023-06-27 11:02:12,5,7,11002,29081
2023-06-27 11:02:16,5,7,11047,29126
2023-06-27 11:02:20,6,7,11047,29126
2023-06-27 11:02:20,6,7,11092,29171
2023-06-27 11:02:26,5,7,11092,29171
2023-06-27 11:02:27,6,7,11092,29171
2023-06-27 11:02:27,6,7,11127,29206
2023-06-27 11:02:34,5,7,11127,29206
2023-06-27 11:02:35,6,7,11127,29206
2023-06-27 11:02:48,5,7,11127,29206
2023-06-27 11:02:48,6,7,11127,29206
2023-06-27 11:02:52,5,7,11127,29206
2023-06-27 11:02:52,6,7,11127,29206
2023-06-27 11:03:04,5,7,11127,29206
2023-06-27 11:03:04,6,7,11127,29206
2023-06-27 11:03:13,5,7,11127,29206
2023-06-27 11:04:05,6,7,11127,29206
2023-06-27 11:04:05,7,8,11112,29221
2023-06-27 11:04:05,7,8,11112,29231
2023-06-27 11:04:43,7,8,11112,29372
2023-06-27 11:04:46,7,9,11082,29402
2023-06-27 11:05:09,7,10,10947,29537
2023-06-27 11:05:10,8,10,10947,29537
2023-06-27 11:05:26,9,10,10947,29537
2023-06-27 11:05:26,8,10,10947,29712
2023-06-27 11:05:28,9,10,10947,29712
2023-06-27 11:05:28,9,10,10947,29727
2023-06-27 11:05:28,9,11,10932,29742
2023-06-27 11:05:29,8,11,10932,29742
2023-06-27 11:06:17,8,10,10932,29742
2023-06-27 11:06:44,8,9,10932,29742
2023-06-27 11:07:14,8,10,10932,29742
2023-06-27 11:07:19,8,10,11382,30192
2023-06-27 11:07:19,9,10,11382,30192
2023-06-27 11:07:20,9,11,11382,30192
2023-06-27 11:07:23,10,11,11382,30192
2023-06-27 11:07:23,10,11,11582,30392
2023-06-27 11:07:23,10,11,11582,30642
2023-06-27 11:07:23,9,11,11632,30692
2023-06-27 11:07:25,9,11,11657,30717
2023-06-27 11:07:27,8,11,11657,30717
2023-06-27 11:07:27,10,11,11657,30717
2023-06-27 11:07:28,10,11,11757,30817
2023-06-27 11:07:29,9,11,11757,30967
2023-06-27 11:07:34,9,10,11757,30967
2023-06-27 11:07:37,9,10,11957,31167
2023-06-27 11:07:37,8,10,11972,31182
2023-06-27 11:07:39,8,9,11972,31182
2023-06-27 11:07:46,8,10,11972,31182
2023-06-27 11:07:46,8,9,11972,31182
2023-06-27 11:08:05,8,10,11972,31182
2023-06-27 11:08:05,8,9,11972,31182
2023-06-27 11:08:05,9,10,11872,31282
2023-06-27 11:08:06,8,10,11872,31432
2023-06-27 11:08:06,8,9,11872,31432
2023-06-27 11:08:23,9,11,12022,31582
2023-06-27 11:08:23,9,10,12022,31582
2023-06-27 11:08:23,9,10,12037,31597
2023-06-27 11:08:23,9,10,12052,31612
2023-06-27 11:08:23,9,10,12057,31617
2023-06-27 11:08:30,8,10,12057,31617
2023-06-27 11:08:30,8,11,12057,31617
2023-06-27 11:08:30,8,10,12057,31617
2023-06-27 11:09:06,9,10,12057,31617
2023-06-27 11:09:08,8,10,12057,31617
2023-06-27 11:09:08,9,10,12057,31617
2023-06-27 11:09:22,8,10,12057,31617
2023-06-27 11:09:22,9,10,12057,31617
2023-06-27 11:09:29,8,10,12057,31617
2023-06-27 11:09:29,9,10,12057,31617
2023-06-27 11:09:30,9,10,12072,31632
2023-06-27 11:09:49,8,10,12107,31667
2023-06-27 11:10:03,9,10,12107,31667
2023-06-27 11:10:03,8,10,12107,31726
2023-06-27 11:10:04,9,10,12107,31726
2023-06-27 11:10:04,9,10,12107,31732
2023-06-27 11:10:09,10,11,12107,31747
2023-06-27 11:10:15,9,11,12107,31747
2023-06-27 11:10:15,10,11,12107,31747
2023-06-27 11:10:57,10,11,12207,31847
2023-06-27 11:10:58,10,11,12207,32047
2023-06-27 11:11:01,10,11,12707,32547
2023-06-27 11:11:04,10,11,12707,32747
2023-06-27 11:11:06,10,11,12857,32897
2023-06-27 11:11:06,10,11,13357,33397
2023-06-27 11:11:07,10,11,13357,33597
2023-06-27 11:11:08,10,11,13857,34097
2023-06-27 11:11:08,10,11,14357,34597
2023-06-27 11:11:11,10,11,14507,34847
2023-06-27 11:11:13,10,12,14507,34862
2023-06-27 11:11:14,11,12,14507,34862
2023-06-27 11:11:14,11,13,14507,34862
2023-06-27 11:11:14,12,13,14507,34862
2023-06-27 11:11:14,12,13,14657,35012
2023-06-27 11:11:16,12,14,14657,35012
2023-06-27 11:11:17,13,14,14657,35012
2023-06-27 11:11:18,13,15,14657,35012
2023-06-27 11:11:19,13,14,14657,35012
2023-06-27 11:11:27,12,14,14657,35012
2023-06-27 11:11:27,13,14,14657,35012
2023-06-27 11:11:30,12,14,14657,35162
2023-06-27 11:11:32,10,14,14657,35162
2023-06-27 11:11:32,11,14,14657,35162
2023-06-27 11:11:32,12,14,14657,35162
2023-06-27 11:11:33,12,13,14657,35162
2023-06-27 11:11:35,10,13,14657,35162
2023-06-27 11:11:53,10,12,14657,35162
2023-06-27 11:13:06,9,10,14657,35477
2023-06-27 11:13:06,9,10,14572,35877
2023-06-27 11:13:06,9,12,14387,36062
2023-06-27 11:13:10,8,12,14187,36562
2023-06-27 11:13:10,8,10,14187,36562
2023-06-27 11:13:10,8,10,13787,36962
2023-06-27 11:13:10,9,10,13787,36962
2023-06-27 11:13:11,9,12,13787,37062
2023-06-27 11:13:16,9,10,13787,37062
2023-06-27 11:13:16,8,9,13787,37362
2023-06-27 11:13:17,8,9,13787,37377
2023-06-27 11:13:17,8,10,13702,37462
2023-06-27 11:13:18,8,10,13302,37862
2023-06-27 11:13:18,8,12,13202,37962
2023-06-27 11:13:18,8,11,13202,37962
2023-06-27 11:13:29,8,10,13202,37962
2023-06-27 11:13:29,8,9,13202,37962
2023-06-27 11:13:29,8,9,12802,38362
2023-06-27 11:13:30,8,10,12802,38462
2023-06-27 11:13:31,8,10,12802,38712
2023-06-27 11:13:31,10,11,12552,38962
2023-06-27 11:13:31,8,11,12552,38962
2023-06-27 11:13:31,8,10,12552,38962
2023-06-27 11:13:31,8,9,12552,38962
2023-06-27 11:13:32,8,10,12488,39362
2023-06-27 11:13:33,8,11,12532,39406
2023-06-27 11:13:34,8,10,12532,39406
2023-06-27 11:13:35,8,11,12532,39436
2023-06-27 11:13:42,8,10,12532,39436
2023-06-27 11:13:55,8,11,12532,39436
2023-06-27 11:13:55,8,9,12532,39436
2023-06-27 11:14:23,7,9,12532,39551
2023-06-27 11:14:24,7,8,12532,39551
2023-06-27 11:14:31,7,9,12532,40751
2023-06-27 11:14:45,7,8,12532,40751
2023-06-27 11:14:48,7,9,12532,40751
2023-06-27 11:14:49,7,8,12532,40751
2023-06-27 11:14:51,7,9,12532,40751
2023-06-27 11:14:52,7,8,12532,40751
2023-06-27 11:15:05,7,9,12532,40751
2023-06-27 11:15:08,7,8,12532,40751
2023-06-27 11:15:09,6,8,12532,40751
2023-06-27 11:15:32,7,8,12532,40751
2023-06-27 11:15:48,7,9,12532,40751
2023-06-27 11:15:50,8,9,12532,40751
2023-06-27 11:15:55,7,9,12532,40751
2023-06-27 11:15:56,8,9,12532,40751
2023-06-27 11:16:05,7,9,12532,40751
2023-06-27 11:16:05,8,9,12532,40751
2023-06-27 11:16:15,7,8,12582,40801
2023-06-27 11:16:16,7,9,12582,40801
2023-06-27 11:16:27,7,8,12582,40801
2023-06-27 11:16:43,6,8,12626,41066
2023-06-27 11:16:53,6,7,12626,41066
2023-06-27 11:17:17,5,7,12641,41081
2023-06-27 11:17:53,5,6,12641,41081
2023-06-27 11:18:43,5,7,12641,41081
2023-06-27 11:19:05,5,6,12641,41081
2023-06-27 11:20:27,5,6,12841,41281
2023-06-27 11:20:36,5,6,12911,41481
2023-06-27 11:21:09,4,6,12911,41481
2023-06-27 11:21:31,4,5,12911,41481
2023-06-27 11:22:02,4,5,12961,41531
2023-06-27 11:25:07,4,5,12996,41566
2023-06-27 11:25:24,4,5,13096,41666
2023-06-27 11:26:55,4,6,13437,42066
2023-06-27 11:27:01,4,6,13452,42081
2023-06-27 11:27:01,4,6,13467,42096
2023-06-27 11:27:41,4,5,13467,42096
2023-06-27 11:27:42,4,5,13497,42126
2023-06-27 11:27:42,4,5,13527,42156
2023-06-27 11:27:46,4,6,13527,42156
2023-06-27 11:27:46,4,5,13527,42156
2023-06-27 11:28:04,4,5,13577,42206
2023-06-27 11:28:04,4,5,13627,42256
2023-06-27 11:28:16,4,5,13677,42306
2023-06-27 11:28:25,3,4,13739,42368
2023-06-27 11:28:26,3,5,13739,42368
2023-06-27 11:28:36,3,5,13789,42418
2023-06-27 11:28:41,3,5,13889,42518
2023-06-27 11:28:51,3,4,13889,42518
2023-06-27 11:28:54,3,4,13939,42568
2023-06-27 11:29:09,3,4,13989,42618
2023-06-27 11:29:33,2,4,13989,42883
2023-06-27 11:29:50,2,3,13989,42883
2023-06-27 11:31:03,2,3,13989,42893
2023-06-27 11:49:08,2,3,14004,42908
2023-06-27 11:52:57,2,3,14039,42943
2023-06-27 11:56:13,2,3,14054,42958
2023-06-27 11:57:48,2,3,14069,42973
2023-06-27 12:00:39,2,3,14099,43003
2023-06-27 12:01:11,2,3,14114,43018
2023-06-27 12:03:43,2,3,14129,43033
2023-06-27 12:03:43,2,3,14344,43248
2023-06-27 12:03:44,2,3,14414,43318
2023-06-27 12:03:50,2,3,14429,43333
2023-06-27 12:04:17,1,3,14509,43413
2023-06-27 12:05:46,1,3,14554,43458
2023-06-27 12:05:46,1,2,14554,43458
2023-06-27 12:05:46,1,3,14554,43458
2023-06-27 12:06:03,1,3,14654,43558
2023-06-27 12:06:19,1,3,14798,43702
2023-06-27 12:07:12,1,3,14803,43707
2023-06-27 12:13:08,1,2,14803,43707
2023-06-27 12:13:08,1,2,14818,43722
2023-06-27 12:13:09,1,3,14818,43722
2023-06-27 12:13:24,1,2,14818,43722
2023-06-27 12:13:24,1,3,14838,43742
2023-06-27 12:13:24,1,2,14858,43762
2023-06-27 12:13:24,1,3,14858,43762
2023-06-27 12:14:59,1,3,14873,43777
2023-06-27 12:14:59,1,2,14873,43777
2023-06-27 12:14:59,1,2,14878,43782
2023-06-27 12:14:59,1,3,14878,43782
2023-06-27 12:14:59,1,3,14878,43782
2023-06-27 12:15:24,1,3,14978,43882
2023-06-27 12:15:24,1,2,14978,43882
2023-06-27 12:15:25,1,3,14978,43882
2023-06-27 12:16:41,1,3,15013,43917
2023-06-27 12:16:41,1,2,15013,43917
2023-06-27 12:16:41,1,3,15013,43917
2023-06-27 12:16:51,1,2,15013,43917
2023-06-27 12:16:51,1,3,15013,43917
2023-06-27 12:17:30,1,3,15028,43932
2023-06-27 12:17:30,1,3,15028,43932
2023-06-27 12:17:43,1,3,15043,43947
2023-06-27 12:17:43,1,2,15043,43947
2023-06-27 12:17:43,1,3,15043,43947
2023-06-27 12:18:25,1,3,15058,43962
2023-06-27 12:18:26,1,3,15058,43962
2023-06-27 12:19:12,1,3,15073,43977
2023-06-27 12:19:12,1,2,15073,43977
2023-06-27 12:19:12,1,3,15073,43977
2023-06-27 12:38:23,1,2,15073,43977
2023-06-27 12:38:23,1,2,15083,43987
2023-06-27 12:38:24,1,3,15083,43987
2023-06-27 12:49:54,1,3,15183,44087
2023-06-27 12:50:05,1,2,15183,44087
2023-06-27 12:51:53,1,2,15198,44102
2023-06-27 12:51:54,1,2,15213,44117
2023-06-27 13:00:12,1,2,15228,44132
2023-06-27 13:01:19,1,2,15398,44302
2023-06-27 13:03:36,1,2,15398,44564
2023-06-27 13:03:51,1,2,15498,44664
2023-06-27 13:11:06,1,2,15513,44679
2023-06-27 13:30:22,1,2,15525,44691
2023-06-27 13:30:22,1,2,15537,44703
2023-06-27 13:30:44,1,2,15582,44748
2023-06-27 13:30:44,1,2,15627,44793
2023-06-27 13:40:14,1,2,15683,44849
2023-06-27 13:41:27,0,2,15683,44928
2023-06-27 13:48:19,0,1,15683,44928
2023-06-27 13:48:19,0,2,15683,44928
2023-06-27 13:48:40,0,1,15683,44928
2023-06-27 13:48:40,0,2,15683,44928
2023-06-27 13:53:22,0,1,15683,44928
2023-06-27 13:53:22,0,2,15683,44928
2023-06-27 13:55:27,0,1,15683,44928
2023-06-27 13:55:27,0,2,15683,44928
2023-06-27 14:12:22,0,1,15683,44928
