datetime,bid,ask,open_interest,volume
2023-02-07 09:30:00,0,14,246,246
2023-02-07 09:30:02,1,14,246,246
2023-02-07 09:30:02,4,14,246,246
2023-02-07 09:30:02,4,13,246,246
2023-02-07 09:30:02,4,10,246,246
2023-02-07 09:30:44,4,8,246,246
2023-02-07 09:30:45,2,8,246,246
2023-02-07 09:30:53,2,10,246,246
2023-02-07 09:30:54,2,8,246,246
2023-02-07 09:31:00,2,10,246,246
2023-02-07 09:31:12,2,8,246,246
2023-02-07 09:31:13,2,10,246,246
2023-02-07 09:31:15,2,8,246,246
2023-02-07 09:31:32,2,10,246,246
2023-02-07 09:31:33,2,8,246,246
2023-02-07 09:31:42,2,10,246,246
2023-02-07 09:31:47,2,8,246,246
2023-02-07 09:31:53,2,10,246,246
2023-02-07 09:32:02,2,8,246,246
2023-02-07 09:32:06,2,10,246,246
2023-02-07 09:32:43,4,10,246,246
2023-02-07 09:32:47,2,10,246,246
2023-02-07 09:33:06,4,10,246,246
2023-02-07 09:33:09,2,10,246,246
2023-02-07 09:35:03,2,8,246,246
2023-02-07 09:35:17,2,10,246,246
2023-02-07 09:35:45,2,8,246,246
2023-02-07 09:36:18,2,10,246,246
2023-02-07 09:36:20,2,8,246,246
2023-02-07 09:36:48,2,7,246,246
2023-02-07 09:37:14,7,8,264,264
2023-02-07 09:37:14,7,8,282,282
2023-02-07 09:37:28,7,8,314,314
2023-02-07 09:37:35,7,10,314,314
2023-02-07 09:40:41,7,12,332,332
2023-02-07 09:40:47,8,12,332,332
2023-02-07 09:41:10,8,11,332,332
2023-02-07 09:41:15,8,12,332,332
2023-02-07 09:41:48,7,12,332,332
2023-02-07 09:41:48,7,11,332,332
2023-02-07 09:42:47,7,10,332,332
2023-02-07 09:43:16,7,11,332,332
2023-02-07 09:43:47,8,11,332,332
2023-02-07 09:43:48,8,12,332,332
2023-02-07 09:45:21,9,12,332,332
2023-02-07 09:45:49,8,12,332,332
2023-02-07 09:46:18,8,11,332,332
2023-02-07 09:46:19,7,11,332,332
2023-02-07 09:47:46,7,10,332,332
2023-02-07 09:48:49,7,9,332,332
2023-02-07 09:49:17,7,10,332,332
2023-02-07 09:49:18,7,11,332,332
2023-02-07 09:49:18,7,12,332,332
2023-02-07 09:49:27,5,12,332,332
2023-02-07 09:50:23,5,10,332,332
2023-02-07 09:50:24,6,10,332,332
2023-02-07 09:50:40,6,11,406,406
2023-02-07 09:50:47,7,11,406,406
2023-02-07 09:51:16,8,11,406,406
2023-02-07 09:51:16,8,12,406,406
2023-02-07 09:51:35,10,12,406,406
2023-02-07 09:52:18,10,12,506,506
2023-02-07 09:52:20,11,12,506,506
2023-02-07 09:52:21,11,12,597,597
2023-02-07 09:52:23,11,12,697,697
2023-02-07 09:52:27,11,12,797,797
2023-02-07 09:52:30,11,12,897,897
2023-02-07 09:52:34,11,12,997,997
2023-02-07 09:52:38,11,12,1097,1097
2023-02-07 09:52:42,11,12,1197,1197
2023-02-07 09:52:47,11,12,1368,1368
2023-02-07 09:54:17,9,11,1446,1446
2023-02-07 09:54:17,8,11,1446,1446
2023-02-07 09:54:18,7,11,1446,1446
2023-02-07 09:55:21,7,12,1446,1446
2023-02-07 09:55:21,8,12,1446,1446
2023-02-07 09:55:45,10,12,1446,1446
2023-02-07 09:59:00,11,12,1446,1446
2023-02-07 09:59:18,11,12,1482,1482
2023-02-07 09:59:18,11,13,1482,1482
2023-02-07 09:59:22,12,13,1482,1482
2023-02-07 09:59:32,11,13,1482,1482
2023-02-07 09:59:48,11,13,1633,1633
2023-02-07 09:59:48,11,12,1633,1633
2023-02-07 10:00:25,11,12,1714,1714
2023-02-07 10:00:27,11,12,1750,1750
2023-02-07 10:00:48,11,12,1834,1834
2023-02-07 10:01:14,11,12,1835,1835
2023-02-07 10:01:19,11,12,1935,1935
2023-02-07 10:03:17,11,13,1935,1935
2023-02-07 10:03:17,11,14,1935,1935
2023-02-07 10:03:48,11,13,1935,1935
2023-02-07 10:04:16,11,12,1935,1935
2023-02-07 10:04:44,11,12,1946,1946
2023-02-07 10:05:49,11,13,1946,1946
2023-02-07 10:06:52,9,13,1946,1946
2023-02-07 10:07:01,12,13,1946,1946
2023-02-07 10:07:17,12,14,1946,1946
2023-02-07 10:08:16,12,13,1946,1946
2023-02-07 10:08:45,12,13,2050,2050
2023-02-07 10:09:17,12,13,2172,2172
2023-02-07 10:09:46,12,13,2296,2296
2023-02-07 10:10:21,8,12,2338,2338
2023-02-07 10:10:47,8,11,2338,2338
2023-02-07 10:10:48,7,11,2338,2338
2023-02-07 10:11:19,8,11,2338,2338
2023-02-07 10:11:19,8,12,2338,2338
2023-02-07 10:11:27,9,12,2338,2338
2023-02-07 10:12:18,9,13,2338,2338
2023-02-07 10:12:18,9,12,2338,2338
2023-02-07 10:12:48,9,11,2338,2338
2023-02-07 10:14:47,9,12,2338,2338
2023-02-07 10:16:19,9,11,2338,2338
2023-02-07 10:16:41,7,11,2338,2338
2023-02-07 10:17:19,8,11,2338,2338
2023-02-07 10:17:47,8,12,2338,2338
2023-02-07 10:20:22,8,13,2338,2338
2023-02-07 10:20:23,9,13,2338,2338
2023-02-07 10:22:47,9,12,2338,2338
2023-02-07 10:22:48,8,12,2338,2338
2023-02-07 10:23:47,8,13,2338,2338
2023-02-07 10:23:47,9,13,2338,2338
2023-02-07 10:24:44,8,13,2338,2338
2023-02-07 10:24:45,8,12,2338,2338
2023-02-07 10:27:16,7,12,2338,2338
2023-02-07 10:27:17,7,11,2338,2338
2023-02-07 10:27:45,6,11,2338,2338
2023-02-07 10:27:45,6,10,2338,2338
2023-02-07 10:28:17,6,9,2338,2338
2023-02-07 10:28:46,5,9,2338,2338
2023-02-07 10:30:22,6,9,2338,2338
2023-02-07 10:30:48,6,10,2338,2338
2023-02-07 10:31:18,5,10,2338,2338
2023-02-07 10:31:19,6,10,2338,2338
2023-02-07 10:32:49,6,11,2338,2338
2023-02-07 10:32:51,7,11,2338,2338
2023-02-07 10:34:48,7,9,2338,2338
2023-02-07 10:34:48,6,9,2338,2338
2023-02-07 10:35:21,6,10,2338,2338
2023-02-07 10:35:49,7,10,2338,2338
2023-02-07 10:36:19,6,10,2338,2338
2023-02-07 10:36:48,5,10,2338,2338
2023-02-07 10:36:49,5,9,2338,2338
2023-02-07 10:37:18,6,9,2338,2338
2023-02-07 10:37:19,6,10,2338,2338
2023-02-07 10:37:48,7,10,2338,2338
2023-02-07 10:37:48,7,11,2338,2338
2023-02-07 10:38:48,8,11,2338,2338
2023-02-07 10:38:48,8,12,2338,2338
2023-02-07 10:39:16,8,11,2338,2338
2023-02-07 10:39:16,7,11,2338,2338
2023-02-07 10:44:19,7,10,2338,2338
2023-02-07 10:44:19,6,10,2338,2338
2023-02-07 10:44:49,6,9,2338,2338
2023-02-07 10:45:19,6,10,2338,2338
2023-02-07 10:45:21,7,10,2338,2338
2023-02-07 10:45:21,7,11,2338,2338
2023-02-07 10:45:47,7,10,2338,2338
2023-02-07 10:46:18,7,11,2338,2338
2023-02-07 10:46:47,6,11,2338,2338
2023-02-07 10:46:47,7,11,2338,2338
2023-02-07 10:47:47,6,11,2338,2338
2023-02-07 10:47:48,6,10,2338,2338
2023-02-07 10:47:49,5,10,2338,2338
2023-02-07 10:47:49,6,10,2338,2338
2023-02-07 10:48:19,7,10,2338,2338
2023-02-07 10:48:48,7,11,2338,2338
2023-02-07 10:49:15,6,11,2338,2338
2023-02-07 10:49:16,6,10,2338,2338
2023-02-07 10:50:48,6,12,2338,2338
2023-02-07 10:50:49,8,12,2338,2338
2023-02-07 10:51:54,10,12,2338,2338
2023-02-07 10:52:19,10,15,2338,2338
2023-02-07 10:54:09,10,48,2338,2338
2023-02-07 10:54:11,10,15,2338,2338
2023-02-07 10:55:50,10,14,2338,2338
2023-02-07 10:56:17,10,15,2338,2338
2023-02-07 10:56:17,5,15,2340,2340
2023-02-07 10:56:24,5,14,2340,2340
2023-02-07 10:56:51,6,14,2340,2340
2023-02-07 10:56:52,6,12,2340,2340
2023-02-07 10:56:52,6,10,2340,2340
2023-02-07 10:57:18,6,9,2340,2340
2023-02-07 10:57:43,6,10,2340,2340
2023-02-07 10:57:43,6,9,2340,2340
2023-02-07 10:57:49,5,9,2340,2340
2023-02-07 10:57:50,5,10,2340,2340
2023-02-07 10:57:50,5,8,2340,2340
2023-02-07 10:58:05,5,7,2340,2340
2023-02-07 10:58:05,5,7,2340,2438
2023-02-07 10:58:06,5,8,2340,2438
2023-02-07 10:58:19,4,8,2340,2438
2023-02-07 10:58:21,4,8,2459,2557
2023-02-07 11:00:22,6,8,2459,2557
2023-02-07 11:01:19,6,9,2459,2557
2023-02-07 11:01:20,7,9,2459,2557
2023-02-07 11:01:48,7,8,2459,2557
2023-02-07 11:02:18,7,9,2459,2557
2023-02-07 11:03:49,7,8,2459,2557
2023-02-07 11:06:17,7,9,2459,2557
2023-02-07 11:06:46,7,10,2459,2557
2023-02-07 11:07:28,10,11,2581,2679
2023-02-07 11:07:47,10,11,2678,2776
2023-02-07 11:08:33,11,12,2818,2916
2023-02-07 11:08:47,11,16,2818,2916
2023-02-07 11:08:48,12,16,2818,2916
2023-02-07 11:09:12,13,16,2818,2916
2023-02-07 11:09:19,13,22,2818,2916
2023-02-07 11:09:20,13,21,2818,2916
2023-02-07 11:09:29,13,20,2818,2916
2023-02-07 11:09:33,6,20,2818,2916
2023-02-07 11:09:34,6,19,2818,2916
2023-02-07 11:09:46,6,20,2818,2916
2023-02-07 11:09:50,6,19,2818,2916
2023-02-07 11:09:51,6,20,2818,2916
2023-02-07 11:09:52,6,19,2818,2916
2023-02-07 11:10:06,6,18,2818,2916
2023-02-07 11:10:06,6,17,2818,2916
2023-02-07 11:10:13,6,18,2818,2916
2023-02-07 11:10:13,6,17,2818,2916
2023-02-07 11:10:33,6,18,2818,2916
2023-02-07 11:10:33,6,17,2818,2916
2023-02-07 11:10:45,6,18,2818,2916
2023-02-07 11:10:45,6,17,2818,2916
2023-02-07 11:10:50,11,17,2818,2916
2023-02-07 11:10:50,12,17,2818,2916
2023-02-07 11:10:54,12,15,2818,2916
2023-02-07 11:11:07,12,16,2818,2916
2023-02-07 11:11:19,13,16,2818,2916
2023-02-07 11:11:50,12,16,2818,2916
2023-02-07 11:12:23,12,15,2818,2916
2023-02-07 11:12:35,12,16,2818,2916
2023-02-07 11:12:49,13,16,2818,2916
2023-02-07 11:12:49,13,17,2818,2916
2023-02-07 11:13:32,13,16,2818,2916
2023-02-07 11:14:18,14,16,2818,2916
2023-02-07 11:14:41,14,17,2818,2916
2023-02-07 11:14:48,13,17,2818,2916
2023-02-07 11:15:48,14,17,2818,2916
2023-02-07 11:16:47,13,17,2818,2916
2023-02-07 11:17:46,13,16,2818,2916
2023-02-07 11:17:47,12,16,2818,2916
2023-02-07 11:17:48,12,15,2818,2916
2023-02-07 11:18:19,13,15,2818,2916
2023-02-07 11:19:47,12,15,2818,2916
2023-02-07 11:20:49,11,15,2818,2916
2023-02-07 11:21:19,12,15,2818,2916
2023-02-07 11:21:59,12,17,2818,2916
2023-02-07 11:22:06,12,13,2818,2916
2023-02-07 11:22:17,11,13,2818,2916
2023-02-07 11:22:47,12,13,2818,2916
2023-02-07 11:23:54,12,16,2818,2916
2023-02-07 11:24:17,12,15,2818,2916
2023-02-07 11:25:19,11,16,2818,2916
2023-02-07 11:25:48,12,16,2818,2916
2023-02-07 11:25:57,12,15,2818,2916
2023-02-07 11:26:46,13,15,2818,2916
2023-02-07 11:26:53,13,15,2818,3216
2023-02-07 11:27:19,12,15,2818,3216
2023-02-07 11:28:48,13,15,2818,3216
2023-02-07 11:29:10,14,15,2818,3216
2023-02-07 11:29:10,15,18,2759,3275
2023-02-07 11:29:18,14,15,2759,3369
2023-02-07 11:29:30,13,18,2759,3369
2023-02-07 11:29:46,13,17,2759,3369
2023-02-07 11:30:47,13,18,2759,3369
2023-02-07 11:30:48,14,18,2759,3369
2023-02-07 11:31:49,14,19,2759,3369
2023-02-07 11:32:07,14,18,2759,3369
2023-02-07 11:32:20,15,18,2759,3369
2023-02-07 11:32:48,16,18,2759,3369
2023-02-07 11:33:07,16,19,2759,3369
2023-02-07 11:33:38,16,20,2759,3369
2023-02-07 11:33:46,16,22,2759,3369
2023-02-07 11:33:46,14,22,2759,3369
2023-02-07 11:33:47,14,25,2759,3369
2023-02-07 11:33:47,9,25,2759,3369
2023-02-07 11:33:48,9,24,2759,3369
2023-02-07 11:33:48,20,24,2759,3369
2023-02-07 11:33:50,18,20,2759,3458
2023-02-07 11:33:55,18,24,2759,3458
2023-02-07 11:34:03,18,24,2759,3476
2023-02-07 11:34:04,18,25,2759,3476
2023-02-07 11:34:06,18,24,2759,3476
2023-02-07 11:34:07,18,23,2759,3476
2023-02-07 11:34:09,18,23,2759,3573
2023-02-07 11:34:14,17,23,2759,3583
2023-02-07 11:34:17,18,23,2759,3583
2023-02-07 11:34:17,22,23,2759,3583
2023-02-07 11:34:18,20,22,2759,3671
2023-02-07 11:34:22,20,22,2759,3771
2023-02-07 11:34:25,18,20,2759,3787
2023-02-07 11:34:33,18,23,2759,3795
2023-02-07 11:34:41,18,22,2759,3795
2023-02-07 11:34:47,19,22,2759,3795
2023-02-07 11:34:47,21,22,2759,3795
2023-02-07 11:34:47,21,22,2759,3813
2023-02-07 11:34:48,21,22,2759,3831
2023-02-07 11:34:48,19,22,2759,3931
2023-02-07 11:34:54,17,22,2759,4031
2023-02-07 11:35:07,17,21,2759,4031
2023-02-07 11:35:10,17,20,2759,4031
2023-02-07 11:35:47,16,20,2759,4031
2023-02-07 11:36:07,16,19,2759,4031
2023-02-07 11:36:46,14,19,2759,4031
2023-02-07 11:36:47,15,19,2759,4031
2023-02-07 11:36:47,17,19,2759,4031
2023-02-07 11:37:07,17,22,2759,4031
2023-02-07 11:37:07,17,21,2759,4031
2023-02-07 11:37:21,16,21,2759,4031
2023-02-07 11:37:46,14,21,2759,4031
2023-02-07 11:37:47,15,21,2759,4031
2023-02-07 11:37:47,17,21,2759,4031
2023-02-07 11:37:48,17,20,2759,4031
2023-02-07 11:38:07,17,19,2759,4031
2023-02-07 11:38:17,17,18,2759,4031
2023-02-07 11:38:21,16,18,2759,4031
2023-02-07 11:38:22,16,19,2759,4031
2023-02-07 11:38:50,14,19,2759,4031
2023-02-07 11:38:50,17,19,2759,4031
2023-02-07 11:39:07,17,21,2759,4031
2023-02-07 11:39:07,17,20,2759,4031
2023-02-07 11:39:23,16,20,2759,4031
2023-02-07 11:40:07,16,19,2759,4031
2023-02-07 11:40:24,17,19,2759,4031
2023-02-07 11:41:07,17,21,2759,4031
2023-02-07 11:41:07,17,20,2759,4031
2023-02-07 11:41:46,16,20,2759,4031
2023-02-07 11:41:47,18,20,2759,4031
2023-02-07 11:42:07,18,22,2759,4031
2023-02-07 11:42:07,18,21,2759,4031
2023-02-07 11:42:18,16,21,2759,4031
2023-02-07 11:42:18,17,21,2759,4031
2023-02-07 11:43:52,16,21,2759,4031
2023-02-07 11:44:08,16,20,2759,4031
2023-02-07 11:44:42,17,20,2759,4031
2023-02-07 11:45:07,17,22,2759,4031
2023-02-07 11:45:07,17,21,2759,4031
2023-02-07 11:45:21,16,21,2759,4031
2023-02-07 11:45:21,18,21,2759,4031
2023-02-07 11:46:48,17,21,2759,4031
2023-02-07 11:46:49,21,22,2759,4038
2023-02-07 11:46:53,19,21,2759,4112
2023-02-07 11:46:58,19,22,2759,4112
2023-02-07 11:47:17,17,22,2759,4112
2023-02-07 11:47:18,18,22,2759,4112
2023-02-07 11:47:18,20,22,2759,4112
2023-02-07 11:47:20,20,22,2759,4212
2023-02-07 11:47:23,18,20,2759,4213
2023-02-07 11:47:33,18,22,2759,4213
2023-02-07 11:47:47,16,22,2759,4213
2023-02-07 11:47:47,17,22,2759,4213
2023-02-07 11:47:47,19,22,2759,4213
2023-02-07 11:48:19,20,22,2759,4213
2023-02-07 11:48:47,18,22,2759,4213
2023-02-07 11:48:47,19,22,2759,4213
2023-02-07 11:49:47,17,22,2759,4213
2023-02-07 11:49:47,20,22,2759,4213
2023-02-07 11:50:24,18,22,2759,4213
2023-02-07 11:50:25,17,22,2759,4213
2023-02-07 11:50:25,19,22,2759,4213
2023-02-07 11:51:03,19,23,2759,4213
2023-02-07 11:51:20,20,23,2759,4213
2023-02-07 11:51:22,20,23,2759,4313
2023-02-07 11:51:26,18,20,2759,4320
2023-02-07 11:51:33,18,23,2759,4320
2023-02-07 11:51:49,18,22,2759,4320
2023-02-07 11:52:20,18,23,2759,4320
2023-02-07 11:52:21,18,22,2759,4320
2023-02-07 11:52:48,19,22,2759,4320
2023-02-07 11:52:49,19,23,2759,4320
2023-02-07 11:53:17,17,23,2759,4320
2023-02-07 11:53:17,20,23,2759,4320
2023-02-07 11:54:21,20,25,2759,4320
2023-02-07 11:54:22,20,23,2759,4320
2023-02-07 11:54:22,18,23,2759,4320
2023-02-07 11:54:24,18,22,2759,4320
2023-02-07 11:54:48,19,22,2759,4320
2023-02-07 11:54:48,19,23,2759,4320
2023-02-07 11:54:50,19,22,2759,4320
2023-02-07 11:55:08,17,22,2663,4416
2023-02-07 11:55:22,17,21,2663,4416
2023-02-07 11:55:22,17,19,2663,4416
2023-02-07 11:55:22,15,19,2663,4416
2023-02-07 11:56:18,15,21,2663,4416
2023-02-07 11:56:18,14,21,2663,4416
2023-02-07 11:56:18,14,18,2663,4416
2023-02-07 11:57:49,14,19,2663,4416
2023-02-07 11:57:55,15,19,2663,4416
2023-02-07 11:59:07,15,19,2663,4511
2023-02-07 11:59:19,15,22,2663,4511
2023-02-07 11:59:19,14,22,2663,4511
2023-02-07 11:59:19,14,20,2663,4511
2023-02-07 11:59:20,14,18,2663,4511
2023-02-07 11:59:32,14,17,2663,4511
2023-02-07 11:59:46,14,18,2663,4511
2023-02-07 11:59:50,14,17,2663,4511
2023-02-07 12:00:26,13,17,2663,4511
2023-02-07 12:00:26,14,17,2663,4511
2023-02-07 12:00:50,14,16,2663,4511
2023-02-07 12:01:23,12,16,2663,4511
2023-02-07 12:01:23,13,16,2663,4511
2023-02-07 12:01:23,13,17,2663,4511
2023-02-07 12:01:25,14,17,2663,4511
2023-02-07 12:01:52,14,19,2663,4511
2023-02-07 12:02:20,14,18,2663,4511
2023-02-07 12:02:20,13,18,2663,4511
2023-02-07 12:02:47,12,18,2663,4511
2023-02-07 12:02:47,13,18,2663,4511
2023-02-07 12:03:21,15,18,2663,4511
2023-02-07 12:03:22,15,19,2663,4511
2023-02-07 12:03:49,14,19,2663,4511
2023-02-07 12:04:19,15,19,2663,4511
2023-02-07 12:04:51,17,19,2663,4511
2023-02-07 12:04:51,17,21,2663,4511
2023-02-07 12:04:52,17,20,2663,4511
2023-02-07 12:05:22,15,20,2663,4511
2023-02-07 12:05:22,16,20,2663,4511
2023-02-07 12:05:36,16,21,2663,4511
2023-02-07 12:05:38,16,20,2663,4511
2023-02-07 12:05:49,16,21,2663,4511
2023-02-07 12:05:49,16,22,2663,4511
2023-02-07 12:05:49,17,22,2663,4511
2023-02-07 12:05:50,17,21,2663,4511
2023-02-07 12:06:16,15,21,2663,4628
2023-02-07 12:06:24,15,20,2663,4628
2023-02-07 12:06:48,16,20,2663,4628
2023-02-07 12:06:48,16,21,2663,4628
2023-02-07 12:06:49,16,20,2663,4628
2023-02-07 12:07:19,15,20,2663,4628
2023-02-07 12:07:19,15,19,2663,4628
2023-02-07 12:08:46,15,20,2663,4628
2023-02-07 12:09:02,15,19,2663,4628
2023-02-07 12:09:48,16,19,2663,4628
2023-02-07 12:09:48,16,20,2663,4628
2023-02-07 12:10:23,15,20,2663,4628
2023-02-07 12:10:24,15,19,2663,4628
2023-02-07 12:11:18,16,19,2663,4628
2023-02-07 12:11:18,16,21,2663,4628
2023-02-07 12:11:37,16,20,2663,4628
2023-02-07 12:11:48,16,22,2663,4628
2023-02-07 12:11:49,16,21,2663,4628
2023-02-07 12:11:49,16,20,2663,4628
2023-02-07 12:12:18,16,19,2663,4628
2023-02-07 12:12:33,15,18,2663,4628
2023-02-07 12:14:10,14,18,2663,4628
2023-02-07 12:14:19,14,17,2663,4628
2023-02-07 12:14:41,15,17,2663,4628
2023-02-07 12:15:20,15,18,2663,4628
2023-02-07 12:17:08,15,18,2663,4629
2023-02-07 12:17:18,15,17,2663,4629
2023-02-07 12:17:41,13,17,2663,4629
2023-02-07 12:17:44,15,17,2663,4629
2023-02-07 12:17:47,15,18,2663,4629
2023-02-07 12:17:48,15,16,2663,4629
2023-02-07 12:17:48,15,18,2663,4629
2023-02-07 12:18:18,15,19,2663,4629
2023-02-07 12:18:48,15,21,2663,4629
2023-02-07 12:18:48,16,21,2663,4629
2023-02-07 12:18:48,16,20,2663,4629
2023-02-07 12:18:49,16,19,2663,4629
2023-02-07 12:19:18,15,19,2663,4629
2023-02-07 12:19:18,15,20,2663,4629
2023-02-07 12:19:18,15,19,2663,4629
2023-02-07 12:20:25,15,18,2663,4629
2023-02-07 12:20:34,15,17,2663,4629
2023-02-07 12:20:37,15,18,2663,4629
2023-02-07 12:20:40,14,18,2663,4647
2023-02-07 12:20:46,14,18,2566,4744
2023-02-07 12:20:46,13,18,2566,4744
2023-02-07 12:20:47,13,20,2566,4744
2023-02-07 12:20:47,13,19,2566,4744
2023-02-07 12:20:48,13,16,2566,4744
2023-02-07 12:21:19,12,13,2584,4812
2023-02-07 12:21:20,6,13,2584,4812
2023-02-07 12:21:20,9,13,2584,4812
2023-02-07 12:21:20,10,13,2584,4812
2023-02-07 12:21:46,10,13,2602,4830
2023-02-07 12:22:17,10,14,2620,4848
2023-02-07 12:22:38,9,14,2620,4976
2023-02-07 12:22:45,9,15,2620,4976
2023-02-07 12:22:47,11,15,2620,4976
2023-02-07 12:22:47,14,15,2620,4976
2023-02-07 12:23:17,12,15,2620,4976
2023-02-07 12:23:22,12,14,2620,4976
2023-02-07 12:23:23,12,15,2620,4976
2023-02-07 12:23:24,12,14,2620,4976
2023-02-07 12:23:46,11,14,2620,4976
2023-02-07 12:23:47,9,14,2620,4976
2023-02-07 12:23:48,12,14,2620,4976
2023-02-07 12:23:49,12,13,2620,4976
2023-02-07 12:24:18,9,13,2620,4976
2023-02-07 12:24:18,9,12,2620,4976
2023-02-07 12:24:18,9,12,2638,4994
2023-02-07 12:24:19,8,12,2638,4994
2023-02-07 12:24:48,8,12,2656,5012
2023-02-07 12:25:18,8,12,2674,5030
2023-02-07 12:25:31,10,12,2674,5030
2023-02-07 12:25:48,9,12,2674,5030
2023-02-07 12:25:48,9,13,2674,5030
2023-02-07 12:25:49,12,13,2674,5030
2023-02-07 12:26:17,9,13,2674,5030
2023-02-07 12:26:17,8,13,2674,5030
2023-02-07 12:26:17,7,13,2674,5030
2023-02-07 12:26:17,7,14,2674,5030
2023-02-07 12:26:17,6,14,2674,5030
2023-02-07 12:26:17,6,20,2674,5030
2023-02-07 12:26:18,6,19,2674,5030
2023-02-07 12:26:19,12,19,2674,5030
2023-02-07 12:26:20,12,20,2674,5030
2023-02-07 12:26:22,12,19,2674,5030
2023-02-07 12:27:03,12,20,2674,5030
2023-02-07 12:27:03,12,19,2674,5030
2023-02-07 12:27:18,5,20,2674,5030
2023-02-07 12:27:20,11,20,2674,5030
2023-02-07 12:27:22,12,20,2674,5030
2023-02-07 12:27:23,12,19,2674,5030
2023-02-07 12:27:59,11,19,2674,5030
2023-02-07 12:28:00,11,20,2674,5030
2023-02-07 12:28:03,11,19,2674,5030
2023-02-07 12:28:03,12,19,2674,5030
2023-02-07 12:28:13,12,18,2674,5030
2023-02-07 12:28:13,12,17,2674,5030
2023-02-07 12:28:14,13,17,2674,5030
2023-02-07 12:28:45,12,18,2674,5030
2023-02-07 12:28:45,13,18,2674,5030
2023-02-07 12:28:46,13,15,2674,5030
2023-02-07 12:30:20,14,15,2674,5030
2023-02-07 12:30:49,12,14,2674,5030
2023-02-07 12:30:49,9,14,2674,5066
2023-02-07 12:30:51,9,14,2692,5084
2023-02-07 12:30:56,10,14,2692,5084
2023-02-07 12:31:20,10,14,2710,5102
2023-02-07 12:31:21,10,13,2710,5102
2023-02-07 12:31:36,10,14,2710,5102
2023-02-07 12:31:46,10,13,2710,5102
2023-02-07 12:31:47,10,14,2710,5102
2023-02-07 12:31:49,10,13,2710,5102
2023-02-07 12:31:51,10,13,2728,5120
2023-02-07 12:31:52,10,14,2728,5120
2023-02-07 12:32:22,10,14,2746,5138
2023-02-07 12:32:47,11,14,2746,5138
2023-02-07 12:32:47,11,15,2746,5138
2023-02-07 12:32:51,11,15,2764,5156
2023-02-07 12:33:23,14,15,2764,5156
2023-02-07 12:33:46,14,16,2764,5156
2023-02-07 12:33:46,13,14,2782,5174
2023-02-07 12:34:19,9,13,2800,5192
2023-02-07 12:34:23,12,13,2800,5192
2023-02-07 12:34:38,9,13,2818,5210
2023-02-07 12:34:52,9,13,2884,5276
2023-02-07 12:34:53,9,13,2909,5301
2023-02-07 12:34:54,9,13,2927,5319
2023-02-07 12:35:24,9,14,2927,5319
2023-02-07 12:35:24,10,14,2927,5319
2023-02-07 12:35:25,13,14,2927,5319
2023-02-07 12:37:19,13,15,2927,5319
2023-02-07 12:37:21,13,16,2927,5319
2023-02-07 12:37:25,14,16,2927,5319
2023-02-07 12:37:31,12,16,2945,5337
2023-02-07 12:37:55,13,16,2945,5337
2023-02-07 12:37:56,13,15,2945,5337
2023-02-07 12:37:57,12,15,2963,5355
2023-02-07 12:38:02,12,15,2963,5360
2023-02-07 12:38:18,11,15,2963,5360
2023-02-07 12:38:26,13,15,2963,5360
2023-02-07 12:38:46,14,15,2963,5360
2023-02-07 12:39:18,14,16,2963,5360
2023-02-07 12:41:10,15,16,2963,5360
2023-02-07 12:41:17,15,17,2963,5360
2023-02-07 12:41:21,15,17,2988,5385
2023-02-07 12:41:41,16,17,2988,5385
2023-02-07 12:41:48,18,23,2988,5496
2023-02-07 12:41:56,19,23,2988,5496
2023-02-07 12:41:57,18,23,2988,5496
2023-02-07 12:41:57,21,23,2988,5496
2023-02-07 12:41:58,20,23,2988,5496
2023-02-07 12:41:58,20,23,2988,5532
2023-02-07 12:42:00,21,23,2988,5532
2023-02-07 12:42:10,25,27,3176,5720
2023-02-07 12:42:18,24,25,3194,5738
2023-02-07 12:42:31,19,25,3212,5756
2023-02-07 12:42:31,19,29,3212,5756
2023-02-07 12:42:31,19,28,3212,5756
2023-02-07 12:42:32,16,28,3212,5756
2023-02-07 12:42:32,17,28,3212,5756
2023-02-07 12:42:35,18,28,3212,5756
2023-02-07 12:42:35,18,29,3212,5756
2023-02-07 12:42:36,17,29,3212,5756
2023-02-07 12:42:37,17,28,3212,5756
2023-02-07 12:42:38,16,28,3212,5756
2023-02-07 12:42:38,14,28,3212,5756
2023-02-07 12:42:38,14,29,3212,5756
2023-02-07 12:42:38,14,27,3212,5756
2023-02-07 12:42:38,14,29,3212,5756
2023-02-07 12:42:40,15,29,3212,5756
2023-02-07 12:42:41,15,28,3212,5756
2023-02-07 12:42:41,16,28,3212,5756
2023-02-07 12:42:42,16,24,3212,5756
2023-02-07 12:42:51,16,24,3194,5774
2023-02-07 12:42:52,16,19,3194,5774
2023-02-07 12:42:55,16,24,3194,5774
2023-02-07 12:42:55,13,24,3212,5792
2023-02-07 12:43:03,14,24,3212,5792
2023-02-07 12:43:08,13,24,3212,5792
2023-02-07 12:43:11,13,28,3212,5792
2023-02-07 12:43:11,14,28,3212,5792
2023-02-07 12:43:12,14,22,3212,5792
2023-02-07 12:43:26,15,22,3212,5792
2023-02-07 12:43:29,16,22,3212,5792
2023-02-07 12:43:33,15,22,3212,5792
2023-02-07 12:43:34,18,22,3212,5792
2023-02-07 12:43:40,18,99,3212,5792
2023-02-07 12:43:42,18,25,3212,5792
2023-02-07 12:43:53,18,23,3212,5792
2023-02-07 12:43:57,17,23,3212,5792
2023-02-07 12:44:02,18,23,3212,5792
2023-02-07 12:44:19,22,23,3212,5792
2023-02-07 12:44:19,22,26,3212,5792
2023-02-07 12:44:22,20,26,3212,5792
2023-02-07 12:44:31,19,26,3212,5792
2023-02-07 12:44:33,18,26,3212,5792
2023-02-07 12:44:41,20,29,3212,5792
2023-02-07 12:44:43,20,26,3212,5792
2023-02-07 12:44:43,19,26,3212,5792
2023-02-07 12:44:55,20,26,3212,5792
2023-02-07 12:44:57,19,26,3212,5792
2023-02-07 12:44:57,22,26,3212,5792
2023-02-07 12:45:03,23,26,3212,5792
2023-02-07 12:45:03,26,29,3194,5810
2023-02-07 12:45:07,26,30,3194,5810
2023-02-07 12:45:10,26,29,3194,5810
2023-02-07 12:45:15,23,29,3194,5810
2023-02-07 12:45:15,23,28,3194,5810
2023-02-07 12:45:19,25,28,3194,5810
2023-02-07 12:45:22,23,28,3194,5810
2023-02-07 12:45:24,25,28,3194,5810
2023-02-07 12:45:25,25,29,3194,5810
2023-02-07 12:45:29,27,29,3194,5810
2023-02-07 12:45:32,29,32,3194,5811
2023-02-07 12:45:43,29,34,3194,5811
2023-02-07 12:45:45,31,34,3194,5811
2023-02-07 12:45:51,31,37,3194,5811
2023-02-07 12:45:51,31,36,3194,5811
2023-02-07 12:46:01,34,36,3194,5811
2023-02-07 12:46:02,34,37,3194,5811
2023-02-07 12:46:10,34,36,3194,5811
2023-02-07 12:46:14,36,37,3194,5820
2023-02-07 12:46:25,32,37,3186,5828
2023-02-07 12:46:25,33,37,3186,5828
2023-02-07 12:46:26,32,37,3186,5828
2023-02-07 12:46:31,33,37,3186,5828
2023-02-07 12:46:31,32,37,3186,5828
2023-02-07 12:46:34,29,37,3168,5846
2023-02-07 12:46:35,29,36,3168,5846
2023-02-07 12:46:36,31,36,3168,5846
2023-02-07 12:46:37,29,36,3168,5846
2023-02-07 12:46:41,29,34,3168,5846
2023-02-07 12:46:45,26,34,3168,5846
2023-02-07 12:46:49,28,34,3168,5846
2023-02-07 12:46:51,28,35,3168,5846
2023-02-07 12:46:55,30,35,3168,5846
2023-02-07 12:46:56,28,35,3168,5846
2023-02-07 12:46:58,30,35,3168,5846
2023-02-07 12:47:04,32,35,3168,5846
2023-02-07 12:47:09,32,39,3168,5846
2023-02-07 12:47:27,32,37,3168,5846
2023-02-07 12:47:28,30,37,3168,5846
2023-02-07 12:47:49,28,37,3168,5864
2023-02-07 12:47:50,28,35,3168,5864
2023-02-07 12:47:56,26,35,3168,5900
2023-02-07 12:47:57,26,32,3168,5900
2023-02-07 12:48:02,32,35,3132,5936
2023-02-07 12:48:04,32,39,3132,5936
2023-02-07 12:48:04,32,37,3132,5936
2023-02-07 12:48:04,32,39,3132,5936
2023-02-07 12:48:05,32,36,3132,5936
2023-02-07 12:48:06,32,36,3128,5940
2023-02-07 12:48:12,30,35,3128,5940
2023-02-07 12:48:12,28,35,3128,5940
2023-02-07 12:48:14,28,36,3128,5940
2023-02-07 12:48:16,30,36,3128,5940
2023-02-07 12:48:16,31,36,3128,5940
2023-02-07 12:48:18,31,41,3092,5999
2023-02-07 12:48:18,31,43,3092,6065
2023-02-07 12:48:18,31,43,3092,6126
2023-02-07 12:48:18,31,40,3092,6126
2023-02-07 12:48:18,31,43,3092,6126
2023-02-07 12:48:18,35,43,3092,6126
2023-02-07 12:48:19,38,43,3092,6126
2023-02-07 12:48:19,38,42,3092,6126
2023-02-07 12:48:29,35,42,3092,6126
2023-02-07 12:48:29,36,42,3092,6126
2023-02-07 12:48:34,37,42,3092,6126
2023-02-07 12:48:37,36,42,3092,6126
2023-02-07 12:48:38,37,42,3092,6126
2023-02-07 12:48:39,36,42,3092,6144
2023-02-07 12:48:39,36,43,3092,6144
2023-02-07 12:48:39,36,41,3092,6144
2023-02-07 12:48:41,35,41,3092,6144
2023-02-07 12:48:42,37,41,3092,6144
2023-02-07 12:48:47,37,43,3092,6203
2023-02-07 12:48:47,37,49,3092,6286
2023-02-07 12:48:47,37,49,3092,6346
2023-02-07 12:48:48,37,48,3092,6346
2023-02-07 12:48:48,35,48,3074,6364
2023-02-07 12:48:48,37,48,3074,6364
2023-02-07 12:48:49,37,41,3074,6364
2023-02-07 12:48:52,37,40,3074,6364
2023-02-07 12:48:52,35,40,3074,6364
2023-02-07 12:48:58,38,40,3074,6364
2023-02-07 12:49:14,38,41,3074,6364
2023-02-07 12:49:17,38,49,3074,6441
2023-02-07 12:49:17,38,49,3131,6517
2023-02-07 12:49:17,38,49,3212,6598
2023-02-07 12:49:18,38,49,3194,6616
2023-02-07 12:49:18,38,41,3194,6616
2023-02-07 12:49:30,38,43,3194,6616
2023-02-07 12:49:31,38,42,3194,6616
2023-02-07 12:49:32,40,42,3194,6616
2023-02-07 12:49:38,40,43,3194,6616
2023-02-07 12:49:40,38,43,3194,6616
2023-02-07 12:49:45,38,55,3278,6700
2023-02-07 12:49:46,38,55,3366,6788
2023-02-07 12:49:46,38,55,3452,6874
2023-02-07 12:49:48,40,55,3452,6874
2023-02-07 12:49:48,40,54,3452,6874
2023-02-07 12:49:49,40,54,3434,6892
2023-02-07 12:49:49,40,55,3434,6892
2023-02-07 12:49:50,40,54,3434,6892
2023-02-07 12:49:50,40,44,3434,6892
2023-02-07 12:49:55,40,55,3434,6892
2023-02-07 12:49:55,40,54,3434,6892
2023-02-07 12:49:55,40,46,3434,6892
2023-02-07 12:49:55,42,46,3434,6892
2023-02-07 12:49:57,42,45,3434,6892
2023-02-07 12:50:12,40,45,3416,6910
2023-02-07 12:50:13,40,44,3416,6910
2023-02-07 12:50:14,38,44,3416,6910
2023-02-07 12:50:18,38,39,3416,6910
2023-02-07 12:50:24,38,55,3481,6993
2023-02-07 12:50:24,38,55,3571,7083
2023-02-07 12:50:24,40,55,3571,7083
2023-02-07 12:50:25,40,61,3653,7165
2023-02-07 12:50:26,40,60,3653,7165
2023-02-07 12:50:31,38,60,3653,7165
2023-02-07 12:50:31,39,60,3653,7165
2023-02-07 12:50:36,39,58,3653,7165
2023-02-07 12:50:38,39,57,3653,7165
2023-02-07 12:50:38,38,57,3653,7165
2023-02-07 12:50:43,39,57,3653,7165
2023-02-07 12:50:44,38,57,3653,7165
2023-02-07 12:50:46,39,57,3653,7165
2023-02-07 12:50:47,38,57,3653,7165
2023-02-07 12:50:47,38,55,3653,7165
2023-02-07 12:50:48,38,54,3653,7165
2023-02-07 12:50:49,38,55,3671,7248
2023-02-07 12:50:49,38,55,3671,7327
2023-02-07 12:50:49,38,40,3671,7327
2023-02-07 12:50:49,38,55,3671,7408
2023-02-07 12:50:54,39,55,3671,7408
2023-02-07 12:50:57,39,54,3671,7408
2023-02-07 12:50:58,38,54,3671,7408
2023-02-07 12:50:58,38,55,3671,7408
2023-02-07 12:50:59,38,61,3671,7408
2023-02-07 12:51:00,39,61,3671,7408
2023-02-07 12:51:02,38,69,3671,7408
2023-02-07 12:51:03,39,69,3671,7408
2023-02-07 12:51:04,38,69,3671,7408
2023-02-07 12:51:04,38,43,3671,7408
2023-02-07 12:51:05,38,39,3671,7408
2023-02-07 12:51:12,33,39,3617,7505
2023-02-07 12:51:13,33,37,3617,7505
2023-02-07 12:51:20,33,43,3681,7605
2023-02-07 12:51:20,33,43,3756,7680
2023-02-07 12:51:21,33,49,3833,7757
2023-02-07 12:51:21,34,49,3833,7757
2023-02-07 12:51:21,36,49,3833,7757
2023-02-07 12:51:21,39,49,3833,7757
2023-02-07 12:51:22,39,48,3833,7757
2023-02-07 12:51:34,39,49,3833,7757
2023-02-07 12:51:34,39,48,3833,7757
2023-02-07 12:51:35,39,40,3833,7757
2023-02-07 12:51:48,39,49,3893,7835
2023-02-07 12:51:49,39,48,3893,7835
2023-02-07 12:51:49,51,55,3989,7931
2023-02-07 12:51:49,47,55,3992,7934
2023-02-07 12:51:50,47,51,3992,7934
2023-02-07 12:51:50,39,47,4070,8012
2023-02-07 12:51:53,39,47,4045,8037
2023-02-07 12:51:55,39,42,4045,8037
2023-02-07 12:51:57,36,42,4034,8048
2023-02-07 12:51:59,37,42,4034,8048
2023-02-07 12:51:59,37,43,4034,8048
2023-02-07 12:52:03,39,43,4034,8048
2023-02-07 12:52:03,39,46,4034,8048
2023-02-07 12:52:06,39,41,4034,8048
2023-02-07 12:52:06,37,41,4034,8048
2023-02-07 12:52:10,40,41,4034,8048
2023-02-07 12:52:11,40,47,4016,8066
2023-02-07 12:52:12,40,45,4016,8066
2023-02-07 12:52:15,37,45,4016,8066
2023-02-07 12:52:19,39,45,4016,8066
2023-02-07 12:52:19,40,45,4016,8066
2023-02-07 12:52:20,44,45,4016,8066
2023-02-07 12:52:29,45,49,4034,8084
2023-02-07 12:52:30,45,48,4034,8084
2023-02-07 12:52:34,45,49,4034,8084
2023-02-07 12:52:36,45,49,4034,8102
2023-02-07 12:52:37,45,48,4034,8102
2023-02-07 12:52:48,47,48,4034,8102
2023-02-07 12:52:48,47,51,4034,8102
2023-02-07 12:52:48,51,58,4073,8141
2023-02-07 12:52:49,51,57,4073,8141
2023-02-07 12:52:50,51,56,4073,8141
2023-02-07 12:52:52,51,55,4073,8141
2023-02-07 12:53:04,51,56,4073,8141
2023-02-07 12:53:04,51,55,4073,8141
2023-02-07 12:53:06,49,55,4073,8159
2023-02-07 12:53:10,49,54,4073,8159
2023-02-07 12:53:10,49,53,4073,8159
2023-02-07 12:53:18,54,56,4105,8191
2023-02-07 12:53:18,54,58,4105,8191
2023-02-07 12:53:18,49,58,4122,8208
2023-02-07 12:53:18,52,58,4122,8208
2023-02-07 12:53:18,52,59,4122,8208
2023-02-07 12:53:19,52,58,4122,8208
2023-02-07 12:53:37,52,58,4122,8226
2023-02-07 12:53:37,52,59,4122,8226
2023-02-07 12:53:41,52,55,4122,8226
2023-02-07 12:53:47,52,55,4139,8243
2023-02-07 12:53:47,53,55,4139,8243
2023-02-07 12:53:51,52,55,4156,8260
2023-02-07 12:53:51,52,53,4156,8260
2023-02-07 12:53:51,52,55,4173,8277
2023-02-07 12:53:51,52,54,4173,8277
2023-02-07 12:53:59,54,61,4173,8312
2023-02-07 12:53:59,51,52,4172,8313
2023-02-07 12:54:07,48,52,4154,8331
2023-02-07 12:54:07,48,50,4154,8331
2023-02-07 12:54:35,48,55,4154,8349
2023-02-07 12:54:35,46,55,4154,8349
2023-02-07 12:54:35,46,53,4154,8349
2023-02-07 12:54:37,46,52,4154,8349
2023-02-07 12:54:37,46,50,4154,8349
2023-02-07 12:55:07,46,52,4154,8349
2023-02-07 12:55:08,46,50,4154,8349
2023-02-07 12:55:14,44,50,4154,8349
2023-02-07 12:55:30,46,50,4154,8349
2023-02-07 12:55:38,46,52,4154,8349
2023-02-07 12:55:38,46,50,4154,8349
2023-02-07 12:55:55,46,49,4154,8349
2023-02-07 12:56:04,48,49,4154,8349
2023-02-07 12:56:05,48,50,4154,8349
2023-02-07 12:56:05,48,50,4172,8367
2023-02-07 12:56:07,48,52,4172,8367
2023-02-07 12:56:08,48,51,4172,8367
2023-02-07 12:56:18,57,58,4172,8421
2023-02-07 12:56:18,59,61,4190,8439
2023-02-07 12:56:19,59,61,4271,8520
2023-02-07 12:56:19,59,61,4280,8529
2023-02-07 12:56:19,59,61,4290,8539
2023-02-07 12:56:19,57,59,4317,8566
2023-02-07 12:56:47,54,59,4317,8566
2023-02-07 12:56:47,54,61,4397,8646
2023-02-07 12:56:47,63,67,4480,8729
2023-02-07 12:56:49,63,66,4480,8729
2023-02-07 12:56:52,63,66,4480,8747
2023-02-07 12:56:53,63,66,4489,8756
2023-02-07 12:56:54,63,67,4489,8756
2023-02-07 12:56:54,63,65,4489,8756
2023-02-07 12:56:54,63,67,4489,8756
2023-02-07 12:56:58,59,67,4489,8761
2023-02-07 12:56:59,59,66,4489,8761
2023-02-07 12:57:09,59,66,4489,8779
2023-02-07 12:57:19,60,66,4489,8779
2023-02-07 12:57:20,62,66,4489,8779
2023-02-07 12:57:20,62,66,4499,8789
2023-02-07 12:57:20,62,66,4517,8807
2023-02-07 12:57:22,62,67,4517,8807
2023-02-07 12:57:22,62,65,4517,8807
2023-02-07 12:57:22,62,67,4517,8807
2023-02-07 12:57:23,60,67,4592,8882
2023-02-07 12:57:28,60,66,4592,8882
2023-02-07 12:57:40,60,66,4592,8900
2023-02-07 12:57:51,60,67,4592,8900
2023-02-07 12:57:52,62,67,4592,8900
2023-02-07 12:58:00,60,67,4592,8998
2023-02-07 12:58:09,60,66,4592,8998
2023-02-07 12:58:10,60,66,4602,9016
2023-02-07 12:58:10,60,66,4620,9034
2023-02-07 12:58:11,60,66,4630,9044
2023-02-07 12:58:11,60,67,4630,9044
2023-02-07 12:58:13,59,60,4630,9060
2023-02-07 12:58:13,58,60,4630,9060
2023-02-07 12:58:40,58,60,4648,9078
2023-02-07 12:58:45,57,60,4648,9078
2023-02-07 12:58:45,57,59,4648,9078
2023-02-07 12:58:46,57,58,4648,9078
2023-02-07 12:58:51,56,58,4648,9078
2023-02-07 12:58:53,57,58,4648,9078
2023-02-07 12:58:56,56,58,4648,9096
2023-02-07 12:58:56,56,59,4648,9096
2023-02-07 12:58:56,56,58,4648,9096
2023-02-07 12:59:00,55,58,4648,9096
2023-02-07 12:59:01,57,58,4648,9096
2023-02-07 12:59:05,55,58,4648,9114
2023-02-07 12:59:17,55,57,4648,9114
2023-02-07 12:59:17,52,57,4648,9132
2023-02-07 12:59:22,51,57,4648,9132
2023-02-07 12:59:24,51,55,4648,9132
2023-02-07 12:59:25,51,55,4666,9150
2023-02-07 12:59:25,51,52,4666,9150
2023-02-07 12:59:36,51,57,4666,9150
2023-02-07 12:59:37,51,56,4666,9150
2023-02-07 12:59:37,51,55,4666,9150
2023-02-07 12:59:40,51,57,4666,9150
2023-02-07 12:59:40,51,56,4666,9150
2023-02-07 12:59:47,51,55,4666,9150
2023-02-07 12:59:48,51,53,4666,9150
2023-02-07 12:59:48,50,53,4666,9150
2023-02-07 12:59:56,50,52,4666,9150
2023-02-07 12:59:59,50,53,4666,9168
2023-02-07 13:00:02,52,53,4666,9168
2023-02-07 13:00:10,50,53,4666,9168
2023-02-07 13:00:27,50,51,4666,9168
2023-02-07 13:00:27,50,53,4684,9186
2023-02-07 13:00:28,48,53,4684,9186
2023-02-07 13:00:34,50,53,4684,9186
2023-02-07 13:00:50,50,57,4684,9186
2023-02-07 13:00:50,50,56,4684,9186
2023-02-07 13:00:51,51,56,4684,9186
2023-02-07 13:00:56,51,53,4684,9186
2023-02-07 13:01:21,54,56,4702,9204
2023-02-07 13:01:21,54,57,4702,9204
2023-02-07 13:01:27,54,57,4720,9222
2023-02-07 13:01:38,54,56,4720,9222
2023-02-07 13:01:40,54,57,4720,9222
2023-02-07 13:01:42,54,56,4720,9222
2023-02-07 13:01:47,55,56,4720,9222
2023-02-07 13:01:51,55,56,4720,9240
2023-02-07 13:01:51,55,57,4720,9240
2023-02-07 13:01:54,55,56,4720,9240
2023-02-07 13:01:56,55,57,4720,9240
2023-02-07 13:01:57,55,57,4738,9258
2023-02-07 13:01:57,55,57,4756,9276
2023-02-07 13:01:59,53,55,4756,9294
2023-02-07 13:02:19,51,55,4756,9294
2023-02-07 13:02:19,49,55,4756,9294
2023-02-07 13:02:21,49,54,4756,9294
2023-02-07 13:02:26,49,55,4756,9294
2023-02-07 13:02:26,43,55,5017,9573
2023-02-07 13:02:26,43,52,5017,9573
2023-02-07 13:02:26,43,50,5017,9573
2023-02-07 13:02:26,43,49,5017,9573
2023-02-07 13:02:33,45,49,5017,9573
2023-02-07 13:02:50,43,49,5017,9573
2023-02-07 13:02:51,43,48,5017,9573
2023-02-07 13:02:58,45,48,5017,9573
2023-02-07 13:03:00,45,48,4997,9593
2023-02-07 13:03:15,45,49,4997,9593
2023-02-07 13:03:16,45,47,4997,9593
2023-02-07 13:03:18,45,46,4997,9593
2023-02-07 13:03:18,45,47,4997,9593
2023-02-07 13:03:25,45,46,4997,9593
2023-02-07 13:03:27,43,47,4997,9593
2023-02-07 13:03:37,45,47,4997,9593
2023-02-07 13:03:45,45,47,4997,9629
2023-02-07 13:03:46,43,47,4997,9629
2023-02-07 13:03:50,43,49,4997,9629
2023-02-07 13:03:50,43,48,4997,9629
2023-02-07 13:03:50,43,46,4997,9629
2023-02-07 13:03:51,41,46,4997,9647
2023-02-07 13:03:51,41,43,4997,9647
2023-02-07 13:03:54,43,46,4997,9665
2023-02-07 13:03:58,43,46,4979,9683
2023-02-07 13:03:59,41,46,4979,9683
2023-02-07 13:04:20,41,47,4979,9683
2023-02-07 13:04:20,39,47,4979,9683
2023-02-07 13:04:20,37,47,4979,9683
2023-02-07 13:04:20,1,47,4979,9683
2023-02-07 13:04:28,43,47,4979,9683
2023-02-07 13:04:39,43,45,4979,9683
2023-02-07 13:04:57,33,45,4979,9683
2023-02-07 13:04:57,33,42,4979,9683
2023-02-07 13:04:59,33,42,4961,9701
2023-02-07 13:05:00,37,42,4961,9701
2023-02-07 13:05:08,41,42,4961,9701
2023-02-07 13:05:28,41,45,4961,9701
2023-02-07 13:05:29,41,42,4961,9701
2023-02-07 13:05:30,41,45,4961,9701
2023-02-07 13:05:36,41,42,4961,9701
2023-02-07 13:05:37,38,42,4961,9701
2023-02-07 13:05:38,41,42,4961,9701
2023-02-07 13:05:45,38,42,4943,9719
2023-02-07 13:05:45,33,42,4943,9719
2023-02-07 13:05:46,36,42,4943,9719
2023-02-07 13:05:51,36,45,4943,9719
2023-02-07 13:05:51,36,44,4943,9719
2023-02-07 13:05:58,36,45,4943,9719
2023-02-07 13:05:58,33,45,4943,9719
2023-02-07 13:05:59,38,45,4943,9719
2023-02-07 13:06:02,38,44,4943,9719
2023-02-07 13:06:07,36,44,4943,9719
2023-02-07 13:06:07,36,45,4943,9719
2023-02-07 13:06:07,36,43,4943,9719
2023-02-07 13:06:08,36,45,4943,9719
2023-02-07 13:06:08,36,42,4943,9719
2023-02-07 13:06:09,40,42,4943,9719
2023-02-07 13:06:09,40,41,4943,9719
2023-02-07 13:06:11,40,42,4943,9719
2023-02-07 13:06:18,40,41,4943,9719
2023-02-07 13:06:39,38,41,4943,9719
2023-02-07 13:06:39,38,41,4925,9737
2023-02-07 13:06:46,38,43,4925,9737
2023-02-07 13:06:58,41,43,4925,9737
2023-02-07 13:07:02,37,43,4925,9737
2023-02-07 13:07:02,38,43,4925,9737
2023-02-07 13:07:08,37,43,4925,9737
2023-02-07 13:07:08,40,43,4925,9737
2023-02-07 13:07:19,42,43,4925,9737
2023-02-07 13:07:19,42,46,4925,9737
2023-02-07 13:07:24,42,45,4925,9737
2023-02-07 13:07:28,42,46,4925,9737
2023-02-07 13:07:40,45,47,4925,9737
2023-02-07 13:07:47,45,49,4925,9737
2023-02-07 13:07:48,47,49,4925,9737
2023-02-07 13:07:49,47,50,4925,9737
2023-02-07 13:07:49,47,49,4925,9737
2023-02-07 13:08:16,51,52,4943,9773
2023-02-07 13:08:48,49,52,4943,9773
2023-02-07 13:08:49,47,52,4943,9773
2023-02-07 13:08:49,46,52,4943,9773
2023-02-07 13:08:55,46,51,4943,9773
2023-02-07 13:09:01,46,50,4943,9773
2023-02-07 13:09:01,44,50,4943,9773
2023-02-07 13:09:09,44,47,4943,9773
2023-02-07 13:09:09,43,47,4943,9773
2023-02-07 13:09:15,43,45,4943,9773
2023-02-07 13:09:25,39,45,4943,9773
2023-02-07 13:09:47,44,45,4943,9773
2023-02-07 13:09:54,44,47,4943,9773
2023-02-07 13:09:54,44,45,4943,9773
2023-02-07 13:10:01,44,47,4943,9773
2023-02-07 13:10:04,44,46,4943,9773
2023-02-07 13:10:11,44,47,4943,9773
2023-02-07 13:10:14,44,46,4943,9773
2023-02-07 13:10:17,44,47,4943,9773
2023-02-07 13:10:27,44,48,4943,9773
2023-02-07 13:10:27,44,47,4943,9773
2023-02-07 13:10:47,48,49,4979,9809
2023-02-07 13:11:18,47,49,4979,9809
2023-02-07 13:11:21,47,48,4979,9809
2023-02-07 13:11:22,47,48,4979,9848
2023-02-07 13:11:24,47,49,4979,9848
2023-02-07 13:11:25,47,53,5015,9884
2023-02-07 13:11:26,47,52,5015,9884
2023-02-07 13:11:27,47,52,5033,9902
2023-02-07 13:11:27,45,47,5040,9909
2023-02-07 13:11:32,45,53,5040,9909
2023-02-07 13:11:33,45,52,5040,9909
2023-02-07 13:11:48,45,46,5040,9909
2023-02-07 13:11:49,42,46,5040,9909
2023-02-07 13:11:57,42,44,5040,9909
2023-02-07 13:12:08,40,44,5040,9909
2023-02-07 13:12:08,39,44,5040,9909
2023-02-07 13:12:08,44,46,5040,9927
2023-02-07 13:12:13,41,46,5040,9927
2023-02-07 13:12:18,41,47,5040,9927
2023-02-07 13:12:18,41,45,5040,9927
2023-02-07 13:12:18,41,43,5040,9927
2023-02-07 13:12:19,41,43,5022,9945
2023-02-07 13:12:23,41,42,5022,9945
2023-02-07 13:12:28,39,42,5022,9945
2023-02-07 13:12:29,39,41,5022,9945
2023-02-07 13:12:30,38,41,5022,9945
2023-02-07 13:12:36,38,43,5022,9963
2023-02-07 13:12:36,39,43,5022,9963
2023-02-07 13:12:42,40,43,5022,9963
2023-02-07 13:12:43,39,43,5022,9963
2023-02-07 13:12:48,40,43,5022,9963
2023-02-07 13:12:48,40,45,5022,9963
2023-02-07 13:12:58,40,44,5022,9963
2023-02-07 13:13:28,40,45,5022,9963
2023-02-07 13:13:48,40,43,5022,9963
2023-02-07 13:13:49,39,43,5022,9963
2023-02-07 13:14:10,40,43,5022,9963
2023-02-07 13:14:15,39,43,5022,9963
2023-02-07 13:14:15,41,43,5022,9963
2023-02-07 13:14:16,41,42,5022,9963
2023-02-07 13:14:35,41,42,5015,9970
2023-02-07 13:14:40,39,42,5015,9970
2023-02-07 13:14:45,38,42,5015,9970
2023-02-07 13:14:46,38,43,5015,9970
2023-02-07 13:14:46,42,43,5015,9970
2023-02-07 13:14:47,44,46,5051,10006
2023-02-07 13:14:49,44,45,5051,10006
2023-02-07 13:14:51,44,46,5051,10006
2023-02-07 13:14:52,44,45,5051,10006
2023-02-07 13:14:52,44,46,5051,10006
2023-02-07 13:14:59,44,48,5051,10006
2023-02-07 13:15:00,44,48,5069,10024
2023-02-07 13:15:23,36,48,5069,10024
2023-02-07 13:15:24,36,48,5069,10038
2023-02-07 13:15:25,36,41,5069,10038
2023-02-07 13:15:26,36,40,5069,10038
2023-02-07 13:15:38,36,39,5069,10038
2023-02-07 13:15:42,36,40,5069,10052
2023-02-07 13:15:44,36,39,5069,10052
2023-02-07 13:15:46,33,39,5069,10052
2023-02-07 13:15:46,32,39,5069,10052
2023-02-07 13:15:47,32,37,5069,10052
2023-02-07 13:15:49,32,36,5069,10052
2023-02-07 13:16:00,32,36,5087,10070
2023-02-07 13:16:06,32,37,5087,10070
2023-02-07 13:16:07,32,37,5091,10074
2023-02-07 13:16:10,32,36,5091,10074
2023-02-07 13:16:11,33,36,5091,10074
2023-02-07 13:16:14,33,36,5091,10088
2023-02-07 13:16:14,33,37,5091,10088
2023-02-07 13:16:17,25,30,5074,10105
2023-02-07 13:16:17,25,26,5074,10105
2023-02-07 13:16:24,23,26,5074,10105
2023-02-07 13:16:24,23,25,5074,10105
2023-02-07 13:16:30,22,25,5074,10105
2023-02-07 13:16:32,23,25,5074,10105
2023-02-07 13:16:35,23,26,5074,10105
2023-02-07 13:16:39,25,26,5074,10105
2023-02-07 13:16:45,22,26,5020,10167
2023-02-07 13:16:45,22,26,5020,10177
2023-02-07 13:16:45,19,26,5020,10177
2023-02-07 13:16:45,18,26,5002,10231
2023-02-07 13:16:45,17,26,5002,10231
2023-02-07 13:16:46,17,25,5002,10231
2023-02-07 13:16:46,17,22,5002,10231
2023-02-07 13:16:46,12,22,5002,10231
2023-02-07 13:16:56,12,25,5002,10267
2023-02-07 13:16:57,18,25,5002,10267
2023-02-07 13:17:00,18,27,5002,10267
2023-02-07 13:17:00,18,24,5002,10267
2023-02-07 13:17:01,21,24,5002,10267
2023-02-07 13:17:11,22,24,5002,10267
2023-02-07 13:17:16,22,27,5002,10285
2023-02-07 13:17:31,22,25,5002,10285
2023-02-07 13:17:34,22,27,5002,10285
2023-02-07 13:17:35,22,25,5002,10285
2023-02-07 13:17:37,22,27,5002,10285
2023-02-07 13:17:38,22,25,5002,10285
2023-02-07 13:17:45,22,27,5002,10285
2023-02-07 13:18:03,24,27,5002,10285
2023-02-07 13:18:04,24,29,5002,10285
2023-02-07 13:18:05,22,29,5002,10285
2023-02-07 13:18:09,22,28,5002,10285
2023-02-07 13:18:11,21,28,5002,10285
2023-02-07 13:18:11,23,28,5002,10285
2023-02-07 13:18:24,23,26,5002,10285
2023-02-07 13:18:33,23,27,5002,10285
2023-02-07 13:18:38,23,25,5002,10285
2023-02-07 13:18:39,23,27,5002,10285
2023-02-07 13:18:45,19,27,4993,10366
2023-02-07 13:18:46,19,21,4993,10366
2023-02-07 13:18:51,19,23,4993,10459
2023-02-07 13:19:02,22,23,4993,10459
2023-02-07 13:19:06,22,25,4993,10546
2023-02-07 13:19:17,18,22,4975,10564
2023-02-07 13:19:28,17,22,4975,10564
2023-02-07 13:19:28,20,22,4975,10564
2023-02-07 13:19:29,22,24,4876,10663
2023-02-07 13:19:32,23,24,4876,10663
2023-02-07 13:19:33,23,26,4876,10759
2023-02-07 13:19:38,24,26,4876,10759
2023-02-07 13:19:39,26,30,4785,10850
2023-02-07 13:19:46,26,31,4785,10868
2023-02-07 13:19:46,26,29,4785,10868
2023-02-07 13:20:11,26,28,4785,10868
2023-02-07 13:20:15,26,29,4785,10868
2023-02-07 13:20:28,26,30,4785,10868
2023-02-07 13:20:29,26,33,4856,10939
2023-02-07 13:20:29,26,34,4950,11033
2023-02-07 13:20:29,29,34,4950,11033
2023-02-07 13:20:29,35,39,4957,11040
2023-02-07 13:20:34,35,39,4975,11058
2023-02-07 13:20:51,31,39,4975,11058
2023-02-07 13:21:04,31,32,4975,11058
2023-02-07 13:21:29,28,32,4975,11058
2023-02-07 13:21:29,26,32,4975,11058
2023-02-07 13:21:30,24,32,4975,11058
2023-02-07 13:21:34,15,38,4975,11058
2023-02-07 13:21:34,22,38,4975,11058
2023-02-07 13:21:34,22,30,4975,11058
2023-02-07 13:22:04,12,38,4975,11058
2023-02-07 13:22:04,17,38,4975,11058
2023-02-07 13:22:04,17,25,4975,11058
2023-02-07 13:22:34,14,38,4975,11058
2023-02-07 13:22:35,17,38,4975,11058
2023-02-07 13:22:35,17,25,4975,11058
2023-02-07 13:23:03,15,38,4975,11058
2023-02-07 13:23:03,15,39,4975,11058
2023-02-07 13:23:05,15,38,4975,11058
2023-02-07 13:23:05,20,38,4975,11058
2023-02-07 13:23:06,20,28,4975,11058
2023-02-07 13:23:35,19,33,4975,11058
2023-02-07 13:23:36,19,27,4975,11058
2023-02-07 13:24:04,12,33,4975,11058
2023-02-07 13:24:05,12,32,4975,11058
2023-02-07 13:24:06,15,32,4975,11058
2023-02-07 13:24:06,15,23,4975,11058
2023-02-07 13:24:36,12,32,4975,11058
2023-02-07 13:24:36,16,32,4975,11058
2023-02-07 13:24:36,16,24,4975,11058
2023-02-07 13:25:05,12,29,4975,11058
2023-02-07 13:25:06,16,29,4975,11058
2023-02-07 13:25:07,16,24,4975,11058
2023-02-07 13:25:21,17,24,4975,11058
2023-02-07 13:25:21,21,24,4975,11058
2023-02-07 13:25:37,21,25,4975,11058
2023-02-07 13:25:47,21,26,4975,11058
2023-02-07 13:25:48,23,26,4975,11058
2023-02-07 13:26:13,23,28,4975,11058
2023-02-07 13:26:16,23,25,4975,11058
2023-02-07 13:26:16,21,25,4975,11058
2023-02-07 13:26:17,20,25,4975,11058
2023-02-07 13:26:47,19,25,4975,11058
2023-02-07 13:26:47,21,25,4975,11058
2023-02-07 13:26:47,21,27,4975,11058
2023-02-07 13:26:47,23,27,4975,11058
2023-02-07 13:26:48,25,27,4975,11058
2023-02-07 13:26:53,25,30,4975,11058
2023-02-07 13:26:54,25,28,4975,11058
2023-02-07 13:27:19,23,28,4975,11058
2023-02-07 13:27:19,26,28,4975,11058
2023-02-07 13:27:23,24,31,4975,11147
2023-02-07 13:27:25,24,25,4975,11147
2023-02-07 13:27:28,22,25,4975,11228
2023-02-07 13:27:29,22,24,4975,11228
2023-02-07 13:27:36,22,25,4975,11228
2023-02-07 13:27:42,22,24,4975,11228
2023-02-07 13:27:46,17,24,4975,11228
2023-02-07 13:27:46,20,24,4975,11228
2023-02-07 13:27:51,20,22,4975,11228
2023-02-07 13:27:55,18,22,4975,11292
2023-02-07 13:28:13,18,20,4975,11292
2023-02-07 13:28:19,12,20,4975,11292
2023-02-07 13:28:20,12,19,4975,11292
2023-02-07 13:28:46,12,18,4975,11292
2023-02-07 13:28:46,12,16,4975,11292
2023-02-07 13:29:13,13,16,4975,11292
2023-02-07 13:29:17,13,15,4975,11292
2023-02-07 13:29:17,13,14,4975,11292
2023-02-07 13:29:18,12,14,5023,11340
2023-02-07 13:29:23,10,14,5023,11619
2023-02-07 13:29:44,10,13,5023,11619
2023-02-07 13:29:46,5,13,5023,11619
2023-02-07 13:29:46,5,10,5023,11619
2023-02-07 13:29:47,5,9,5023,11619
2023-02-07 13:29:47,6,9,5023,11619
2023-02-07 13:30:21,6,7,5023,11619
2023-02-07 13:30:23,5,7,5023,11619
2023-02-07 13:30:24,4,7,5023,11619
2023-02-07 13:30:47,4,16,5023,11619
2023-02-07 13:30:48,4,8,5023,11619
2023-02-07 13:31:31,4,15,5023,11619
2023-02-07 13:31:33,4,9,5023,11619
2023-02-07 13:31:33,3,9,5005,11637
2023-02-07 13:31:33,3,7,5005,11637
2023-02-07 13:31:35,3,7,4999,11643
2023-02-07 13:32:26,3,6,4999,11643
2023-02-07 13:32:26,3,7,4999,11643
2023-02-07 13:33:34,2,7,4999,11964
2023-02-07 13:40:56,2,7,5009,11974
2023-02-07 13:40:56,3,7,5009,11974
2023-02-07 13:42:48,3,6,5009,11974
2023-02-07 13:42:52,3,5,5009,11974
2023-02-07 13:43:18,3,6,5009,11974
2023-02-07 13:43:18,3,7,5009,11974
2023-02-07 13:43:33,2,7,5009,11984
2023-02-07 13:44:03,1,7,5509,12502
2023-02-07 13:44:10,1,6,5509,12502
2023-02-07 13:44:12,1,7,5509,12502
2023-02-07 13:45:37,1,5,5509,12502
2023-02-07 13:49:05,1,3,5509,12502
2023-02-07 13:51:28,1,5,5509,12502
2023-02-07 14:00:20,1,4,5509,12502
2023-02-07 14:00:25,1,5,5509,12502
2023-02-07 14:00:28,1,4,5509,12502
2023-02-07 14:00:39,1,4,5543,12536
2023-02-07 14:00:40,1,5,5543,12536
2023-02-07 14:00:43,1,4,5543,12536
2023-02-07 14:00:43,1,5,5543,12536
2023-02-07 14:01:01,1,4,5543,12536
2023-02-07 14:01:05,1,4,5545,12538
2023-02-07 14:01:05,1,5,5545,12538
2023-02-07 14:01:49,1,4,5545,12538
2023-02-07 14:01:50,1,5,5545,12538
2023-02-07 14:02:47,2,5,5545,12538
2023-02-07 14:03:38,2,6,5545,13538
2023-02-07 14:03:48,1,6,5545,13538
2023-02-07 14:03:49,1,7,5545,13538
2023-02-07 14:03:49,4,7,5545,13538
2023-02-07 14:03:49,5,7,5545,13538
2023-02-07 14:04:18,4,7,5545,13538
2023-02-07 14:04:18,2,7,5545,13538
2023-02-07 14:06:46,5,7,5545,13538
2023-02-07 14:07:16,5,9,5545,13538
2023-02-07 14:07:24,5,9,5545,13613
2023-02-07 14:07:27,6,9,5545,13613
2023-02-07 14:07:31,7,9,5545,13613
2023-02-07 14:07:32,8,9,5545,13613
2023-02-07 14:07:33,8,9,5535,13623
2023-02-07 14:07:34,7,9,5535,13623
2023-02-07 14:07:37,8,9,5535,13623
2023-02-07 14:07:42,8,10,5535,13652
2023-02-07 14:07:45,8,11,5535,13730
2023-02-07 14:07:47,7,11,5535,13730
2023-02-07 14:07:48,7,15,5535,13730
2023-02-07 14:07:51,8,15,5535,13730
2023-02-07 14:07:51,7,15,5535,13730
2023-02-07 14:07:53,11,15,5535,13730
2023-02-07 14:08:07,11,17,5535,13730
2023-02-07 14:08:07,11,13,5535,13730
2023-02-07 14:08:14,9,13,5535,13730
2023-02-07 14:08:30,9,11,5535,13730
2023-02-07 14:08:34,8,11,5535,13730
2023-02-07 14:08:35,8,25,5585,13780
2023-02-07 14:08:35,8,24,5585,13780
2023-02-07 14:08:48,8,14,5585,13780
2023-02-07 14:08:54,9,14,5585,13780
2023-02-07 14:09:08,14,25,5595,13790
2023-02-07 14:09:08,14,24,5595,13790
2023-02-07 14:09:12,14,25,5595,13790
2023-02-07 14:09:15,14,24,5595,13790
2023-02-07 14:09:15,14,16,5595,13790
2023-02-07 14:09:35,14,18,5595,13790
2023-02-07 14:09:56,14,17,5595,13790
2023-02-07 14:09:57,14,17,5600,13795
2023-02-07 14:10:06,14,18,5605,13895
2023-02-07 14:10:07,14,24,5605,13895
2023-02-07 14:10:07,14,23,5605,13895
2023-02-07 14:10:14,14,24,5605,13895
2023-02-07 14:10:15,14,25,5605,13895
2023-02-07 14:10:15,14,23,5605,13895
2023-02-07 14:10:15,14,22,5605,13895
2023-02-07 14:10:16,14,17,5605,13895
2023-02-07 14:10:26,14,16,5605,13895
2023-02-07 14:10:35,14,23,5605,13895
2023-02-07 14:10:36,14,20,5605,13895
2023-02-07 14:10:57,14,23,5605,13895
2023-02-07 14:10:57,14,19,5605,13895
2023-02-07 14:11:15,14,31,5605,13895
2023-02-07 14:11:15,14,22,5605,13895
2023-02-07 14:11:18,14,18,5605,13895
2023-02-07 14:11:37,14,22,5605,13895
2023-02-07 14:11:37,14,18,5605,13895
2023-02-07 14:11:57,14,22,5605,13895
2023-02-07 14:11:58,14,17,5605,13895
2023-02-07 14:12:16,14,31,5605,13895
2023-02-07 14:12:17,14,30,5605,13895
2023-02-07 14:12:18,14,18,5605,13895
2023-02-07 14:12:37,14,30,5605,13895
2023-02-07 14:12:38,14,19,5605,13895
2023-02-07 14:12:57,14,28,5605,13895
2023-02-07 14:12:59,15,28,5605,13895
2023-02-07 14:12:59,16,28,5605,13895
2023-02-07 14:12:59,16,22,5605,13895
2023-02-07 14:13:01,17,22,5605,13895
2023-02-07 14:13:02,16,22,5605,13895
2023-02-07 14:13:17,14,28,5605,13895
2023-02-07 14:13:17,14,27,5605,13895
2023-02-07 14:13:17,22,27,5605,13895
2023-02-07 14:13:20,22,27,5615,13905
2023-02-07 14:13:38,20,27,5615,13943
2023-02-07 14:13:40,20,21,5615,13943
2023-02-07 14:13:46,15,21,5615,13943
2023-02-07 14:14:00,15,28,5615,13943
2023-02-07 14:14:00,15,21,5615,13943
2023-02-07 14:14:20,14,27,5615,13943
2023-02-07 14:14:20,15,27,5615,13943
2023-02-07 14:14:20,15,21,5615,13943
2023-02-07 14:14:41,15,28,5615,13943
2023-02-07 14:14:41,15,21,5615,13943
2023-02-07 14:15:01,15,28,5615,13943
2023-02-07 14:15:02,15,21,5615,13943
2023-02-07 14:15:04,16,21,5615,13943
2023-02-07 14:15:19,19,21,5615,13943
2023-02-07 14:15:19,21,26,5625,13953
2023-02-07 14:15:22,21,24,5625,13953
2023-02-07 14:15:41,21,26,5625,13953
2023-02-07 14:15:42,21,22,5625,13953
2023-02-07 14:15:49,23,28,5635,13963
2023-02-07 14:15:50,25,28,5635,13963
2023-02-07 14:15:54,25,30,5635,13963
2023-02-07 14:16:03,25,30,5645,13973
2023-02-07 14:16:15,25,29,5645,13973
2023-02-07 14:16:19,21,29,5645,13973
2023-02-07 14:16:20,18,29,5645,13973
2023-02-07 14:16:22,20,29,5645,13973
2023-02-07 14:16:22,20,26,5645,13973
2023-02-07 14:16:27,20,29,5655,13983
2023-02-07 14:16:31,21,29,5655,13983
2023-02-07 14:16:32,21,34,5655,14085
2023-02-07 14:16:33,21,33,5655,14085
2023-02-07 14:16:36,21,34,5655,14085
2023-02-07 14:16:42,18,34,5655,14085
2023-02-07 14:16:42,19,34,5655,14085
2023-02-07 14:16:43,22,34,5655,14085
2023-02-07 14:16:43,22,28,5655,14085
2023-02-07 14:16:47,26,28,5655,14085
2023-02-07 14:17:03,26,31,5655,14085
2023-02-07 14:17:03,26,31,5665,14095
2023-02-07 14:17:20,24,31,5665,14095
2023-02-07 14:17:20,24,33,5665,14095
2023-02-07 14:17:21,22,33,5665,14095
2023-02-07 14:17:21,22,34,5665,14095
2023-02-07 14:17:21,18,34,5665,14095
2023-02-07 14:17:23,20,34,5665,14095
2023-02-07 14:17:23,20,26,5665,14095
2023-02-07 14:17:43,21,34,5665,14095
2023-02-07 14:17:44,21,27,5665,14095
2023-02-07 14:17:47,25,27,5665,14095
2023-02-07 14:18:04,25,30,5665,14095
2023-02-07 14:18:04,25,30,5675,14105
2023-02-07 14:18:16,25,30,5685,14115
2023-02-07 14:18:16,23,30,5685,14115
2023-02-07 14:18:16,24,30,5685,14115
2023-02-07 14:18:17,24,29,5685,14115
2023-02-07 14:18:36,24,25,5685,14115
2023-02-07 14:18:45,22,25,5685,14115
2023-02-07 14:18:45,21,25,5685,14115
2023-02-07 14:18:45,23,25,5685,14115
2023-02-07 14:18:56,23,28,5685,14115
2023-02-07 14:18:56,23,27,5685,14115
2023-02-07 14:19:16,23,28,5685,14115
2023-02-07 14:19:16,22,28,5685,14115
2023-02-07 14:19:17,26,28,5685,14115
2023-02-07 14:19:36,26,31,5685,14115
2023-02-07 14:19:37,26,27,5685,14115
2023-02-07 14:19:46,27,31,5695,14125
2023-02-07 14:19:46,27,32,5695,14125
2023-02-07 14:19:57,27,32,5705,14135
2023-02-07 14:20:14,25,32,5705,14210
2023-02-07 14:20:17,23,24,5713,14218
2023-02-07 14:20:24,27,32,5715,14220
2023-02-07 14:20:38,27,32,5725,14230
2023-02-07 14:20:45,23,32,5725,14241
2023-02-07 14:20:48,23,28,5725,14241
2023-02-07 14:20:58,23,28,5735,14251
2023-02-07 14:21:00,21,23,5735,14303
2023-02-07 14:21:07,21,28,5735,14303
2023-02-07 14:21:16,19,28,5735,14367
2023-02-07 14:21:18,19,24,5735,14367
2023-02-07 14:21:20,19,24,5745,14377
2023-02-07 14:21:39,19,20,5745,14377
2023-02-07 14:21:47,18,20,5745,14377
2023-02-07 14:21:59,18,23,5745,14377
2023-02-07 14:21:59,18,19,5745,14377
2023-02-07 14:22:19,18,21,5745,14377
2023-02-07 14:22:19,16,21,5745,14377
2023-02-07 14:22:20,16,20,5745,14377
2023-02-07 14:22:39,16,21,5745,14377
2023-02-07 14:22:40,16,20,5745,14377
2023-02-07 14:23:17,16,22,5745,14377
2023-02-07 14:23:18,18,22,5745,14377
2023-02-07 14:23:20,18,23,5745,14377
2023-02-07 14:23:22,19,23,5745,14377
2023-02-07 14:23:40,18,23,5745,14377
2023-02-07 14:23:40,20,23,5745,14377
2023-02-07 14:23:49,20,25,5745,14377
2023-02-07 14:23:50,22,25,5745,14377
2023-02-07 14:23:51,24,25,5745,14377
2023-02-07 14:24:07,24,28,5645,14477
2023-02-07 14:24:17,22,28,5645,14477
2023-02-07 14:24:21,22,35,5645,14477
2023-02-07 14:24:21,22,28,5645,14477
2023-02-07 14:24:24,22,35,5655,14487
2023-02-07 14:24:34,22,41,5655,14687
2023-02-07 14:24:34,22,40,5655,14687
2023-02-07 14:24:38,22,41,5655,14915
2023-02-07 14:24:38,22,40,5655,14915
2023-02-07 14:24:40,20,41,5655,14915
2023-02-07 14:24:41,20,40,5655,14915
2023-02-07 14:24:41,21,40,5655,14915
2023-02-07 14:24:42,21,27,5655,14915
2023-02-07 14:25:00,20,40,5655,14915
2023-02-07 14:25:03,21,40,5655,14915
2023-02-07 14:25:03,21,27,5655,14915
2023-02-07 14:25:06,21,41,5665,14925
2023-02-07 14:25:06,21,40,5665,14925
2023-02-07 14:25:08,22,40,5665,14925
2023-02-07 14:25:10,21,40,5665,14925
2023-02-07 14:25:21,20,33,5665,14925
2023-02-07 14:25:21,20,32,5665,14925
2023-02-07 14:25:23,21,32,5665,14925
2023-02-07 14:25:23,21,27,5665,14925
2023-02-07 14:25:40,21,41,5675,14935
2023-02-07 14:25:40,21,40,5675,14935
2023-02-07 14:25:42,19,40,5675,14935
2023-02-07 14:25:42,22,40,5675,14935
2023-02-07 14:25:43,23,40,5675,14935
2023-02-07 14:25:43,23,29,5675,14935
2023-02-07 14:25:47,24,29,5675,14935
2023-02-07 14:25:51,23,29,5675,14935
2023-02-07 14:26:03,19,40,5675,14935
2023-02-07 14:26:03,21,40,5675,14935
2023-02-07 14:26:04,21,27,5675,14935
2023-02-07 14:26:22,19,40,5675,14935
2023-02-07 14:26:24,20,40,5675,14935
2023-02-07 14:26:24,20,26,5675,14935
2023-02-07 14:26:43,19,40,5675,14935
2023-02-07 14:26:44,19,25,5675,14935
2023-02-07 14:27:03,17,40,5675,14935
2023-02-07 14:27:04,18,40,5675,14935
2023-02-07 14:27:05,18,24,5675,14935
2023-02-07 14:27:23,17,40,5675,14935
2023-02-07 14:27:25,17,23,5675,14935
2023-02-07 14:27:44,17,40,5675,14935
2023-02-07 14:27:45,17,22,5675,14935
2023-02-07 14:27:47,16,22,5675,14935
2023-02-07 14:28:05,15,29,5675,14935
2023-02-07 14:28:06,15,28,5675,14935
2023-02-07 14:28:06,16,28,5675,14935
2023-02-07 14:28:06,16,22,5675,14935
2023-02-07 14:28:26,14,29,5675,14935
2023-02-07 14:28:26,16,29,5675,14935
2023-02-07 14:28:26,16,22,5675,14935
2023-02-07 14:28:45,16,28,5675,14935
2023-02-07 14:28:46,18,28,5675,14935
2023-02-07 14:28:46,18,23,5675,14935
2023-02-07 14:28:47,18,22,5675,14935
2023-02-07 14:29:07,18,23,5675,14935
2023-02-07 14:29:07,18,22,5675,14935
2023-02-07 14:29:16,16,22,5675,14935
2023-02-07 14:29:17,19,22,5675,14935
2023-02-07 14:29:17,21,22,5675,14935
2023-02-07 14:29:27,21,25,5675,14935
2023-02-07 14:29:27,21,23,5675,14935
2023-02-07 14:29:47,21,25,5675,14935
2023-02-07 14:29:47,20,25,5675,14935
2023-02-07 14:29:48,20,24,5675,14935
2023-02-07 14:30:07,20,25,5675,14935
2023-02-07 14:30:25,19,25,5675,14935
2023-02-07 14:30:25,21,25,5675,14935
2023-02-07 14:30:49,21,28,5675,14935
2023-02-07 14:30:49,21,25,5675,14935
2023-02-07 14:30:50,23,25,5675,14935
2023-02-07 14:31:09,23,28,5675,14935
2023-02-07 14:31:09,23,25,5675,14935
2023-02-07 14:31:17,21,25,5675,14935
2023-02-07 14:31:17,21,24,5675,14935
2023-02-07 14:31:18,19,24,5675,14935
2023-02-07 14:31:48,17,26,5675,14935
2023-02-07 14:31:48,17,29,5675,14935
2023-02-07 14:31:50,18,29,5675,14935
2023-02-07 14:31:50,18,24,5675,14935
2023-02-07 14:32:05,18,29,5685,14945
2023-02-07 14:32:05,20,29,5685,14945
2023-02-07 14:32:09,20,35,5685,14945
2023-02-07 14:32:10,20,34,5685,14945
2023-02-07 14:32:10,20,26,5685,14945
2023-02-07 14:32:26,20,35,5695,14955
2023-02-07 14:32:26,23,35,5695,14955
2023-02-07 14:32:28,23,35,5695,14955
2023-02-07 14:32:30,24,35,5695,14955
2023-02-07 14:32:31,24,30,5695,14955
2023-02-07 14:32:35,25,30,5695,14955
2023-02-07 14:32:38,24,30,5695,14955
2023-02-07 14:32:38,26,30,5695,14955
2023-02-07 14:32:38,29,30,5695,14955
2023-02-07 14:32:41,26,30,5695,14955
2023-02-07 14:32:41,27,30,5695,14955
2023-02-07 14:32:43,26,30,5695,14955
2023-02-07 14:32:44,29,30,5695,14955
2023-02-07 14:32:50,29,40,5695,14955
2023-02-07 14:32:51,29,34,5695,14955
2023-02-07 14:32:52,28,34,5695,14955
2023-02-07 14:32:52,31,34,5695,14955
2023-02-07 14:32:53,28,34,5695,14955
2023-02-07 14:32:54,29,34,5695,14955
2023-02-07 14:32:57,28,34,5695,14955
2023-02-07 14:32:57,31,34,5695,14955
2023-02-07 14:33:01,31,75,5705,14965
2023-02-07 14:33:01,31,41,5705,14965
2023-02-07 14:33:06,31,40,5705,14965
2023-02-07 14:33:07,33,40,5705,14965
2023-02-07 14:33:09,33,41,5705,14965
2023-02-07 14:33:09,30,41,5705,14965
2023-02-07 14:33:11,35,38,5705,14965
2023-02-07 14:33:11,33,38,5705,14965
2023-02-07 14:33:14,35,38,5705,14965
2023-02-07 14:33:27,38,47,5705,14975
2023-02-07 14:33:27,38,46,5705,14975
2023-02-07 14:33:28,37,46,5705,14975
2023-02-07 14:33:28,37,44,5705,14975
2023-02-07 14:33:28,40,44,5705,14975
2023-02-07 14:33:31,40,47,5705,14975
2023-02-07 14:33:32,38,47,5705,14975
2023-02-07 14:33:32,38,42,5705,14975
2023-02-07 14:33:34,37,42,5705,14975
2023-02-07 14:33:34,40,42,5705,14975
2023-02-07 14:33:52,40,44,5705,14975
2023-02-07 14:33:54,45,47,5725,14995
2023-02-07 14:34:10,45,47,5725,15000
2023-02-07 14:34:13,45,47,5735,15010
2023-02-07 14:34:17,45,46,5735,15010
2023-02-07 14:34:19,38,46,5735,15075
2023-02-07 14:34:26,37,46,5735,15075
2023-02-07 14:34:33,35,45,5735,15075
2023-02-07 14:34:33,35,39,5735,15075
2023-02-07 14:34:43,33,39,5735,15075
2023-02-07 14:34:43,35,39,5735,15075
2023-02-07 14:34:48,33,39,5735,15075
2023-02-07 14:34:49,35,39,5735,15075
2023-02-07 14:34:50,33,39,5735,15075
2023-02-07 14:34:51,32,39,5735,15075
2023-02-07 14:34:51,35,39,5735,15075
2023-02-07 14:34:53,35,46,5735,15075
2023-02-07 14:34:53,35,39,5735,15075
2023-02-07 14:34:57,38,39,5735,15075
2023-02-07 14:35:00,35,39,5735,15075
2023-02-07 14:35:01,38,39,5735,15075
2023-02-07 14:35:03,35,39,5735,15075
2023-02-07 14:35:08,33,39,5735,15075
2023-02-07 14:35:10,40,46,5745,15085
2023-02-07 14:35:10,40,45,5745,15085
2023-02-07 14:35:11,40,46,5745,15085
2023-02-07 14:35:13,40,45,5745,15085
2023-02-07 14:35:14,40,45,5755,15095
2023-02-07 14:35:17,40,44,5755,15095
2023-02-07 14:35:18,40,43,5755,15095
2023-02-07 14:35:22,40,43,5765,15105
2023-02-07 14:35:22,40,44,5765,15105
2023-02-07 14:35:34,40,41,5765,15105
2023-02-07 14:35:37,35,41,5765,15175
2023-02-07 14:35:49,38,41,5765,15175
2023-02-07 14:35:54,38,44,5765,15175
2023-02-07 14:35:54,38,42,5765,15175
2023-02-07 14:36:06,36,42,5765,15175
2023-02-07 14:36:14,35,44,5765,15175
2023-02-07 14:36:14,35,40,5765,15175
2023-02-07 14:36:32,34,40,5765,15175
2023-02-07 14:36:35,33,47,5765,15175
2023-02-07 14:36:35,33,46,5765,15175
2023-02-07 14:36:35,33,37,5765,15175
2023-02-07 14:36:35,35,37,5765,15175
2023-02-07 14:36:36,32,37,5765,15175
2023-02-07 14:36:36,33,37,5765,15175
2023-02-07 14:36:38,32,37,5765,15175
2023-02-07 14:36:39,33,37,5765,15175
2023-02-07 14:36:40,32,37,5765,15175
2023-02-07 14:36:54,32,46,5765,15175
2023-02-07 14:36:56,32,36,5765,15175
2023-02-07 14:36:58,33,36,5765,15175
2023-02-07 14:37:01,35,36,5765,15175
2023-02-07 14:37:03,33,36,5765,15175
2023-02-07 14:37:06,32,36,5765,15175
2023-02-07 14:37:06,35,36,5765,15175
2023-02-07 14:37:08,37,47,5765,15185
2023-02-07 14:37:08,37,46,5765,15185
2023-02-07 14:37:09,37,41,5765,15185
2023-02-07 14:37:21,37,42,5775,15195
2023-02-07 14:37:23,37,42,5765,15205
2023-02-07 14:37:24,37,47,5775,15215
2023-02-07 14:37:24,37,41,5775,15215
2023-02-07 14:37:27,37,39,5775,15215
2023-02-07 14:37:27,36,39,5775,15215
2023-02-07 14:37:30,36,47,5785,15225
2023-02-07 14:37:34,35,47,5785,15225
2023-02-07 14:37:35,35,39,5785,15225
2023-02-07 14:37:55,35,46,5785,15225
2023-02-07 14:37:56,35,40,5785,15225
2023-02-07 14:38:17,35,44,5785,15225
2023-02-07 14:38:17,35,39,5785,15225
2023-02-07 14:38:37,35,44,5785,15225
2023-02-07 14:38:37,35,38,5785,15225
2023-02-07 14:38:57,35,44,5785,15225
2023-02-07 14:38:57,35,39,5785,15225
2023-02-07 14:39:18,35,43,5785,15225
2023-02-07 14:39:19,35,38,5785,15225
2023-02-07 14:39:37,35,44,5785,15225
2023-02-07 14:39:38,35,40,5785,15225
2023-02-07 14:39:47,36,40,5785,15225
2023-02-07 14:39:47,38,40,5785,15225
2023-02-07 14:39:56,38,43,5785,15225
2023-02-07 14:39:59,38,43,5795,15235
2023-02-07 14:40:18,38,42,5795,15235
2023-02-07 14:40:19,38,42,5805,15245
2023-02-07 14:40:24,35,42,5805,15245
2023-02-07 14:40:24,37,42,5805,15245
2023-02-07 14:40:30,37,42,5805,15275
2023-02-07 14:40:36,37,43,5805,15275
2023-02-07 14:40:39,37,42,5805,15275
2023-02-07 14:40:39,37,42,5815,15285
2023-02-07 14:40:41,35,42,5825,15295
2023-02-07 14:40:42,35,43,5825,15295
2023-02-07 14:40:48,35,42,5825,15295
2023-02-07 14:40:52,35,37,5825,15295
2023-02-07 14:40:54,35,37,5865,15335
2023-02-07 14:41:00,35,37,5875,15345
2023-02-07 14:41:16,35,39,5875,15345
2023-02-07 14:41:16,35,41,5875,15345
2023-02-07 14:41:17,35,44,5875,15345
2023-02-07 14:41:19,35,43,5875,15345
2023-02-07 14:41:20,35,36,5875,15345
2023-02-07 14:41:40,35,44,5875,15345
2023-02-07 14:41:40,35,44,5885,15355
2023-02-07 14:41:40,35,43,5885,15355
2023-02-07 14:41:42,35,44,5885,15355
2023-02-07 14:41:58,35,43,5885,15355
2023-02-07 14:42:01,35,43,5895,15365
2023-02-07 14:42:15,30,43,5925,15395
2023-02-07 14:42:15,30,35,5925,15395
2023-02-07 14:42:19,32,35,5925,15395
2023-02-07 14:42:23,35,38,5925,15425
2023-02-07 14:42:23,35,37,5925,15425
2023-02-07 14:42:37,35,38,5925,15425
2023-02-07 14:42:37,37,38,5925,15425
2023-02-07 14:42:39,37,40,5925,15425
2023-02-07 14:42:40,37,41,5925,15425
2023-02-07 14:42:46,40,41,5925,15425
2023-02-07 14:42:47,40,43,5925,15425
2023-02-07 14:42:49,42,43,5925,15425
2023-02-07 14:43:01,42,46,5925,15425
2023-02-07 14:43:10,45,46,5925,15425
2023-02-07 14:43:10,45,48,5925,15425
2023-02-07 14:43:18,42,48,5925,15425
2023-02-07 14:43:18,42,46,5925,15425
2023-02-07 14:43:21,40,46,5925,15425
2023-02-07 14:43:21,40,44,5925,15425
2023-02-07 14:43:22,41,44,5925,15425
2023-02-07 14:43:39,41,46,5925,15425
2023-02-07 14:43:39,42,46,5925,15425
2023-02-07 14:43:42,42,45,5925,15425
2023-02-07 14:43:59,42,44,5925,15425
2023-02-07 14:44:04,40,44,5925,15425
2023-02-07 14:44:04,40,41,5925,15425
2023-02-07 14:44:05,32,39,5935,15445
2023-02-07 14:44:05,35,39,5935,15445
2023-02-07 14:44:14,35,46,5935,15445
2023-02-07 14:44:14,37,46,5935,15445
2023-02-07 14:44:14,37,41,5935,15445
2023-02-07 14:44:15,37,39,5935,15445
2023-02-07 14:44:15,35,39,5935,15445
2023-02-07 14:44:20,35,46,5935,15445
2023-02-07 14:44:20,35,36,5935,15445
2023-02-07 14:44:20,34,36,5935,15445
2023-02-07 14:44:21,32,36,5935,15445
2023-02-07 14:44:22,33,36,5935,15445
2023-02-07 14:44:27,33,39,5935,15445
2023-02-07 14:44:27,33,34,5935,15445
2023-02-07 14:44:28,33,39,5935,15445
2023-02-07 14:44:28,33,36,5935,15445
2023-02-07 14:44:30,33,34,5935,15445
2023-02-07 14:44:31,33,36,5935,15445
2023-02-07 14:44:40,33,34,5935,15445
2023-02-07 14:44:41,30,43,5935,15445
2023-02-07 14:44:41,32,43,5935,15445
2023-02-07 14:44:41,32,36,5935,15445
2023-02-07 14:44:42,32,43,5935,15445
2023-02-07 14:44:42,32,42,5935,15445
2023-02-07 14:44:42,30,42,5935,15445
2023-02-07 14:44:42,30,34,5935,15445
2023-02-07 14:44:44,32,34,5935,15445
2023-02-07 14:44:45,32,36,5935,15445
2023-02-07 14:44:47,32,34,5935,15445
2023-02-07 14:44:48,30,34,5935,15445
2023-02-07 14:45:04,32,34,5935,15445
2023-02-07 14:45:05,32,36,5935,15445
2023-02-07 14:45:12,35,36,5935,15445
2023-02-07 14:45:14,32,36,5935,15445
2023-02-07 14:45:23,33,36,5935,15445
2023-02-07 14:45:35,35,36,5935,15445
2023-02-07 14:45:36,35,39,5935,15445
2023-02-07 14:45:50,35,40,5935,15445
2023-02-07 14:45:50,34,40,5935,15445
2023-02-07 14:45:51,34,36,5935,15445
2023-02-07 14:45:54,34,40,5935,15445
2023-02-07 14:45:54,35,40,5935,15445
2023-02-07 14:45:54,35,39,5935,15445
2023-02-07 14:46:04,36,39,5935,15445
2023-02-07 14:46:07,35,39,5935,15455
2023-02-07 14:46:07,35,42,5935,15455
2023-02-07 14:46:08,32,42,5935,15455
2023-02-07 14:46:09,35,42,5935,15455
2023-02-07 14:46:10,35,38,5935,15455
2023-02-07 14:46:21,32,38,5935,15455
2023-02-07 14:46:22,34,38,5935,15455
2023-02-07 14:46:23,32,38,5935,15455
2023-02-07 14:46:24,34,38,5935,15455
2023-02-07 14:46:34,37,38,5935,15455
2023-02-07 14:46:38,34,38,5935,15455
2023-02-07 14:46:54,37,38,5935,15455
2023-02-07 14:46:55,37,38,5935,15470
2023-02-07 14:47:03,36,38,5935,15470
2023-02-07 14:47:03,39,40,5925,15480
2023-02-07 14:47:05,39,43,5925,15480
2023-02-07 14:47:29,39,43,5938,15493
2023-02-07 14:47:29,39,41,5938,15493
2023-02-07 14:47:34,39,45,5938,15493
2023-02-07 14:47:34,39,43,5938,15493
2023-02-07 14:47:40,39,41,5938,15493
2023-02-07 14:47:42,39,43,5938,15493
2023-02-07 14:47:44,37,43,5938,15493
2023-02-07 14:47:44,37,50,5938,15493
2023-02-07 14:47:44,37,41,5938,15493
2023-02-07 14:47:46,38,41,5938,15493
2023-02-07 14:47:47,39,41,5938,15493
2023-02-07 14:47:47,39,44,5938,15493
2023-02-07 14:47:47,39,43,5938,15493
2023-02-07 14:47:49,39,44,5938,15493
2023-02-07 14:47:49,38,44,5938,15493
2023-02-07 14:47:50,38,41,5938,15493
2023-02-07 14:47:58,39,41,5938,15493
2023-02-07 14:47:58,39,43,5938,15493
2023-02-07 14:47:59,39,41,5938,15493
2023-02-07 14:48:00,38,41,5938,15493
2023-02-07 14:48:06,37,41,5938,15493
2023-02-07 14:48:27,38,41,5938,15493
2023-02-07 14:48:35,37,38,5938,15503
2023-02-07 14:48:36,34,38,5938,15503
2023-02-07 14:48:38,34,44,5938,15503
2023-02-07 14:48:38,34,36,5938,15503
2023-02-07 14:48:39,32,36,5938,15503
2023-02-07 14:48:49,32,38,5938,15503
2023-02-07 14:49:07,35,38,5938,15503
2023-02-07 14:49:17,37,38,5938,15503
2023-02-07 14:49:18,37,41,5938,15503
2023-02-07 14:49:33,39,41,5938,15503
2023-02-07 14:49:34,39,43,5938,15503
2023-02-07 14:49:34,39,41,5938,15503
2023-02-07 14:49:35,37,41,5938,15503
2023-02-07 14:49:51,37,38,5938,15503
2023-02-07 14:50:08,34,38,5938,15503
2023-02-07 14:50:13,37,38,5938,15503
2023-02-07 14:50:14,37,40,5938,15503
2023-02-07 14:50:19,34,40,5938,15503
2023-02-07 14:50:19,34,38,5938,15503
2023-02-07 14:50:20,34,40,5938,15503
2023-02-07 14:50:20,37,40,5938,15503
2023-02-07 14:50:21,34,40,5938,15503
2023-02-07 14:50:22,34,38,5938,15503
2023-02-07 14:50:26,34,36,5938,15503
2023-02-07 14:50:27,32,36,5938,15503
2023-02-07 14:50:29,33,36,5938,15503
2023-02-07 14:50:52,34,36,5938,15503
2023-02-07 14:50:53,34,38,5938,15503
2023-02-07 14:51:10,35,38,5938,15503
2023-02-07 14:51:10,35,36,5938,15503
2023-02-07 14:51:22,35,41,5938,15503
2023-02-07 14:51:22,35,41,5938,15505
2023-02-07 14:51:29,32,49,5938,15505
2023-02-07 14:51:30,32,37,5938,15505
2023-02-07 14:51:46,31,37,5938,15505
2023-02-07 14:51:46,34,37,5938,15505
2023-02-07 14:51:50,34,54,5938,15505
2023-02-07 14:51:51,34,39,5938,15505
2023-02-07 14:51:57,33,39,5938,15505
2023-02-07 14:51:57,34,39,5938,15505
2023-02-07 14:52:02,36,39,5938,15505
2023-02-07 14:52:03,34,39,5938,15505
2023-02-07 14:52:11,35,44,5938,15505
2023-02-07 14:52:11,35,41,5938,15505
2023-02-07 14:52:14,36,41,5938,15505
2023-02-07 14:52:20,39,41,5938,15505
2023-02-07 14:52:29,42,50,5938,15515
2023-02-07 14:52:31,42,46,5938,15515
2023-02-07 14:52:34,44,46,5938,15515
2023-02-07 14:52:34,44,47,5938,15515
2023-02-07 14:52:42,41,47,5938,15515
2023-02-07 14:52:42,41,46,5938,15515
2023-02-07 14:52:42,42,46,5938,15515
2023-02-07 14:52:50,42,43,5938,15515
2023-02-07 14:52:51,39,43,5938,15515
2023-02-07 14:52:57,42,43,5938,15515
2023-02-07 14:52:57,42,45,5938,15515
2023-02-07 14:53:04,44,45,5938,15515
2023-02-07 14:53:10,44,48,5938,15515
2023-02-07 14:53:39,48,49,5938,15525
2023-02-07 14:53:53,48,50,5938,15525
2023-02-07 14:54:14,48,50,5938,15535
2023-02-07 14:54:21,48,50,5938,15540
2023-02-07 14:55:15,48,50,5938,15550
2023-02-07 14:56:13,48,52,5938,15750
2023-02-07 14:56:15,48,54,5938,15750
2023-02-07 14:56:16,48,51,5938,15750
2023-02-07 14:56:35,48,54,5938,15750
2023-02-07 14:56:36,48,49,5938,15750
2023-02-07 14:56:56,48,50,5938,15750
2023-02-07 14:56:56,45,50,5852,15836
2023-02-07 14:56:57,45,48,5852,15836
2023-02-07 14:57:16,45,50,5852,15836
2023-02-07 14:57:17,45,49,5852,15836
2023-02-07 14:57:37,45,47,5852,15836
2023-02-07 14:57:58,45,49,5852,15836
2023-02-07 14:57:59,45,46,5852,15836
2023-02-07 14:58:18,45,50,5852,15836
2023-02-07 14:58:18,45,47,5852,15836
2023-02-07 14:58:38,45,50,5852,15836
2023-02-07 14:58:38,45,47,5852,15836
2023-02-07 14:58:53,45,47,5877,15861
2023-02-07 14:58:58,45,49,5877,15861
2023-02-07 14:58:59,45,49,5887,15871
2023-02-07 14:59:16,45,50,5887,15871
2023-02-07 14:59:20,45,49,5887,15871
2023-02-07 14:59:26,47,49,5887,15871
2023-02-07 14:59:27,45,49,5887,15871
2023-02-07 14:59:35,47,49,5887,15871
2023-02-07 14:59:36,45,49,5887,15871
2023-02-07 14:59:37,47,49,5887,15871
2023-02-07 14:59:39,47,50,5887,15871
2023-02-07 14:59:54,45,50,5887,15871
2023-02-07 14:59:57,47,50,5887,15871
2023-02-07 14:59:59,45,50,5887,15871
2023-02-07 15:00:01,47,50,5887,15871
2023-02-07 15:00:07,47,50,5887,15907
2023-02-07 15:00:09,49,50,5887,15907
2023-02-07 15:00:09,50,55,5887,15917
2023-02-07 15:00:10,53,55,5887,15917
2023-02-07 15:00:10,55,56,5877,15927
2023-02-07 15:00:11,55,62,5877,15927
2023-02-07 15:00:11,55,61,5877,15927
2023-02-07 15:00:11,55,59,5877,15927
2023-02-07 15:00:12,58,59,5877,15927
2023-02-07 15:00:12,58,62,5877,15927
2023-02-07 15:00:15,61,62,5877,15927
2023-02-07 15:00:16,61,65,5877,15927
2023-02-07 15:00:19,62,65,5877,15927
2023-02-07 15:00:19,62,68,5877,15927
2023-02-07 15:00:19,64,68,5877,15927
2023-02-07 15:00:20,64,65,5877,15927
2023-02-07 15:00:24,62,65,5869,15935
2023-02-07 15:00:38,59,65,5869,15935
2023-02-07 15:00:40,60,65,5869,15935
2023-02-07 15:01:00,59,65,5869,15935
2023-02-07 15:01:12,59,62,5869,15935
2023-02-07 15:01:19,56,62,5869,15935
2023-02-07 15:01:20,59,62,5869,15935
2023-02-07 15:01:20,59,65,5869,15935
2023-02-07 15:01:21,59,64,5869,15935
2023-02-07 15:01:34,59,63,5869,15935
2023-02-07 15:01:41,60,63,5869,15935
2023-02-07 15:02:01,59,62,5869,15935
2023-02-07 15:02:01,58,62,5869,15935
2023-02-07 15:02:02,58,61,5869,15935
2023-02-07 15:02:02,59,61,5869,15935
2023-02-07 15:02:06,58,61,5869,15935
2023-02-07 15:02:12,59,61,5869,15935
2023-02-07 15:02:15,59,61,5887,15953
2023-02-07 15:02:20,49,61,5887,15953
2023-02-07 15:02:21,56,61,5887,15953
2023-02-07 15:02:22,56,63,5887,15953
2023-02-07 15:02:22,62,63,5887,15953
2023-02-07 15:02:22,62,63,5887,15959
2023-02-07 15:02:32,62,66,5887,15959
2023-02-07 15:02:33,62,65,5887,15959
2023-02-07 15:02:33,62,66,5887,15959
2023-02-07 15:02:35,62,63,5887,15959
2023-02-07 15:02:41,49,63,5887,15959
2023-02-07 15:02:41,53,63,5887,15959
2023-02-07 15:02:41,53,62,5887,15959
2023-02-07 15:02:42,53,60,5887,15959
2023-02-07 15:02:42,58,60,5887,15959
2023-02-07 15:02:43,58,63,5887,15959
2023-02-07 15:02:46,58,60,5887,15959
2023-02-07 15:02:58,58,63,5887,15959
2023-02-07 15:02:59,58,60,5887,15959
2023-02-07 15:03:03,53,57,5877,15969
2023-02-07 15:03:03,49,57,5877,15969
2023-02-07 15:03:04,50,57,5877,15969
2023-02-07 15:03:05,53,57,5877,15969
2023-02-07 15:03:08,53,54,5877,15969
2023-02-07 15:03:09,50,54,5877,15969
2023-02-07 15:03:13,50,56,5877,15969
2023-02-07 15:03:14,53,57,5877,15969
2023-02-07 15:03:22,50,57,5877,15969
2023-02-07 15:03:22,50,56,5877,15969
2023-02-07 15:03:23,54,56,5877,15969
2023-02-07 15:03:23,54,56,5869,15977
2023-02-07 15:03:42,50,56,5869,15977
2023-02-07 15:03:42,50,53,5869,15977
2023-02-07 15:03:42,47,53,5869,15977
2023-02-07 15:03:43,51,53,5869,15977
2023-02-07 15:03:46,47,51,5869,15987
2023-02-07 15:03:47,45,51,5869,15987
2023-02-07 15:03:47,47,51,5869,15987
2023-02-07 15:03:59,45,51,5859,15997
2023-02-07 15:04:05,47,51,5859,15997
2023-02-07 15:04:06,47,48,5859,15997
2023-02-07 15:04:14,45,48,5867,16015
2023-02-07 15:04:23,45,48,5903,16051
2023-02-07 15:04:23,45,53,5903,16051
2023-02-07 15:04:23,45,53,5921,16069
2023-02-07 15:04:24,45,52,5921,16069
2023-02-07 15:04:24,45,73,5921,16069
2023-02-07 15:04:24,45,48,5921,16069
2023-02-07 15:04:43,45,73,5921,16069
2023-02-07 15:04:44,45,72,5921,16069
2023-02-07 15:04:45,45,47,5921,16069
2023-02-07 15:05:04,45,73,5921,16069
2023-02-07 15:05:05,38,43,5924,16072
2023-02-07 15:05:24,38,72,5924,16072
2023-02-07 15:05:25,39,72,5924,16072
2023-02-07 15:05:25,39,45,5924,16072
2023-02-07 15:05:28,41,45,5924,16072
2023-02-07 15:05:45,41,72,5924,16072
2023-02-07 15:05:46,41,46,5924,16072
2023-02-07 15:06:02,44,46,5924,16072
2023-02-07 15:06:05,44,71,5924,16072
2023-02-07 15:06:05,41,71,5924,16072
2023-02-07 15:06:06,42,71,5924,16072
2023-02-07 15:06:07,42,48,5924,16072
2023-02-07 15:06:26,41,71,5924,16072
2023-02-07 15:06:27,41,44,5924,16072
2023-02-07 15:06:41,38,44,5924,16072
2023-02-07 15:06:47,38,71,5924,16072
2023-02-07 15:06:48,39,71,5924,16072
2023-02-07 15:06:48,39,45,5924,16072
2023-02-07 15:07:07,36,46,5924,16072
2023-02-07 15:07:08,36,41,5924,16072
2023-02-07 15:07:16,38,41,5924,16072
2023-02-07 15:07:27,38,46,5924,16072
2023-02-07 15:07:27,37,46,5924,16072
2023-02-07 15:07:28,37,43,5924,16072
2023-02-07 15:07:48,35,46,5924,16072
2023-02-07 15:07:49,35,39,5924,16072
2023-02-07 15:08:05,33,39,5924,16072
2023-02-07 15:08:08,33,46,5924,16072
2023-02-07 15:08:08,35,46,5924,16072
2023-02-07 15:08:09,35,41,5924,16072
2023-02-07 15:08:28,35,46,5924,16072
2023-02-07 15:08:30,35,41,5924,16072
2023-02-07 15:08:48,30,47,5924,16072
2023-02-07 15:08:48,29,47,5924,16072
2023-02-07 15:08:48,27,47,5924,16072
2023-02-07 15:08:49,27,46,5924,16072
2023-02-07 15:08:50,31,46,5924,16072
2023-02-07 15:08:50,31,37,5924,16072
2023-02-07 15:09:09,27,36,5924,16072
2023-02-07 15:09:09,27,47,5924,16072
2023-02-07 15:09:10,27,46,5924,16072
2023-02-07 15:09:10,27,33,5924,16072
2023-02-07 15:09:29,22,46,5924,16072
2023-02-07 15:09:30,23,46,5924,16072
2023-02-07 15:09:30,23,29,5924,16072
2023-02-07 15:09:35,24,29,5924,16072
2023-02-07 15:09:38,23,29,5924,16072
2023-02-07 15:09:39,24,29,5924,16072
2023-02-07 15:09:50,24,46,5924,16072
2023-02-07 15:09:51,26,46,5924,16072
2023-02-07 15:09:51,26,32,5924,16072
2023-02-07 15:09:56,26,31,5924,16072
2023-02-07 15:10:04,27,31,5924,16072
2023-02-07 15:10:07,26,31,5924,16072
2023-02-07 15:10:07,29,31,5924,16072
2023-02-07 15:10:10,29,32,5924,16072
2023-02-07 15:10:10,29,46,5924,16072
2023-02-07 15:10:10,29,35,5924,16072
2023-02-07 15:10:25,32,35,5924,16072
2023-02-07 15:10:30,32,46,5924,16072
2023-02-07 15:10:31,32,38,5924,16072
2023-02-07 15:10:50,32,46,5924,16072
2023-02-07 15:10:51,32,38,5924,16072
2023-02-07 15:11:11,32,46,5924,16072
2023-02-07 15:11:12,32,38,5924,16072
2023-02-07 15:11:17,34,38,5924,16072
2023-02-07 15:11:20,32,38,5924,16072
2023-02-07 15:11:21,34,38,5924,16072
2023-02-07 15:11:24,32,38,5924,16072
2023-02-07 15:11:25,34,38,5924,16072
2023-02-07 15:11:31,34,46,5924,16072
2023-02-07 15:11:32,34,40,5924,16072
2023-02-07 15:11:33,34,39,5924,16072
2023-02-07 15:11:34,34,40,5924,16072
2023-02-07 15:11:35,37,40,5924,16072
2023-02-07 15:11:37,34,40,5924,16072
2023-02-07 15:11:41,37,40,5924,16072
2023-02-07 15:11:48,34,40,5924,16072
2023-02-07 15:11:51,34,46,5924,16072
2023-02-07 15:11:52,35,46,5924,16072
2023-02-07 15:11:52,35,41,5924,16072
2023-02-07 15:12:12,34,44,5924,16072
2023-02-07 15:12:12,35,44,5924,16072
2023-02-07 15:12:12,35,41,5924,16072
2023-02-07 15:12:32,34,45,5924,16072
2023-02-07 15:12:33,34,40,5924,16072
2023-02-07 15:12:52,34,44,5924,16072
2023-02-07 15:12:53,36,44,5924,16072
2023-02-07 15:12:53,36,42,5924,16072
2023-02-07 15:13:02,36,41,5924,16072
2023-02-07 15:13:10,36,41,5947,16095
2023-02-07 15:13:10,36,42,5947,16095
2023-02-07 15:13:10,36,41,5947,16095
2023-02-07 15:13:13,31,41,5947,16095
2023-02-07 15:13:13,32,41,5947,16095
2023-02-07 15:13:13,32,38,5947,16095
2023-02-07 15:13:15,34,38,5947,16095
2023-02-07 15:13:16,32,38,5947,16095
2023-02-07 15:13:32,31,45,5947,16095
2023-02-07 15:13:33,34,45,5947,16095
2023-02-07 15:13:33,34,44,5947,16095
2023-02-07 15:13:34,34,38,5947,16095
2023-02-07 15:13:37,32,38,5947,16095
2023-02-07 15:13:37,34,38,5947,16095
2023-02-07 15:13:38,37,38,5947,16095
2023-02-07 15:13:39,34,38,5947,16095
2023-02-07 15:13:54,34,44,5947,16095
2023-02-07 15:13:55,35,44,5947,16095
2023-02-07 15:13:55,35,41,5947,16095
2023-02-07 15:13:56,37,41,5947,16095
2023-02-07 15:14:14,39,45,5947,16095
2023-02-07 15:14:33,37,45,5947,16095
2023-02-07 15:14:33,34,45,5947,16095
2023-02-07 15:14:35,35,45,5947,16095
2023-02-07 15:14:35,35,41,5947,16095
2023-02-07 15:14:37,37,41,5947,16095
2023-02-07 15:14:55,37,44,5947,16095
2023-02-07 15:14:55,37,41,5947,16095
2023-02-07 15:14:57,35,41,5947,16095
2023-02-07 15:15:05,37,41,5947,16095
2023-02-07 15:15:16,37,45,5947,16095
2023-02-07 15:15:16,37,43,5947,16095
2023-02-07 15:15:24,40,43,5947,16095
2023-02-07 15:15:33,37,43,5947,16095
2023-02-07 15:15:33,43,51,5947,16105
2023-02-07 15:15:35,46,51,5947,16105
2023-02-07 15:15:35,46,50,5947,16105
2023-02-07 15:15:36,46,48,5947,16105
2023-02-07 15:15:45,43,48,5947,16105
2023-02-07 15:15:45,46,48,5947,16105
2023-02-07 15:15:46,49,51,5947,16115
2023-02-07 15:15:50,49,53,5947,16115
2023-02-07 15:15:50,49,52,5947,16115
2023-02-07 15:15:58,43,52,5947,16115
2023-02-07 15:15:58,46,52,5947,16115
2023-02-07 15:15:58,46,50,5947,16115
2023-02-07 15:15:58,48,50,5947,16115
2023-02-07 15:16:05,48,54,5967,16135
2023-02-07 15:16:05,48,53,5967,16135
2023-02-07 15:16:15,48,54,5967,16135
2023-02-07 15:16:17,43,57,5967,16135
2023-02-07 15:16:17,43,49,5967,16135
2023-02-07 15:16:17,46,49,5967,16135
2023-02-07 15:16:22,43,49,5967,16135
2023-02-07 15:16:23,46,49,5967,16135
2023-02-07 15:16:24,43,49,5967,16135
2023-02-07 15:16:26,43,57,5977,16145
2023-02-07 15:16:35,43,55,5977,16145
2023-02-07 15:16:37,43,54,5977,16145
2023-02-07 15:16:38,43,47,5977,16145
2023-02-07 15:16:57,43,55,5977,16145
2023-02-07 15:16:58,43,54,5977,16145
2023-02-07 15:16:58,43,50,5977,16145
2023-02-07 15:16:58,43,47,5977,16145
2023-02-07 15:17:07,41,47,5977,16145
2023-02-07 15:17:18,40,50,5977,16145
2023-02-07 15:17:18,40,46,5977,16145
2023-02-07 15:17:35,43,46,5977,16145
2023-02-07 15:17:38,43,49,5977,16145
2023-02-07 15:17:39,43,47,5977,16145
2023-02-07 15:17:53,46,47,5977,16145
2023-02-07 15:17:59,46,50,5977,16145
2023-02-07 15:18:12,49,50,5977,16145
2023-02-07 15:18:15,49,52,5977,16145
2023-02-07 15:18:15,49,51,5977,16145
2023-02-07 15:18:16,49,52,5977,16145
2023-02-07 15:18:19,49,55,5977,16145
2023-02-07 15:18:20,49,54,5977,16145
2023-02-07 15:18:20,48,54,5977,16145
2023-02-07 15:18:21,49,54,5977,16145
2023-02-07 15:18:28,48,54,5977,16145
2023-02-07 15:18:40,46,55,5977,16145
2023-02-07 15:18:40,46,49,5977,16145
2023-02-07 15:18:44,49,55,5977,16155
2023-02-07 15:18:45,49,54,5977,16155
2023-02-07 15:18:45,49,53,5977,16155
2023-02-07 15:18:50,49,50,5977,16155
2023-02-07 15:18:50,46,50,5977,16155
2023-02-07 15:19:12,46,51,5977,16155
2023-02-07 15:19:12,49,51,5977,16155
2023-02-07 15:19:20,49,53,5977,16155
2023-02-07 15:19:24,52,53,5977,16155
2023-02-07 15:19:24,52,55,5977,16155
2023-02-07 15:19:37,52,55,5951,16181
2023-02-07 15:19:38,49,55,5951,16181
2023-02-07 15:19:40,53,55,5951,16181
2023-02-07 15:20:01,50,55,5951,16181
2023-02-07 15:20:22,51,55,5951,16181
2023-02-07 15:21:02,49,55,5951,16181
2023-02-07 15:21:15,53,55,5951,16181
2023-02-07 15:21:16,49,55,5951,16181
2023-02-07 15:21:22,53,55,5951,16181
2023-02-07 15:21:25,56,57,5947,16185
2023-02-07 15:21:25,53,56,5947,16199
2023-02-07 15:21:27,51,56,5947,16199
2023-02-07 15:21:27,51,57,5965,16217
2023-02-07 15:21:27,51,56,5965,16217
2023-02-07 15:21:27,55,56,5965,16217
2023-02-07 15:21:29,55,56,5965,16227
2023-02-07 15:21:30,51,56,5965,16227
2023-02-07 15:21:31,51,57,5965,16227
2023-02-07 15:21:31,55,57,5965,16227
2023-02-07 15:21:50,59,62,5965,16227
2023-02-07 15:21:52,59,60,5965,16227
2023-02-07 15:21:53,51,58,5955,16237
2023-02-07 15:21:54,54,58,5955,16237
2023-02-07 15:21:55,55,58,5955,16237
2023-02-07 15:21:55,55,60,5955,16237
2023-02-07 15:21:56,55,62,5955,16237
2023-02-07 15:21:56,58,62,5955,16237
2023-02-07 15:22:09,60,62,5955,16237
2023-02-07 15:22:22,61,62,5955,16237
2023-02-07 15:22:24,58,62,5955,16237
2023-02-07 15:22:25,61,62,5955,16237
2023-02-07 15:23:00,61,65,5965,16247
2023-02-07 15:23:00,62,65,5965,16247
2023-02-07 15:23:01,58,65,5965,16247
2023-02-07 15:23:02,58,64,5965,16247
2023-02-07 15:23:10,62,64,5965,16247
2023-02-07 15:23:10,62,65,5965,16247
2023-02-07 15:23:20,58,62,5955,16257
2023-02-07 15:23:20,55,62,5955,16257
2023-02-07 15:23:21,58,62,5955,16257
2023-02-07 15:23:30,60,62,5955,16257
2023-02-07 15:23:51,59,62,5955,16257
2023-02-07 15:23:57,59,62,5947,16265
2023-02-07 15:23:57,59,61,5947,16265
2023-02-07 15:24:03,59,62,5947,16265
2023-02-07 15:24:03,59,64,5947,16265
2023-02-07 15:24:03,59,65,5947,16265
2023-02-07 15:24:27,58,65,5947,16265
2023-02-07 15:24:28,58,64,5947,16265
2023-02-07 15:24:34,61,64,5947,16265
2023-02-07 15:24:52,59,64,5947,16265
2023-02-07 15:24:58,59,61,5947,16265
2023-02-07 15:25:00,59,64,5947,16265
2023-02-07 15:25:11,55,64,5947,16265
2023-02-07 15:25:11,55,61,5947,16265
2023-02-07 15:25:12,57,61,5947,16265
2023-02-07 15:25:13,57,63,5947,16265
2023-02-07 15:25:13,58,63,5947,16265
2023-02-07 15:25:15,57,63,5947,16265
2023-02-07 15:25:17,57,63,5947,16265
2023-02-07 15:25:17,58,63,5947,16265
2023-02-07 15:25:29,58,61,5947,16265
2023-02-07 15:25:29,55,61,5947,16265
2023-02-07 15:25:34,57,61,5947,16265
2023-02-07 15:25:34,57,60,5947,16265
2023-02-07 15:25:35,55,57,5947,16275
2023-02-07 15:25:35,51,57,5947,16275
2023-02-07 15:25:36,53,57,5947,16275
2023-02-07 15:25:41,55,57,5947,16275
2023-02-07 15:25:42,55,60,5947,16275
2023-02-07 15:25:43,55,63,5947,16275
2023-02-07 15:25:45,55,61,5947,16275
2023-02-07 15:25:46,57,61,5947,16275
2023-02-07 15:25:50,55,61,5947,16275
2023-02-07 15:25:50,53,61,5947,16275
2023-02-07 15:25:50,53,60,5947,16275
2023-02-07 15:25:51,53,57,5947,16275
2023-02-07 15:25:54,53,61,5947,16275
2023-02-07 15:25:54,57,61,5947,16275
2023-02-07 15:25:57,55,61,5947,16275
2023-02-07 15:25:57,55,60,5947,16275
2023-02-07 15:25:58,55,61,5947,16275
2023-02-07 15:25:58,57,61,5947,16275
2023-02-07 15:26:10,60,61,5947,16275
2023-02-07 15:26:32,58,60,5937,16285
2023-02-07 15:26:32,57,60,5937,16285
2023-02-07 15:26:33,55,60,5937,16285
2023-02-07 15:26:34,56,60,5937,16285
2023-02-07 15:26:39,58,60,5937,16285
2023-02-07 15:26:42,58,61,5937,16285
2023-02-07 15:26:48,55,61,5955,16303
2023-02-07 15:26:56,60,61,5955,16303
2023-02-07 15:27:14,53,61,5955,16303
2023-02-07 15:27:14,62,63,5975,16323
2023-02-07 15:27:23,53,63,5975,16323
2023-02-07 15:27:24,59,63,5975,16323
2023-02-07 15:27:25,53,63,5975,16323
2023-02-07 15:27:25,63,66,5985,16333
2023-02-07 15:27:27,63,66,5999,16347
2023-02-07 15:27:37,64,66,5999,16347
2023-02-07 15:27:47,64,67,6005,16353
2023-02-07 15:27:48,64,70,6005,16353
2023-02-07 15:27:54,53,67,6005,16353
2023-02-07 15:27:57,53,70,6005,16353
2023-02-07 15:27:58,53,67,6005,16353
2023-02-07 15:28:10,53,70,6005,16353
2023-02-07 15:28:15,53,67,6005,16353
2023-02-07 15:28:18,53,67,5995,16363
2023-02-07 15:28:19,63,67,5995,16363
2023-02-07 15:28:22,66,67,5995,16363
2023-02-07 15:28:26,53,70,5995,16363
2023-02-07 15:28:27,63,70,5995,16363
2023-02-07 15:28:27,63,67,5995,16363
2023-02-07 15:28:28,63,67,5985,16373
2023-02-07 15:28:35,70,71,6005,16427
2023-02-07 15:28:48,70,72,6005,16427
2023-02-07 15:28:56,72,73,6015,16437
2023-02-07 15:28:57,70,73,6015,16437
2023-02-07 15:29:00,72,73,6015,16437
2023-02-07 15:29:01,70,73,6015,16437
2023-02-07 15:29:04,72,73,6015,16437
2023-02-07 15:29:13,70,73,6015,16437
2023-02-07 15:29:14,72,73,6015,16437
2023-02-07 15:29:18,70,73,6023,16445
2023-02-07 15:29:22,72,73,6023,16445
2023-02-07 15:29:34,70,73,6023,16445
2023-02-07 15:29:34,75,76,6043,16471
2023-02-07 15:29:38,70,76,6043,16471
2023-02-07 15:29:38,73,76,6043,16471
2023-02-07 15:29:40,75,76,6043,16471
2023-02-07 15:29:54,73,76,6043,16471
2023-02-07 15:30:00,75,76,6043,16471
2023-02-07 15:30:17,70,76,6043,16471
2023-02-07 15:30:17,75,76,6043,16471
2023-02-07 15:30:18,73,76,6043,16471
2023-02-07 15:30:27,73,74,6043,16471
2023-02-07 15:30:27,70,74,6043,16471
2023-02-07 15:30:28,73,74,6043,16471
2023-02-07 15:30:28,73,76,6043,16471
2023-02-07 15:30:33,70,76,6053,16481
2023-02-07 15:30:37,70,74,6053,16481
2023-02-07 15:30:41,70,74,6043,16491
2023-02-07 15:30:50,70,76,6043,16491
2023-02-07 15:30:50,73,76,6043,16491
2023-02-07 15:30:54,70,76,6043,16491
2023-02-07 15:30:54,70,74,6043,16491
2023-02-07 15:31:01,73,74,6043,16491
2023-02-07 15:31:01,73,76,6043,16491
2023-02-07 15:31:09,73,74,6043,16491
2023-02-07 15:31:14,70,74,6043,16491
2023-02-07 15:31:15,70,71,6043,16491
2023-02-07 15:31:17,70,71,6043,16504
2023-02-07 15:31:21,70,71,6033,16514
2023-02-07 15:31:25,70,71,6033,16517
2023-02-07 15:31:25,70,71,6033,16535
2023-02-07 15:31:27,70,75,6033,16535
2023-02-07 15:31:39,73,75,6033,16535
2023-02-07 15:31:39,73,77,6033,16535
2023-02-07 15:31:41,73,76,6033,16535
2023-02-07 15:32:01,76,77,6043,16545
2023-02-07 15:32:11,73,77,6051,16553
2023-02-07 15:32:22,74,77,6051,16553
2023-02-07 15:32:24,74,77,6061,16565
2023-02-07 15:32:25,76,77,6061,16565
2023-02-07 15:32:29,76,79,6061,16565
2023-02-07 15:33:15,76,79,6063,16567
2023-02-07 15:33:17,74,79,6063,16567
2023-02-07 15:33:20,77,79,6063,16567
2023-02-07 15:33:40,77,80,6075,16579
2023-02-07 15:33:43,78,80,6075,16579
2023-02-07 15:33:59,74,80,6075,16579
2023-02-07 15:33:59,70,80,6075,16579
2023-02-07 15:33:59,77,80,6075,16579
2023-02-07 15:34:00,74,80,6075,16579
2023-02-07 15:34:04,76,80,6075,16579
2023-02-07 15:34:24,75,80,6075,16579
2023-02-07 15:34:40,74,80,6075,16579
2023-02-07 15:34:40,74,78,6075,16579
2023-02-07 15:34:40,71,78,6075,16579
2023-02-07 15:34:44,73,78,6075,16579
2023-02-07 15:34:50,74,78,6075,16579
2023-02-07 15:34:50,74,79,6075,16579
2023-02-07 15:35:05,75,79,6075,16579
2023-02-07 15:35:07,75,78,6075,16579
2023-02-07 15:35:14,75,78,6057,16597
2023-02-07 15:35:25,75,77,6057,16597
2023-02-07 15:35:25,75,77,6057,16615
2023-02-07 15:35:27,75,79,6057,16615
2023-02-07 15:35:37,73,79,6057,16629
2023-02-07 15:35:39,71,79,6057,16629
2023-02-07 15:35:39,71,77,6057,16629
2023-02-07 15:35:44,71,73,6057,16629
2023-02-07 15:35:45,70,73,6057,16629
2023-02-07 15:35:51,67,69,6082,16654
2023-02-07 15:35:55,65,69,6072,16664
2023-02-07 15:36:01,66,69,6072,16664
2023-02-07 15:36:01,66,70,6072,16664
2023-02-07 15:36:03,69,70,6072,16664
2023-02-07 15:36:06,69,70,6072,16674
2023-02-07 15:36:13,69,70,6057,16689
2023-02-07 15:36:13,69,70,6039,16707
2023-02-07 15:36:27,71,73,6039,16720
2023-02-07 15:36:40,71,75,6059,16740
2023-02-07 15:36:48,71,77,6046,16753
2023-02-07 15:36:49,69,71,6046,16758
2023-02-07 15:36:49,69,71,6036,16768
2023-02-07 15:36:49,69,71,6036,16781
2023-02-07 15:36:51,68,71,6036,16781
2023-02-07 15:36:51,68,71,6036,16817
2023-02-07 15:36:52,57,71,6036,16817
2023-02-07 15:36:56,57,73,6000,16853
2023-02-07 15:36:57,57,76,6000,16853
2023-02-07 15:36:59,57,73,6000,16853
2023-02-07 15:37:00,57,76,6000,16853
2023-02-07 15:37:02,64,76,6000,16853
2023-02-07 15:37:07,73,76,6000,16853
2023-02-07 15:37:16,64,73,5990,16863
2023-02-07 15:37:20,69,73,5990,16863
2023-02-07 15:37:28,72,73,5990,16863
2023-02-07 15:37:48,71,73,5990,16863
2023-02-07 15:38:04,69,73,5990,16863
2023-02-07 15:38:04,69,76,5990,16863
2023-02-07 15:38:04,64,76,5990,16863
2023-02-07 15:38:05,73,76,5990,16863
2023-02-07 15:38:25,64,76,5990,16863
2023-02-07 15:38:25,69,76,5990,16863
2023-02-07 15:38:25,69,73,5990,16863
2023-02-07 15:38:28,69,73,5980,16873
2023-02-07 15:38:35,69,77,5980,16873
2023-02-07 15:38:35,73,77,5980,16873
2023-02-07 15:38:40,64,77,5980,16873
2023-02-07 15:38:40,64,73,5980,16873
2023-02-07 15:38:40,69,73,5980,16873
2023-02-07 15:38:49,72,73,5980,16873
2023-02-07 15:38:49,72,76,5980,16873
2023-02-07 15:38:49,72,77,5980,16873
2023-02-07 15:38:50,73,77,5980,16873
2023-02-07 15:38:54,72,77,5980,16873
2023-02-07 15:38:54,72,76,5980,16873
2023-02-07 15:38:54,72,73,5980,16873
2023-02-07 15:39:07,69,76,5980,16873
2023-02-07 15:39:07,64,76,5980,16873
2023-02-07 15:39:07,64,77,5980,16873
2023-02-07 15:39:07,73,77,5980,16873
2023-02-07 15:39:08,73,78,5996,16905
2023-02-07 15:39:20,72,78,5996,16905
2023-02-07 15:39:21,76,78,5996,16905
2023-02-07 15:39:30,77,78,5996,16905
2023-02-07 15:39:33,77,79,6032,16941
2023-02-07 15:39:39,64,79,6032,16951
2023-02-07 15:40:22,64,83,6032,16951
2023-02-07 15:40:29,64,83,6032,16951
2023-02-07 15:40:43,64,86,6043,16962
2023-02-07 15:40:51,83,86,6043,16962
2023-02-07 15:41:13,83,87,6052,16976
2023-02-07 15:41:14,85,87,6052,16976
2023-02-07 15:41:15,85,88,6052,16976
2023-02-07 15:41:16,85,87,6052,16976
2023-02-07 15:41:17,83,87,6052,16976
2023-02-07 15:41:18,83,88,6052,16976
2023-02-07 15:41:18,85,88,6052,16976
2023-02-07 15:41:26,85,88,6052,16977
2023-02-07 15:41:31,85,87,6052,16977
2023-02-07 15:41:32,84,87,6052,16977
2023-02-07 15:42:01,84,85,6052,16977
2023-02-07 15:42:04,84,85,6052,16978
2023-02-07 15:42:05,84,87,6052,16978
2023-02-07 15:42:08,83,87,6052,16978
2023-02-07 15:42:08,73,87,6052,16978
2023-02-07 15:42:09,73,85,6052,16978
2023-02-07 15:42:09,81,85,6052,16978
2023-02-07 15:42:11,73,85,6052,16978
2023-02-07 15:42:11,78,82,6052,16978
2023-02-07 15:42:12,78,82,6042,16988
2023-02-07 15:42:18,81,82,6042,16988
2023-02-07 15:42:18,81,85,6042,16988
2023-02-07 15:42:19,81,82,6042,16988
2023-02-07 15:42:19,78,82,6042,16988
2023-02-07 15:42:23,81,82,6042,16988
2023-02-07 15:42:23,81,85,6042,16988
2023-02-07 15:42:50,81,87,6042,16988
2023-02-07 15:42:50,73,87,6042,16988
2023-02-07 15:42:51,84,87,6042,16988
2023-02-07 15:42:58,86,87,6042,16988
2023-02-07 15:43:01,83,87,6042,16988
2023-02-07 15:43:01,84,87,6042,16988
2023-02-07 15:43:14,85,87,6042,16988
2023-02-07 15:43:35,84,87,6042,16988
2023-02-07 15:43:39,84,86,6042,16988
2023-02-07 15:43:41,84,87,6042,16988
2023-02-07 15:43:47,84,86,6042,16988
2023-02-07 15:43:54,83,86,6042,16988
2023-02-07 15:43:57,84,86,6042,16988
2023-02-07 15:43:57,84,87,6042,16988
2023-02-07 15:44:15,85,87,6042,16988
2023-02-07 15:44:19,85,87,6042,17005
2023-02-07 15:44:24,73,87,6042,17015
2023-02-07 15:44:35,86,87,6042,17015
2023-02-07 15:44:37,86,87,6042,17057
2023-02-07 15:44:48,73,87,6042,17057
2023-02-07 15:44:56,87,89,6041,17058
2023-02-07 15:45:07,87,89,6051,17068
2023-02-07 15:45:08,73,87,6042,17077
2023-02-07 15:45:09,83,87,6042,17077
2023-02-07 15:45:10,73,87,6042,17077
2023-02-07 15:45:11,73,89,6042,17077
2023-02-07 15:45:12,85,89,6042,17077
2023-02-07 15:45:16,86,89,6042,17077
2023-02-07 15:45:36,87,89,6042,17077
2023-02-07 15:45:43,88,89,6042,17077
2023-02-07 15:45:43,88,91,6042,17077
2023-02-07 15:46:11,88,92,6042,17077
2023-02-07 15:46:16,73,92,6042,17077
2023-02-07 15:46:16,90,92,6042,17077
2023-02-07 15:46:22,90,92,6051,17086
2023-02-07 15:46:30,73,92,6051,17086
2023-02-07 15:46:54,92,93,6051,17096
2023-02-07 15:46:58,73,93,6051,17096
2023-02-07 15:47:00,93,96,6051,17106
2023-02-07 15:47:05,89,96,6051,17106
2023-02-07 15:47:14,89,96,6051,17116
2023-02-07 15:47:15,93,96,6051,17116
2023-02-07 15:47:19,93,96,6043,17124
2023-02-07 15:47:19,95,96,6043,17124
2023-02-07 15:47:48,95,96,5963,17204
2023-02-07 15:47:55,93,97,5973,17214
2023-02-07 15:47:59,95,97,5973,17214
2023-02-07 15:48:00,95,98,5973,17214
2023-02-07 15:48:03,95,97,5973,17214
2023-02-07 15:48:04,95,97,5976,17217
2023-02-07 15:48:06,97,98,6181,17422
2023-02-07 15:48:14,93,98,6181,17422
2023-02-07 15:48:19,95,98,6181,17422
2023-02-07 15:48:26,93,98,6171,17435
2023-02-07 15:48:27,93,97,6171,17435
2023-02-07 15:48:37,93,97,6171,17436
2023-02-07 15:48:39,94,97,6171,17436
2023-02-07 15:48:45,94,96,6171,17436
2023-02-07 15:48:46,94,97,6171,17436
2023-02-07 15:48:51,94,96,6171,17436
2023-02-07 15:48:53,93,96,6169,17438
2023-02-07 15:48:59,93,97,6153,17454
2023-02-07 15:49:18,94,97,6153,17454
2023-02-07 15:49:21,95,97,6153,17454
2023-02-07 15:49:41,96,97,6153,17454
2023-02-07 15:52:20,94,99,6151,17456
2023-02-07 15:52:51,94,98,6151,17456
2023-02-07 15:52:55,94,99,6151,17556
2023-02-07 15:53:44,94,100,6151,17771
2023-02-07 15:53:50,95,100,6151,17771
2023-02-07 15:53:53,96,100,6151,17771
2023-02-07 15:54:59,96,100,6151,17813
2023-02-07 15:55:15,97,100,6151,17813
2023-02-07 15:57:03,98,100,6151,17813
2023-02-07 15:58:45,99,100,6151,17813
