datetime,bid,ask,open_interest,volume
2023-08-08 09:30:00,15,30,250,255
2023-08-08 09:30:07,15,29,250,255
2023-08-08 09:30:23,12,29,250,255
2023-08-08 09:30:26,12,30,250,255
2023-08-08 09:30:39,12,22,250,255
2023-08-08 09:31:00,15,22,250,255
2023-08-08 09:31:00,15,20,250,255
2023-08-08 09:31:01,16,18,250,255
2023-08-08 09:31:13,16,20,250,255
2023-08-08 09:31:13,17,20,250,255
2023-08-08 09:31:13,17,19,250,255
2023-08-08 09:31:14,17,20,250,255
2023-08-08 09:31:14,17,19,250,255
2023-08-08 09:31:15,17,20,250,255
2023-08-08 09:31:18,17,19,250,255
2023-08-08 09:31:19,17,20,250,255
2023-08-08 09:31:20,17,19,250,255
2023-08-08 09:31:21,17,20,250,255
2023-08-08 09:31:24,17,19,250,255
2023-08-08 09:31:26,16,19,250,255
2023-08-08 09:31:33,17,19,250,255
2023-08-08 09:31:35,16,19,250,255
2023-08-08 09:31:36,17,19,250,255
2023-08-08 09:31:51,16,19,250,255
2023-08-08 09:31:53,17,19,250,255
2023-08-08 09:31:57,17,20,250,255
2023-08-08 09:31:59,17,19,250,255
2023-08-08 09:32:01,17,20,250,255
2023-08-08 09:32:08,17,19,250,255
2023-08-08 09:32:12,16,19,250,255
2023-08-08 09:32:13,17,19,250,255
2023-08-08 09:32:15,17,20,250,255
2023-08-08 09:32:48,17,19,250,255
2023-08-08 09:32:50,17,20,250,255
2023-08-08 09:32:54,17,19,250,255
2023-08-08 09:33:03,17,20,250,255
2023-08-08 09:33:04,17,19,250,255
2023-08-08 09:33:08,16,19,250,255
2023-08-08 09:33:13,17,19,250,255
2023-08-08 09:33:20,16,19,250,255
2023-08-08 09:33:41,17,19,250,255
2023-08-08 09:33:42,16,19,250,255
2023-08-08 09:33:45,17,19,250,255
2023-08-08 09:33:53,16,19,250,255
2023-08-08 09:33:55,17,19,250,255
2023-08-08 09:34:04,16,19,250,255
2023-08-08 09:34:11,17,19,250,255
2023-08-08 09:34:13,17,20,250,255
2023-08-08 09:34:17,17,19,250,255
2023-08-08 09:34:19,17,20,250,255
2023-08-08 09:34:29,17,19,250,255
2023-08-08 09:34:32,17,20,250,255
2023-08-08 09:34:36,17,19,250,255
2023-08-08 09:34:39,17,20,250,255
2023-08-08 09:34:40,17,19,250,255
2023-08-08 09:34:42,16,19,250,255
2023-08-08 09:34:48,16,18,250,255
2023-08-08 09:34:57,16,19,250,255
2023-08-08 09:34:58,16,18,250,255
2023-08-08 09:35:01,16,19,250,255
2023-08-08 09:35:14,17,19,250,255
2023-08-08 09:35:19,16,19,250,255
2023-08-08 09:35:25,16,18,250,255
2023-08-08 09:35:29,15,18,250,255
2023-08-08 09:35:33,16,18,250,255
2023-08-08 09:35:41,16,19,250,255
2023-08-08 09:35:42,16,18,250,255
2023-08-08 09:35:44,15,18,250,255
2023-08-08 09:35:46,16,18,250,255
2023-08-08 09:35:48,15,18,250,255
2023-08-08 09:35:59,16,18,250,255
2023-08-08 09:36:00,15,18,250,255
2023-08-08 09:36:17,16,18,250,255
2023-08-08 09:36:24,15,18,250,255
2023-08-08 09:36:36,16,18,250,255
2023-08-08 09:36:38,16,19,250,255
2023-08-08 09:36:39,16,18,250,255
2023-08-08 09:36:40,16,19,250,255
2023-08-08 09:36:49,17,19,250,255
2023-08-08 09:36:51,16,19,250,255
2023-08-08 09:36:54,17,19,250,255
2023-08-08 09:37:01,17,20,250,255
2023-08-08 09:37:07,18,20,250,255
2023-08-08 09:37:22,17,20,250,255
2023-08-08 09:37:27,18,20,250,255
2023-08-08 09:37:37,18,21,250,255
2023-08-08 09:37:43,18,20,250,255
2023-08-08 09:37:52,18,21,250,255
2023-08-08 09:37:57,19,21,250,255
2023-08-08 09:38:38,19,21,330,335
2023-08-08 09:39:26,19,20,330,335
2023-08-08 09:39:30,17,20,330,335
2023-08-08 09:39:35,17,19,330,335
2023-08-08 09:39:44,16,19,330,335
2023-08-08 09:39:46,16,18,330,335
2023-08-08 09:39:51,16,19,330,335
2023-08-08 09:39:56,17,19,330,335
2023-08-08 09:39:59,16,19,330,335
2023-08-08 09:40:03,17,19,330,335
2023-08-08 09:40:05,16,19,330,335
2023-08-08 09:40:11,17,19,330,335
2023-08-08 09:40:16,16,19,330,335
2023-08-08 09:40:17,17,19,330,335
2023-08-08 09:40:18,16,19,330,335
2023-08-08 09:40:21,17,19,330,335
2023-08-08 09:40:22,16,19,330,335
2023-08-08 09:40:23,17,19,330,335
2023-08-08 09:40:24,16,19,330,335
2023-08-08 09:40:40,17,19,330,335
2023-08-08 09:40:45,16,19,330,335
2023-08-08 09:40:50,17,19,330,335
2023-08-08 09:40:59,17,20,330,335
2023-08-08 09:41:22,18,20,330,335
2023-08-08 09:41:38,17,20,330,335
2023-08-08 09:42:03,17,19,330,335
2023-08-08 09:42:05,17,20,330,335
2023-08-08 09:42:08,17,19,330,335
2023-08-08 09:42:12,17,20,330,335
2023-08-08 09:42:16,17,19,330,335
2023-08-08 09:42:18,17,20,330,335
2023-08-08 09:42:24,17,19,330,335
2023-08-08 09:42:29,17,20,330,335
2023-08-08 09:42:30,17,19,330,335
2023-08-08 09:42:42,17,20,330,335
2023-08-08 09:42:54,18,20,330,335
2023-08-08 09:42:56,18,21,330,335
2023-08-08 09:43:35,19,21,330,335
2023-08-08 09:43:36,19,21,330,385
2023-08-08 09:44:05,20,21,330,385
2023-08-08 09:44:06,20,22,330,385
2023-08-08 09:44:09,21,22,330,385
2023-08-08 09:44:12,21,23,330,385
2023-08-08 09:44:20,22,23,330,385
2023-08-08 09:44:21,22,24,330,385
2023-08-08 09:44:31,23,24,330,385
2023-08-08 09:44:40,22,24,330,385
2023-08-08 09:45:00,21,24,330,385
2023-08-08 09:45:01,22,24,330,385
2023-08-08 09:45:10,23,24,330,385
2023-08-08 09:45:15,23,25,330,385
2023-08-08 09:45:22,24,25,330,385
2023-08-08 09:45:28,24,26,330,385
2023-08-08 09:46:02,25,26,330,385
2023-08-08 09:46:06,24,26,330,385
2023-08-08 09:46:55,23,26,330,385
2023-08-08 09:46:59,23,26,330,385
2023-08-08 09:47:05,23,25,330,385
2023-08-08 09:47:06,23,26,330,385
2023-08-08 09:47:07,23,25,330,385
2023-08-08 09:47:13,22,25,330,385
2023-08-08 09:47:30,23,25,330,385
2023-08-08 09:47:31,22,25,330,385
2023-08-08 09:47:34,23,25,330,385
2023-08-08 09:47:36,23,26,330,385
2023-08-08 09:48:02,24,26,330,385
2023-08-08 09:48:04,25,26,330,385
2023-08-08 09:48:44,25,27,330,385
2023-08-08 09:49:08,26,27,330,385
2023-08-08 09:49:18,26,28,330,385
2023-08-08 09:49:39,27,28,330,385
2023-08-08 09:49:44,27,29,330,385
2023-08-08 09:50:08,28,29,330,385
2023-08-08 09:50:11,28,30,330,385
2023-08-08 09:50:12,28,29,330,385
2023-08-08 09:50:12,28,29,340,425
2023-08-08 09:50:12,28,30,340,425
2023-08-08 09:51:48,27,30,340,425
2023-08-08 09:51:56,27,29,340,425
2023-08-08 09:52:06,27,30,340,425
2023-08-08 09:52:07,28,30,340,425
2023-08-08 09:52:37,27,30,340,425
2023-08-08 09:52:45,28,30,340,425
2023-08-08 09:53:19,27,30,340,425
2023-08-08 09:54:05,28,30,340,425
2023-08-08 09:54:11,27,30,340,425
2023-08-08 09:54:11,28,30,340,425
2023-08-08 09:54:17,27,30,340,425
2023-08-08 09:55:14,28,30,340,425
2023-08-08 09:55:15,27,30,340,425
2023-08-08 09:55:35,27,29,340,425
2023-08-08 09:56:08,27,30,340,425
2023-08-08 09:56:31,27,29,340,425
2023-08-08 09:57:11,27,30,340,425
2023-08-08 09:57:12,27,29,340,425
2023-08-08 09:57:13,27,30,340,425
2023-08-08 09:58:05,28,30,340,425
2023-08-08 09:58:11,27,30,340,425
2023-08-08 09:58:13,28,30,340,425
2023-08-08 09:58:14,27,30,340,425
2023-08-08 09:58:29,28,30,340,425
2023-08-08 09:59:06,29,30,340,425
2023-08-08 09:59:29,29,30,341,426
2023-08-08 10:00:16,28,30,341,426
2023-08-08 10:01:39,30,31,343,428
2023-08-08 10:01:39,29,31,541,626
2023-08-08 10:01:50,30,31,541,626
2023-08-08 10:01:54,30,32,541,626
2023-08-08 10:02:33,29,32,541,626
2023-08-08 10:02:34,29,31,541,626
2023-08-08 10:03:15,29,32,541,626
2023-08-08 10:03:58,29,31,541,626
2023-08-08 10:04:12,28,31,541,626
2023-08-08 10:04:20,28,30,541,626
2023-08-08 10:05:08,27,30,541,626
2023-08-08 10:05:15,27,29,541,626
2023-08-08 10:05:17,27,28,541,626
2023-08-08 10:05:19,27,28,541,706
2023-08-08 10:05:21,26,28,541,706
2023-08-08 10:06:04,27,28,541,706
2023-08-08 10:06:09,27,29,541,706
2023-08-08 10:06:11,27,30,541,706
2023-08-08 10:06:14,28,30,541,706
2023-08-08 10:06:17,27,30,541,706
2023-08-08 10:06:22,27,29,541,706
2023-08-08 10:06:23,27,30,541,706
2023-08-08 10:06:29,27,29,541,706
2023-08-08 10:07:10,26,29,541,706
2023-08-08 10:07:21,27,29,541,706
2023-08-08 10:07:33,26,29,541,706
2023-08-08 10:07:46,27,29,541,706
2023-08-08 10:08:06,27,30,541,706
2023-08-08 10:08:08,27,29,541,706
2023-08-08 10:08:24,27,30,541,706
2023-08-08 10:08:55,28,30,541,706
2023-08-08 10:09:05,27,30,541,706
2023-08-08 10:10:03,28,30,541,706
2023-08-08 10:10:04,28,31,541,706
2023-08-08 10:10:21,29,31,541,706
2023-08-08 10:10:45,29,32,541,706
2023-08-08 10:10:46,30,32,541,706
2023-08-08 10:13:01,29,32,541,706
2023-08-08 10:13:16,30,32,541,706
2023-08-08 10:13:34,29,32,541,706
2023-08-08 10:13:49,29,31,541,706
2023-08-08 10:14:09,29,32,541,706
2023-08-08 10:14:14,30,32,541,706
2023-08-08 10:17:27,31,32,541,706
2023-08-08 10:17:32,31,32,541,856
2023-08-08 10:18:05,30,32,541,856
2023-08-08 10:19:58,31,32,541,856
2023-08-08 10:20:27,30,32,941,1256
2023-08-08 10:21:14,31,32,941,1256
2023-08-08 10:22:10,31,33,891,1306
2023-08-08 10:23:51,30,33,891,1306
2023-08-08 10:23:54,30,32,891,1306
2023-08-08 10:24:03,30,33,891,1306
2023-08-08 10:24:11,30,32,891,1306
2023-08-08 10:24:46,30,33,891,1306
2023-08-08 10:25:21,31,33,891,1306
2023-08-08 10:26:18,30,33,891,1306
2023-08-08 10:26:18,30,32,891,1306
2023-08-08 10:27:22,29,32,891,1306
2023-08-08 10:27:22,30,32,891,1306
2023-08-08 10:27:31,30,31,891,1306
2023-08-08 10:27:46,29,31,891,1306
2023-08-08 10:28:10,29,31,891,1506
2023-08-08 10:29:25,28,31,1491,2106
2023-08-08 10:29:26,28,30,1491,2106
2023-08-08 10:29:33,28,31,1491,2106
2023-08-08 10:29:33,28,30,1491,2106
2023-08-08 10:30:11,28,31,1491,2106
2023-08-08 10:30:14,29,31,1491,2106
2023-08-08 10:30:22,30,31,1491,2106
2023-08-08 10:30:54,30,32,1491,2106
2023-08-08 10:31:13,30,31,1491,2106
2023-08-08 10:31:20,29,31,1491,2106
2023-08-08 10:31:30,29,32,1491,2106
2023-08-08 10:31:35,30,32,1491,2106
2023-08-08 10:31:44,30,33,1491,2106
2023-08-08 10:32:13,31,33,1491,2106
2023-08-08 10:34:07,32,33,1491,2106
2023-08-08 10:34:46,31,33,1491,2106
2023-08-08 10:35:58,32,33,1491,2106
2023-08-08 10:36:35,32,34,1296,2306
2023-08-08 10:37:41,33,34,1296,2306
2023-08-08 10:38:07,32,34,1296,2306
2023-08-08 10:39:12,31,34,1296,2306
2023-08-08 10:39:13,32,34,1296,2306
2023-08-08 10:39:36,32,33,1296,2306
2023-08-08 10:39:36,31,33,1296,2306
2023-08-08 10:40:03,31,32,1296,2306
2023-08-08 10:40:03,30,32,1296,2306
2023-08-08 10:40:24,30,33,1296,2306
2023-08-08 10:40:42,31,33,1296,2306
2023-08-08 10:40:47,31,34,1296,2306
2023-08-08 10:40:48,32,34,1296,2306
2023-08-08 10:41:11,32,33,1296,2306
2023-08-08 10:41:19,32,34,1296,2306
2023-08-08 10:41:45,32,33,1296,2306
2023-08-08 10:41:46,31,33,1296,2306
2023-08-08 10:42:15,30,33,1296,2306
2023-08-08 10:42:15,31,33,1296,2306
2023-08-08 10:42:18,30,31,1596,2606
2023-08-08 10:42:23,30,33,1796,2806
2023-08-08 10:42:40,31,33,1796,2806
2023-08-08 10:42:41,30,33,1796,2806
2023-08-08 10:42:42,31,33,1796,2806
2023-08-08 10:42:46,30,33,1796,2806
2023-08-08 10:43:07,31,33,1796,2806
2023-08-08 10:43:10,30,33,1796,2806
2023-08-08 10:44:11,30,32,1796,2806
2023-08-08 10:45:06,30,33,1796,2806
2023-08-08 10:45:06,30,32,1796,2806
2023-08-08 10:45:43,30,33,1796,2806
2023-08-08 10:45:45,31,33,1796,2806
2023-08-08 10:46:09,31,34,1796,2806
2023-08-08 10:46:14,32,34,1796,2806
2023-08-08 10:46:52,33,34,1796,2806
2023-08-08 10:46:58,33,35,1796,2806
2023-08-08 10:48:05,34,35,1796,2806
2023-08-08 10:50:21,33,35,1796,2806
2023-08-08 10:51:40,34,35,1796,2806
2023-08-08 10:51:49,34,35,1796,2906
2023-08-08 10:51:50,34,36,1796,2906
2023-08-08 10:51:52,35,36,1796,2906
2023-08-08 10:52:07,35,36,1796,3006
2023-08-08 10:52:24,35,37,1796,3106
2023-08-08 10:53:20,36,37,1796,3106
2023-08-08 10:53:24,35,37,1796,3106
2023-08-08 10:53:24,36,37,1796,3106
2023-08-08 10:54:14,35,37,1796,3106
2023-08-08 10:54:59,34,37,1796,3106
2023-08-08 10:54:59,35,37,1796,3106
2023-08-08 10:55:53,36,37,1796,3106
2023-08-08 10:56:07,35,37,1796,3106
2023-08-08 10:56:08,36,37,1796,3106
2023-08-08 10:56:23,36,38,1796,3306
2023-08-08 10:57:50,37,38,1796,3306
2023-08-08 11:00:17,37,38,1796,3406
2023-08-08 11:00:35,37,38,1906,3606
2023-08-08 11:00:54,37,39,1906,3606
2023-08-08 11:01:59,37,39,2296,4106
2023-08-08 11:07:12,37,38,2296,4106
2023-08-08 11:07:47,37,38,2296,4356
2023-08-08 11:07:48,37,38,2296,4606
2023-08-08 11:07:50,37,38,2296,4856
2023-08-08 11:07:51,37,39,2296,5006
2023-08-08 11:08:36,38,39,2296,5006
2023-08-08 11:08:41,37,39,2296,5006
2023-08-08 11:08:42,38,39,2296,5006
2023-08-08 11:09:13,37,39,2296,5006
2023-08-08 11:09:36,37,39,2296,5031
2023-08-08 11:09:48,38,39,2296,5031
2023-08-08 11:10:47,37,39,2296,5031
2023-08-08 11:10:48,38,39,2296,5031
2023-08-08 11:11:04,37,39,2296,5031
2023-08-08 11:11:05,38,39,2296,5031
2023-08-08 11:12:11,37,39,2296,5031
2023-08-08 11:12:12,38,39,2296,5031
2023-08-08 11:13:12,37,39,2296,5031
2023-08-08 11:13:12,38,39,2296,5031
2023-08-08 11:13:27,37,39,2296,5031
2023-08-08 11:13:28,38,39,2296,5031
2023-08-08 11:13:40,37,39,2296,5031
2023-08-08 11:13:41,38,39,2296,5031
2023-08-08 11:14:05,37,39,2296,5031
2023-08-08 11:16:01,37,39,2296,5281
2023-08-08 11:16:02,37,40,2296,5281
2023-08-08 11:16:02,38,40,2296,5281
2023-08-08 11:17:06,39,40,2296,5281
2023-08-08 11:27:09,40,41,2302,5287
2023-08-08 11:29:13,38,40,2306,5291
2023-08-08 11:29:24,38,41,2306,5291
2023-08-08 11:29:24,38,40,2306,5291
2023-08-08 11:29:39,37,40,2306,5291
2023-08-08 11:30:00,38,40,2306,5291
2023-08-08 11:30:08,37,40,2306,5291
2023-08-08 11:30:11,38,40,2306,5291
2023-08-08 11:30:14,38,41,2306,5291
2023-08-08 11:30:14,38,40,2306,5291
2023-08-08 11:30:53,37,40,2306,5291
2023-08-08 11:30:59,37,39,2306,5291
2023-08-08 11:31:04,38,39,2306,5291
2023-08-08 11:31:05,38,40,2306,5291
2023-08-08 11:31:13,37,40,2306,5291
2023-08-08 11:31:19,37,39,2306,5291
2023-08-08 11:31:24,38,39,2306,5291
2023-08-08 11:31:31,37,39,2306,5291
2023-08-08 11:31:36,38,39,2306,5291
2023-08-08 11:31:39,38,40,2306,5291
2023-08-08 11:31:43,38,41,2306,5291
2023-08-08 11:31:43,38,40,2306,5291
2023-08-08 11:32:25,37,40,2306,5291
2023-08-08 11:32:29,38,40,2306,5291
2023-08-08 11:32:32,37,40,2306,5291
2023-08-08 11:32:33,38,40,2306,5291
2023-08-08 11:32:56,37,40,2306,5291
2023-08-08 11:32:57,38,40,2306,5291
2023-08-08 11:33:09,38,41,2306,5291
2023-08-08 11:33:09,38,40,2306,5291
2023-08-08 11:33:25,39,40,2306,5291
2023-08-08 11:33:25,39,41,2306,5291
2023-08-08 11:35:35,38,41,2306,5291
2023-08-08 11:35:41,39,41,2306,5291
2023-08-08 11:36:37,38,41,2306,5291
2023-08-08 11:37:17,38,40,2306,5291
2023-08-08 11:37:59,37,40,2306,5291
2023-08-08 11:38:13,38,40,2306,5291
2023-08-08 11:38:27,37,40,2306,5291
2023-08-08 11:38:48,37,39,2306,5291
2023-08-08 11:39:17,38,39,2306,5291
2023-08-08 11:39:18,37,39,2306,5291
2023-08-08 11:39:21,38,39,2306,5291
2023-08-08 11:39:30,37,39,2306,5291
2023-08-08 11:39:32,38,39,2306,5291
2023-08-08 11:39:35,37,39,2506,5491
2023-08-08 11:39:41,37,40,2506,5491
2023-08-08 11:39:42,38,40,2506,5491
2023-08-08 11:39:44,37,40,2506,5491
2023-08-08 11:40:17,38,40,2506,5491
2023-08-08 11:40:23,38,41,2506,5491
2023-08-08 11:40:24,38,40,2506,5491
2023-08-08 11:41:19,39,40,2506,5491
2023-08-08 11:41:19,39,41,2506,5491
2023-08-08 11:41:49,40,41,2506,5491
2023-08-08 11:42:17,40,42,2506,5491
2023-08-08 11:42:33,41,42,2506,5491
2023-08-08 11:43:30,40,42,2506,5491
2023-08-08 11:43:49,41,42,2506,5491
2023-08-08 11:44:57,40,42,2506,5491
2023-08-08 11:45:03,41,42,2506,5491
2023-08-08 11:54:49,41,43,2506,5491
2023-08-08 12:00:04,42,43,2506,5491
2023-08-08 12:00:04,42,43,2562,5551
2023-08-08 12:00:51,42,43,2622,5611
2023-08-08 12:02:56,41,43,2622,5611
2023-08-08 12:03:30,42,43,2622,5611
2023-08-08 12:03:33,41,43,2622,5611
2023-08-08 12:05:48,40,43,2622,5611
2023-08-08 12:06:03,41,43,2622,5611
2023-08-08 12:06:24,40,43,2622,5611
2023-08-08 12:06:24,41,43,2622,5611
2023-08-08 12:06:44,40,43,2622,5611
2023-08-08 12:07:26,40,42,2622,5611
2023-08-08 12:08:03,40,43,2622,5611
2023-08-08 12:08:04,40,42,2622,5611
2023-08-08 12:08:50,40,43,2622,5611
2023-08-08 12:08:51,40,42,2622,5611
2023-08-08 12:09:21,40,41,2622,5611
2023-08-08 12:09:22,39,41,2622,5611
2023-08-08 12:09:34,39,42,2622,5611
2023-08-08 12:09:51,39,41,2622,5611
2023-08-08 12:10:06,39,42,2622,5611
2023-08-08 12:10:16,40,42,2622,5611
2023-08-08 12:10:17,39,42,2622,5611
2023-08-08 12:10:19,40,42,2622,5611
2023-08-08 12:10:25,40,43,2622,5611
2023-08-08 12:10:32,40,42,2622,5611
2023-08-08 12:10:35,40,43,2622,5611
2023-08-08 12:10:38,40,42,2622,5611
2023-08-08 12:10:46,39,42,2622,5611
2023-08-08 12:11:42,39,41,2622,5611
2023-08-08 12:11:50,39,42,2622,5611
2023-08-08 12:11:57,39,41,2622,5611
2023-08-08 12:12:14,39,42,2622,5611
2023-08-08 12:12:42,40,42,2622,5611
2023-08-08 12:12:42,40,43,2622,5611
2023-08-08 12:12:53,40,42,2622,5611
2023-08-08 12:13:00,39,42,2622,5611
2023-08-08 12:13:17,40,42,2622,5611
2023-08-08 12:13:18,39,42,2622,5611
2023-08-08 12:13:26,39,42,2622,5613
2023-08-08 12:14:02,39,42,2622,5615
2023-08-08 12:14:02,39,41,2622,5615
2023-08-08 12:15:09,39,40,2622,5615
2023-08-08 12:15:10,39,41,2622,5615
2023-08-08 12:15:15,39,40,2622,5615
2023-08-08 12:15:43,38,40,2622,5615
2023-08-08 12:15:43,38,39,2622,5615
2023-08-08 12:15:51,38,40,2622,5615
2023-08-08 12:16:11,38,39,2622,5615
2023-08-08 12:16:32,38,40,2622,5615
2023-08-08 12:16:46,38,41,2622,5615
2023-08-08 12:16:56,38,40,2622,5615
2023-08-08 12:18:17,38,39,2622,5615
2023-08-08 12:18:26,38,40,2622,5615
2023-08-08 12:19:09,38,39,2622,5615
2023-08-08 12:19:11,37,39,2622,5615
2023-08-08 12:20:08,37,40,2622,5615
2023-08-08 12:20:40,38,40,2622,5615
2023-08-08 12:21:02,39,40,2622,5615
2023-08-08 12:21:05,38,40,2622,5615
2023-08-08 12:22:34,39,40,2622,5615
2023-08-08 12:23:04,39,40,2822,5815
2023-08-08 12:23:18,38,40,2822,5815
2023-08-08 12:23:46,37,40,2822,5815
2023-08-08 12:23:53,38,40,2822,5815
2023-08-08 12:23:54,37,40,2822,5815
2023-08-08 12:23:55,38,40,2822,5815
2023-08-08 12:23:56,37,40,2822,5815
2023-08-08 12:24:16,38,40,2822,5815
2023-08-08 12:24:25,37,40,2822,5815
2023-08-08 12:24:49,38,40,2822,5815
2023-08-08 12:25:19,37,40,2822,5815
2023-08-08 12:25:22,38,40,2822,5815
2023-08-08 12:25:58,37,40,2822,5815
2023-08-08 12:26:00,38,40,2822,5815
2023-08-08 12:26:01,37,40,2822,5815
2023-08-08 12:26:09,38,40,2822,5815
2023-08-08 12:26:14,37,40,2822,5815
2023-08-08 12:26:17,38,40,2822,5815
2023-08-08 12:26:18,37,40,2822,5815
2023-08-08 12:26:31,37,39,2822,5815
2023-08-08 12:26:36,37,40,2822,5815
2023-08-08 12:26:39,38,40,2822,5815
2023-08-08 12:26:44,37,40,2822,5815
2023-08-08 12:26:45,38,40,2822,5815
2023-08-08 12:27:08,39,40,2822,5815
2023-08-08 12:30:51,38,40,2822,5815
2023-08-08 12:31:12,37,40,2822,5815
2023-08-08 12:31:16,38,40,2822,5815
2023-08-08 12:31:41,37,40,2822,5815
2023-08-08 12:31:41,37,39,2822,5815
2023-08-08 12:32:11,37,40,2822,5815
2023-08-08 12:32:11,37,38,2822,5815
2023-08-08 12:32:14,36,38,3166,6215
2023-08-08 12:32:37,36,37,3166,6215
2023-08-08 12:32:43,35,37,3166,6215
2023-08-08 12:32:53,35,36,3166,6215
2023-08-08 12:32:53,34,36,3166,6215
2023-08-08 12:33:06,34,37,3166,6215
2023-08-08 12:33:08,36,37,3166,6215
2023-08-08 12:33:31,34,36,3066,6315
2023-08-08 12:33:31,35,36,3066,6315
2023-08-08 12:34:03,35,37,3066,6315
2023-08-08 12:34:06,35,36,3066,6315
2023-08-08 12:34:13,34,36,3066,6315
2023-08-08 12:34:13,35,36,3066,6315
2023-08-08 12:35:14,34,36,3066,6315
2023-08-08 12:35:23,34,35,3066,6315
2023-08-08 12:35:31,33,35,3066,6315
2023-08-08 12:36:17,34,35,3066,6315
2023-08-08 12:36:21,34,36,3066,6315
2023-08-08 12:36:23,35,36,3066,6315
2023-08-08 12:36:27,35,37,3066,6315
2023-08-08 12:36:36,36,37,3066,6315
2023-08-08 12:36:40,36,38,3066,6315
2023-08-08 12:36:54,37,38,3066,6315
2023-08-08 12:37:07,35,38,3066,6315
2023-08-08 12:37:07,36,38,3066,6315
2023-08-08 12:37:08,36,37,3066,6315
2023-08-08 12:37:23,36,38,3066,6315
2023-08-08 12:37:41,36,39,3066,6764
2023-08-08 12:38:09,36,40,3066,6764
2023-08-08 12:38:09,37,40,3066,6764
2023-08-08 12:38:26,38,40,3066,6764
2023-08-08 12:39:29,39,40,3066,6764
2023-08-08 12:39:38,38,40,3066,6764
2023-08-08 12:39:45,39,40,3066,6764
2023-08-08 12:39:53,38,40,3066,6764
2023-08-08 12:41:47,39,40,3066,6764
2023-08-08 12:42:08,39,40,3316,7014
2023-08-08 12:42:12,39,40,3716,7414
2023-08-08 12:42:12,39,41,3916,7614
2023-08-08 12:42:12,40,41,3916,7614
2023-08-08 12:42:21,40,43,4066,7764
2023-08-08 12:42:25,40,44,4066,8330
2023-08-08 12:42:26,41,44,4066,8330
2023-08-08 12:42:49,42,44,4066,8330
2023-08-08 12:42:52,41,44,4066,8330
2023-08-08 12:43:12,41,43,4066,8330
2023-08-08 12:43:56,41,44,4066,8330
2023-08-08 12:44:04,42,44,4066,8330
2023-08-08 12:44:14,41,44,4066,8330
2023-08-08 12:44:56,42,44,4066,8330
2023-08-08 12:48:20,42,45,4066,8330
2023-08-08 12:48:50,42,44,4066,8330
2023-08-08 12:49:02,41,44,4066,8330
2023-08-08 12:49:22,42,44,4066,8330
2023-08-08 12:49:25,42,45,4066,8330
2023-08-08 12:52:29,43,45,4066,8330
2023-08-08 12:52:51,43,46,4066,8330
2023-08-08 12:55:13,43,45,4066,8330
2023-08-08 12:55:14,43,46,4066,8330
2023-08-08 12:55:15,43,45,4066,8330
2023-08-08 12:55:21,42,45,4066,8330
2023-08-08 12:56:10,43,45,4066,8330
2023-08-08 12:56:12,42,45,4066,8330
2023-08-08 12:56:18,42,46,4066,8330
2023-08-08 12:56:18,43,46,4066,8330
2023-08-08 12:56:44,43,45,4066,8330
2023-08-08 12:56:44,42,45,4066,8330
2023-08-08 12:57:00,42,46,4066,8330
2023-08-08 12:57:00,43,46,4066,8330
2023-08-08 12:57:06,43,45,4066,8330
2023-08-08 12:57:13,43,46,4066,8330
2023-08-08 12:57:14,43,45,4066,8330
2023-08-08 12:57:17,43,46,4066,8330
2023-08-08 12:57:19,43,45,4066,8330
2023-08-08 12:57:23,43,46,4066,8330
2023-08-08 12:57:24,43,45,4066,8330
2023-08-08 12:57:25,43,46,4066,8330
2023-08-08 12:58:18,43,45,4066,8330
2023-08-08 12:58:20,42,45,4066,8330
2023-08-08 12:58:50,42,44,4066,8330
2023-08-08 12:58:54,41,44,4066,8330
2023-08-08 12:59:24,41,45,4066,8330
2023-08-08 12:59:38,41,44,4066,8330
2023-08-08 12:59:41,41,43,4066,8330
2023-08-08 13:00:12,41,44,4066,8330
2023-08-08 13:00:15,41,43,4066,8330
2023-08-08 13:00:21,40,43,4066,8330
2023-08-08 13:01:06,40,42,4066,8330
2023-08-08 13:01:12,39,42,4066,8330
2023-08-08 13:01:22,39,41,4066,8330
2023-08-08 13:01:24,39,42,4066,8330
2023-08-08 13:01:29,39,41,4066,8330
2023-08-08 13:01:30,39,42,4066,8330
2023-08-08 13:01:37,39,41,4066,8330
2023-08-08 13:01:40,38,41,4066,8330
2023-08-08 13:01:46,38,40,4066,8330
2023-08-08 13:01:46,37,40,4066,8330
2023-08-08 13:01:46,38,40,4066,8330
2023-08-08 13:01:47,37,40,4066,8330
2023-08-08 13:01:48,37,39,4066,8330
2023-08-08 13:02:05,37,40,4066,8330
2023-08-08 13:02:06,37,39,4066,8330
2023-08-08 13:02:08,37,39,4066,8680
2023-08-08 13:02:27,37,38,4066,8680
2023-08-08 13:02:38,36,38,4066,8680
2023-08-08 13:02:38,37,38,4066,8680
2023-08-08 13:03:05,37,39,4066,8680
2023-08-08 13:03:06,38,39,4066,8680
2023-08-08 13:03:17,36,39,4066,8680
2023-08-08 13:03:17,37,39,4066,8680
2023-08-08 13:03:18,37,38,4066,8680
2023-08-08 13:05:08,37,39,4066,8680
2023-08-08 13:05:14,37,38,4066,8680
2023-08-08 13:05:34,37,39,4066,8680
2023-08-08 13:05:34,36,39,4066,8680
2023-08-08 13:05:34,37,39,4066,8680
2023-08-08 13:05:38,37,40,4066,8680
2023-08-08 13:05:38,38,40,4066,8680
2023-08-08 13:05:45,38,41,4066,8680
2023-08-08 13:05:45,39,41,4066,8680
2023-08-08 13:06:14,39,42,4066,8680
2023-08-08 13:06:14,40,42,4066,8680
2023-08-08 13:06:24,40,43,4066,8680
2023-08-08 13:06:24,41,43,4066,8680
2023-08-08 13:06:44,41,42,4066,8680
2023-08-08 13:06:44,40,42,4066,8680
2023-08-08 13:06:49,40,43,4066,8680
2023-08-08 13:06:50,41,43,4066,8680
2023-08-08 13:07:06,41,42,4066,8680
2023-08-08 13:07:09,40,42,4066,8680
2023-08-08 13:07:17,40,43,4066,8680
2023-08-08 13:07:26,40,42,4066,8680
2023-08-08 13:07:54,39,42,4066,8680
2023-08-08 13:07:54,40,42,4066,8680
2023-08-08 13:07:55,40,41,4066,8680
2023-08-08 13:07:58,40,42,4066,8680
2023-08-08 13:08:25,40,43,4066,8680
2023-08-08 13:08:25,41,43,4066,8680
2023-08-08 13:08:42,41,43,4066,8830
2023-08-08 13:08:43,40,43,4066,8830
2023-08-08 13:08:43,41,43,4066,8830
2023-08-08 13:08:49,41,42,4066,8830
2023-08-08 13:09:39,41,43,4066,8830
2023-08-08 13:09:44,40,43,4066,8830
2023-08-08 13:09:44,41,43,4066,8830
2023-08-08 13:10:20,42,43,4066,8830
2023-08-08 13:10:41,42,43,4522,9286
2023-08-08 13:10:46,42,43,4522,9486
2023-08-08 13:10:50,42,43,4722,9686
2023-08-08 13:11:17,42,43,4722,9786
2023-08-08 13:11:38,43,44,4766,9830
2023-08-08 13:11:39,42,44,4766,9830
2023-08-08 13:11:50,41,44,4766,9830
2023-08-08 13:11:50,42,44,4766,9830
2023-08-08 13:11:59,41,44,4766,9830
2023-08-08 13:11:59,42,44,4766,9830
2023-08-08 13:12:03,42,45,4966,10379
2023-08-08 13:12:05,43,45,4966,10379
2023-08-08 13:12:12,43,44,4966,10379
2023-08-08 13:12:13,42,44,4966,10379
2023-08-08 13:12:22,42,45,4966,10379
2023-08-08 13:12:22,42,43,4966,10379
2023-08-08 13:12:22,41,43,4966,10379
2023-08-08 13:12:22,42,43,4966,10379
2023-08-08 13:12:31,41,43,4966,10379
2023-08-08 13:12:32,41,45,4966,10379
2023-08-08 13:12:32,41,42,4966,10379
2023-08-08 13:13:24,40,42,4966,10379
2023-08-08 13:13:24,40,41,4966,10379
2023-08-08 13:13:27,40,42,4966,10379
2023-08-08 13:13:54,40,41,4966,10379
2023-08-08 13:13:59,40,42,4966,10379
2023-08-08 13:14:07,40,41,4966,10379
2023-08-08 13:14:46,39,41,4966,10379
2023-08-08 13:14:46,40,41,4966,10379
2023-08-08 13:14:58,38,41,4966,10379
2023-08-08 13:14:58,39,41,4966,10379
2023-08-08 13:14:59,39,40,4966,10379
2023-08-08 13:15:05,38,40,4966,10379
2023-08-08 13:15:09,38,41,4966,10379
2023-08-08 13:15:09,38,39,4966,10379
2023-08-08 13:15:14,37,39,4966,10379
2023-08-08 13:15:28,37,38,4966,10379
2023-08-08 13:15:34,36,38,4966,10379
2023-08-08 13:15:34,37,38,4966,10379
2023-08-08 13:15:53,35,38,4966,10379
2023-08-08 13:15:53,36,38,4966,10379
2023-08-08 13:15:54,36,37,4966,10379
2023-08-08 13:15:56,35,37,4966,10379
2023-08-08 13:15:57,35,36,4966,10379
2023-08-08 13:16:01,34,36,4966,10379
2023-08-08 13:16:01,35,36,4966,10379
2023-08-08 13:16:09,33,36,4766,10579
2023-08-08 13:16:09,33,35,4766,10579
2023-08-08 13:16:09,33,36,4766,10579
2023-08-08 13:16:09,32,36,4766,10579
2023-08-08 13:16:09,32,34,4766,10579
2023-08-08 13:16:12,32,35,4766,10579
2023-08-08 13:16:12,32,33,4766,10579
2023-08-08 13:16:15,32,35,4766,10579
2023-08-08 13:16:15,32,34,4766,10579
2023-08-08 13:16:24,32,35,4766,10579
2023-08-08 13:16:24,32,33,4766,10579
2023-08-08 13:16:24,32,36,5011,11179
2023-08-08 13:16:24,33,36,5011,11179
2023-08-08 13:16:50,34,36,5011,11179
2023-08-08 13:16:53,33,36,5011,11179
2023-08-08 13:17:02,33,35,5011,11179
2023-08-08 13:17:02,32,35,5011,11179
2023-08-08 13:17:02,32,34,5011,11179
2023-08-08 13:17:15,32,33,5011,11179
2023-08-08 13:17:25,31,34,5011,11179
2023-08-08 13:17:28,32,34,5011,11179
2023-08-08 13:17:32,32,33,5011,11179
2023-08-08 13:17:32,31,33,5011,11179
2023-08-08 13:18:10,30,33,5011,11179
2023-08-08 13:18:10,32,33,5011,11179
2023-08-08 13:18:11,32,34,5011,11179
2023-08-08 13:18:11,30,34,4812,11378
2023-08-08 13:18:13,31,34,4812,11378
2023-08-08 13:18:23,31,35,4812,11378
2023-08-08 13:18:40,32,35,4812,11378
2023-08-08 13:18:57,32,36,4812,11378
2023-08-08 13:19:16,33,36,4812,11378
2023-08-08 13:19:21,33,37,4812,11378
2023-08-08 13:19:31,33,36,4812,11378
2023-08-08 13:19:40,33,37,4812,11378
2023-08-08 13:19:45,34,37,4812,11378
2023-08-08 13:19:46,33,37,4812,11378
2023-08-08 13:19:55,33,36,4812,11378
2023-08-08 13:20:06,32,36,4812,11378
2023-08-08 13:20:18,33,36,4812,11378
2023-08-08 13:20:31,32,36,4812,11378
2023-08-08 13:20:35,32,35,4812,11378
2023-08-08 13:20:42,32,36,4812,11378
2023-08-08 13:20:50,33,36,4812,11378
2023-08-08 13:21:00,32,36,4812,11378
2023-08-08 13:21:03,32,35,4812,11378
2023-08-08 13:21:21,31,35,4812,11378
2023-08-08 13:21:26,32,35,4812,11378
2023-08-08 13:21:47,32,36,4812,11378
2023-08-08 13:21:58,33,36,4812,11378
2023-08-08 13:22:17,32,36,4812,11378
2023-08-08 13:22:23,32,35,4812,11378
2023-08-08 13:22:39,31,35,4812,11378
2023-08-08 13:22:41,32,35,4812,11378
2023-08-08 13:22:46,31,35,4812,11378
2023-08-08 13:22:46,31,34,4812,11378
2023-08-08 13:23:02,31,35,4812,11378
2023-08-08 13:23:05,32,35,4812,11378
2023-08-08 13:23:11,32,36,4812,11378
2023-08-08 13:23:24,33,36,4812,11378
2023-08-08 13:23:29,33,37,4812,11378
2023-08-08 13:23:41,34,37,4812,11378
2023-08-08 13:23:49,34,38,4812,11378
2023-08-08 13:24:10,34,37,4812,11378
2023-08-08 13:24:19,34,38,4812,11378
2023-08-08 13:24:24,35,38,4812,11378
2023-08-08 13:24:26,35,39,4812,11378
2023-08-08 13:24:33,36,39,4812,11378
2023-08-08 13:24:37,37,39,4812,11378
2023-08-08 13:24:44,37,40,4812,11378
2023-08-08 13:25:26,37,41,4812,11378
2023-08-08 13:25:27,38,41,4812,11378
2023-08-08 13:25:28,38,42,4812,11378
2023-08-08 13:25:28,38,41,4812,11378
2023-08-08 13:25:30,39,41,4812,11378
2023-08-08 13:25:33,39,42,4812,11378
2023-08-08 13:25:34,40,42,4812,11378
2023-08-08 13:26:11,39,42,4812,11378
2023-08-08 13:26:20,38,42,4812,11378
2023-08-08 13:26:21,38,41,4812,11378
2023-08-08 13:26:37,39,41,4812,11378
2023-08-08 13:26:47,39,42,4812,11378
2023-08-08 13:26:56,40,42,4812,11378
2023-08-08 13:27:00,40,43,4812,11378
2023-08-08 13:27:17,41,43,4812,11378
2023-08-08 13:27:24,40,43,4812,11378
2023-08-08 13:27:33,39,43,4812,11378
2023-08-08 13:27:51,40,43,4812,11378
2023-08-08 13:27:58,39,43,4812,11378
2023-08-08 13:28:16,40,43,4812,11378
2023-08-08 13:28:50,39,43,4812,11378
2023-08-08 13:29:01,40,43,4812,11378
2023-08-08 13:29:04,40,41,4812,11378
2023-08-08 13:29:20,39,41,4812,11378
2023-08-08 13:29:23,38,41,4812,11378
2023-08-08 13:29:51,37,41,4812,11378
2023-08-08 13:30:00,38,41,4812,11378
2023-08-08 13:30:03,37,41,4812,11378
2023-08-08 13:30:07,37,40,4812,11378
2023-08-08 13:30:10,37,39,4812,11378
2023-08-08 13:30:17,37,39,4812,11528
2023-08-08 13:30:18,36,39,4812,11528
2023-08-08 13:30:18,36,38,4812,11528
2023-08-08 13:30:27,36,39,4812,11528
2023-08-08 13:30:27,36,37,4812,11528
2023-08-08 13:30:32,35,37,4812,11528
2023-08-08 13:30:33,36,37,4812,11528
2023-08-08 13:30:48,35,37,4812,11528
2023-08-08 13:30:48,35,38,4812,11528
2023-08-08 13:30:48,35,36,4812,11528
2023-08-08 13:30:49,34,36,4812,11528
2023-08-08 13:30:49,34,37,4812,11528
2023-08-08 13:30:49,34,35,4812,11528
2023-08-08 13:31:02,33,35,4812,11528
2023-08-08 13:31:14,33,36,4812,11528
2023-08-08 13:31:14,33,34,4812,11528
2023-08-08 13:31:17,33,36,4812,11528
2023-08-08 13:31:17,33,37,4812,11528
2023-08-08 13:31:17,33,35,4812,11528
2023-08-08 13:31:29,34,35,4812,11528
2023-08-08 13:31:29,34,37,4812,11528
2023-08-08 13:31:29,34,38,4812,11528
2023-08-08 13:31:29,34,36,4812,11528
2023-08-08 13:31:33,33,36,4812,11528
2023-08-08 13:31:42,35,36,4812,11528
2023-08-08 13:31:48,34,36,4812,11528
2023-08-08 13:31:48,33,36,4812,11528
2023-08-08 13:32:01,35,36,4812,11528
2023-08-08 13:32:22,35,38,4812,11528
2023-08-08 13:32:22,35,39,4812,11528
2023-08-08 13:32:22,35,37,4812,11528
2023-08-08 13:32:33,35,38,4812,11528
2023-08-08 13:32:33,35,36,4812,11528
2023-08-08 13:32:35,34,36,4812,11528
2023-08-08 13:32:35,33,36,4812,11528
2023-08-08 13:32:40,33,38,4812,11528
2023-08-08 13:32:40,33,37,4812,11528
2023-08-08 13:32:40,33,35,4812,11528
2023-08-08 13:33:37,33,37,4812,11528
2023-08-08 13:33:37,33,34,4812,11528
2023-08-08 13:34:09,33,36,4812,11528
2023-08-08 13:34:09,33,37,4812,11528
2023-08-08 13:34:09,33,35,4812,11528
2023-08-08 13:34:20,33,37,4812,11528
2023-08-08 13:34:20,33,38,4812,11528
2023-08-08 13:34:20,33,36,4812,11528
2023-08-08 13:34:20,35,36,4812,11528
2023-08-08 13:34:23,35,38,4812,11528
2023-08-08 13:34:23,35,39,4812,11528
2023-08-08 13:34:23,35,37,4812,11528
2023-08-08 13:34:25,36,37,4812,11528
2023-08-08 13:34:32,36,39,4812,11528
2023-08-08 13:34:32,36,38,4812,11528
2023-08-08 13:34:37,36,39,4812,11528
2023-08-08 13:34:37,36,37,4812,11528
2023-08-08 13:34:45,36,39,4812,11528
2023-08-08 13:34:45,36,38,4812,11528
2023-08-08 13:34:46,37,38,4812,11528
2023-08-08 13:34:54,37,39,4812,11528
2023-08-08 13:34:58,38,39,4812,11528
2023-08-08 13:35:05,38,39,4966,11728
2023-08-08 13:35:14,38,41,5066,11828
2023-08-08 13:35:14,39,41,5066,11828
2023-08-08 13:35:35,40,41,5066,11828
2023-08-08 13:36:23,40,41,5266,12028
2023-08-08 13:36:51,40,43,5466,12228
2023-08-08 13:36:51,40,44,5466,12228
2023-08-08 13:36:52,41,44,5466,12228
2023-08-08 13:37:00,42,44,5466,12228
2023-08-08 13:37:05,41,44,5466,12228
2023-08-08 13:37:12,40,44,5466,12228
2023-08-08 13:37:29,41,44,5466,12228
2023-08-08 13:37:37,40,44,5466,12228
2023-08-08 13:37:41,40,43,5466,12228
2023-08-08 13:37:43,39,43,5466,12228
2023-08-08 13:37:44,39,42,5466,12228
2023-08-08 13:37:58,38,42,5466,12228
2023-08-08 13:37:59,38,41,5466,12228
2023-08-08 13:38:06,37,41,5466,12228
2023-08-08 13:38:09,37,40,5466,12228
2023-08-08 13:38:22,36,40,5466,12228
2023-08-08 13:38:26,36,39,5466,12228
2023-08-08 13:38:41,36,38,5466,12228
2023-08-08 13:38:44,35,38,5466,12228
2023-08-08 13:39:13,35,37,5466,12228
2023-08-08 13:39:20,35,39,5466,12228
2023-08-08 13:39:20,35,38,5466,12228
2023-08-08 13:39:35,35,37,5466,12228
2023-08-08 13:39:40,34,37,5466,12228
2023-08-08 13:39:54,34,36,5466,12228
2023-08-08 13:39:58,33,36,5466,12228
2023-08-08 13:40:28,33,37,5466,12228
2023-08-08 13:40:28,33,35,5466,12228
2023-08-08 13:40:33,32,35,5466,12228
2023-08-08 13:40:39,32,34,5466,12228
2023-08-08 13:40:43,32,35,5466,12228
2023-08-08 13:40:55,32,34,5466,12228
2023-08-08 13:41:06,31,34,5466,12228
2023-08-08 13:41:13,31,33,5466,12228
2023-08-08 13:41:19,31,34,5466,12228
2023-08-08 13:41:34,32,34,5466,12228
2023-08-08 13:41:37,32,35,5466,12228
2023-08-08 13:42:03,33,35,5466,12228
2023-08-08 13:42:22,32,35,5466,12228
2023-08-08 13:42:22,32,34,5466,12228
2023-08-08 13:42:42,32,35,5466,12228
2023-08-08 13:42:55,32,34,5466,12228
2023-08-08 13:43:03,32,35,5466,12228
2023-08-08 13:43:06,33,35,5466,12228
2023-08-08 13:43:30,32,35,5466,12228
2023-08-08 13:43:49,33,35,5466,12228
2023-08-08 13:44:02,32,35,5466,12228
2023-08-08 13:44:13,32,34,5466,12228
2023-08-08 13:44:24,31,34,5466,12228
2023-08-08 13:44:57,32,34,5466,12228
2023-08-08 13:44:59,32,35,5466,12228
2023-08-08 13:45:01,33,35,5466,12228
2023-08-08 13:45:07,33,36,5466,12228
2023-08-08 13:45:08,34,36,5466,12228
2023-08-08 13:45:10,34,37,5466,12228
2023-08-08 13:45:14,34,36,5466,12228
2023-08-08 13:45:17,33,36,5466,12228
2023-08-08 13:45:21,33,35,5466,12228
2023-08-08 13:45:22,32,35,5466,12228
2023-08-08 13:45:31,32,34,5466,12228
2023-08-08 13:46:02,32,35,5466,12228
2023-08-08 13:46:26,33,35,5466,12228
2023-08-08 13:46:26,33,36,5466,12228
2023-08-08 13:46:37,33,37,5466,12228
2023-08-08 13:46:37,34,37,5466,12228
2023-08-08 13:46:49,34,37,5466,12378
2023-08-08 13:46:55,34,38,5466,12378
2023-08-08 13:46:58,35,38,5466,12378
2023-08-08 13:47:02,35,39,5466,12378
2023-08-08 13:47:08,36,39,5466,12378
2023-08-08 13:47:45,36,40,5466,12378
2023-08-08 13:47:52,36,39,5466,12378
2023-08-08 13:48:18,35,39,5466,12378
2023-08-08 13:48:19,35,38,5466,12378
2023-08-08 13:48:20,35,39,5466,12378
2023-08-08 13:48:22,36,39,5466,12378
2023-08-08 13:49:07,36,40,5466,12378
2023-08-08 13:49:07,37,40,5466,12378
2023-08-08 13:49:20,37,39,5466,12378
2023-08-08 13:49:20,36,39,5466,12378
2023-08-08 13:49:44,36,38,5466,12378
2023-08-08 13:49:44,35,38,5466,12378
2023-08-08 13:49:58,35,39,5466,12378
2023-08-08 13:50:01,36,39,5466,12378
2023-08-08 13:50:10,36,40,5466,12378
2023-08-08 13:50:13,36,39,5466,12378
2023-08-08 13:50:23,36,38,5466,12378
2023-08-08 13:50:23,35,38,5466,12378
2023-08-08 13:50:25,35,39,5466,12378
2023-08-08 13:50:26,35,38,5466,12378
2023-08-08 13:50:35,35,37,5466,12378
2023-08-08 13:50:35,34,37,5466,12378
2023-08-08 13:51:07,34,38,5466,12378
2023-08-08 13:51:11,35,38,5466,12378
2023-08-08 13:51:20,35,37,5466,12378
2023-08-08 13:51:21,34,37,5466,12378
2023-08-08 13:51:44,34,38,5466,12378
2023-08-08 13:51:45,35,38,5466,12378
2023-08-08 13:51:47,35,37,5466,12378
2023-08-08 13:51:47,34,37,5466,12378
2023-08-08 13:51:49,34,38,5466,12378
2023-08-08 13:51:52,34,37,5466,12378
2023-08-08 13:51:53,34,38,5466,12378
2023-08-08 13:51:54,34,37,5466,12378
2023-08-08 13:51:57,34,38,5466,12378
2023-08-08 13:52:01,35,38,5466,12378
2023-08-08 13:52:13,35,37,5466,12378
2023-08-08 13:52:15,34,37,5466,12378
2023-08-08 13:52:16,34,38,5466,12378
2023-08-08 13:52:17,34,37,5466,12378
2023-08-08 13:52:23,34,36,5466,12378
2023-08-08 13:52:23,33,36,5466,12378
2023-08-08 13:52:31,32,36,5466,12378
2023-08-08 13:52:33,32,35,5466,12378
2023-08-08 13:52:40,31,35,5466,12378
2023-08-08 13:52:51,31,34,5466,12378
2023-08-08 13:53:02,30,34,5466,12378
2023-08-08 13:53:03,30,33,5466,12378
2023-08-08 13:53:04,30,33,5469,12381
2023-08-08 13:53:04,30,32,5469,12381
2023-08-08 13:53:15,30,33,5469,12381
2023-08-08 13:53:15,29,33,5469,12381
2023-08-08 13:53:15,29,31,5469,12381
2023-08-08 13:53:18,29,33,5469,12384
2023-08-08 13:53:23,29,34,5469,12384
2023-08-08 13:53:23,29,31,5469,12384
2023-08-08 13:53:23,29,34,5469,12584
2023-08-08 13:53:49,30,34,5469,12584
2023-08-08 13:53:58,29,34,5469,12584
2023-08-08 13:54:05,29,34,5472,12587
2023-08-08 13:54:05,29,31,5472,12587
2023-08-08 13:54:13,29,32,5472,12587
2023-08-08 13:54:13,28,32,5472,12587
2023-08-08 13:54:13,28,30,5472,12587
2023-08-08 13:54:20,29,30,5472,12587
2023-08-08 13:54:20,29,31,5472,12587
2023-08-08 13:54:49,30,31,5472,12587
2023-08-08 13:54:49,30,34,5472,12587
2023-08-08 13:54:49,30,35,5472,12587
2023-08-08 13:54:49,30,32,5472,12587
2023-08-08 13:54:55,30,34,5472,12587
2023-08-08 13:54:55,29,34,5472,12587
2023-08-08 13:54:55,29,31,5472,12587
2023-08-08 13:54:56,29,34,5472,12587
2023-08-08 13:54:56,30,32,5472,12587
2023-08-08 13:55:01,30,35,5472,12587
2023-08-08 13:55:01,31,33,5472,12587
2023-08-08 13:55:04,31,35,5472,12587
2023-08-08 13:55:04,30,35,5472,12587
2023-08-08 13:55:04,30,32,5472,12587
2023-08-08 13:55:39,29,32,5472,12587
2023-08-08 13:55:44,29,34,5472,12587
2023-08-08 13:55:44,29,31,5472,12587
2023-08-08 13:55:44,29,34,5472,12590
2023-08-08 13:56:04,29,34,5475,12593
2023-08-08 13:56:04,29,31,5475,12593
2023-08-08 13:56:06,31,34,5472,12596
2023-08-08 13:56:11,31,35,5472,12596
2023-08-08 13:56:11,30,35,5472,12596
2023-08-08 13:56:11,32,35,5472,12596
2023-08-08 13:56:12,30,35,5472,12596
2023-08-08 13:56:12,33,35,5472,12596
2023-08-08 13:56:28,33,34,5472,12596
2023-08-08 13:56:28,30,34,5472,12596
2023-08-08 13:56:28,32,34,5472,12596
2023-08-08 13:56:32,32,35,5472,12596
2023-08-08 13:56:42,32,33,5472,12596
2023-08-08 13:56:48,32,35,5472,12596
2023-08-08 13:57:04,32,33,5472,12596
2023-08-08 13:57:12,30,33,5472,12596
2023-08-08 13:57:12,31,33,5472,12596
2023-08-08 13:57:14,31,32,5472,12596
2023-08-08 13:57:16,29,32,5472,12596
2023-08-08 13:57:16,30,32,5472,12596
2023-08-08 13:57:24,30,33,5472,12596
2023-08-08 13:57:25,31,33,5472,12596
2023-08-08 13:57:37,31,32,5472,12596
2023-08-08 13:57:39,31,33,5472,12596
2023-08-08 13:57:40,31,32,5472,12596
2023-08-08 13:57:49,31,33,5472,12596
2023-08-08 13:57:52,31,32,5472,12596
2023-08-08 13:58:03,31,33,5472,12596
2023-08-08 13:58:05,30,33,5472,12596
2023-08-08 13:58:05,32,33,5472,12596
2023-08-08 13:58:06,32,35,5472,12596
2023-08-08 13:58:07,31,35,5472,12596
2023-08-08 13:58:07,33,35,5472,12596
2023-08-08 13:58:12,31,35,5422,12646
2023-08-08 13:58:20,32,35,5422,12646
2023-08-08 13:58:22,32,36,5422,12646
2023-08-08 13:58:24,33,36,5422,12646
2023-08-08 13:58:33,33,35,5422,12646
2023-08-08 13:58:34,33,36,5422,12646
2023-08-08 13:58:35,33,35,5422,12646
2023-08-08 13:58:41,33,36,5422,12646
2023-08-08 13:58:43,33,35,5422,12646
2023-08-08 13:58:56,32,35,5422,12646
2023-08-08 13:59:00,32,36,5422,12646
2023-08-08 13:59:03,33,36,5422,12646
2023-08-08 13:59:18,33,35,5422,12646
2023-08-08 13:59:26,32,35,5422,12646
2023-08-08 13:59:41,31,35,5422,12646
2023-08-08 13:59:42,31,33,5422,12646
2023-08-08 13:59:44,30,33,5422,12646
2023-08-08 13:59:44,31,33,5422,12646
2023-08-08 13:59:55,31,32,5422,12646
2023-08-08 13:59:58,30,32,5422,12646
2023-08-08 14:00:20,29,32,5422,12646
2023-08-08 14:00:24,30,32,5422,12646
2023-08-08 14:00:26,30,33,5422,12646
2023-08-08 14:00:34,31,33,5422,12646
2023-08-08 14:00:35,32,33,5422,12646
2023-08-08 14:00:37,32,36,5422,12646
2023-08-08 14:00:37,32,35,5422,12646
2023-08-08 14:00:55,31,35,5422,12646
2023-08-08 14:00:55,32,35,5422,12646
2023-08-08 14:01:02,32,33,5422,12646
2023-08-08 14:01:02,31,33,5422,12646
2023-08-08 14:01:10,32,33,5422,12646
2023-08-08 14:01:31,31,33,5422,12646
2023-08-08 14:01:39,32,33,5422,12646
2023-08-08 14:01:49,31,33,5422,12646
2023-08-08 14:01:59,31,32,5422,12646
2023-08-08 14:01:59,30,32,5422,12646
2023-08-08 14:02:15,29,32,5422,12646
2023-08-08 14:02:23,29,31,5422,12646
2023-08-08 14:02:23,28,31,5422,12646
2023-08-08 14:02:39,28,32,5422,12646
2023-08-08 14:02:43,29,32,5422,12646
2023-08-08 14:02:55,30,32,5422,12646
2023-08-08 14:02:56,30,33,5422,12646
2023-08-08 14:02:58,31,33,5422,12646
2023-08-08 14:03:03,32,33,5422,12646
2023-08-08 14:03:10,32,35,5422,12646
2023-08-08 14:03:10,32,36,5422,12646
2023-08-08 14:03:10,33,36,5422,12646
2023-08-08 14:03:16,34,36,5422,12646
2023-08-08 14:03:17,34,37,5422,12646
2023-08-08 14:03:22,35,37,5422,12646
2023-08-08 14:03:27,35,38,5422,12646
2023-08-08 14:03:34,36,38,5422,12646
2023-08-08 14:03:38,36,39,5422,12646
2023-08-08 14:03:42,36,38,5422,12646
2023-08-08 14:03:49,35,38,5422,12646
2023-08-08 14:04:02,35,37,5422,12646
2023-08-08 14:04:05,34,37,5422,12646
2023-08-08 14:04:05,35,37,5422,12646
2023-08-08 14:04:26,34,37,5422,12646
2023-08-08 14:04:30,34,36,5422,12646
2023-08-08 14:04:36,34,37,5422,12646
2023-08-08 14:04:48,35,37,5422,12646
2023-08-08 14:05:16,35,38,5422,12646
2023-08-08 14:05:29,35,37,5422,12646
2023-08-08 14:05:36,35,38,5422,12646
2023-08-08 14:05:43,36,38,5422,12646
2023-08-08 14:05:45,36,39,5422,12646
2023-08-08 14:05:46,36,38,5422,12646
2023-08-08 14:06:00,36,39,5422,12646
2023-08-08 14:06:03,37,39,5422,12646
2023-08-08 14:06:19,37,38,5422,12646
2023-08-08 14:06:19,36,38,5422,12646
2023-08-08 14:06:21,35,38,5422,12646
2023-08-08 14:06:23,35,37,5422,12646
2023-08-08 14:06:32,34,37,5422,12646
2023-08-08 14:06:33,34,36,5422,12646
2023-08-08 14:06:34,34,37,5422,12646
2023-08-08 14:06:38,34,36,5422,12646
2023-08-08 14:06:44,33,36,5422,12646
2023-08-08 14:06:48,32,36,5422,12646
2023-08-08 14:06:48,33,36,5422,12646
2023-08-08 14:06:49,33,34,5422,12646
2023-08-08 14:06:52,33,36,5422,12646
2023-08-08 14:06:55,33,34,5422,12646
2023-08-08 14:07:10,31,34,5422,12646
2023-08-08 14:07:11,32,34,5422,12646
2023-08-08 14:07:13,32,33,5422,12646
2023-08-08 14:07:37,32,34,5422,12646
2023-08-08 14:07:40,32,33,5422,12646
2023-08-08 14:07:46,32,34,5422,12646
2023-08-08 14:07:50,31,34,5422,12646
2023-08-08 14:07:50,32,34,5422,12646
2023-08-08 14:07:53,31,34,5422,12646
2023-08-08 14:07:53,32,34,5422,12646
2023-08-08 14:08:06,31,34,5422,12646
2023-08-08 14:08:06,32,34,5422,12646
2023-08-08 14:08:07,32,33,5422,12646
2023-08-08 14:08:09,30,33,5422,12646
2023-08-08 14:08:09,31,33,5422,12646
2023-08-08 14:08:18,32,33,5422,12646
2023-08-08 14:08:19,32,34,5422,12646
2023-08-08 14:08:32,31,34,5172,13146
2023-08-08 14:08:39,32,34,5172,13146
2023-08-08 14:08:50,31,34,5172,13146
2023-08-08 14:08:53,31,33,5172,13146
2023-08-08 14:08:55,32,33,5172,13146
2023-08-08 14:09:40,32,34,5172,13146
2023-08-08 14:09:42,33,34,5172,13146
2023-08-08 14:09:46,33,35,5172,13146
2023-08-08 14:09:57,33,36,5172,13146
2023-08-08 14:09:57,33,34,5172,13146
2023-08-08 14:10:00,33,36,5172,13146
2023-08-08 14:10:00,33,35,5172,13146
2023-08-08 14:10:01,33,36,5172,13146
2023-08-08 14:10:01,33,34,5172,13146
2023-08-08 14:10:07,32,34,5172,13146
2023-08-08 14:10:07,33,34,5172,13146
2023-08-08 14:10:07,31,33,5122,13196
2023-08-08 14:10:07,32,33,5122,13196
2023-08-08 14:10:19,30,33,5122,13196
2023-08-08 14:10:19,31,33,5122,13196
2023-08-08 14:10:37,32,33,5122,13196
2023-08-08 14:10:43,32,34,5122,13196
2023-08-08 14:10:46,31,34,5122,13196
2023-08-08 14:10:46,33,34,5122,13196
2023-08-08 14:10:56,33,37,5122,13196
2023-08-08 14:10:56,33,35,5122,13196
2023-08-08 14:10:56,32,35,5122,13196
2023-08-08 14:10:56,33,35,5122,13196
2023-08-08 14:11:08,33,37,5122,13196
2023-08-08 14:11:08,33,36,5122,13196
2023-08-08 14:11:08,34,36,5122,13196
2023-08-08 14:11:17,34,38,5122,13196
2023-08-08 14:11:17,34,37,5122,13196
2023-08-08 14:11:18,35,37,5122,13196
2023-08-08 14:11:31,35,38,5122,13196
2023-08-08 14:11:31,35,36,5122,13196
2023-08-08 14:11:38,33,36,5122,13196
2023-08-08 14:11:38,34,36,5122,13196
2023-08-08 14:11:39,34,35,5122,13196
2023-08-08 14:11:45,34,36,5122,13196
2023-08-08 14:11:47,34,35,5122,13196
2023-08-08 14:12:03,34,36,5122,13196
2023-08-08 14:12:05,34,35,5122,13196
2023-08-08 14:12:09,32,35,5122,13196
2023-08-08 14:12:09,33,35,5122,13196
2023-08-08 14:12:16,33,34,5122,13196
2023-08-08 14:12:17,32,34,5122,13196
2023-08-08 14:12:17,33,34,5122,13196
2023-08-08 14:12:21,31,34,5122,13196
2023-08-08 14:12:21,32,34,5122,13196
2023-08-08 14:12:22,32,35,5122,13196
2023-08-08 14:12:22,32,33,5122,13196
2023-08-08 14:12:23,30,33,5122,13196
2023-08-08 14:12:23,31,33,5122,13196
2023-08-08 14:12:37,31,34,5122,13196
2023-08-08 14:12:37,31,32,5122,13196
2023-08-08 14:12:39,29,32,5122,13196
2023-08-08 14:12:39,31,32,5122,13196
2023-08-08 14:12:46,30,32,5122,13196
2023-08-08 14:12:46,31,32,5122,13196
2023-08-08 14:12:55,29,32,5122,13196
2023-08-08 14:12:55,31,32,5122,13196
2023-08-08 14:13:04,29,32,5122,13196
2023-08-08 14:13:04,30,32,5122,13196
2023-08-08 14:13:05,30,31,5122,13196
2023-08-08 14:13:08,28,31,5122,13196
2023-08-08 14:13:09,28,30,5122,13196
2023-08-08 14:13:10,27,30,5122,13196
2023-08-08 14:13:10,28,30,5122,13196
2023-08-08 14:13:14,28,31,5122,13196
2023-08-08 14:13:14,28,29,5122,13196
2023-08-08 14:13:15,27,29,5122,13196
2023-08-08 14:13:15,28,29,5122,13196
2023-08-08 14:13:20,26,29,5122,13196
2023-08-08 14:13:20,27,29,5122,13196
2023-08-08 14:13:20,27,30,5122,13196
2023-08-08 14:13:20,27,28,5122,13196
2023-08-08 14:13:37,25,28,5122,13196
2023-08-08 14:13:37,27,28,5122,13196
2023-08-08 14:13:57,27,29,5122,13196
2023-08-08 14:13:57,25,27,5072,13246
2023-08-08 14:13:57,26,27,5072,13246
2023-08-08 14:13:59,24,26,5022,13296
2023-08-08 14:13:59,23,26,5022,13296
2023-08-08 14:13:59,24,26,5022,13296
2023-08-08 14:14:00,24,27,5022,13296
2023-08-08 14:14:00,24,25,5022,13296
2023-08-08 14:14:01,22,25,5022,13296
2023-08-08 14:14:01,23,25,5022,13296
2023-08-08 14:14:01,23,26,5022,13296
2023-08-08 14:14:01,23,24,5022,13296
2023-08-08 14:14:09,23,26,5022,13296
2023-08-08 14:14:09,23,25,5022,13296
2023-08-08 14:14:14,24,25,5022,13296
2023-08-08 14:14:19,24,27,5022,13296
2023-08-08 14:14:19,24,26,5022,13296
2023-08-08 14:14:23,25,26,5022,13296
2023-08-08 14:14:40,25,27,5022,13296
2023-08-08 14:14:50,24,27,5022,13296
2023-08-08 14:14:50,25,27,5022,13296
2023-08-08 14:15:00,25,26,5022,13296
2023-08-08 14:15:07,24,26,5022,13296
2023-08-08 14:15:12,24,25,5022,13296
2023-08-08 14:15:16,23,25,5022,13296
2023-08-08 14:15:26,23,24,5022,13296
2023-08-08 14:15:26,22,24,5022,13296
2023-08-08 14:15:29,22,25,5022,13296
2023-08-08 14:15:29,22,23,5022,13296
2023-08-08 14:15:33,22,25,5022,13296
2023-08-08 14:15:33,22,24,5022,13296
2023-08-08 14:15:42,22,25,5022,13296
2023-08-08 14:15:42,22,23,5022,13296
2023-08-08 14:15:43,21,23,5022,13296
2023-08-08 14:15:48,21,24,5022,13296
2023-08-08 14:15:48,21,22,5022,13296
2023-08-08 14:15:48,20,22,5022,13296
2023-08-08 14:15:56,20,25,5022,13296
2023-08-08 14:15:56,20,23,5022,13296
2023-08-08 14:16:00,20,24,5022,13296
2023-08-08 14:16:00,20,22,5022,13296
2023-08-08 14:16:02,20,25,5022,13296
2023-08-08 14:16:02,20,23,5022,13296
2023-08-08 14:16:05,20,23,5024,13298
2023-08-08 14:16:11,21,23,5024,13298
2023-08-08 14:16:21,23,25,4924,13398
2023-08-08 14:16:30,21,25,4924,13398
2023-08-08 14:16:37,21,24,4924,13398
2023-08-08 14:16:38,20,24,4924,13398
2023-08-08 14:16:43,20,25,4924,13398
2023-08-08 14:16:43,21,25,4924,13398
2023-08-08 14:16:52,21,24,4924,13398
2023-08-08 14:16:56,20,24,4924,13398
2023-08-08 14:17:05,20,24,4926,13400
2023-08-08 14:17:05,21,24,4926,13400
2023-08-08 14:17:09,21,25,4926,13400
2023-08-08 14:17:14,24,25,4926,13400
2023-08-08 14:17:19,21,24,4826,13500
2023-08-08 14:17:20,21,25,4826,13500
2023-08-08 14:17:21,21,24,4826,13500
2023-08-08 14:17:21,20,24,4826,13500
2023-08-08 14:17:25,21,24,4826,13500
2023-08-08 14:17:25,21,25,4826,13500
2023-08-08 14:17:57,21,24,4826,13500
2023-08-08 14:17:59,20,24,4826,13500
2023-08-08 14:18:04,20,24,4828,13502
2023-08-08 14:18:05,20,22,4828,13502
2023-08-08 14:18:06,20,23,4828,13502
2023-08-08 14:18:06,19,23,4828,13502
2023-08-08 14:18:06,19,21,4828,13502
2023-08-08 14:18:14,19,22,4828,13502
2023-08-08 14:18:14,19,20,4828,13502
2023-08-08 14:18:22,18,19,4828,13602
2023-08-08 14:18:22,17,18,4828,13752
2023-08-08 14:18:23,17,18,4828,13754
2023-08-08 14:18:47,17,19,4828,13754
2023-08-08 14:18:51,17,18,4828,13754
2023-08-08 14:19:27,17,19,4828,13754
2023-08-08 14:19:40,17,20,4828,13754
2023-08-08 14:20:01,17,21,4828,13754
2023-08-08 14:20:01,19,21,4828,13754
2023-08-08 14:20:05,19,20,4828,13754
2023-08-08 14:20:06,18,20,4828,13854
2023-08-08 14:20:22,18,19,4828,13854
2023-08-08 14:20:29,18,20,4828,13854
2023-08-08 14:20:31,18,19,4828,13854
2023-08-08 14:20:55,17,19,4828,14004
2023-08-08 14:21:18,17,20,4828,14004
2023-08-08 14:21:20,17,19,4828,14004
2023-08-08 14:21:25,17,20,4828,14004
2023-08-08 14:21:27,17,19,4828,14004
2023-08-08 14:21:30,17,20,4828,14004
2023-08-08 14:21:40,17,19,4828,14004
2023-08-08 14:21:41,17,20,4828,14004
2023-08-08 14:21:42,17,19,4828,14004
2023-08-08 14:21:43,17,20,4828,14004
2023-08-08 14:21:49,17,21,4828,14004
2023-08-08 14:21:53,17,22,4828,14004
2023-08-08 14:21:53,18,22,4828,14004
2023-08-08 14:21:53,19,22,4828,14004
2023-08-08 14:22:12,19,21,4828,14004
2023-08-08 14:22:17,17,21,4828,14004
2023-08-08 14:22:50,17,22,4828,14004
2023-08-08 14:22:53,18,22,4828,14004
2023-08-08 14:23:08,19,22,4828,14004
2023-08-08 14:23:08,19,23,4828,14004
2023-08-08 14:23:12,20,23,4828,14004
2023-08-08 14:23:13,20,24,4828,14004
2023-08-08 14:23:18,20,23,4828,14004
2023-08-08 14:23:27,20,25,4828,14004
2023-08-08 14:23:27,20,24,4828,14004
2023-08-08 14:23:39,20,23,4828,14004
2023-08-08 14:24:06,20,22,4828,14004
2023-08-08 14:24:12,18,22,4828,14004
2023-08-08 14:24:46,20,22,4828,14004
2023-08-08 14:24:51,20,23,4828,14004
2023-08-08 14:25:32,20,24,4828,14004
2023-08-08 14:25:45,20,25,4828,14004
2023-08-08 14:25:46,21,25,4828,14004
2023-08-08 14:26:10,21,24,4828,14004
2023-08-08 14:26:17,21,25,4828,14004
2023-08-08 14:26:45,21,26,4828,14004
2023-08-08 14:26:45,21,24,4828,14004
2023-08-08 14:26:46,20,24,4828,14004
2023-08-08 14:27:07,21,24,4828,14004
2023-08-08 14:27:13,20,24,4828,14004
2023-08-08 14:27:18,20,23,4828,14004
2023-08-08 14:27:45,20,24,4828,14004
2023-08-08 14:27:48,21,24,4828,14004
2023-08-08 14:27:57,21,25,4828,14004
2023-08-08 14:27:57,22,25,4828,14004
2023-08-08 14:27:57,22,26,4828,14004
2023-08-08 14:28:05,23,26,4828,14004
2023-08-08 14:28:11,22,26,4828,14004
2023-08-08 14:28:12,22,28,4820,14629
2023-08-08 14:28:12,23,28,4820,14629
2023-08-08 14:28:12,23,26,4820,14629
2023-08-08 14:28:13,25,26,4820,14629
2023-08-08 14:28:24,25,28,4820,14629
2023-08-08 14:28:24,25,27,4820,14629
2023-08-08 14:28:25,26,27,4820,14629
2023-08-08 14:28:49,26,28,4820,14629
2023-08-08 14:28:49,27,28,4820,14629
2023-08-08 14:29:00,26,28,4820,14729
2023-08-08 14:29:08,27,28,4820,14729
2023-08-08 14:29:10,26,28,4820,14729
2023-08-08 14:29:14,26,27,4820,14729
2023-08-08 14:29:28,25,27,4820,14729
2023-08-08 14:29:28,25,28,4820,14729
2023-08-08 14:29:28,25,27,4820,14729
2023-08-08 14:29:32,25,26,4820,14729
2023-08-08 14:29:59,24,26,4620,14929
2023-08-08 14:30:02,23,26,4620,14929
2023-08-08 14:30:05,23,25,4620,14929
2023-08-08 14:30:11,21,25,4620,14929
2023-08-08 14:30:11,22,25,4620,14929
2023-08-08 14:30:13,22,26,4620,14929
2023-08-08 14:30:13,22,27,4620,14929
2023-08-08 14:30:13,22,25,4620,14929
2023-08-08 14:30:13,22,24,4620,14929
2023-08-08 14:30:22,22,25,4620,14929
2023-08-08 14:30:22,22,24,4620,14929
2023-08-08 14:30:29,22,25,4620,14929
2023-08-08 14:30:29,22,24,4620,14929
2023-08-08 14:30:39,21,24,4620,14929
2023-08-08 14:30:39,23,24,4620,14929
2023-08-08 14:30:40,23,26,4620,14929
2023-08-08 14:30:40,23,25,4620,14929
2023-08-08 14:30:42,22,25,4620,14929
2023-08-08 14:30:42,24,25,4620,14929
2023-08-08 14:30:42,24,27,4620,14929
2023-08-08 14:30:42,24,26,4620,14929
2023-08-08 14:30:50,22,26,4620,14929
2023-08-08 14:30:50,23,26,4620,14929
2023-08-08 14:30:51,23,25,4620,14929
2023-08-08 14:31:02,21,25,4620,14929
2023-08-08 14:31:02,22,25,4620,14929
2023-08-08 14:31:04,22,24,4620,14929
2023-08-08 14:31:18,21,24,4620,14929
2023-08-08 14:31:18,23,24,4620,14929
2023-08-08 14:31:19,23,25,4620,14929
2023-08-08 14:31:26,22,25,4620,14929
2023-08-08 14:31:26,24,25,4620,14929
2023-08-08 14:31:55,22,25,4620,14929
2023-08-08 14:31:55,23,25,4620,14929
2023-08-08 14:32:07,22,25,4620,14929
2023-08-08 14:32:07,24,25,4620,14929
2023-08-08 14:32:35,23,25,4620,14929
2023-08-08 14:32:44,23,24,4620,14929
2023-08-08 14:33:05,23,24,4628,15129
2023-08-08 14:33:06,22,24,4628,15129
2023-08-08 14:33:06,22,24,4628,15204
2023-08-08 14:33:06,23,24,4628,15204
2023-08-08 14:33:16,23,26,4628,15204
2023-08-08 14:33:22,22,26,4628,15204
2023-08-08 14:33:30,23,26,4628,15204
2023-08-08 14:33:38,24,26,4628,15204
2023-08-08 14:33:39,25,26,4628,15204
2023-08-08 14:33:42,24,26,4628,15204
2023-08-08 14:33:58,23,26,4628,15204
2023-08-08 14:34:05,23,25,4628,15204
2023-08-08 14:34:05,22,25,4628,15204
2023-08-08 14:34:09,21,25,4628,15204
2023-08-08 14:34:10,21,24,4628,15204
2023-08-08 14:34:33,20,24,4628,15204
2023-08-08 14:34:35,20,23,4628,15204
2023-08-08 14:35:07,20,24,4628,15204
2023-08-08 14:35:13,20,23,4628,15204
2023-08-08 14:35:23,19,20,4828,15404
2023-08-08 14:35:35,18,20,4828,15404
2023-08-08 14:35:36,17,20,4828,15404
2023-08-08 14:35:36,18,20,4828,15404
2023-08-08 14:35:37,16,20,4601,16154
2023-08-08 14:35:37,16,19,4601,16154
2023-08-08 14:35:37,17,19,4601,16154
2023-08-08 14:35:50,17,20,4601,16154
2023-08-08 14:35:50,18,21,4601,16154
2023-08-08 14:35:50,18,20,4601,16154
2023-08-08 14:36:01,19,20,4601,16154
2023-08-08 14:36:08,19,22,4601,16154
2023-08-08 14:36:08,19,21,4601,16154
2023-08-08 14:36:10,19,22,4601,16154
2023-08-08 14:36:10,20,22,4601,16154
2023-08-08 14:36:10,21,22,4601,16154
2023-08-08 14:36:21,19,22,4601,16154
2023-08-08 14:36:21,20,22,4601,16154
2023-08-08 14:36:51,21,22,4601,16154
2023-08-08 14:36:52,21,22,4601,16304
2023-08-08 14:37:00,20,22,4601,16304
2023-08-08 14:37:01,21,22,4601,16304
2023-08-08 14:37:03,19,22,4601,16304
2023-08-08 14:37:03,21,22,4601,16304
2023-08-08 14:37:11,19,22,4601,16304
2023-08-08 14:37:11,20,22,4601,16304
2023-08-08 14:37:42,21,22,4601,16304
2023-08-08 14:37:49,21,23,4601,16304
2023-08-08 14:38:00,19,23,4437,16904
2023-08-08 14:38:00,20,23,4437,16904
2023-08-08 14:38:11,19,23,4437,16904
2023-08-08 14:38:24,20,23,4437,16904
2023-08-08 14:38:37,19,23,4437,16904
2023-08-08 14:38:43,20,23,4437,16904
2023-08-08 14:38:44,20,22,4437,16904
2023-08-08 14:38:58,19,22,4437,16904
2023-08-08 14:39:01,18,22,4437,16904
2023-08-08 14:39:01,18,21,4437,16904
2023-08-08 14:39:15,17,21,4437,16904
2023-08-08 14:39:15,18,21,4437,16904
2023-08-08 14:39:28,18,22,4437,16904
2023-08-08 14:39:29,19,22,4437,16904
2023-08-08 14:39:39,20,22,4437,16904
2023-08-08 14:40:19,19,22,4437,16904
2023-08-08 14:40:19,21,22,4437,16904
2023-08-08 14:40:21,19,22,4437,16904
2023-08-08 14:40:21,20,22,4437,16904
2023-08-08 14:40:38,20,22,4437,17154
2023-08-08 14:40:39,20,24,4437,17254
2023-08-08 14:40:40,19,24,4437,17254
2023-08-08 14:40:41,19,25,4437,17254
2023-08-08 14:40:41,19,23,4437,17254
2023-08-08 14:40:57,19,25,4437,17254
2023-08-08 14:40:57,19,24,4437,17254
2023-08-08 14:41:05,20,24,4437,17254
2023-08-08 14:41:12,21,24,4437,17254
2023-08-08 14:41:12,21,26,4437,17254
2023-08-08 14:41:12,21,27,4437,17254
2023-08-08 14:41:12,21,26,4437,17254
2023-08-08 14:41:14,22,26,4437,17254
2023-08-08 14:41:32,23,26,4437,17254
2023-08-08 14:41:32,23,27,4437,17254
2023-08-08 14:41:33,23,29,4437,17254
2023-08-08 14:41:33,23,28,4437,17254
2023-08-08 14:41:33,24,28,4437,17254
2023-08-08 14:41:40,23,28,4437,17254
2023-08-08 14:41:40,24,28,4437,17254
2023-08-08 14:41:49,25,28,4437,17254
2023-08-08 14:41:49,25,30,4437,17254
2023-08-08 14:41:49,25,29,4437,17254
2023-08-08 14:42:11,25,30,4437,17254
2023-08-08 14:42:11,25,29,4437,17254
2023-08-08 14:42:11,25,28,4437,17254
2023-08-08 14:42:15,23,28,4437,17254
2023-08-08 14:42:15,23,27,4437,17254
2023-08-08 14:42:16,23,28,4437,17254
2023-08-08 14:42:16,23,26,4437,17254
2023-08-08 14:42:20,22,26,4437,17254
2023-08-08 14:42:23,22,25,4437,17254
2023-08-08 14:42:23,21,25,4437,17254
2023-08-08 14:42:33,21,26,4437,17254
2023-08-08 14:42:33,21,24,4437,17254
2023-08-08 14:42:41,20,24,4437,17254
2023-08-08 14:43:18,20,23,4437,17254
2023-08-08 14:43:28,20,24,4576,17404
2023-08-08 14:43:30,20,25,4576,17404
2023-08-08 14:43:30,20,23,4576,17404
2023-08-08 14:43:36,20,25,4576,17404
2023-08-08 14:43:36,20,24,4576,17404
2023-08-08 14:43:45,23,24,4576,17404
2023-08-08 14:43:51,23,26,4576,17404
2023-08-08 14:43:51,23,25,4576,17404
2023-08-08 14:43:55,23,26,4576,17404
2023-08-08 14:44:06,23,28,4576,17404
2023-08-08 14:44:06,23,27,4576,17404
2023-08-08 14:44:37,23,28,4576,17404
2023-08-08 14:44:37,23,26,4576,17404
2023-08-08 14:44:48,23,28,4426,17554
2023-08-08 14:45:24,24,28,4426,17554
2023-08-08 14:45:49,23,28,4426,17554
2023-08-08 14:45:52,23,26,4426,17554
2023-08-08 14:46:13,23,27,4426,17554
2023-08-08 14:46:13,23,28,4426,17554
2023-08-08 14:46:13,23,27,4426,17554
2023-08-08 14:46:13,23,28,4426,17554
2023-08-08 14:46:27,24,28,4426,17554
2023-08-08 14:46:38,23,28,4426,17554
2023-08-08 14:46:42,23,27,4426,17554
2023-08-08 14:46:48,24,27,4426,17554
2023-08-08 14:46:48,24,28,4426,17554
2023-08-08 14:46:56,23,28,4426,17554
2023-08-08 14:46:56,23,27,4426,17554
2023-08-08 14:47:00,24,27,4426,17554
2023-08-08 14:47:00,24,28,4426,17554
2023-08-08 14:47:12,23,28,4426,17554
2023-08-08 14:47:12,23,27,4426,17554
2023-08-08 14:47:12,23,28,4426,17554
2023-08-08 14:47:12,23,27,4426,17554
2023-08-08 14:47:45,23,25,4426,17554
2023-08-08 14:47:49,23,24,4426,17554
2023-08-08 14:47:50,23,25,4426,17554
2023-08-08 14:48:32,23,24,4426,17554
2023-08-08 14:48:45,20,23,4276,17704
2023-08-08 14:48:46,20,24,4276,17704
2023-08-08 14:48:56,20,23,4276,17704
2023-08-08 14:49:09,20,24,4276,17779
2023-08-08 14:49:10,21,24,4276,17779
2023-08-08 14:49:19,20,24,4276,17779
2023-08-08 14:49:19,22,24,4276,17779
2023-08-08 14:49:22,22,25,4276,17779
2023-08-08 14:49:26,20,25,4276,17779
2023-08-08 14:49:26,23,25,4276,17779
2023-08-08 14:49:36,23,24,4276,17779
2023-08-08 14:49:38,23,25,4276,17779
2023-08-08 14:49:39,23,24,4276,17779
2023-08-08 14:49:40,23,25,4276,17779
2023-08-08 14:49:53,23,24,4276,17779
2023-08-08 14:49:53,21,24,4276,17779
2023-08-08 14:49:53,20,24,4276,17779
2023-08-08 14:49:53,22,24,4276,17779
2023-08-08 14:50:02,20,24,4276,17779
2023-08-08 14:50:02,21,24,4276,17779
2023-08-08 14:50:07,21,23,4276,17779
2023-08-08 14:50:11,20,23,4276,17779
2023-08-08 14:50:20,21,23,4276,17779
2023-08-08 14:50:23,21,24,4276,17779
2023-08-08 14:50:25,21,23,4276,17779
2023-08-08 14:50:28,21,24,4276,17779
2023-08-08 14:50:29,21,23,4276,17779
2023-08-08 14:50:30,20,23,4276,17779
2023-08-08 14:50:35,21,23,4276,17779
2023-08-08 14:50:43,21,24,4276,17779
2023-08-08 14:50:47,21,23,4276,17779
2023-08-08 14:50:57,20,23,4276,17779
2023-08-08 14:50:57,22,23,4276,17779
2023-08-08 14:51:08,22,24,4276,17779
2023-08-08 14:51:10,20,24,4276,17779
2023-08-08 14:51:10,23,24,4276,17779
2023-08-08 14:51:15,23,25,4276,17779
2023-08-08 14:51:17,23,24,4276,17779
2023-08-08 14:51:19,23,25,4276,17779
2023-08-08 14:51:21,23,24,4276,17779
2023-08-08 14:51:22,20,24,4276,17779
2023-08-08 14:51:22,22,24,4276,17779
2023-08-08 14:51:39,20,24,4276,17779
2023-08-08 14:51:39,21,24,4276,17779
2023-08-08 14:51:41,21,22,4276,17779
2023-08-08 14:51:47,20,22,4276,17779
2023-08-08 14:52:23,21,22,4276,17779
2023-08-08 14:52:33,20,22,4276,17779
2023-08-08 14:52:43,21,22,4276,17779
2023-08-08 14:52:49,21,24,4276,17779
2023-08-08 14:52:49,21,23,4276,17779
2023-08-08 14:52:53,21,24,4276,17779
2023-08-08 14:52:53,21,23,4276,17779
2023-08-08 14:53:22,20,23,4276,17779
2023-08-08 14:53:23,20,21,4276,17779
2023-08-08 14:53:54,19,20,4151,17904
2023-08-08 14:53:55,19,21,4151,17904
2023-08-08 14:54:07,16,21,4151,17904
2023-08-08 14:54:07,18,21,4151,17904
2023-08-08 14:54:09,18,20,4151,17904
2023-08-08 14:54:14,16,20,4151,17904
2023-08-08 14:54:14,15,20,4151,17904
2023-08-08 14:54:14,17,20,4151,17904
2023-08-08 14:54:22,15,20,4151,17904
2023-08-08 14:54:22,16,20,4151,17904
2023-08-08 14:54:22,18,20,4151,17904
2023-08-08 14:54:37,16,20,4151,17904
2023-08-08 14:54:37,15,20,4151,17904
2023-08-08 14:54:37,17,20,4151,17904
2023-08-08 14:54:49,17,19,4151,17904
2023-08-08 14:55:09,15,19,4151,17904
2023-08-08 14:55:09,16,19,4151,17904
2023-08-08 14:55:19,16,18,4151,17904
2023-08-08 14:55:21,15,18,4151,17904
2023-08-08 14:55:42,15,16,4151,17904
2023-08-08 14:56:33,15,16,4218,18104
2023-08-08 14:56:34,12,13,4268,18229
2023-08-08 14:56:36,9,13,4268,18479
2023-08-08 14:56:38,9,12,4268,18479
2023-08-08 14:56:46,9,14,4268,18479
2023-08-08 14:56:59,9,12,4268,18479
2023-08-08 14:57:02,9,11,4268,18479
2023-08-08 14:57:04,9,10,4268,18479
2023-08-08 14:57:04,9,10,4270,18481
2023-08-08 14:57:05,9,10,4271,18482
2023-08-08 14:57:06,8,10,4271,18729
2023-08-08 14:57:09,6,10,4271,18729
2023-08-08 14:57:18,6,9,4271,18729
2023-08-08 14:57:37,6,8,4271,18729
2023-08-08 14:57:38,6,9,4271,18729
2023-08-08 14:57:57,6,8,4271,18729
2023-08-08 14:57:58,6,9,4271,18729
2023-08-08 14:58:04,6,9,4272,18730
2023-08-08 14:58:06,6,8,4272,18730
2023-08-08 14:58:08,6,9,4272,18730
2023-08-08 14:58:28,6,8,4272,18730
2023-08-08 14:58:47,7,8,4272,18730
2023-08-08 14:58:53,6,8,4272,18730
2023-08-08 15:00:32,7,8,4272,18730
2023-08-08 15:00:37,6,8,4272,18730
2023-08-08 15:00:52,7,8,4272,18730
2023-08-08 15:01:01,7,10,4272,18875
2023-08-08 15:01:09,7,10,4272,18885
2023-08-08 15:01:10,9,10,4272,18885
2023-08-08 15:01:10,9,13,4272,18885
2023-08-08 15:01:10,9,11,4272,18885
2023-08-08 15:01:20,10,11,4272,18885
2023-08-08 15:02:08,10,12,4272,18885
2023-08-08 15:02:14,10,11,4272,18885
2023-08-08 15:02:29,10,12,4272,18885
2023-08-08 15:02:37,10,11,4272,18885
2023-08-08 15:02:44,9,11,4383,18996
2023-08-08 15:02:44,9,12,4383,18996
2023-08-08 15:02:45,9,11,4383,18996
2023-08-08 15:03:10,10,11,4383,18996
2023-08-08 15:03:11,9,11,4383,18996
2023-08-08 15:04:03,8,11,4383,18996
2023-08-08 15:04:06,8,10,4383,18996
2023-08-08 15:04:21,7,10,4383,18996
2023-08-08 15:04:22,6,10,4383,18996
2023-08-08 15:04:28,6,9,4383,18996
2023-08-08 15:05:04,6,10,4383,18996
2023-08-08 15:05:04,6,9,4383,18996
2023-08-08 15:05:22,6,10,4383,18996
2023-08-08 15:05:23,7,10,4383,18996
2023-08-08 15:05:56,6,10,4383,18996
2023-08-08 15:05:56,6,9,4383,18996
2023-08-08 15:06:29,6,8,4383,18996
2023-08-08 15:06:48,6,8,4458,19071
2023-08-08 15:06:56,6,9,4458,19071
2023-08-08 15:07:31,6,10,4458,19071
2023-08-08 15:07:32,7,10,4458,19071
2023-08-08 15:07:38,7,11,4458,19071
2023-08-08 15:07:38,7,10,4458,19071
2023-08-08 15:07:49,7,11,4458,19071
2023-08-08 15:07:53,7,10,4458,19071
2023-08-08 15:08:06,6,10,4458,19071
2023-08-08 15:08:15,6,9,4458,19071
2023-08-08 15:08:37,7,9,4458,19071
2023-08-08 15:09:13,7,10,4458,19071
2023-08-08 15:09:24,7,11,4458,19071
2023-08-08 15:09:39,8,11,4458,19071
2023-08-08 15:09:42,8,12,4458,19071
2023-08-08 15:09:42,8,11,4458,19071
2023-08-08 15:09:50,9,11,4458,19071
2023-08-08 15:10:04,9,12,4458,19071
2023-08-08 15:10:11,8,12,4458,19071
2023-08-08 15:10:11,8,11,4458,19071
2023-08-08 15:10:21,9,11,4458,19071
2023-08-08 15:10:22,8,11,4458,19071
2023-08-08 15:10:23,9,11,4458,19071
2023-08-08 15:10:23,9,13,4458,19071
2023-08-08 15:10:23,9,12,4458,19071
2023-08-08 15:10:53,10,12,4458,19071
2023-08-08 15:10:54,9,12,4458,19071
2023-08-08 15:11:15,9,13,4458,19071
2023-08-08 15:11:22,8,11,4458,19071
2023-08-08 15:11:24,8,9,4458,19071
2023-08-08 15:11:24,8,11,4468,19081
2023-08-08 15:11:37,8,12,4468,19081
2023-08-08 15:11:37,8,10,4468,19081
2023-08-08 15:11:40,8,11,4468,19081
2023-08-08 15:12:29,8,10,4468,19081
2023-08-08 15:12:32,8,10,4468,19101
2023-08-08 15:12:46,8,11,4468,19101
2023-08-08 15:13:42,8,10,4468,19101
2023-08-08 15:13:50,8,11,4468,19101
2023-08-08 15:14:20,8,12,4468,19101
2023-08-08 15:14:36,8,11,4468,19101
2023-08-08 15:14:48,8,12,4468,19101
2023-08-08 15:14:54,8,11,4468,19101
2023-08-08 15:15:10,8,10,4468,19101
2023-08-08 15:15:14,7,10,4468,19101
2023-08-08 15:15:14,6,10,4468,19101
2023-08-08 15:15:50,6,9,4468,19101
2023-08-08 15:16:01,6,8,4468,19101
2023-08-08 15:16:35,7,8,4468,19101
2023-08-08 15:16:45,7,8,4506,19301
2023-08-08 15:16:45,7,8,4756,19551
2023-08-08 15:16:47,7,8,5006,19801
2023-08-08 15:16:48,7,8,5256,20051
2023-08-08 15:16:49,7,8,5506,20301
2023-08-08 15:16:50,7,8,5756,20551
2023-08-08 15:16:53,7,11,5806,20601
2023-08-08 15:16:54,8,11,5806,20601
2023-08-08 15:17:01,8,12,5806,20601
2023-08-08 15:17:06,7,12,5806,20601
2023-08-08 15:17:06,9,12,5806,20601
2023-08-08 15:17:06,9,13,5806,20601
2023-08-08 15:17:12,10,13,5806,20601
2023-08-08 15:17:12,10,14,5806,20601
2023-08-08 15:17:14,10,13,5806,20601
2023-08-08 15:17:14,9,13,5806,20601
2023-08-08 15:17:56,9,12,5806,20601
2023-08-08 15:18:03,7,12,5806,20601
2023-08-08 15:18:03,8,12,5806,20601
2023-08-08 15:18:30,9,12,5806,20601
2023-08-08 15:18:44,7,12,5806,20601
2023-08-08 15:18:46,8,11,5806,20601
2023-08-08 15:19:11,8,12,5806,20601
2023-08-08 15:19:20,9,12,5806,20601
2023-08-08 15:19:31,8,12,5806,20601
2023-08-08 15:19:43,9,12,5806,20601
2023-08-08 15:20:04,6,12,5806,20601
2023-08-08 15:20:13,7,12,5806,20601
2023-08-08 15:20:13,9,12,5806,20601
2023-08-08 15:20:17,8,12,5806,20601
2023-08-08 15:20:22,8,11,5806,20601
2023-08-08 15:20:35,8,10,5806,20601
2023-08-08 15:20:39,6,10,5806,20601
2023-08-08 15:21:04,6,10,5806,20601
2023-08-08 15:21:12,6,9,5806,20601
2023-08-08 15:21:14,6,8,5806,20601
2023-08-08 15:21:23,6,7,5806,20601
2023-08-08 15:21:37,6,7,5806,20626
2023-08-08 15:22:15,4,6,5955,20775
2023-08-08 15:22:49,3,6,5955,20775
2023-08-08 15:23:20,2,3,6730,21550
2023-08-08 15:23:22,2,3,6980,21800
2023-08-08 15:23:25,2,3,7230,22050
2023-08-08 15:23:27,2,3,7480,22300
2023-08-08 15:23:46,2,3,7730,22550
2023-08-08 15:23:48,2,5,7955,22775
2023-08-08 15:24:18,2,4,7955,22775
2023-08-08 15:24:27,2,3,7955,22775
2023-08-08 15:26:09,2,5,7955,22775
2023-08-08 15:26:09,2,4,7955,22775
2023-08-08 15:26:13,2,3,7955,22775
2023-08-08 15:26:40,2,5,7955,22775
2023-08-08 15:26:40,2,4,7955,22775
2023-08-08 15:27:18,2,4,7955,22875
2023-08-08 15:28:58,0,4,7955,22875
2023-08-08 15:29:01,0,3,7955,22875
2023-08-08 15:29:13,0,4,7955,22875
2023-08-08 15:29:47,1,4,7955,22875
2023-08-08 15:30:03,0,4,7955,22875
2023-08-08 15:30:11,1,4,7955,22875
2023-08-08 15:30:22,2,4,7955,22875
2023-08-08 15:30:28,1,4,7955,22875
2023-08-08 15:30:33,1,5,7955,22875
2023-08-08 15:30:34,2,5,7955,22875
2023-08-08 15:30:40,2,6,7955,22875
2023-08-08 15:30:41,3,6,7955,22875
2023-08-08 15:30:49,3,7,7955,22875
2023-08-08 15:30:49,3,6,7955,22875
2023-08-08 15:30:54,3,5,7955,22875
2023-08-08 15:31:13,2,5,7955,22875
2023-08-08 15:31:29,3,5,7955,22875
2023-08-08 15:32:03,3,8,7955,22875
2023-08-08 15:32:03,3,7,7955,22875
2023-08-08 15:32:12,2,7,7955,22875
2023-08-08 15:32:12,4,7,7955,22875
2023-08-08 15:32:26,5,7,7955,22875
2023-08-08 15:32:26,4,7,7955,22875
2023-08-08 15:32:26,5,7,7955,22875
2023-08-08 15:32:26,4,7,7955,22875
2023-08-08 15:32:26,5,7,7955,22875
2023-08-08 15:32:27,4,7,7955,22875
2023-08-08 15:32:27,5,7,7955,22875
2023-08-08 15:33:08,5,10,7955,22875
2023-08-08 15:33:08,5,9,7955,22875
2023-08-08 15:33:17,4,9,7955,22875
2023-08-08 15:33:29,4,8,7955,22875
2023-08-08 15:33:29,4,7,7955,22875
2023-08-08 15:33:46,4,9,7955,22875
2023-08-08 15:33:46,4,8,7955,22875
2023-08-08 15:33:46,4,9,7955,22875
2023-08-08 15:33:46,4,8,7955,22875
2023-08-08 15:33:46,4,9,7955,22875
2023-08-08 15:33:46,4,7,7955,22875
2023-08-08 15:33:46,4,9,7955,22875
2023-08-08 15:33:55,4,9,7955,22875
2023-08-08 15:34:05,5,8,7955,22875
2023-08-08 15:34:22,5,8,8255,23175
2023-08-08 15:34:25,5,9,8255,23175
2023-08-08 15:34:28,5,8,8255,23175
2023-08-08 15:34:28,4,8,8255,23175
2023-08-08 15:34:28,4,7,8255,23175
2023-08-08 15:34:36,4,8,8255,23175
2023-08-08 15:34:36,4,7,8255,23175
2023-08-08 15:34:48,2,7,8255,23175
2023-08-08 15:34:48,5,9,8255,23175
2023-08-08 15:34:48,5,9,8255,23175
2023-08-08 15:34:48,5,8,8255,23175
2023-08-08 15:34:54,4,8,8255,23175
2023-08-08 15:35:06,4,7,8255,23175
2023-08-08 15:35:06,2,7,8255,23175
2023-08-08 15:35:06,3,7,8255,23175
2023-08-08 15:35:06,3,6,8255,23175
2023-08-08 15:35:11,3,8,8255,23175
2023-08-08 15:35:11,3,7,8255,23175
2023-08-08 15:35:12,3,8,8255,23175
2023-08-08 15:35:12,3,7,8255,23175
2023-08-08 15:35:13,4,7,8255,23175
2023-08-08 15:35:13,2,7,8330,23250
2023-08-08 15:35:13,2,8,8330,23250
2023-08-08 15:35:13,1,7,8530,23450
2023-08-08 15:35:13,1,2,8530,23450
2023-08-08 15:35:13,1,8,8605,23525
2023-08-08 15:35:13,1,7,8605,23525
2023-08-08 15:35:13,3,7,8605,23525
2023-08-08 15:35:14,1,7,8680,23600
2023-08-08 15:35:14,1,6,8680,23600
2023-08-08 15:35:14,3,6,8680,23600
2023-08-08 15:35:14,3,5,8680,23600
2023-08-08 15:35:14,1,5,8755,23675
2023-08-08 15:35:28,1,6,8755,23675
2023-08-08 15:35:28,1,5,8755,23675
2023-08-08 15:35:28,1,6,8755,23675
2023-08-08 15:35:28,1,5,8755,23675
2023-08-08 15:35:49,1,6,8755,23675
2023-08-08 15:35:49,1,5,8755,23675
2023-08-08 15:35:54,1,6,8755,23675
2023-08-08 15:35:54,1,5,8755,23675
2023-08-08 15:36:30,0,5,8755,23675
2023-08-08 15:36:30,0,4,8755,23675
2023-08-08 15:36:30,0,3,8755,23675
2023-08-08 15:36:34,0,4,8755,23675
2023-08-08 15:36:34,0,3,8755,23675
2023-08-08 15:37:13,0,4,8755,23675
2023-08-08 15:37:13,0,3,8755,23675
2023-08-08 15:37:19,0,4,8755,23675
2023-08-08 15:37:19,0,3,8755,23675
2023-08-08 15:37:40,1,3,8755,23675
2023-08-08 15:37:41,1,4,8755,23675
2023-08-08 15:37:41,1,3,8755,23675
2023-08-08 15:37:59,1,4,8755,23675
2023-08-08 15:38:17,1,2,8755,23675
2023-08-08 15:38:29,1,2,8955,23875
2023-08-08 15:38:38,1,2,9043,23963
2023-08-08 15:39:53,1,3,9043,23963
2023-08-08 15:39:56,1,2,9043,23963
2023-08-08 15:40:37,1,2,9155,24075
2023-08-08 15:40:43,1,2,9230,24150
2023-08-08 15:40:44,0,1,9230,24175
