datetime,bid,ask,open_interest,volume
2023-02-08 09:30:02,42,46,1241,2017
2023-02-08 09:30:04,42,55,1241,2017
2023-02-08 09:30:04,42,52,1241,2017
2023-02-08 09:30:08,43,52,1241,2017
2023-02-08 09:30:08,45,52,1241,2017
2023-02-08 09:30:33,43,52,1241,2017
2023-02-08 09:30:34,47,52,1241,2017
2023-02-08 09:30:42,47,57,1241,2017
2023-02-08 09:30:42,47,54,1241,2017
2023-02-08 09:31:11,49,54,1241,2017
2023-02-08 09:31:20,49,56,1241,2017
2023-02-08 09:31:29,49,54,1241,2017
2023-02-08 09:31:30,47,54,1241,2017
2023-02-08 09:31:36,47,52,1241,2017
2023-02-08 09:31:40,47,54,1241,2017
2023-02-08 09:32:08,45,54,1241,2037
2023-02-08 09:32:09,45,51,1241,2037
2023-02-08 09:32:36,46,51,1241,2037
2023-02-08 09:32:36,46,53,1241,2037
2023-02-08 09:32:41,48,53,1241,2037
2023-02-08 09:32:41,48,54,1241,2037
2023-02-08 09:32:56,48,53,1241,2037
2023-02-08 09:32:57,46,53,1241,2037
2023-02-08 09:33:05,46,54,1241,2037
2023-02-08 09:33:05,48,54,1241,2037
2023-02-08 09:33:15,48,52,1241,2037
2023-02-08 09:34:32,46,52,1241,2037
2023-02-08 09:35:16,46,51,1241,2037
2023-02-08 09:35:22,44,52,1241,2037
2023-02-08 09:35:22,44,50,1241,2037
2023-02-08 09:35:27,44,50,1241,2042
2023-02-08 09:35:28,44,48,1241,2042
2023-02-08 09:36:03,44,46,1241,2042
2023-02-08 09:36:04,42,46,1241,2042
2023-02-08 09:36:05,42,48,1241,2042
2023-02-08 09:36:06,34,48,1241,2042
2023-02-08 09:36:06,44,48,1241,2042
2023-02-08 09:37:34,33,48,1241,2042
2023-02-08 09:37:34,33,46,1241,2042
2023-02-08 09:37:34,42,46,1241,2042
2023-02-08 09:37:34,42,48,1241,2042
2023-02-08 09:37:36,42,46,1241,2042
2023-02-08 09:37:41,40,46,1241,2042
2023-02-08 09:37:42,40,44,1241,2042
2023-02-08 09:38:01,42,44,1241,2042
2023-02-08 09:38:01,42,46,1241,2042
2023-02-08 09:38:05,42,48,1241,2042
2023-02-08 09:38:10,42,46,1241,2042
2023-02-08 09:38:24,42,43,1241,2042
2023-02-08 09:38:24,39,43,1241,2042
2023-02-08 09:39:04,41,43,1241,2042
2023-02-08 09:39:04,41,46,1241,2042
2023-02-08 09:39:06,33,46,1241,2042
2023-02-08 09:39:07,33,43,1241,2042
2023-02-08 09:39:07,39,43,1241,2042
2023-02-08 09:39:12,39,46,1241,2042
2023-02-08 09:39:13,33,46,1241,2042
2023-02-08 09:39:14,41,46,1241,2042
2023-02-08 09:39:20,41,43,1241,2042
2023-02-08 09:39:20,33,43,1241,2042
2023-02-08 09:39:20,39,43,1241,2042
2023-02-08 09:40:09,33,43,1241,2042
2023-02-08 09:40:09,37,43,1241,2042
2023-02-08 09:40:09,37,41,1241,2042
2023-02-08 09:40:29,37,43,1241,2042
2023-02-08 09:40:30,37,41,1241,2042
2023-02-08 09:40:34,37,43,1241,2042
2023-02-08 09:40:41,39,43,1241,2042
2023-02-08 09:40:48,33,39,1276,2077
2023-02-08 09:40:48,34,39,1276,2077
2023-02-08 09:41:17,33,39,1276,2077
2023-02-08 09:41:17,35,39,1276,2077
2023-02-08 09:41:17,35,41,1276,2077
2023-02-08 09:41:34,35,43,1555,2356
2023-02-08 09:41:44,35,42,1555,2356
2023-02-08 09:41:47,36,42,1555,2356
2023-02-08 09:41:52,36,41,1555,2356
2023-02-08 09:41:53,36,42,1555,2356
2023-02-08 09:41:57,36,41,1555,2356
2023-02-08 09:42:04,36,42,1555,2356
2023-02-08 09:42:07,36,41,1555,2356
2023-02-08 09:42:31,36,40,1555,2356
2023-02-08 09:42:49,34,40,1555,2356
2023-02-08 09:42:49,31,40,1555,2356
2023-02-08 09:42:51,35,40,1555,2356
2023-02-08 09:42:51,35,39,1555,2356
2023-02-08 09:42:52,35,40,1555,2356
2023-02-08 09:43:17,33,40,1555,2356
2023-02-08 09:43:17,30,40,1555,2356
2023-02-08 09:43:17,32,40,1555,2356
2023-02-08 09:43:17,32,39,1555,2356
2023-02-08 09:43:17,34,39,1555,2356
2023-02-08 09:43:24,34,40,1555,2356
2023-02-08 09:43:29,34,39,1555,2356
2023-02-08 09:43:30,34,40,1555,2356
2023-02-08 09:43:36,34,39,1555,2356
2023-02-08 09:43:37,34,40,1555,2356
2023-02-08 09:43:38,34,39,1555,2356
2023-02-08 09:43:47,33,39,1555,2356
2023-02-08 09:43:48,35,39,1555,2356
2023-02-08 09:43:50,35,38,1555,2356
2023-02-08 09:43:56,35,39,1555,2356
2023-02-08 09:44:07,35,38,1555,2356
2023-02-08 09:44:17,33,38,1555,2356
2023-02-08 09:44:47,34,38,1555,2356
2023-02-08 09:44:56,34,39,1555,2356
2023-02-08 09:45:19,34,41,1555,2356
2023-02-08 09:45:20,34,40,1555,2356
2023-02-08 09:45:35,34,41,1840,2641
2023-02-08 09:45:47,38,41,1840,2641
2023-02-08 09:45:48,38,42,1840,2641
2023-02-08 09:45:50,38,41,1840,2641
2023-02-08 09:45:57,38,42,1840,2641
2023-02-08 09:46:08,38,43,1840,2641
2023-02-08 09:46:18,34,43,1840,2641
2023-02-08 09:46:18,30,43,1840,2641
2023-02-08 09:46:18,33,43,1840,2641
2023-02-08 09:46:18,35,43,1840,2641
2023-02-08 09:46:18,37,43,1840,2641
2023-02-08 09:46:19,37,41,1840,2641
2023-02-08 09:46:25,37,42,1840,2641
2023-02-08 09:46:27,37,43,1840,2641
2023-02-08 09:46:29,37,42,1840,2641
2023-02-08 09:46:31,37,43,1840,2641
2023-02-08 09:46:36,37,41,1840,2641
2023-02-08 09:46:47,36,41,1840,2641
2023-02-08 09:46:47,38,41,1840,2641
2023-02-08 09:47:14,38,43,1840,2641
2023-02-08 09:47:15,34,43,1840,2641
2023-02-08 09:47:15,34,42,1840,2641
2023-02-08 09:47:16,0,42,1840,2641
2023-02-08 09:47:16,33,42,1840,2641
2023-02-08 09:47:16,37,42,1840,2641
2023-02-08 09:47:27,37,41,1840,2641
2023-02-08 09:47:30,37,42,1840,2641
2023-02-08 09:47:38,37,41,1840,2641
2023-02-08 09:47:45,35,41,1840,2641
2023-02-08 09:47:45,38,41,1840,2641
2023-02-08 09:48:08,38,39,1840,2641
2023-02-08 09:48:17,36,39,1840,2641
2023-02-08 09:48:33,36,42,1840,2641
2023-02-08 09:48:33,36,41,1840,2641
2023-02-08 09:48:47,32,41,1840,2641
2023-02-08 09:48:47,31,41,1840,2641
2023-02-08 09:48:47,33,41,1840,2641
2023-02-08 09:48:48,35,41,1840,2641
2023-02-08 09:49:16,35,43,1840,2641
2023-02-08 09:49:17,37,43,1840,2641
2023-02-08 09:49:17,37,42,1840,2641
2023-02-08 09:49:46,38,42,1840,2641
2023-02-08 09:49:46,38,44,1840,2641
2023-02-08 09:50:23,38,46,1840,2641
2023-02-08 09:50:24,40,46,1840,2641
2023-02-08 09:50:47,40,48,1840,2641
2023-02-08 09:50:48,38,48,1840,2641
2023-02-08 09:50:48,43,48,1840,2641
2023-02-08 09:51:23,31,48,1840,2641
2023-02-08 09:51:23,40,48,1840,2641
2023-02-08 09:51:24,44,48,1840,2641
2023-02-08 09:51:38,44,48,1561,2920
2023-02-08 09:51:47,42,48,1561,2920
2023-02-08 09:52:20,42,50,1561,2920
2023-02-08 09:52:20,42,47,1561,2920
2023-02-08 09:52:20,40,47,1561,2920
2023-02-08 09:52:20,39,47,1561,2920
2023-02-08 09:52:20,41,47,1561,2920
2023-02-08 09:52:50,39,47,1561,2920
2023-02-08 09:52:50,39,49,1561,2920
2023-02-08 09:52:51,36,49,1561,2920
2023-02-08 09:52:51,40,49,1561,2920
2023-02-08 09:52:52,42,49,1561,2920
2023-02-08 09:52:52,42,50,1561,2920
2023-02-08 09:52:52,44,50,1561,2920
2023-02-08 09:52:56,44,49,1561,2920
2023-02-08 09:53:09,44,50,1561,2920
2023-02-08 09:53:19,44,48,1561,2920
2023-02-08 09:53:20,43,48,1561,2920
2023-02-08 09:53:44,47,48,1561,2920
2023-02-08 09:53:50,47,50,1561,2920
2023-02-08 09:53:50,47,49,1561,2920
2023-02-08 09:54:50,47,51,1561,2920
2023-02-08 09:54:50,47,52,1561,2920
2023-02-08 09:54:50,47,50,1561,2920
2023-02-08 09:55:07,47,49,1561,2920
2023-02-08 09:56:33,43,49,1561,2970
2023-02-08 09:56:46,43,48,1561,2970
2023-02-08 09:56:47,42,48,1561,2970
2023-02-08 09:57:48,40,48,1561,2970
2023-02-08 09:57:49,40,46,1561,2970
2023-02-08 09:58:39,40,44,1561,2970
2023-02-08 09:58:47,39,44,1561,2970
2023-02-08 09:59:10,39,44,1551,2980
2023-02-08 09:59:18,37,44,1551,2980
2023-02-08 09:59:19,37,43,1551,2980
2023-02-08 09:59:33,37,42,1551,2980
2023-02-08 09:59:42,37,40,1551,2980
2023-02-08 09:59:56,37,43,1551,2980
2023-02-08 09:59:56,37,42,1551,2980
2023-02-08 09:59:57,37,43,1551,2980
2023-02-08 09:59:57,37,40,1551,2980
2023-02-08 09:59:58,37,43,1551,2980
2023-02-08 09:59:59,37,42,1551,2980
2023-02-08 10:00:11,37,43,1551,2980
2023-02-08 10:00:24,37,41,1551,2980
2023-02-08 10:00:25,35,41,1551,2980
2023-02-08 10:00:28,35,41,1551,3206
2023-02-08 10:00:34,35,43,1713,3368
2023-02-08 10:00:37,35,45,1986,3641
2023-02-08 10:00:47,34,45,1986,3641
2023-02-08 10:00:47,34,49,1986,3641
2023-02-08 10:00:47,34,48,1986,3641
2023-02-08 10:00:47,41,48,1986,3641
2023-02-08 10:00:48,41,46,1986,3641
2023-02-08 10:01:17,43,46,1986,3641
2023-02-08 10:01:18,43,49,1986,3641
2023-02-08 10:01:49,39,49,1986,3641
2023-02-08 10:01:49,40,49,1986,3641
2023-02-08 10:01:49,44,49,1986,3641
2023-02-08 10:02:47,42,49,1986,3641
2023-02-08 10:02:47,40,49,1986,3641
2023-02-08 10:02:48,41,49,1986,3641
2023-02-08 10:02:50,43,49,1986,3641
2023-02-08 10:02:50,45,49,1986,3641
2023-02-08 10:03:02,45,47,1986,3641
2023-02-08 10:03:04,43,47,1558,4069
2023-02-08 10:03:14,43,45,1558,4069
2023-02-08 10:03:17,41,45,1558,4069
2023-02-08 10:03:25,41,47,1558,4069
2023-02-08 10:03:30,41,45,1558,4069
2023-02-08 10:03:36,41,47,1558,4069
2023-02-08 10:03:41,41,45,1558,4069
2023-02-08 10:03:47,41,47,1558,4069
2023-02-08 10:03:48,40,47,1558,4069
2023-02-08 10:03:48,40,46,1558,4069
2023-02-08 10:04:08,40,45,1558,4069
2023-02-08 10:04:12,40,46,1558,4069
2023-02-08 10:04:17,40,45,1558,4069
2023-02-08 10:04:17,40,46,1558,4069
2023-02-08 10:04:18,41,46,1558,4069
2023-02-08 10:04:22,41,45,1558,4069
2023-02-08 10:04:29,41,46,1558,4069
2023-02-08 10:04:30,41,45,1558,4069
2023-02-08 10:04:38,41,46,1558,4069
2023-02-08 10:04:46,41,47,1558,4069
2023-02-08 10:04:47,41,45,1558,4069
2023-02-08 10:04:47,39,45,1558,4069
2023-02-08 10:05:50,39,46,1558,4069
2023-02-08 10:05:50,36,46,1558,4069
2023-02-08 10:05:50,38,46,1558,4069
2023-02-08 10:05:53,40,46,1558,4069
2023-02-08 10:06:18,40,48,1558,4069
2023-02-08 10:06:18,40,45,1558,4069
2023-02-08 10:06:18,38,45,1558,4069
2023-02-08 10:06:19,37,45,1558,4069
2023-02-08 10:06:19,39,45,1558,4069
2023-02-08 10:06:45,39,47,1558,4069
2023-02-08 10:06:46,39,54,1558,4069
2023-02-08 10:06:46,39,53,1558,4069
2023-02-08 10:06:46,40,53,1558,4069
2023-02-08 10:06:46,40,52,1558,4069
2023-02-08 10:06:46,40,50,1558,4069
2023-02-08 10:06:46,40,48,1558,4069
2023-02-08 10:06:47,42,48,1558,4069
2023-02-08 10:07:16,40,48,1558,4069
2023-02-08 10:07:16,38,48,1558,4069
2023-02-08 10:07:16,45,48,1558,4069
2023-02-08 10:07:17,45,51,1558,4069
2023-02-08 10:07:46,45,53,1558,4069
2023-02-08 10:07:47,45,52,1558,4069
2023-02-08 10:07:47,46,52,1558,4069
2023-02-08 10:08:05,46,50,1558,4069
2023-02-08 10:08:15,46,52,1558,4069
2023-02-08 10:08:15,46,51,1558,4069
2023-02-08 10:08:15,46,52,1558,4069
2023-02-08 10:08:21,43,52,1558,4069
2023-02-08 10:08:22,45,52,1558,4069
2023-02-08 10:08:22,45,51,1558,4069
2023-02-08 10:08:50,45,53,1558,4069
2023-02-08 10:08:51,45,50,1558,4069
2023-02-08 10:08:52,44,50,1558,4069
2023-02-08 10:09:21,45,50,1558,4069
2023-02-08 10:09:21,45,51,1558,4069
2023-02-08 10:09:49,45,50,1558,4069
2023-02-08 10:10:27,45,52,1558,4069
2023-02-08 10:10:27,45,49,1558,4069
2023-02-08 10:10:29,44,49,1558,4069
2023-02-08 10:11:17,42,49,1558,4069
2023-02-08 10:11:17,43,49,1558,4069
2023-02-08 10:11:17,43,48,1558,4069
2023-02-08 10:12:23,43,49,1558,4069
2023-02-08 10:12:50,44,49,1558,4069
2023-02-08 10:12:50,44,50,1558,4069
2023-02-08 10:13:13,44,48,1558,4069
2023-02-08 10:13:22,42,48,1558,4069
2023-02-08 10:13:22,41,48,1558,4069
2023-02-08 10:13:23,43,48,1558,4069
2023-02-08 10:13:48,41,48,1558,4069
2023-02-08 10:13:49,41,47,1558,4069
2023-02-08 10:14:18,42,47,1558,4069
2023-02-08 10:14:47,40,47,1558,4069
2023-02-08 10:14:47,41,47,1558,4069
2023-02-08 10:15:21,41,46,1558,4069
2023-02-08 10:15:48,41,43,1558,4069
2023-02-08 10:15:48,37,43,1558,4069
2023-02-08 10:15:49,37,46,1558,4069
2023-02-08 10:15:50,36,46,1558,4069
2023-02-08 10:15:50,36,45,1558,4069
2023-02-08 10:15:50,40,45,1558,4069
2023-02-08 10:15:56,40,46,1558,4069
2023-02-08 10:15:56,40,43,1558,4069
2023-02-08 10:16:00,40,46,1558,4069
2023-02-08 10:16:00,40,45,1558,4069
2023-02-08 10:16:03,40,46,1558,4069
2023-02-08 10:16:03,40,43,1558,4069
2023-02-08 10:16:20,39,43,1558,4069
2023-02-08 10:16:26,39,41,1558,4069
2023-02-08 10:16:39,39,42,1558,4069
2023-02-08 10:16:39,39,42,1518,4109
2023-02-08 10:16:40,39,44,1518,4109
2023-02-08 10:16:47,37,44,1518,4109
2023-02-08 10:16:47,37,43,1518,4109
2023-02-08 10:16:48,37,41,1518,4109
2023-02-08 10:16:58,39,41,1518,4109
2023-02-08 10:17:07,36,41,1518,4109
2023-02-08 10:17:07,37,41,1518,4109
2023-02-08 10:17:17,36,41,1518,4109
2023-02-08 10:17:18,37,41,1518,4109
2023-02-08 10:17:21,37,42,1518,4109
2023-02-08 10:17:27,36,42,1518,4109
2023-02-08 10:17:32,37,42,1518,4109
2023-02-08 10:17:33,36,42,1518,4109
2023-02-08 10:17:35,37,42,1518,4109
2023-02-08 10:17:46,37,41,1518,4109
2023-02-08 10:18:18,37,42,1518,4109
2023-02-08 10:19:39,37,41,1518,4109
2023-02-08 10:19:49,35,41,1518,4109
2023-02-08 10:19:49,36,41,1518,4109
2023-02-08 10:20:22,37,41,1518,4109
2023-02-08 10:20:24,37,40,1518,4109
2023-02-08 10:20:47,37,42,1518,4109
2023-02-08 10:21:04,36,42,1518,4109
2023-02-08 10:21:04,39,42,1518,4109
2023-02-08 10:21:28,41,42,1518,4109
2023-02-08 10:21:30,37,42,1518,4109
2023-02-08 10:21:31,39,42,1518,4109
2023-02-08 10:21:51,39,46,1518,4109
2023-02-08 10:21:51,39,45,1518,4109
2023-02-08 10:21:52,41,45,1518,4109
2023-02-08 10:22:13,39,45,1518,4109
2023-02-08 10:22:13,43,45,1518,4109
2023-02-08 10:22:15,43,45,1558,4149
2023-02-08 10:22:16,39,45,1558,4149
2023-02-08 10:22:49,39,47,1558,4149
2023-02-08 10:22:49,41,47,1558,4149
2023-02-08 10:22:49,41,49,1558,4149
2023-02-08 10:22:50,43,49,1558,4149
2023-02-08 10:22:50,43,48,1558,4149
2023-02-08 10:23:17,44,48,1558,4149
2023-02-08 10:23:17,44,49,1558,4149
2023-02-08 10:23:47,45,49,1558,4149
2023-02-08 10:24:04,45,50,1558,4149
2023-02-08 10:24:23,45,51,1558,4149
2023-02-08 10:24:25,45,50,1558,4149
2023-02-08 10:24:31,45,49,1558,4149
2023-02-08 10:25:45,45,50,1558,4149
2023-02-08 10:25:46,43,50,1558,4149
2023-02-08 10:25:46,44,50,1558,4149
2023-02-08 10:26:18,35,50,1558,4149
2023-02-08 10:26:18,47,50,1558,4149
2023-02-08 10:26:22,47,51,1558,4149
2023-02-08 10:26:25,47,50,1558,4149
2023-02-08 10:26:37,47,51,1558,4149
2023-02-08 10:26:47,46,51,1558,4149
2023-02-08 10:26:49,46,52,1558,4149
2023-02-08 10:27:16,44,52,1558,4149
2023-02-08 10:27:16,44,51,1558,4149
2023-02-08 10:27:16,42,51,1558,4149
2023-02-08 10:27:16,35,51,1558,4149
2023-02-08 10:27:16,43,51,1558,4149
2023-02-08 10:27:17,47,51,1558,4149
2023-02-08 10:27:20,47,52,1558,4149
2023-02-08 10:27:22,47,51,1558,4149
2023-02-08 10:27:35,47,50,1558,4149
2023-02-08 10:27:47,46,50,1558,4149
2023-02-08 10:27:48,46,47,1558,4149
2023-02-08 10:27:52,46,50,1558,4149
2023-02-08 10:28:17,44,50,1558,4149
2023-02-08 10:28:18,36,50,1558,4149
2023-02-08 10:28:18,41,50,1558,4149
2023-02-08 10:28:19,43,50,1558,4149
2023-02-08 10:28:21,45,50,1558,4149
2023-02-08 10:28:23,45,51,1558,4149
2023-02-08 10:28:30,45,50,1558,4149
2023-02-08 10:28:31,45,51,1558,4149
2023-02-08 10:28:32,45,50,1558,4149
2023-02-08 10:28:40,45,51,1558,4149
2023-02-08 10:28:47,43,51,1558,4149
2023-02-08 10:28:48,42,51,1558,4149
2023-02-08 10:28:48,46,51,1558,4149
2023-02-08 10:28:51,46,52,1558,4149
2023-02-08 10:29:16,44,52,1558,4149
2023-02-08 10:29:16,45,52,1558,4149
2023-02-08 10:29:17,47,52,1558,4149
2023-02-08 10:29:20,47,53,1558,4149
2023-02-08 10:29:45,48,53,1558,4149
2023-02-08 10:29:46,48,54,1558,4149
2023-02-08 10:30:47,51,54,1558,4149
2023-02-08 10:30:47,51,58,1558,4149
2023-02-08 10:30:48,51,57,1558,4149
2023-02-08 10:31:17,53,57,1558,4149
2023-02-08 10:31:19,53,58,1558,4149
2023-02-08 10:32:50,51,58,1558,4149
2023-02-08 10:32:51,36,58,1558,4149
2023-02-08 10:32:51,54,58,1558,4149
2023-02-08 10:33:19,55,58,1558,4149
2023-02-08 10:33:51,54,58,1558,4149
2023-02-08 10:35:21,52,58,1558,4149
2023-02-08 10:35:22,49,58,1558,4149
2023-02-08 10:35:22,53,58,1558,4149
2023-02-08 10:37:51,53,57,1558,4149
2023-02-08 10:37:52,51,57,1558,4149
2023-02-08 10:38:19,52,57,1558,4149
2023-02-08 10:38:46,50,57,1558,4149
2023-02-08 10:38:46,50,55,1558,4149
2023-02-08 10:38:47,50,55,1588,4179
2023-02-08 10:38:48,49,55,1588,4179
2023-02-08 10:39:14,50,55,1588,4179
2023-02-08 10:39:17,50,54,1588,4179
2023-02-08 10:40:25,50,55,1588,4179
2023-02-08 10:40:27,50,53,1588,4179
2023-02-08 10:41:49,50,58,1588,4179
2023-02-08 10:41:49,50,54,1588,4179
2023-02-08 10:42:47,50,56,1588,4179
2023-02-08 10:43:19,50,55,1588,4179
2023-02-08 10:43:48,50,58,1588,4179
2023-02-08 10:43:49,51,58,1588,4179
2023-02-08 10:43:50,51,56,1588,4179
2023-02-08 10:44:19,49,56,1588,4179
2023-02-08 10:44:19,50,56,1588,4179
2023-02-08 10:45:29,52,56,1588,4179
2023-02-08 10:45:48,54,56,1588,4179
2023-02-08 10:46:18,54,58,1588,4179
2023-02-08 10:46:21,54,57,1588,4179
2023-02-08 10:46:56,52,57,1588,4179
2023-02-08 10:47:20,52,56,1588,4179
2023-02-08 10:47:21,51,56,1588,4179
2023-02-08 10:48:18,49,56,1588,4179
2023-02-08 10:48:18,41,56,1588,4179
2023-02-08 10:48:18,41,57,1588,4179
2023-02-08 10:48:18,48,57,1588,4179
2023-02-08 10:48:18,48,55,1588,4179
2023-02-08 10:48:19,50,55,1588,4179
2023-02-08 10:48:44,50,55,1688,4279
2023-02-08 10:48:48,45,55,1688,4279
2023-02-08 10:48:49,49,55,1688,4279
2023-02-08 10:49:17,49,57,1688,4279
2023-02-08 10:49:17,49,58,1688,4279
2023-02-08 10:49:17,49,56,1688,4279
2023-02-08 10:49:18,48,56,1688,4279
2023-02-08 10:49:18,50,56,1688,4279
2023-02-08 10:49:46,48,56,1688,4279
2023-02-08 10:49:46,46,56,1688,4279
2023-02-08 10:49:46,0,56,1688,4279
2023-02-08 10:49:47,47,56,1688,4279
2023-02-08 10:49:47,49,56,1688,4279
2023-02-08 10:49:48,51,56,1688,4279
2023-02-08 10:49:48,51,57,1688,4279
2023-02-08 10:50:47,47,57,1688,4279
2023-02-08 10:50:47,0,57,1688,4279
2023-02-08 10:50:48,48,57,1688,4279
2023-02-08 10:50:48,50,57,1688,4279
2023-02-08 10:50:49,52,58,1688,4279
2023-02-08 10:51:48,53,58,1688,4279
2023-02-08 10:52:48,55,58,1688,4279
2023-02-08 10:53:21,57,58,1688,4279
2023-02-08 10:54:04,56,58,1688,4279
2023-02-08 10:54:17,54,58,1688,4279
2023-02-08 10:54:17,0,58,1688,4279
2023-02-08 10:54:17,53,58,1688,4279
2023-02-08 10:54:17,55,58,1688,4279
2023-02-08 10:55:20,53,58,1688,4279
2023-02-08 10:55:20,51,58,1688,4279
2023-02-08 10:55:21,54,58,1688,4279
2023-02-08 10:55:47,52,58,1688,4279
2023-02-08 10:55:47,0,58,1688,4279
2023-02-08 10:55:47,55,58,1688,4279
2023-02-08 10:56:50,54,58,1688,4279
2023-02-08 10:57:17,52,58,1688,4279
2023-02-08 10:57:17,50,58,1688,4279
2023-02-08 10:57:18,53,58,1688,4279
2023-02-08 10:57:48,54,58,1688,4279
2023-02-08 10:58:47,52,58,1688,4279
2023-02-08 10:58:47,53,58,1688,4279
2023-02-08 10:59:19,55,58,1688,4279
2023-02-08 10:59:48,51,58,1688,4279
2023-02-08 10:59:48,52,58,1688,4279
2023-02-08 10:59:48,54,58,1688,4279
2023-02-08 10:59:48,56,58,1688,4279
2023-02-08 11:00:25,54,58,1688,4279
2023-02-08 11:00:25,52,58,1688,4279
2023-02-08 11:00:25,55,58,1688,4279
2023-02-08 11:00:48,55,58,1688,4299
2023-02-08 11:00:50,57,58,1688,4299
2023-02-08 11:01:18,55,58,1688,4299
2023-02-08 11:01:19,58,59,1688,4399
2023-02-08 11:02:49,56,59,1688,4399
2023-02-08 11:02:49,58,59,1688,4399
2023-02-08 11:03:25,58,61,1688,4399
2023-02-08 11:03:48,56,61,1688,4399
2023-02-08 11:04:17,54,61,1688,4399
2023-02-08 11:04:17,56,61,1688,4399
2023-02-08 11:04:48,58,61,1688,4399
2023-02-08 11:05:22,55,61,1688,4399
2023-02-08 11:05:22,57,61,1688,4399
2023-02-08 11:06:46,55,61,1688,4399
2023-02-08 11:06:47,58,61,1688,4399
2023-02-08 11:08:18,35,61,1688,4399
2023-02-08 11:08:18,57,61,1688,4399
2023-02-08 11:08:19,59,61,1688,4399
2023-02-08 11:09:17,57,61,1688,4399
2023-02-08 11:09:17,59,61,1688,4399
2023-02-08 11:10:48,57,61,1688,4399
2023-02-08 11:10:49,56,61,1688,4399
2023-02-08 11:10:49,58,61,1688,4399
2023-02-08 11:11:19,57,61,1688,4399
2023-02-08 11:11:19,59,61,1688,4399
2023-02-08 11:12:22,60,61,1688,4399
2023-02-08 11:13:47,58,61,1688,4399
2023-02-08 11:13:47,56,61,1688,4399
2023-02-08 11:13:48,35,61,1688,4399
2023-02-08 11:13:48,61,62,1688,4449
2023-02-08 11:14:19,59,62,1688,4449
2023-02-08 11:14:19,57,62,1688,4449
2023-02-08 11:14:19,35,62,1688,4449
2023-02-08 11:14:19,58,62,1688,4449
2023-02-08 11:14:21,60,62,1688,4449
2023-02-08 11:15:41,60,63,1688,4449
2023-02-08 11:17:22,59,63,1688,4449
2023-02-08 11:17:49,60,63,1688,4449
2023-02-08 11:18:17,58,63,1688,4449
2023-02-08 11:18:18,56,63,1688,4449
2023-02-08 11:18:18,59,63,1688,4449
2023-02-08 11:18:47,58,63,1688,4449
2023-02-08 11:19:47,35,63,1688,4449
2023-02-08 11:19:47,55,63,1688,4449
2023-02-08 11:19:47,57,63,1688,4449
2023-02-08 11:20:22,55,63,1688,4449
2023-02-08 11:20:23,53,63,1688,4449
2023-02-08 11:20:23,35,63,1688,4449
2023-02-08 11:20:24,54,63,1688,4449
2023-02-08 11:20:24,58,63,1688,4449
2023-02-08 11:21:49,59,63,1688,4449
2023-02-08 11:22:48,57,63,1688,4449
2023-02-08 11:22:48,55,63,1688,4449
2023-02-08 11:22:48,60,63,1688,4449
2023-02-08 11:24:17,61,63,1688,4449
2023-02-08 11:26:49,59,63,1688,4449
2023-02-08 11:27:19,60,63,1688,4449
2023-02-08 11:27:48,58,63,1688,4449
2023-02-08 11:27:49,57,63,1688,4449
2023-02-08 11:27:49,59,63,1688,4449
2023-02-08 11:29:18,57,63,1688,4449
2023-02-08 11:29:19,60,63,1688,4449
2023-02-08 11:29:47,58,63,1688,4449
2023-02-08 11:29:48,35,63,1688,4449
2023-02-08 11:29:48,57,63,1688,4449
2023-02-08 11:29:48,61,63,1688,4449
2023-02-08 11:32:18,59,63,1688,4449
2023-02-08 11:32:18,61,63,1688,4449
2023-02-08 11:33:21,60,63,1688,4449
2023-02-08 11:33:51,56,63,1688,4449
2023-02-08 11:33:51,59,63,1688,4449
2023-02-08 11:34:47,57,63,1688,4449
2023-02-08 11:35:20,58,63,1688,4449
2023-02-08 11:35:39,59,63,1688,4449
2023-02-08 11:35:44,59,63,1695,4456
2023-02-08 11:36:17,59,64,1695,4456
2023-02-08 11:36:47,58,64,1695,4456
2023-02-08 11:36:47,60,64,1695,4456
2023-02-08 11:37:18,58,64,1695,4456
2023-02-08 11:37:18,35,64,1695,4456
2023-02-08 11:37:19,61,64,1695,4456
2023-02-08 11:40:51,59,64,1695,4456
2023-02-08 11:40:55,59,61,1695,4456
2023-02-08 11:41:01,57,61,1269,4882
2023-02-08 11:41:06,57,64,1269,4882
2023-02-08 11:41:18,35,64,1269,4882
2023-02-08 11:41:18,54,64,1269,4882
2023-02-08 11:41:19,56,64,1269,4882
2023-02-08 11:41:19,56,62,1269,4882
2023-02-08 11:41:39,57,62,1269,4882
2023-02-08 11:41:47,57,60,1269,4882
2023-02-08 11:42:39,54,60,1269,4882
2023-02-08 11:42:40,55,60,1269,4882
2023-02-08 11:42:47,55,62,1269,4882
2023-02-08 11:42:48,55,61,1269,4882
2023-02-08 11:42:48,56,61,1269,4882
2023-02-08 11:43:40,57,61,1269,4882
2023-02-08 11:44:39,55,61,1269,4882
2023-02-08 11:44:40,56,61,1269,4882
2023-02-08 11:44:47,56,62,1269,4882
2023-02-08 11:44:47,56,60,1269,4882
2023-02-08 11:45:21,56,62,1269,4882
2023-02-08 11:45:21,56,64,1269,4882
2023-02-08 11:45:21,56,63,1269,4882
2023-02-08 11:45:22,56,61,1269,4882
2023-02-08 11:45:37,61,63,1568,5181
2023-02-08 11:45:40,62,63,1568,5181
2023-02-08 11:46:39,58,63,1568,5181
2023-02-08 11:46:39,59,63,1568,5181
2023-02-08 11:46:48,59,64,1568,5181
2023-02-08 11:47:16,59,63,1568,5181
2023-02-08 11:47:40,60,63,1568,5181
2023-02-08 11:48:20,60,64,1568,5181
2023-02-08 11:48:40,58,64,1568,5181
2023-02-08 11:48:40,59,64,1568,5181
2023-02-08 11:50:40,60,64,1568,5181
2023-02-08 11:51:40,61,64,1568,5181
2023-02-08 11:53:17,61,63,1568,5181
2023-02-08 11:53:40,58,63,1568,5181
2023-02-08 11:53:40,59,63,1568,5181
2023-02-08 11:53:46,59,64,1568,5181
2023-02-08 11:53:46,59,62,1568,5181
2023-02-08 11:54:18,59,64,1568,5181
2023-02-08 11:54:18,59,61,1568,5181
2023-02-08 11:54:40,56,61,1568,5181
2023-02-08 11:54:40,57,61,1568,5181
2023-02-08 11:54:46,57,63,1873,5486
2023-02-08 11:54:47,58,63,1873,5486
2023-02-08 11:55:19,57,63,1873,5486
2023-02-08 11:55:19,59,63,1873,5486
2023-02-08 11:55:40,60,64,1873,5486
2023-02-08 11:56:40,61,64,1873,5486
2023-02-08 11:57:34,61,65,1973,5586
2023-02-08 11:57:40,62,65,1973,5586
2023-02-08 11:59:40,59,65,1973,5586
2023-02-08 11:59:40,60,65,1973,5586
2023-02-08 12:00:40,59,65,1973,5586
2023-02-08 12:00:46,55,65,1973,5586
2023-02-08 12:00:47,35,65,1973,5586
2023-02-08 12:00:47,56,65,1973,5586
2023-02-08 12:00:47,58,65,1973,5586
2023-02-08 12:00:48,60,65,1973,5586
2023-02-08 12:01:14,62,65,1973,5586
2023-02-08 12:06:22,63,65,1973,5586
2023-02-08 12:08:57,65,66,2023,5636
2023-02-08 12:09:03,63,66,2023,5636
2023-02-08 12:10:17,64,66,2023,5636
2023-02-08 12:15:21,64,65,2023,5636
2023-02-08 12:16:19,64,66,2023,5636
2023-02-08 12:16:20,64,65,2023,5636
2023-02-08 12:16:48,64,66,2023,5636
2023-02-08 12:22:48,63,66,2023,5636
2023-02-08 12:23:58,64,66,2023,5636
2023-02-08 12:25:35,66,67,2073,5686
2023-02-08 12:26:26,66,67,2102,5715
2023-02-08 12:30:46,63,67,2102,5715
2023-02-08 12:33:16,64,67,2102,5715
2023-02-08 12:35:48,64,66,2102,5715
2023-02-08 12:36:19,64,67,2102,5715
2023-02-08 12:39:48,64,66,2102,5715
2023-02-08 12:40:25,64,67,2102,5715
2023-02-08 12:40:26,64,65,2102,5715
2023-02-08 12:40:49,64,66,2102,5715
2023-02-08 12:41:17,64,67,2102,5715
2023-02-08 12:41:18,64,65,2102,5715
2023-02-08 12:42:21,64,67,2102,5715
2023-02-08 12:42:22,64,66,2102,5715
2023-02-08 12:42:47,64,67,2102,5715
2023-02-08 12:42:51,64,65,2102,5715
2023-02-08 12:43:56,65,67,2545,6158
2023-02-08 12:44:12,65,67,2560,6173
2023-02-08 12:44:19,65,69,2560,6173
2023-02-08 12:44:19,65,68,2560,6173
2023-02-08 12:44:20,65,66,2560,6173
2023-02-08 12:44:59,66,68,2913,6526
2023-02-08 12:45:47,66,73,2913,6526
2023-02-08 12:45:48,66,71,2913,6526
2023-02-08 12:45:49,66,69,2913,6526
2023-02-08 12:46:19,66,68,2913,6526
2023-02-08 12:47:48,65,68,2913,6526
2023-02-08 12:47:49,63,68,2913,6526
2023-02-08 12:47:50,63,71,2913,6526
2023-02-08 12:47:50,63,69,2913,6526
2023-02-08 12:50:17,64,69,2913,6526
2023-02-08 12:50:48,64,71,2913,6526
2023-02-08 12:50:48,64,72,2913,6526
2023-02-08 12:50:49,64,68,2913,6526
2023-02-08 12:52:49,64,70,2913,6526
2023-02-08 12:52:49,64,68,2913,6526
2023-02-08 12:54:17,64,69,2913,6526
2023-02-08 12:54:46,64,71,2913,6526
2023-02-08 12:54:47,64,72,2913,6526
2023-02-08 12:54:47,64,68,2913,6526
2023-02-08 12:55:21,64,69,2913,6526
2023-02-08 12:55:36,64,69,2958,6571
2023-02-08 12:56:48,64,72,2958,6571
2023-02-08 12:56:49,65,72,2958,6571
2023-02-08 12:56:52,65,70,2958,6571
2023-02-08 12:57:18,64,70,2958,6571
2023-02-08 12:57:47,64,72,2958,6571
2023-02-08 12:57:47,64,69,2958,6571
2023-02-08 12:58:48,65,69,2958,6571
2023-02-08 12:58:52,65,70,2958,6571
2023-02-08 12:59:46,65,72,2958,6571
2023-02-08 12:59:47,65,71,2958,6571
2023-02-08 12:59:48,65,69,2958,6571
2023-02-08 12:59:50,64,69,2958,6571
2023-02-08 13:00:26,64,72,2958,6571
2023-02-08 13:00:27,64,68,2958,6571
2023-02-08 13:01:19,64,70,2958,6571
2023-02-08 13:01:19,64,69,2958,6571
2023-02-08 13:02:10,64,69,2959,6572
2023-02-08 13:02:20,64,67,2959,6572
2023-02-08 13:02:47,64,69,2959,6572
2023-02-08 13:02:48,64,68,2959,6572
2023-02-08 13:03:20,64,67,2959,6572
2023-02-08 13:04:17,64,71,2959,6572
2023-02-08 13:04:18,64,68,2959,6572
2023-02-08 13:04:47,64,72,2959,6572
2023-02-08 13:04:47,64,69,2959,6572
2023-02-08 13:04:47,64,67,2959,6572
2023-02-08 13:05:21,64,68,2959,6572
2023-02-08 13:06:17,64,70,2959,6572
2023-02-08 13:06:18,65,70,2959,6572
2023-02-08 13:06:28,65,70,3009,6622
2023-02-08 13:06:46,65,72,3009,6622
2023-02-08 13:06:46,64,72,3009,6622
2023-02-08 13:06:46,64,69,3009,6622
2023-02-08 13:07:18,64,67,3009,6622
2023-02-08 13:07:51,60,63,3159,6772
2023-02-08 13:08:03,59,63,3159,6772
2023-02-08 13:08:18,59,64,3159,6772
2023-02-08 13:08:19,60,64,3159,6772
2023-02-08 13:08:19,58,64,3169,7163
2023-02-08 13:08:25,56,64,3169,7173
2023-02-08 13:08:46,56,63,3169,7173
2023-02-08 13:08:47,58,63,3169,7173
2023-02-08 13:09:15,58,65,3169,7173
2023-02-08 13:09:16,56,65,3169,7173
2023-02-08 13:09:16,56,62,3169,7173
2023-02-08 13:09:47,58,62,3169,7173
2023-02-08 13:09:49,58,64,3169,7173
2023-02-08 13:10:25,58,72,3169,7173
2023-02-08 13:10:25,58,67,3169,7173
2023-02-08 13:10:25,60,67,3169,7173
2023-02-08 13:10:26,60,65,3169,7173
2023-02-08 13:10:43,60,64,3169,7173
2023-02-08 13:10:49,62,64,3169,7173
2023-02-08 13:10:55,62,67,3169,7173
2023-02-08 13:11:14,62,66,3169,7173
2023-02-08 13:11:27,62,68,3169,7173
2023-02-08 13:11:36,62,67,3169,7173
2023-02-08 13:12:20,35,67,3169,7535
2023-02-08 13:12:20,61,67,3169,7535
2023-02-08 13:12:48,59,67,3169,7535
2023-02-08 13:12:49,59,65,3169,7535
2023-02-08 13:13:19,57,65,3169,7535
2023-02-08 13:13:19,57,63,3169,7535
2023-02-08 13:14:13,57,65,3600,7966
2023-02-08 13:14:16,55,65,3600,7966
2023-02-08 13:14:16,56,65,3600,7966
2023-02-08 13:14:16,58,65,3600,7966
2023-02-08 13:14:45,58,67,3600,7966
2023-02-08 13:14:45,61,67,3600,7966
2023-02-08 13:14:47,61,66,3600,7966
2023-02-08 13:15:20,61,67,3600,7966
2023-02-08 13:16:20,61,66,3600,7966
2023-02-08 13:16:23,60,66,3600,7966
2023-02-08 13:16:47,60,67,3600,7966
2023-02-08 13:16:47,62,67,3600,7966
2023-02-08 13:17:18,60,67,3600,7966
2023-02-08 13:17:18,35,67,3600,7966
2023-02-08 13:17:19,57,67,3600,7966
2023-02-08 13:17:19,61,67,3600,7966
2023-02-08 13:17:49,59,67,3600,7966
2023-02-08 13:17:49,57,67,3600,7966
2023-02-08 13:17:50,62,67,3600,7966
2023-02-08 13:17:50,64,67,3600,7966
2023-02-08 13:18:16,63,67,3600,7966
2023-02-08 13:18:16,65,67,3600,7966
2023-02-08 13:19:17,60,67,3600,7966
2023-02-08 13:19:17,62,67,3600,7966
2023-02-08 13:19:17,64,67,3600,7966
2023-02-08 13:20:50,62,67,3600,7966
2023-02-08 13:21:42,64,67,3600,7966
2023-02-08 13:21:59,66,67,3600,7966
2023-02-08 13:22:29,66,69,3600,7966
2023-02-08 13:22:31,64,69,3600,8016
2023-02-08 13:22:34,65,69,3600,8016
2023-02-08 13:22:47,65,71,3600,8016
2023-02-08 13:22:47,65,70,3600,8016
2023-02-08 13:22:48,65,68,3600,8016
2023-02-08 13:23:17,65,70,3600,8016
2023-02-08 13:23:18,65,67,3600,8016
2023-02-08 13:24:48,65,66,3600,8016
2023-02-08 13:25:47,65,68,3600,8016
2023-02-08 13:26:47,65,70,3600,8016
2023-02-08 13:26:47,65,69,3600,8016
2023-02-08 13:26:47,65,67,3600,8016
2023-02-08 13:27:12,67,69,3920,8336
2023-02-08 13:27:18,67,69,3966,8382
2023-02-08 13:27:18,67,71,4311,8727
2023-02-08 13:27:47,69,71,4311,8727
2023-02-08 13:27:47,69,78,4311,8727
2023-02-08 13:27:47,69,76,4311,8727
2023-02-08 13:27:48,69,74,4311,8727
2023-02-08 13:28:17,69,77,4311,8727
2023-02-08 13:28:17,69,75,4311,8727
2023-02-08 13:28:17,68,75,4311,8727
2023-02-08 13:28:17,70,75,4311,8727
2023-02-08 13:28:21,70,73,4311,8727
2023-02-08 13:28:32,70,71,4311,8727
2023-02-08 13:29:08,70,75,4311,8727
2023-02-08 13:29:16,70,79,4311,8727
2023-02-08 13:29:16,71,79,4311,8727
2023-02-08 13:29:16,71,78,4311,8727
2023-02-08 13:29:17,71,76,4311,8727
2023-02-08 13:29:17,71,73,4311,8727
2023-02-08 13:30:22,71,76,4311,9496
2023-02-08 13:30:49,69,76,4311,9496
2023-02-08 13:30:49,71,76,4311,9496
2023-02-08 13:31:17,71,77,4311,9496
2023-02-08 13:31:18,72,77,4311,9496
2023-02-08 13:33:47,70,77,4311,9496
2023-02-08 13:33:49,72,77,4311,9496
2023-02-08 13:36:17,73,77,4311,9496
2023-02-08 13:37:46,73,78,4311,9496
2023-02-08 13:39:54,71,78,4311,9749
2023-02-08 13:40:25,69,78,4311,9749
2023-02-08 13:40:25,72,78,4311,9749
2023-02-08 13:40:26,72,77,4311,9749
2023-02-08 13:41:47,72,78,4311,9749
2023-02-08 13:41:48,72,77,4311,9749
2023-02-08 13:42:19,73,77,4311,9749
2023-02-08 13:42:21,73,78,4311,9749
2023-02-08 13:43:46,73,77,4311,9749
2023-02-08 13:44:18,73,78,4311,9749
2023-02-08 13:45:19,74,78,4311,9749
2023-02-08 13:45:48,72,78,4311,9749
2023-02-08 13:45:48,70,78,4311,9749
2023-02-08 13:45:48,73,78,4311,9749
2023-02-08 13:46:17,71,78,4311,9749
2023-02-08 13:46:17,69,78,4311,9749
2023-02-08 13:46:17,72,78,4311,9749
2023-02-08 13:46:17,74,78,4311,9749
2023-02-08 13:49:19,73,78,4311,9749
2023-02-08 13:50:24,69,78,4311,9749
2023-02-08 13:50:24,68,78,4311,9749
2023-02-08 13:50:24,70,78,4311,9749
2023-02-08 13:50:25,74,78,4311,9749
2023-02-08 13:51:17,72,78,4311,9749
2023-02-08 13:51:17,74,78,4311,9749
2023-02-08 13:51:49,74,79,4411,9849
2023-02-08 13:53:47,72,79,4411,9849
2023-02-08 13:53:49,74,79,4411,9849
2023-02-08 13:55:47,72,79,4411,9849
2023-02-08 13:55:47,71,79,4411,9849
2023-02-08 13:55:47,73,79,4411,9849
2023-02-08 13:55:47,75,79,4411,9849
2023-02-08 13:56:19,74,79,4411,9849
2023-02-08 13:56:49,71,79,4411,9849
2023-02-08 13:56:50,75,79,4411,9849
2023-02-08 13:56:51,75,82,4411,9849
2023-02-08 13:56:52,75,80,4411,9849
2023-02-08 13:59:47,76,80,4411,9849
2023-02-08 14:00:48,76,82,4411,9849
2023-02-08 14:00:48,76,81,4411,9849
2023-02-08 14:01:19,76,82,4411,9849
2023-02-08 14:01:19,76,80,4411,9849
2023-02-08 14:01:20,73,80,4411,9849
2023-02-08 14:01:20,75,80,4411,9849
2023-02-08 14:02:04,75,80,4435,9873
2023-02-08 14:02:18,75,82,4435,9873
2023-02-08 14:02:18,75,80,4435,9873
2023-02-08 14:03:18,75,82,4435,9873
2023-02-08 14:03:18,75,81,4435,9873
2023-02-08 14:03:19,74,81,4435,9873
2023-02-08 14:03:20,76,81,4435,9873
2023-02-08 14:06:46,77,81,4435,9873
2023-02-08 14:07:19,76,81,4435,9873
2023-02-08 14:07:46,76,82,4435,9873
2023-02-08 14:07:46,76,81,4435,9873
2023-02-08 14:08:47,77,81,4435,9873
2023-02-08 14:09:18,77,82,4435,9873
2023-02-08 14:09:47,75,82,4435,9873
2023-02-08 14:09:47,77,82,4435,9873
2023-02-08 14:10:48,76,82,4435,9873
2023-02-08 14:10:48,78,82,4435,9873
2023-02-08 14:11:46,76,82,4435,9873
2023-02-08 14:11:46,77,82,4435,9873
2023-02-08 14:12:17,77,81,4435,9873
2023-02-08 14:12:47,77,82,4435,9873
2023-02-08 14:13:49,75,82,4435,9873
2023-02-08 14:13:51,77,82,4435,9873
2023-02-08 14:16:17,77,80,4435,9873
2023-02-08 14:16:20,75,80,4435,9873
2023-02-08 14:16:46,73,80,4435,9873
2023-02-08 14:16:46,73,81,4435,9873
2023-02-08 14:16:47,73,79,4435,9873
2023-02-08 14:16:47,70,79,4435,9873
2023-02-08 14:16:47,74,79,4435,9873
2023-02-08 14:17:50,75,79,4435,9873
2023-02-08 14:18:19,75,80,4435,9873
2023-02-08 14:18:46,75,82,4435,9873
2023-02-08 14:18:46,78,82,4435,9873
2023-02-08 14:19:43,79,82,4435,9873
2023-02-08 14:19:48,79,81,4435,9873
2023-02-08 14:20:24,76,81,4435,9873
2023-02-08 14:20:47,77,81,4435,9873
2023-02-08 14:20:48,77,82,4435,9873
2023-02-08 14:21:16,78,82,4435,9873
2023-02-08 14:21:18,78,84,4435,9873
2023-02-08 14:21:19,79,84,4435,9873
2023-02-08 14:22:16,80,84,4435,9873
2023-02-08 14:22:46,79,84,4435,9873
2023-02-08 14:23:17,77,84,4435,9873
2023-02-08 14:23:17,78,84,4435,9873
2023-02-08 14:23:18,80,84,4435,9873
2023-02-08 14:25:08,80,84,4435,9883
2023-02-08 14:25:47,81,84,4435,9883
2023-02-08 14:26:50,80,84,4435,9883
2023-02-08 14:26:51,82,84,4435,9883
2023-02-08 14:27:58,84,86,4435,9893
2023-02-08 14:31:24,84,86,4465,9923
2023-02-08 14:36:17,84,86,4465,9940
2023-02-08 14:37:00,85,86,4465,9940
2023-02-08 14:37:17,85,88,4465,9943
2023-02-08 14:38:58,85,88,4467,9965
2023-02-08 14:39:16,85,89,4467,9965
2023-02-08 14:41:21,85,89,4472,9970
2023-02-08 14:42:16,85,90,4472,9970
2023-02-08 14:42:17,85,89,4472,9970
2023-02-08 14:42:47,85,88,4472,9970
2023-02-08 14:43:20,84,85,4522,10020
2023-02-08 14:43:48,82,84,4607,10105
2023-02-08 14:44:03,83,84,4607,10105
2023-02-08 14:44:14,83,84,4612,10110
2023-02-08 14:44:15,84,86,4734,10232
2023-02-08 14:44:17,84,85,4734,10232
2023-02-08 14:44:19,83,85,4734,10232
2023-02-08 14:44:22,84,85,4734,10232
2023-02-08 14:44:23,84,85,4745,10243
2023-02-08 14:44:32,84,85,4752,10250
2023-02-08 14:44:47,84,85,4759,10257
2023-02-08 14:44:47,84,88,4759,10257
2023-02-08 14:46:15,84,87,4759,10257
2023-02-08 14:47:21,85,87,4759,10257
2023-02-08 14:47:21,85,88,4759,10257
2023-02-08 14:47:47,85,89,4759,10257
2023-02-08 14:47:52,84,89,4759,10257
2023-02-08 14:47:52,84,88,4759,10257
2023-02-08 14:47:57,85,88,4759,10257
2023-02-08 14:48:05,84,88,4759,10257
2023-02-08 14:48:07,84,87,4759,10257
2023-02-08 14:48:33,84,86,4759,10257
2023-02-08 14:48:49,83,86,4759,10257
2023-02-08 14:49:03,83,87,4759,10257
2023-02-08 14:49:03,83,86,4759,10257
2023-02-08 14:49:09,83,87,4759,10257
2023-02-08 14:49:17,83,85,4759,10257
2023-02-08 14:49:45,83,86,4759,10257
2023-02-08 14:50:17,84,86,4759,10257
2023-02-08 14:50:21,83,86,4759,10257
2023-02-08 14:50:22,83,86,4764,10262
2023-02-08 14:50:39,84,86,4764,10262
2023-02-08 14:50:47,84,87,4764,10262
2023-02-08 14:50:54,85,87,4764,10262
2023-02-08 14:51:03,86,87,4764,10262
2023-02-08 14:51:21,86,88,4764,10262
2023-02-08 14:51:31,87,88,4764,10262
2023-02-08 14:51:48,87,89,4764,10262
2023-02-08 14:51:56,87,90,4764,10262
2023-02-08 14:54:39,87,90,4764,10267
2023-02-08 14:55:14,87,91,4766,10278
2023-02-08 14:55:47,87,90,4766,10278
2023-02-08 14:55:55,88,90,4766,10278
2023-02-08 14:56:03,87,90,4766,10278
2023-02-08 14:56:07,88,90,4766,10278
2023-02-08 14:56:07,87,90,4766,10278
2023-02-08 14:56:18,87,91,4766,10278
2023-02-08 14:56:21,88,91,4766,10278
2023-02-08 14:56:50,88,92,4766,10278
2023-02-08 14:57:32,89,92,4766,10278
2023-02-08 14:57:51,89,92,4787,10299
2023-02-08 14:58:17,89,93,4787,10299
2023-02-08 15:00:39,89,93,4867,10379
2023-02-08 15:01:19,90,93,4867,10379
2023-02-08 15:01:48,90,94,4867,10379
2023-02-08 15:02:18,90,93,4867,10379
2023-02-08 15:02:18,89,93,4867,10379
2023-02-08 15:02:51,90,93,4867,10379
2023-02-08 15:04:49,90,92,4867,10379
2023-02-08 15:05:05,88,92,4867,10379
2023-02-08 15:05:19,88,91,4867,10379
2023-02-08 15:05:20,87,91,4867,10379
2023-02-08 15:05:47,87,90,4867,10379
2023-02-08 15:05:48,86,87,4867,10404
2023-02-08 15:05:51,86,90,4867,10404
2023-02-08 15:06:23,85,90,4867,10404
2023-02-08 15:06:23,85,89,4867,10404
2023-02-08 15:06:24,84,89,4867,10404
2023-02-08 15:06:30,83,89,4681,10590
2023-02-08 15:06:38,82,89,4681,10590
2023-02-08 15:06:38,82,87,4681,10590
2023-02-08 15:06:42,82,89,4681,10590
2023-02-08 15:06:42,83,89,4681,10590
2023-02-08 15:06:47,83,88,4681,10590
2023-02-08 15:06:47,83,86,4681,10590
2023-02-08 15:07:09,84,86,4681,10590
2023-02-08 15:07:11,83,86,4681,10590
2023-02-08 15:07:14,84,86,4681,10590
2023-02-08 15:07:19,84,85,4681,10590
2023-02-08 15:07:20,83,85,4681,10590
2023-02-08 15:07:47,83,86,4681,10590
2023-02-08 15:07:48,84,86,4681,10590
2023-02-08 15:07:48,85,86,4681,10590
2023-02-08 15:08:04,84,86,4681,10590
2023-02-08 15:08:05,85,86,4681,10590
2023-02-08 15:08:07,84,86,4681,10590
2023-02-08 15:08:18,84,87,4681,10590
2023-02-08 15:08:29,83,87,4681,10590
2023-02-08 15:08:48,83,85,4681,10590
2023-02-08 15:08:48,82,85,4681,10590
2023-02-08 15:09:03,83,85,4681,10590
2023-02-08 15:09:05,82,85,4681,10590
2023-02-08 15:09:10,83,85,4681,10590
2023-02-08 15:09:27,83,85,4701,10610
2023-02-08 15:09:39,85,86,4859,10768
2023-02-08 15:09:47,85,87,4859,10768
2023-02-08 15:09:51,86,87,4859,10768
2023-02-08 15:09:56,84,87,4859,10768
2023-02-08 15:10:19,86,87,4859,10768
2023-02-08 15:10:26,86,89,4859,10768
2023-02-08 15:10:36,86,88,4859,10768
2023-02-08 15:10:49,85,88,4859,10768
2023-02-08 15:11:02,85,86,4859,10768
2023-02-08 15:11:05,84,86,4764,10863
2023-02-08 15:11:06,84,85,4764,10863
2023-02-08 15:11:15,84,85,4764,10883
2023-02-08 15:11:16,83,85,4764,10883
2023-02-08 15:11:18,83,88,4764,10883
2023-02-08 15:11:19,83,87,4764,10883
2023-02-08 15:11:47,81,87,4764,10883
2023-02-08 15:11:47,81,84,4764,10883
2023-02-08 15:12:11,80,84,4764,10883
2023-02-08 15:12:14,81,84,4764,10883
2023-02-08 15:12:15,82,84,4764,10883
2023-02-08 15:12:47,82,86,4764,10883
2023-02-08 15:12:48,82,83,4764,10883
2023-02-08 15:12:58,82,83,4784,10903
2023-02-08 15:13:19,82,84,4784,10903
2023-02-08 15:13:36,82,83,4784,10903
2023-02-08 15:13:37,82,84,4784,10903
2023-02-08 15:13:38,82,83,4784,10903
2023-02-08 15:13:53,80,83,4784,10903
2023-02-08 15:14:07,80,81,4784,10903
2023-02-08 15:14:10,80,83,4784,10903
2023-02-08 15:14:17,80,81,4784,10903
2023-02-08 15:14:47,80,83,4784,10903
2023-02-08 15:14:59,81,83,4784,10903
2023-02-08 15:15:11,82,83,4784,10903
2023-02-08 15:15:13,83,85,4876,10995
2023-02-08 15:15:19,82,85,4876,10995
2023-02-08 15:15:23,80,85,4876,10995
2023-02-08 15:15:28,85,86,5038,11157
2023-02-08 15:15:40,80,86,5038,11157
2023-02-08 15:15:40,80,87,5117,11236
2023-02-08 15:15:47,82,87,5117,11236
2023-02-08 15:15:47,82,89,5117,11236
2023-02-08 15:15:49,82,88,5117,11236
2023-02-08 15:15:49,83,88,5117,11236
2023-02-08 15:15:49,83,87,5117,11236
2023-02-08 15:15:53,84,87,5117,11236
2023-02-08 15:16:16,86,87,5117,11236
2023-02-08 15:16:17,86,89,5117,11236
2023-02-08 15:16:17,86,90,5117,11236
2023-02-08 15:16:27,86,89,5117,11236
2023-02-08 15:16:28,86,90,5117,11236
2023-02-08 15:16:53,86,89,5117,11236
2023-02-08 15:17:04,86,90,5117,11236
2023-02-08 15:17:06,86,89,5117,11236
2023-02-08 15:17:26,86,88,5117,11236
2023-02-08 15:17:29,86,90,5117,11236
2023-02-08 15:17:31,86,88,5117,11236
2023-02-08 15:17:48,86,90,5117,11236
2023-02-08 15:17:48,86,89,5117,11236
2023-02-08 15:17:48,86,88,5117,11236
2023-02-08 15:17:48,84,88,5117,11236
2023-02-08 15:18:18,84,89,5117,11236
2023-02-08 15:18:23,84,88,5117,11236
2023-02-08 15:18:48,84,87,5117,11236
2023-02-08 15:19:05,84,88,5117,11236
2023-02-08 15:19:06,84,87,5117,11236
2023-02-08 15:19:19,82,87,5117,11236
2023-02-08 15:19:22,82,85,5117,11236
2023-02-08 15:19:30,82,87,5117,11236
2023-02-08 15:19:48,80,87,5117,11236
2023-02-08 15:19:49,80,85,5117,11236
2023-02-08 15:19:49,81,85,5117,11236
2023-02-08 15:19:51,81,83,5117,11236
2023-02-08 15:19:52,81,85,5117,11236
2023-02-08 15:19:53,81,83,5117,11236
2023-02-08 15:20:02,81,83,5117,11241
2023-02-08 15:20:03,81,85,5117,11241
2023-02-08 15:20:10,83,85,5117,11241
2023-02-08 15:20:10,81,85,5077,11286
2023-02-08 15:20:15,81,85,5082,11291
2023-02-08 15:20:23,81,83,5082,11291
2023-02-08 15:20:24,80,81,5087,11296
2023-02-08 15:20:27,80,81,5122,11331
2023-02-08 15:20:34,81,83,5173,11382
2023-02-08 15:20:36,81,83,5178,11387
2023-02-08 15:20:40,83,85,5307,11516
2023-02-08 15:20:47,85,87,5447,11656
2023-02-08 15:20:49,85,86,5447,11656
2023-02-08 15:20:51,82,86,5447,11656
2023-02-08 15:21:08,86,87,5512,11721
2023-02-08 15:21:13,82,87,5512,11721
2023-02-08 15:21:18,84,87,5512,11721
2023-02-08 15:21:21,85,87,5512,11721
2023-02-08 15:21:24,85,88,5512,11741
2023-02-08 15:21:29,86,88,5512,11741
2023-02-08 15:21:32,86,89,5590,11819
2023-02-08 15:21:38,86,91,5590,11990
2023-02-08 15:21:43,86,92,5570,12010
2023-02-08 15:21:43,87,92,5570,12010
2023-02-08 15:21:47,87,93,5570,12010
2023-02-08 15:21:50,88,93,5570,12010
2023-02-08 15:21:50,88,95,5570,12010
2023-02-08 15:21:57,90,95,5570,12010
2023-02-08 15:22:02,90,93,5570,12010
2023-02-08 15:22:20,90,92,5570,12010
2023-02-08 15:22:23,90,94,5570,12010
2023-02-08 15:22:23,90,95,5570,12010
2023-02-08 15:22:23,90,92,5570,12010
2023-02-08 15:22:26,90,92,5570,12015
2023-02-08 15:22:48,90,95,5570,12015
2023-02-08 15:22:48,90,94,5570,12015
2023-02-08 15:22:59,90,94,5570,12020
2023-02-08 15:22:59,91,94,5570,12020
2023-02-08 15:23:12,91,96,5625,12085
2023-02-08 15:23:14,92,96,5625,12085
2023-02-08 15:23:16,91,96,5625,12085
2023-02-08 15:23:24,91,95,5625,12085
2023-02-08 15:23:46,91,93,5625,12085
2023-02-08 15:23:49,91,93,5630,12090
2023-02-08 15:24:28,91,93,5635,12095
2023-02-08 15:25:23,91,94,5635,12095
2023-02-08 15:25:24,92,94,5635,12095
2023-02-08 15:25:27,92,94,5640,12100
2023-02-08 15:25:33,91,94,5640,12100
2023-02-08 15:25:43,92,94,5640,12100
2023-02-08 15:26:23,93,94,5640,12100
2023-02-08 15:26:24,92,94,5640,12100
2023-02-08 15:26:25,93,94,5640,12100
2023-02-08 15:26:34,92,94,5640,12100
2023-02-08 15:26:54,91,94,5640,12100
2023-02-08 15:26:54,92,94,5640,12100
2023-02-08 15:26:55,91,94,5640,12100
2023-02-08 15:26:57,92,94,5640,12100
2023-02-08 15:26:59,91,94,5640,12100
2023-02-08 15:27:23,90,94,5640,12115
2023-02-08 15:27:37,92,94,5640,12115
2023-02-08 15:27:38,90,94,5640,12115
2023-02-08 15:27:46,92,94,5640,12115
2023-02-08 15:27:47,92,93,5640,12115
2023-02-08 15:27:48,90,93,5640,12115
2023-02-08 15:27:50,92,93,5640,12115
2023-02-08 15:27:51,90,93,5640,12115
2023-02-08 15:28:01,90,93,5645,12120
2023-02-08 15:28:14,91,93,5645,12120
2023-02-08 15:28:18,90,93,5645,12120
2023-02-08 15:28:19,90,94,5645,12120
2023-02-08 15:28:26,90,93,5645,12120
2023-02-08 15:28:51,90,92,5645,12120
2023-02-08 15:29:15,90,93,5645,12120
2023-02-08 15:29:32,92,93,5645,12120
2023-02-08 15:29:35,92,93,5650,12125
2023-02-08 15:29:46,92,94,5650,12125
2023-02-08 15:30:02,90,94,5650,12125
2023-02-08 15:30:03,92,94,5650,12125
2023-02-08 15:30:09,90,94,5650,12125
2023-02-08 15:30:09,92,94,5650,12125
2023-02-08 15:30:47,92,95,5650,12125
2023-02-08 15:31:03,94,95,5650,12125
2023-02-08 15:31:23,94,95,5700,12175
2023-02-08 15:32:18,93,95,5700,12175
2023-02-08 15:32:25,93,96,5700,12175
2023-02-08 15:32:27,94,96,5700,12175
2023-02-08 15:32:35,93,96,5700,12175
2023-02-08 15:32:46,92,96,5700,12175
2023-02-08 15:32:48,92,95,5700,12175
2023-02-08 15:33:18,92,94,5700,12175
2023-02-08 15:33:24,91,94,5700,12175
2023-02-08 15:33:28,92,94,5700,12175
2023-02-08 15:33:42,91,94,5700,12175
2023-02-08 15:33:45,92,94,5700,12175
2023-02-08 15:34:45,90,94,5700,12175
2023-02-08 15:34:46,90,94,5705,12180
2023-02-08 15:35:02,92,94,5705,12180
2023-02-08 15:35:03,90,94,5705,12180
2023-02-08 15:35:04,92,94,5705,12180
2023-02-08 15:35:49,92,95,5705,12180
2023-02-08 15:36:07,94,95,5705,12180
2023-02-08 15:37:42,94,95,5710,12185
2023-02-08 15:37:43,95,96,5720,12205
2023-02-08 15:37:57,95,96,5725,12210
2023-02-08 15:38:23,95,99,6165,12650
2023-02-08 15:39:12,94,99,6165,12650
2023-02-08 15:40:32,96,99,6165,12650
2023-02-08 15:42:22,97,99,6165,12650
2023-02-08 15:43:21,97,98,6165,12650
2023-02-08 15:43:51,98,99,6215,12700
2023-02-08 15:44:12,97,99,6215,12700
2023-02-08 15:44:15,97,99,6265,12750
2023-02-08 15:45:06,97,100,7265,13750
2023-02-08 15:46:24,96,100,7265,13750
2023-02-08 15:47:25,97,100,7265,13750
2023-02-08 15:49:07,98,100,7265,13750
2023-02-08 15:49:16,97,100,7265,13750
2023-02-08 15:50:09,98,100,7265,13750
2023-02-08 15:50:33,99,100,7265,13750
