datetime,bid,ask,open_interest,volume
2023-08-17 09:32:08,41,93,101,101
2023-08-17 09:35:02,62,93,101,101
2023-08-17 09:35:02,62,72,101,101
2023-08-17 09:35:45,41,72,101,101
2023-08-17 09:35:45,41,93,101,101
2023-08-17 09:35:45,64,93,101,101
2023-08-17 09:35:45,64,76,101,101
2023-08-17 09:35:45,64,74,101,101
2023-08-17 09:36:01,64,93,101,101
2023-08-17 09:36:01,41,93,101,101
2023-08-17 09:36:01,62,93,101,101
2023-08-17 09:36:01,62,74,101,101
2023-08-17 09:36:01,62,72,101,101
2023-08-17 09:36:28,41,72,101,101
2023-08-17 09:36:28,41,93,101,101
2023-08-17 09:36:28,63,93,101,101
2023-08-17 09:36:28,63,76,101,101
2023-08-17 09:36:28,63,74,101,101
2023-08-17 09:36:58,63,93,101,101
2023-08-17 09:36:58,41,93,101,101
2023-08-17 09:36:58,62,93,101,101
2023-08-17 09:36:58,62,72,101,101
2023-08-17 09:37:58,59,93,101,101
2023-08-17 09:37:58,61,93,101,101
2023-08-17 09:37:58,61,73,101,101
2023-08-17 09:37:58,61,72,101,101
2023-08-17 09:38:59,60,93,101,101
2023-08-17 09:38:59,60,72,101,101
2023-08-17 09:39:23,60,93,101,101
2023-08-17 09:39:23,41,93,101,101
2023-08-17 09:39:23,59,93,101,101
2023-08-17 09:39:23,59,72,101,101
2023-08-17 09:39:23,59,69,101,101
2023-08-17 09:39:36,41,69,101,101
2023-08-17 09:39:36,41,93,101,101
2023-08-17 09:39:36,60,93,101,101
2023-08-17 09:39:36,60,70,101,101
2023-08-17 09:40:21,60,93,101,101
2023-08-17 09:40:21,41,93,101,101
2023-08-17 09:40:21,56,93,101,101
2023-08-17 09:40:21,59,93,101,101
2023-08-17 09:40:21,59,72,101,101
2023-08-17 09:40:21,59,69,101,101
2023-08-17 09:41:21,57,93,101,101
2023-08-17 09:41:21,57,72,101,101
2023-08-17 09:41:21,57,69,101,101
2023-08-17 09:41:27,41,69,101,101
2023-08-17 09:41:27,41,93,101,101
2023-08-17 09:41:27,56,93,101,101
2023-08-17 09:41:27,60,93,101,101
2023-08-17 09:41:27,60,70,101,101
2023-08-17 09:42:04,41,70,101,101
2023-08-17 09:42:04,41,93,101,101
2023-08-17 09:42:04,61,93,101,101
2023-08-17 09:42:04,61,72,101,101
2023-08-17 09:42:09,41,72,101,101
2023-08-17 09:42:09,41,93,101,101
2023-08-17 09:42:09,60,93,101,101
2023-08-17 09:42:09,62,93,101,101
2023-08-17 09:42:09,62,75,101,101
2023-08-17 09:42:09,62,73,101,101
2023-08-17 09:42:23,41,73,101,101
2023-08-17 09:42:23,41,93,101,101
2023-08-17 09:42:23,62,93,101,101
2023-08-17 09:42:23,64,93,101,101
2023-08-17 09:42:23,64,76,101,101
2023-08-17 09:42:23,64,74,101,101
2023-08-17 09:43:11,41,74,101,101
2023-08-17 09:43:11,41,93,101,101
2023-08-17 09:43:11,63,93,101,101
2023-08-17 09:43:11,65,93,101,101
2023-08-17 09:43:11,65,75,101,101
2023-08-17 09:43:32,65,93,101,101
2023-08-17 09:43:32,41,93,101,101
2023-08-17 09:43:32,62,93,101,101
2023-08-17 09:43:32,64,93,101,101
2023-08-17 09:43:32,64,76,101,101
2023-08-17 09:43:32,64,74,101,101
2023-08-17 09:43:36,64,93,101,101
2023-08-17 09:43:36,41,93,101,101
2023-08-17 09:43:36,62,93,101,101
2023-08-17 09:43:36,62,72,101,101
2023-08-17 09:44:20,62,93,101,101
2023-08-17 09:44:20,41,93,101,101
2023-08-17 09:44:20,57,93,101,101
2023-08-17 09:44:20,60,93,101,101
2023-08-17 09:44:20,60,72,101,101
2023-08-17 09:44:26,60,93,101,101
2023-08-17 09:44:26,41,93,101,101
2023-08-17 09:44:26,59,93,101,101
2023-08-17 09:44:26,59,72,101,101
2023-08-17 09:44:26,59,69,101,101
2023-08-17 09:44:49,59,93,101,101
2023-08-17 09:44:49,41,93,101,101
2023-08-17 09:44:49,55,93,101,101
2023-08-17 09:44:49,57,93,101,101
2023-08-17 09:44:49,57,70,101,101
2023-08-17 09:44:49,57,68,101,101
2023-08-17 09:45:14,57,93,101,101
2023-08-17 09:45:14,41,93,101,101
2023-08-17 09:45:14,56,93,101,101
2023-08-17 09:45:14,56,69,101,101
2023-08-17 09:45:14,56,67,101,101
2023-08-17 09:45:38,56,93,101,101
2023-08-17 09:45:38,41,93,101,101
2023-08-17 09:45:38,52,93,101,101
2023-08-17 09:45:38,55,93,101,101
2023-08-17 09:45:38,55,67,101,101
2023-08-17 09:45:38,55,65,101,101
2023-08-17 09:46:38,54,93,101,101
2023-08-17 09:46:38,54,67,101,101
2023-08-17 09:46:38,54,65,101,101
2023-08-17 09:47:30,55,65,101,101
2023-08-17 09:47:30,55,64,101,101
2023-08-17 09:47:31,54,64,101,101
2023-08-17 09:47:31,56,64,101,101
2023-08-17 09:47:32,54,64,101,101
2023-08-17 09:47:32,57,64,101,101
2023-08-17 09:47:32,57,63,101,101
2023-08-17 09:47:33,58,63,101,101
2023-08-17 09:47:35,58,64,101,101
2023-08-17 09:47:35,54,64,101,101
2023-08-17 09:47:36,55,64,101,101
2023-08-17 09:47:36,56,64,101,101
2023-08-17 09:47:37,57,64,101,101
2023-08-17 09:47:38,56,64,101,101
2023-08-17 09:47:38,58,64,101,101
2023-08-17 09:47:39,59,64,101,101
2023-08-17 09:47:40,59,63,101,101
2023-08-17 09:47:41,59,64,101,101
2023-08-17 09:47:44,59,63,101,101
2023-08-17 09:47:45,59,64,101,101
2023-08-17 09:47:58,59,66,101,101
2023-08-17 09:47:59,59,65,101,101
2023-08-17 09:47:59,60,65,101,101
2023-08-17 09:48:00,60,64,101,101
2023-08-17 09:48:19,60,65,101,101
2023-08-17 09:48:20,60,64,101,101
2023-08-17 09:49:24,60,65,101,101
2023-08-17 09:49:25,60,64,101,101
2023-08-17 09:49:27,60,65,101,101
2023-08-17 09:49:29,60,64,101,101
2023-08-17 09:49:37,60,65,101,101
2023-08-17 09:49:47,60,66,101,101
2023-08-17 09:49:48,61,66,101,101
2023-08-17 09:49:48,61,65,101,101
2023-08-17 09:49:50,61,64,101,101
2023-08-17 09:49:51,61,65,101,101
2023-08-17 09:49:52,61,64,101,101
2023-08-17 09:49:54,61,65,101,101
2023-08-17 09:49:55,61,64,101,101
2023-08-17 09:50:14,61,66,101,101
2023-08-17 09:50:14,56,66,101,101
2023-08-17 09:50:15,56,65,101,101
2023-08-17 09:50:16,56,65,101,101
2023-08-17 09:50:16,58,65,101,101
2023-08-17 09:50:17,56,65,101,101
2023-08-17 09:50:17,59,65,101,101
2023-08-17 09:50:18,60,65,101,101
2023-08-17 09:50:21,60,66,101,101
2023-08-17 09:50:22,61,66,101,101
2023-08-17 09:50:23,61,66,101,101
2023-08-17 09:50:26,61,65,101,101
2023-08-17 09:50:26,61,65,201,201
2023-08-17 09:50:27,62,65,201,201
2023-08-17 09:50:28,62,66,201,201
2023-08-17 09:50:29,62,65,201,201
2023-08-17 09:50:30,62,66,201,201
2023-08-17 09:50:31,62,65,201,201
2023-08-17 09:50:33,62,66,201,201
2023-08-17 09:50:35,62,67,201,201
2023-08-17 09:50:36,63,67,201,201
2023-08-17 09:50:40,63,66,201,201
2023-08-17 09:50:42,63,67,201,201
2023-08-17 09:50:43,63,66,201,201
2023-08-17 09:50:45,63,67,201,201
2023-08-17 09:50:47,63,66,201,201
2023-08-17 09:50:49,63,67,201,201
2023-08-17 09:50:51,63,66,201,201
2023-08-17 09:50:52,63,67,201,201
2023-08-17 09:50:54,63,66,201,201
2023-08-17 09:51:10,62,66,201,201
2023-08-17 09:51:17,56,66,201,201
2023-08-17 09:51:18,56,65,201,201
2023-08-17 09:51:18,57,65,201,201
2023-08-17 09:51:19,58,65,201,201
2023-08-17 09:51:25,59,65,201,201
2023-08-17 09:51:34,59,64,201,201
2023-08-17 09:51:59,59,63,201,201
2023-08-17 09:52:22,58,63,201,201
2023-08-17 09:52:22,54,63,201,201
2023-08-17 09:52:24,54,64,201,201
2023-08-17 09:52:25,54,64,201,201
2023-08-17 09:52:25,54,63,201,201
2023-08-17 09:52:26,54,63,201,201
2023-08-17 09:52:26,57,63,201,201
2023-08-17 09:52:27,58,63,201,201
2023-08-17 09:52:49,58,64,201,201
2023-08-17 09:52:49,59,64,201,201
2023-08-17 09:52:50,59,63,201,201
2023-08-17 09:54:03,58,63,201,201
2023-08-17 09:54:03,53,63,201,201
2023-08-17 09:54:04,53,62,201,201
2023-08-17 09:54:04,54,62,201,201
2023-08-17 09:54:05,55,62,201,201
2023-08-17 09:54:07,56,62,201,201
2023-08-17 09:54:10,56,61,201,201
2023-08-17 09:54:35,55,61,201,201
2023-08-17 09:54:35,55,60,201,201
2023-08-17 09:54:36,56,60,201,201
2023-08-17 09:54:38,55,60,201,201
2023-08-17 09:54:39,56,60,201,201
2023-08-17 09:54:44,55,60,201,201
2023-08-17 09:54:46,56,60,201,201
2023-08-17 09:54:49,55,60,201,201
2023-08-17 09:54:51,55,59,201,201
2023-08-17 09:54:52,56,59,201,201
2023-08-17 09:54:54,55,59,201,201
2023-08-17 09:54:57,56,59,201,201
2023-08-17 09:54:59,55,59,201,201
2023-08-17 09:55:05,49,59,201,201
2023-08-17 09:55:06,50,59,201,201
2023-08-17 09:55:06,50,58,201,201
2023-08-17 09:55:07,49,58,201,201
2023-08-17 09:55:07,51,58,201,201
2023-08-17 09:55:08,52,58,201,201
2023-08-17 09:55:11,49,58,201,201
2023-08-17 09:55:11,53,58,201,201
2023-08-17 09:55:12,54,58,201,201
2023-08-17 09:55:22,54,59,201,201
2023-08-17 09:55:23,55,59,201,201
2023-08-17 09:55:24,55,58,201,201
2023-08-17 09:55:25,54,58,201,201
2023-08-17 09:55:28,48,57,201,201
2023-08-17 09:55:28,49,57,201,201
2023-08-17 09:55:29,48,57,201,201
2023-08-17 09:55:29,48,56,201,201
2023-08-17 09:55:30,51,56,201,201
2023-08-17 09:55:31,51,57,201,201
2023-08-17 09:55:31,48,58,201,201
2023-08-17 09:55:32,49,58,201,201
2023-08-17 09:55:32,49,57,201,201
2023-08-17 09:55:33,48,57,201,201
2023-08-17 09:55:33,48,56,201,201
2023-08-17 09:55:34,51,56,201,201
2023-08-17 09:55:37,52,56,201,201
2023-08-17 09:56:01,52,57,201,201
2023-08-17 09:56:03,52,58,201,201
2023-08-17 09:56:03,53,58,201,201
2023-08-17 09:56:04,53,57,201,201
2023-08-17 09:56:07,53,58,201,201
2023-08-17 09:56:08,53,57,201,201
2023-08-17 09:56:13,53,59,201,201
2023-08-17 09:56:14,54,59,201,201
2023-08-17 09:56:14,54,58,201,201
2023-08-17 09:56:15,54,59,201,201
2023-08-17 09:56:17,54,58,201,201
2023-08-17 09:56:17,55,58,201,201
2023-08-17 09:56:18,55,59,201,201
2023-08-17 09:56:19,55,58,201,201
2023-08-17 09:56:20,54,58,201,201
2023-08-17 09:56:20,54,59,201,201
2023-08-17 09:56:20,49,93,201,201
2023-08-17 09:56:20,41,93,201,201
2023-08-17 09:56:20,45,93,201,201
2023-08-17 09:56:20,48,93,201,201
2023-08-17 09:56:20,48,61,201,201
2023-08-17 09:56:20,48,58,201,201
2023-08-17 09:56:21,49,58,201,201
2023-08-17 09:56:22,48,58,201,201
2023-08-17 09:56:23,49,58,201,201
2023-08-17 09:56:24,48,57,201,201
2023-08-17 09:56:24,48,56,201,201
2023-08-17 09:56:24,50,56,201,201
2023-08-17 09:56:25,48,56,201,201
2023-08-17 09:56:25,51,56,201,201
2023-08-17 09:56:26,52,56,201,201
2023-08-17 09:56:27,52,57,201,201
2023-08-17 09:56:29,49,57,201,201
2023-08-17 09:56:29,49,59,201,201
2023-08-17 09:56:29,53,59,201,201
2023-08-17 09:56:29,53,93,201,201
2023-08-17 09:56:29,53,63,201,201
2023-08-17 09:56:29,53,61,201,201
2023-08-17 09:56:30,53,60,201,201
2023-08-17 09:56:31,54,59,201,201
2023-08-17 09:56:32,55,59,201,201
2023-08-17 09:56:33,55,60,201,201
2023-08-17 09:56:36,54,60,201,201
2023-08-17 09:56:36,54,61,201,201
2023-08-17 09:56:36,41,61,201,201
2023-08-17 09:56:36,41,93,201,201
2023-08-17 09:56:36,49,93,201,201
2023-08-17 09:56:36,52,93,201,201
2023-08-17 09:56:36,52,63,201,201
2023-08-17 09:56:37,53,63,201,201
2023-08-17 09:56:38,52,62,201,201
2023-08-17 09:56:38,54,62,201,201
2023-08-17 09:56:39,52,62,201,201
2023-08-17 09:56:39,55,62,201,201
2023-08-17 09:56:40,52,62,201,201
2023-08-17 09:56:40,56,62,201,201
2023-08-17 09:56:41,52,62,201,201
2023-08-17 09:56:41,57,62,201,201
2023-08-17 09:56:42,58,62,201,201
2023-08-17 09:56:45,55,62,201,201
2023-08-17 09:56:46,56,65,201,201
2023-08-17 09:56:47,55,65,201,201
2023-08-17 09:56:47,57,65,201,201
2023-08-17 09:56:48,58,64,201,201
2023-08-17 09:56:51,59,64,201,201
2023-08-17 09:56:59,60,64,201,201
2023-08-17 09:57:09,60,65,201,201
2023-08-17 09:57:10,55,64,201,201
2023-08-17 09:57:10,56,64,201,201
2023-08-17 09:57:11,55,64,201,201
2023-08-17 09:57:11,57,65,201,201
2023-08-17 09:57:12,55,65,201,201
2023-08-17 09:57:12,58,65,201,201
2023-08-17 09:57:12,58,93,201,201
2023-08-17 09:57:12,58,68,201,201
2023-08-17 09:57:12,58,66,201,201
2023-08-17 09:57:13,56,66,201,201
2023-08-17 09:57:13,59,66,201,201
2023-08-17 09:57:14,56,66,201,201
2023-08-17 09:57:14,60,66,201,201
2023-08-17 09:57:15,61,66,201,201
2023-08-17 09:57:16,61,65,201,201
2023-08-17 09:57:17,61,66,201,201
2023-08-17 09:57:19,61,65,201,201
2023-08-17 09:57:21,61,66,201,201
2023-08-17 09:57:22,56,66,201,201
2023-08-17 09:57:22,62,66,201,201
2023-08-17 09:57:22,62,93,201,201
2023-08-17 09:57:22,62,70,201,201
2023-08-17 09:57:22,62,68,201,201
2023-08-17 09:57:23,63,68,201,201
2023-08-17 09:57:23,63,67,201,201
2023-08-17 09:57:24,63,68,201,201
2023-08-17 09:57:25,62,68,201,201
2023-08-17 09:57:25,56,68,201,201
2023-08-17 09:57:26,57,68,201,201
2023-08-17 09:57:26,57,67,201,201
2023-08-17 09:57:27,56,67,201,201
2023-08-17 09:57:27,56,66,201,201
2023-08-17 09:57:27,58,66,201,201
2023-08-17 09:57:28,59,66,201,201
2023-08-17 09:57:29,58,66,201,201
2023-08-17 09:57:29,41,66,201,201
2023-08-17 09:57:29,56,66,201,201
2023-08-17 09:57:30,57,66,201,201
2023-08-17 09:57:31,56,66,201,201
2023-08-17 09:57:31,58,66,201,201
2023-08-17 09:57:32,59,66,201,201
2023-08-17 09:57:35,59,65,201,201
2023-08-17 09:57:39,60,65,201,201
2023-08-17 09:57:40,60,66,201,201
2023-08-17 09:57:42,57,66,201,201
2023-08-17 09:57:42,57,65,201,201
2023-08-17 09:57:43,56,65,201,201
2023-08-17 09:57:44,57,66,201,201
2023-08-17 09:57:44,57,65,201,201
2023-08-17 09:57:45,58,65,201,201
2023-08-17 09:57:45,58,64,201,201
2023-08-17 09:57:49,59,64,201,201
2023-08-17 09:58:42,59,63,201,201
2023-08-17 09:59:09,52,63,201,201
2023-08-17 09:59:24,41,63,201,201
2023-08-17 09:59:24,41,93,201,201
2023-08-17 09:59:24,54,93,201,201
2023-08-17 09:59:24,54,66,201,201
2023-08-17 09:59:24,54,64,201,201
2023-08-17 09:59:39,54,63,201,201
2023-08-17 09:59:40,54,63,201,201
2023-08-17 09:59:40,56,63,201,201
2023-08-17 09:59:41,54,63,201,201
2023-08-17 09:59:41,57,63,201,201
2023-08-17 09:59:42,55,63,201,201
2023-08-17 09:59:42,58,63,201,201
2023-08-17 09:59:43,59,63,201,201
2023-08-17 09:59:46,59,62,201,201
2023-08-17 09:59:49,59,63,201,201
2023-08-17 09:59:54,59,65,201,201
2023-08-17 09:59:55,59,64,201,201
2023-08-17 09:59:56,59,63,201,201
2023-08-17 10:00:35,59,64,201,201
2023-08-17 10:00:37,59,63,201,201
2023-08-17 10:00:40,59,64,201,201
2023-08-17 10:00:43,59,63,201,201
2023-08-17 10:00:46,59,64,201,201
2023-08-17 10:00:49,55,64,201,201
2023-08-17 10:00:49,60,66,201,201
2023-08-17 10:00:50,61,66,201,201
2023-08-17 10:00:50,61,65,201,201
2023-08-17 10:00:58,61,67,201,201
2023-08-17 10:00:59,61,66,201,201
2023-08-17 10:00:59,62,66,201,201
2023-08-17 10:01:03,62,65,201,201
2023-08-17 10:01:04,56,65,201,201
2023-08-17 10:01:04,56,67,201,201
2023-08-17 10:01:05,57,67,201,201
2023-08-17 10:01:06,58,67,201,201
2023-08-17 10:01:07,57,67,201,201
2023-08-17 10:01:07,59,67,201,201
2023-08-17 10:01:08,57,67,201,201
2023-08-17 10:01:08,60,67,201,201
2023-08-17 10:01:09,57,67,201,201
2023-08-17 10:01:09,61,67,201,201
2023-08-17 10:01:10,62,67,201,201
2023-08-17 10:01:18,62,66,201,201
2023-08-17 10:01:21,62,69,201,201
2023-08-17 10:01:22,57,68,201,201
2023-08-17 10:01:22,58,68,201,201
2023-08-17 10:01:23,57,68,201,201
2023-08-17 10:01:23,59,68,201,201
2023-08-17 10:01:24,57,68,201,201
2023-08-17 10:01:24,57,67,201,201
2023-08-17 10:01:25,60,68,201,201
2023-08-17 10:01:25,57,68,201,201
2023-08-17 10:01:25,61,68,201,201
2023-08-17 10:01:26,57,68,201,201
2023-08-17 10:01:26,62,68,201,201
2023-08-17 10:01:27,63,68,201,201
2023-08-17 10:01:28,63,67,201,201
2023-08-17 10:01:30,63,69,201,201
2023-08-17 10:01:31,58,69,201,201
2023-08-17 10:01:31,58,68,201,201
2023-08-17 10:01:31,58,67,201,201
2023-08-17 10:01:32,56,67,201,201
2023-08-17 10:01:32,59,67,201,201
2023-08-17 10:01:32,59,66,201,201
2023-08-17 10:01:33,60,66,201,201
2023-08-17 10:01:36,60,65,201,201
2023-08-17 10:02:02,60,64,201,201
2023-08-17 10:02:26,60,65,201,201
2023-08-17 10:02:29,60,64,201,201
2023-08-17 10:02:30,60,65,201,201
2023-08-17 10:02:31,60,64,201,201
2023-08-17 10:02:33,60,65,201,201
2023-08-17 10:02:36,61,65,201,201
2023-08-17 10:02:37,61,64,201,201
2023-08-17 10:02:38,61,65,201,201
2023-08-17 10:02:39,61,64,201,201
2023-08-17 10:02:40,61,65,201,201
2023-08-17 10:02:44,61,64,201,201
2023-08-17 10:02:45,61,65,201,201
2023-08-17 10:02:46,61,64,201,201
2023-08-17 10:02:47,61,65,201,201
2023-08-17 10:02:48,61,64,201,201
2023-08-17 10:02:53,54,64,201,201
2023-08-17 10:02:54,55,64,201,201
2023-08-17 10:02:54,55,63,201,201
2023-08-17 10:02:55,56,63,201,201
2023-08-17 10:02:55,56,62,201,201
2023-08-17 10:02:57,57,62,201,201
2023-08-17 10:03:42,57,63,201,201
2023-08-17 10:03:42,58,63,201,201
2023-08-17 10:03:43,59,63,201,201
2023-08-17 10:03:46,59,64,201,201
2023-08-17 10:03:47,59,63,201,201
2023-08-17 10:03:54,59,65,201,201
2023-08-17 10:03:55,60,65,201,201
2023-08-17 10:03:57,60,65,201,201
2023-08-17 10:03:59,60,64,201,201
2023-08-17 10:04:00,60,65,201,201
2023-08-17 10:04:01,60,64,201,201
2023-08-17 10:04:04,60,65,201,201
2023-08-17 10:04:07,61,65,201,201
2023-08-17 10:04:07,61,93,201,201
2023-08-17 10:04:07,61,68,201,201
2023-08-17 10:04:07,61,66,201,201
2023-08-17 10:04:09,61,65,201,201
2023-08-17 10:04:32,60,65,201,201
2023-08-17 10:04:32,55,65,201,201
2023-08-17 10:04:33,55,64,201,201
2023-08-17 10:04:33,56,64,201,201
2023-08-17 10:04:34,57,64,201,201
2023-08-17 10:04:35,57,63,201,201
2023-08-17 10:04:50,58,63,201,201
2023-08-17 10:05:13,59,63,201,201
2023-08-17 10:05:18,59,64,201,201
2023-08-17 10:05:18,54,64,201,201
2023-08-17 10:05:19,54,63,201,201
2023-08-17 10:05:19,55,63,201,201
2023-08-17 10:05:20,54,63,201,201
2023-08-17 10:05:20,56,63,201,201
2023-08-17 10:05:21,54,63,201,201
2023-08-17 10:05:21,57,63,201,201
2023-08-17 10:05:22,58,63,201,201
2023-08-17 10:05:27,58,62,201,201
2023-08-17 10:05:28,58,63,201,201
2023-08-17 10:05:31,58,62,201,201
2023-08-17 10:06:03,57,62,201,201
2023-08-17 10:06:04,57,61,201,201
2023-08-17 10:06:11,58,61,201,201
2023-08-17 10:06:20,58,62,201,201
2023-08-17 10:06:21,58,61,201,201
2023-08-17 10:06:28,57,61,201,201
2023-08-17 10:06:29,52,61,201,201
2023-08-17 10:06:30,52,60,201,201
2023-08-17 10:06:31,54,60,201,201
2023-08-17 10:06:37,54,59,201,201
2023-08-17 10:06:38,53,59,201,201
2023-08-17 10:06:38,53,58,201,201
2023-08-17 10:06:39,54,58,201,201
2023-08-17 10:06:47,54,59,201,201
2023-08-17 10:06:50,55,59,201,201
2023-08-17 10:06:51,55,61,201,201
2023-08-17 10:06:51,55,93,201,201
2023-08-17 10:06:51,55,62,201,201
2023-08-17 10:06:52,52,62,201,201
2023-08-17 10:06:52,52,61,201,201
2023-08-17 10:06:53,57,61,201,201
2023-08-17 10:06:54,57,62,201,201
2023-08-17 10:06:58,57,64,201,201
2023-08-17 10:06:59,54,64,201,201
2023-08-17 10:06:59,58,64,201,201
2023-08-17 10:07:00,58,63,201,201
2023-08-17 10:07:00,59,63,201,201
2023-08-17 10:07:01,59,64,201,201
2023-08-17 10:07:01,54,64,201,201
2023-08-17 10:07:02,55,64,201,201
2023-08-17 10:07:02,55,63,201,201
2023-08-17 10:07:02,56,63,201,201
2023-08-17 10:07:03,56,66,201,201
2023-08-17 10:07:04,57,66,201,201
2023-08-17 10:07:04,57,65,201,201
2023-08-17 10:07:05,57,66,201,201
2023-08-17 10:07:05,56,66,201,201
2023-08-17 10:07:05,58,66,201,201
2023-08-17 10:07:06,56,66,201,201
2023-08-17 10:07:06,56,65,201,201
2023-08-17 10:07:07,56,65,201,201
2023-08-17 10:07:07,60,66,201,201
2023-08-17 10:07:08,61,66,201,201
2023-08-17 10:07:08,61,65,201,201
2023-08-17 10:07:11,61,64,201,201
2023-08-17 10:07:12,61,65,201,201
2023-08-17 10:07:14,61,64,201,201
2023-08-17 10:07:15,61,65,201,201
2023-08-17 10:07:17,61,66,201,201
2023-08-17 10:07:18,62,66,201,201
2023-08-17 10:07:25,62,67,201,201
2023-08-17 10:07:26,63,67,201,201
2023-08-17 10:07:26,63,93,201,201
2023-08-17 10:07:26,63,72,201,201
2023-08-17 10:07:26,63,69,201,201
2023-08-17 10:07:28,64,69,201,201
2023-08-17 10:07:29,64,68,201,201
2023-08-17 10:08:06,63,68,201,201
2023-08-17 10:08:07,64,68,201,201
2023-08-17 10:08:54,63,68,201,201
2023-08-17 10:08:54,63,66,201,201
2023-08-17 10:08:55,56,66,201,201
2023-08-17 10:08:56,57,66,201,201
2023-08-17 10:08:56,57,65,201,201
2023-08-17 10:08:57,55,65,201,201
2023-08-17 10:08:57,55,64,201,201
2023-08-17 10:08:58,58,64,201,201
2023-08-17 10:09:00,59,64,201,201
2023-08-17 10:09:02,60,64,201,201
2023-08-17 10:09:03,60,65,201,201
2023-08-17 10:09:04,60,64,201,201
2023-08-17 10:09:09,60,65,201,201
2023-08-17 10:09:10,60,64,201,201
2023-08-17 10:09:10,61,64,201,201
2023-08-17 10:09:12,61,65,201,201
2023-08-17 10:09:13,61,64,201,201
2023-08-17 10:09:15,61,65,201,201
2023-08-17 10:09:16,61,64,201,201
2023-08-17 10:09:17,61,65,201,201
2023-08-17 10:09:19,61,66,201,201
2023-08-17 10:09:20,61,65,201,201
2023-08-17 10:09:27,61,66,201,201
2023-08-17 10:09:28,61,65,201,201
2023-08-17 10:09:31,61,66,201,201
2023-08-17 10:09:32,61,65,201,201
2023-08-17 10:09:33,61,66,201,201
2023-08-17 10:09:38,61,68,201,201
2023-08-17 10:09:39,61,67,201,201
2023-08-17 10:09:39,62,67,201,201
2023-08-17 10:09:40,62,66,201,201
2023-08-17 10:09:44,62,67,201,201
2023-08-17 10:09:45,63,67,201,201
2023-08-17 10:09:46,63,68,201,201
2023-08-17 10:09:47,63,67,201,201
2023-08-17 10:09:49,62,67,201,201
2023-08-17 10:09:49,56,68,201,201
2023-08-17 10:09:50,56,67,201,201
2023-08-17 10:09:50,57,67,201,201
2023-08-17 10:09:51,56,67,201,201
2023-08-17 10:09:51,56,66,201,201
2023-08-17 10:09:51,58,66,201,201
2023-08-17 10:09:52,56,66,201,201
2023-08-17 10:09:52,59,66,201,201
2023-08-17 10:09:53,59,67,201,201
2023-08-17 10:09:53,56,67,201,201
2023-08-17 10:09:53,60,67,201,201
2023-08-17 10:09:54,61,67,201,201
2023-08-17 10:09:56,60,66,201,201
2023-08-17 10:09:56,60,67,201,201
2023-08-17 10:09:57,57,67,201,201
2023-08-17 10:09:58,57,67,201,201
2023-08-17 10:09:58,56,67,201,201
2023-08-17 10:09:58,58,67,201,201
2023-08-17 10:09:59,56,67,201,201
2023-08-17 10:09:59,59,67,201,201
2023-08-17 10:10:00,56,67,201,201
2023-08-17 10:10:00,56,66,201,201
2023-08-17 10:10:00,60,66,201,201
2023-08-17 10:10:01,61,66,201,201
2023-08-17 10:10:07,61,67,201,201
2023-08-17 10:10:07,62,67,201,201
2023-08-17 10:10:08,62,66,201,201
2023-08-17 10:10:10,62,67,201,201
2023-08-17 10:10:11,62,66,201,201
2023-08-17 10:10:15,62,67,201,201
2023-08-17 10:10:17,62,66,201,201
2023-08-17 10:10:18,62,67,201,201
2023-08-17 10:10:19,62,66,201,201
2023-08-17 10:10:47,61,66,201,201
2023-08-17 10:10:48,57,66,201,201
2023-08-17 10:10:49,56,65,201,201
2023-08-17 10:10:49,58,65,201,201
2023-08-17 10:10:50,59,65,201,201
2023-08-17 10:10:50,59,64,201,201
2023-08-17 10:10:54,59,65,201,201
2023-08-17 10:10:54,60,65,201,201
2023-08-17 10:10:55,60,64,201,201
2023-08-17 10:10:57,60,65,201,201
2023-08-17 10:11:01,60,66,201,201
2023-08-17 10:11:02,61,66,201,201
2023-08-17 10:11:02,61,65,201,201
2023-08-17 10:11:04,61,66,201,201
2023-08-17 10:11:04,61,93,201,201
2023-08-17 10:11:04,61,65,201,201
2023-08-17 10:11:06,61,64,201,201
2023-08-17 10:11:08,61,65,201,201
2023-08-17 10:11:10,61,64,201,201
2023-08-17 10:11:15,61,65,201,201
2023-08-17 10:11:19,61,64,201,201
2023-08-17 10:11:20,61,65,201,201
2023-08-17 10:11:21,61,64,201,201
2023-08-17 10:11:22,61,65,201,201
2023-08-17 10:11:24,61,64,201,201
2023-08-17 10:11:25,61,65,201,201
2023-08-17 10:11:28,61,64,201,201
2023-08-17 10:11:30,61,65,201,201
2023-08-17 10:11:39,61,67,201,201
2023-08-17 10:11:40,61,66,201,201
2023-08-17 10:11:41,61,67,201,201
2023-08-17 10:11:42,61,66,201,201
2023-08-17 10:11:43,62,65,201,201
2023-08-17 10:11:44,62,66,201,201
2023-08-17 10:11:45,62,65,201,201
2023-08-17 10:11:46,62,66,201,201
2023-08-17 10:11:47,62,65,201,201
2023-08-17 10:11:53,61,65,201,201
2023-08-17 10:11:54,62,65,201,201
2023-08-17 10:11:59,61,65,201,201
2023-08-17 10:12:01,62,65,201,201
2023-08-17 10:12:13,61,65,201,201
2023-08-17 10:12:14,62,65,201,201
2023-08-17 10:12:17,61,65,201,201
2023-08-17 10:12:20,62,65,201,201
2023-08-17 10:12:22,61,65,201,201
2023-08-17 10:12:23,62,65,201,201
2023-08-17 10:12:27,61,65,201,201
2023-08-17 10:12:28,62,65,201,201
2023-08-17 10:12:29,61,65,201,201
2023-08-17 10:12:31,62,65,201,201
2023-08-17 10:12:33,61,65,201,201
2023-08-17 10:12:34,55,65,201,201
2023-08-17 10:12:35,56,65,201,201
2023-08-17 10:12:35,56,64,201,201
2023-08-17 10:12:36,55,64,201,201
2023-08-17 10:12:36,57,64,201,201
2023-08-17 10:12:37,57,63,201,201
2023-08-17 10:12:37,53,63,201,201
2023-08-17 10:12:37,58,63,201,201
2023-08-17 10:12:37,58,64,201,201
2023-08-17 10:12:37,58,62,201,201
2023-08-17 10:12:38,51,62,201,201
2023-08-17 10:12:40,51,61,201,201
2023-08-17 10:12:40,52,61,201,201
2023-08-17 10:12:41,51,61,201,201
2023-08-17 10:12:41,53,61,201,201
2023-08-17 10:12:41,53,60,201,201
2023-08-17 10:12:42,51,60,201,201
2023-08-17 10:12:42,54,60,201,201
2023-08-17 10:12:43,55,60,201,201
2023-08-17 10:12:46,54,60,201,201
2023-08-17 10:12:46,50,60,201,201
2023-08-17 10:12:48,51,60,201,201
2023-08-17 10:12:49,50,59,201,201
2023-08-17 10:12:49,52,59,201,201
2023-08-17 10:12:50,50,59,201,201
2023-08-17 10:12:50,53,59,201,201
2023-08-17 10:12:51,50,59,201,201
2023-08-17 10:12:51,54,59,201,201
2023-08-17 10:12:52,55,59,201,201
2023-08-17 10:12:53,55,62,201,201
2023-08-17 10:12:54,55,61,201,201
2023-08-17 10:12:54,56,61,201,201
2023-08-17 10:12:55,56,60,201,201
2023-08-17 10:12:56,56,61,201,201
2023-08-17 10:12:58,56,60,201,201
2023-08-17 10:12:59,56,61,201,201
2023-08-17 10:13:00,56,60,201,201
2023-08-17 10:13:04,56,61,201,201
2023-08-17 10:13:06,57,61,201,201
2023-08-17 10:13:06,57,60,201,201
2023-08-17 10:13:13,56,60,201,201
2023-08-17 10:13:14,57,60,201,201
2023-08-17 10:13:20,56,60,201,201
2023-08-17 10:13:21,51,60,201,201
2023-08-17 10:13:22,52,60,201,201
2023-08-17 10:13:23,51,60,201,201
2023-08-17 10:13:23,53,60,201,201
2023-08-17 10:13:24,54,60,201,201
2023-08-17 10:13:29,55,60,201,201
2023-08-17 10:13:44,54,60,201,201
2023-08-17 10:13:45,54,59,201,201
2023-08-17 10:13:45,55,59,201,201
2023-08-17 10:13:46,54,59,201,201
2023-08-17 10:13:47,50,59,201,201
2023-08-17 10:13:47,50,60,201,201
2023-08-17 10:13:50,50,59,201,201
2023-08-17 10:13:51,51,58,201,201
2023-08-17 10:13:51,52,58,201,201
2023-08-17 10:13:54,50,58,201,201
2023-08-17 10:13:54,53,58,201,201
2023-08-17 10:13:55,54,58,201,201
2023-08-17 10:14:12,53,58,201,201
2023-08-17 10:14:13,54,58,201,201
2023-08-17 10:14:23,54,59,201,201
2023-08-17 10:14:25,54,58,201,201
2023-08-17 10:14:25,55,58,201,201
2023-08-17 10:14:32,55,59,201,201
2023-08-17 10:14:35,55,60,201,201
2023-08-17 10:14:37,55,59,201,201
2023-08-17 10:14:42,55,60,201,201
2023-08-17 10:14:44,55,59,201,201
2023-08-17 10:14:50,55,60,201,201
2023-08-17 10:14:52,55,59,201,201
2023-08-17 10:14:55,55,60,201,201
2023-08-17 10:14:57,56,60,201,201
2023-08-17 10:15:01,56,62,201,201
2023-08-17 10:15:02,56,61,201,201
2023-08-17 10:15:03,56,60,201,201
2023-08-17 10:15:06,56,61,201,201
2023-08-17 10:15:07,56,62,201,201
2023-08-17 10:15:07,56,93,201,201
2023-08-17 10:15:07,56,63,201,201
2023-08-17 10:15:08,56,62,201,201
2023-08-17 10:15:10,57,61,201,201
2023-08-17 10:15:31,57,62,201,201
2023-08-17 10:15:32,58,62,201,201
2023-08-17 10:15:37,52,62,201,201
2023-08-17 10:15:37,41,63,201,201
2023-08-17 10:15:37,41,93,201,201
2023-08-17 10:15:37,54,93,201,201
2023-08-17 10:15:37,54,67,201,201
2023-08-17 10:15:37,54,65,201,201
2023-08-17 10:15:38,55,65,201,201
2023-08-17 10:15:38,56,65,201,201
2023-08-17 10:15:39,56,66,201,201
2023-08-17 10:15:39,57,66,201,201
2023-08-17 10:15:40,56,66,201,201
2023-08-17 10:15:40,58,66,201,201
2023-08-17 10:15:40,58,65,201,201
2023-08-17 10:15:41,56,65,201,201
2023-08-17 10:15:41,59,65,201,201
2023-08-17 10:15:42,56,65,201,201
2023-08-17 10:15:42,56,66,201,201
2023-08-17 10:15:43,61,66,201,201
2023-08-17 10:15:44,61,65,201,201
2023-08-17 10:16:01,61,66,201,201
2023-08-17 10:16:04,61,93,201,201
2023-08-17 10:16:04,61,70,201,201
2023-08-17 10:16:04,61,68,201,201
2023-08-17 10:16:05,61,67,201,201
2023-08-17 10:16:05,62,67,201,201
2023-08-17 10:16:07,62,68,201,201
2023-08-17 10:16:08,63,68,201,201
2023-08-17 10:16:12,63,66,201,201
2023-08-17 10:16:13,63,67,201,201
2023-08-17 10:16:14,63,66,201,201
2023-08-17 10:16:35,62,66,201,201
2023-08-17 10:16:36,63,66,201,201
2023-08-17 10:16:37,62,66,201,201
2023-08-17 10:16:37,56,66,201,201
2023-08-17 10:16:38,57,66,201,201
2023-08-17 10:16:39,56,66,201,201
2023-08-17 10:16:39,58,66,201,201
2023-08-17 10:16:40,59,66,201,201
2023-08-17 10:16:43,60,66,201,201
2023-08-17 10:16:54,60,65,201,201
2023-08-17 10:17:21,60,64,201,201
2023-08-17 10:17:31,59,64,201,201
2023-08-17 10:17:32,53,64,201,201
2023-08-17 10:17:32,53,63,201,201
2023-08-17 10:17:33,54,63,201,201
2023-08-17 10:17:33,54,62,201,201
2023-08-17 10:17:34,53,62,201,201
2023-08-17 10:17:34,55,62,201,201
2023-08-17 10:17:35,56,62,201,201
2023-08-17 10:17:50,56,61,201,201
2023-08-17 10:18:16,57,61,201,201
2023-08-17 10:18:22,57,62,201,201
2023-08-17 10:18:23,57,61,201,201
2023-08-17 10:18:30,57,62,201,201
2023-08-17 10:18:32,57,61,201,201
2023-08-17 10:18:33,57,62,201,201
2023-08-17 10:18:35,57,64,201,201
2023-08-17 10:18:35,58,64,201,201
2023-08-17 10:18:36,58,63,201,201
2023-08-17 10:18:38,58,64,201,201
2023-08-17 10:18:38,59,64,201,201
2023-08-17 10:18:40,59,63,201,201
2023-08-17 10:18:42,59,64,201,201
2023-08-17 10:18:49,59,63,201,201
2023-08-17 10:19:02,58,63,201,201
2023-08-17 10:19:03,59,63,201,201
2023-08-17 10:19:03,59,62,201,201
2023-08-17 10:19:13,58,62,201,201
2023-08-17 10:19:17,53,62,201,201
2023-08-17 10:19:18,54,62,201,201
2023-08-17 10:19:19,55,62,201,201
2023-08-17 10:19:21,56,62,201,201
2023-08-17 10:19:23,57,62,201,201
2023-08-17 10:19:36,57,63,201,201
2023-08-17 10:19:36,58,63,201,201
2023-08-17 10:19:37,58,62,201,201
2023-08-17 10:20:15,58,63,201,201
2023-08-17 10:20:19,59,63,201,201
2023-08-17 10:20:23,59,62,201,201
2023-08-17 10:20:25,59,63,201,201
2023-08-17 10:20:26,59,62,201,201
2023-08-17 10:20:28,59,63,201,201
2023-08-17 10:20:29,59,62,201,201
2023-08-17 10:20:32,59,63,201,201
2023-08-17 10:20:40,59,62,201,201
2023-08-17 10:20:42,59,63,201,201
2023-08-17 10:20:45,59,62,201,201
2023-08-17 10:20:47,59,63,201,201
2023-08-17 10:20:48,59,62,201,201
2023-08-17 10:20:51,59,63,201,201
2023-08-17 10:20:53,59,65,201,201
2023-08-17 10:20:54,59,64,201,201
2023-08-17 10:20:55,59,63,201,201
2023-08-17 10:21:08,59,64,201,201
2023-08-17 10:21:11,59,63,201,201
2023-08-17 10:21:36,58,63,201,201
2023-08-17 10:21:37,59,63,201,201
2023-08-17 10:21:58,59,64,201,201
2023-08-17 10:22:06,59,63,201,201
2023-08-17 10:22:08,59,64,201,201
2023-08-17 10:22:13,59,66,201,201
2023-08-17 10:22:13,60,66,201,201
2023-08-17 10:22:14,60,65,201,201
2023-08-17 10:22:18,61,65,201,201
2023-08-17 10:22:20,61,66,201,201
2023-08-17 10:22:21,61,65,201,201
2023-08-17 10:22:23,61,64,201,201
2023-08-17 10:22:24,61,65,201,201
2023-08-17 10:22:28,61,64,201,201
2023-08-17 10:22:42,60,64,201,201
2023-08-17 10:22:47,55,64,201,201
2023-08-17 10:22:48,56,64,201,201
2023-08-17 10:22:49,57,64,201,201
2023-08-17 10:22:50,57,63,201,201
2023-08-17 10:22:53,58,63,201,201
2023-08-17 10:22:57,58,64,201,201
2023-08-17 10:22:57,59,64,201,201
2023-08-17 10:22:58,59,65,201,201
2023-08-17 10:22:58,60,65,201,201
2023-08-17 10:22:59,60,64,201,201
2023-08-17 10:23:01,60,65,201,201
2023-08-17 10:23:02,61,65,201,201
2023-08-17 10:23:03,61,64,201,201
2023-08-17 10:23:33,61,65,201,201
2023-08-17 10:23:41,61,66,201,201
2023-08-17 10:23:44,61,65,201,201
2023-08-17 10:23:46,61,66,201,201
2023-08-17 10:23:48,61,65,201,201
2023-08-17 10:24:32,60,65,201,201
2023-08-17 10:24:33,60,64,201,201
2023-08-17 10:24:35,54,64,201,201
2023-08-17 10:24:35,41,64,201,201
2023-08-17 10:24:35,50,64,201,201
2023-08-17 10:24:35,53,64,201,201
2023-08-17 10:24:35,53,63,201,201
2023-08-17 10:24:36,54,63,201,201
2023-08-17 10:24:36,54,62,201,201
2023-08-17 10:24:37,53,62,201,201
2023-08-17 10:24:37,55,62,201,201
2023-08-17 10:24:38,53,62,201,201
2023-08-17 10:24:38,56,62,201,201
2023-08-17 10:24:39,57,62,201,201
2023-08-17 10:24:40,57,61,201,201
2023-08-17 10:24:59,57,62,201,201
2023-08-17 10:25:00,57,61,201,201
2023-08-17 10:25:23,56,61,201,201
2023-08-17 10:25:24,56,60,201,201
2023-08-17 10:25:28,50,60,201,201
2023-08-17 10:25:29,51,60,201,201
2023-08-17 10:25:30,50,59,201,201
2023-08-17 10:25:30,52,59,201,201
2023-08-17 10:25:31,50,58,201,201
2023-08-17 10:25:32,51,60,201,201
2023-08-17 10:25:32,51,59,201,201
2023-08-17 10:25:33,50,59,201,201
2023-08-17 10:25:33,52,59,201,201
2023-08-17 10:25:34,53,59,201,201
2023-08-17 10:25:36,54,58,201,201
2023-08-17 10:25:37,54,59,201,201
2023-08-17 10:25:39,55,59,201,201
2023-08-17 10:25:42,55,58,201,201
2023-08-17 10:25:49,55,59,201,201
2023-08-17 10:25:53,55,58,201,201
2023-08-17 10:25:54,55,59,201,201
2023-08-17 10:25:56,55,58,201,201
2023-08-17 10:25:57,55,59,201,201
2023-08-17 10:25:59,55,58,201,201
2023-08-17 10:26:02,55,59,201,201
2023-08-17 10:26:07,55,60,201,201
2023-08-17 10:26:07,55,93,201,201
2023-08-17 10:26:07,55,64,201,201
2023-08-17 10:26:07,55,61,201,201
2023-08-17 10:26:08,55,60,201,201
2023-08-17 10:26:09,56,60,201,201
2023-08-17 10:26:10,56,59,201,201
2023-08-17 10:26:11,56,60,201,201
2023-08-17 10:26:13,56,59,201,201
2023-08-17 10:26:14,56,60,201,201
2023-08-17 10:26:17,56,59,201,201
2023-08-17 10:26:30,56,60,201,201
2023-08-17 10:26:32,56,59,201,201
2023-08-17 10:26:33,56,60,201,201
2023-08-17 10:26:34,56,59,201,201
2023-08-17 10:26:35,56,61,201,201
2023-08-17 10:26:37,56,60,201,201
2023-08-17 10:27:05,55,60,201,201
2023-08-17 10:27:06,56,60,201,201
2023-08-17 10:27:10,55,60,201,201
2023-08-17 10:27:11,56,60,201,201
2023-08-17 10:27:54,56,61,201,201
2023-08-17 10:27:56,56,60,201,201
2023-08-17 10:28:54,55,60,201,201
2023-08-17 10:28:55,56,60,201,201
2023-08-17 10:29:26,55,60,201,201
2023-08-17 10:29:27,56,60,201,201
2023-08-17 10:30:29,56,61,201,201
2023-08-17 10:30:31,56,64,201,201
2023-08-17 10:30:31,57,64,201,201
2023-08-17 10:30:32,57,63,201,201
2023-08-17 10:30:33,57,62,201,201
2023-08-17 10:30:33,58,62,201,201
2023-08-17 10:31:49,57,62,201,201
2023-08-17 10:31:51,51,62,201,201
2023-08-17 10:31:51,51,61,201,201
2023-08-17 10:31:52,52,61,201,201
2023-08-17 10:31:53,51,61,201,201
2023-08-17 10:31:53,53,61,201,201
2023-08-17 10:31:54,54,61,201,201
2023-08-17 10:32:01,54,60,201,201
2023-08-17 10:32:31,55,60,201,201
2023-08-17 10:33:22,54,60,201,201
2023-08-17 10:33:22,50,60,201,201
2023-08-17 10:33:22,50,93,201,201
2023-08-17 10:33:22,41,93,201,201
2023-08-17 10:33:22,45,93,201,201
2023-08-17 10:33:22,48,93,201,201
2023-08-17 10:33:22,48,58,201,201
2023-08-17 10:33:23,49,58,201,201
2023-08-17 10:33:23,49,57,201,201
2023-08-17 10:33:24,49,56,201,201
2023-08-17 10:33:24,50,56,201,201
2023-08-17 10:33:31,51,56,201,201
2023-08-17 10:33:43,51,55,201,201
2023-08-17 10:33:44,50,55,201,201
2023-08-17 10:33:46,51,55,201,201
2023-08-17 10:33:48,50,55,201,201
2023-08-17 10:33:53,51,55,201,201
2023-08-17 10:34:14,51,56,201,201
2023-08-17 10:34:15,51,55,201,201
2023-08-17 10:34:41,50,55,201,201
2023-08-17 10:34:47,51,55,201,201
2023-08-17 10:34:48,50,55,201,201
2023-08-17 10:34:51,45,55,201,201
2023-08-17 10:34:51,45,54,201,201
2023-08-17 10:34:52,46,54,201,201
2023-08-17 10:34:53,47,54,201,201
2023-08-17 10:35:00,47,53,201,201
2023-08-17 10:35:11,48,53,201,201
2023-08-17 10:36:30,47,53,201,201
2023-08-17 10:36:31,47,52,201,201
2023-08-17 10:36:34,48,52,201,201
2023-08-17 10:36:35,47,52,201,201
2023-08-17 10:36:37,48,52,201,201
2023-08-17 10:36:46,47,52,201,201
2023-08-17 10:36:51,42,52,201,201
2023-08-17 10:36:52,43,52,201,201
2023-08-17 10:36:52,43,51,201,201
2023-08-17 10:36:53,44,51,201,201
2023-08-17 10:36:55,45,51,201,201
2023-08-17 10:37:05,45,50,201,201
2023-08-17 10:37:07,44,50,201,201
2023-08-17 10:37:09,41,50,201,201
2023-08-17 10:37:09,41,49,201,201
2023-08-17 10:37:10,42,49,201,201
2023-08-17 10:37:11,43,49,201,201
2023-08-17 10:37:31,44,49,201,201
2023-08-17 10:37:56,44,50,201,201
2023-08-17 10:37:57,45,50,201,201
2023-08-17 10:37:57,45,49,201,201
2023-08-17 10:38:01,45,50,201,201
2023-08-17 10:38:06,45,52,201,201
2023-08-17 10:38:07,46,52,201,201
2023-08-17 10:38:07,46,51,201,201
2023-08-17 10:38:08,46,50,201,201
2023-08-17 10:38:12,46,51,201,201
2023-08-17 10:38:13,46,50,201,201
2023-08-17 10:38:21,46,51,201,201
2023-08-17 10:38:22,46,50,201,201
2023-08-17 10:38:30,46,51,201,201
2023-08-17 10:38:32,46,52,201,201
2023-08-17 10:38:33,43,52,201,201
2023-08-17 10:38:34,43,50,201,201
2023-08-17 10:38:34,44,50,201,201
2023-08-17 10:38:35,43,50,201,201
2023-08-17 10:38:35,42,51,201,201
2023-08-17 10:38:36,43,51,201,201
2023-08-17 10:38:37,43,51,201,201
2023-08-17 10:38:37,44,51,201,201
2023-08-17 10:38:38,42,51,201,201
2023-08-17 10:38:38,45,51,201,201
2023-08-17 10:38:39,46,51,201,201
2023-08-17 10:38:41,45,50,201,201
2023-08-17 10:38:42,46,50,201,201
2023-08-17 10:38:46,46,51,201,201
2023-08-17 10:38:52,46,54,201,201
2023-08-17 10:38:52,46,93,201,201
2023-08-17 10:38:52,46,55,201,201
2023-08-17 10:38:53,47,55,201,201
2023-08-17 10:38:53,47,54,201,201
2023-08-17 10:38:54,47,53,201,201
2023-08-17 10:38:56,48,53,201,201
2023-08-17 10:39:02,47,53,201,201
2023-08-17 10:39:04,43,53,201,201
2023-08-17 10:39:04,43,52,201,201
2023-08-17 10:39:05,44,52,201,201
2023-08-17 10:39:06,45,52,201,201
2023-08-17 10:39:10,46,52,201,201
2023-08-17 10:39:23,47,52,201,201
2023-08-17 10:39:41,47,53,201,201
2023-08-17 10:39:42,48,53,201,201
2023-08-17 10:39:42,48,52,201,201
2023-08-17 10:39:50,48,53,201,201
2023-08-17 10:39:52,48,52,201,201
2023-08-17 10:40:08,48,53,201,201
2023-08-17 10:40:09,48,52,201,201
2023-08-17 10:40:10,48,53,201,201
2023-08-17 10:40:12,48,52,201,201
2023-08-17 10:40:14,48,53,201,201
2023-08-17 10:40:15,48,52,201,201
2023-08-17 10:40:17,47,52,201,201
2023-08-17 10:40:17,44,53,201,201
2023-08-17 10:40:17,44,55,201,201
2023-08-17 10:40:18,44,54,201,201
2023-08-17 10:40:19,44,54,201,201
2023-08-17 10:40:19,46,54,201,201
2023-08-17 10:40:19,46,53,201,201
2023-08-17 10:40:20,47,53,201,201
2023-08-17 10:40:23,48,53,201,201
2023-08-17 10:40:44,47,53,201,201
2023-08-17 10:40:45,47,52,201,201
2023-08-17 10:40:46,48,52,201,201
2023-08-17 10:41:18,47,52,201,201
2023-08-17 10:41:22,43,52,201,201
2023-08-17 10:41:23,43,51,201,201
2023-08-17 10:41:24,45,51,201,201
2023-08-17 10:41:26,44,51,201,201
2023-08-17 10:41:26,43,52,201,201
2023-08-17 10:41:26,43,53,201,201
2023-08-17 10:41:28,44,53,201,201
2023-08-17 10:41:28,44,52,201,201
2023-08-17 10:41:29,44,51,201,201
2023-08-17 10:41:29,45,51,201,201
2023-08-17 10:41:32,46,51,201,201
2023-08-17 10:41:33,46,52,201,201
2023-08-17 10:41:34,46,53,201,201
2023-08-17 10:41:34,43,53,201,201
2023-08-17 10:41:34,47,53,201,201
2023-08-17 10:41:35,47,52,201,201
2023-08-17 10:41:35,48,52,201,201
2023-08-17 10:41:41,48,51,201,201
2023-08-17 10:41:44,48,52,201,201
2023-08-17 10:41:45,48,54,201,201
2023-08-17 10:41:45,44,54,201,201
2023-08-17 10:41:46,45,54,201,201
2023-08-17 10:41:47,46,53,201,201
2023-08-17 10:41:48,45,53,201,201
2023-08-17 10:41:48,47,53,201,201
2023-08-17 10:41:49,48,53,201,201
2023-08-17 10:41:51,48,52,201,201
2023-08-17 10:41:52,48,53,201,201
2023-08-17 10:41:54,48,52,201,201
2023-08-17 10:41:55,48,53,201,201
2023-08-17 10:41:57,48,55,201,201
2023-08-17 10:41:58,49,55,201,201
2023-08-17 10:41:58,49,54,201,201
2023-08-17 10:41:59,49,53,201,201
2023-08-17 10:42:11,48,53,201,201
2023-08-17 10:42:12,49,53,201,201
2023-08-17 10:42:18,49,54,201,201
2023-08-17 10:42:22,49,53,201,201
2023-08-17 10:42:27,49,54,201,201
2023-08-17 10:42:28,49,53,201,201
2023-08-17 10:43:09,49,54,201,201
2023-08-17 10:43:10,49,53,201,201
2023-08-17 10:43:11,49,54,201,201
2023-08-17 10:43:11,41,93,201,201
2023-08-17 10:43:12,41,92,201,201
2023-08-17 10:43:12,42,92,201,201
2023-08-17 10:43:13,42,93,201,201
2023-08-17 10:43:13,41,93,201,201
2023-08-17 10:43:13,41,91,201,201
2023-08-17 10:43:14,41,91,201,201
2023-08-17 10:43:14,41,93,201,201
2023-08-17 10:43:14,44,93,201,201
2023-08-17 10:43:15,41,90,201,201
2023-08-17 10:43:15,45,93,201,201
2023-08-17 10:43:16,45,93,201,201
2023-08-17 10:43:16,41,93,201,201
2023-08-17 10:43:16,46,93,201,201
2023-08-17 10:43:17,46,93,201,201
2023-08-17 10:43:17,41,93,201,201
2023-08-17 10:43:17,47,93,201,201
2023-08-17 10:43:18,47,93,201,201
2023-08-17 10:43:18,41,93,201,201
2023-08-17 10:43:18,48,93,201,201
2023-08-17 10:43:18,48,86,201,201
2023-08-17 10:43:19,41,86,201,201
2023-08-17 10:43:19,41,85,201,201
2023-08-17 10:43:20,49,93,201,201
2023-08-17 10:43:20,49,84,201,201
2023-08-17 10:43:20,50,84,201,201
2023-08-17 10:43:21,50,93,201,201
2023-08-17 10:43:21,50,83,201,201
2023-08-17 10:43:22,50,93,201,201
2023-08-17 10:43:22,50,82,201,201
2023-08-17 10:43:23,50,93,201,201
2023-08-17 10:43:23,50,81,201,201
2023-08-17 10:43:24,50,93,201,201
2023-08-17 10:43:24,50,80,201,201
2023-08-17 10:43:25,50,93,201,201
2023-08-17 10:43:25,50,79,201,201
2023-08-17 10:43:26,50,93,201,201
2023-08-17 10:43:26,50,78,201,201
2023-08-17 10:43:27,50,93,201,201
2023-08-17 10:43:27,50,77,201,201
2023-08-17 10:43:28,50,93,201,201
2023-08-17 10:43:28,50,76,201,201
2023-08-17 10:43:29,50,93,201,201
2023-08-17 10:43:29,50,75,201,201
2023-08-17 10:43:30,50,93,201,201
2023-08-17 10:43:30,50,74,201,201
2023-08-17 10:43:31,50,93,201,201
2023-08-17 10:43:31,50,73,201,201
2023-08-17 10:43:32,50,93,201,201
2023-08-17 10:43:32,50,72,201,201
2023-08-17 10:43:33,50,93,201,201
2023-08-17 10:43:33,50,71,201,201
2023-08-17 10:43:34,50,93,201,201
2023-08-17 10:43:34,50,70,201,201
2023-08-17 10:43:35,50,93,201,201
2023-08-17 10:43:35,50,69,201,201
2023-08-17 10:43:36,50,93,201,201
2023-08-17 10:43:36,50,68,201,201
2023-08-17 10:43:37,50,93,201,201
2023-08-17 10:43:37,50,67,201,201
2023-08-17 10:43:38,50,93,201,201
2023-08-17 10:43:38,50,66,201,201
2023-08-17 10:43:39,50,93,201,201
2023-08-17 10:43:39,50,65,201,201
2023-08-17 10:43:40,50,93,201,201
2023-08-17 10:43:40,50,64,201,201
2023-08-17 10:43:41,50,93,201,201
2023-08-17 10:43:41,50,63,201,201
2023-08-17 10:43:42,50,93,201,201
2023-08-17 10:43:42,50,62,201,201
2023-08-17 10:43:43,50,93,201,201
2023-08-17 10:43:43,50,61,201,201
2023-08-17 10:43:44,50,93,201,201
2023-08-17 10:43:44,50,60,201,201
2023-08-17 10:43:45,50,93,201,201
2023-08-17 10:43:45,50,59,201,201
2023-08-17 10:43:46,50,93,201,201
2023-08-17 10:43:46,50,58,201,201
2023-08-17 10:43:47,50,93,201,201
2023-08-17 10:43:47,50,57,201,201
2023-08-17 10:43:48,50,56,201,201
2023-08-17 10:43:52,50,55,201,201
2023-08-17 10:43:56,49,55,201,201
2023-08-17 10:43:57,49,54,201,201
2023-08-17 10:44:06,50,54,201,201
2023-08-17 10:44:07,49,54,201,201
2023-08-17 10:44:14,50,54,201,201
2023-08-17 10:44:19,49,54,201,201
2023-08-17 10:44:20,45,54,201,201
2023-08-17 10:44:20,41,54,201,201
2023-08-17 10:44:20,43,54,201,201
2023-08-17 10:44:21,43,53,201,201
2023-08-17 10:44:22,43,53,201,201
2023-08-17 10:44:22,45,53,201,201
2023-08-17 10:44:23,43,53,201,201
2023-08-17 10:44:23,46,53,201,201
2023-08-17 10:44:24,47,53,201,201
2023-08-17 10:45:03,48,53,201,201
2023-08-17 10:45:11,48,54,201,201
2023-08-17 10:45:11,49,54,201,201
2023-08-17 10:45:12,49,53,201,201
2023-08-17 10:45:18,48,53,201,201
2023-08-17 10:45:18,45,53,201,201
2023-08-17 10:45:19,45,54,201,201
2023-08-17 10:45:19,46,54,201,201
2023-08-17 10:45:20,46,55,201,201
2023-08-17 10:45:20,45,55,201,201
2023-08-17 10:45:21,46,55,201,201
2023-08-17 10:45:21,46,54,201,201
2023-08-17 10:45:22,45,54,201,201
2023-08-17 10:45:22,45,53,201,201
2023-08-17 10:45:23,48,53,201,201
2023-08-17 10:45:28,49,53,201,201
2023-08-17 10:45:30,49,54,201,201
2023-08-17 10:45:33,49,53,201,201
2023-08-17 10:45:34,49,54,201,201
2023-08-17 10:45:35,49,55,201,201
2023-08-17 10:45:36,49,54,201,201
2023-08-17 10:45:41,50,56,201,201
2023-08-17 10:45:42,50,55,201,201
2023-08-17 10:45:43,50,54,201,201
2023-08-17 10:46:04,50,55,201,201
2023-08-17 10:46:06,50,54,201,201
2023-08-17 10:46:13,49,54,201,201
2023-08-17 10:46:14,50,54,201,201
2023-08-17 10:46:34,49,54,201,201
2023-08-17 10:46:36,50,54,201,201
2023-08-17 10:46:46,50,55,201,201
2023-08-17 10:46:47,50,54,201,201
2023-08-17 10:46:56,50,55,201,201
2023-08-17 10:46:57,50,54,201,201
2023-08-17 10:46:59,50,55,201,201
2023-08-17 10:47:02,50,54,201,201
2023-08-17 10:47:05,50,55,201,201
2023-08-17 10:47:09,50,57,201,201
2023-08-17 10:47:10,51,57,201,201
2023-08-17 10:47:10,51,56,201,201
2023-08-17 10:47:11,51,55,201,201
2023-08-17 10:47:12,51,56,201,201
2023-08-17 10:47:14,51,55,201,201
2023-08-17 10:47:37,50,55,201,201
2023-08-17 10:47:39,51,55,201,201
2023-08-17 10:48:03,51,56,201,201
2023-08-17 10:48:03,45,56,201,201
2023-08-17 10:48:04,45,55,201,201
2023-08-17 10:48:04,46,55,201,201
2023-08-17 10:48:05,45,55,201,201
2023-08-17 10:48:05,45,54,201,201
2023-08-17 10:48:05,47,54,201,201
2023-08-17 10:48:06,48,54,201,201
2023-08-17 10:48:11,49,54,201,201
2023-08-17 10:48:29,49,55,201,201
2023-08-17 10:48:30,50,55,201,201
2023-08-17 10:48:31,50,54,201,201
2023-08-17 10:48:36,50,55,201,201
2023-08-17 10:48:38,50,57,201,201
2023-08-17 10:48:39,50,56,201,201
2023-08-17 10:48:39,51,56,201,201
2023-08-17 10:48:42,51,55,201,201
2023-08-17 10:48:44,51,58,201,201
2023-08-17 10:48:45,51,57,201,201
2023-08-17 10:48:46,52,56,201,201
2023-08-17 10:48:48,52,57,201,201
2023-08-17 10:48:49,52,56,201,201
2023-08-17 10:49:05,52,57,201,201
2023-08-17 10:49:06,52,56,201,201
2023-08-17 10:49:31,52,57,201,201
2023-08-17 10:49:33,52,56,201,201
2023-08-17 10:49:34,52,57,201,201
2023-08-17 10:49:36,52,56,201,201
2023-08-17 10:49:37,52,57,201,201
2023-08-17 10:49:43,52,59,201,201
2023-08-17 10:49:44,53,59,201,201
2023-08-17 10:49:44,53,58,201,201
2023-08-17 10:49:46,53,60,201,201
2023-08-17 10:49:47,53,59,201,201
2023-08-17 10:49:47,54,59,201,201
2023-08-17 10:49:48,54,58,201,201
2023-08-17 10:49:57,54,59,201,201
2023-08-17 10:49:58,54,58,201,201
2023-08-17 10:49:59,54,59,201,201
2023-08-17 10:50:00,54,58,201,201
2023-08-17 10:50:01,54,59,201,201
2023-08-17 10:50:02,54,60,201,201
2023-08-17 10:50:03,55,60,201,201
2023-08-17 10:50:04,50,60,201,201
2023-08-17 10:50:06,51,60,201,201
2023-08-17 10:50:06,51,59,201,201
2023-08-17 10:50:07,50,59,201,201
2023-08-17 10:50:07,52,59,201,201
2023-08-17 10:50:08,52,60,201,201
2023-08-17 10:50:08,53,60,201,201
2023-08-17 10:50:09,50,60,201,201
2023-08-17 10:50:09,54,60,201,201
2023-08-17 10:50:09,54,59,201,201
2023-08-17 10:50:10,55,59,201,201
2023-08-17 10:50:11,55,58,201,201
2023-08-17 10:50:13,55,59,201,201
2023-08-17 10:50:14,55,58,201,201
2023-08-17 10:50:15,55,59,201,201
2023-08-17 10:50:17,55,58,201,201
2023-08-17 10:50:18,55,59,201,201
2023-08-17 10:50:19,55,60,201,201
2023-08-17 10:50:20,55,59,201,201
2023-08-17 10:50:21,55,58,201,201
2023-08-17 10:50:22,55,59,201,201
2023-08-17 10:50:27,55,58,201,201
2023-08-17 10:50:30,55,59,201,201
2023-08-17 10:50:32,55,58,201,201
2023-08-17 10:50:40,55,59,201,201
2023-08-17 10:50:41,55,58,201,201
2023-08-17 10:50:42,55,59,201,201
2023-08-17 10:50:43,55,58,201,201
2023-08-17 10:50:50,55,59,201,201
2023-08-17 10:50:51,55,58,201,201
2023-08-17 10:50:53,55,59,201,201
2023-08-17 10:50:54,55,58,201,201
2023-08-17 10:50:55,55,59,201,201
2023-08-17 10:50:58,55,60,201,201
2023-08-17 10:50:59,55,59,201,201
2023-08-17 10:51:00,55,60,201,201
2023-08-17 10:51:01,55,59,201,201
2023-08-17 10:51:02,55,60,201,201
2023-08-17 10:51:05,55,59,201,201
2023-08-17 10:51:07,55,60,201,201
2023-08-17 10:51:08,55,93,201,201
2023-08-17 10:51:08,55,64,201,201
2023-08-17 10:51:08,55,62,201,201
2023-08-17 10:51:09,55,61,201,201
2023-08-17 10:51:09,56,61,201,201
2023-08-17 10:51:11,56,63,201,201
2023-08-17 10:51:12,52,63,201,201
2023-08-17 10:51:12,57,63,201,201
2023-08-17 10:51:13,58,63,201,201
2023-08-17 10:51:13,58,62,201,201
2023-08-17 10:51:16,58,63,201,201
2023-08-17 10:51:16,52,63,201,201
2023-08-17 10:51:17,52,62,201,201
2023-08-17 10:51:17,53,62,201,201
2023-08-17 10:51:17,54,62,201,201
2023-08-17 10:51:18,54,64,201,201
2023-08-17 10:51:18,55,64,201,201
2023-08-17 10:51:19,54,64,201,201
2023-08-17 10:51:19,56,64,201,201
2023-08-17 10:51:19,56,63,201,201
2023-08-17 10:51:20,54,63,201,201
2023-08-17 10:51:20,57,63,201,201
2023-08-17 10:51:21,57,64,201,201
2023-08-17 10:51:21,58,64,201,201
2023-08-17 10:51:22,58,63,201,201
2023-08-17 10:51:27,59,64,201,201
2023-08-17 10:51:27,59,93,201,201
2023-08-17 10:51:27,59,68,201,201
2023-08-17 10:51:27,59,66,201,201
2023-08-17 10:51:28,59,65,201,201
2023-08-17 10:51:29,55,65,201,201
2023-08-17 10:51:29,60,65,201,201
2023-08-17 10:51:30,61,65,201,201
2023-08-17 10:51:31,61,64,201,201
2023-08-17 10:51:37,61,64,201,205
2023-08-17 10:51:58,60,64,201,205
2023-08-17 10:51:59,61,64,201,205
2023-08-17 10:52:00,60,64,201,205
2023-08-17 10:52:02,61,64,201,205
2023-08-17 10:52:13,61,65,201,205
2023-08-17 10:52:14,61,64,201,205
2023-08-17 10:52:20,61,65,201,205
2023-08-17 10:52:20,60,66,201,205
2023-08-17 10:52:21,56,66,201,205
2023-08-17 10:52:22,55,66,201,205
2023-08-17 10:52:22,55,65,201,205
2023-08-17 10:52:22,57,65,201,205
2023-08-17 10:52:23,55,65,201,205
2023-08-17 10:52:23,58,65,201,205
2023-08-17 10:52:24,55,65,201,205
2023-08-17 10:52:24,55,66,201,205
2023-08-17 10:52:25,56,66,201,205
2023-08-17 10:52:26,55,65,201,205
2023-08-17 10:52:26,57,65,201,205
2023-08-17 10:52:27,55,64,201,205
2023-08-17 10:52:27,58,64,201,205
2023-08-17 10:52:28,55,64,201,205
2023-08-17 10:52:28,55,65,201,205
2023-08-17 10:52:28,59,65,201,205
2023-08-17 10:52:29,60,65,201,205
2023-08-17 10:53:02,60,65,201,205
2023-08-17 10:53:04,60,64,201,205
2023-08-17 10:53:07,60,65,201,205
2023-08-17 10:53:09,61,65,201,205
2023-08-17 10:53:10,61,64,201,205
2023-08-17 10:53:19,61,65,201,205
2023-08-17 10:53:26,61,64,201,205
2023-08-17 10:53:29,61,65,201,205
2023-08-17 10:53:36,61,66,201,205
2023-08-17 10:53:39,62,66,201,205
2023-08-17 10:53:44,63,66,201,205
2023-08-17 10:53:46,63,65,201,205
2023-08-17 10:53:52,62,65,201,205
2023-08-17 10:53:53,63,65,201,205
2023-08-17 10:54:08,63,66,201,205
2023-08-17 10:54:10,63,68,201,205
2023-08-17 10:54:11,63,67,201,205
2023-08-17 10:54:12,63,66,201,205
2023-08-17 10:54:26,63,67,201,205
2023-08-17 10:54:27,63,66,201,205
2023-08-17 10:54:31,62,66,201,205
2023-08-17 10:54:32,63,66,201,205
2023-08-17 10:54:57,63,67,201,205
2023-08-17 10:55:05,63,66,201,205
2023-08-17 10:55:32,63,67,201,205
2023-08-17 10:55:33,63,66,201,205
2023-08-17 10:55:48,63,67,201,205
2023-08-17 10:55:49,63,66,201,205
2023-08-17 10:55:59,63,67,201,205
2023-08-17 10:56:12,63,66,201,205
2023-08-17 10:56:21,63,67,201,205
2023-08-17 10:56:23,63,66,201,205
2023-08-17 10:56:37,63,67,201,205
2023-08-17 10:56:39,63,66,201,205
2023-08-17 10:56:50,62,66,201,205
2023-08-17 10:56:52,63,66,201,205
2023-08-17 10:56:54,62,66,201,205
2023-08-17 10:56:56,56,66,201,205
2023-08-17 10:56:57,57,66,201,205
2023-08-17 10:56:57,57,65,201,205
2023-08-17 10:56:58,55,65,201,205
2023-08-17 10:56:58,58,65,201,205
2023-08-17 10:56:59,59,65,201,205
2023-08-17 10:57:04,60,65,201,205
2023-08-17 10:58:25,60,64,201,205
2023-08-17 10:58:27,59,64,201,205
2023-08-17 10:58:28,59,63,201,205
2023-08-17 10:58:34,59,63,201,205
2023-08-17 10:58:36,60,63,201,205
2023-08-17 10:58:45,59,63,201,205
2023-08-17 10:58:49,54,63,201,205
2023-08-17 10:58:50,54,62,201,205
2023-08-17 10:58:51,56,62,201,205
2023-08-17 10:58:55,57,62,201,205
2023-08-17 10:59:05,57,61,201,205
2023-08-17 10:59:07,56,61,201,205
2023-08-17 10:59:08,56,60,201,205
2023-08-17 10:59:09,57,60,201,205
2023-08-17 10:59:11,56,60,201,205
2023-08-17 10:59:13,57,60,201,205
2023-08-17 10:59:14,56,60,201,205
2023-08-17 10:59:16,57,60,201,205
2023-08-17 10:59:17,56,60,201,205
2023-08-17 10:59:19,56,59,201,205
2023-08-17 10:59:20,50,59,201,205
2023-08-17 10:59:21,51,59,201,205
2023-08-17 10:59:22,50,59,201,205
2023-08-17 10:59:22,52,59,201,205
2023-08-17 10:59:23,53,59,201,205
2023-08-17 10:59:29,54,59,201,205
2023-08-17 10:59:47,54,60,201,205
2023-08-17 10:59:48,54,59,201,205
2023-08-17 10:59:57,54,59,201,205
2023-08-17 10:59:58,55,59,201,205
2023-08-17 10:59:59,54,59,201,205
2023-08-17 11:00:00,55,59,201,205
2023-08-17 11:00:21,54,59,201,205
2023-08-17 11:00:22,55,59,201,205
2023-08-17 11:00:23,54,59,201,205
2023-08-17 11:00:23,41,59,201,205
2023-08-17 11:00:23,48,59,201,205
2023-08-17 11:00:23,48,58,201,205
2023-08-17 11:00:24,48,57,201,205
2023-08-17 11:00:25,50,57,201,205
2023-08-17 11:00:26,50,56,201,205
2023-08-17 11:00:31,51,56,201,205
2023-08-17 11:00:42,50,56,201,205
2023-08-17 11:00:43,50,55,201,205
2023-08-17 11:00:44,51,55,201,205
2023-08-17 11:00:45,50,55,201,205
2023-08-17 11:00:46,51,55,201,205
2023-08-17 11:00:49,50,55,201,205
2023-08-17 11:00:50,51,55,201,205
2023-08-17 11:00:51,50,55,201,205
2023-08-17 11:00:52,51,55,201,205
2023-08-17 11:01:00,50,55,201,205
2023-08-17 11:01:01,51,55,201,205
2023-08-17 11:01:04,51,56,201,205
2023-08-17 11:01:05,51,57,201,205
2023-08-17 11:01:06,52,57,201,205
2023-08-17 11:01:06,52,56,201,205
2023-08-17 11:01:07,52,55,201,205
2023-08-17 11:01:08,52,56,201,205
2023-08-17 11:01:09,52,55,201,205
2023-08-17 11:01:11,52,56,201,205
2023-08-17 11:01:13,52,55,201,205
2023-08-17 11:01:14,52,56,201,205
2023-08-17 11:01:15,52,57,201,205
2023-08-17 11:01:17,52,56,201,205
2023-08-17 11:01:34,51,56,201,205
2023-08-17 11:01:36,52,56,201,205
2023-08-17 11:01:37,51,56,201,205
2023-08-17 11:01:41,46,56,201,205
2023-08-17 11:01:42,46,55,201,205
2023-08-17 11:01:42,47,55,201,205
2023-08-17 11:01:43,48,55,201,205
2023-08-17 11:01:48,49,55,201,205
2023-08-17 11:01:50,50,55,201,205
2023-08-17 11:01:51,50,56,201,205
2023-08-17 11:01:52,51,56,201,205
2023-08-17 11:02:07,50,55,201,205
2023-08-17 11:02:10,51,55,201,205
2023-08-17 11:02:12,50,55,201,205
2023-08-17 11:02:13,51,55,201,205
2023-08-17 11:02:22,50,55,201,205
2023-08-17 11:02:23,51,55,201,205
2023-08-17 11:02:29,50,55,201,205
2023-08-17 11:02:30,51,55,201,205
2023-08-17 11:02:39,51,56,201,205
2023-08-17 11:02:40,51,55,201,205
2023-08-17 11:02:48,51,56,201,205
2023-08-17 11:02:49,51,55,201,205
2023-08-17 11:02:58,51,56,201,205
2023-08-17 11:03:00,51,55,201,205
2023-08-17 11:03:16,51,56,201,205
2023-08-17 11:03:17,51,55,201,205
2023-08-17 11:03:32,51,56,201,205
2023-08-17 11:03:33,51,55,201,205
2023-08-17 11:03:35,50,55,201,205
2023-08-17 11:03:36,51,55,201,205
2023-08-17 11:03:38,50,55,201,205
2023-08-17 11:03:40,45,55,201,205
2023-08-17 11:03:41,45,54,201,205
2023-08-17 11:03:42,47,54,201,205
2023-08-17 11:03:48,48,54,201,205
2023-08-17 11:04:01,48,53,201,205
2023-08-17 11:04:07,48,54,201,205
2023-08-17 11:04:07,44,54,201,205
2023-08-17 11:04:08,44,53,201,205
2023-08-17 11:04:09,44,53,201,205
2023-08-17 11:04:09,46,53,201,205
2023-08-17 11:04:10,47,52,201,205
2023-08-17 11:04:12,47,53,201,205
2023-08-17 11:04:12,48,53,201,205
2023-08-17 11:04:15,48,54,201,205
2023-08-17 11:04:15,49,54,201,205
2023-08-17 11:04:15,49,93,201,205
2023-08-17 11:04:15,49,59,201,205
2023-08-17 11:04:15,49,56,201,205
2023-08-17 11:04:16,49,55,201,205
2023-08-17 11:04:18,49,54,201,205
2023-08-17 11:04:18,50,54,201,205
2023-08-17 11:04:37,49,54,201,205
2023-08-17 11:04:38,50,54,201,205
2023-08-17 11:04:42,49,54,201,205
2023-08-17 11:04:43,50,54,201,205
2023-08-17 11:05:13,50,56,201,205
2023-08-17 11:05:14,46,56,201,205
2023-08-17 11:05:15,45,55,201,205
2023-08-17 11:05:15,47,55,201,205
2023-08-17 11:05:16,48,55,201,205
2023-08-17 11:05:17,47,55,201,205
2023-08-17 11:05:17,49,55,201,205
2023-08-17 11:05:18,50,55,201,205
2023-08-17 11:05:20,50,57,201,205
2023-08-17 11:05:21,50,56,201,205
2023-08-17 11:05:21,51,56,201,205
2023-08-17 11:05:22,51,55,201,205
2023-08-17 11:05:24,51,56,201,205
2023-08-17 11:05:28,51,55,201,205
2023-08-17 11:05:30,51,56,201,205
2023-08-17 11:05:32,51,55,201,205
2023-08-17 11:05:38,50,55,201,205
2023-08-17 11:05:44,51,55,201,205
2023-08-17 11:05:45,50,55,201,205
2023-08-17 11:05:46,51,55,201,205
2023-08-17 11:05:53,51,56,201,205
2023-08-17 11:06:00,51,55,201,205
2023-08-17 11:06:01,51,56,201,205
2023-08-17 11:06:04,51,55,201,205
2023-08-17 11:06:05,51,56,201,205
2023-08-17 11:06:08,51,55,201,205
2023-08-17 11:06:09,51,56,201,205
2023-08-17 11:06:10,51,58,201,205
2023-08-17 11:06:11,51,57,201,205
2023-08-17 11:06:12,52,56,201,205
2023-08-17 11:06:13,52,57,201,205
2023-08-17 11:06:14,52,56,201,205
2023-08-17 11:06:16,52,57,201,205
2023-08-17 11:06:17,52,58,201,205
2023-08-17 11:06:18,53,58,201,205
2023-08-17 11:06:18,53,57,201,205
2023-08-17 11:06:22,53,58,201,205
2023-08-17 11:06:22,53,93,201,205
2023-08-17 11:06:22,53,61,201,205
2023-08-17 11:06:22,53,59,201,205
2023-08-17 11:06:23,53,58,201,205
2023-08-17 11:06:25,53,57,201,205
2023-08-17 11:06:27,53,58,201,205
2023-08-17 11:06:29,53,59,201,205
2023-08-17 11:06:30,54,59,201,205
2023-08-17 11:06:31,54,58,201,205
2023-08-17 11:06:33,54,59,201,205
2023-08-17 11:06:34,54,58,201,205
2023-08-17 11:06:45,53,58,201,205
2023-08-17 11:06:46,53,57,201,205
2023-08-17 11:06:48,47,57,201,205
2023-08-17 11:06:49,48,57,201,205
2023-08-17 11:06:50,47,57,201,205
2023-08-17 11:06:50,49,57,201,205
2023-08-17 11:06:51,50,57,201,205
2023-08-17 11:06:55,51,57,201,205
2023-08-17 11:06:57,51,56,201,205
2023-08-17 11:07:02,50,56,201,205
2023-08-17 11:07:03,50,55,201,205
2023-08-17 11:07:04,51,55,201,205
2023-08-17 11:07:06,50,55,201,205
2023-08-17 11:07:06,50,56,201,205
2023-08-17 11:07:06,46,56,201,205
2023-08-17 11:07:07,47,57,201,205
2023-08-17 11:07:07,47,56,201,205
2023-08-17 11:07:08,46,56,201,205
2023-08-17 11:07:08,48,56,201,205
2023-08-17 11:07:09,46,55,201,205
2023-08-17 11:07:09,49,55,201,205
2023-08-17 11:07:10,50,55,201,205
2023-08-17 11:07:16,51,55,201,205
2023-08-17 11:07:24,50,55,201,205
2023-08-17 11:07:25,51,55,201,205
2023-08-17 11:07:37,50,55,201,205
2023-08-17 11:07:39,51,55,201,205
2023-08-17 11:07:47,50,55,201,205
2023-08-17 11:07:48,51,55,201,205
2023-08-17 11:07:49,50,55,201,205
2023-08-17 11:07:51,46,55,201,205
2023-08-17 11:07:52,46,54,201,205
2023-08-17 11:07:53,48,54,201,205
2023-08-17 11:07:57,48,57,201,205
2023-08-17 11:07:57,46,57,201,205
2023-08-17 11:07:57,46,93,201,205
2023-08-17 11:07:57,41,93,201,205
2023-08-17 11:07:57,42,93,201,205
2023-08-17 11:07:57,45,93,201,205
2023-08-17 11:07:57,45,55,201,205
2023-08-17 11:07:58,46,55,201,205
2023-08-17 11:07:59,47,54,201,205
2023-08-17 11:07:59,47,53,201,205
2023-08-17 11:08:05,47,52,201,205
2023-08-17 11:10:18,47,53,201,205
2023-08-17 11:10:19,48,53,201,205
2023-08-17 11:10:21,48,54,201,205
2023-08-17 11:10:21,49,54,201,205
2023-08-17 11:10:22,49,53,201,205
2023-08-17 11:10:23,49,52,201,205
2023-08-17 11:10:24,49,53,201,205
2023-08-17 11:10:27,49,54,201,205
2023-08-17 11:10:28,49,53,201,205
2023-08-17 11:10:29,49,54,201,205
2023-08-17 11:10:30,49,53,201,205
2023-08-17 11:10:34,49,55,201,205
2023-08-17 11:10:35,49,54,201,205
2023-08-17 11:10:38,49,55,201,205
2023-08-17 11:10:38,50,55,201,205
2023-08-17 11:10:39,50,54,201,205
2023-08-17 11:10:42,50,53,201,205
2023-08-17 11:10:47,49,53,201,205
2023-08-17 11:10:50,50,53,201,205
2023-08-17 11:10:56,50,54,201,205
2023-08-17 11:10:59,50,53,201,205
2023-08-17 11:11:01,49,53,201,205
2023-08-17 11:11:03,50,53,201,205
2023-08-17 11:11:10,50,54,201,205
2023-08-17 11:11:11,50,53,201,205
2023-08-17 11:11:12,49,53,201,205
2023-08-17 11:11:13,45,55,201,205
2023-08-17 11:11:14,45,54,201,205
2023-08-17 11:11:14,46,54,201,205
2023-08-17 11:11:15,45,54,201,205
2023-08-17 11:11:15,47,54,201,205
2023-08-17 11:11:16,48,53,201,205
2023-08-17 11:11:26,49,53,201,205
2023-08-17 11:11:29,49,54,201,205
2023-08-17 11:11:30,49,53,201,205
2023-08-17 11:11:33,49,54,201,205
2023-08-17 11:11:37,49,53,201,205
2023-08-17 11:11:38,49,54,201,205
2023-08-17 11:11:39,49,53,201,205
2023-08-17 11:11:48,49,54,201,205
2023-08-17 11:11:50,49,53,201,205
2023-08-17 11:11:51,49,54,201,205
2023-08-17 11:11:52,49,53,201,205
2023-08-17 11:11:55,49,54,201,205
2023-08-17 11:11:58,49,53,201,205
2023-08-17 11:12:03,49,54,201,205
2023-08-17 11:12:07,49,56,201,205
2023-08-17 11:12:08,50,56,201,205
2023-08-17 11:12:10,50,54,201,205
2023-08-17 11:12:21,49,54,201,205
2023-08-17 11:12:23,44,54,201,205
2023-08-17 11:12:24,44,53,201,205
2023-08-17 11:12:25,44,53,201,205
2023-08-17 11:12:25,46,53,201,205
2023-08-17 11:12:26,47,53,201,205
2023-08-17 11:12:29,47,52,201,205
2023-08-17 11:13:34,46,52,201,205
2023-08-17 11:13:35,43,52,201,205
2023-08-17 11:13:35,44,52,201,205
2023-08-17 11:13:36,45,52,201,205
2023-08-17 11:13:37,44,52,201,205
2023-08-17 11:13:37,46,52,201,205
2023-08-17 11:13:38,46,51,201,205
2023-08-17 11:13:38,47,51,201,205
2023-08-17 11:13:40,47,52,201,205
2023-08-17 11:13:41,47,51,201,205
2023-08-17 11:13:42,47,52,201,205
2023-08-17 11:13:44,47,54,201,205
2023-08-17 11:13:44,48,54,201,205
2023-08-17 11:13:45,48,53,201,205
2023-08-17 11:13:48,48,52,201,205
2023-08-17 11:13:50,48,53,201,205
2023-08-17 11:13:51,48,54,201,205
2023-08-17 11:13:52,49,54,201,205
2023-08-17 11:13:52,49,53,201,205
2023-08-17 11:13:54,49,54,201,205
2023-08-17 11:13:54,49,93,201,205
2023-08-17 11:13:54,49,56,201,205
2023-08-17 11:13:55,49,55,201,205
2023-08-17 11:13:56,49,54,201,205
2023-08-17 11:13:58,49,55,201,205
2023-08-17 11:13:58,50,55,201,205
2023-08-17 11:14:00,50,56,201,205
2023-08-17 11:14:00,51,56,201,205
2023-08-17 11:14:01,51,55,201,205
2023-08-17 11:14:02,51,54,201,205
2023-08-17 11:14:03,51,55,201,205
2023-08-17 11:14:04,51,54,201,205
2023-08-17 11:14:05,50,54,201,205
2023-08-17 11:14:06,47,56,201,205
2023-08-17 11:14:07,46,56,201,205
2023-08-17 11:14:07,48,56,201,205
2023-08-17 11:14:08,46,56,201,205
2023-08-17 11:14:08,49,56,201,205
2023-08-17 11:14:09,49,55,201,205
2023-08-17 11:14:09,50,55,201,205
2023-08-17 11:14:11,50,56,201,205
2023-08-17 11:14:12,47,56,201,205
2023-08-17 11:14:13,48,55,201,205
2023-08-17 11:14:21,46,54,201,205
2023-08-17 11:14:21,49,54,201,205
2023-08-17 11:14:22,49,55,201,205
2023-08-17 11:14:22,50,55,201,205
2023-08-17 11:14:26,50,56,201,205
2023-08-17 11:14:26,51,56,201,205
2023-08-17 11:14:32,51,55,201,205
2023-08-17 11:14:33,51,56,201,205
2023-08-17 11:14:34,51,55,201,205
2023-08-17 11:14:42,50,55,201,205
2023-08-17 11:14:47,51,55,201,205
2023-08-17 11:14:52,50,55,201,205
2023-08-17 11:14:53,45,55,201,205
2023-08-17 11:14:54,46,55,201,205
2023-08-17 11:14:55,45,54,201,205
2023-08-17 11:14:55,47,54,201,205
2023-08-17 11:14:56,48,54,201,205
2023-08-17 11:15:06,48,53,201,205
2023-08-17 11:15:07,47,53,201,205
2023-08-17 11:15:08,47,52,201,205
2023-08-17 11:15:08,48,52,201,205
2023-08-17 11:15:11,47,52,201,205
2023-08-17 11:15:13,48,52,201,205
2023-08-17 11:15:25,47,52,201,205
2023-08-17 11:15:27,48,52,201,205
2023-08-17 11:15:32,47,52,201,205
2023-08-17 11:15:36,43,52,201,205
2023-08-17 11:15:37,44,52,201,205
2023-08-17 11:15:37,44,51,201,205
2023-08-17 11:15:38,45,51,201,205
2023-08-17 11:15:41,43,51,201,205
2023-08-17 11:15:41,43,53,201,205
2023-08-17 11:15:42,43,52,201,205
2023-08-17 11:15:43,45,52,201,205
2023-08-17 11:15:44,44,52,201,205
2023-08-17 11:15:44,46,52,201,205
2023-08-17 11:15:45,47,52,201,205
2023-08-17 11:15:49,47,54,201,205
2023-08-17 11:15:50,47,53,201,205
2023-08-17 11:15:50,48,53,201,205
2023-08-17 11:15:51,48,52,201,205
2023-08-17 11:16:01,47,52,201,205
2023-08-17 11:16:02,48,52,201,205
2023-08-17 11:16:05,48,53,201,205
2023-08-17 11:16:06,49,53,201,205
2023-08-17 11:16:08,49,52,201,205
2023-08-17 11:16:11,49,53,201,205
2023-08-17 11:16:14,49,52,201,205
2023-08-17 11:16:25,48,52,201,205
2023-08-17 11:16:29,49,52,201,205
2023-08-17 11:16:32,49,53,201,205
2023-08-17 11:16:33,49,52,201,205
2023-08-17 11:16:34,49,53,201,205
2023-08-17 11:16:36,49,52,201,205
2023-08-17 11:16:38,48,52,201,205
2023-08-17 11:16:39,49,52,201,205
2023-08-17 11:16:40,49,53,201,205
2023-08-17 11:16:47,49,55,201,205
2023-08-17 11:16:48,49,54,201,205
2023-08-17 11:16:49,50,54,201,205
2023-08-17 11:16:51,50,53,201,205
2023-08-17 11:16:54,50,54,201,205
2023-08-17 11:16:57,50,53,201,205
2023-08-17 11:16:59,50,54,201,205
2023-08-17 11:17:01,50,53,201,205
2023-08-17 11:17:03,50,54,201,205
2023-08-17 11:17:05,50,53,201,205
2023-08-17 11:17:06,49,53,201,205
2023-08-17 11:17:06,45,53,201,205
2023-08-17 11:17:07,46,53,201,205
2023-08-17 11:17:08,47,53,201,205
2023-08-17 11:17:13,48,53,201,205
2023-08-17 11:17:38,47,53,201,205
2023-08-17 11:17:39,47,52,201,205
2023-08-17 11:17:43,48,52,201,205
2023-08-17 11:17:44,47,52,201,205
2023-08-17 11:17:47,48,52,201,205
2023-08-17 11:17:48,47,52,201,205
2023-08-17 11:17:52,48,52,201,205
2023-08-17 11:17:53,47,52,201,205
2023-08-17 11:17:55,48,52,201,205
2023-08-17 11:17:59,47,52,201,205
2023-08-17 11:18:02,48,52,201,205
2023-08-17 11:18:03,47,52,201,205
2023-08-17 11:18:04,48,52,201,205
2023-08-17 11:18:07,47,52,201,205
2023-08-17 11:18:09,48,52,201,205
2023-08-17 11:18:11,47,52,201,205
2023-08-17 11:18:13,43,52,201,205
2023-08-17 11:18:14,43,51,201,205
2023-08-17 11:18:15,43,51,201,205
2023-08-17 11:18:15,45,51,201,205
2023-08-17 11:18:16,46,51,201,205
2023-08-17 11:18:24,46,52,201,205
2023-08-17 11:18:24,41,52,201,205
2023-08-17 11:18:25,42,52,201,205
2023-08-17 11:18:26,41,52,201,205
2023-08-17 11:18:26,41,51,201,205
2023-08-17 11:18:26,43,51,201,205
2023-08-17 11:18:27,41,51,201,205
2023-08-17 11:18:27,41,52,201,205
2023-08-17 11:18:28,42,52,201,205
2023-08-17 11:18:28,42,51,201,205
2023-08-17 11:18:29,41,51,201,205
2023-08-17 11:18:29,43,51,201,205
2023-08-17 11:18:29,43,50,201,205
2023-08-17 11:18:30,44,50,201,205
2023-08-17 11:18:34,45,50,201,205
2023-08-17 11:18:42,44,50,201,205
2023-08-17 11:18:42,41,52,201,205
2023-08-17 11:18:43,41,51,201,205
2023-08-17 11:18:43,42,51,201,205
2023-08-17 11:18:43,43,51,201,205
2023-08-17 11:18:44,44,51,201,205
2023-08-17 11:18:45,44,50,201,205
2023-08-17 11:18:47,45,51,201,205
2023-08-17 11:18:48,45,50,201,205
2023-08-17 11:18:55,46,51,201,205
2023-08-17 11:18:56,46,50,201,205
2023-08-17 11:19:17,46,51,201,205
2023-08-17 11:19:18,46,50,201,205
2023-08-17 11:19:23,46,51,201,205
2023-08-17 11:19:25,46,50,201,205
2023-08-17 11:19:30,46,51,201,205
2023-08-17 11:19:32,46,50,201,205
2023-08-17 11:19:42,45,50,201,205
2023-08-17 11:19:43,46,50,201,205
2023-08-17 11:19:49,45,50,201,205
2023-08-17 11:19:52,46,50,201,205
2023-08-17 11:19:57,45,50,201,205
2023-08-17 11:20:01,46,50,201,205
2023-08-17 11:20:05,45,50,201,205
2023-08-17 11:20:06,46,50,201,205
2023-08-17 11:20:12,46,51,201,205
2023-08-17 11:20:13,46,50,201,205
2023-08-17 11:20:16,46,51,201,205
2023-08-17 11:20:17,46,50,201,205
2023-08-17 11:20:46,45,50,201,205
2023-08-17 11:20:47,46,50,201,205
2023-08-17 11:20:51,45,50,201,205
2023-08-17 11:20:53,46,50,201,205
2023-08-17 11:20:58,45,50,201,205
2023-08-17 11:21:01,41,50,201,205
2023-08-17 11:21:02,41,49,201,205
2023-08-17 11:21:03,41,49,201,205
2023-08-17 11:21:03,41,50,201,205
2023-08-17 11:21:03,41,52,201,205
2023-08-17 11:21:04,42,52,201,205
2023-08-17 11:21:05,41,51,201,205
2023-08-17 11:21:05,41,50,201,205
2023-08-17 11:21:06,41,50,201,205
2023-08-17 11:21:06,44,50,201,205
2023-08-17 11:21:07,45,50,201,205
2023-08-17 11:21:09,45,51,201,205
2023-08-17 11:21:10,45,50,201,205
2023-08-17 11:21:15,45,50,201,205
2023-08-17 11:21:17,46,50,201,205
2023-08-17 11:21:20,45,50,201,205
2023-08-17 11:21:21,46,50,201,205
2023-08-17 11:21:25,45,50,201,205
2023-08-17 11:21:29,41,50,201,205
2023-08-17 11:21:29,41,48,201,205
2023-08-17 11:21:30,41,47,201,205
2023-08-17 11:21:31,42,46,201,205
2023-08-17 11:21:34,41,46,201,205
2023-08-17 11:21:36,42,46,201,205
2023-08-17 11:21:41,42,47,201,205
2023-08-17 11:21:42,42,46,201,205
2023-08-17 11:21:44,42,47,201,205
2023-08-17 11:21:46,42,48,201,205
2023-08-17 11:21:46,42,93,201,205
2023-08-17 11:21:46,42,53,201,205
2023-08-17 11:21:46,42,50,201,205
2023-08-17 11:21:47,43,50,201,205
2023-08-17 11:21:47,43,49,201,205
2023-08-17 11:21:48,43,48,201,205
2023-08-17 11:21:53,43,49,201,205
2023-08-17 11:21:54,44,49,201,205
2023-08-17 11:21:54,44,48,201,205
2023-08-17 11:22:06,43,48,201,205
2023-08-17 11:22:07,44,48,201,205
2023-08-17 11:22:22,43,48,201,205
2023-08-17 11:22:25,44,48,201,205
2023-08-17 11:22:26,43,48,201,205
2023-08-17 11:22:26,43,50,201,205
2023-08-17 11:22:27,42,50,201,205
2023-08-17 11:22:28,42,48,201,205
2023-08-17 11:22:35,43,49,201,205
2023-08-17 11:22:36,44,49,201,205
2023-08-17 11:22:37,44,51,201,205
2023-08-17 11:22:38,45,51,201,205
2023-08-17 11:22:38,45,50,201,205
2023-08-17 11:22:39,45,49,201,205
2023-08-17 11:22:40,45,50,201,205
2023-08-17 11:22:41,45,51,201,205
2023-08-17 11:22:41,46,51,201,205
2023-08-17 11:22:41,46,93,201,205
2023-08-17 11:22:41,46,55,201,205
2023-08-17 11:22:41,46,53,201,205
2023-08-17 11:22:42,46,52,201,205
2023-08-17 11:22:43,46,51,201,205
2023-08-17 11:22:44,46,52,201,205
2023-08-17 11:22:44,47,52,201,205
2023-08-17 11:22:47,47,51,201,205
2023-08-17 11:22:48,47,52,201,205
2023-08-17 11:22:49,47,51,201,205
2023-08-17 11:22:51,47,52,201,205
2023-08-17 11:22:54,47,51,201,205
2023-08-17 11:23:03,46,51,201,205
2023-08-17 11:23:07,47,51,201,205
2023-08-17 11:23:08,42,51,201,205
2023-08-17 11:23:08,41,51,201,205
2023-08-17 11:23:09,42,51,201,205
2023-08-17 11:23:10,41,51,201,205
2023-08-17 11:23:10,41,50,201,205
2023-08-17 11:23:11,44,50,201,205
2023-08-17 11:23:14,45,50,201,205
2023-08-17 11:23:36,45,51,201,205
2023-08-17 11:23:37,46,51,201,205
2023-08-17 11:23:38,46,50,201,205
2023-08-17 11:23:39,46,51,201,205
2023-08-17 11:23:41,46,50,201,205
2023-08-17 11:23:45,46,51,201,205
2023-08-17 11:23:48,46,53,201,205
2023-08-17 11:23:49,47,53,201,205
2023-08-17 11:23:50,47,51,201,205
2023-08-17 11:24:00,46,51,201,205
2023-08-17 11:24:01,47,51,201,205
2023-08-17 11:24:10,47,52,201,205
2023-08-17 11:24:15,47,54,201,205
2023-08-17 11:24:16,48,54,201,205
2023-08-17 11:24:16,48,53,201,205
2023-08-17 11:24:18,48,52,201,205
2023-08-17 11:24:22,48,53,201,205
2023-08-17 11:24:24,48,52,201,205
2023-08-17 11:24:25,48,53,201,205
2023-08-17 11:24:27,48,52,201,205
2023-08-17 11:24:28,48,53,201,205
2023-08-17 11:24:29,49,53,201,205
2023-08-17 11:24:33,49,52,201,205
2023-08-17 11:24:34,49,53,201,205
2023-08-17 11:24:35,49,54,201,205
2023-08-17 11:24:35,44,54,201,205
2023-08-17 11:24:37,44,53,201,205
2023-08-17 11:24:38,44,53,201,205
2023-08-17 11:24:38,46,53,201,205
2023-08-17 11:24:39,47,52,201,205
2023-08-17 11:24:40,47,53,201,205
2023-08-17 11:24:41,48,53,201,205
2023-08-17 11:24:42,48,52,201,205
2023-08-17 11:24:46,48,53,201,205
2023-08-17 11:24:47,48,55,201,205
2023-08-17 11:24:48,49,55,201,205
2023-08-17 11:24:48,49,54,201,205
2023-08-17 11:24:49,49,53,201,205
2023-08-17 11:24:53,48,53,201,205
2023-08-17 11:24:54,49,53,201,205
2023-08-17 11:24:56,49,54,201,205
2023-08-17 11:24:57,49,53,201,205
2023-08-17 11:25:09,49,54,201,205
2023-08-17 11:25:10,49,53,201,205
2023-08-17 11:25:26,48,53,201,205
2023-08-17 11:25:28,43,53,201,205
2023-08-17 11:25:29,44,53,201,205
2023-08-17 11:25:30,43,52,201,205
2023-08-17 11:25:30,45,52,201,205
2023-08-17 11:25:31,46,52,201,205
2023-08-17 11:25:42,47,52,201,205
2023-08-17 11:26:03,46,52,201,205
2023-08-17 11:26:04,46,51,201,205
2023-08-17 11:26:05,47,51,201,205
2023-08-17 11:26:06,46,51,201,205
2023-08-17 11:26:06,41,51,201,205
2023-08-17 11:26:07,42,51,201,205
2023-08-17 11:26:08,41,51,201,205
2023-08-17 11:26:08,43,51,201,205
2023-08-17 11:26:09,44,51,201,205
2023-08-17 11:26:11,44,50,201,205
2023-08-17 11:26:16,45,50,201,205
2023-08-17 11:26:21,44,50,201,205
2023-08-17 11:26:22,44,49,201,205
2023-08-17 11:26:23,41,49,201,205
2023-08-17 11:26:23,41,93,201,205
2023-08-17 11:26:23,41,49,201,205
2023-08-17 11:26:24,41,48,201,205
2023-08-17 11:26:25,42,47,201,205
2023-08-17 11:26:41,42,47,201,205
2023-08-17 11:26:43,43,47,201,205
2023-08-17 11:26:44,42,47,201,205
2023-08-17 11:26:47,43,47,201,205
2023-08-17 11:26:48,42,47,201,205
2023-08-17 11:26:50,43,47,201,205
2023-08-17 11:26:52,42,47,201,205
2023-08-17 11:27:00,43,47,201,205
2023-08-17 11:27:05,42,47,201,205
2023-08-17 11:27:09,43,47,201,205
2023-08-17 11:27:12,42,47,201,205
2023-08-17 11:27:16,43,47,201,205
2023-08-17 11:27:18,42,47,201,205
2023-08-17 11:27:25,43,47,201,205
2023-08-17 11:27:26,42,47,201,205
2023-08-17 11:27:31,43,47,201,205
2023-08-17 11:27:36,42,47,201,205
2023-08-17 11:27:38,43,47,201,205
2023-08-17 11:27:41,42,47,201,205
2023-08-17 11:27:47,43,47,201,205
2023-08-17 11:27:50,42,47,201,205
2023-08-17 11:27:51,41,47,201,205
2023-08-17 11:27:52,41,46,201,205
2023-08-17 11:27:56,42,46,201,205
2023-08-17 11:28:29,42,47,201,205
2023-08-17 11:28:32,42,46,201,205
2023-08-17 11:28:33,42,47,201,205
2023-08-17 11:28:36,42,46,201,205
2023-08-17 11:28:42,42,47,201,205
2023-08-17 11:28:43,42,46,201,205
2023-08-17 11:28:44,42,47,201,205
2023-08-17 11:28:45,43,48,201,205
2023-08-17 11:28:46,43,47,201,205
2023-08-17 11:28:57,42,47,201,205
2023-08-17 11:28:59,43,47,201,205
2023-08-17 11:29:03,42,47,201,205
2023-08-17 11:29:06,43,47,201,205
2023-08-17 11:29:17,42,47,201,205
2023-08-17 11:29:30,43,47,201,205
2023-08-17 11:29:31,42,47,201,205
2023-08-17 11:29:35,43,47,201,205
2023-08-17 11:29:36,42,47,201,205
2023-08-17 11:29:42,41,47,201,205
2023-08-17 11:29:43,41,46,201,205
2023-08-17 11:29:44,42,46,201,205
2023-08-17 11:30:08,42,47,201,205
2023-08-17 11:30:10,42,46,201,205
2023-08-17 11:30:12,41,46,201,205
2023-08-17 11:30:13,42,46,201,205
2023-08-17 11:30:17,42,47,201,205
2023-08-17 11:30:18,42,46,201,205
2023-08-17 11:30:26,42,47,201,205
2023-08-17 11:30:28,42,46,201,205
2023-08-17 11:30:34,42,47,201,205
2023-08-17 11:30:35,42,46,201,205
2023-08-17 11:30:45,42,48,201,205
2023-08-17 11:30:46,42,47,201,205
2023-08-17 11:30:48,42,46,201,205
2023-08-17 11:30:50,42,47,201,205
2023-08-17 11:30:55,42,46,201,205
2023-08-17 11:31:00,42,48,201,205
2023-08-17 11:31:01,43,48,201,205
2023-08-17 11:31:01,43,47,201,205
2023-08-17 11:31:02,43,46,201,205
2023-08-17 11:31:08,43,47,201,205
2023-08-17 11:31:09,43,46,201,205
2023-08-17 11:31:12,43,47,201,205
2023-08-17 11:31:13,43,46,201,205
2023-08-17 11:31:19,43,47,201,205
2023-08-17 11:31:20,43,46,201,205
2023-08-17 11:31:21,43,47,201,205
2023-08-17 11:31:22,43,46,201,205
2023-08-17 11:31:26,42,46,201,205
2023-08-17 11:31:31,41,46,201,205
2023-08-17 11:31:32,42,46,201,205
2023-08-17 11:31:34,43,46,201,205
2023-08-17 11:31:36,43,47,201,205
2023-08-17 11:31:37,43,46,201,205
2023-08-17 11:31:38,42,46,201,205
2023-08-17 11:31:40,43,46,201,205
2023-08-17 11:31:40,43,47,201,205
2023-08-17 11:31:41,43,46,201,205
2023-08-17 11:31:44,43,47,201,205
2023-08-17 11:31:46,43,46,201,205
2023-08-17 11:31:49,41,46,201,205
2023-08-17 11:31:50,42,46,201,205
2023-08-17 11:31:54,43,46,201,205
2023-08-17 11:31:56,42,46,201,205
2023-08-17 11:31:57,41,46,201,205
2023-08-17 11:32:06,42,46,201,205
2023-08-17 11:32:07,41,46,201,205
2023-08-17 11:32:09,42,46,201,205
2023-08-17 11:32:11,41,46,201,205
2023-08-17 11:32:13,41,45,201,205
2023-08-17 11:32:25,42,45,201,205
2023-08-17 11:32:27,42,46,201,205
2023-08-17 11:32:34,42,45,201,205
2023-08-17 11:32:35,41,45,201,205
2023-08-17 11:32:46,42,45,201,205
2023-08-17 11:32:47,41,45,201,205
2023-08-17 11:32:48,41,46,201,205
2023-08-17 11:32:48,42,46,201,205
2023-08-17 11:32:49,42,45,201,205
2023-08-17 11:32:53,42,46,201,205
2023-08-17 11:32:55,41,46,201,205
2023-08-17 11:32:55,41,45,201,205
2023-08-17 11:32:56,42,45,201,205
2023-08-17 11:33:00,41,45,201,205
2023-08-17 11:33:03,42,45,201,205
2023-08-17 11:33:08,41,45,201,205
2023-08-17 11:33:23,41,46,201,205
2023-08-17 11:33:23,42,46,201,205
2023-08-17 11:33:24,41,46,201,205
2023-08-17 11:33:24,41,45,201,205
2023-08-17 11:33:26,42,45,201,205
2023-08-17 11:33:30,42,46,201,205
2023-08-17 11:33:31,42,45,201,205
2023-08-17 11:33:34,42,46,201,205
2023-08-17 11:33:39,42,45,201,205
2023-08-17 11:33:46,41,45,201,205
2023-08-17 11:33:49,42,45,201,205
2023-08-17 11:33:54,41,45,201,205
2023-08-17 11:33:59,42,45,201,205
2023-08-17 11:34:05,41,45,201,205
2023-08-17 11:34:07,42,45,201,205
2023-08-17 11:34:10,42,46,201,205
2023-08-17 11:34:11,41,46,201,205
2023-08-17 11:34:11,41,45,201,205
2023-08-17 11:34:12,42,45,201,205
2023-08-17 11:34:14,41,45,201,205
2023-08-17 11:34:39,42,45,201,205
2023-08-17 11:34:40,41,45,201,205
2023-08-17 11:34:42,42,45,201,205
2023-08-17 11:34:46,42,46,201,205
2023-08-17 11:34:48,42,45,201,205
2023-08-17 11:34:50,41,45,201,205
2023-08-17 11:34:52,41,46,201,205
2023-08-17 11:34:52,42,46,201,205
2023-08-17 11:34:53,42,45,201,205
2023-08-17 11:34:57,42,46,201,205
2023-08-17 11:35:00,42,45,201,205
2023-08-17 11:35:02,42,46,201,205
2023-08-17 11:35:05,42,45,201,205
2023-08-17 11:35:07,42,46,201,205
2023-08-17 11:35:09,42,45,201,205
2023-08-17 11:35:10,42,46,201,205
2023-08-17 11:35:11,42,47,201,205
2023-08-17 11:35:12,42,46,201,205
2023-08-17 11:35:13,42,45,201,205
2023-08-17 11:35:17,42,46,201,205
2023-08-17 11:35:19,42,45,201,205
2023-08-17 11:35:21,41,45,201,205
2023-08-17 11:35:44,41,44,201,205
2023-08-17 11:35:56,41,43,201,205
2023-08-17 11:36:34,40,43,176,230
2023-08-17 11:36:35,40,42,176,230
2023-08-17 11:36:48,40,44,176,230
2023-08-17 11:36:49,40,43,176,230
2023-08-17 11:36:50,40,42,176,230
2023-08-17 11:37:11,40,43,176,230
2023-08-17 11:37:13,40,42,176,230
2023-08-17 11:37:15,40,43,176,230
2023-08-17 11:37:15,40,44,176,230
2023-08-17 11:37:15,40,93,176,230
2023-08-17 11:37:15,40,48,176,230
2023-08-17 11:37:15,40,45,176,230
2023-08-17 11:37:16,40,44,176,230
2023-08-17 11:37:17,40,43,176,230
2023-08-17 11:37:18,40,44,176,230
2023-08-17 11:37:18,40,45,176,230
2023-08-17 11:37:19,40,44,176,230
2023-08-17 11:37:20,40,45,176,230
2023-08-17 11:37:22,40,44,176,230
2023-08-17 11:37:47,40,43,176,230
2023-08-17 11:37:58,40,42,176,230
2023-08-17 11:38:07,40,43,176,230
2023-08-17 11:38:09,40,42,176,230
2023-08-17 11:38:10,40,43,176,230
2023-08-17 11:38:14,40,46,176,230
2023-08-17 11:38:15,40,45,176,230
2023-08-17 11:38:17,40,44,176,230
2023-08-17 11:38:20,40,45,176,230
2023-08-17 11:38:20,40,46,176,230
2023-08-17 11:38:21,40,45,176,230
2023-08-17 11:38:21,41,45,176,230
2023-08-17 11:38:23,41,44,176,230
2023-08-17 11:38:24,41,45,176,230
2023-08-17 11:38:25,41,44,176,230
2023-08-17 11:38:27,41,46,176,230
2023-08-17 11:38:30,41,47,176,230
2023-08-17 11:38:31,42,47,176,230
2023-08-17 11:38:31,42,46,176,230
2023-08-17 11:38:38,42,45,176,230
2023-08-17 11:38:39,42,46,176,230
2023-08-17 11:38:44,42,47,176,230
2023-08-17 11:38:45,42,93,176,230
2023-08-17 11:38:45,42,51,176,230
2023-08-17 11:38:45,42,48,176,230
2023-08-17 11:38:46,43,48,176,230
2023-08-17 11:38:48,43,47,176,230
2023-08-17 11:38:55,43,48,176,230
2023-08-17 11:38:57,43,47,176,230
2023-08-17 11:39:00,43,48,176,230
2023-08-17 11:39:01,43,47,176,230
2023-08-17 11:39:03,43,48,176,230
2023-08-17 11:39:07,42,48,176,230
2023-08-17 11:39:07,40,48,176,230
2023-08-17 11:39:08,40,47,176,230
2023-08-17 11:39:09,40,46,176,230
2023-08-17 11:39:10,41,46,176,230
2023-08-17 11:39:11,41,47,176,230
2023-08-17 11:39:12,41,46,176,230
2023-08-17 11:39:12,42,46,176,230
2023-08-17 11:39:13,42,47,176,230
2023-08-17 11:39:14,42,48,176,230
2023-08-17 11:39:15,43,48,176,230
2023-08-17 11:39:19,43,47,176,230
2023-08-17 11:39:20,43,48,176,230
2023-08-17 11:39:21,44,50,176,230
2023-08-17 11:39:22,44,48,176,230
2023-08-17 11:39:28,43,48,176,230
2023-08-17 11:39:29,44,48,176,230
2023-08-17 11:39:33,43,48,176,230
2023-08-17 11:39:37,44,48,176,230
2023-08-17 11:39:39,40,48,176,230
2023-08-17 11:39:41,40,47,176,230
2023-08-17 11:39:46,40,46,176,230
2023-08-17 11:39:57,41,46,176,230
2023-08-17 11:40:00,40,46,176,230
2023-08-17 11:40:01,41,46,176,230
2023-08-17 11:40:01,41,45,176,230
2023-08-17 11:40:04,40,45,176,230
2023-08-17 11:40:07,40,44,176,230
2023-08-17 11:40:09,40,45,176,230
2023-08-17 11:40:10,40,44,176,230
2023-08-17 11:40:13,40,45,176,230
2023-08-17 11:40:14,40,44,176,230
2023-08-17 11:40:15,40,45,176,230
2023-08-17 11:40:17,40,46,176,230
2023-08-17 11:40:17,40,93,176,230
2023-08-17 11:40:17,40,47,176,230
2023-08-17 11:40:18,40,46,176,230
2023-08-17 11:40:20,41,45,176,230
2023-08-17 11:40:21,41,46,176,230
2023-08-17 11:40:22,42,47,176,230
2023-08-17 11:40:23,42,47,176,230
2023-08-17 11:40:27,42,46,176,230
2023-08-17 11:40:29,41,46,176,230
2023-08-17 11:40:31,42,46,176,230
2023-08-17 11:40:33,41,46,176,230
2023-08-17 11:40:36,42,46,176,230
2023-08-17 11:40:44,41,46,176,230
2023-08-17 11:40:45,42,46,176,230
2023-08-17 11:40:46,42,47,176,230
2023-08-17 11:40:47,42,46,176,230
2023-08-17 11:40:49,42,47,176,230
2023-08-17 11:40:53,42,46,176,230
2023-08-17 11:40:55,42,47,176,230
2023-08-17 11:40:56,42,48,176,230
2023-08-17 11:40:57,43,48,176,230
2023-08-17 11:40:58,43,47,176,230
2023-08-17 11:41:03,43,48,176,230
2023-08-17 11:41:05,43,50,176,230
2023-08-17 11:41:06,44,50,176,230
2023-08-17 11:41:07,44,50,176,230
2023-08-17 11:41:07,44,93,176,230
2023-08-17 11:41:07,44,53,176,230
2023-08-17 11:41:07,44,51,176,230
2023-08-17 11:41:08,45,51,176,230
2023-08-17 11:41:09,45,49,176,230
2023-08-17 11:41:17,45,50,176,230
2023-08-17 11:41:18,45,49,176,230
2023-08-17 11:41:19,45,50,176,230
2023-08-17 11:41:19,45,51,176,230
2023-08-17 11:41:20,40,51,176,230
2023-08-17 11:41:21,41,51,176,230
2023-08-17 11:41:21,41,50,176,230
2023-08-17 11:41:22,40,50,176,230
2023-08-17 11:41:22,42,50,176,230
2023-08-17 11:41:23,40,49,176,230
2023-08-17 11:41:23,43,49,176,230
2023-08-17 11:41:24,44,49,176,230
2023-08-17 11:42:19,44,50,176,230
2023-08-17 11:42:20,44,49,176,230
2023-08-17 11:42:20,45,49,176,230
2023-08-17 11:42:29,45,50,176,230
2023-08-17 11:42:30,45,51,176,230
2023-08-17 11:42:31,46,51,176,230
2023-08-17 11:42:31,46,50,176,230
2023-08-17 11:42:32,46,51,176,230
2023-08-17 11:42:35,46,50,176,230
2023-08-17 11:42:47,46,51,176,230
2023-08-17 11:42:48,46,50,176,230
2023-08-17 11:42:53,46,51,176,230
2023-08-17 11:42:56,46,50,176,230
2023-08-17 11:43:01,45,50,176,230
2023-08-17 11:43:02,46,50,176,230
2023-08-17 11:43:06,46,51,176,230
2023-08-17 11:43:07,46,50,176,230
2023-08-17 11:43:10,45,50,176,230
2023-08-17 11:43:11,46,50,176,230
2023-08-17 11:43:12,45,50,176,230
2023-08-17 11:43:13,46,50,176,230
2023-08-17 11:43:14,45,50,176,230
2023-08-17 11:43:15,46,50,176,230
2023-08-17 11:43:18,45,50,176,230
2023-08-17 11:43:19,46,50,176,230
2023-08-17 11:43:20,45,50,176,230
2023-08-17 11:43:22,46,50,176,230
2023-08-17 11:43:23,45,50,176,230
2023-08-17 11:43:25,40,50,176,230
2023-08-17 11:43:26,40,51,176,230
2023-08-17 11:43:26,40,49,176,230
2023-08-17 11:43:26,41,49,176,230
2023-08-17 11:43:27,42,49,176,230
2023-08-17 11:43:27,42,48,176,230
2023-08-17 11:43:32,43,48,176,230
2023-08-17 11:43:38,43,49,176,230
2023-08-17 11:43:38,40,49,176,230
2023-08-17 11:43:40,40,48,176,230
2023-08-17 11:43:41,42,48,176,230
2023-08-17 11:43:43,43,48,176,230
2023-08-17 11:43:56,42,48,176,230
2023-08-17 11:43:57,42,47,176,230
2023-08-17 11:43:57,43,47,176,230
2023-08-17 11:43:58,42,47,176,230
2023-08-17 11:44:07,43,47,176,230
2023-08-17 11:44:09,42,47,176,230
2023-08-17 11:44:10,40,47,176,230
2023-08-17 11:44:11,40,46,176,230
2023-08-17 11:44:15,41,46,176,230
2023-08-17 11:44:36,41,47,176,230
2023-08-17 11:44:37,42,47,176,230
2023-08-17 11:44:39,42,46,176,230
2023-08-17 11:44:41,42,47,176,230
2023-08-17 11:44:43,42,46,176,230
2023-08-17 11:44:44,42,47,176,230
2023-08-17 11:44:48,42,46,176,230
2023-08-17 11:44:49,42,47,176,230
2023-08-17 11:44:51,42,46,176,230
2023-08-17 11:45:06,41,46,176,230
2023-08-17 11:45:08,42,46,176,230
2023-08-17 11:45:12,42,47,176,230
2023-08-17 11:45:13,42,46,176,230
2023-08-17 11:45:22,41,46,176,230
2023-08-17 11:45:25,42,46,176,230
2023-08-17 11:45:26,40,46,176,230
2023-08-17 11:45:37,41,46,176,230
2023-08-17 11:46:35,41,47,176,230
2023-08-17 11:46:36,42,47,176,230
2023-08-17 11:46:36,42,46,176,230
2023-08-17 11:46:37,42,47,176,230
2023-08-17 11:46:38,42,46,176,230
2023-08-17 11:46:44,41,46,176,230
2023-08-17 11:46:45,42,46,176,230
2023-08-17 11:46:48,41,46,176,230
2023-08-17 11:46:50,42,46,176,230
2023-08-17 11:46:52,41,46,176,230
2023-08-17 11:46:53,42,46,176,230
2023-08-17 11:46:54,41,46,176,230
2023-08-17 11:46:56,42,46,176,230
2023-08-17 11:47:11,41,46,176,230
2023-08-17 11:47:16,42,46,176,230
2023-08-17 11:47:17,41,46,176,230
2023-08-17 11:47:22,40,46,176,230
2023-08-17 11:47:23,40,45,176,230
2023-08-17 11:47:44,40,46,176,230
2023-08-17 11:47:45,40,45,176,230
2023-08-17 11:47:45,41,45,176,230
2023-08-17 11:47:46,41,46,176,230
2023-08-17 11:47:47,41,45,176,230
2023-08-17 11:47:49,41,46,176,230
2023-08-17 11:47:51,41,45,176,230
2023-08-17 11:48:00,41,46,176,230
2023-08-17 11:48:02,41,45,176,230
2023-08-17 11:48:08,40,45,176,230
2023-08-17 11:48:11,41,45,176,230
2023-08-17 11:48:21,40,45,176,230
2023-08-17 11:48:22,41,45,176,230
2023-08-17 11:48:28,40,45,176,230
2023-08-17 11:48:32,41,45,176,230
2023-08-17 11:48:33,41,46,176,230
2023-08-17 11:48:33,40,47,176,230
2023-08-17 11:48:34,40,46,176,230
2023-08-17 11:48:35,40,47,176,230
2023-08-17 11:48:35,40,45,176,230
2023-08-17 11:48:36,40,44,176,230
2023-08-17 11:48:42,40,43,176,230
2023-08-17 11:48:49,40,42,176,230
2023-08-17 11:48:52,40,44,176,230
2023-08-17 11:48:54,40,43,176,230
2023-08-17 11:48:55,40,42,176,230
2023-08-17 11:49:20,40,41,176,230
2023-08-17 11:50:35,35,40,176,231
2023-08-17 11:50:36,36,40,176,231
2023-08-17 11:50:40,35,40,176,231
2023-08-17 11:50:42,36,40,176,231
2023-08-17 11:50:47,35,40,176,231
2023-08-17 11:50:48,36,40,176,231
2023-08-17 11:50:52,36,41,176,231
2023-08-17 11:50:54,36,40,176,231
2023-08-17 11:50:59,36,41,176,231
2023-08-17 11:51:01,36,40,176,231
2023-08-17 11:51:06,36,41,176,231
2023-08-17 11:51:07,36,40,176,231
2023-08-17 11:51:08,36,41,176,231
2023-08-17 11:51:11,36,44,176,231
2023-08-17 11:51:12,36,43,176,231
2023-08-17 11:51:12,37,43,176,231
2023-08-17 11:51:13,37,42,176,231
2023-08-17 11:51:17,37,43,176,231
2023-08-17 11:51:18,38,43,176,231
2023-08-17 11:51:22,38,42,176,231
2023-08-17 11:51:25,38,43,176,231
2023-08-17 11:51:26,38,42,176,231
2023-08-17 11:51:30,38,43,176,231
2023-08-17 11:51:35,38,45,176,231
2023-08-17 11:51:36,39,45,176,231
2023-08-17 11:51:39,39,43,176,231
2023-08-17 11:51:40,34,43,176,231
2023-08-17 11:51:40,34,45,176,231
2023-08-17 11:51:41,34,44,176,231
2023-08-17 11:51:42,34,44,176,231
2023-08-17 11:51:42,34,43,176,231
2023-08-17 11:51:43,37,43,176,231
2023-08-17 11:51:54,38,43,176,231
2023-08-17 11:51:56,38,44,176,231
2023-08-17 11:51:57,39,44,176,231
2023-08-17 11:51:58,39,43,176,231
2023-08-17 11:52:03,39,44,176,231
2023-08-17 11:52:05,39,46,176,231
2023-08-17 11:52:06,39,45,176,231
2023-08-17 11:52:06,40,45,176,231
2023-08-17 11:52:09,40,44,176,231
2023-08-17 11:52:15,39,44,176,231
2023-08-17 11:52:15,35,44,176,231
2023-08-17 11:52:15,35,45,176,231
2023-08-17 11:52:15,35,46,176,231
2023-08-17 11:52:16,35,45,176,231
2023-08-17 11:52:16,37,45,176,231
2023-08-17 11:52:17,37,44,176,231
2023-08-17 11:52:17,38,44,176,231
2023-08-17 11:52:18,38,45,176,231
2023-08-17 11:52:18,39,45,176,231
2023-08-17 11:52:19,40,45,176,231
2023-08-17 11:52:21,40,47,176,231
2023-08-17 11:52:22,41,47,176,231
2023-08-17 11:52:22,41,46,176,231
2023-08-17 11:52:27,41,45,176,231
2023-08-17 11:52:29,41,46,176,231
2023-08-17 11:52:36,41,47,176,231
2023-08-17 11:52:36,41,93,176,231
2023-08-17 11:52:36,41,49,176,231
2023-08-17 11:52:37,41,48,176,231
2023-08-17 11:52:37,42,48,176,231
2023-08-17 11:52:38,42,47,176,231
2023-08-17 11:52:42,38,47,176,231
2023-08-17 11:52:42,38,49,176,231
2023-08-17 11:52:42,0,49,176,231
2023-08-17 11:52:42,0,93,176,231
2023-08-17 11:52:42,40,93,176,231
2023-08-17 11:52:42,40,53,176,231
2023-08-17 11:52:42,40,50,176,231
2023-08-17 11:52:43,41,50,176,231
2023-08-17 11:52:43,41,49,176,231
2023-08-17 11:52:44,41,50,176,231
2023-08-17 11:52:44,42,50,176,231
2023-08-17 11:52:45,40,50,176,231
2023-08-17 11:52:45,43,50,176,231
2023-08-17 11:52:46,41,50,176,231
2023-08-17 11:52:46,44,50,176,231
2023-08-17 11:52:47,45,50,176,231
2023-08-17 11:52:49,45,49,176,231
2023-08-17 11:52:55,44,49,176,231
2023-08-17 11:52:58,45,49,176,231
2023-08-17 11:53:02,44,49,176,231
2023-08-17 11:53:03,45,49,176,231
2023-08-17 11:53:05,44,49,176,231
2023-08-17 11:53:06,45,49,176,231
2023-08-17 11:53:07,44,49,176,231
2023-08-17 11:53:08,45,49,176,231
2023-08-17 11:53:14,44,49,176,231
2023-08-17 11:53:17,45,49,176,231
2023-08-17 11:53:23,44,49,176,231
2023-08-17 11:53:24,45,49,176,231
2023-08-17 11:53:26,44,49,176,231
2023-08-17 11:53:27,39,49,176,231
2023-08-17 11:53:28,40,49,176,231
2023-08-17 11:53:29,39,49,176,231
2023-08-17 11:53:29,41,49,176,231
2023-08-17 11:53:30,42,49,176,231
2023-08-17 11:53:31,42,48,176,231
2023-08-17 11:53:37,42,47,176,231
2023-08-17 11:54:06,41,47,176,231
2023-08-17 11:54:07,42,47,176,231
2023-08-17 11:54:08,41,47,176,231
2023-08-17 11:54:09,42,47,176,231
2023-08-17 11:54:10,41,47,176,231
2023-08-17 11:54:11,41,46,176,231
2023-08-17 11:54:14,42,46,176,231
2023-08-17 11:54:15,41,46,176,231
2023-08-17 11:54:19,42,46,176,231
2023-08-17 11:54:24,41,46,176,231
2023-08-17 11:54:28,42,46,176,231
2023-08-17 11:54:29,41,46,176,231
2023-08-17 11:54:31,42,46,176,231
2023-08-17 11:54:35,41,46,176,231
2023-08-17 11:54:39,42,46,176,231
2023-08-17 11:54:42,42,47,176,231
2023-08-17 11:54:42,38,47,176,231
2023-08-17 11:54:42,38,48,176,231
2023-08-17 11:54:42,38,93,176,231
2023-08-17 11:54:42,0,93,176,231
2023-08-17 11:54:42,37,93,176,231
2023-08-17 11:54:42,37,47,176,231
2023-08-17 11:54:43,37,46,176,231
2023-08-17 11:54:44,39,46,176,231
2023-08-17 11:54:44,39,45,176,231
2023-08-17 11:54:47,39,44,176,231
2023-08-17 11:54:49,35,44,176,231
2023-08-17 11:54:50,36,45,176,231
2023-08-17 11:54:51,37,44,176,231
2023-08-17 11:54:51,37,43,176,231
2023-08-17 11:55:04,37,42,176,231
2023-08-17 11:55:11,36,42,176,231
2023-08-17 11:55:12,36,41,176,231
2023-08-17 11:55:13,37,41,176,231
2023-08-17 11:55:21,37,42,176,231
2023-08-17 11:55:22,37,41,176,231
2023-08-17 11:55:23,37,42,176,231
2023-08-17 11:55:24,37,41,176,231
2023-08-17 11:55:29,37,42,176,231
2023-08-17 11:55:37,37,44,176,231
2023-08-17 11:55:38,38,44,176,231
2023-08-17 11:55:38,38,43,176,231
2023-08-17 11:55:39,38,45,176,231
2023-08-17 11:55:40,39,45,176,231
2023-08-17 11:55:41,39,43,176,231
2023-08-17 11:55:43,39,44,176,231
2023-08-17 11:55:48,39,43,176,231
2023-08-17 11:55:50,39,44,176,231
2023-08-17 11:55:54,39,43,176,231
2023-08-17 11:55:55,39,44,176,231
2023-08-17 11:55:57,39,46,176,231
2023-08-17 11:55:58,39,45,176,231
2023-08-17 11:55:58,40,45,176,231
2023-08-17 11:56:00,40,44,176,231
2023-08-17 11:56:14,40,45,176,231
2023-08-17 11:56:20,40,46,176,231
2023-08-17 11:56:21,41,46,176,231
2023-08-17 11:56:25,42,46,176,231
2023-08-17 11:56:25,42,93,176,231
2023-08-17 11:56:25,42,48,176,231
2023-08-17 11:56:26,42,47,176,231
2023-08-17 11:56:27,42,46,176,231
2023-08-17 11:56:31,42,47,176,231
2023-08-17 11:56:35,42,48,176,231
2023-08-17 11:56:35,42,93,176,231
2023-08-17 11:56:35,42,52,176,231
2023-08-17 11:56:35,42,49,176,231
2023-08-17 11:56:36,43,49,176,231
2023-08-17 11:56:36,43,48,176,231
2023-08-17 11:56:40,43,49,176,231
2023-08-17 11:56:40,43,93,176,231
2023-08-17 11:56:40,43,51,176,231
2023-08-17 11:56:41,40,51,176,231
2023-08-17 11:56:41,40,50,176,231
2023-08-17 11:56:41,44,50,176,231
2023-08-17 11:56:42,44,49,176,231
2023-08-17 11:56:42,45,49,176,231
2023-08-17 11:56:46,45,50,176,231
2023-08-17 11:56:48,45,49,176,231
2023-08-17 11:56:49,44,49,176,231
2023-08-17 11:56:54,45,49,176,231
2023-08-17 11:56:55,44,49,176,231
2023-08-17 11:56:57,40,49,176,231
2023-08-17 11:56:58,41,49,176,231
2023-08-17 11:56:59,42,49,176,231
2023-08-17 11:57:03,42,48,176,231
2023-08-17 11:57:37,43,48,176,231
2023-08-17 11:57:41,43,49,176,231
2023-08-17 11:57:42,44,49,176,231
2023-08-17 11:57:42,44,48,176,231
2023-08-17 11:57:47,44,49,176,231
2023-08-17 11:57:50,44,51,176,231
2023-08-17 11:57:51,45,51,176,231
2023-08-17 11:57:51,45,50,176,231
2023-08-17 11:57:53,45,49,176,231
2023-08-17 11:58:07,45,50,176,231
2023-08-17 11:58:08,45,49,176,231
2023-08-17 11:58:09,45,50,176,231
2023-08-17 11:58:12,45,49,176,231
2023-08-17 11:58:13,45,50,176,231
2023-08-17 11:58:15,45,52,176,231
2023-08-17 11:58:16,45,51,176,231
2023-08-17 11:58:16,46,51,176,231
2023-08-17 11:58:20,46,50,176,231
2023-08-17 11:58:21,41,50,176,231
2023-08-17 11:58:22,42,52,176,231
2023-08-17 11:58:22,42,51,176,231
2023-08-17 11:58:23,41,51,176,231
2023-08-17 11:58:23,43,51,176,231
2023-08-17 11:58:24,44,50,176,231
2023-08-17 11:58:29,44,49,176,231
2023-08-17 11:58:32,44,50,176,231
2023-08-17 11:58:33,45,50,176,231
2023-08-17 11:58:33,45,49,176,231
2023-08-17 11:58:45,44,49,176,231
2023-08-17 11:58:48,45,49,176,231
2023-08-17 11:58:49,44,49,176,231
2023-08-17 11:58:50,45,49,176,231
2023-08-17 11:58:53,44,49,176,231
2023-08-17 11:58:54,45,49,176,231
2023-08-17 11:58:56,44,49,176,231
2023-08-17 11:58:59,45,49,176,231
2023-08-17 11:59:00,44,49,176,231
2023-08-17 11:59:02,45,49,176,231
2023-08-17 11:59:04,44,49,176,231
2023-08-17 11:59:04,40,49,176,231
2023-08-17 11:59:04,40,51,176,231
2023-08-17 11:59:05,40,50,176,231
2023-08-17 11:59:05,41,50,176,231
2023-08-17 11:59:06,40,50,176,231
2023-08-17 11:59:06,42,50,176,231
2023-08-17 11:59:06,42,49,176,231
2023-08-17 11:59:07,40,49,176,231
2023-08-17 11:59:07,43,49,176,231
2023-08-17 11:59:08,44,49,176,231
2023-08-17 11:59:16,44,50,176,231
2023-08-17 11:59:17,44,49,176,231
2023-08-17 11:59:17,45,49,176,231
2023-08-17 11:59:19,44,49,176,231
2023-08-17 11:59:21,45,49,176,231
2023-08-17 11:59:22,44,49,176,231
2023-08-17 11:59:23,45,49,176,231
2023-08-17 11:59:25,45,50,176,231
2023-08-17 11:59:29,45,49,176,231
2023-08-17 11:59:33,45,50,176,231
2023-08-17 11:59:35,45,49,176,231
2023-08-17 11:59:47,45,50,176,231
2023-08-17 11:59:48,45,49,176,231
2023-08-17 11:59:51,45,50,176,231
2023-08-17 11:59:52,45,49,176,231
2023-08-17 11:59:55,45,50,176,231
2023-08-17 11:59:56,45,49,176,231
2023-08-17 12:00:01,45,50,176,231
2023-08-17 12:00:07,45,49,176,231
2023-08-17 12:00:10,45,50,176,231
2023-08-17 12:00:13,45,49,176,231
2023-08-17 12:00:20,45,50,176,231
2023-08-17 12:00:23,45,49,176,231
2023-08-17 12:00:30,45,50,176,231
2023-08-17 12:00:33,45,49,176,231
2023-08-17 12:00:36,44,49,176,231
2023-08-17 12:00:37,45,49,176,231
2023-08-17 12:00:38,44,49,176,231
2023-08-17 12:00:40,45,49,176,231
2023-08-17 12:00:44,44,49,176,231
2023-08-17 12:00:45,45,49,176,231
2023-08-17 12:00:46,44,49,176,231
2023-08-17 12:00:48,45,49,176,231
2023-08-17 12:00:49,44,49,176,231
2023-08-17 12:00:50,45,49,176,231
2023-08-17 12:00:52,44,49,176,231
2023-08-17 12:00:52,40,49,176,231
2023-08-17 12:00:53,41,49,176,231
2023-08-17 12:00:54,42,49,176,231
2023-08-17 12:00:56,43,49,176,231
2023-08-17 12:01:09,42,49,176,231
2023-08-17 12:01:10,42,48,176,231
2023-08-17 12:01:11,43,48,176,231
2023-08-17 12:01:11,43,47,176,231
2023-08-17 12:01:22,42,47,176,231
2023-08-17 12:01:23,43,47,176,231
2023-08-17 12:01:25,39,47,176,231
2023-08-17 12:01:25,39,49,176,231
2023-08-17 12:01:26,40,49,176,231
2023-08-17 12:01:26,40,48,176,231
2023-08-17 12:01:27,39,48,176,231
2023-08-17 12:01:27,41,48,176,231
2023-08-17 12:01:28,42,47,176,231
2023-08-17 12:01:31,42,48,176,231
2023-08-17 12:01:32,43,48,176,231
2023-08-17 12:01:34,43,49,176,231
2023-08-17 12:01:34,42,49,176,231
2023-08-17 12:01:36,40,49,176,231
2023-08-17 12:01:37,39,48,176,231
2023-08-17 12:01:37,41,48,176,231
2023-08-17 12:01:38,41,49,176,231
2023-08-17 12:01:38,39,49,176,231
2023-08-17 12:01:38,42,49,176,231
2023-08-17 12:01:39,42,48,176,231
2023-08-17 12:01:39,43,48,176,231
2023-08-17 12:01:41,43,49,176,231
2023-08-17 12:01:42,43,48,176,231
2023-08-17 12:01:42,44,48,176,231
2023-08-17 12:01:43,44,49,176,231
2023-08-17 12:01:44,44,48,176,231
2023-08-17 12:01:46,44,49,176,231
2023-08-17 12:01:46,44,93,176,231
2023-08-17 12:01:46,44,53,176,231
2023-08-17 12:01:46,44,51,176,231
2023-08-17 12:01:47,45,51,176,231
2023-08-17 12:01:47,45,50,176,231
2023-08-17 12:01:48,45,49,176,231
2023-08-17 12:01:53,44,49,176,231
2023-08-17 12:01:57,45,49,176,231
2023-08-17 12:02:00,44,49,176,231
2023-08-17 12:02:01,45,49,176,231
2023-08-17 12:02:05,44,49,176,231
2023-08-17 12:02:07,39,49,176,231
2023-08-17 12:02:08,40,49,176,231
2023-08-17 12:02:09,40,48,176,231
2023-08-17 12:02:09,41,48,176,231
2023-08-17 12:02:13,42,48,176,231
2023-08-17 12:02:21,42,47,176,231
2023-08-17 12:02:27,41,47,176,231
2023-08-17 12:02:28,42,47,176,231
2023-08-17 12:03:15,41,47,176,231
2023-08-17 12:03:17,41,46,176,231
2023-08-17 12:03:20,42,46,176,231
2023-08-17 12:03:21,41,46,176,231
2023-08-17 12:03:27,42,46,176,231
2023-08-17 12:03:38,41,46,176,231
2023-08-17 12:03:39,42,46,176,231
2023-08-17 12:03:42,41,46,176,231
2023-08-17 12:03:44,42,46,176,231
2023-08-17 12:03:45,41,46,176,231
2023-08-17 12:03:46,37,46,176,231
2023-08-17 12:03:47,38,46,176,231
2023-08-17 12:03:48,37,46,176,231
2023-08-17 12:03:48,39,46,176,231
2023-08-17 12:03:49,40,46,176,231
2023-08-17 12:04:00,41,46,176,231
2023-08-17 12:04:19,40,46,176,231
2023-08-17 12:04:21,40,45,176,231
2023-08-17 12:04:41,41,46,176,231
2023-08-17 12:04:42,36,47,176,231
2023-08-17 12:04:43,37,47,176,231
2023-08-17 12:04:43,37,46,176,231
2023-08-17 12:04:44,36,46,176,231
2023-08-17 12:04:44,38,46,176,231
2023-08-17 12:04:45,36,46,176,231
2023-08-17 12:04:45,36,45,176,231
2023-08-17 12:04:46,40,45,176,231
2023-08-17 12:04:50,40,46,176,231
2023-08-17 12:04:51,41,46,176,231
2023-08-17 12:04:58,41,45,176,231
2023-08-17 12:05:00,41,46,176,231
2023-08-17 12:05:01,41,46,176,231
2023-08-17 12:05:01,42,46,176,231
2023-08-17 12:05:03,42,45,176,231
2023-08-17 12:05:07,41,45,176,231
2023-08-17 12:05:11,42,45,176,231
2023-08-17 12:05:12,41,45,176,231
2023-08-17 12:05:12,36,45,176,231
2023-08-17 12:05:13,36,47,176,231
2023-08-17 12:05:14,36,46,176,231
2023-08-17 12:05:14,37,46,176,231
2023-08-17 12:05:15,36,46,176,231
2023-08-17 12:05:15,36,45,176,231
2023-08-17 12:05:15,38,45,176,231
2023-08-17 12:05:16,39,45,176,231
2023-08-17 12:05:23,40,45,176,231
2023-08-17 12:05:37,39,45,176,231
2023-08-17 12:05:38,40,45,176,231
2023-08-17 12:05:39,39,45,176,231
2023-08-17 12:05:40,40,45,176,231
2023-08-17 12:05:45,39,44,176,231
2023-08-17 12:05:46,40,44,176,231
2023-08-17 12:06:01,39,44,176,231
2023-08-17 12:06:02,40,44,176,231
2023-08-17 12:06:10,40,45,176,231
2023-08-17 12:06:12,40,47,176,231
2023-08-17 12:06:13,40,46,176,231
2023-08-17 12:06:13,41,46,176,231
2023-08-17 12:06:14,41,45,176,231
2023-08-17 12:06:20,40,45,176,231
2023-08-17 12:06:21,41,45,176,231
2023-08-17 12:06:22,40,45,176,231
2023-08-17 12:06:24,41,45,176,231
2023-08-17 12:06:25,40,45,176,231
2023-08-17 12:06:27,36,45,176,231
2023-08-17 12:06:28,37,45,176,231
2023-08-17 12:06:29,38,45,176,231
2023-08-17 12:06:37,39,45,176,231
2023-08-17 12:07:04,40,45,176,231
2023-08-17 12:07:17,39,45,176,231
2023-08-17 12:07:18,40,45,176,231
2023-08-17 12:07:38,39,45,176,231
2023-08-17 12:07:39,40,45,176,231
2023-08-17 12:07:41,39,45,176,231
2023-08-17 12:07:42,40,45,176,231
2023-08-17 12:07:42,40,44,176,231
2023-08-17 12:07:48,39,44,176,231
2023-08-17 12:07:49,40,44,176,231
2023-08-17 12:07:53,39,44,176,231
2023-08-17 12:07:54,40,44,176,231
2023-08-17 12:08:00,40,45,176,231
2023-08-17 12:08:01,36,45,176,231
2023-08-17 12:08:02,35,45,176,231
2023-08-17 12:08:02,35,44,176,231
2023-08-17 12:08:02,37,44,176,231
2023-08-17 12:08:03,35,44,176,231
2023-08-17 12:08:03,38,44,176,231
