datetime,bid,ask,open_interest,volume
2023-03-02 09:31:04,16,26,1089,2225
2023-03-02 09:31:04,20,26,1089,2225
2023-03-02 09:34:42,20,29,1089,2225
2023-03-02 09:34:42,22,29,1089,2225
2023-03-02 09:34:48,22,27,1089,2225
2023-03-02 09:34:48,20,27,1089,2225
2023-03-02 09:34:50,22,27,1089,2225
2023-03-02 09:34:50,22,29,1089,2225
2023-03-02 09:35:36,20,29,1089,2225
2023-03-02 09:35:36,20,27,1089,2225
2023-03-02 09:37:21,20,29,1089,2225
2023-03-02 09:37:21,20,25,1089,2225
2023-03-02 09:37:30,21,25,1089,2225
2023-03-02 09:37:30,21,23,1089,2225
2023-03-02 09:37:36,20,23,1089,2225
2023-03-02 09:37:36,21,23,1089,2225
2023-03-02 09:37:46,20,23,1089,2225
2023-03-02 09:37:46,20,25,1089,2225
2023-03-02 09:37:46,20,23,1089,2225
2023-03-02 09:37:57,20,25,1089,2225
2023-03-02 09:37:57,21,25,1089,2225
2023-03-02 09:37:57,21,23,1089,2225
2023-03-02 09:38:21,20,23,1089,2225
2023-03-02 09:38:21,20,25,1089,2225
2023-03-02 09:38:21,21,25,1089,2225
2023-03-02 09:38:21,21,23,1089,2225
2023-03-02 09:38:46,20,23,1089,2225
2023-03-02 09:38:46,20,25,1089,2225
2023-03-02 09:38:46,20,23,1089,2225
2023-03-02 09:38:54,20,25,1089,2225
2023-03-02 09:38:54,20,23,1089,2225
2023-03-02 09:39:10,20,25,1089,2225
2023-03-02 09:39:10,20,22,1089,2225
2023-03-02 09:39:27,20,25,1089,2225
2023-03-02 09:39:28,20,23,1089,2225
2023-03-02 09:39:48,20,25,1089,2225
2023-03-02 09:39:49,20,24,1089,2225
2023-03-02 09:39:49,20,22,1089,2225
2023-03-02 09:39:56,20,24,1089,2225
2023-03-02 09:39:56,20,27,1089,2225
2023-03-02 09:39:56,21,27,1089,2225
2023-03-02 09:39:56,21,25,1089,2225
2023-03-02 09:39:56,21,23,1089,2225
2023-03-02 09:40:04,22,23,1089,2225
2023-03-02 09:40:20,22,25,1089,2225
2023-03-02 09:40:20,22,23,1089,2225
2023-03-02 09:40:28,22,27,1089,2225
2023-03-02 09:40:28,22,26,1089,2225
2023-03-02 09:40:28,22,24,1089,2225
2023-03-02 09:40:37,20,24,1089,2225
2023-03-02 09:40:37,20,26,1089,2225
2023-03-02 09:40:37,22,26,1089,2225
2023-03-02 09:40:37,22,24,1089,2225
2023-03-02 09:40:57,20,24,1089,2225
2023-03-02 09:40:57,20,27,1089,2225
2023-03-02 09:40:58,21,27,1089,2225
2023-03-02 09:40:58,21,23,1089,2225
2023-03-02 09:41:27,20,23,1089,2225
2023-03-02 09:41:28,20,27,1089,2225
2023-03-02 09:41:28,21,27,1089,2225
2023-03-02 09:41:28,21,25,1089,2225
2023-03-02 09:41:28,21,23,1089,2225
2023-03-02 09:41:42,20,23,1089,2225
2023-03-02 09:41:42,20,25,1089,2225
2023-03-02 09:41:42,21,25,1089,2225
2023-03-02 09:41:42,21,23,1089,2225
2023-03-02 09:41:54,22,23,1089,2225
2023-03-02 09:42:23,22,29,1089,2225
2023-03-02 09:42:23,22,27,1089,2225
2023-03-02 09:42:23,22,25,1089,2225
2023-03-02 09:42:40,22,29,1089,2225
2023-03-02 09:42:41,22,26,1089,2225
2023-03-02 09:42:41,22,24,1089,2225
2023-03-02 09:42:57,22,26,1089,2225
2023-03-02 09:42:57,22,29,1089,2225
2023-03-02 09:42:57,22,23,1089,2225
2023-03-02 09:43:13,21,23,1089,2225
2023-03-02 09:43:28,21,25,1089,2225
2023-03-02 09:43:28,21,27,1089,2225
2023-03-02 09:43:29,21,23,1089,2225
2023-03-02 09:43:45,20,23,1089,2225
2023-03-02 09:43:45,20,25,1089,2225
2023-03-02 09:43:45,21,25,1089,2225
2023-03-02 09:43:45,21,23,1089,2225
2023-03-02 09:43:55,20,23,1089,2225
2023-03-02 09:43:55,20,25,1089,2225
2023-03-02 09:43:55,20,27,1089,2225
2023-03-02 09:43:55,21,27,1089,2225
2023-03-02 09:43:56,21,23,1089,2225
2023-03-02 09:44:25,22,23,1089,2225
2023-03-02 09:44:27,22,25,1089,2225
2023-03-02 09:44:27,22,23,1089,2225
2023-03-02 09:44:27,21,23,1089,2225
2023-03-02 09:44:30,22,23,1089,2225
2023-03-02 09:44:45,22,25,1089,2225
2023-03-02 09:44:45,22,29,1089,2225
2023-03-02 09:44:45,22,26,1089,2225
2023-03-02 09:44:45,22,24,1089,2225
2023-03-02 09:44:53,22,29,1089,2225
2023-03-02 09:44:53,22,28,1089,2225
2023-03-02 09:44:53,22,26,1089,2225
2023-03-02 09:44:53,22,24,1089,2225
2023-03-02 09:45:07,24,26,1172,2308
2023-03-02 09:45:13,24,28,1172,2308
2023-03-02 09:45:13,24,25,1172,2308
2023-03-02 09:45:18,22,25,1172,2308
2023-03-02 09:45:25,22,26,1172,2308
2023-03-02 09:45:26,22,25,1172,2308
2023-03-02 09:45:40,22,26,1172,2308
2023-03-02 09:45:40,22,24,1172,2308
2023-03-02 09:45:56,22,26,1172,2308
2023-03-02 09:45:57,22,24,1172,2308
2023-03-02 09:46:01,24,26,1260,2396
2023-03-02 09:46:05,24,28,1260,2396
2023-03-02 09:46:05,24,27,1260,2396
2023-03-02 09:46:05,24,25,1260,2396
2023-03-02 09:46:28,24,28,1260,2396
2023-03-02 09:46:28,24,27,1260,2396
2023-03-02 09:46:28,24,25,1260,2396
2023-03-02 09:46:37,24,28,1260,2396
2023-03-02 09:46:37,24,26,1260,2396
2023-03-02 09:46:52,24,28,1260,2396
2023-03-02 09:46:52,24,27,1260,2396
2023-03-02 09:46:52,24,25,1260,2396
2023-03-02 09:47:12,23,25,1260,2396
2023-03-02 09:47:21,22,25,1260,2396
2023-03-02 09:47:21,22,26,1260,2396
2023-03-02 09:47:21,22,25,1260,2396
2023-03-02 09:47:38,22,26,1260,2396
2023-03-02 09:47:38,23,26,1260,2396
2023-03-02 09:47:38,23,25,1260,2396
2023-03-02 09:47:52,24,25,1260,2396
2023-03-02 09:47:55,24,27,1260,2396
2023-03-02 09:47:55,24,25,1260,2396
2023-03-02 09:48:17,26,27,1455,2591
2023-03-02 09:48:23,26,29,1455,2591
2023-03-02 09:48:23,23,26,1489,2625
2023-03-02 09:48:28,23,26,1495,2631
2023-03-02 09:48:31,23,27,1495,2631
2023-03-02 09:48:31,24,27,1495,2631
2023-03-02 09:48:31,24,26,1495,2631
2023-03-02 09:48:35,24,25,1495,2631
2023-03-02 09:48:38,24,26,1495,2631
2023-03-02 09:48:46,24,27,1495,2631
2023-03-02 09:48:53,22,27,1495,2631
2023-03-02 09:48:53,22,25,1495,2631
2023-03-02 09:48:53,25,27,1489,2637
2023-03-02 09:49:01,23,27,1489,2637
2023-03-02 09:49:01,25,27,1489,2637
2023-03-02 09:49:28,23,27,1489,2637
2023-03-02 09:49:28,22,27,1489,2637
2023-03-02 09:49:28,22,28,1489,2637
2023-03-02 09:49:29,24,28,1489,2637
2023-03-02 09:49:29,24,26,1489,2637
2023-03-02 09:49:42,22,26,1489,2637
2023-03-02 09:49:42,22,28,1489,2637
2023-03-02 09:49:42,22,29,1489,2637
2023-03-02 09:49:42,24,29,1489,2637
2023-03-02 09:49:42,24,27,1489,2637
2023-03-02 09:49:56,22,27,1489,2637
2023-03-02 09:49:56,24,27,1489,2637
2023-03-02 09:50:22,22,27,1489,2637
2023-03-02 09:50:22,22,29,1489,2637
2023-03-02 09:50:22,25,29,1489,2637
2023-03-02 09:50:22,25,28,1489,2637
2023-03-02 09:50:22,25,27,1489,2637
2023-03-02 09:50:46,23,27,1489,2637
2023-03-02 09:50:46,22,27,1489,2637
2023-03-02 09:50:46,22,29,1489,2637
2023-03-02 09:50:46,24,29,1489,2637
2023-03-02 09:50:46,24,27,1489,2637
2023-03-02 09:50:59,22,27,1489,2637
2023-03-02 09:50:59,22,29,1489,2637
2023-03-02 09:50:59,23,29,1489,2637
2023-03-02 09:50:59,25,29,1489,2637
2023-03-02 09:50:59,25,27,1489,2637
2023-03-02 09:51:27,24,27,1489,2637
2023-03-02 09:51:27,24,30,1489,2637
2023-03-02 09:51:28,26,30,1489,2637
2023-03-02 09:51:28,26,28,1489,2637
2023-03-02 09:51:41,25,28,1489,2637
2023-03-02 09:51:41,25,30,1489,2637
2023-03-02 09:51:41,25,31,1489,2637
2023-03-02 09:51:41,26,31,1489,2637
2023-03-02 09:51:41,26,29,1489,2637
2023-03-02 09:51:58,26,31,1489,2637
2023-03-02 09:51:59,27,31,1489,2637
2023-03-02 09:51:59,27,29,1489,2637
2023-03-02 09:52:25,26,29,1489,2637
2023-03-02 09:52:25,26,31,1489,2637
2023-03-02 09:52:25,26,33,1489,2637
2023-03-02 09:52:26,27,33,1489,2637
2023-03-02 09:52:26,27,29,1489,2637
2023-03-02 09:52:40,26,29,1489,2637
2023-03-02 09:52:40,27,29,1489,2637
2023-03-02 09:53:26,27,33,1489,2637
2023-03-02 09:53:26,28,33,1489,2637
2023-03-02 09:53:26,28,32,1489,2637
2023-03-02 09:53:26,28,30,1489,2637
2023-03-02 09:53:41,27,30,1489,2637
2023-03-02 09:53:41,27,32,1489,2637
2023-03-02 09:53:41,28,32,1489,2637
2023-03-02 09:53:41,28,30,1489,2637
2023-03-02 09:53:54,26,30,1489,2637
2023-03-02 09:53:55,26,32,1489,2637
2023-03-02 09:53:55,27,32,1489,2637
2023-03-02 09:53:55,27,29,1489,2637
2023-03-02 09:54:25,26,29,1489,2637
2023-03-02 09:54:25,26,31,1489,2637
2023-03-02 09:54:25,26,33,1489,2637
2023-03-02 09:54:25,28,33,1489,2637
2023-03-02 09:54:25,28,32,1489,2637
2023-03-02 09:54:25,28,30,1489,2637
2023-03-02 09:54:43,26,30,1489,2637
2023-03-02 09:54:43,26,32,1489,2637
2023-03-02 09:54:43,27,32,1489,2637
2023-03-02 09:54:43,27,30,1489,2637
2023-03-02 09:54:54,26,30,1489,2637
2023-03-02 09:54:54,26,32,1489,2637
2023-03-02 09:54:54,27,32,1489,2637
2023-03-02 09:54:54,27,31,1489,2637
2023-03-02 09:54:54,27,29,1489,2637
2023-03-02 09:55:25,26,29,1489,2637
2023-03-02 09:55:25,26,32,1489,2637
2023-03-02 09:55:25,27,32,1489,2637
2023-03-02 09:55:25,27,31,1489,2637
2023-03-02 09:55:25,27,29,1489,2637
2023-03-02 09:55:45,25,29,1489,2637
2023-03-02 09:55:45,25,31,1489,2637
2023-03-02 09:55:45,27,31,1489,2637
2023-03-02 09:55:45,27,29,1489,2637
2023-03-02 09:55:54,25,29,1489,2637
2023-03-02 09:55:54,25,31,1489,2637
2023-03-02 09:55:54,26,31,1489,2637
2023-03-02 09:55:54,26,29,1489,2637
2023-03-02 09:56:27,24,29,1489,2637
2023-03-02 09:56:27,24,30,1489,2637
2023-03-02 09:56:27,26,30,1489,2637
2023-03-02 09:56:27,26,29,1489,2637
2023-03-02 09:56:42,24,29,1489,2637
2023-03-02 09:56:42,24,30,1489,2637
2023-03-02 09:56:43,27,30,1489,2637
2023-03-02 09:56:43,27,29,1489,2637
2023-03-02 09:56:56,24,29,1489,2637
2023-03-02 09:56:56,24,30,1489,2637
2023-03-02 09:56:56,26,30,1489,2637
2023-03-02 09:56:56,26,29,1489,2637
2023-03-02 09:57:24,24,29,1489,2637
2023-03-02 09:57:24,24,30,1489,2637
2023-03-02 09:57:24,26,30,1489,2637
2023-03-02 09:57:25,26,28,1489,2637
2023-03-02 09:57:41,24,28,1489,2637
2023-03-02 09:57:41,23,28,1489,2637
2023-03-02 09:57:41,23,29,1489,2637
2023-03-02 09:57:41,25,29,1489,2637
2023-03-02 09:57:41,25,28,1489,2637
2023-03-02 09:57:57,23,28,1489,2637
2023-03-02 09:57:57,25,28,1489,2637
2023-03-02 09:57:57,25,27,1489,2637
2023-03-02 09:58:26,23,27,1489,2637
2023-03-02 09:58:26,23,28,1489,2637
2023-03-02 09:58:26,25,28,1489,2637
2023-03-02 09:58:26,25,27,1489,2637
2023-03-02 09:58:41,23,27,1489,2637
2023-03-02 09:58:41,23,28,1489,2637
2023-03-02 09:58:41,25,28,1489,2637
2023-03-02 09:58:58,23,28,1489,2637
2023-03-02 09:58:58,23,30,1489,2637
2023-03-02 09:58:58,26,30,1489,2637
2023-03-02 09:58:58,26,28,1489,2637
2023-03-02 09:59:24,25,28,1489,2637
2023-03-02 09:59:24,25,31,1489,2637
2023-03-02 09:59:25,27,31,1489,2637
2023-03-02 09:59:25,27,29,1489,2637
2023-03-02 09:59:39,25,29,1489,2637
2023-03-02 09:59:39,25,31,1489,2637
2023-03-02 09:59:39,27,31,1489,2637
2023-03-02 09:59:39,27,29,1489,2637
2023-03-02 10:00:27,25,29,1489,2637
2023-03-02 10:00:27,25,31,1489,2637
2023-03-02 10:00:28,27,31,1489,2637
2023-03-02 10:00:28,27,30,1489,2637
2023-03-02 10:00:43,26,30,1489,2637
2023-03-02 10:00:43,26,32,1489,2637
2023-03-02 10:00:43,27,32,1489,2637
2023-03-02 10:00:43,27,30,1489,2637
2023-03-02 10:00:56,26,30,1489,2637
2023-03-02 10:00:56,26,32,1489,2637
2023-03-02 10:00:56,26,33,1489,2637
2023-03-02 10:00:57,28,33,1489,2637
2023-03-02 10:00:57,28,30,1489,2637
2023-03-02 10:01:26,28,32,1489,2637
2023-03-02 10:01:26,28,35,1489,2637
2023-03-02 10:01:26,28,33,1489,2637
2023-03-02 10:01:26,28,31,1489,2637
2023-03-02 10:01:40,28,33,1489,2637
2023-03-02 10:01:40,28,31,1489,2637
2023-03-02 10:01:54,28,35,1489,2637
2023-03-02 10:01:54,28,32,1489,2637
2023-03-02 10:02:03,29,32,1489,2637
2023-03-02 10:02:06,31,32,1489,2637
2023-03-02 10:02:28,31,34,1489,2637
2023-03-02 10:02:28,31,32,1489,2637
2023-03-02 10:02:57,31,34,1489,2637
2023-03-02 10:02:58,31,32,1489,2637
2023-03-02 10:03:44,31,36,1489,2637
2023-03-02 10:03:44,31,38,1489,2637
2023-03-02 10:03:44,31,35,1489,2637
2023-03-02 10:03:44,31,33,1489,2637
2023-03-02 10:03:59,31,37,1489,2637
2023-03-02 10:03:59,31,38,1489,2637
2023-03-02 10:03:59,31,36,1489,2637
2023-03-02 10:03:59,31,32,1489,2637
2023-03-02 10:04:05,30,32,1489,2637
2023-03-02 10:04:26,29,32,1489,2637
2023-03-02 10:04:26,29,34,1489,2637
2023-03-02 10:04:26,29,35,1489,2637
2023-03-02 10:04:27,29,32,1489,2637
2023-03-02 10:04:27,31,32,1489,2637
2023-03-02 10:04:55,31,38,1489,2637
2023-03-02 10:04:56,31,34,1489,2637
2023-03-02 10:04:56,31,32,1489,2637
2023-03-02 10:05:27,31,38,1489,2637
2023-03-02 10:05:27,31,33,1489,2637
2023-03-02 10:05:37,31,38,1489,2637
2023-03-02 10:05:38,31,34,1489,2637
2023-03-02 10:05:38,31,32,1489,2637
2023-03-02 10:05:50,30,32,1489,2637
2023-03-02 10:05:56,29,32,1489,2637
2023-03-02 10:05:56,29,34,1489,2637
2023-03-02 10:05:56,30,34,1489,2637
2023-03-02 10:05:56,30,32,1489,2637
2023-03-02 10:06:05,31,32,1489,2637
2023-03-02 10:06:25,31,34,1489,2637
2023-03-02 10:06:26,31,32,1489,2637
2023-03-02 10:06:36,30,32,1489,2637
2023-03-02 10:06:43,28,32,1489,2637
2023-03-02 10:06:43,28,34,1489,2637
2023-03-02 10:06:43,28,35,1489,2637
2023-03-02 10:06:43,30,35,1489,2637
2023-03-02 10:06:43,30,32,1489,2637
2023-03-02 10:06:57,28,32,1489,2637
2023-03-02 10:06:57,28,34,1489,2637
2023-03-02 10:06:58,28,32,1489,2637
2023-03-02 10:07:26,27,32,1489,2637
2023-03-02 10:07:26,26,32,1489,2637
2023-03-02 10:07:26,26,33,1489,2637
2023-03-02 10:07:26,28,33,1489,2637
2023-03-02 10:07:26,28,32,1489,2637
2023-03-02 10:07:26,28,30,1489,2637
2023-03-02 10:07:41,26,30,1489,2637
2023-03-02 10:07:41,26,32,1489,2637
2023-03-02 10:07:41,26,33,1489,2637
2023-03-02 10:07:41,27,33,1489,2637
2023-03-02 10:07:41,28,33,1489,2637
2023-03-02 10:07:41,28,31,1489,2637
2023-03-02 10:07:55,27,31,1489,2637
2023-03-02 10:07:55,26,31,1489,2637
2023-03-02 10:07:55,26,33,1489,2637
2023-03-02 10:07:55,28,33,1489,2637
2023-03-02 10:07:55,28,31,1489,2637
2023-03-02 10:08:25,28,33,1489,2637
2023-03-02 10:08:25,28,30,1489,2637
2023-03-02 10:08:39,28,30,1496,2644
2023-03-02 10:08:39,26,30,1496,2644
2023-03-02 10:08:39,26,32,1496,2644
2023-03-02 10:08:39,28,32,1496,2644
2023-03-02 10:08:39,28,30,1496,2644
2023-03-02 10:08:57,26,30,1496,2644
2023-03-02 10:08:57,26,32,1496,2644
2023-03-02 10:08:57,28,32,1496,2644
2023-03-02 10:08:57,28,30,1496,2644
2023-03-02 10:09:22,26,30,1496,2644
2023-03-02 10:09:22,26,34,1496,2644
2023-03-02 10:09:23,27,34,1496,2644
2023-03-02 10:09:23,28,34,1496,2644
2023-03-02 10:09:23,28,33,1496,2644
2023-03-02 10:09:23,28,31,1496,2644
2023-03-02 10:09:59,28,33,1496,2644
2023-03-02 10:09:59,28,31,1496,2644
2023-03-02 10:10:24,27,31,1496,2644
2023-03-02 10:10:24,26,31,1496,2644
2023-03-02 10:10:24,26,32,1496,2644
2023-03-02 10:10:25,28,32,1496,2644
2023-03-02 10:10:25,28,30,1496,2644
2023-03-02 10:11:23,26,30,1496,2644
2023-03-02 10:11:23,26,31,1496,2644
2023-03-02 10:11:23,26,33,1496,2644
2023-03-02 10:11:23,28,33,1496,2644
2023-03-02 10:11:23,28,31,1496,2644
2023-03-02 10:11:56,28,30,1496,2644
2023-03-02 10:12:21,27,30,1496,2644
2023-03-02 10:12:21,26,30,1496,2644
2023-03-02 10:12:21,26,32,1496,2644
2023-03-02 10:12:22,27,32,1496,2644
2023-03-02 10:12:22,27,30,1496,2644
2023-03-02 10:12:41,26,30,1496,2644
2023-03-02 10:12:41,26,32,1496,2644
2023-03-02 10:12:41,28,32,1496,2644
2023-03-02 10:12:41,28,30,1496,2644
2023-03-02 10:12:54,26,30,1496,2644
2023-03-02 10:12:54,26,32,1496,2644
2023-03-02 10:12:55,28,32,1496,2644
2023-03-02 10:12:55,28,30,1496,2644
2023-03-02 10:13:26,26,30,1496,2644
2023-03-02 10:13:27,28,30,1496,2644
2023-03-02 10:13:47,26,30,1496,2644
2023-03-02 10:13:47,26,32,1496,2644
2023-03-02 10:13:47,28,32,1496,2644
2023-03-02 10:13:47,28,31,1496,2644
2023-03-02 10:14:01,26,31,1496,2644
2023-03-02 10:14:01,26,32,1496,2644
2023-03-02 10:14:01,28,32,1496,2644
2023-03-02 10:14:01,28,31,1496,2644
2023-03-02 10:14:20,26,31,1496,2644
2023-03-02 10:14:20,26,34,1496,2644
2023-03-02 10:14:20,28,34,1496,2644
2023-03-02 10:14:20,28,32,1496,2644
2023-03-02 10:14:38,27,32,1496,2644
2023-03-02 10:14:38,27,34,1496,2644
2023-03-02 10:14:39,28,34,1496,2644
2023-03-02 10:14:39,28,31,1496,2644
2023-03-02 10:14:54,28,34,1496,2644
2023-03-02 10:14:54,28,32,1496,2644
2023-03-02 10:15:27,28,35,1496,2644
2023-03-02 10:15:27,30,35,1496,2644
2023-03-02 10:15:27,30,34,1496,2644
2023-03-02 10:15:27,30,32,1496,2644
2023-03-02 10:15:35,28,32,1496,2644
2023-03-02 10:15:35,28,34,1496,2644
2023-03-02 10:15:35,30,34,1496,2644
2023-03-02 10:15:35,30,32,1496,2644
2023-03-02 10:15:41,28,32,1496,2644
2023-03-02 10:15:41,28,34,1496,2644
2023-03-02 10:15:41,30,34,1496,2644
2023-03-02 10:15:41,30,32,1496,2644
2023-03-02 10:15:57,28,32,1496,2644
2023-03-02 10:15:57,28,34,1496,2644
2023-03-02 10:15:57,30,34,1496,2644
2023-03-02 10:15:57,30,32,1496,2644
2023-03-02 10:16:07,31,32,1496,2644
2023-03-02 10:16:24,30,32,1496,2644
2023-03-02 10:16:25,29,32,1496,2644
2023-03-02 10:16:25,29,34,1496,2644
2023-03-02 10:16:25,29,36,1496,2644
2023-03-02 10:16:25,31,36,1496,2644
2023-03-02 10:16:25,31,33,1496,2644
2023-03-02 10:16:44,29,33,1496,2644
2023-03-02 10:16:44,29,35,1496,2644
2023-03-02 10:16:44,30,35,1496,2644
2023-03-02 10:16:44,30,32,1496,2644
2023-03-02 10:16:57,29,32,1496,2644
2023-03-02 10:16:57,29,34,1496,2644
2023-03-02 10:16:57,30,34,1496,2644
2023-03-02 10:16:57,30,32,1496,2644
2023-03-02 10:17:25,27,32,1496,2644
2023-03-02 10:17:25,27,33,1496,2644
2023-03-02 10:17:26,28,33,1496,2644
2023-03-02 10:17:26,28,31,1496,2644
2023-03-02 10:18:26,27,31,1496,2644
2023-03-02 10:18:26,27,33,1496,2644
2023-03-02 10:18:26,28,33,1496,2644
2023-03-02 10:18:26,28,31,1496,2644
2023-03-02 10:18:42,27,31,1496,2644
2023-03-02 10:18:42,27,33,1496,2644
2023-03-02 10:18:42,28,33,1496,2644
2023-03-02 10:18:42,28,31,1496,2644
2023-03-02 10:18:55,28,30,1496,2644
2023-03-02 10:19:27,26,30,1496,2644
2023-03-02 10:19:28,28,30,1496,2644
2023-03-02 10:19:47,26,30,1496,2644
2023-03-02 10:19:47,26,32,1496,2644
2023-03-02 10:19:47,28,32,1496,2644
2023-03-02 10:19:47,28,30,1496,2644
2023-03-02 10:20:00,25,30,1496,2644
2023-03-02 10:20:00,25,32,1496,2644
2023-03-02 10:20:00,26,32,1496,2644
2023-03-02 10:20:00,28,32,1496,2644
2023-03-02 10:20:00,28,30,1496,2644
2023-03-02 10:20:42,26,30,1496,2644
2023-03-02 10:20:42,25,30,1496,2644
2023-03-02 10:20:42,25,31,1496,2644
2023-03-02 10:20:43,28,31,1496,2644
2023-03-02 10:20:43,28,30,1496,2644
2023-03-02 10:20:54,25,30,1496,2644
2023-03-02 10:20:54,25,31,1496,2644
2023-03-02 10:20:54,27,31,1496,2644
2023-03-02 10:20:54,27,29,1496,2644
2023-03-02 10:21:23,25,29,1496,2644
2023-03-02 10:21:23,27,29,1496,2644
2023-03-02 10:21:31,27,28,1496,2644
2023-03-02 10:21:37,25,27,1408,2732
2023-03-02 10:21:39,23,27,1408,2732
2023-03-02 10:21:40,26,27,1408,2732
2023-03-02 10:21:46,26,28,1408,2732
2023-03-02 10:21:50,21,28,1408,2732
2023-03-02 10:21:50,21,29,1408,2732
2023-03-02 10:21:50,21,28,1408,2732
2023-03-02 10:21:51,23,28,1408,2732
2023-03-02 10:21:51,25,28,1408,2732
2023-03-02 10:21:51,25,27,1408,2732
2023-03-02 10:22:17,23,27,1408,2732
2023-03-02 10:22:17,23,29,1408,2732
2023-03-02 10:22:17,25,29,1408,2732
2023-03-02 10:22:17,25,27,1408,2732
2023-03-02 10:22:43,23,27,1408,2732
2023-03-02 10:22:43,23,31,1408,2732
2023-03-02 10:22:43,24,31,1408,2732
2023-03-02 10:22:43,26,31,1408,2732
2023-03-02 10:22:43,26,28,1408,2732
2023-03-02 10:23:00,24,28,1408,2732
2023-03-02 10:23:00,23,28,1408,2732
2023-03-02 10:23:00,23,30,1408,2732
2023-03-02 10:23:01,26,30,1408,2732
2023-03-02 10:23:01,26,28,1408,2732
2023-03-02 10:23:34,25,28,1408,2732
2023-03-02 10:23:34,25,30,1408,2732
2023-03-02 10:23:34,25,32,1408,2732
2023-03-02 10:23:35,27,32,1408,2732
2023-03-02 10:23:35,27,31,1408,2732
2023-03-02 10:23:35,27,29,1408,2732
2023-03-02 10:23:43,28,29,1408,2732
2023-03-02 10:24:07,28,30,1408,2732
2023-03-02 10:24:41,25,30,1408,2732
2023-03-02 10:24:42,26,30,1408,2732
2023-03-02 10:24:42,28,30,1408,2732
2023-03-02 10:25:11,25,30,1408,2732
2023-03-02 10:25:11,25,32,1408,2732
2023-03-02 10:25:11,27,32,1408,2732
2023-03-02 10:25:11,27,31,1408,2732
2023-03-02 10:25:11,27,29,1408,2732
2023-03-02 10:25:52,25,29,1408,2732
2023-03-02 10:25:53,27,29,1408,2732
2023-03-02 10:26:05,25,29,1408,2732
2023-03-02 10:26:05,25,30,1408,2732
2023-03-02 10:26:05,27,30,1408,2732
2023-03-02 10:26:05,27,29,1408,2732
2023-03-02 10:26:34,25,29,1408,2732
2023-03-02 10:26:34,25,30,1408,2732
2023-03-02 10:26:35,27,30,1408,2732
2023-03-02 10:26:35,27,29,1408,2732
2023-03-02 10:27:30,29,31,1694,3018
2023-03-02 10:27:33,29,33,1694,3018
2023-03-02 10:27:34,29,31,1694,3018
2023-03-02 10:27:44,29,33,1694,3018
2023-03-02 10:27:44,31,33,1694,3018
2023-03-02 10:28:05,29,33,1694,3018
2023-03-02 10:28:05,31,33,1694,3018
2023-03-02 10:28:36,29,33,1694,3018
2023-03-02 10:28:36,31,33,1694,3018
2023-03-02 10:28:44,31,33,1694,3092
2023-03-02 10:29:18,29,33,1694,3092
2023-03-02 10:29:18,31,33,1694,3092
2023-03-02 10:29:46,29,33,1694,3092
2023-03-02 10:29:46,31,33,1694,3092
2023-03-02 10:30:35,29,33,1694,3092
2023-03-02 10:30:35,31,33,1694,3092
2023-03-02 10:30:57,29,33,1694,3092
2023-03-02 10:30:58,31,33,1694,3092
2023-03-02 10:31:13,29,33,1694,3092
2023-03-02 10:31:13,31,33,1694,3092
2023-03-02 10:31:31,31,33,1482,3304
2023-03-02 10:32:00,28,33,1482,3304
2023-03-02 10:32:00,28,34,1482,3304
2023-03-02 10:32:00,30,34,1482,3304
2023-03-02 10:32:00,30,32,1482,3304
2023-03-02 10:32:35,28,32,1482,3304
2023-03-02 10:32:35,28,34,1482,3304
2023-03-02 10:32:36,30,34,1482,3304
2023-03-02 10:32:36,30,32,1482,3304
2023-03-02 10:32:59,28,32,1482,3304
2023-03-02 10:32:59,28,34,1482,3304
2023-03-02 10:32:59,30,34,1482,3304
2023-03-02 10:32:59,30,32,1482,3304
2023-03-02 10:33:30,30,34,1482,3304
2023-03-02 10:33:30,30,36,1482,3304
2023-03-02 10:33:30,31,36,1482,3304
2023-03-02 10:33:30,31,35,1482,3304
2023-03-02 10:33:30,31,33,1482,3304
2023-03-02 10:33:33,32,33,1482,3304
2023-03-02 10:33:39,33,35,1564,3386
2023-03-02 10:33:46,33,39,1564,3386
2023-03-02 10:33:46,33,36,1564,3386
2023-03-02 10:33:46,33,34,1564,3386
2023-03-02 10:33:53,34,36,1770,3592
2023-03-02 10:34:12,34,38,1770,3592
2023-03-02 10:34:12,34,35,1770,3592
2023-03-02 10:34:18,34,37,1770,3592
2023-03-02 10:34:18,34,35,1770,3592
2023-03-02 10:34:26,33,35,1770,3592
2023-03-02 10:34:38,33,36,1770,3592
2023-03-02 10:34:38,33,35,1770,3592
2023-03-02 10:34:46,33,36,1770,3592
2023-03-02 10:34:46,33,35,1770,3592
2023-03-02 10:34:56,33,34,1770,3592
2023-03-02 10:35:11,33,35,1770,3592
2023-03-02 10:35:13,33,36,1770,3592
2023-03-02 10:35:14,33,35,1770,3592
2023-03-02 10:35:31,33,36,1770,3592
2023-03-02 10:35:31,33,34,1770,3592
2023-03-02 10:36:08,33,35,1770,3592
2023-03-02 10:36:22,33,36,1770,3592
2023-03-02 10:36:23,33,34,1770,3592
2023-03-02 10:36:40,33,36,1770,3592
2023-03-02 10:36:41,33,35,1770,3592
2023-03-02 10:36:44,34,35,1770,3592
2023-03-02 10:36:57,34,36,1770,3592
2023-03-02 10:36:57,34,35,1770,3592
2023-03-02 10:37:27,34,36,1770,3592
2023-03-02 10:37:27,34,35,1770,3592
2023-03-02 10:37:41,34,35,1770,3798
2023-03-02 10:37:47,34,36,1770,3798
2023-03-02 10:37:48,34,35,1770,3798
2023-03-02 10:37:55,33,35,1770,3798
2023-03-02 10:38:20,33,34,1770,3798
2023-03-02 10:38:31,33,34,1843,3871
2023-03-02 10:38:38,33,34,1843,3891
2023-03-02 10:38:46,33,34,1953,4001
2023-03-02 10:39:01,33,34,2001,4201
2023-03-02 10:39:04,33,34,2201,4401
2023-03-02 10:39:08,33,34,2401,4601
2023-03-02 10:39:18,31,34,2401,4601
2023-03-02 10:39:26,30,34,2401,4601
2023-03-02 10:39:26,31,34,2401,4601
2023-03-02 10:39:26,31,33,2401,4601
2023-03-02 10:39:31,32,33,2401,4601
2023-03-02 10:40:19,30,33,2401,4601
2023-03-02 10:40:38,32,33,2401,4601
2023-03-02 10:41:02,32,33,2448,4648
2023-03-02 10:43:54,32,34,2448,4648
2023-03-02 10:43:54,32,33,2448,4648
2023-03-02 10:44:10,32,34,2448,4648
2023-03-02 10:44:35,32,33,2448,4648
2023-03-02 10:44:56,32,34,2448,4648
2023-03-02 10:47:04,32,33,2448,4648
2023-03-02 10:47:46,32,34,2448,4648
2023-03-02 10:48:06,32,36,2448,4648
2023-03-02 10:48:07,32,34,2448,4648
2023-03-02 10:48:44,32,36,2448,4648
2023-03-02 10:48:45,33,36,2448,4648
2023-03-02 10:48:45,33,35,2448,4648
2023-03-02 10:49:34,32,35,2448,4648
2023-03-02 10:49:48,32,34,2448,4648
2023-03-02 10:49:58,32,35,2448,4648
2023-03-02 10:49:58,32,34,2448,4648
2023-03-02 10:50:30,32,36,2448,4648
2023-03-02 10:50:31,34,36,2448,4648
2023-03-02 10:51:06,32,36,2448,4648
2023-03-02 10:51:06,33,36,2448,4648
2023-03-02 10:51:28,32,36,2448,4648
2023-03-02 10:51:29,34,36,2448,4648
2023-03-02 10:51:51,32,36,2448,4648
2023-03-02 10:51:52,34,36,2448,4648
2023-03-02 10:52:01,32,36,2448,4648
2023-03-02 10:52:01,34,36,2448,4648
2023-03-02 10:52:30,32,36,2448,4648
2023-03-02 10:52:30,33,36,2448,4648
2023-03-02 10:52:31,33,35,2448,4648
2023-03-02 10:52:44,34,35,2448,4648
2023-03-02 10:52:50,34,38,2448,4648
2023-03-02 10:52:50,34,36,2448,4648
2023-03-02 10:53:03,34,38,2448,4648
2023-03-02 10:53:03,35,38,2448,4648
2023-03-02 10:53:03,35,37,2448,4648
2023-03-02 10:53:11,35,37,2468,4668
2023-03-02 10:53:16,35,39,2468,4668
2023-03-02 10:53:17,35,37,2468,4668
2023-03-02 10:53:33,34,37,2468,4668
2023-03-02 10:53:33,34,41,2468,4668
2023-03-02 10:53:33,36,41,2468,4668
2023-03-02 10:53:33,36,38,2468,4668
2023-03-02 10:53:46,34,38,2468,4668
2023-03-02 10:53:46,34,40,2468,4668
2023-03-02 10:53:46,34,41,2468,4668
2023-03-02 10:53:46,36,41,2468,4668
2023-03-02 10:53:46,36,39,2468,4668
2023-03-02 10:54:08,34,39,2468,4668
2023-03-02 10:54:08,34,41,2468,4668
2023-03-02 10:54:08,36,41,2468,4668
2023-03-02 10:54:08,36,40,2468,4668
2023-03-02 10:54:08,36,38,2468,4668
2023-03-02 10:54:33,34,38,2468,4668
2023-03-02 10:54:33,34,41,2468,4668
2023-03-02 10:54:34,36,41,2468,4668
2023-03-02 10:54:34,36,39,2468,4668
2023-03-02 10:54:47,34,39,2468,4668
2023-03-02 10:54:47,34,41,2468,4668
2023-03-02 10:54:47,36,41,2468,4668
2023-03-02 10:54:47,36,38,2468,4668
2023-03-02 10:55:13,34,38,2468,4668
2023-03-02 10:55:13,36,38,2468,4668
2023-03-02 10:55:29,34,38,2468,4668
2023-03-02 10:55:29,34,41,2468,4668
2023-03-02 10:55:30,36,41,2468,4668
2023-03-02 10:55:30,36,39,2468,4668
2023-03-02 10:55:46,34,39,2468,4668
2023-03-02 10:55:46,34,41,2468,4668
2023-03-02 10:55:47,35,41,2468,4668
2023-03-02 10:55:47,37,41,2468,4668
2023-03-02 10:55:47,37,39,2468,4668
2023-03-02 10:56:06,37,41,2468,4668
2023-03-02 10:56:06,37,39,2468,4668
2023-03-02 10:56:39,34,39,2468,4668
2023-03-02 10:56:39,34,41,2468,4668
2023-03-02 10:56:40,36,41,2468,4668
2023-03-02 10:56:40,36,40,2468,4668
2023-03-02 10:56:40,36,38,2468,4668
2023-03-02 10:56:54,34,38,2468,4668
2023-03-02 10:56:54,34,41,2468,4668
2023-03-02 10:56:55,36,41,2468,4668
2023-03-02 10:56:55,36,39,2468,4668
2023-03-02 10:57:42,36,41,2468,4668
2023-03-02 10:57:42,37,41,2468,4668
2023-03-02 10:57:42,37,39,2468,4668
2023-03-02 10:58:26,36,39,2468,4668
2023-03-02 10:58:26,36,42,2468,4668
2023-03-02 10:58:26,37,42,2468,4668
2023-03-02 10:58:26,37,41,2468,4668
2023-03-02 10:58:26,37,39,2468,4668
2023-03-02 10:58:41,36,39,2468,4668
2023-03-02 10:58:41,36,42,2468,4668
2023-03-02 10:58:41,37,42,2468,4668
2023-03-02 10:58:41,37,41,2468,4668
2023-03-02 10:58:41,37,39,2468,4668
2023-03-02 10:58:56,36,39,2468,4668
2023-03-02 10:58:56,36,41,2468,4668
2023-03-02 10:58:57,37,41,2468,4668
2023-03-02 10:58:57,37,39,2468,4668
2023-03-02 10:59:22,36,39,2468,4668
2023-03-02 10:59:22,36,42,2468,4668
2023-03-02 10:59:22,37,42,2468,4668
2023-03-02 10:59:22,37,41,2468,4668
2023-03-02 10:59:22,37,39,2468,4668
2023-03-02 10:59:41,36,39,2468,4668
2023-03-02 10:59:41,36,41,2468,4668
2023-03-02 10:59:41,36,42,2468,4668
2023-03-02 10:59:41,37,42,2468,4668
2023-03-02 10:59:41,37,40,2468,4668
2023-03-02 10:59:53,35,40,2468,4668
2023-03-02 10:59:53,35,41,2468,4668
2023-03-02 10:59:53,37,41,2468,4668
2023-03-02 10:59:53,37,39,2468,4668
2023-03-02 11:00:37,36,39,2468,4668
2023-03-02 11:00:37,36,41,2468,4668
2023-03-02 11:00:37,36,42,2468,4668
2023-03-02 11:00:37,37,42,2468,4668
2023-03-02 11:00:37,37,40,2468,4668
2023-03-02 11:01:24,36,40,2468,4668
2023-03-02 11:01:24,36,42,2468,4668
2023-03-02 11:01:25,37,42,2468,4668
2023-03-02 11:01:25,37,40,2468,4668
2023-03-02 11:01:43,34,40,2468,4668
2023-03-02 11:01:43,34,41,2468,4668
2023-03-02 11:01:44,35,41,2468,4668
2023-03-02 11:01:44,37,41,2468,4668
2023-03-02 11:01:44,37,39,2468,4668
2023-03-02 11:01:57,34,39,2468,4668
2023-03-02 11:01:57,34,41,2468,4668
2023-03-02 11:01:58,36,41,2468,4668
2023-03-02 11:01:58,36,39,2468,4668
2023-03-02 11:02:28,36,41,2468,4668
2023-03-02 11:02:28,36,43,2468,4668
2023-03-02 11:02:28,38,43,2468,4668
2023-03-02 11:02:28,38,40,2468,4668
2023-03-02 11:02:44,36,40,2468,4668
2023-03-02 11:02:44,36,43,2468,4668
2023-03-02 11:02:44,37,43,2468,4668
2023-03-02 11:02:44,37,40,2468,4668
2023-03-02 11:02:56,36,40,2468,4668
2023-03-02 11:02:56,36,42,2468,4668
2023-03-02 11:02:56,37,42,2468,4668
2023-03-02 11:02:56,37,40,2468,4668
2023-03-02 11:03:18,35,40,2468,4668
2023-03-02 11:03:18,37,40,2468,4668
2023-03-02 11:03:26,35,40,2468,4668
2023-03-02 11:03:26,34,40,2468,4668
2023-03-02 11:03:26,34,42,2468,4668
2023-03-02 11:03:26,36,42,2468,4668
2023-03-02 11:03:26,36,41,2468,4668
2023-03-02 11:03:26,36,39,2468,4668
2023-03-02 11:03:44,34,39,2468,4668
2023-03-02 11:03:44,34,41,2468,4668
2023-03-02 11:03:44,37,41,2468,4668
2023-03-02 11:03:44,37,39,2468,4668
2023-03-02 11:04:02,35,39,2468,4668
2023-03-02 11:04:02,35,41,2468,4668
2023-03-02 11:04:03,37,41,2468,4668
2023-03-02 11:04:03,37,39,2468,4668
2023-03-02 11:04:27,34,39,2468,4668
2023-03-02 11:04:27,34,40,2468,4668
2023-03-02 11:04:27,36,40,2468,4668
2023-03-02 11:04:27,36,39,2468,4668
2023-03-02 11:04:37,34,39,2468,4668
2023-03-02 11:04:37,36,39,2468,4668
2023-03-02 11:04:37,36,38,2468,4668
2023-03-02 11:05:01,32,38,2468,4668
2023-03-02 11:05:01,35,38,2468,4668
2023-03-02 11:05:28,33,38,2468,4668
2023-03-02 11:05:28,32,38,2468,4668
2023-03-02 11:05:28,35,38,2468,4668
2023-03-02 11:05:39,33,38,2468,4668
2023-03-02 11:05:39,35,38,2468,4668
2023-03-02 11:05:56,34,38,2468,4668
2023-03-02 11:05:56,34,40,2468,4668
2023-03-02 11:05:56,36,40,2468,4668
2023-03-02 11:05:56,36,38,2468,4668
2023-03-02 11:06:26,36,43,2468,4668
2023-03-02 11:06:26,37,43,2468,4668
2023-03-02 11:06:26,37,41,2468,4668
2023-03-02 11:06:26,37,39,2468,4668
2023-03-02 11:06:38,36,39,2468,4668
2023-03-02 11:06:38,36,41,2468,4668
2023-03-02 11:06:38,36,42,2468,4668
2023-03-02 11:06:38,37,42,2468,4668
2023-03-02 11:06:38,37,40,2468,4668
2023-03-02 11:07:03,36,40,2468,4668
2023-03-02 11:07:03,36,42,2468,4668
2023-03-02 11:07:03,37,42,2468,4668
2023-03-02 11:07:03,37,39,2468,4668
2023-03-02 11:07:26,36,39,2468,4668
2023-03-02 11:07:26,36,41,2468,4668
2023-03-02 11:07:26,36,42,2468,4668
2023-03-02 11:07:26,37,42,2468,4668
2023-03-02 11:07:26,37,40,2468,4668
2023-03-02 11:07:43,36,40,2468,4668
2023-03-02 11:07:43,36,42,2468,4668
2023-03-02 11:07:44,37,42,2468,4668
2023-03-02 11:07:44,37,39,2468,4668
2023-03-02 11:07:59,36,39,2468,4668
2023-03-02 11:07:59,36,41,2468,4668
2023-03-02 11:07:59,36,42,2468,4668
2023-03-02 11:07:59,37,42,2468,4668
2023-03-02 11:07:59,37,39,2468,4668
2023-03-02 11:08:27,36,39,2468,4668
2023-03-02 11:08:27,36,41,2468,4668
2023-03-02 11:08:27,37,41,2468,4668
2023-03-02 11:08:27,37,39,2468,4668
2023-03-02 11:08:51,37,41,2468,4668
2023-03-02 11:08:51,37,39,2468,4668
2023-03-02 11:09:04,37,41,2468,4668
2023-03-02 11:09:04,37,39,2468,4668
2023-03-02 11:09:30,35,39,2468,4668
2023-03-02 11:09:30,35,41,2468,4668
2023-03-02 11:09:30,37,41,2468,4668
2023-03-02 11:09:30,37,39,2468,4668
2023-03-02 11:09:50,34,39,2468,4668
2023-03-02 11:09:50,36,39,2468,4668
2023-03-02 11:10:06,36,38,2468,4668
2023-03-02 11:10:39,34,38,2468,4668
2023-03-02 11:10:39,36,38,2468,4668
2023-03-02 11:10:40,36,37,2468,4668
2023-03-02 11:10:47,34,37,2468,4668
2023-03-02 11:10:48,35,37,2468,4668
2023-03-02 11:10:58,35,38,2468,4668
2023-03-02 11:11:18,34,38,2468,4668
2023-03-02 11:11:18,35,38,2468,4668
2023-03-02 11:11:27,35,37,2468,4668
2023-03-02 11:11:33,35,38,2468,4668
2023-03-02 11:11:36,35,37,2468,4668
2023-03-02 11:11:43,33,37,2468,4668
2023-03-02 11:11:43,34,37,2468,4668
2023-03-02 11:12:11,33,37,2468,4668
2023-03-02 11:12:11,33,38,2468,4668
2023-03-02 11:12:11,35,38,2468,4668
2023-03-02 11:12:11,35,37,2468,4668
2023-03-02 11:12:31,34,37,2468,4668
2023-03-02 11:12:31,34,39,2468,4668
2023-03-02 11:12:31,36,39,2468,4668
2023-03-02 11:12:31,36,38,2468,4668
2023-03-02 11:12:48,34,38,2468,4668
2023-03-02 11:12:48,35,38,2468,4668
2023-03-02 11:12:55,37,38,2468,4668
2023-03-02 11:13:09,37,38,2468,5068
2023-03-02 11:13:15,35,38,2468,5068
2023-03-02 11:13:36,34,38,2468,5068
2023-03-02 11:13:37,34,37,2468,5068
2023-03-02 11:13:54,35,37,2468,5068
2023-03-02 11:14:10,35,36,2468,5068
2023-03-02 11:14:17,34,36,2468,5068
2023-03-02 11:14:30,33,36,2468,5068
2023-03-02 11:14:30,33,37,2468,5068
2023-03-02 11:14:30,33,36,2468,5068
2023-03-02 11:14:52,33,37,2468,5068
2023-03-02 11:14:52,33,35,2468,5068
2023-03-02 11:15:09,33,37,2468,5068
2023-03-02 11:15:09,33,35,2468,5068
2023-03-02 11:15:39,33,37,2468,5068
2023-03-02 11:15:39,34,37,2468,5068
2023-03-02 11:15:39,34,36,2468,5068
2023-03-02 11:15:46,33,36,2468,5068
2023-03-02 11:15:46,33,37,2468,5068
2023-03-02 11:15:46,34,37,2468,5068
2023-03-02 11:16:03,34,39,2468,5068
2023-03-02 11:16:03,35,39,2468,5068
2023-03-02 11:16:03,35,37,2468,5068
2023-03-02 11:16:28,38,39,2601,5201
2023-03-02 11:16:41,38,40,2601,5201
2023-03-02 11:16:41,38,40,2774,5374
2023-03-02 11:16:51,38,39,2774,5374
2023-03-02 11:17:12,38,40,2774,5374
2023-03-02 11:17:13,38,39,2774,5374
2023-03-02 11:17:39,38,40,2774,5374
2023-03-02 11:17:53,38,40,2868,5468
2023-03-02 11:17:56,38,41,2868,5468
2023-03-02 11:17:56,37,41,2868,5468
2023-03-02 11:17:56,37,40,2868,5468
2023-03-02 11:18:06,37,41,2868,5468
2023-03-02 11:18:06,37,40,2868,5468
2023-03-02 11:18:28,37,39,2868,5468
2023-03-02 11:18:29,36,39,2868,5468
2023-03-02 11:18:29,37,39,2868,5468
2023-03-02 11:19:05,36,39,2868,5468
2023-03-02 11:19:05,37,39,2868,5468
2023-03-02 11:19:14,37,38,2868,5468
2023-03-02 11:19:22,35,38,2868,5468
2023-03-02 11:19:22,36,38,2868,5468
2023-03-02 11:19:24,36,38,2950,5950
2023-03-02 11:19:30,35,38,2950,5950
2023-03-02 11:19:30,35,40,2950,5950
2023-03-02 11:19:30,36,40,2950,5950
2023-03-02 11:19:30,36,39,2950,5950
2023-03-02 11:19:48,35,39,2950,5950
2023-03-02 11:19:48,35,40,2950,5950
2023-03-02 11:19:48,36,40,2950,5950
2023-03-02 11:19:48,36,38,2950,5950
2023-03-02 11:19:55,35,38,2950,5950
2023-03-02 11:19:56,35,40,2950,5950
2023-03-02 11:19:56,35,38,2950,5950
2023-03-02 11:20:32,35,39,2950,5950
2023-03-02 11:20:32,36,39,2950,5950
2023-03-02 11:20:32,36,38,2950,5950
2023-03-02 11:20:48,35,38,2950,5950
2023-03-02 11:20:48,35,39,2950,5950
2023-03-02 11:20:49,36,39,2950,5950
2023-03-02 11:20:49,36,38,2950,5950
2023-03-02 11:21:02,34,38,2950,5950
2023-03-02 11:21:02,34,39,2950,5950
2023-03-02 11:21:02,36,39,2950,5950
2023-03-02 11:21:02,36,38,2950,5950
2023-03-02 11:21:25,34,38,2950,5950
2023-03-02 11:21:25,34,39,2950,5950
2023-03-02 11:21:25,35,39,2950,5950
2023-03-02 11:21:25,35,37,2950,5950
2023-03-02 11:22:06,34,37,2950,5950
2023-03-02 11:22:06,34,38,2950,5950
2023-03-02 11:22:06,35,38,2950,5950
2023-03-02 11:22:06,35,37,2950,5950
2023-03-02 11:22:37,34,37,2950,5950
2023-03-02 11:22:37,34,38,2950,5950
2023-03-02 11:22:37,34,37,2950,5950
2023-03-02 11:22:50,34,38,2950,5950
2023-03-02 11:22:50,34,37,2950,5950
2023-03-02 11:23:08,33,37,2950,5950
2023-03-02 11:23:08,34,37,2950,5950
2023-03-02 11:23:37,33,37,2950,5950
2023-03-02 11:23:37,33,38,2950,5950
2023-03-02 11:23:37,35,38,2950,5950
2023-03-02 11:23:37,35,37,2950,5950
2023-03-02 11:23:53,34,37,2950,5950
2023-03-02 11:23:53,34,38,2950,5950
2023-03-02 11:23:53,35,38,2950,5950
2023-03-02 11:23:53,35,37,2950,5950
2023-03-02 11:24:15,34,37,2950,5950
2023-03-02 11:24:15,34,38,2950,5950
2023-03-02 11:24:16,35,38,2950,5950
2023-03-02 11:24:16,35,37,2950,5950
2023-03-02 11:24:37,33,37,2950,5950
2023-03-02 11:24:37,33,38,2950,5950
2023-03-02 11:24:37,35,38,2950,5950
2023-03-02 11:24:37,35,37,2950,5950
2023-03-02 11:24:54,32,37,2950,5950
2023-03-02 11:24:54,34,37,2950,5950
2023-03-02 11:24:54,34,36,2950,5950
2023-03-02 11:25:35,32,36,2950,5950
2023-03-02 11:25:35,32,37,2950,5950
2023-03-02 11:25:35,33,37,2950,5950
2023-03-02 11:25:35,33,36,2950,5950
2023-03-02 11:25:47,33,37,2950,5950
2023-03-02 11:25:47,34,37,2950,5950
2023-03-02 11:25:47,34,36,2950,5950
2023-03-02 11:26:03,33,36,2950,5950
2023-03-02 11:26:03,33,37,2950,5950
2023-03-02 11:26:04,34,37,2950,5950
2023-03-02 11:26:04,34,36,2950,5950
2023-03-02 11:26:53,33,36,2950,5950
2023-03-02 11:26:53,33,37,2950,5950
2023-03-02 11:26:53,34,37,2950,5950
2023-03-02 11:27:48,33,37,2950,5950
2023-03-02 11:27:49,34,37,2950,5950
2023-03-02 11:27:49,34,36,2950,5950
2023-03-02 11:28:07,32,36,2950,5950
2023-03-02 11:28:07,32,37,2950,5950
2023-03-02 11:28:07,34,37,2950,5950
2023-03-02 11:28:07,34,36,2950,5950
2023-03-02 11:28:25,32,36,2950,6138
2023-03-02 11:28:30,32,35,2950,6138
2023-03-02 11:28:37,31,35,2950,6138
2023-03-02 11:28:37,32,35,2950,6138
2023-03-02 11:28:37,32,34,2950,6138
2023-03-02 11:28:59,31,34,2950,6138
2023-03-02 11:28:59,31,35,2950,6138
2023-03-02 11:28:59,31,33,2950,6138
2023-03-02 11:29:16,31,35,2950,6138
2023-03-02 11:29:16,31,32,2950,6138
2023-03-02 11:29:49,31,34,2950,6138
2023-03-02 11:29:49,31,35,2950,6138
2023-03-02 11:29:49,31,33,2950,6138
2023-03-02 11:30:09,31,35,2950,6138
2023-03-02 11:30:09,31,33,2950,6138
2023-03-02 11:31:01,31,35,2950,6138
2023-03-02 11:31:02,31,33,2950,6138
2023-03-02 11:31:16,31,35,2950,6138
2023-03-02 11:31:16,31,33,2950,6138
2023-03-02 11:31:31,31,36,2950,6138
2023-03-02 11:31:31,31,35,2950,6138
2023-03-02 11:31:32,31,33,2950,6138
2023-03-02 11:31:53,31,35,2950,6138
2023-03-02 11:31:53,31,33,2950,6138
2023-03-02 11:32:33,31,35,2950,6138
2023-03-02 11:32:33,31,33,2950,6138
2023-03-02 11:32:45,31,36,2950,6138
2023-03-02 11:32:45,31,35,2950,6138
2023-03-02 11:32:45,31,33,2950,6138
2023-03-02 11:33:29,30,33,2950,6138
2023-03-02 11:33:29,30,35,2950,6138
2023-03-02 11:33:30,30,34,2950,6138
2023-03-02 11:33:30,30,32,2950,6138
2023-03-02 11:33:44,30,34,2950,6138
2023-03-02 11:33:44,30,32,2950,6138
2023-03-02 11:34:28,30,33,2950,6138
2023-03-02 11:34:28,30,32,2950,6138
2023-03-02 11:34:50,30,33,2950,6138
2023-03-02 11:34:50,30,32,2950,6138
2023-03-02 11:35:01,32,34,3145,6333
2023-03-02 11:35:02,32,34,3291,6479
2023-03-02 11:35:15,32,33,3291,6479
2023-03-02 11:35:35,32,34,3291,6479
2023-03-02 11:35:35,32,34,3486,6674
2023-03-02 11:35:40,32,33,3486,6674
2023-03-02 11:35:48,32,33,3534,6722
2023-03-02 11:35:56,30,33,3534,6722
2023-03-02 11:36:05,31,33,3534,6722
2023-03-02 11:36:09,31,32,3534,6722
2023-03-02 11:36:30,31,33,3534,6722
2023-03-02 11:36:30,31,32,3534,6722
2023-03-02 11:36:40,32,33,3768,6956
2023-03-02 11:37:09,31,33,3768,6956
2023-03-02 11:37:24,31,32,3768,6956
2023-03-02 11:37:27,30,32,3768,6956
2023-03-02 11:37:56,31,32,3768,6956
2023-03-02 11:38:05,31,33,3768,6956
2023-03-02 11:38:08,32,33,3768,6956
2023-03-02 11:38:35,32,34,3768,6956
2023-03-02 11:39:24,32,33,3768,6956
2023-03-02 11:39:41,32,34,3768,6956
2023-03-02 11:39:58,32,35,3768,6956
2023-03-02 11:39:59,32,34,3768,6956
2023-03-02 11:40:37,32,35,3768,6956
2023-03-02 11:41:10,33,35,3768,6956
2023-03-02 11:41:36,32,35,3768,6956
2023-03-02 11:41:36,33,35,3768,6956
2023-03-02 11:41:47,32,35,3768,6956
2023-03-02 11:41:47,33,35,3768,6956
2023-03-02 11:42:07,32,35,3768,6956
2023-03-02 11:42:07,33,35,3768,6956
2023-03-02 11:42:26,32,35,3768,6956
2023-03-02 11:42:26,32,34,3768,6956
2023-03-02 11:42:49,32,35,3768,6956
2023-03-02 11:43:08,32,34,3768,6956
2023-03-02 11:43:13,32,33,3768,6956
2023-03-02 11:43:19,32,33,4101,7289
2023-03-02 11:43:48,32,34,4101,7289
2023-03-02 11:43:48,32,33,4101,7289
2023-03-02 11:44:13,32,34,4101,7289
2023-03-02 11:44:14,32,33,4101,7289
2023-03-02 11:44:27,32,33,4434,7622
2023-03-02 11:45:13,32,33,4482,7670
2023-03-02 11:45:26,32,34,4482,7670
2023-03-02 11:45:32,32,33,4482,7670
2023-03-02 11:45:50,32,35,4482,7670
2023-03-02 11:45:50,32,34,4482,7670
2023-03-02 11:46:09,32,35,4482,7670
2023-03-02 11:46:09,32,34,4482,7670
2023-03-02 11:46:09,32,33,4482,7670
2023-03-02 11:47:05,32,35,4482,7670
2023-03-02 11:47:06,32,33,4482,7670
2023-03-02 11:47:28,32,35,4482,7670
2023-03-02 11:47:28,32,34,4482,7670
2023-03-02 11:47:46,32,35,4482,7670
2023-03-02 11:47:46,32,34,4482,7670
2023-03-02 11:47:54,32,35,4482,7670
2023-03-02 11:47:54,32,34,4482,7670
2023-03-02 11:48:42,32,35,4482,7670
2023-03-02 11:48:42,32,34,4482,7670
2023-03-02 11:48:50,32,35,4482,7670
2023-03-02 11:48:51,32,33,4482,7670
2023-03-02 11:49:02,32,35,4482,7670
2023-03-02 11:49:02,32,34,4482,7670
2023-03-02 11:49:22,32,35,4482,7670
2023-03-02 11:49:22,32,34,4482,7670
2023-03-02 11:50:25,32,36,4482,7670
2023-03-02 11:50:26,32,35,4482,7670
2023-03-02 11:50:37,33,35,4482,7670
2023-03-02 11:50:42,33,36,4482,7670
2023-03-02 11:50:42,33,35,4482,7670
2023-03-02 11:50:58,33,37,4482,7670
2023-03-02 11:50:58,33,36,4482,7670
2023-03-02 11:51:38,32,36,4482,7670
2023-03-02 11:51:39,33,36,4482,7670
2023-03-02 11:51:39,33,35,4482,7670
2023-03-02 11:51:55,32,35,4482,7670
2023-03-02 11:51:55,32,36,4482,7670
2023-03-02 11:51:55,32,34,4482,7670
2023-03-02 11:52:27,32,33,4482,7670
2023-03-02 11:52:58,32,34,4482,7670
2023-03-02 11:52:59,32,33,4482,7670
2023-03-02 11:53:27,32,34,4482,7670
2023-03-02 11:53:27,32,33,4482,7670
2023-03-02 11:54:15,32,33,4593,7781
2023-03-02 11:54:26,32,33,4728,7916
2023-03-02 11:54:32,32,33,4773,7961
2023-03-02 11:54:38,30,32,4950,8138
2023-03-02 11:54:46,28,32,4950,8138
2023-03-02 11:54:46,28,33,4950,8138
2023-03-02 11:54:46,30,33,4950,8138
2023-03-02 11:54:57,28,33,4950,8138
2023-03-02 11:54:57,30,33,4950,8138
2023-03-02 11:54:57,30,32,4950,8138
2023-03-02 11:55:24,28,32,4950,8138
2023-03-02 11:55:24,28,33,4950,8138
2023-03-02 11:55:25,31,33,4950,8138
2023-03-02 11:55:46,28,33,4950,8138
2023-03-02 11:55:46,31,33,4950,8138
2023-03-02 11:56:24,31,35,4950,8138
2023-03-02 11:56:24,32,35,4950,8138
2023-03-02 11:56:24,32,34,4950,8138
2023-03-02 11:56:31,32,34,4930,8158
2023-03-02 11:56:36,31,34,4930,8158
2023-03-02 11:56:36,31,35,4930,8158
2023-03-02 11:56:36,31,34,4930,8158
2023-03-02 11:56:45,31,35,4930,8158
2023-03-02 11:56:45,32,35,4930,8158
2023-03-02 11:56:45,32,34,4930,8158
2023-03-02 11:56:48,32,34,4930,8168
2023-03-02 11:56:57,31,34,4930,8168
2023-03-02 11:56:57,31,35,4930,8168
2023-03-02 11:56:57,32,35,4930,8168
2023-03-02 11:56:57,32,34,4930,8168
2023-03-02 11:57:27,32,36,4930,8168
2023-03-02 11:57:27,32,35,4930,8168
2023-03-02 11:57:28,34,35,4930,8168
2023-03-02 11:57:46,34,36,4930,8168
2023-03-02 11:57:47,34,35,4930,8168
2023-03-02 11:58:01,34,36,4930,8168
2023-03-02 11:58:01,34,35,4930,8168
2023-03-02 11:58:26,34,36,4930,8168
2023-03-02 11:58:32,35,36,4930,8168
2023-03-02 11:58:45,35,37,4930,8168
2023-03-02 11:58:45,35,36,4930,8168
2023-03-02 11:58:51,35,38,4930,8168
2023-03-02 11:58:51,35,39,4930,8168
2023-03-02 11:58:51,35,37,4930,8168
2023-03-02 11:59:16,34,37,4930,8168
2023-03-02 11:59:27,34,39,4930,8168
2023-03-02 11:59:27,34,38,4930,8168
2023-03-02 11:59:27,34,36,4930,8168
2023-03-02 11:59:41,35,36,4930,8168
2023-03-02 11:59:45,35,39,4930,8168
2023-03-02 11:59:45,35,37,4930,8168
2023-03-02 12:00:27,35,39,4930,8168
2023-03-02 12:00:28,35,38,4930,8168
2023-03-02 12:00:31,36,38,4930,8168
2023-03-02 12:00:43,36,39,4930,8168
2023-03-02 12:00:43,36,37,4930,8168
2023-03-02 12:00:59,36,39,4930,8211
2023-03-02 12:01:17,36,41,4930,8211
2023-03-02 12:01:17,36,40,4930,8211
2023-03-02 12:01:17,36,38,4930,8211
2023-03-02 12:01:40,36,40,4930,8211
2023-03-02 12:01:40,36,38,4930,8211
2023-03-02 12:01:43,37,38,4930,8211
2023-03-02 12:01:58,37,40,4930,8211
2023-03-02 12:01:58,37,41,4930,8211
2023-03-02 12:01:58,37,39,4930,8211
2023-03-02 12:02:13,36,39,4930,8211
2023-03-02 12:02:36,36,41,4930,8211
2023-03-02 12:02:36,36,38,4930,8211
2023-03-02 12:02:44,36,40,4930,8211
2023-03-02 12:02:44,36,38,4930,8211
2023-03-02 12:03:03,36,40,4930,8211
2023-03-02 12:03:04,36,38,4930,8211
2023-03-02 12:03:27,36,40,4930,8211
2023-03-02 12:03:27,36,38,4930,8211
2023-03-02 12:03:46,36,40,4930,8211
2023-03-02 12:03:47,36,38,4930,8211
2023-03-02 12:04:28,36,41,4930,8211
2023-03-02 12:04:28,36,39,4930,8211
2023-03-02 12:04:47,37,39,4930,8211
2023-03-02 12:05:17,36,39,4930,8211
2023-03-02 12:05:22,36,41,4930,8211
2023-03-02 12:05:22,36,39,4930,8211
2023-03-02 12:05:41,36,41,4930,8211
2023-03-02 12:05:41,36,39,4930,8211
2023-03-02 12:05:57,36,41,4930,8211
2023-03-02 12:05:57,36,40,4930,8211
2023-03-02 12:05:57,36,38,4930,8211
2023-03-02 12:06:28,36,40,4930,8211
2023-03-02 12:06:28,36,38,4930,8211
2023-03-02 12:06:45,36,40,4930,8211
2023-03-02 12:06:45,36,38,4930,8211
2023-03-02 12:06:52,37,38,4930,8211
2023-03-02 12:06:54,37,40,4930,8211
2023-03-02 12:06:55,37,38,4930,8211
2023-03-02 12:07:01,36,38,4930,8211
2023-03-02 12:07:27,36,40,4930,8211
2023-03-02 12:07:27,36,41,4930,8211
2023-03-02 12:07:28,35,41,4930,8211
2023-03-02 12:07:28,35,40,4930,8211
2023-03-02 12:07:28,35,38,4930,8211
2023-03-02 12:07:57,35,40,4930,8211
2023-03-02 12:07:57,35,39,4930,8211
2023-03-02 12:07:57,35,37,4930,8211
2023-03-02 12:08:13,35,39,4930,8211
2023-03-02 12:08:13,35,37,4930,8211
2023-03-02 12:08:30,36,37,4930,8211
2023-03-02 12:08:49,36,40,4930,8211
2023-03-02 12:08:49,36,39,4930,8211
2023-03-02 12:08:49,36,37,4930,8211
2023-03-02 12:09:02,36,40,4930,8211
2023-03-02 12:09:02,36,38,4930,8211
2023-03-02 12:09:26,36,40,4930,8211
2023-03-02 12:09:26,36,38,4930,8211
2023-03-02 12:09:26,37,38,4930,8211
2023-03-02 12:09:40,37,40,4930,8211
2023-03-02 12:09:40,37,41,4930,8211
2023-03-02 12:09:40,37,38,4930,8211
2023-03-02 12:10:04,37,40,4930,8211
2023-03-02 12:10:04,37,41,4930,8211
2023-03-02 12:10:04,37,39,4930,8211
2023-03-02 12:10:15,36,39,4930,8211
2023-03-02 12:10:23,36,41,4930,8211
2023-03-02 12:10:23,36,38,4930,8211
2023-03-02 12:10:54,36,40,4930,8211
2023-03-02 12:10:54,36,41,4930,8211
2023-03-02 12:10:54,36,38,4930,8211
2023-03-02 12:11:34,36,40,4930,8211
2023-03-02 12:11:34,36,38,4930,8211
2023-03-02 12:11:51,36,40,4930,8211
2023-03-02 12:11:52,36,38,4930,8211
2023-03-02 12:12:08,35,38,4930,8211
2023-03-02 12:12:08,35,40,4930,8211
2023-03-02 12:12:08,35,38,4930,8211
2023-03-02 12:12:31,34,38,4930,8211
2023-03-02 12:12:31,34,39,4930,8211
2023-03-02 12:12:31,34,37,4930,8211
2023-03-02 12:13:21,36,37,4930,8211
2023-03-02 12:13:31,36,39,4930,8211
2023-03-02 12:13:31,36,40,4930,8211
2023-03-02 12:13:31,36,37,4930,8211
2023-03-02 12:13:43,36,40,4930,8211
2023-03-02 12:13:43,36,38,4930,8211
2023-03-02 12:13:47,37,38,4930,8211
2023-03-02 12:14:08,36,38,4930,8211
2023-03-02 12:14:08,36,40,4930,8211
2023-03-02 12:14:08,36,38,4930,8211
2023-03-02 12:14:24,37,38,4930,8211
2023-03-02 12:14:27,36,38,4930,8211
2023-03-02 12:14:41,36,40,4930,8211
2023-03-02 12:14:41,36,41,4930,8211
2023-03-02 12:14:41,36,38,4930,8211
2023-03-02 12:14:49,36,40,4930,8211
2023-03-02 12:14:49,36,38,4930,8211
2023-03-02 12:15:09,36,40,4930,8211
2023-03-02 12:15:09,36,41,4930,8211
2023-03-02 12:15:10,36,38,4930,8211
2023-03-02 12:15:30,36,40,4930,8211
2023-03-02 12:15:30,36,38,4930,8211
2023-03-02 12:15:45,36,40,4930,8211
2023-03-02 12:15:45,36,38,4930,8211
2023-03-02 12:16:10,36,40,4930,8211
2023-03-02 12:16:10,36,41,4930,8211
2023-03-02 12:16:10,36,38,4930,8211
2023-03-02 12:16:18,36,38,4934,8215
2023-03-02 12:16:23,36,40,4934,8215
2023-03-02 12:16:23,36,38,4934,8215
2023-03-02 12:16:40,36,40,4934,8215
2023-03-02 12:16:40,36,41,4934,8215
2023-03-02 12:16:40,36,39,4934,8215
2023-03-02 12:17:03,36,41,4934,8215
2023-03-02 12:17:03,36,40,4934,8215
2023-03-02 12:17:03,36,38,4934,8215
2023-03-02 12:17:28,35,38,4934,8215
2023-03-02 12:17:28,35,40,4934,8215
2023-03-02 12:17:29,35,38,4934,8215
2023-03-02 12:17:47,35,40,4934,8215
2023-03-02 12:17:47,36,40,4934,8215
2023-03-02 12:17:47,36,38,4934,8215
2023-03-02 12:18:10,36,39,4934,8215
2023-03-02 12:18:10,36,38,4934,8215
2023-03-02 12:18:37,34,38,4934,8215
2023-03-02 12:18:37,34,37,4934,8215
2023-03-02 12:19:06,33,37,4934,8215
2023-03-02 12:19:06,33,36,4934,8215
2023-03-02 12:19:31,32,36,4934,8215
2023-03-02 12:19:31,32,37,4934,8215
2023-03-02 12:19:31,33,37,4934,8215
2023-03-02 12:19:31,33,36,4934,8215
2023-03-02 12:19:43,33,37,4934,8215
2023-03-02 12:19:43,33,36,4934,8215
2023-03-02 12:20:05,33,37,4934,8215
2023-03-02 12:20:06,33,36,4934,8215
2023-03-02 12:20:27,34,36,4934,8215
2023-03-02 12:20:41,34,38,4934,8215
2023-03-02 12:20:42,34,37,4934,8215
2023-03-02 12:21:07,34,39,4934,8215
2023-03-02 12:21:08,35,39,4934,8215
2023-03-02 12:21:08,35,37,4934,8215
2023-03-02 12:21:59,34,37,4934,8215
2023-03-02 12:21:59,34,39,4934,8215
2023-03-02 12:21:59,34,37,4934,8215
2023-03-02 12:22:16,35,37,4934,8215
2023-03-02 12:22:26,34,37,4934,8215
2023-03-02 12:22:43,33,37,4934,8215
2023-03-02 12:22:43,34,37,4934,8215
2023-03-02 12:23:02,33,37,4934,8215
2023-03-02 12:23:02,34,37,4934,8215
2023-03-02 12:23:02,34,36,4934,8215
2023-03-02 12:23:34,34,37,4934,8215
2023-03-02 12:23:34,34,36,4934,8215
2023-03-02 12:23:56,34,38,4934,8215
2023-03-02 12:23:56,34,37,4934,8215
2023-03-02 12:23:58,35,37,4934,8215
2023-03-02 12:24:27,36,37,4934,8215
2023-03-02 12:24:39,36,39,4934,8215
2023-03-02 12:24:39,36,38,4934,8215
2023-03-02 12:25:33,36,39,4934,8215
2023-03-02 12:25:33,36,38,4934,8215
2023-03-02 12:25:44,36,39,4934,8215
2023-03-02 12:25:45,36,38,4934,8215
2023-03-02 12:26:18,36,40,4934,8360
2023-03-02 12:26:27,36,41,4934,8360
2023-03-02 12:26:27,37,41,4934,8360
2023-03-02 12:26:28,37,39,4934,8360
2023-03-02 12:26:35,39,41,5115,8541
2023-03-02 12:26:48,39,41,5296,8722
2023-03-02 12:27:08,39,42,5296,8722
2023-03-02 12:27:08,39,40,5296,8722
2023-03-02 12:27:23,39,42,5296,8722
2023-03-02 12:27:24,39,41,5296,8722
2023-03-02 12:27:52,39,42,5296,8722
2023-03-02 12:27:53,39,41,5296,8722
2023-03-02 12:28:37,39,43,5296,8722
2023-03-02 12:28:37,39,41,5296,8722
2023-03-02 12:28:47,39,43,5296,8722
2023-03-02 12:28:47,39,41,5296,8722
2023-03-02 12:29:34,39,42,5296,8722
2023-03-02 12:29:34,39,41,5296,8722
2023-03-02 12:29:49,39,42,5296,8722
2023-03-02 12:29:49,39,41,5296,8722
2023-03-02 12:30:01,39,42,5296,8722
2023-03-02 12:30:02,39,41,5296,8722
2023-03-02 12:30:27,39,42,5296,8722
2023-03-02 12:30:28,39,41,5296,8722
2023-03-02 12:30:46,39,42,5296,8722
2023-03-02 12:30:48,39,43,5296,8722
2023-03-02 12:31:29,40,43,5296,8722
2023-03-02 12:31:33,43,44,5486,8912
2023-03-02 12:31:41,43,45,5486,8912
2023-03-02 12:31:41,43,44,5486,8912
2023-03-02 12:31:42,43,45,5696,9122
2023-03-02 12:31:51,44,45,5696,9122
2023-03-02 12:32:05,44,48,5696,9122
2023-03-02 12:32:05,44,48,5736,9162
2023-03-02 12:32:05,44,46,5736,9162
2023-03-02 12:32:10,43,46,5736,9162
2023-03-02 12:32:20,43,47,5736,9162
2023-03-02 12:32:20,43,45,5736,9162
2023-03-02 12:32:40,43,47,5736,9162
2023-03-02 12:32:40,43,45,5736,9162
2023-03-02 12:33:09,43,47,5736,9162
2023-03-02 12:33:09,43,45,5736,9162
2023-03-02 12:33:21,43,46,5736,9162
2023-03-02 12:33:21,43,45,5736,9162
2023-03-02 12:33:39,43,46,5736,9162
2023-03-02 12:33:39,43,45,5736,9162
2023-03-02 12:33:51,42,45,5736,9162
2023-03-02 12:35:06,42,46,5736,9162
2023-03-02 12:35:07,43,46,5736,9162
2023-03-02 12:35:07,43,45,5736,9162
2023-03-02 12:35:30,42,45,5736,9162
2023-03-02 12:35:31,42,44,5736,9162
2023-03-02 12:36:01,41,44,5736,9162
2023-03-02 12:36:01,41,45,5736,9162
2023-03-02 12:36:01,42,45,5736,9162
2023-03-02 12:36:01,42,44,5736,9162
2023-03-02 12:36:27,42,46,5736,9162
2023-03-02 12:36:28,42,44,5736,9162
2023-03-02 12:36:58,42,45,5736,9162
2023-03-02 12:36:58,42,44,5736,9162
2023-03-02 12:37:15,42,44,5736,9172
2023-03-02 12:37:25,41,44,5736,9172
2023-03-02 12:37:25,41,45,5736,9172
2023-03-02 12:37:25,41,44,5736,9172
2023-03-02 12:37:59,41,45,5736,9172
2023-03-02 12:37:59,42,45,5736,9172
2023-03-02 12:37:59,42,44,5736,9172
2023-03-02 12:38:11,42,43,5736,9172
2023-03-02 12:38:20,42,44,5736,9172
2023-03-02 12:38:22,42,43,5736,9172
2023-03-02 12:38:31,40,43,5736,9172
2023-03-02 12:38:31,41,43,5736,9172
2023-03-02 12:38:35,41,44,5736,9172
2023-03-02 12:38:41,41,43,5736,9172
2023-03-02 12:38:45,41,43,5696,9212
2023-03-02 12:38:59,40,43,5696,9212
2023-03-02 12:38:59,41,43,5696,9212
2023-03-02 12:39:18,40,43,5696,9212
2023-03-02 12:39:36,41,43,5696,9212
2023-03-02 12:39:49,40,43,5696,9212
2023-03-02 12:39:49,41,43,5696,9212
2023-03-02 12:39:58,41,44,5696,9212
2023-03-02 12:40:04,41,43,5696,9212
2023-03-02 12:40:24,41,42,5696,9212
2023-03-02 12:40:32,39,42,5696,9212
2023-03-02 12:40:33,41,42,5696,9212
2023-03-02 12:40:56,39,42,5696,9212
2023-03-02 12:40:56,40,42,5696,9212
2023-03-02 12:41:24,39,42,5696,9212
2023-03-02 12:41:24,40,42,5696,9212
2023-03-02 12:41:50,40,41,5696,9212
2023-03-02 12:41:54,39,41,5696,9212
2023-03-02 12:41:54,40,41,5696,9212
2023-03-02 12:42:14,39,41,5696,9212
2023-03-02 12:42:14,40,41,5696,9212
2023-03-02 12:42:43,39,41,5696,9212
2023-03-02 12:42:52,39,42,5696,9212
2023-03-02 12:42:52,39,40,5696,9212
2023-03-02 12:44:20,39,41,5696,9212
2023-03-02 12:44:32,39,42,5696,9212
2023-03-02 12:44:48,40,42,5696,9212
2023-03-02 12:45:16,39,42,5696,9212
2023-03-02 12:45:16,41,42,5696,9212
2023-03-02 12:45:28,39,41,5641,9267
2023-03-02 12:45:35,39,41,5530,9378
2023-03-02 12:45:42,39,40,5530,9378
2023-03-02 12:45:49,39,40,5311,9597
2023-03-02 12:46:04,40,42,5296,9612
2023-03-02 12:46:15,39,42,5296,9612
2023-03-02 12:46:15,40,42,5296,9612
2023-03-02 12:46:33,39,42,5296,9612
2023-03-02 12:46:33,39,41,5296,9612
2023-03-02 12:46:50,39,42,5296,9612
2023-03-02 12:46:51,39,41,5296,9612
2023-03-02 12:47:06,39,42,5296,9612
2023-03-02 12:47:06,39,41,5296,9612
2023-03-02 12:47:28,39,42,5296,9612
2023-03-02 12:48:09,40,42,5296,9612
2023-03-02 12:48:37,39,42,5296,9612
2023-03-02 12:48:37,40,42,5296,9612
2023-03-02 12:48:53,39,42,5296,9612
2023-03-02 12:49:26,39,41,5296,9612
2023-03-02 12:49:40,39,42,5296,9612
2023-03-02 12:49:40,39,41,5296,9612
2023-03-02 12:49:58,39,42,5296,9612
2023-03-02 12:49:58,39,41,5296,9612
2023-03-02 12:50:45,39,42,5296,9612
2023-03-02 12:51:07,39,43,5296,9612
2023-03-02 12:51:33,40,43,5296,9612
2023-03-02 12:51:59,39,43,5296,9612
2023-03-02 12:51:59,40,43,5296,9612
2023-03-02 12:52:36,39,43,5296,9612
2023-03-02 12:52:37,40,43,5296,9612
2023-03-02 12:52:43,40,44,5296,9612
2023-03-02 12:52:49,41,44,5296,9612
2023-03-02 12:53:07,40,44,5296,9612
2023-03-02 12:53:08,41,44,5296,9612
2023-03-02 12:53:34,44,45,5511,9827
2023-03-02 12:53:43,41,44,5696,10012
2023-03-02 12:53:54,41,45,5696,10012
2023-03-02 12:53:54,42,45,5696,10012
2023-03-02 12:54:29,41,45,5696,10012
2023-03-02 12:54:29,43,45,5696,10012
2023-03-02 12:55:18,43,44,5696,10012
2023-03-02 12:55:25,41,43,5642,10066
2023-03-02 12:55:28,42,43,5642,10066
2023-03-02 12:55:37,41,43,5642,10066
2023-03-02 12:55:37,42,43,5642,10066
2023-03-02 12:55:44,42,44,5642,10066
2023-03-02 12:55:45,43,44,5642,10066
2023-03-02 12:55:53,43,45,5642,10066
2023-03-02 12:56:09,43,45,5696,10120
2023-03-02 12:56:10,42,45,5696,10120
2023-03-02 12:56:13,42,46,5696,10120
2023-03-02 12:56:13,43,46,5696,10120
2023-03-02 12:56:13,43,45,5696,10120
2023-03-02 12:56:35,43,47,5696,10120
2023-03-02 12:56:35,43,45,5696,10120
2023-03-02 12:56:59,43,47,5696,10120
2023-03-02 12:56:59,44,47,5696,10120
2023-03-02 12:56:59,44,46,5696,10120
2023-03-02 12:57:16,43,46,5696,10120
2023-03-02 12:57:16,43,47,5696,10120
2023-03-02 12:57:16,44,47,5696,10120
2023-03-02 12:57:16,44,46,5696,10120
2023-03-02 12:57:33,43,46,5696,10120
2023-03-02 12:57:33,43,47,5696,10120
2023-03-02 12:57:33,44,47,5696,10120
2023-03-02 12:57:43,43,47,5696,10120
2023-03-02 12:57:43,44,47,5696,10120
2023-03-02 12:57:43,44,46,5696,10120
2023-03-02 12:58:12,42,46,5696,10120
2023-03-02 12:58:12,42,47,5696,10120
2023-03-02 12:58:12,43,47,5696,10120
2023-03-02 12:58:12,43,46,5696,10120
2023-03-02 12:58:37,42,46,5696,10120
2023-03-02 12:58:37,42,47,5696,10120
2023-03-02 12:58:37,44,47,5696,10120
2023-03-02 12:58:37,44,46,5696,10120
2023-03-02 12:59:06,42,46,5696,10120
2023-03-02 12:59:06,42,47,5696,10120
2023-03-02 12:59:06,44,47,5696,10120
2023-03-02 12:59:07,44,46,5696,10120
2023-03-02 12:59:27,43,46,5696,10120
2023-03-02 12:59:27,43,47,5696,10120
2023-03-02 12:59:27,44,47,5696,10120
2023-03-02 13:00:35,44,46,5696,10120
2023-03-02 13:00:35,42,46,5696,10120
2023-03-02 13:00:36,44,46,5696,10120
2023-03-02 13:00:55,42,46,5696,10120
2023-03-02 13:00:55,43,46,5696,10120
2023-03-02 13:01:07,43,47,5696,10120
2023-03-02 13:01:07,44,47,5696,10120
2023-03-02 13:01:07,44,46,5696,10120
2023-03-02 13:01:36,43,46,5696,10120
2023-03-02 13:01:36,43,47,5696,10120
2023-03-02 13:01:36,44,47,5696,10120
2023-03-02 13:01:54,45,47,5696,10120
2023-03-02 13:01:57,45,49,5696,10120
2023-03-02 13:01:57,45,47,5696,10120
2023-03-02 13:02:09,45,49,5696,10120
2023-03-02 13:02:10,45,47,5696,10120
2023-03-02 13:02:38,45,49,5696,10120
2023-03-02 13:02:38,45,48,5696,10120
2023-03-02 13:02:56,45,49,5696,10120
2023-03-02 13:02:56,45,47,5696,10120
2023-03-02 13:03:09,44,47,5696,10120
2023-03-02 13:03:09,44,49,5696,10120
2023-03-02 13:03:09,45,49,5696,10120
2023-03-02 13:03:09,45,47,5696,10120
2023-03-02 13:03:29,44,47,5696,10120
2023-03-02 13:03:29,44,49,5696,10120
2023-03-02 13:03:29,45,49,5696,10120
2023-03-02 13:03:29,45,47,5696,10120
2023-03-02 13:03:49,45,49,5696,10120
2023-03-02 13:03:50,45,47,5696,10120
2023-03-02 13:04:10,44,47,5696,10120
2023-03-02 13:04:10,44,49,5696,10120
2023-03-02 13:04:10,44,47,5696,10120
2023-03-02 13:04:41,44,50,5696,10120
2023-03-02 13:04:41,45,50,5696,10120
2023-03-02 13:04:41,45,49,5696,10120
2023-03-02 13:04:41,45,47,5696,10120
2023-03-02 13:05:19,45,46,5696,10120
2023-03-02 13:05:27,43,46,5696,10120
2023-03-02 13:05:28,42,46,5696,10120
2023-03-02 13:05:28,44,46,5696,10120
2023-03-02 13:05:47,42,46,5696,10120
2023-03-02 13:05:47,44,46,5696,10120
2023-03-02 13:06:05,42,46,5696,10120
2023-03-02 13:06:05,42,47,5696,10120
2023-03-02 13:06:05,44,47,5696,10120
2023-03-02 13:06:05,44,46,5696,10120
2023-03-02 13:06:29,43,46,5696,10120
2023-03-02 13:06:29,43,47,5696,10120
2023-03-02 13:06:29,44,47,5696,10120
2023-03-02 13:06:46,43,47,5696,10120
2023-03-02 13:06:46,44,47,5696,10120
2023-03-02 13:06:55,44,46,5696,10120
2023-03-02 13:06:58,42,46,5696,10120
2023-03-02 13:06:58,44,46,5696,10120
2023-03-02 13:07:26,44,45,5696,10120
2023-03-02 13:07:27,42,45,5696,10120
2023-03-02 13:07:27,41,45,5696,10120
2023-03-02 13:07:27,43,45,5696,10120
2023-03-02 13:07:52,43,46,5696,10120
2023-03-02 13:07:52,43,45,5696,10120
2023-03-02 13:08:00,43,46,5696,10120
2023-03-02 13:08:00,43,45,5696,10120
2023-03-02 13:08:29,40,45,5696,10120
2023-03-02 13:08:30,42,45,5696,10120
2023-03-02 13:08:43,41,45,5696,10120
2023-03-02 13:08:43,41,46,5696,10120
2023-03-02 13:08:43,43,46,5696,10120
2023-03-02 13:08:57,41,46,5696,10120
2023-03-02 13:08:57,42,46,5696,10120
2023-03-02 13:08:57,44,46,5696,10120
2023-03-02 13:09:25,42,46,5696,10120
2023-03-02 13:09:25,42,47,5696,10120
2023-03-02 13:09:25,44,47,5696,10120
2023-03-02 13:09:31,42,47,5696,10120
2023-03-02 13:09:31,44,47,5696,10120
2023-03-02 13:09:46,42,47,5696,10120
2023-03-02 13:09:46,44,47,5696,10120
2023-03-02 13:09:46,44,46,5696,10120
2023-03-02 13:10:01,42,46,5696,10120
2023-03-02 13:10:01,44,46,5696,10120
2023-03-02 13:10:07,44,47,5696,10120
2023-03-02 13:10:32,42,47,5696,10120
2023-03-02 13:10:32,43,47,5696,10120
2023-03-02 13:10:32,45,47,5696,10120
2023-03-02 13:11:10,43,47,5696,10120
2023-03-02 13:11:10,44,47,5696,10120
2023-03-02 13:11:37,43,47,5696,10120
2023-03-02 13:11:37,45,47,5696,10120
2023-03-02 13:12:30,43,47,5696,10120
2023-03-02 13:12:30,44,47,5696,10120
2023-03-02 13:13:10,43,47,5696,10120
2023-03-02 13:13:10,45,47,5696,10120
2023-03-02 13:14:23,43,47,5696,10120
2023-03-02 13:14:23,42,47,5696,10120
2023-03-02 13:14:23,44,47,5696,10120
2023-03-02 13:14:37,42,47,5696,10120
2023-03-02 13:14:37,44,47,5696,10120
2023-03-02 13:14:37,44,46,5696,10120
2023-03-02 13:14:47,42,46,5696,10120
2023-03-02 13:14:47,42,47,5696,10120
2023-03-02 13:14:47,44,47,5696,10120
2023-03-02 13:14:47,44,46,5696,10120
2023-03-02 13:14:58,42,46,5696,10120
2023-03-02 13:14:58,42,47,5696,10120
2023-03-02 13:14:58,44,47,5696,10120
2023-03-02 13:15:57,42,47,5696,10120
2023-03-02 13:15:57,44,47,5696,10120
2023-03-02 13:15:57,44,46,5696,10120
2023-03-02 13:16:16,44,45,5696,10120
2023-03-02 13:16:18,44,46,5696,10120
2023-03-02 13:16:27,42,46,5696,10120
2023-03-02 13:16:27,44,46,5696,10120
2023-03-02 13:16:38,42,46,5696,10120
2023-03-02 13:16:38,44,46,5696,10120
2023-03-02 13:16:42,44,45,5696,10120
2023-03-02 13:16:43,42,44,5592,10224
2023-03-02 13:16:47,43,44,5592,10224
2023-03-02 13:16:59,41,44,5592,10224
2023-03-02 13:16:59,40,44,5592,10224
2023-03-02 13:16:59,42,44,5592,10224
2023-03-02 13:16:59,42,44,5540,10276
2023-03-02 13:17:01,42,43,5540,10276
2023-03-02 13:17:05,40,43,5540,10276
2023-03-02 13:17:05,41,43,5540,10276
2023-03-02 13:17:05,43,44,5296,10520
2023-03-02 13:17:12,41,44,5296,10520
2023-03-02 13:17:12,40,44,5296,10520
2023-03-02 13:17:12,42,44,5296,10520
2023-03-02 13:17:27,40,44,5296,10520
2023-03-02 13:17:28,42,44,5296,10520
2023-03-02 13:17:35,40,44,5296,10520
2023-03-02 13:17:35,42,44,5296,10520
2023-03-02 13:18:15,43,44,5296,10520
2023-03-02 13:18:22,43,46,5296,10520
2023-03-02 13:18:57,43,45,5296,10520
2023-03-02 13:19:04,45,46,5342,10566
2023-03-02 13:19:04,45,47,5342,10566
2023-03-02 13:19:09,45,46,5342,10566
2023-03-02 13:19:25,45,47,5342,10566
2023-03-02 13:19:26,45,46,5342,10566
2023-03-02 13:19:45,45,47,5342,10566
2023-03-02 13:19:45,45,46,5342,10566
2023-03-02 13:20:25,45,47,5342,10566
2023-03-02 13:20:46,45,46,5342,10566
2023-03-02 13:21:25,45,48,5342,10566
2023-03-02 13:21:25,45,47,5342,10566
2023-03-02 13:21:38,47,48,5390,10614
2023-03-02 13:21:54,47,48,5437,10661
2023-03-02 13:22:07,45,48,5437,10661
2023-03-02 13:22:08,46,48,5437,10661
2023-03-02 13:22:09,45,48,5437,10661
2023-03-02 13:22:22,46,48,5437,10661
2023-03-02 13:22:24,46,47,5437,10661
2023-03-02 13:22:31,46,47,5650,10874
2023-03-02 13:22:40,46,48,5650,10874
2023-03-02 13:22:55,46,47,5650,10874
2023-03-02 13:23:29,46,48,5650,10874
2023-03-02 13:24:25,44,48,5650,10874
2023-03-02 13:24:25,46,48,5650,10874
2023-03-02 13:24:32,46,47,5650,10874
2023-03-02 13:24:40,44,47,5650,10874
2023-03-02 13:24:40,45,47,5650,10874
2023-03-02 13:24:50,45,46,5650,10874
2023-03-02 13:24:55,43,46,5650,10874
2023-03-02 13:24:55,44,46,5650,10874
2023-03-02 13:25:02,44,47,5650,10874
2023-03-02 13:25:06,44,45,5650,10874
2023-03-02 13:25:21,42,45,5650,10874
2023-03-02 13:25:21,44,45,5650,10874
2023-03-02 13:25:40,44,46,5650,10874
2023-03-02 13:25:42,44,47,5650,10874
2023-03-02 13:25:53,44,45,5650,10874
2023-03-02 13:25:55,42,45,5650,10874
2023-03-02 13:25:55,42,45,5601,10923
2023-03-02 13:25:55,43,45,5601,10923
2023-03-02 13:25:57,43,44,5601,10923
2023-03-02 13:26:01,43,44,5353,11171
2023-03-02 13:26:07,41,44,5353,11171
2023-03-02 13:26:07,43,44,5353,11171
2023-03-02 13:26:25,41,44,5353,11171
2023-03-02 13:26:25,42,44,5353,11171
2023-03-02 13:26:25,42,44,5307,11217
2023-03-02 13:26:33,43,44,5307,11217
2023-03-02 13:26:42,42,44,5307,11217
2023-03-02 13:26:42,43,44,5307,11217
2023-03-02 13:26:54,43,45,5307,11217
2023-03-02 13:27:08,44,45,5307,11217
2023-03-02 13:27:26,44,48,5307,11217
2023-03-02 13:27:26,44,47,5307,11217
2023-03-02 13:27:33,46,47,5307,11217
2023-03-02 13:27:44,46,48,5307,11217
2023-03-02 13:27:44,46,47,5307,11217
2023-03-02 13:27:56,45,47,5307,11217
2023-03-02 13:28:08,45,46,5307,11217
2023-03-02 13:28:13,45,47,5307,11217
2023-03-02 13:28:24,45,46,5307,11217
2023-03-02 13:28:26,43,46,5307,11217
2023-03-02 13:28:26,44,46,5307,11217
2023-03-02 13:28:27,44,45,5307,11217
2023-03-02 13:28:37,44,46,5307,11217
2023-03-02 13:28:38,44,45,5307,11217
2023-03-02 13:28:39,43,45,5307,11217
2023-03-02 13:28:40,43,46,5307,11217
2023-03-02 13:28:45,44,46,5307,11217
2023-03-02 13:28:57,44,47,5307,11217
2023-03-02 13:28:57,44,46,5307,11217
2023-03-02 13:29:21,44,47,5307,11217
2023-03-02 13:29:21,44,46,5307,11217
2023-03-02 13:29:32,44,45,5307,11217
2023-03-02 13:29:40,42,45,5307,11217
2023-03-02 13:29:41,44,45,5307,11217
2023-03-02 13:29:56,42,45,5307,11217
2023-03-02 13:29:57,43,45,5307,11217
2023-03-02 13:30:45,42,45,5307,11217
2023-03-02 13:30:45,43,45,5307,11217
2023-03-02 13:31:23,43,46,5307,11217
2023-03-02 13:31:25,42,46,5307,11217
2023-03-02 13:31:25,44,46,5307,11217
2023-03-02 13:31:27,45,46,5307,11217
2023-03-02 13:31:48,45,47,5307,11217
2023-03-02 13:32:59,44,47,5307,11217
2023-03-02 13:32:59,44,45,5307,11217
2023-03-02 13:33:26,44,47,5307,11217
2023-03-02 13:33:26,45,47,5307,11217
2023-03-02 13:33:32,45,46,5307,11217
2023-03-02 13:33:56,45,47,5307,11217
2023-03-02 13:34:07,45,48,5307,11217
2023-03-02 13:34:07,45,47,5307,11217
2023-03-02 13:34:18,47,48,5444,11354
2023-03-02 13:35:04,49,50,5688,11598
2023-03-02 13:35:05,49,50,6088,11998
2023-03-02 13:35:05,49,50,6096,12006
2023-03-02 13:35:10,50,52,6096,12142
2023-03-02 13:35:17,46,52,6096,12142
2023-03-02 13:35:19,44,52,6096,12142
2023-03-02 13:35:19,41,52,6096,12142
2023-03-02 13:35:19,43,52,6096,12142
2023-03-02 13:35:19,47,52,6096,12142
2023-03-02 13:35:19,47,50,6096,12142
2023-03-02 13:35:21,47,50,6192,12259
2023-03-02 13:35:28,45,50,6192,12259
2023-03-02 13:35:28,41,50,6192,12259
2023-03-02 13:35:28,41,52,6192,12259
2023-03-02 13:35:28,41,55,6192,12259
2023-03-02 13:35:28,50,55,6192,12259
2023-03-02 13:35:28,50,54,6192,12259
2023-03-02 13:35:28,50,53,6192,12259
2023-03-02 13:35:29,50,52,6192,12259
2023-03-02 13:35:29,50,53,6192,12259
2023-03-02 13:35:46,49,53,6192,12259
2023-03-02 13:35:46,49,54,6192,12259
2023-03-02 13:35:46,52,54,6192,12259
2023-03-02 13:35:50,52,55,6192,12259
2023-03-02 13:36:06,52,57,6192,12259
2023-03-02 13:36:06,54,57,6192,12259
2023-03-02 13:36:06,54,56,6192,12259
2023-03-02 13:36:14,52,56,6192,12259
2023-03-02 13:36:14,52,58,6192,12259
2023-03-02 13:36:14,52,60,6192,12259
2023-03-02 13:36:15,54,60,6192,12259
2023-03-02 13:36:15,54,57,6192,12259
2023-03-02 13:36:38,52,57,6192,12259
2023-03-02 13:36:38,52,60,6192,12259
2023-03-02 13:36:38,56,60,6192,12259
2023-03-02 13:36:38,56,59,6192,12259
2023-03-02 13:36:52,56,58,6192,12259
2023-03-02 13:37:08,55,58,6192,12259
2023-03-02 13:37:08,53,58,6192,12259
2023-03-02 13:37:08,56,58,6192,12259
2023-03-02 13:37:16,56,57,6192,12259
2023-03-02 13:37:27,56,58,6192,12259
2023-03-02 13:37:35,54,58,6192,12259
2023-03-02 13:37:35,52,58,6192,12259
2023-03-02 13:37:36,56,58,6192,12259
2023-03-02 13:37:43,56,57,6192,12259
2023-03-02 13:37:49,54,57,6192,12259
2023-03-02 13:37:49,52,57,6192,12259
2023-03-02 13:38:21,49,57,6192,12259
2023-03-02 13:38:39,50,57,6192,12259
2023-03-02 13:38:39,50,55,6192,12259
2023-03-02 13:39:10,50,54,6192,12259
2023-03-02 13:40:00,50,55,6192,12259
2023-03-02 13:41:01,51,55,6192,12259
2023-03-02 13:41:06,52,55,6192,12259
2023-03-02 13:42:12,52,53,6192,12259
2023-03-02 13:43:25,52,54,6192,12259
2023-03-02 13:44:15,49,54,6192,12259
2023-03-02 13:44:24,48,54,6192,12259
2023-03-02 13:44:27,48,53,6192,12259
2023-03-02 13:44:56,49,53,6192,12259
2023-03-02 13:45:07,48,53,6192,12259
2023-03-02 13:45:40,46,53,6192,12259
2023-03-02 13:46:02,48,53,6192,12259
2023-03-02 13:46:53,49,53,6192,12259
2023-03-02 13:47:02,49,54,6192,12259
2023-03-02 13:47:03,49,52,6192,12259
2023-03-02 13:47:50,50,52,6192,12259
2023-03-02 13:48:27,50,52,6151,12300
2023-03-02 13:48:27,51,52,6151,12300
2023-03-02 13:48:33,50,52,6151,12300
2023-03-02 13:48:33,50,52,5943,12508
2023-03-02 13:48:34,50,55,5943,12508
2023-03-02 13:48:38,53,55,5943,12508
2023-03-02 13:48:48,53,54,5943,12508
2023-03-02 13:48:51,49,54,5943,12508
2023-03-02 13:48:51,50,54,5943,12508
2023-03-02 13:48:51,52,54,5943,12508
2023-03-02 13:48:56,49,54,5943,12508
2023-03-02 13:48:56,52,54,5943,12508
2023-03-02 13:49:24,52,55,5943,12508
2023-03-02 13:49:28,49,55,5943,12508
2023-03-02 13:49:28,51,55,5943,12508
2023-03-02 13:49:28,51,54,5943,12508
2023-03-02 13:49:44,49,54,5943,12508
2023-03-02 13:49:44,49,55,5943,12508
2023-03-02 13:49:44,52,55,5943,12508
2023-03-02 13:49:44,52,54,5943,12508
2023-03-02 13:49:51,50,54,5943,12508
2023-03-02 13:49:51,50,55,5943,12508
2023-03-02 13:49:51,52,55,5943,12508
2023-03-02 13:50:28,51,55,5943,12508
2023-03-02 13:50:28,51,56,5943,12508
2023-03-02 13:50:29,52,56,5943,12508
2023-03-02 13:50:29,52,55,5943,12508
2023-03-02 13:50:43,51,55,5943,12508
2023-03-02 13:50:43,51,56,5943,12508
2023-03-02 13:50:43,53,56,5943,12508
2023-03-02 13:50:43,53,55,5943,12508
2023-03-02 13:51:25,51,55,5943,12508
2023-03-02 13:51:25,51,56,5943,12508
2023-03-02 13:51:25,53,56,5943,12508
2023-03-02 13:51:25,53,55,5943,12508
2023-03-02 13:52:25,51,55,5943,12508
2023-03-02 13:52:25,51,57,5943,12508
2023-03-02 13:52:25,53,57,5943,12508
2023-03-02 13:52:25,53,55,5943,12508
2023-03-02 13:52:39,51,55,5943,12508
2023-03-02 13:52:39,51,57,5943,12508
2023-03-02 13:52:39,52,57,5943,12508
2023-03-02 13:52:39,54,57,5943,12508
2023-03-02 13:52:39,54,56,5943,12508
2023-03-02 13:53:25,53,56,5943,12508
2023-03-02 13:53:25,53,57,5943,12508
2023-03-02 13:53:26,54,57,5943,12508
2023-03-02 13:53:26,54,56,5943,12508
2023-03-02 13:53:32,53,56,5943,12508
2023-03-02 13:53:32,53,57,5943,12508
2023-03-02 13:53:33,54,57,5943,12508
2023-03-02 13:53:33,54,56,5943,12508
2023-03-02 13:53:41,53,56,5943,12508
2023-03-02 13:53:41,53,57,5943,12508
2023-03-02 13:53:41,54,57,5943,12508
2023-03-02 13:53:41,54,56,5943,12508
2023-03-02 13:53:56,53,56,5943,12508
2023-03-02 13:53:56,53,57,5943,12508
2023-03-02 13:53:56,54,57,5943,12508
2023-03-02 13:53:56,54,56,5943,12508
2023-03-02 13:55:24,53,56,5943,12508
2023-03-02 13:55:24,54,56,5943,12508
2023-03-02 13:55:44,54,57,5943,12508
2023-03-02 13:56:32,54,56,5943,12508
2023-03-02 13:56:35,52,56,5943,12508
2023-03-02 13:56:36,54,56,5943,12508
2023-03-02 13:56:56,52,56,5943,12508
2023-03-02 13:56:57,54,56,5943,12508
2023-03-02 13:57:10,52,56,5943,12508
2023-03-02 13:57:10,54,56,5943,12508
2023-03-02 13:57:24,52,56,5943,12508
2023-03-02 13:57:24,54,56,5943,12508
2023-03-02 13:57:29,52,56,5943,12508
2023-03-02 13:57:30,54,56,5943,12508
2023-03-02 13:57:43,52,56,5943,12508
2023-03-02 13:57:43,53,56,5943,12508
2023-03-02 13:58:15,51,56,5943,12508
2023-03-02 13:58:16,53,56,5943,12508
2023-03-02 13:58:16,53,55,5943,12508
2023-03-02 13:58:21,51,55,5943,12508
2023-03-02 13:58:21,52,55,5943,12508
2023-03-02 13:58:43,52,54,5943,12508
2023-03-02 13:58:48,50,54,5943,12508
2023-03-02 13:58:48,49,54,5943,12508
2023-03-02 13:58:48,51,54,5943,12508
2023-03-02 13:58:48,51,53,5943,12508
2023-03-02 13:59:29,48,53,5943,12508
2023-03-02 13:59:30,49,53,5943,12508
2023-03-02 13:59:30,49,51,5943,12508
2023-03-02 13:59:49,48,51,5943,12508
2023-03-02 13:59:49,48,53,5943,12508
2023-03-02 13:59:49,49,53,5943,12508
2023-03-02 13:59:49,49,51,5943,12508
2023-03-02 13:59:57,48,51,5943,12508
2023-03-02 13:59:57,48,53,5943,12508
2023-03-02 13:59:57,49,53,5943,12508
2023-03-02 13:59:57,49,51,5943,12508
2023-03-02 14:00:09,47,49,5866,12585
2023-03-02 14:00:12,47,49,5751,12700
2023-03-02 14:00:18,47,49,5543,12908
2023-03-02 14:00:19,47,50,5543,12908
2023-03-02 14:00:20,47,51,5543,12908
2023-03-02 14:00:20,47,50,5543,12908
2023-03-02 14:00:21,45,50,5543,12908
2023-03-02 14:00:21,45,51,5543,12908
2023-03-02 14:00:21,45,52,5543,12908
2023-03-02 14:00:21,46,52,5543,12908
2023-03-02 14:00:21,48,52,5543,12908
2023-03-02 14:00:21,48,51,5543,12908
2023-03-02 14:00:21,48,50,5543,12908
2023-03-02 14:00:28,46,50,5543,13023
2023-03-02 14:00:39,44,50,5543,13023
2023-03-02 14:00:39,46,50,5543,13023
2023-03-02 14:00:39,46,48,5543,13023
2023-03-02 14:00:43,46,47,5543,13023
2023-03-02 14:00:50,44,47,5543,13101
2023-03-02 14:01:01,42,47,5543,13101
2023-03-02 14:01:02,42,44,5543,13101
2023-03-02 14:01:02,41,44,5543,13101
2023-03-02 14:01:05,42,44,5543,13101
2023-03-02 14:01:08,43,44,5543,13101
2023-03-02 14:01:10,43,46,5543,13101
2023-03-02 14:01:10,43,44,5543,13101
2023-03-02 14:01:15,42,44,5543,13101
2023-03-02 14:01:26,40,44,5543,13101
2023-03-02 14:01:26,40,46,5543,13101
2023-03-02 14:01:26,40,44,5543,13101
2023-03-02 14:01:26,40,41,5543,13101
2023-03-02 14:01:26,39,41,5543,13101
2023-03-02 14:01:37,39,40,5543,13101
2023-03-02 14:01:47,39,41,5543,13101
2023-03-02 14:01:47,37,41,5543,13101
2023-03-02 14:01:48,37,43,5543,13101
2023-03-02 14:01:48,37,39,5543,13101
2023-03-02 14:01:48,38,39,5543,13101
2023-03-02 14:01:58,39,41,5543,13133
2023-03-02 14:02:01,39,44,5543,13133
2023-03-02 14:02:01,39,43,5543,13133
2023-03-02 14:02:01,39,40,5543,13133
2023-03-02 14:02:03,38,40,5543,13133
2023-03-02 14:02:07,39,40,5543,13133
2023-03-02 14:02:08,39,42,5543,13133
2023-03-02 14:02:08,39,40,5543,13133
2023-03-02 14:02:19,38,40,5543,13133
2023-03-02 14:02:37,39,40,5543,13133
2023-03-02 14:02:47,39,42,5543,13133
2023-03-02 14:02:48,39,40,5543,13133
2023-03-02 14:02:53,38,40,5543,13133
2023-03-02 14:02:56,37,40,5543,13133
2023-03-02 14:02:58,37,42,5543,13133
2023-03-02 14:02:58,37,40,5543,13133
2023-03-02 14:03:09,36,40,5543,13133
2023-03-02 14:03:09,38,40,5543,13133
2023-03-02 14:03:19,36,40,5543,13133
2023-03-02 14:03:19,37,40,5543,13133
2023-03-02 14:03:19,37,39,5543,13133
2023-03-02 14:03:30,37,41,5543,13133
2023-03-02 14:03:30,37,38,5543,13133
2023-03-02 14:03:31,38,40,5543,13166
2023-03-02 14:03:42,37,40,5543,13166
2023-03-02 14:03:46,36,40,5543,13166
2023-03-02 14:03:50,36,41,5543,13166
2023-03-02 14:03:55,36,39,5543,13166
2023-03-02 14:03:55,35,39,5543,13166
2023-03-02 14:04:13,35,39,5563,13186
2023-03-02 14:04:16,36,39,5563,13186
2023-03-02 14:04:19,37,39,5563,13186
2023-03-02 14:04:19,37,41,5563,13186
2023-03-02 14:04:24,37,40,5563,13186
2023-03-02 14:04:42,37,41,5563,13186
2023-03-02 14:04:42,38,41,5563,13186
2023-03-02 14:04:58,39,41,5563,13186
2023-03-02 14:04:59,39,42,5563,13186
2023-03-02 14:05:00,39,43,5563,13186
2023-03-02 14:05:06,40,43,5563,13186
2023-03-02 14:05:22,41,43,5563,13186
2023-03-02 14:06:41,40,43,5563,13186
2023-03-02 14:06:50,39,43,5563,13186
2023-03-02 14:06:56,39,41,5563,13186
2023-03-02 14:07:02,39,43,5563,13186
2023-03-02 14:07:20,39,41,5563,13186
2023-03-02 14:07:21,38,40,5563,13186
2023-03-02 14:07:23,38,41,5563,13186
2023-03-02 14:07:24,38,43,5563,13186
2023-03-02 14:07:33,39,43,5563,13186
2023-03-02 14:07:34,40,43,5563,13186
2023-03-02 14:07:46,41,43,5563,13186
2023-03-02 14:07:55,41,44,5563,13186
2023-03-02 14:07:55,42,44,5563,13186
2023-03-02 14:08:03,43,44,5563,13186
2023-03-02 14:08:06,43,45,5563,13186
2023-03-02 14:08:12,43,44,5563,13186
2023-03-02 14:08:25,42,44,5563,13186
2023-03-02 14:08:32,42,45,5563,13186
2023-03-02 14:08:36,42,46,5563,13186
2023-03-02 14:08:36,43,46,5563,13186
2023-03-02 14:08:36,43,45,5563,13186
2023-03-02 14:08:55,43,46,5563,13186
2023-03-02 14:08:55,43,45,5563,13186
2023-03-02 14:09:04,43,46,5563,13186
2023-03-02 14:09:08,43,45,5563,13186
2023-03-02 14:09:13,44,45,5563,13186
2023-03-02 14:09:23,43,45,5563,13186
2023-03-02 14:09:41,42,45,5563,13186
2023-03-02 14:09:41,42,44,5563,13186
2023-03-02 14:09:47,42,43,5563,13186
2023-03-02 14:09:57,43,44,5563,13206
2023-03-02 14:10:06,42,44,5563,13206
2023-03-02 14:10:06,43,44,5563,13206
2023-03-02 14:10:17,43,44,5543,13226
2023-03-02 14:10:22,42,44,5543,13226
2023-03-02 14:10:22,43,44,5543,13226
2023-03-02 14:10:29,42,44,5543,13226
2023-03-02 14:10:41,42,43,5543,13226
2023-03-02 14:11:32,42,44,5543,13226
2023-03-02 14:11:42,43,44,5543,13226
2023-03-02 14:11:53,42,44,5543,13226
2023-03-02 14:11:53,42,44,5479,13290
2023-03-02 14:12:00,43,44,5479,13290
2023-03-02 14:12:06,42,44,5479,13290
2023-03-02 14:12:13,42,43,5479,13290
2023-03-02 14:12:27,42,44,5479,13290
2023-03-02 14:12:29,42,45,5479,13290
2023-03-02 14:12:44,43,45,5479,13290
2023-03-02 14:13:17,43,46,5479,13290
2023-03-02 14:13:21,44,46,5479,13290
2023-03-02 14:13:27,45,46,5479,13290
2023-03-02 14:13:30,45,47,5479,13290
2023-03-02 14:13:46,45,49,5479,13290
2023-03-02 14:13:46,46,49,5479,13290
2023-03-02 14:13:46,46,48,5479,13290
2023-03-02 14:13:58,46,49,5479,13290
2023-03-02 14:14:14,47,49,5479,13290
2023-03-02 14:14:54,48,49,5479,13290
2023-03-02 14:15:03,47,49,5479,13290
2023-03-02 14:15:21,48,49,5479,13290
2023-03-02 14:15:27,48,50,5479,13290
2023-03-02 14:15:32,49,50,5479,13290
2023-03-02 14:15:43,49,52,5479,13290
2023-03-02 14:15:43,49,51,5479,13290
2023-03-02 14:15:44,50,51,5479,13290
2023-03-02 14:16:57,50,52,5479,13290
2023-03-02 14:16:57,51,52,5479,13290
2023-03-02 14:17:29,51,52,5543,13354
2023-03-02 14:17:32,50,52,5543,13354
2023-03-02 14:17:42,50,51,5543,13354
2023-03-02 14:17:56,50,52,5543,13354
2023-03-02 14:17:56,50,51,5543,13354
2023-03-02 14:17:56,51,52,5575,13386
2023-03-02 14:18:27,51,53,5575,13386
2023-03-02 14:18:28,51,52,5575,13386
2023-03-02 14:18:35,50,52,5575,13386
2023-03-02 14:18:36,50,51,5575,13386
2023-03-02 14:18:42,50,52,5575,13386
2023-03-02 14:18:43,49,52,5575,13386
2023-03-02 14:18:43,49,51,5575,13386
2023-03-02 14:18:52,48,51,5575,13386
2023-03-02 14:18:52,48,50,5575,13386
2023-03-02 14:18:59,48,51,5575,13386
2023-03-02 14:18:59,48,50,5575,13386
2023-03-02 14:19:01,48,49,5575,13386
2023-03-02 14:19:15,46,49,5604,13596
2023-03-02 14:19:25,46,48,5604,13596
2023-03-02 14:20:11,46,48,5572,13628
2023-03-02 14:20:20,46,49,5572,13628
2023-03-02 14:20:20,46,48,5572,13628
2023-03-02 14:20:27,46,49,5572,13628
2023-03-02 14:20:27,46,48,5572,13628
2023-03-02 14:20:39,46,49,5572,13628
2023-03-02 14:20:57,46,48,5572,13628
2023-03-02 14:21:23,46,47,5572,13628
2023-03-02 14:21:25,45,47,5572,13628
2023-03-02 14:21:44,45,48,5572,13628
2023-03-02 14:21:44,45,46,5572,13628
2023-03-02 14:21:46,46,48,5601,13657
2023-03-02 14:21:50,46,49,5601,13657
2023-03-02 14:21:51,46,47,5601,13657
2023-03-02 14:21:58,46,49,5601,13657
2023-03-02 14:21:58,46,48,5601,13657
2023-03-02 14:22:10,48,50,5688,13744
2023-03-02 14:22:16,48,49,5688,13744
2023-03-02 14:22:20,46,49,5688,13744
2023-03-02 14:22:23,47,49,5688,13744
2023-03-02 14:22:41,46,49,5688,13744
2023-03-02 14:22:41,46,50,5688,13744
2023-03-02 14:22:41,47,50,5688,13744
2023-03-02 14:22:55,46,50,5688,13744
2023-03-02 14:22:55,47,50,5688,13744
2023-03-02 14:22:55,47,49,5688,13744
2023-03-02 14:22:56,48,49,5688,13744
2023-03-02 14:23:25,47,49,5688,13744
2023-03-02 14:23:38,46,49,5688,13744
2023-03-02 14:23:38,47,49,5688,13744
2023-03-02 14:23:41,48,49,5688,13744
2023-03-02 14:23:58,48,51,5688,13744
2023-03-02 14:23:58,48,50,5688,13744
2023-03-02 14:24:24,48,49,5688,13744
2023-03-02 14:24:32,47,49,5857,13913
2023-03-02 14:24:42,45,49,5857,13913
2023-03-02 14:24:42,46,49,5857,13913
2023-03-02 14:24:51,46,48,5857,13913
2023-03-02 14:24:57,45,48,5857,13913
2023-03-02 14:24:58,46,48,5857,13913
2023-03-02 14:24:59,46,47,5857,13913
2023-03-02 14:25:08,45,46,5857,13942
2023-03-02 14:25:11,45,47,5857,13942
2023-03-02 14:25:11,44,47,5857,13942
2023-03-02 14:25:14,43,47,5857,13942
2023-03-02 14:25:14,45,47,5857,13942
2023-03-02 14:25:22,45,48,5857,13942
2023-03-02 14:25:24,43,48,5857,13942
2023-03-02 14:25:24,43,49,5857,13942
2023-03-02 14:25:24,44,49,5857,13942
2023-03-02 14:25:24,46,49,5857,13942
2023-03-02 14:25:24,46,48,5857,13942
2023-03-02 14:25:41,44,48,5857,13942
2023-03-02 14:25:41,46,48,5857,13942
2023-03-02 14:25:47,46,47,5857,13942
2023-03-02 14:25:53,46,48,5857,13942
2023-03-02 14:25:56,43,48,5857,13942
2023-03-02 14:25:57,45,48,5857,13942
2023-03-02 14:25:57,45,47,5857,13942
2023-03-02 14:25:59,45,46,5857,13942
2023-03-02 14:26:16,43,45,5801,13998
2023-03-02 14:26:19,43,46,5801,13998
2023-03-02 14:26:21,44,46,5801,13998
2023-03-02 14:26:22,44,45,5801,13998
2023-03-02 14:26:28,43,45,5801,13998
2023-03-02 14:26:28,44,45,5801,13998
2023-03-02 14:26:30,43,44,5774,14025
2023-03-02 14:26:50,42,43,5747,14052
2023-03-02 14:27:01,41,42,5633,14176
2023-03-02 14:27:14,41,42,5612,14217
2023-03-02 14:27:16,40,42,5490,14342
2023-03-02 14:27:22,40,41,5490,14342
2023-03-02 14:27:50,39,41,5490,14342
2023-03-02 14:28:07,39,40,5490,14342
2023-03-02 14:28:15,38,39,5413,14436
2023-03-02 14:28:16,37,38,5413,14476
2023-03-02 14:28:17,37,39,5413,14476
2023-03-02 14:28:17,37,38,5413,14476
2023-03-02 14:28:17,35,36,5155,14734
2023-03-02 14:28:21,37,38,5147,14742
2023-03-02 14:28:25,37,39,5147,14742
2023-03-02 14:28:25,35,36,5147,14759
2023-03-02 14:28:28,33,36,5147,14759
2023-03-02 14:28:28,35,36,5147,14759
2023-03-02 14:28:34,35,37,5147,14759
2023-03-02 14:28:42,35,36,5147,14759
2023-03-02 14:28:42,34,36,5147,14759
2023-03-02 14:28:42,34,35,5147,14759
2023-03-02 14:28:42,34,35,5147,14776
2023-03-02 14:28:55,34,36,5147,14776
2023-03-02 14:29:00,33,34,5157,14786
2023-03-02 14:29:08,33,36,5157,14786
2023-03-02 14:29:21,33,35,5157,14786
2023-03-02 14:29:42,33,36,5157,14786
2023-03-02 14:29:42,33,34,5157,14786
2023-03-02 14:29:55,33,35,5157,14786
2023-03-02 14:29:55,32,33,5167,14796
2023-03-02 14:29:56,32,33,5301,14930
2023-03-02 14:30:04,31,32,5347,14976
2023-03-02 14:30:18,29,32,5347,14976
2023-03-02 14:30:18,31,32,5347,14976
2023-03-02 14:30:23,29,32,5347,14976
2023-03-02 14:30:24,30,32,5347,14976
2023-03-02 14:30:31,30,31,5347,14976
2023-03-02 14:30:31,30,32,5347,14976
2023-03-02 14:30:57,30,31,5347,14976
2023-03-02 14:31:56,29,30,5357,14986
2023-03-02 14:32:01,29,31,5357,14986
2023-03-02 14:32:01,29,30,5357,14986
2023-03-02 14:32:42,29,31,5357,14986
2023-03-02 14:32:42,29,30,5357,14986
2023-03-02 14:32:57,29,31,5357,14986
2023-03-02 14:33:43,29,33,5357,14986
2023-03-02 14:33:43,29,31,5357,14986
2023-03-02 14:33:55,31,33,5357,15013
2023-03-02 14:33:55,31,32,5357,15013
2023-03-02 14:34:01,32,34,5357,15039
2023-03-02 14:34:02,32,35,5357,15039
2023-03-02 14:34:02,32,33,5357,15039
2023-03-02 14:34:07,30,33,5357,15039
2023-03-02 14:34:07,30,35,5357,15039
2023-03-02 14:34:07,30,33,5357,15039
2023-03-02 14:34:10,31,33,5357,15039
2023-03-02 14:34:14,33,35,5357,15173
2023-03-02 14:34:19,31,35,5357,15173
2023-03-02 14:34:20,32,36,5357,15173
2023-03-02 14:34:21,32,35,5357,15173
2023-03-02 14:34:25,33,35,5357,15173
2023-03-02 14:34:33,33,36,5357,15173
2023-03-02 14:34:33,33,35,5357,15173
2023-03-02 14:34:41,33,36,5357,15173
2023-03-02 14:34:46,33,36,5368,15184
2023-03-02 14:34:56,34,36,5368,15184
2023-03-02 14:35:02,34,36,5390,15206
2023-03-02 14:35:06,35,36,5390,15206
2023-03-02 14:35:08,37,38,5414,15230
2023-03-02 14:35:14,37,40,5414,15230
2023-03-02 14:35:14,37,39,5414,15230
2023-03-02 14:35:14,37,39,5563,15379
2023-03-02 14:35:19,37,40,5563,15379
2023-03-02 14:35:19,37,38,5563,15379
2023-03-02 14:35:23,38,40,5563,15503
2023-03-02 14:35:26,38,41,5563,15503
2023-03-02 14:35:26,38,40,5563,15503
2023-03-02 14:35:27,39,40,5563,15503
2023-03-02 14:35:32,39,43,5563,15503
2023-03-02 14:35:32,39,40,5563,15503
2023-03-02 14:35:34,40,43,5563,15526
2023-03-02 14:35:36,41,43,5563,15526
2023-03-02 14:35:37,41,43,5680,15643
2023-03-02 14:35:40,41,44,5680,15643
2023-03-02 14:35:56,42,44,5680,15643
2023-03-02 14:36:01,43,44,5680,15643
2023-03-02 14:36:21,44,46,5680,15721
2023-03-02 14:36:27,45,46,5680,15721
2023-03-02 14:36:31,44,46,5680,15721
2023-03-02 14:36:36,43,46,5680,15721
2023-03-02 14:36:36,43,47,5680,15721
2023-03-02 14:36:36,44,47,5680,15721
2023-03-02 14:36:39,45,47,5680,15721
2023-03-02 14:36:41,44,47,5680,15721
2023-03-02 14:36:46,45,47,5680,15721
2023-03-02 14:36:50,45,48,5680,15721
2023-03-02 14:36:50,45,47,5680,15721
2023-03-02 14:36:57,45,48,5680,15721
2023-03-02 14:36:57,45,47,5680,15721
2023-03-02 14:37:26,45,48,5680,15721
2023-03-02 14:37:37,45,49,5680,15721
2023-03-02 14:37:37,45,48,5680,15721
2023-03-02 14:37:45,45,49,5680,15721
2023-03-02 14:37:45,45,48,5680,15721
2023-03-02 14:37:57,45,49,5680,15721
2023-03-02 14:37:57,45,47,5680,15721
2023-03-02 14:38:08,45,46,5680,15721
2023-03-02 14:38:12,43,45,5654,15747
2023-03-02 14:38:15,41,45,5654,15747
2023-03-02 14:38:15,44,45,5654,15747
2023-03-02 14:38:19,41,45,5654,15747
2023-03-02 14:38:20,42,45,5654,15747
2023-03-02 14:38:20,42,44,5654,15747
2023-03-02 14:38:40,41,44,5654,15747
2023-03-02 14:38:40,41,45,5654,15747
2023-03-02 14:38:40,42,45,5654,15747
2023-03-02 14:38:40,42,44,5654,15747
2023-03-02 14:38:51,42,43,5654,15747
2023-03-02 14:38:56,40,43,5654,15747
2023-03-02 14:38:56,39,43,5654,15747
2023-03-02 14:38:56,41,43,5654,15747
2023-03-02 14:39:18,41,44,5654,15747
2023-03-02 14:39:22,41,45,5654,15747
2023-03-02 14:39:22,41,46,5654,15747
2023-03-02 14:39:22,43,46,5654,15747
2023-03-02 14:39:22,43,44,5654,15747
2023-03-02 14:39:25,42,44,5654,15747
2023-03-02 14:39:31,42,45,5654,15747
2023-03-02 14:39:31,42,44,5654,15747
2023-03-02 14:39:45,41,44,5654,15747
2023-03-02 14:39:45,41,46,5654,15747
2023-03-02 14:39:45,41,45,5654,15747
2023-03-02 14:39:45,41,44,5654,15747
2023-03-02 14:39:55,41,45,5654,15747
2023-03-02 14:39:55,41,44,5654,15747
2023-03-02 14:40:28,39,44,5654,15747
2023-03-02 14:40:29,41,44,5654,15747
2023-03-02 14:40:36,41,43,5654,15747
2023-03-02 14:40:40,39,43,5654,15747
2023-03-02 14:40:41,41,43,5654,15747
2023-03-02 14:40:56,39,43,5654,15747
2023-03-02 14:40:56,41,43,5654,15747
2023-03-02 14:40:57,41,44,5654,15747
2023-03-02 14:41:27,41,45,5654,15747
2023-03-02 14:41:27,41,46,5654,15747
2023-03-02 14:41:27,42,46,5654,15747
2023-03-02 14:41:27,42,44,5654,15747
2023-03-02 14:41:41,41,44,5654,15747
2023-03-02 14:41:41,41,45,5654,15747
2023-03-02 14:41:41,42,45,5654,15747
2023-03-02 14:41:41,42,44,5654,15747
2023-03-02 14:42:05,42,44,5654,15757
2023-03-02 14:42:08,41,44,5654,15757
2023-03-02 14:42:08,42,44,5654,15757
2023-03-02 14:42:14,42,43,5654,15757
2023-03-02 14:42:18,40,42,5630,15781
2023-03-02 14:42:23,39,42,5630,15781
2023-03-02 14:42:23,40,42,5630,15781
2023-03-02 14:42:24,40,41,5630,15781
2023-03-02 14:42:25,40,43,5630,15781
2023-03-02 14:42:25,38,40,5535,15876
2023-03-02 14:42:29,39,40,5535,15876
2023-03-02 14:42:40,38,40,5535,15876
2023-03-02 14:42:46,38,39,5535,15876
2023-03-02 14:42:58,38,40,5535,15876
2023-03-02 14:43:03,38,39,5535,15876
2023-03-02 14:43:05,38,40,5535,15876
2023-03-02 14:43:21,38,42,5535,15991
2023-03-02 14:43:22,40,42,5535,15991
2023-03-02 14:43:22,40,43,5535,15991
2023-03-02 14:43:26,40,44,5535,15991
2023-03-02 14:43:26,40,41,5535,15991
2023-03-02 14:43:28,39,41,5535,15991
2023-03-02 14:43:29,40,41,5535,15991
2023-03-02 14:43:44,40,43,5535,15991
2023-03-02 14:43:44,41,43,5535,15991
2023-03-02 14:43:57,39,43,5535,15991
2023-03-02 14:43:57,40,43,5535,15991
2023-03-02 14:44:33,40,42,5535,15991
2023-03-02 14:44:40,38,42,5535,15991
2023-03-02 14:44:40,39,42,5535,15991
2023-03-02 14:44:48,40,42,5535,15991
2023-03-02 14:44:48,40,43,5535,15991
2023-03-02 14:44:55,40,44,5535,15991
2023-03-02 14:44:56,41,44,5535,15991
2023-03-02 14:45:22,40,44,5535,15991
2023-03-02 14:45:22,41,44,5535,15991
2023-03-02 14:45:33,42,44,5535,15991
2023-03-02 14:45:41,41,44,5535,15991
2023-03-02 14:45:41,44,46,5626,16082
2023-03-02 14:45:41,44,45,5626,16082
2023-03-02 14:45:48,42,45,5626,16082
2023-03-02 14:45:48,42,46,5626,16082
2023-03-02 14:45:48,43,46,5626,16082
2023-03-02 14:45:55,42,46,5626,16082
2023-03-02 14:45:55,43,46,5626,16082
2023-03-02 14:45:55,43,45,5626,16082
2023-03-02 14:46:04,43,44,5626,16082
2023-03-02 14:46:19,42,44,5626,16082
2023-03-02 14:46:19,43,44,5626,16082
2023-03-02 14:46:26,42,44,5626,16082
2023-03-02 14:46:26,41,44,5626,16082
2023-03-02 14:46:31,41,43,5626,16082
2023-03-02 14:46:35,41,42,5626,16082
2023-03-02 14:46:42,39,42,5626,16082
2023-03-02 14:46:42,40,42,5626,16082
2023-03-02 14:46:56,39,42,5626,16082
2023-03-02 14:46:56,40,42,5626,16082
2023-03-02 14:47:04,40,41,5626,16082
2023-03-02 14:47:16,40,42,5626,16082
2023-03-02 14:47:25,39,42,5626,16082
2023-03-02 14:47:25,40,42,5626,16082
2023-03-02 14:47:33,40,41,5626,16082
2023-03-02 14:47:41,38,41,5626,16082
2023-03-02 14:47:41,39,41,5626,16082
2023-03-02 14:47:52,38,41,5626,16082
2023-03-02 14:47:52,39,41,5626,16082
2023-03-02 14:48:17,39,42,5626,16082
2023-03-02 14:48:24,40,42,5626,16082
2023-03-02 14:48:25,40,43,5626,16082
2023-03-02 14:48:38,39,43,5626,16082
2023-03-02 14:48:38,40,43,5626,16082
2023-03-02 14:48:38,42,43,5626,16082
2023-03-02 14:48:41,40,42,5604,16104
2023-03-02 14:48:43,40,41,5604,16104
2023-03-02 14:48:46,38,41,5604,16104
2023-03-02 14:48:46,38,41,5494,16214
2023-03-02 14:48:46,39,41,5494,16214
2023-03-02 14:48:51,38,41,5494,16214
2023-03-02 14:48:51,40,41,5494,16214
2023-03-02 14:48:56,38,41,5494,16214
2023-03-02 14:48:56,39,41,5494,16214
2023-03-02 14:49:27,38,41,5494,16214
2023-03-02 14:49:27,39,41,5494,16214
2023-03-02 14:49:41,38,41,5494,16214
2023-03-02 14:49:41,40,41,5494,16214
2023-03-02 14:49:55,38,41,5494,16214
2023-03-02 14:49:56,39,41,5494,16214
2023-03-02 14:50:04,38,41,5494,16214
2023-03-02 14:50:15,38,41,5494,16224
2023-03-02 14:50:20,39,41,5494,16224
2023-03-02 14:50:22,38,41,5494,16224
2023-03-02 14:50:27,38,42,5494,16224
2023-03-02 14:50:27,39,42,5494,16224
2023-03-02 14:50:42,38,42,5494,16224
2023-03-02 14:50:42,39,42,5494,16224
2023-03-02 14:50:42,39,41,5494,16224
2023-03-02 14:50:57,38,41,5494,16224
2023-03-02 14:50:57,38,42,5494,16224
2023-03-02 14:50:57,38,41,5494,16224
2023-03-02 14:51:04,39,41,5494,16224
2023-03-02 14:51:05,38,41,5494,16224
2023-03-02 14:51:10,39,41,5494,16224
2023-03-02 14:51:13,40,41,5494,16224
2023-03-02 14:51:25,39,41,5494,16224
2023-03-02 14:51:25,39,43,5494,16224
2023-03-02 14:51:25,41,43,5494,16224
2023-03-02 14:51:32,39,43,5494,16224
2023-03-02 14:51:32,41,43,5494,16224
2023-03-02 14:51:37,40,43,5494,16224
2023-03-02 14:51:37,41,43,5494,16224
2023-03-02 14:51:45,41,44,5494,16224
2023-03-02 14:51:52,40,44,5494,16224
2023-03-02 14:51:52,41,44,5494,16224
2023-03-02 14:52:21,41,43,5494,16224
2023-03-02 14:52:26,39,43,5494,16224
2023-03-02 14:52:26,41,43,5494,16224
2023-03-02 14:52:26,41,42,5494,16224
2023-03-02 14:52:29,39,41,5407,16311
2023-03-02 14:52:32,39,41,5386,16332
2023-03-02 14:52:37,38,41,5386,16332
2023-03-02 14:52:37,40,41,5386,16332
2023-03-02 14:52:44,38,41,5386,16332
2023-03-02 14:52:44,39,41,5386,16332
2023-03-02 14:52:55,38,41,5386,16332
2023-03-02 14:52:55,39,41,5386,16332
2023-03-02 14:53:04,40,41,5386,16332
2023-03-02 14:53:05,39,41,5386,16332
2023-03-02 14:53:10,40,41,5386,16332
2023-03-02 14:53:20,41,44,5426,16372
2023-03-02 14:53:40,42,44,5426,16372
2023-03-02 14:53:47,43,44,5426,16372
2023-03-02 14:53:54,42,44,5426,16372
2023-03-02 14:53:56,42,45,5426,16372
2023-03-02 14:53:56,43,45,5426,16372
2023-03-02 14:54:03,43,44,5426,16372
2023-03-02 14:54:04,43,45,5426,16372
2023-03-02 14:54:14,43,44,5426,16372
2023-03-02 14:54:19,43,45,5426,16372
2023-03-02 14:54:21,41,45,5426,16372
2023-03-02 14:54:21,41,44,5426,16372
2023-03-02 14:54:31,42,44,5426,16372
2023-03-02 14:54:40,43,44,5426,16372
2023-03-02 14:54:41,43,45,5426,16372
2023-03-02 14:54:45,44,45,5426,16372
2023-03-02 14:55:12,44,46,5426,16372
2023-03-02 14:55:24,43,46,5426,16372
2023-03-02 14:55:41,42,46,5426,16372
2023-03-02 14:55:42,43,46,5426,16372
2023-03-02 14:55:42,43,45,5426,16372
2023-03-02 14:55:47,42,45,5426,16372
2023-03-02 14:55:47,43,45,5426,16372
2023-03-02 14:55:49,43,44,5426,16372
2023-03-02 14:55:57,42,44,5426,16372
2023-03-02 14:56:05,42,43,5426,16372
2023-03-02 14:56:06,42,44,5426,16372
2023-03-02 14:56:25,42,46,5426,16372
2023-03-02 14:56:25,42,44,5426,16372
2023-03-02 14:56:40,43,44,5426,16372
2023-03-02 14:56:41,43,46,5426,16372
2023-03-02 14:56:41,43,45,5426,16372
2023-03-02 14:56:47,43,46,5426,16372
2023-03-02 14:56:47,43,45,5426,16372
2023-03-02 14:57:11,43,44,5426,16372
2023-03-02 14:57:26,41,44,5426,16372
2023-03-02 14:57:26,42,44,5426,16372
2023-03-02 14:57:41,41,44,5426,16372
2023-03-02 14:57:42,42,44,5426,16372
2023-03-02 14:57:43,41,44,5426,16372
2023-03-02 14:57:48,42,44,5426,16372
2023-03-02 14:57:51,41,44,5426,16372
2023-03-02 14:57:55,42,44,5426,16372
2023-03-02 14:58:03,42,43,5426,16372
2023-03-02 14:58:27,41,43,5426,16372
2023-03-02 14:58:49,41,44,5426,16372
2023-03-02 14:58:53,42,44,5426,16372
2023-03-02 14:58:55,41,44,5426,16372
2023-03-02 14:59:00,41,42,5426,16372
2023-03-02 14:59:08,41,42,5380,16418
2023-03-02 14:59:08,39,41,5380,16469
2023-03-02 14:59:11,38,39,5380,16664
2023-03-02 14:59:13,38,39,5380,16782
2023-03-02 14:59:24,36,38,5390,16792
2023-03-02 14:59:28,35,36,5390,16855
2023-03-02 14:59:37,35,37,5390,16855
2023-03-02 14:59:37,35,36,5390,16855
2023-03-02 14:59:57,36,37,5390,16933
2023-03-02 14:59:57,35,37,5104,17461
2023-03-02 15:00:00,35,38,5104,17461
2023-03-02 15:00:03,35,39,5104,17461
2023-03-02 15:00:03,36,39,5104,17461
2023-03-02 15:00:04,36,37,5104,17461
2023-03-02 15:00:04,38,39,5104,17539
2023-03-02 15:00:09,36,38,5104,17617
2023-03-02 15:00:16,35,38,5104,17617
2023-03-02 15:00:17,35,37,5104,17617
2023-03-02 15:00:18,34,37,5104,17617
2023-03-02 15:00:18,36,37,5104,17617
2023-03-02 15:00:18,34,36,5042,17679
2023-03-02 15:00:24,34,35,5042,17679
2023-03-02 15:00:24,33,35,4886,17846
2023-03-02 15:00:27,34,35,4886,17846
2023-03-02 15:00:33,33,35,4886,17846
2023-03-02 15:00:42,35,36,4886,17941
2023-03-02 15:00:45,35,36,4886,17998
2023-03-02 15:00:48,35,37,4695,18189
2023-03-02 15:00:51,35,38,4695,18189
2023-03-02 15:00:51,35,37,4695,18189
2023-03-02 15:00:52,34,37,4695,18189
2023-03-02 15:00:53,34,36,4695,18189
2023-03-02 15:00:56,33,34,4695,18265
2023-03-02 15:00:56,33,36,4695,18265
2023-03-02 15:01:15,33,35,4695,18265
2023-03-02 15:01:15,33,34,4695,18265
2023-03-02 15:01:15,29,31,4725,18559
2023-03-02 15:01:15,28,31,4725,18559
2023-03-02 15:01:20,28,31,4725,18596
2023-03-02 15:01:20,28,30,4725,18596
2023-03-02 15:01:20,28,29,4725,18596
2023-03-02 15:01:27,26,29,4725,18596
2023-03-02 15:01:27,28,29,4725,18596
2023-03-02 15:01:27,28,30,4725,18596
2023-03-02 15:01:31,28,31,4725,18596
2023-03-02 15:01:41,27,31,4725,18596
2023-03-02 15:01:41,27,29,4725,18596
2023-03-02 15:01:58,26,29,4725,18596
2023-03-02 15:01:58,26,28,4725,18596
2023-03-02 15:02:15,28,30,4725,18687
2023-03-02 15:02:17,29,30,4725,18687
2023-03-02 15:02:18,29,33,4725,18687
2023-03-02 15:02:18,29,31,4725,18687
2023-03-02 15:02:18,29,31,4725,18778
2023-03-02 15:02:21,29,31,4725,18909
2023-03-02 15:02:22,30,31,4725,18909
2023-03-02 15:02:24,31,33,4725,18930
2023-03-02 15:02:25,31,32,4725,18930
2023-03-02 15:02:25,31,32,4725,18999
2023-03-02 15:02:28,31,32,4725,19101
2023-03-02 15:02:30,32,34,4725,19172
2023-03-02 15:02:32,32,34,4725,19241
2023-03-02 15:02:36,31,35,4898,19414
2023-03-02 15:02:36,32,35,4898,19414
2023-03-02 15:02:37,31,35,4898,19414
2023-03-02 15:02:38,31,34,4898,19414
2023-03-02 15:02:38,32,34,4898,19414
2023-03-02 15:02:40,34,35,4898,19500
2023-03-02 15:02:43,34,36,4898,19500
2023-03-02 15:02:43,35,36,4898,19500
2023-03-02 15:02:43,37,38,4898,19673
2023-03-02 15:02:45,37,40,5070,19845
2023-03-02 15:02:46,37,40,5070,19879
2023-03-02 15:02:46,37,39,5070,19879
2023-03-02 15:02:51,37,40,5070,19879
2023-03-02 15:02:51,37,38,5070,19879
2023-03-02 15:02:52,37,38,5070,19912
2023-03-02 15:02:54,38,40,5070,19943
2023-03-02 15:02:57,38,42,5070,19943
2023-03-02 15:02:57,38,41,5070,19943
2023-03-02 15:02:57,38,42,5070,19943
2023-03-02 15:02:57,38,39,5070,19943
2023-03-02 15:02:57,39,41,5070,20039
2023-03-02 15:03:02,37,41,5070,20039
2023-03-02 15:03:03,40,42,5070,20039
2023-03-02 15:03:03,40,42,5150,20119
2023-03-02 15:03:03,43,44,5488,20457
2023-03-02 15:03:04,40,44,5488,20457
2023-03-02 15:03:05,41,44,5488,20457
2023-03-02 15:03:08,43,44,5488,20457
2023-03-02 15:03:12,41,44,5488,20457
2023-03-02 15:03:15,44,47,5470,20475
2023-03-02 15:03:15,44,46,5470,20475
2023-03-02 15:03:23,44,45,5470,20475
2023-03-02 15:03:24,42,44,5456,20489
2023-03-02 15:03:26,42,46,5456,20489
2023-03-02 15:03:27,40,43,5456,20489
2023-03-02 15:03:28,40,43,5428,20517
2023-03-02 15:03:28,41,43,5428,20517
2023-03-02 15:03:28,41,43,5286,20659
2023-03-02 15:03:32,41,46,5286,20659
2023-03-02 15:03:38,42,45,5286,20659
2023-03-02 15:03:38,44,45,5286,20659
2023-03-02 15:03:44,42,44,5216,20729
2023-03-02 15:03:45,42,44,5160,20785
2023-03-02 15:03:45,42,43,5160,20785
2023-03-02 15:03:46,42,45,5160,20785
2023-03-02 15:03:46,42,43,5160,20785
2023-03-02 15:03:52,40,43,5160,20785
2023-03-02 15:03:52,42,43,5160,20785
2023-03-02 15:03:57,40,42,5090,20855
2023-03-02 15:03:57,39,42,5090,20855
2023-03-02 15:03:58,41,42,5090,20855
2023-03-02 15:03:58,41,43,5070,20897
2023-03-02 15:04:02,41,42,5070,20897
2023-03-02 15:04:05,40,42,5070,20897
2023-03-02 15:04:06,40,42,5070,20911
2023-03-02 15:04:16,41,42,5070,20911
2023-03-02 15:04:17,41,43,5070,20911
2023-03-02 15:04:23,41,44,5070,20911
2023-03-02 15:04:29,42,44,5070,20911
2023-03-02 15:04:29,42,45,5070,20911
2023-03-02 15:04:29,42,44,5070,20911
2023-03-02 15:04:31,43,44,5070,20911
2023-03-02 15:04:35,43,45,5070,20911
2023-03-02 15:04:35,43,46,5070,20911
2023-03-02 15:04:35,43,44,5070,20911
2023-03-02 15:04:35,43,44,5070,20928
2023-03-02 15:04:42,43,46,5070,20928
2023-03-02 15:04:42,43,45,5070,20928
2023-03-02 15:04:52,44,45,5070,20928
2023-03-02 15:04:53,43,45,5070,20928
2023-03-02 15:04:54,44,45,5070,20928
2023-03-02 15:04:56,44,47,5070,20928
2023-03-02 15:04:56,44,45,5070,20928
2023-03-02 15:05:01,44,45,5070,20933
2023-03-02 15:05:05,43,45,5070,20933
2023-03-02 15:05:08,42,45,5070,20933
2023-03-02 15:05:36,40,45,5070,20933
2023-03-02 15:05:36,42,45,5070,20933
2023-03-02 15:05:36,42,44,5070,20933
2023-03-02 15:05:40,43,44,5070,20933
2023-03-02 15:05:41,43,46,5070,20985
2023-03-02 15:05:48,43,48,5070,20985
2023-03-02 15:05:49,43,47,5070,20985
2023-03-02 15:05:49,43,45,5070,20985
2023-03-02 15:05:56,43,47,5070,20985
2023-03-02 15:05:56,43,49,5070,20985
2023-03-02 15:05:56,45,49,5070,20985
2023-03-02 15:05:56,45,47,5070,20985
2023-03-02 15:06:08,46,47,5070,20985
2023-03-02 15:06:23,46,51,5070,20985
2023-03-02 15:06:23,47,51,5070,20985
2023-03-02 15:06:23,47,49,5070,20985
2023-03-02 15:06:28,46,49,5070,20985
2023-03-02 15:06:28,46,51,5070,20985
2023-03-02 15:06:28,47,51,5070,20985
2023-03-02 15:06:28,47,49,5070,20985
2023-03-02 15:06:34,48,49,5070,20985
2023-03-02 15:06:34,49,51,5116,21031
2023-03-02 15:06:39,49,53,5116,21031
2023-03-02 15:06:39,49,52,5116,21031
2023-03-02 15:06:39,49,50,5116,21031
2023-03-02 15:06:50,49,52,5116,21031
2023-03-02 15:06:50,49,50,5116,21031
2023-03-02 15:06:56,47,49,5120,21035
2023-03-02 15:07:06,48,49,5120,21035
2023-03-02 15:07:14,47,49,5120,21035
2023-03-02 15:07:27,46,49,5120,21035
2023-03-02 15:07:27,46,50,5120,21035
2023-03-02 15:07:27,47,50,5120,21035
2023-03-02 15:07:27,47,49,5120,21035
2023-03-02 15:07:42,45,49,5120,21035
2023-03-02 15:07:42,45,50,5120,21035
2023-03-02 15:07:42,47,50,5120,21035
2023-03-02 15:07:42,47,49,5120,21035
2023-03-02 15:07:44,47,48,5120,21035
2023-03-02 15:07:50,45,48,5120,21035
2023-03-02 15:07:50,47,48,5120,21035
2023-03-02 15:07:54,45,46,5120,21051
2023-03-02 15:07:56,42,46,5120,21051
2023-03-02 15:07:56,44,46,5120,21051
2023-03-02 15:08:03,42,46,5120,21051
2023-03-02 15:08:04,44,46,5120,21051
2023-03-02 15:08:16,44,45,5120,21051
2023-03-02 15:08:16,42,45,5120,21051
2023-03-02 15:08:17,43,45,5120,21051
2023-03-02 15:08:24,43,44,5120,21051
