datetime,bid,ask,open_interest,volume
2023-03-02 09:31:04,22,31,1089,2778
2023-03-02 09:34:45,19,28,1089,2778
2023-03-02 09:34:46,19,28,1089,2778
2023-03-02 09:34:46,21,28,1089,2778
2023-03-02 09:34:51,19,28,1089,2778
2023-03-02 09:35:26,19,28,1089,2778
2023-03-02 09:35:26,21,28,1089,2778
2023-03-02 09:35:28,19,28,1089,2778
2023-03-02 09:35:28,19,26,1089,2778
2023-03-02 09:35:29,21,26,1089,2778
2023-03-02 09:35:29,21,28,1089,2778
2023-03-02 09:37:20,19,28,1089,2778
2023-03-02 09:37:20,23,28,1089,2778
2023-03-02 09:37:30,23,27,1089,2778
2023-03-02 09:37:30,23,25,1089,2778
2023-03-02 09:37:30,23,25,1089,2821
2023-03-02 09:37:46,23,30,1089,2821
2023-03-02 09:37:46,23,28,1089,2821
2023-03-02 09:37:46,23,26,1089,2821
2023-03-02 09:37:56,23,28,1089,2821
2023-03-02 09:37:57,23,25,1089,2821
2023-03-02 09:38:21,23,28,1089,2821
2023-03-02 09:38:21,23,26,1089,2821
2023-03-02 09:38:46,23,28,1089,2821
2023-03-02 09:38:46,23,30,1089,2821
2023-03-02 09:38:46,23,26,1089,2821
2023-03-02 09:38:54,23,28,1089,2821
2023-03-02 09:38:54,23,30,1089,2821
2023-03-02 09:38:54,23,26,1089,2821
2023-03-02 09:39:10,23,30,1089,2821
2023-03-02 09:39:10,23,25,1089,2821
2023-03-02 09:39:27,23,30,1089,2821
2023-03-02 09:39:28,24,30,1089,2821
2023-03-02 09:39:28,24,28,1089,2821
2023-03-02 09:39:28,24,26,1089,2821
2023-03-02 09:39:48,23,26,1089,2821
2023-03-02 09:39:48,23,27,1089,2821
2023-03-02 09:39:49,23,25,1089,2821
2023-03-02 09:39:56,23,28,1089,2821
2023-03-02 09:39:56,23,27,1089,2821
2023-03-02 09:39:56,23,25,1089,2821
2023-03-02 09:40:12,21,25,1089,2821
2023-03-02 09:40:12,21,27,1089,2821
2023-03-02 09:40:12,22,27,1089,2821
2023-03-02 09:40:12,22,25,1089,2821
2023-03-02 09:40:20,22,24,1089,2821
2023-03-02 09:40:28,21,24,1089,2821
2023-03-02 09:40:28,21,28,1089,2821
2023-03-02 09:40:28,21,25,1089,2821
2023-03-02 09:40:28,21,23,1089,2821
2023-03-02 09:40:37,21,25,1089,2821
2023-03-02 09:40:37,21,23,1089,2821
2023-03-02 09:40:50,23,25,1234,2966
2023-03-02 09:40:57,23,26,1234,2966
2023-03-02 09:40:57,23,24,1234,2966
2023-03-02 09:41:22,22,24,1234,2966
2023-03-02 09:41:27,21,24,1234,2966
2023-03-02 09:41:27,21,25,1234,2966
2023-03-02 09:41:28,22,25,1234,2966
2023-03-02 09:41:28,22,24,1234,2966
2023-03-02 09:41:42,21,24,1234,2966
2023-03-02 09:41:42,21,25,1234,2966
2023-03-02 09:41:42,22,25,1234,2966
2023-03-02 09:41:42,22,24,1234,2966
2023-03-02 09:42:23,21,24,1234,2966
2023-03-02 09:42:23,21,22,1234,2966
2023-03-02 09:42:41,21,24,1234,2966
2023-03-02 09:42:41,21,25,1234,2966
2023-03-02 09:42:41,21,23,1234,2966
2023-03-02 09:42:57,21,25,1234,2966
2023-03-02 09:42:57,22,25,1234,2966
2023-03-02 09:42:57,22,24,1234,2966
2023-03-02 09:43:28,21,24,1234,2966
2023-03-02 09:43:28,21,25,1234,2966
2023-03-02 09:43:28,22,25,1234,2966
2023-03-02 09:43:29,22,24,1234,2966
2023-03-02 09:43:45,21,24,1234,2966
2023-03-02 09:43:45,21,25,1234,2966
2023-03-02 09:43:45,21,24,1234,2966
2023-03-02 09:43:55,21,25,1234,2966
2023-03-02 09:43:56,22,25,1234,2966
2023-03-02 09:43:56,22,24,1234,2966
2023-03-02 09:44:03,23,24,1234,2966
2023-03-02 09:44:14,22,24,1234,2966
2023-03-02 09:44:27,21,24,1234,2966
2023-03-02 09:44:27,21,25,1234,2966
2023-03-02 09:44:27,22,25,1234,2966
2023-03-02 09:44:27,22,24,1234,2966
2023-03-02 09:44:45,21,24,1234,2966
2023-03-02 09:44:53,21,23,1234,2966
2023-03-02 09:45:13,19,23,1234,2966
2023-03-02 09:45:13,20,23,1234,2966
2023-03-02 09:45:22,21,23,1234,2966
2023-03-02 09:45:25,21,24,1234,2966
2023-03-02 09:45:26,21,23,1234,2966
2023-03-02 09:45:40,21,25,1234,2966
2023-03-02 09:45:40,21,23,1234,2966
2023-03-02 09:46:04,21,22,1234,2966
2023-03-02 09:46:05,19,22,1234,2966
2023-03-02 09:46:05,21,22,1234,2966
2023-03-02 09:46:27,19,22,1234,2966
2023-03-02 09:46:28,20,22,1234,2966
2023-03-02 09:46:37,19,22,1234,2966
2023-03-02 09:46:52,20,22,1234,2966
2023-03-02 09:47:11,21,22,1234,2966
2023-03-02 09:47:21,21,24,1234,2966
2023-03-02 09:47:21,21,25,1234,2966
2023-03-02 09:47:21,21,23,1234,2966
2023-03-02 09:47:38,21,25,1234,2966
2023-03-02 09:47:38,21,24,1234,2966
2023-03-02 09:47:38,20,24,1234,2966
2023-03-02 09:47:38,20,23,1234,2966
2023-03-02 09:47:55,19,23,1234,2966
2023-03-02 09:47:55,20,23,1234,2966
2023-03-02 09:48:06,20,22,1234,2966
2023-03-02 09:48:23,19,22,1234,2966
2023-03-02 09:48:23,20,22,1234,2966
2023-03-02 09:48:31,19,22,1234,2966
2023-03-02 09:48:31,19,21,1234,2966
2023-03-02 09:48:46,19,22,1234,2966
2023-03-02 09:48:46,19,21,1234,2966
2023-03-02 09:48:53,19,22,1234,2966
2023-03-02 09:49:29,20,22,1234,2966
2023-03-02 09:49:42,19,22,1234,2966
2023-03-02 09:50:03,20,22,1234,2966
2023-03-02 09:50:06,19,22,1234,2966
2023-03-02 09:50:22,19,21,1234,2966
2023-03-02 09:50:46,19,22,1234,2966
2023-03-02 09:50:46,20,22,1234,2966
2023-03-02 09:50:58,19,22,1234,2966
2023-03-02 09:50:59,19,21,1234,2966
2023-03-02 09:51:18,19,20,1234,2966
2023-03-02 09:51:22,19,20,1089,3111
2023-03-02 09:51:27,17,21,1089,3111
2023-03-02 09:51:27,16,21,1089,3111
2023-03-02 09:51:28,18,21,1089,3111
2023-03-02 09:51:28,18,20,1089,3111
2023-03-02 09:51:28,18,19,1089,3111
2023-03-02 09:51:40,18,20,1089,3111
2023-03-02 09:51:41,16,20,1089,3111
2023-03-02 09:51:41,16,21,1089,3111
2023-03-02 09:51:41,17,21,1089,3111
2023-03-02 09:51:41,17,19,1089,3111
2023-03-02 09:51:59,15,19,1089,3111
2023-03-02 09:51:59,15,20,1089,3111
2023-03-02 09:51:59,17,20,1089,3111
2023-03-02 09:51:59,17,19,1089,3111
2023-03-02 09:52:25,15,19,1089,3111
2023-03-02 09:52:25,15,20,1089,3111
2023-03-02 09:52:25,16,20,1089,3111
2023-03-02 09:52:26,16,18,1089,3111
2023-03-02 09:52:40,15,18,1089,3111
2023-03-02 09:52:40,15,20,1089,3111
2023-03-02 09:52:40,16,20,1089,3111
2023-03-02 09:52:40,16,18,1089,3111
2023-03-02 09:53:26,13,18,1089,3111
2023-03-02 09:53:26,13,19,1089,3111
2023-03-02 09:53:27,15,19,1089,3111
2023-03-02 09:53:27,15,17,1089,3111
2023-03-02 09:53:41,14,17,1089,3111
2023-03-02 09:53:41,14,20,1089,3111
2023-03-02 09:53:41,15,20,1089,3111
2023-03-02 09:53:41,16,20,1089,3111
2023-03-02 09:53:41,16,18,1089,3111
2023-03-02 09:53:54,15,18,1089,3111
2023-03-02 09:53:54,15,21,1089,3111
2023-03-02 09:53:55,16,21,1089,3111
2023-03-02 09:53:55,16,19,1089,3111
2023-03-02 09:54:25,15,19,1089,3111
2023-03-02 09:54:25,14,19,1089,3111
2023-03-02 09:54:25,14,20,1089,3111
2023-03-02 09:54:25,15,20,1089,3111
2023-03-02 09:54:25,15,18,1089,3111
2023-03-02 09:54:43,15,20,1089,3111
2023-03-02 09:54:43,16,20,1089,3111
2023-03-02 09:54:43,16,18,1089,3111
2023-03-02 09:54:54,15,18,1089,3111
2023-03-02 09:54:54,15,20,1089,3111
2023-03-02 09:54:54,15,21,1089,3111
2023-03-02 09:54:54,16,21,1089,3111
2023-03-02 09:54:54,16,19,1089,3111
2023-03-02 09:55:14,16,21,1089,3111
2023-03-02 09:55:14,16,19,1089,3111
2023-03-02 09:55:17,16,19,1089,3121
2023-03-02 09:55:25,15,19,1089,3121
2023-03-02 09:55:25,15,21,1089,3121
2023-03-02 09:55:25,17,21,1089,3121
2023-03-02 09:55:25,17,19,1089,3121
2023-03-02 09:55:44,16,19,1089,3121
2023-03-02 09:55:44,16,21,1089,3121
2023-03-02 09:55:45,17,21,1089,3121
2023-03-02 09:55:45,17,19,1089,3121
2023-03-02 09:55:53,16,19,1089,3121
2023-03-02 09:55:53,16,21,1089,3121
2023-03-02 09:55:54,17,21,1089,3121
2023-03-02 09:55:54,17,19,1089,3121
2023-03-02 09:56:26,16,19,1089,3121
2023-03-02 09:56:26,16,21,1089,3121
2023-03-02 09:56:26,16,22,1089,3121
2023-03-02 09:56:27,18,22,1089,3121
2023-03-02 09:56:27,18,20,1089,3121
2023-03-02 09:56:42,17,20,1089,3121
2023-03-02 09:56:43,17,22,1089,3121
2023-03-02 09:56:43,17,21,1089,3121
2023-03-02 09:56:43,17,19,1089,3121
2023-03-02 09:56:56,17,22,1089,3121
2023-03-02 09:56:56,18,22,1089,3121
2023-03-02 09:56:56,18,20,1089,3121
2023-03-02 09:57:24,17,20,1089,3121
2023-03-02 09:57:24,17,22,1089,3121
2023-03-02 09:57:24,18,22,1089,3121
2023-03-02 09:57:24,18,20,1089,3121
2023-03-02 09:57:41,18,22,1089,3121
2023-03-02 09:57:41,18,23,1089,3121
2023-03-02 09:57:41,19,23,1089,3121
2023-03-02 09:57:41,19,21,1089,3121
2023-03-02 09:57:56,19,24,1089,3121
2023-03-02 09:57:57,19,22,1089,3121
2023-03-02 09:58:26,19,24,1089,3121
2023-03-02 09:58:26,19,23,1089,3121
2023-03-02 09:58:26,19,21,1089,3121
2023-03-02 09:58:41,19,23,1089,3121
2023-03-02 09:58:41,19,21,1089,3121
2023-03-02 09:58:58,17,21,1089,3121
2023-03-02 09:58:58,17,23,1089,3121
2023-03-02 09:58:58,18,23,1089,3121
2023-03-02 09:58:58,18,21,1089,3121
2023-03-02 09:59:24,16,21,1089,3121
2023-03-02 09:59:24,17,21,1089,3121
2023-03-02 09:59:24,17,19,1089,3121
2023-03-02 09:59:39,16,19,1089,3121
2023-03-02 09:59:39,16,21,1089,3121
2023-03-02 09:59:39,17,21,1089,3121
2023-03-02 09:59:39,17,19,1089,3121
2023-03-02 10:00:27,16,19,1089,3121
2023-03-02 10:00:27,16,21,1089,3121
2023-03-02 10:00:27,17,21,1089,3121
2023-03-02 10:00:27,17,19,1089,3121
2023-03-02 10:00:43,15,19,1089,3121
2023-03-02 10:00:43,15,20,1089,3121
2023-03-02 10:00:43,16,20,1089,3121
2023-03-02 10:00:43,16,19,1089,3121
2023-03-02 10:00:57,15,19,1089,3121
2023-03-02 10:00:57,15,20,1089,3121
2023-03-02 10:00:57,16,20,1089,3121
2023-03-02 10:00:57,16,18,1089,3121
2023-03-02 10:01:26,14,18,1089,3121
2023-03-02 10:01:26,13,18,1089,3121
2023-03-02 10:01:26,15,18,1089,3121
2023-03-02 10:01:26,15,17,1089,3121
2023-03-02 10:01:40,14,17,1089,3121
2023-03-02 10:01:40,14,18,1089,3121
2023-03-02 10:01:40,14,17,1089,3121
2023-03-02 10:01:54,13,17,1089,3121
2023-03-02 10:01:54,13,18,1089,3121
2023-03-02 10:01:54,14,18,1089,3121
2023-03-02 10:01:54,14,16,1089,3121
2023-03-02 10:02:09,14,15,1089,3121
2023-03-02 10:02:10,14,16,1089,3121
2023-03-02 10:02:11,14,15,1089,3121
2023-03-02 10:02:28,13,15,1089,3121
2023-03-02 10:02:28,12,15,1089,3121
2023-03-02 10:02:28,13,15,1089,3121
2023-03-02 10:02:57,12,15,1089,3121
2023-03-02 10:02:57,13,15,1089,3121
2023-03-02 10:03:21,13,14,1089,3121
2023-03-02 10:03:26,9,14,1089,3121
2023-03-02 10:03:26,11,14,1089,3121
2023-03-02 10:03:26,12,14,1089,3121
2023-03-02 10:03:26,13,14,1089,3121
2023-03-02 10:03:44,12,14,1089,3121
2023-03-02 10:03:44,13,14,1089,3121
2023-03-02 10:03:59,12,14,1089,3121
2023-03-02 10:03:59,13,14,1089,3121
2023-03-02 10:04:01,13,15,1089,3121
2023-03-02 10:04:26,12,15,1089,3121
2023-03-02 10:04:26,12,17,1089,3121
2023-03-02 10:04:27,13,17,1089,3121
2023-03-02 10:04:27,14,17,1089,3121
2023-03-02 10:04:27,14,16,1089,3121
2023-03-02 10:04:29,14,15,1089,3121
2023-03-02 10:04:37,14,16,1089,3121
2023-03-02 10:04:38,14,15,1089,3121
2023-03-02 10:04:56,11,15,1089,3121
2023-03-02 10:04:56,11,16,1089,3121
2023-03-02 10:04:56,12,16,1089,3121
2023-03-02 10:04:56,13,16,1089,3121
2023-03-02 10:04:57,13,15,1089,3121
2023-03-02 10:05:01,13,14,1089,3121
2023-03-02 10:05:27,12,14,1089,3121
2023-03-02 10:05:27,13,14,1089,3121
2023-03-02 10:05:37,12,14,1089,3121
2023-03-02 10:05:37,9,14,1089,3121
2023-03-02 10:05:37,11,14,1089,3121
2023-03-02 10:05:37,13,14,1089,3121
2023-03-02 10:05:39,13,16,1089,3121
2023-03-02 10:05:42,13,15,1089,3121
2023-03-02 10:05:44,13,16,1089,3121
2023-03-02 10:05:56,12,16,1089,3121
2023-03-02 10:05:56,12,17,1089,3121
2023-03-02 10:05:56,13,17,1089,3121
2023-03-02 10:05:56,14,17,1089,3121
2023-03-02 10:05:56,14,16,1089,3121
2023-03-02 10:06:05,14,15,1089,3121
2023-03-02 10:06:25,12,15,1089,3121
2023-03-02 10:06:26,13,15,1089,3121
2023-03-02 10:06:43,12,15,1089,3121
2023-03-02 10:06:43,12,16,1089,3121
2023-03-02 10:06:43,12,17,1089,3121
2023-03-02 10:06:44,13,17,1089,3121
2023-03-02 10:06:44,14,17,1089,3121
2023-03-02 10:06:44,14,16,1089,3121
2023-03-02 10:06:57,12,16,1089,3121
2023-03-02 10:06:57,12,18,1089,3121
2023-03-02 10:06:58,13,18,1089,3121
2023-03-02 10:06:58,14,18,1089,3121
2023-03-02 10:06:58,14,17,1089,3121
2023-03-02 10:07:25,14,19,1089,3121
2023-03-02 10:07:25,14,20,1089,3121
2023-03-02 10:07:25,14,21,1089,3121
2023-03-02 10:07:26,16,21,1089,3121
2023-03-02 10:07:26,16,20,1089,3121
2023-03-02 10:07:26,16,18,1089,3121
2023-03-02 10:07:41,14,18,1089,3121
2023-03-02 10:07:41,14,20,1089,3121
2023-03-02 10:07:41,15,20,1089,3121
2023-03-02 10:07:41,15,19,1089,3121
2023-03-02 10:07:41,15,17,1089,3121
2023-03-02 10:07:55,14,17,1089,3121
2023-03-02 10:07:55,14,19,1089,3121
2023-03-02 10:07:55,15,19,1089,3121
2023-03-02 10:07:55,15,18,1089,3121
2023-03-02 10:08:24,14,18,1089,3121
2023-03-02 10:08:25,14,21,1089,3121
2023-03-02 10:08:25,15,21,1089,3121
2023-03-02 10:08:25,16,21,1089,3121
2023-03-02 10:08:25,16,20,1089,3121
2023-03-02 10:08:25,16,18,1089,3121
2023-03-02 10:08:39,14,18,1089,3121
2023-03-02 10:08:39,14,20,1089,3121
2023-03-02 10:08:39,14,21,1089,3121
2023-03-02 10:08:39,16,21,1089,3121
2023-03-02 10:08:39,16,19,1089,3121
2023-03-02 10:08:57,14,19,1089,3121
2023-03-02 10:08:57,14,21,1089,3121
2023-03-02 10:08:57,15,21,1089,3121
2023-03-02 10:08:57,16,21,1089,3121
2023-03-02 10:08:57,16,20,1089,3121
2023-03-02 10:08:57,16,18,1089,3121
2023-03-02 10:09:22,12,18,1089,3121
2023-03-02 10:09:22,12,19,1089,3121
2023-03-02 10:09:23,13,19,1089,3121
2023-03-02 10:09:23,15,19,1089,3121
2023-03-02 10:09:23,15,17,1089,3121
2023-03-02 10:09:47,14,17,1089,3121
2023-03-02 10:09:47,14,19,1089,3121
2023-03-02 10:09:47,15,19,1089,3121
2023-03-02 10:09:47,15,17,1089,3121
2023-03-02 10:09:59,14,17,1089,3121
2023-03-02 10:09:59,14,19,1089,3121
2023-03-02 10:09:59,15,19,1089,3121
2023-03-02 10:09:59,15,17,1089,3121
2023-03-02 10:10:24,14,17,1089,3121
2023-03-02 10:10:24,14,21,1089,3121
2023-03-02 10:10:24,16,21,1089,3121
2023-03-02 10:10:24,16,20,1089,3121
2023-03-02 10:10:24,16,18,1089,3121
2023-03-02 10:11:22,14,18,1089,3121
2023-03-02 10:11:22,14,20,1089,3121
2023-03-02 10:11:22,14,21,1089,3121
2023-03-02 10:11:23,15,21,1089,3121
2023-03-02 10:11:23,15,18,1089,3121
2023-03-02 10:11:38,15,17,1089,3121
2023-03-02 10:11:56,16,17,1089,3121
2023-03-02 10:12:21,14,17,1089,3121
2023-03-02 10:12:21,14,18,1089,3121
2023-03-02 10:12:21,14,19,1089,3121
2023-03-02 10:12:21,14,20,1089,3121
2023-03-02 10:12:21,14,21,1089,3121
2023-03-02 10:12:22,17,21,1089,3121
2023-03-02 10:12:22,17,19,1089,3121
2023-03-02 10:12:41,15,19,1089,3121
2023-03-02 10:12:41,15,21,1089,3121
2023-03-02 10:12:41,16,21,1089,3121
2023-03-02 10:12:41,16,19,1089,3121
2023-03-02 10:12:54,15,19,1089,3121
2023-03-02 10:12:54,14,19,1089,3121
2023-03-02 10:12:54,14,21,1089,3121
2023-03-02 10:12:55,16,21,1089,3121
2023-03-02 10:12:55,16,20,1089,3121
2023-03-02 10:12:55,16,18,1089,3121
2023-03-02 10:13:26,14,18,1089,3121
2023-03-02 10:13:27,16,18,1089,3121
2023-03-02 10:13:47,14,18,1089,3121
2023-03-02 10:13:47,14,20,1089,3121
2023-03-02 10:13:47,16,20,1089,3121
2023-03-02 10:13:47,16,18,1089,3121
2023-03-02 10:14:01,14,18,1089,3121
2023-03-02 10:14:01,14,20,1089,3121
2023-03-02 10:14:01,15,20,1089,3121
2023-03-02 10:14:01,16,20,1089,3121
2023-03-02 10:14:01,16,18,1089,3121
2023-03-02 10:14:20,15,18,1089,3121
2023-03-02 10:14:20,12,18,1089,3121
2023-03-02 10:14:20,12,19,1089,3121
2023-03-02 10:14:20,13,19,1089,3121
2023-03-02 10:14:20,15,19,1089,3121
2023-03-02 10:14:20,15,17,1089,3121
2023-03-02 10:14:38,14,17,1089,3121
2023-03-02 10:14:38,14,19,1089,3121
2023-03-02 10:14:38,15,19,1089,3121
2023-03-02 10:14:38,15,17,1089,3121
2023-03-02 10:14:54,14,17,1089,3121
2023-03-02 10:14:54,14,19,1089,3121
2023-03-02 10:14:54,15,19,1089,3121
2023-03-02 10:14:54,15,17,1089,3121
2023-03-02 10:15:27,12,17,1089,3121
2023-03-02 10:15:27,12,19,1089,3121
2023-03-02 10:15:27,14,19,1089,3121
2023-03-02 10:15:27,14,21,1089,3121
2023-03-02 10:15:27,14,16,1089,3121
2023-03-02 10:15:34,13,16,1089,3121
2023-03-02 10:15:34,13,17,1089,3121
2023-03-02 10:15:35,14,17,1089,3121
2023-03-02 10:15:35,14,16,1089,3121
2023-03-02 10:15:41,13,16,1089,3121
2023-03-02 10:15:41,13,17,1089,3121
2023-03-02 10:15:41,13,16,1089,3121
2023-03-02 10:15:57,13,17,1089,3121
2023-03-02 10:15:57,14,17,1089,3121
2023-03-02 10:15:57,14,16,1089,3121
2023-03-02 10:16:07,14,15,1089,3121
2023-03-02 10:16:18,14,16,1089,3121
2023-03-02 10:16:25,10,16,1089,3121
2023-03-02 10:16:25,10,17,1089,3121
2023-03-02 10:16:25,12,17,1089,3121
2023-03-02 10:16:25,13,17,1089,3121
2023-03-02 10:16:25,13,15,1089,3121
2023-03-02 10:16:44,12,15,1089,3121
2023-03-02 10:16:44,12,17,1089,3121
2023-03-02 10:16:44,13,17,1089,3121
2023-03-02 10:16:44,14,17,1089,3121
2023-03-02 10:16:44,14,16,1089,3121
2023-03-02 10:16:57,13,16,1089,3121
2023-03-02 10:16:57,13,17,1089,3121
2023-03-02 10:16:57,14,17,1089,3121
2023-03-02 10:16:57,14,16,1089,3121
2023-03-02 10:17:25,14,21,1089,3121
2023-03-02 10:17:26,15,21,1089,3121
2023-03-02 10:17:26,15,20,1089,3121
2023-03-02 10:17:26,15,18,1089,3121
2023-03-02 10:17:41,14,18,1089,3121
2023-03-02 10:17:41,14,20,1089,3121
2023-03-02 10:17:42,16,20,1089,3121
2023-03-02 10:17:42,16,18,1089,3121
2023-03-02 10:18:41,14,18,1089,3121
2023-03-02 10:18:42,14,20,1089,3121
2023-03-02 10:18:42,15,20,1089,3121
2023-03-02 10:18:42,16,20,1089,3121
2023-03-02 10:18:42,16,18,1089,3121
2023-03-02 10:18:54,17,18,1089,3121
2023-03-02 10:19:27,17,19,1089,3121
2023-03-02 10:19:47,16,19,1089,3121
2023-03-02 10:19:47,16,21,1089,3121
2023-03-02 10:19:47,17,21,1089,3121
2023-03-02 10:19:47,17,19,1089,3121
2023-03-02 10:20:00,15,19,1089,3121
2023-03-02 10:20:00,14,19,1089,3121
2023-03-02 10:20:00,14,21,1089,3121
2023-03-02 10:20:00,15,21,1089,3121
2023-03-02 10:20:00,16,21,1089,3121
2023-03-02 10:20:00,16,19,1089,3121
2023-03-02 10:20:42,16,21,1089,3121
2023-03-02 10:20:43,17,21,1089,3121
2023-03-02 10:20:43,17,19,1089,3121
2023-03-02 10:20:54,16,19,1089,3121
2023-03-02 10:20:54,16,23,1089,3121
2023-03-02 10:20:54,17,23,1089,3121
2023-03-02 10:20:54,17,22,1089,3121
2023-03-02 10:20:54,17,20,1089,3121
2023-03-02 10:21:06,18,20,1089,3121
2023-03-02 10:21:10,17,20,1089,3121
2023-03-02 10:21:12,18,20,1089,3121
2023-03-02 10:21:23,18,22,1089,3121
2023-03-02 10:21:23,18,20,1089,3121
2023-03-02 10:21:33,20,22,1266,3298
2023-03-02 10:21:39,20,23,1266,3298
2023-03-02 10:21:39,20,21,1266,3298
2023-03-02 10:21:50,20,23,1266,3298
2023-03-02 10:21:51,20,22,1266,3298
2023-03-02 10:22:17,18,22,1266,3298
2023-03-02 10:22:17,19,22,1266,3298
2023-03-02 10:22:31,19,21,1266,3298
2023-03-02 10:22:43,18,21,1266,3298
2023-03-02 10:22:43,19,21,1266,3298
2023-03-02 10:23:00,18,21,1266,3298
2023-03-02 10:23:01,19,21,1266,3298
2023-03-02 10:23:02,19,20,1266,3298
2023-03-02 10:23:25,17,19,1135,3429
2023-03-02 10:23:34,16,19,1135,3429
2023-03-02 10:23:34,17,19,1135,3429
2023-03-02 10:24:05,17,18,1135,3429
2023-03-02 10:24:06,17,19,1135,3429
2023-03-02 10:24:41,16,19,1135,3429
2023-03-02 10:24:41,17,19,1135,3429
2023-03-02 10:24:56,16,19,1135,3429
2023-03-02 10:24:56,17,19,1135,3429
2023-03-02 10:25:11,16,19,1135,3429
2023-03-02 10:25:11,18,19,1135,3429
2023-03-02 10:25:37,18,20,1135,3429
2023-03-02 10:25:52,17,20,1135,3429
2023-03-02 10:25:52,16,20,1135,3429
2023-03-02 10:25:53,18,20,1135,3429
2023-03-02 10:26:05,16,20,1135,3429
2023-03-02 10:26:05,16,21,1135,3429
2023-03-02 10:26:05,18,21,1135,3429
2023-03-02 10:26:06,18,20,1135,3429
2023-03-02 10:26:34,16,20,1135,3429
2023-03-02 10:26:34,16,21,1135,3429
2023-03-02 10:26:35,18,21,1135,3429
2023-03-02 10:26:35,18,20,1135,3429
2023-03-02 10:27:09,18,19,1135,3429
2023-03-02 10:27:17,18,19,1089,3475
2023-03-02 10:27:22,18,19,1089,3783
2023-03-02 10:27:26,18,19,889,3983
2023-03-02 10:27:30,18,19,689,4183
2023-03-02 10:27:33,18,19,689,4275
2023-03-02 10:27:33,16,19,689,4275
2023-03-02 10:27:33,13,19,689,4275
2023-03-02 10:27:33,13,18,689,4275
2023-03-02 10:27:33,13,16,689,4275
2023-03-02 10:27:34,14,16,689,4275
2023-03-02 10:27:34,14,16,698,4441
2023-03-02 10:28:05,14,18,698,4441
2023-03-02 10:28:05,14,15,698,4441
2023-03-02 10:28:36,14,17,698,4441
2023-03-02 10:28:36,14,17,689,4505
2023-03-02 10:28:36,14,15,689,4505
2023-03-02 10:28:54,14,15,689,4732
2023-03-02 10:29:01,13,15,689,4732
2023-03-02 10:29:18,13,16,689,4732
2023-03-02 10:29:18,13,14,689,4732
2023-03-02 10:29:28,13,14,689,4841
2023-03-02 10:29:46,13,15,689,4841
2023-03-02 10:29:46,13,14,689,4841
2023-03-02 10:30:35,13,15,689,4841
2023-03-02 10:30:35,13,17,689,4841
2023-03-02 10:30:35,13,15,689,4841
2023-03-02 10:30:57,13,17,689,4841
2023-03-02 10:30:58,13,15,689,4841
2023-03-02 10:30:58,13,14,689,4841
2023-03-02 10:31:13,13,15,689,4841
2023-03-02 10:31:13,13,14,689,4841
2023-03-02 10:31:31,13,15,826,4978
2023-03-02 10:32:00,13,18,826,4978
2023-03-02 10:32:00,13,16,826,4978
2023-03-02 10:32:16,13,15,826,4978
2023-03-02 10:32:35,13,16,826,4978
2023-03-02 10:32:35,13,18,826,4978
2023-03-02 10:32:36,13,16,826,4978
2023-03-02 10:32:59,13,18,826,4978
2023-03-02 10:32:59,13,16,826,4978
2023-03-02 10:32:59,13,15,826,4978
2023-03-02 10:33:30,13,16,826,4978
2023-03-02 10:33:30,13,14,826,4978
2023-03-02 10:33:46,13,15,826,4978
2023-03-02 10:33:46,13,14,826,4978
2023-03-02 10:33:53,13,14,855,5007
2023-03-02 10:34:12,11,13,866,5018
2023-03-02 10:34:18,11,14,866,5018
2023-03-02 10:34:18,11,13,866,5018
2023-03-02 10:34:22,9,13,404,5499
2023-03-02 10:34:38,9,14,404,5499
2023-03-02 10:34:38,10,14,404,5499
2023-03-02 10:34:38,11,14,404,5499
2023-03-02 10:34:38,11,13,404,5499
2023-03-02 10:34:46,10,13,404,5499
2023-03-02 10:34:46,10,14,404,5499
2023-03-02 10:34:46,11,14,404,5499
2023-03-02 10:34:46,11,13,404,5499
2023-03-02 10:34:54,11,13,404,5665
2023-03-02 10:35:01,11,14,553,5814
2023-03-02 10:35:13,10,14,553,5814
2023-03-02 10:35:13,9,14,553,5814
2023-03-02 10:35:13,9,15,553,5814
2023-03-02 10:35:13,11,15,553,5814
2023-03-02 10:35:13,11,13,553,5814
2023-03-02 10:35:31,10,13,553,5814
2023-03-02 10:35:31,9,13,553,5814
2023-03-02 10:35:31,9,15,553,5814
2023-03-02 10:35:31,11,15,553,5814
2023-03-02 10:35:31,11,14,553,5814
2023-03-02 10:35:31,11,13,553,5814
2023-03-02 10:35:36,11,13,866,6127
2023-03-02 10:35:53,11,14,866,6127
2023-03-02 10:35:53,11,13,866,6127
2023-03-02 10:36:22,10,13,866,6127
2023-03-02 10:36:22,10,14,866,6127
2023-03-02 10:36:22,12,14,866,6127
2023-03-02 10:36:40,9,14,866,6127
2023-03-02 10:36:41,11,14,866,6127
2023-03-02 10:36:41,12,14,866,6127
2023-03-02 10:36:57,11,14,866,6127
2023-03-02 10:36:57,11,13,866,6127
2023-03-02 10:37:26,9,13,866,6127
2023-03-02 10:37:26,9,15,866,6127
2023-03-02 10:37:27,10,15,866,6127
2023-03-02 10:37:27,11,15,866,6127
2023-03-02 10:37:27,11,14,866,6127
2023-03-02 10:37:27,11,13,866,6127
2023-03-02 10:37:48,11,14,866,6127
2023-03-02 10:38:01,12,14,866,6127
2023-03-02 10:38:04,12,17,866,6127
2023-03-02 10:38:04,12,15,866,6127
2023-03-02 10:38:04,12,14,866,6127
2023-03-02 10:38:14,13,14,866,6127
2023-03-02 10:38:31,13,15,866,6127
2023-03-02 10:38:31,13,19,866,6127
2023-03-02 10:38:31,14,19,866,6127
2023-03-02 10:38:31,14,16,866,6127
2023-03-02 10:38:46,13,16,866,6127
2023-03-02 10:38:46,13,18,866,6127
2023-03-02 10:38:46,14,18,866,6127
2023-03-02 10:38:46,14,16,866,6127
2023-03-02 10:39:02,13,16,866,6127
2023-03-02 10:39:02,13,18,866,6127
2023-03-02 10:39:02,13,16,866,6127
2023-03-02 10:39:26,13,19,866,6127
2023-03-02 10:39:26,14,19,866,6127
2023-03-02 10:39:26,14,18,866,6127
2023-03-02 10:39:26,14,16,866,6127
2023-03-02 10:39:52,14,18,866,6127
2023-03-02 10:39:52,14,16,866,6127
2023-03-02 10:40:01,14,19,866,6127
2023-03-02 10:40:01,15,19,866,6127
2023-03-02 10:40:01,15,17,866,6127
2023-03-02 10:40:32,14,17,866,6127
2023-03-02 10:40:32,14,19,866,6127
2023-03-02 10:40:33,15,19,866,6127
2023-03-02 10:40:33,15,17,866,6127
2023-03-02 10:41:02,14,17,866,6127
2023-03-02 10:41:02,14,19,866,6127
2023-03-02 10:41:02,15,19,866,6127
2023-03-02 10:41:02,15,17,866,6127
2023-03-02 10:41:32,14,17,866,6127
2023-03-02 10:41:32,14,19,866,6127
2023-03-02 10:41:33,14,18,866,6127
2023-03-02 10:41:33,14,16,866,6127
2023-03-02 10:41:47,14,18,866,6127
2023-03-02 10:41:47,14,19,866,6127
2023-03-02 10:41:47,15,19,866,6127
2023-03-02 10:41:47,15,17,866,6127
2023-03-02 10:42:02,14,17,866,6127
2023-03-02 10:42:02,14,19,866,6127
2023-03-02 10:42:02,14,17,866,6127
2023-03-02 10:42:32,14,19,866,6127
2023-03-02 10:42:32,15,19,866,6127
2023-03-02 10:42:32,15,17,866,6127
2023-03-02 10:43:00,14,17,866,6127
2023-03-02 10:43:00,14,19,866,6127
2023-03-02 10:43:00,15,19,866,6127
2023-03-02 10:43:00,15,17,866,6127
2023-03-02 10:43:07,14,17,866,6127
2023-03-02 10:43:07,14,19,866,6127
2023-03-02 10:43:07,15,19,866,6127
2023-03-02 10:43:07,15,17,866,6127
2023-03-02 10:43:54,13,17,866,6127
2023-03-02 10:43:54,15,17,866,6127
2023-03-02 10:44:10,13,17,866,6127
2023-03-02 10:44:10,13,19,866,6127
2023-03-02 10:44:10,14,19,866,6127
2023-03-02 10:44:10,14,18,866,6127
2023-03-02 10:44:10,14,16,866,6127
2023-03-02 10:44:35,13,16,866,6127
2023-03-02 10:44:35,13,18,866,6127
2023-03-02 10:44:35,14,18,866,6127
2023-03-02 10:44:35,14,16,866,6127
2023-03-02 10:44:56,13,16,866,6127
2023-03-02 10:44:56,13,18,866,6127
2023-03-02 10:44:56,14,18,866,6127
2023-03-02 10:44:56,14,16,866,6127
2023-03-02 10:45:11,13,16,866,6127
2023-03-02 10:45:11,13,18,866,6127
2023-03-02 10:45:11,13,16,866,6127
2023-03-02 10:45:30,13,18,866,6127
2023-03-02 10:45:30,14,18,866,6127
2023-03-02 10:45:30,14,16,866,6127
2023-03-02 10:45:54,13,16,866,6127
2023-03-02 10:45:54,12,16,866,6127
2023-03-02 10:45:54,12,18,866,6127
2023-03-02 10:45:54,14,18,866,6127
2023-03-02 10:45:54,14,16,866,6127
2023-03-02 10:46:02,13,16,866,6127
2023-03-02 10:46:02,13,18,866,6127
2023-03-02 10:46:02,13,16,866,6127
2023-03-02 10:46:33,13,18,866,6127
2023-03-02 10:46:33,13,19,866,6127
2023-03-02 10:46:34,13,17,866,6127
2023-03-02 10:46:34,13,15,866,6127
2023-03-02 10:46:40,14,15,866,6127
2023-03-02 10:46:47,14,17,866,6127
2023-03-02 10:46:47,14,19,866,6127
2023-03-02 10:46:47,14,16,866,6127
2023-03-02 10:47:03,14,19,866,6127
2023-03-02 10:47:04,14,17,866,6127
2023-03-02 10:47:44,13,17,866,6127
2023-03-02 10:47:44,13,19,866,6127
2023-03-02 10:47:44,14,19,866,6127
2023-03-02 10:47:44,14,18,866,6127
2023-03-02 10:47:44,14,16,866,6127
2023-03-02 10:48:06,13,16,866,6127
2023-03-02 10:48:06,12,16,866,6127
2023-03-02 10:48:06,12,17,866,6127
2023-03-02 10:48:06,13,17,866,6127
2023-03-02 10:48:07,13,15,866,6127
2023-03-02 10:48:44,12,15,866,6127
2023-03-02 10:48:44,12,17,866,6127
2023-03-02 10:48:45,13,17,866,6127
2023-03-02 10:48:45,13,15,866,6127
2023-03-02 10:49:33,13,18,866,6127
2023-03-02 10:49:34,13,16,866,6127
2023-03-02 10:49:34,13,15,866,6127
2023-03-02 10:49:48,13,18,866,6127
2023-03-02 10:49:48,13,16,866,6127
2023-03-02 10:49:58,13,18,866,6127
2023-03-02 10:49:58,13,16,866,6127
2023-03-02 10:50:30,12,16,866,6127
2023-03-02 10:50:30,12,17,866,6127
2023-03-02 10:50:31,12,15,866,6127
2023-03-02 10:50:31,12,14,866,6127
2023-03-02 10:50:52,12,15,866,6127
2023-03-02 10:50:52,12,17,866,6127
2023-03-02 10:50:52,12,14,866,6127
2023-03-02 10:51:06,11,14,866,6127
2023-03-02 10:51:06,11,16,866,6127
2023-03-02 10:51:06,12,16,866,6127
2023-03-02 10:51:06,12,14,866,6127
2023-03-02 10:51:28,11,14,866,6127
2023-03-02 10:51:28,11,15,866,6127
2023-03-02 10:51:28,11,16,866,6127
2023-03-02 10:51:28,12,16,866,6127
2023-03-02 10:51:29,12,14,866,6127
2023-03-02 10:51:51,11,14,866,6127
2023-03-02 10:51:51,11,15,866,6127
2023-03-02 10:51:51,11,16,866,6127
2023-03-02 10:51:51,12,16,866,6127
2023-03-02 10:51:52,12,14,866,6127
2023-03-02 10:52:01,11,14,866,6127
2023-03-02 10:52:01,11,16,866,6127
2023-03-02 10:52:01,11,15,866,6127
2023-03-02 10:52:01,11,14,866,6127
2023-03-02 10:52:14,12,14,866,6127
2023-03-02 10:52:30,12,15,866,6127
2023-03-02 10:52:30,12,17,866,6127
2023-03-02 10:52:30,12,15,866,6127
2023-03-02 10:52:50,11,15,866,6127
2023-03-02 10:52:50,11,16,866,6127
2023-03-02 10:52:50,12,16,866,6127
2023-03-02 10:52:50,12,15,866,6127
2023-03-02 10:52:50,12,14,866,6127
2023-03-02 10:53:03,11,14,866,6127
2023-03-02 10:53:03,11,15,866,6127
2023-03-02 10:53:03,11,14,866,6127
2023-03-02 10:53:03,11,13,866,6127
2023-03-02 10:53:32,10,13,866,6127
2023-03-02 10:53:32,9,13,866,6127
2023-03-02 10:53:32,7,13,866,6127
2023-03-02 10:53:33,10,13,866,6127
2023-03-02 10:53:33,10,12,866,6127
2023-03-02 10:53:46,9,12,866,6127
2023-03-02 10:53:46,9,13,866,6127
2023-03-02 10:53:46,9,11,866,6127
2023-03-02 10:54:08,9,12,866,6127
2023-03-02 10:54:08,9,13,866,6127
2023-03-02 10:54:08,10,13,866,6127
2023-03-02 10:54:08,10,12,866,6127
2023-03-02 10:54:33,8,12,866,6127
2023-03-02 10:54:33,7,12,866,6127
2023-03-02 10:54:33,7,13,866,6127
2023-03-02 10:54:34,9,13,866,6127
2023-03-02 10:54:34,9,12,866,6127
2023-03-02 10:54:34,9,11,866,6127
2023-03-02 10:54:47,9,13,866,6127
2023-03-02 10:54:47,10,13,866,6127
2023-03-02 10:54:47,10,12,866,6127
2023-03-02 10:55:13,10,13,866,6127
2023-03-02 10:55:13,10,12,866,6127
2023-03-02 10:55:29,9,12,866,6127
2023-03-02 10:55:29,9,13,866,6127
2023-03-02 10:55:30,9,12,866,6127
2023-03-02 10:55:30,9,11,866,6127
2023-03-02 10:55:46,8,11,866,6127
2023-03-02 10:55:46,8,12,866,6127
2023-03-02 10:55:47,9,12,866,6127
2023-03-02 10:55:47,9,11,866,6127
2023-03-02 10:56:06,8,11,866,6127
2023-03-02 10:56:06,8,12,866,6127
2023-03-02 10:56:06,9,12,866,6127
2023-03-02 10:56:06,9,11,866,6127
2023-03-02 10:56:39,9,12,866,6127
2023-03-02 10:56:40,9,13,866,6127
2023-03-02 10:56:40,10,13,866,6127
2023-03-02 10:56:40,10,12,866,6127
2023-03-02 10:56:54,9,12,866,6127
2023-03-02 10:56:54,9,13,866,6127
2023-03-02 10:56:54,9,11,866,6127
2023-03-02 10:57:42,8,11,866,6127
2023-03-02 10:57:42,8,12,866,6127
2023-03-02 10:57:42,9,12,866,6127
2023-03-02 10:57:42,9,11,866,6127
2023-03-02 10:57:57,8,11,866,6127
2023-03-02 10:57:57,8,12,866,6127
2023-03-02 10:57:57,9,12,866,6127
2023-03-02 10:57:57,9,11,866,6127
2023-03-02 10:58:26,7,11,866,6127
2023-03-02 10:58:26,7,12,866,6127
2023-03-02 10:58:26,7,13,866,6127
2023-03-02 10:58:26,8,13,866,6127
2023-03-02 10:58:26,9,13,866,6127
2023-03-02 10:58:26,9,11,866,6127
2023-03-02 10:58:41,8,11,866,6127
2023-03-02 10:58:41,7,11,866,6127
2023-03-02 10:58:41,7,12,866,6127
2023-03-02 10:58:41,7,13,866,6127
2023-03-02 10:58:41,9,13,866,6127
2023-03-02 10:58:41,9,11,866,6127
2023-03-02 10:58:56,8,11,866,6127
2023-03-02 10:58:56,8,12,866,6127
2023-03-02 10:58:57,9,12,866,6127
2023-03-02 10:58:57,9,11,866,6127
2023-03-02 10:59:22,8,11,866,6127
2023-03-02 10:59:22,7,11,866,6127
2023-03-02 10:59:22,7,13,866,6127
2023-03-02 10:59:22,9,13,866,6127
2023-03-02 10:59:22,9,12,866,6127
2023-03-02 10:59:22,9,11,866,6127
2023-03-02 10:59:41,8,11,866,6127
2023-03-02 10:59:41,8,12,866,6127
2023-03-02 10:59:41,8,11,866,6127
2023-03-02 10:59:53,8,12,866,6127
2023-03-02 10:59:53,9,12,866,6127
2023-03-02 10:59:53,9,11,866,6127
2023-03-02 11:00:27,8,11,866,6127
2023-03-02 11:00:27,9,11,866,6127
2023-03-02 11:00:37,8,11,866,6127
2023-03-02 11:00:37,8,12,866,6127
2023-03-02 11:00:37,9,12,866,6127
2023-03-02 11:00:37,9,11,866,6127
2023-03-02 11:00:54,9,13,866,6127
2023-03-02 11:00:54,9,12,866,6127
2023-03-02 11:00:54,9,11,866,6127
2023-03-02 11:01:24,8,11,866,6127
2023-03-02 11:01:24,8,12,866,6127
2023-03-02 11:01:25,9,12,866,6127
2023-03-02 11:01:25,9,11,866,6127
2023-03-02 11:01:43,7,11,866,6127
2023-03-02 11:01:43,7,12,866,6127
2023-03-02 11:01:43,7,13,866,6127
2023-03-02 11:01:44,8,13,866,6127
2023-03-02 11:01:44,9,13,866,6127
2023-03-02 11:01:44,9,11,866,6127
2023-03-02 11:01:57,9,12,866,6127
2023-03-02 11:02:05,9,11,866,6127
2023-03-02 11:02:26,9,12,866,6127
2023-03-02 11:02:28,6,12,866,6127
2023-03-02 11:02:28,6,13,866,6127
2023-03-02 11:02:28,8,13,866,6127
2023-03-02 11:02:28,8,12,866,6127
2023-03-02 11:02:28,8,11,866,6127
2023-03-02 11:02:28,8,10,866,6127
2023-03-02 11:02:44,7,10,866,6127
2023-03-02 11:02:44,7,11,866,6127
2023-03-02 11:02:44,8,11,866,6127
2023-03-02 11:02:56,8,12,866,6127
2023-03-02 11:02:56,9,12,866,6127
2023-03-02 11:02:56,9,11,866,6127
2023-03-02 11:03:18,8,11,866,6127
2023-03-02 11:03:18,9,11,866,6127
2023-03-02 11:03:26,8,11,866,6127
2023-03-02 11:03:26,8,13,866,6127
2023-03-02 11:03:26,9,13,866,6127
2023-03-02 11:03:26,10,13,866,6127
2023-03-02 11:03:26,10,12,866,6127
2023-03-02 11:03:44,9,12,866,6127
2023-03-02 11:03:44,9,13,866,6127
2023-03-02 11:03:44,9,11,866,6127
2023-03-02 11:04:02,8,11,866,6127
2023-03-02 11:04:02,8,12,866,6127
2023-03-02 11:04:02,9,12,866,6127
2023-03-02 11:04:03,9,11,866,6127
2023-03-02 11:04:27,8,11,866,6127
2023-03-02 11:04:27,8,13,866,6127
2023-03-02 11:04:27,9,13,866,6127
2023-03-02 11:04:27,10,13,866,6127
2023-03-02 11:04:27,10,12,866,6127
2023-03-02 11:04:37,9,12,866,6127
2023-03-02 11:04:37,9,13,866,6127
2023-03-02 11:04:37,10,13,866,6127
2023-03-02 11:04:37,10,12,866,6127
2023-03-02 11:05:00,10,13,866,6127
2023-03-02 11:05:01,11,13,866,6127
2023-03-02 11:05:28,10,13,866,6127
2023-03-02 11:05:28,10,14,866,6127
2023-03-02 11:05:28,10,17,866,6127
2023-03-02 11:05:28,11,17,866,6127
2023-03-02 11:05:28,11,13,866,6127
2023-03-02 11:05:39,10,13,866,6127
2023-03-02 11:05:39,10,14,866,6127
2023-03-02 11:05:39,11,14,866,6127
2023-03-02 11:05:39,11,13,866,6127
2023-03-02 11:05:56,10,13,866,6127
2023-03-02 11:05:56,9,13,866,6127
2023-03-02 11:05:56,10,13,866,6127
2023-03-02 11:05:56,10,12,866,6127
2023-03-02 11:06:26,9,12,866,6127
2023-03-02 11:06:26,6,12,866,6127
2023-03-02 11:06:26,6,13,866,6127
2023-03-02 11:06:26,8,13,866,6127
2023-03-02 11:06:27,9,13,866,6127
2023-03-02 11:06:27,9,11,866,6127
2023-03-02 11:06:38,8,11,866,6127
2023-03-02 11:06:38,8,12,866,6127
2023-03-02 11:06:38,9,12,866,6127
2023-03-02 11:06:38,9,11,866,6127
2023-03-02 11:07:03,8,11,866,6127
2023-03-02 11:07:03,8,12,866,6127
2023-03-02 11:07:03,9,12,866,6127
2023-03-02 11:07:03,9,11,866,6127
2023-03-02 11:07:26,7,11,866,6127
2023-03-02 11:07:26,6,11,866,6127
2023-03-02 11:07:26,6,13,866,6127
2023-03-02 11:07:26,8,13,866,6127
2023-03-02 11:07:26,9,13,866,6127
2023-03-02 11:07:26,9,12,866,6127
2023-03-02 11:07:26,9,11,866,6127
2023-03-02 11:07:44,8,11,866,6127
2023-03-02 11:07:44,8,12,866,6127
2023-03-02 11:07:44,9,12,866,6127
2023-03-02 11:07:44,9,11,866,6127
2023-03-02 11:07:59,7,11,866,6127
2023-03-02 11:07:59,6,11,866,6127
2023-03-02 11:07:59,6,12,866,6127
2023-03-02 11:07:59,6,13,866,6127
2023-03-02 11:07:59,8,13,866,6127
2023-03-02 11:07:59,9,13,866,6127
2023-03-02 11:07:59,9,11,866,6127
2023-03-02 11:08:27,8,11,866,6127
2023-03-02 11:08:27,8,12,866,6127
2023-03-02 11:08:27,9,12,866,6127
2023-03-02 11:08:28,9,11,866,6127
2023-03-02 11:08:51,8,11,866,6127
2023-03-02 11:08:51,8,12,866,6127
2023-03-02 11:08:51,9,12,866,6127
2023-03-02 11:08:51,9,11,866,6127
2023-03-02 11:09:04,8,11,866,6127
2023-03-02 11:09:04,8,12,866,6127
2023-03-02 11:09:05,9,12,866,6127
2023-03-02 11:09:05,9,11,866,6127
2023-03-02 11:09:30,8,11,866,6127
2023-03-02 11:09:30,8,12,866,6127
2023-03-02 11:09:30,9,12,866,6127
2023-03-02 11:09:30,9,11,866,6127
2023-03-02 11:09:37,9,11,944,6205
2023-03-02 11:09:50,8,11,944,6205
2023-03-02 11:09:50,6,11,944,6205
2023-03-02 11:09:50,6,12,944,6205
2023-03-02 11:09:50,6,13,944,6205
2023-03-02 11:09:50,10,13,944,6205
2023-03-02 11:09:50,10,12,944,6205
2023-03-02 11:10:00,9,12,944,6205
2023-03-02 11:10:00,9,13,944,6205
2023-03-02 11:10:00,10,13,944,6205
2023-03-02 11:10:00,10,12,944,6205
2023-03-02 11:10:13,9,12,944,6205
2023-03-02 11:10:13,10,12,944,6205
2023-03-02 11:10:15,10,12,1022,6283
2023-03-02 11:10:39,10,17,1022,6283
2023-03-02 11:10:39,11,17,1022,6283
2023-03-02 11:10:39,11,13,1022,6283
2023-03-02 11:10:40,11,13,1143,6404
2023-03-02 11:10:48,10,13,1143,6404
2023-03-02 11:10:48,10,14,1143,6404
2023-03-02 11:10:48,11,14,1143,6404
2023-03-02 11:10:48,11,13,1143,6404
2023-03-02 11:11:07,12,13,1143,6404
2023-03-02 11:11:43,12,14,1143,6404
2023-03-02 11:11:43,12,15,1143,6404
2023-03-02 11:11:43,12,14,1143,6404
2023-03-02 11:12:18,12,13,1143,6404
2023-03-02 11:12:31,11,13,1143,6404
2023-03-02 11:12:48,11,14,1143,6404
2023-03-02 11:12:48,11,13,1143,6404
2023-03-02 11:13:04,12,13,1143,6404
2023-03-02 11:13:12,12,14,1143,6404
2023-03-02 11:13:12,12,13,1143,6404
2023-03-02 11:13:35,12,13,1203,6464
2023-03-02 11:13:36,12,17,1203,6464
2023-03-02 11:13:37,12,15,1203,6464
2023-03-02 11:13:37,12,14,1203,6464
2023-03-02 11:13:54,12,15,1203,6464
2023-03-02 11:13:54,12,14,1203,6464
2023-03-02 11:14:09,12,17,1203,6464
2023-03-02 11:14:09,13,17,1203,6464
2023-03-02 11:14:09,13,15,1203,6464
2023-03-02 11:14:30,13,17,1203,6464
2023-03-02 11:14:30,13,16,1203,6464
2023-03-02 11:14:30,13,15,1203,6464
2023-03-02 11:14:52,13,17,1203,6464
2023-03-02 11:14:52,14,17,1203,6464
2023-03-02 11:14:52,14,16,1203,6464
2023-03-02 11:15:09,12,16,1203,6464
2023-03-02 11:15:09,12,17,1203,6464
2023-03-02 11:15:09,13,17,1203,6464
2023-03-02 11:15:09,13,15,1203,6464
2023-03-02 11:15:39,12,15,1203,6464
2023-03-02 11:15:39,12,17,1203,6464
2023-03-02 11:15:39,13,17,1203,6464
2023-03-02 11:15:39,13,15,1203,6464
2023-03-02 11:15:46,11,15,1203,6464
2023-03-02 11:15:46,11,17,1203,6464
2023-03-02 11:15:46,12,17,1203,6464
2023-03-02 11:15:46,12,15,1203,6464
2023-03-02 11:15:46,12,14,1203,6464
2023-03-02 11:16:03,11,14,1203,6464
2023-03-02 11:16:03,12,14,1203,6464
2023-03-02 11:16:28,12,13,1203,6464
2023-03-02 11:16:41,11,13,1203,6464
2023-03-02 11:16:41,10,13,1203,6464
2023-03-02 11:16:41,11,13,1203,6464
2023-03-02 11:16:51,10,13,1203,6464
2023-03-02 11:16:51,10,12,1203,6464
2023-03-02 11:17:12,10,13,1203,6464
2023-03-02 11:17:12,10,12,1203,6464
2023-03-02 11:17:39,10,13,1203,6464
2023-03-02 11:17:40,10,12,1203,6464
2023-03-02 11:17:53,10,11,1203,6464
2023-03-02 11:17:53,9,11,1203,6464
2023-03-02 11:17:55,9,12,1203,6464
2023-03-02 11:17:56,7,12,1203,6464
2023-03-02 11:17:56,7,13,1203,6464
2023-03-02 11:17:56,8,13,1203,6464
2023-03-02 11:17:56,9,13,1203,6464
2023-03-02 11:17:56,10,13,1203,6464
2023-03-02 11:17:56,10,12,1203,6464
2023-03-02 11:18:06,9,12,1203,6464
2023-03-02 11:18:06,9,13,1203,6464
2023-03-02 11:18:06,10,13,1203,6464
2023-03-02 11:18:06,10,12,1203,6464
2023-03-02 11:18:29,10,13,1203,6464
2023-03-02 11:18:29,10,12,1203,6464
2023-03-02 11:19:05,10,13,1203,6464
2023-03-02 11:19:12,11,13,1203,6464
2023-03-02 11:19:22,11,15,1203,6464
2023-03-02 11:19:22,11,14,1203,6464
2023-03-02 11:19:22,11,13,1203,6464
2023-03-02 11:19:30,11,14,1203,6464
2023-03-02 11:19:30,11,13,1203,6464
2023-03-02 11:19:48,11,14,1203,6464
2023-03-02 11:19:48,11,13,1203,6464
2023-03-02 11:19:55,11,14,1203,6464
2023-03-02 11:19:55,11,15,1203,6464
2023-03-02 11:19:56,12,15,1203,6464
2023-03-02 11:19:56,12,14,1203,6464
2023-03-02 11:20:32,11,14,1203,6464
2023-03-02 11:20:32,11,15,1203,6464
2023-03-02 11:20:32,11,14,1203,6464
2023-03-02 11:20:48,11,15,1203,6464
2023-03-02 11:20:49,12,15,1203,6464
2023-03-02 11:20:49,12,14,1203,6464
2023-03-02 11:21:02,12,15,1203,6464
2023-03-02 11:21:02,12,14,1203,6464
2023-03-02 11:21:24,12,17,1203,6464
2023-03-02 11:21:25,13,17,1203,6464
2023-03-02 11:21:25,13,16,1203,6464
2023-03-02 11:21:25,13,15,1203,6464
2023-03-02 11:22:05,12,15,1203,6464
2023-03-02 11:22:05,12,16,1203,6464
2023-03-02 11:22:06,12,15,1203,6464
2023-03-02 11:22:37,12,17,1203,6464
2023-03-02 11:22:37,12,18,1203,6464
2023-03-02 11:22:37,13,18,1203,6464
2023-03-02 11:22:37,13,15,1203,6464
2023-03-02 11:22:50,12,15,1203,6464
2023-03-02 11:22:50,12,18,1203,6464
2023-03-02 11:22:50,13,18,1203,6464
2023-03-02 11:22:50,13,16,1203,6464
2023-03-02 11:22:50,13,15,1203,6464
2023-03-02 11:23:08,12,15,1203,6464
2023-03-02 11:23:08,12,16,1203,6464
2023-03-02 11:23:08,12,18,1203,6464
2023-03-02 11:23:08,13,18,1203,6464
2023-03-02 11:23:08,13,15,1203,6464
2023-03-02 11:23:37,12,15,1203,6464
2023-03-02 11:23:37,12,17,1203,6464
2023-03-02 11:23:37,12,15,1203,6464
2023-03-02 11:23:53,12,16,1203,6464
2023-03-02 11:23:53,13,16,1203,6464
2023-03-02 11:23:53,13,15,1203,6464
2023-03-02 11:24:15,13,17,1203,6464
2023-03-02 11:24:16,13,16,1203,6464
2023-03-02 11:24:16,13,14,1203,6464
2023-03-02 11:24:24,13,14,1282,6543
2023-03-02 11:24:36,13,17,1282,6543
2023-03-02 11:24:37,13,15,1282,6543
2023-03-02 11:24:54,13,18,1282,6543
2023-03-02 11:24:54,14,18,1282,6543
2023-03-02 11:24:54,14,16,1282,6543
2023-03-02 11:25:35,14,18,1282,6543
2023-03-02 11:25:35,14,16,1282,6543
2023-03-02 11:25:47,13,16,1282,6543
2023-03-02 11:25:47,13,18,1282,6543
2023-03-02 11:25:47,14,18,1282,6543
2023-03-02 11:25:47,14,16,1282,6543
2023-03-02 11:26:03,13,16,1282,6543
2023-03-02 11:26:03,13,18,1282,6543
2023-03-02 11:26:03,14,18,1282,6543
2023-03-02 11:26:03,14,16,1282,6543
2023-03-02 11:26:53,13,16,1282,6543
2023-03-02 11:26:53,13,18,1282,6543
2023-03-02 11:26:54,13,17,1282,6543
2023-03-02 11:26:54,13,15,1282,6543
2023-03-02 11:27:49,13,17,1282,6543
2023-03-02 11:27:49,13,18,1282,6543
2023-03-02 11:27:49,13,16,1282,6543
2023-03-02 11:28:07,13,18,1282,6543
2023-03-02 11:28:07,13,15,1282,6543
2023-03-02 11:28:27,14,15,1282,6543
2023-03-02 11:28:30,14,17,1329,6590
2023-03-02 11:28:37,14,18,1329,6590
2023-03-02 11:28:37,15,18,1329,6590
2023-03-02 11:28:37,15,17,1329,6590
2023-03-02 11:28:58,15,19,1329,6590
2023-03-02 11:28:59,16,19,1329,6590
2023-03-02 11:28:59,16,18,1329,6590
2023-03-02 11:29:16,15,18,1329,6590
2023-03-02 11:29:16,15,19,1329,6590
2023-03-02 11:29:16,16,19,1329,6590
2023-03-02 11:29:31,15,19,1329,6590
2023-03-02 11:29:31,17,19,1329,6590
2023-03-02 11:29:48,17,18,1329,6590
2023-03-02 11:29:49,15,18,1329,6590
2023-03-02 11:29:49,14,18,1329,6590
2023-03-02 11:29:49,16,18,1329,6590
2023-03-02 11:30:08,16,19,1329,6590
2023-03-02 11:30:09,14,19,1329,6590
2023-03-02 11:30:09,16,19,1329,6590
2023-03-02 11:30:09,16,18,1329,6590
2023-03-02 11:30:24,14,18,1329,6590
2023-03-02 11:30:24,14,20,1329,6590
2023-03-02 11:30:24,15,20,1329,6590
2023-03-02 11:30:24,16,20,1329,6590
2023-03-02 11:30:24,16,18,1329,6590
2023-03-02 11:30:40,14,18,1329,6590
2023-03-02 11:30:40,14,20,1329,6590
2023-03-02 11:30:40,16,20,1329,6590
2023-03-02 11:30:40,16,18,1329,6590
2023-03-02 11:31:01,14,18,1329,6590
2023-03-02 11:31:01,16,18,1329,6590
2023-03-02 11:31:16,14,18,1329,6590
2023-03-02 11:31:16,16,18,1329,6590
2023-03-02 11:31:27,16,17,1329,6590
2023-03-02 11:31:31,15,17,1329,6590
2023-03-02 11:31:31,16,17,1329,6590
2023-03-02 11:31:40,16,18,1329,6590
2023-03-02 11:31:53,13,18,1329,6590
2023-03-02 11:31:53,13,20,1329,6590
2023-03-02 11:31:53,15,20,1329,6590
2023-03-02 11:31:53,15,18,1329,6590
2023-03-02 11:32:33,13,18,1329,6590
2023-03-02 11:32:33,13,19,1329,6590
2023-03-02 11:32:33,15,19,1329,6590
2023-03-02 11:32:33,15,18,1329,6590
2023-03-02 11:32:45,13,18,1329,6590
2023-03-02 11:32:45,13,19,1329,6590
2023-03-02 11:32:45,14,19,1329,6590
2023-03-02 11:32:45,15,19,1329,6590
2023-03-02 11:32:45,15,18,1329,6590
2023-03-02 11:33:29,15,22,1329,6590
2023-03-02 11:33:29,15,21,1329,6590
2023-03-02 11:33:29,15,22,1329,6590
2023-03-02 11:33:30,16,22,1329,6590
2023-03-02 11:33:30,16,21,1329,6590
2023-03-02 11:33:30,16,19,1329,6590
2023-03-02 11:33:44,15,19,1329,6590
2023-03-02 11:33:44,15,21,1329,6590
2023-03-02 11:33:44,17,21,1329,6590
2023-03-02 11:33:44,17,19,1329,6590
2023-03-02 11:34:08,17,20,1329,6590
2023-03-02 11:34:08,17,19,1329,6590
2023-03-02 11:34:28,15,19,1329,6590
2023-03-02 11:34:28,15,20,1329,6590
2023-03-02 11:34:28,17,20,1329,6590
2023-03-02 11:34:28,17,19,1329,6590
2023-03-02 11:34:50,15,19,1329,6590
2023-03-02 11:34:50,17,19,1329,6590
2023-03-02 11:35:02,15,19,1329,6590
2023-03-02 11:35:02,17,19,1329,6590
2023-03-02 11:35:14,15,19,1329,6590
2023-03-02 11:35:15,15,20,1329,6590
2023-03-02 11:35:15,16,20,1329,6590
2023-03-02 11:35:15,16,18,1329,6590
2023-03-02 11:35:35,15,18,1329,6590
2023-03-02 11:35:35,15,20,1329,6590
2023-03-02 11:35:35,15,21,1329,6590
2023-03-02 11:35:35,17,21,1329,6590
2023-03-02 11:35:35,17,19,1329,6590
2023-03-02 11:36:08,16,19,1329,6590
2023-03-02 11:36:08,16,22,1329,6590
2023-03-02 11:36:08,17,22,1329,6590
2023-03-02 11:36:08,17,21,1329,6590
2023-03-02 11:36:09,17,19,1329,6590
2023-03-02 11:36:30,16,19,1329,6590
2023-03-02 11:36:30,17,19,1329,6590
2023-03-02 11:36:40,15,19,1329,6590
2023-03-02 11:36:41,17,19,1329,6590
2023-03-02 11:37:01,15,19,1329,6590
2023-03-02 11:37:01,15,21,1329,6590
2023-03-02 11:37:01,15,22,1329,6590
2023-03-02 11:37:01,16,22,1329,6590
2023-03-02 11:37:01,16,19,1329,6590
2023-03-02 11:37:27,16,20,1329,6590
2023-03-02 11:37:28,17,20,1329,6590
2023-03-02 11:37:47,17,19,1329,6590
2023-03-02 11:37:48,16,19,1329,6590
2023-03-02 11:37:48,17,19,1329,6590
2023-03-02 11:37:56,16,19,1329,6590
2023-03-02 11:37:56,17,19,1329,6590
2023-03-02 11:38:23,16,19,1329,6590
2023-03-02 11:38:23,16,21,1329,6590
2023-03-02 11:38:23,16,22,1329,6590
2023-03-02 11:38:24,16,18,1329,6590
2023-03-02 11:38:41,15,18,1329,6590
2023-03-02 11:38:41,15,19,1329,6590
2023-03-02 11:38:41,16,19,1329,6590
2023-03-02 11:38:41,16,18,1329,6590
2023-03-02 11:39:00,15,18,1329,6590
2023-03-02 11:39:00,15,19,1329,6590
2023-03-02 11:39:00,16,19,1329,6590
2023-03-02 11:39:00,16,18,1329,6590
2023-03-02 11:39:23,15,18,1329,6590
2023-03-02 11:39:23,15,20,1329,6590
2023-03-02 11:39:23,15,21,1329,6590
2023-03-02 11:39:23,15,22,1329,6590
2023-03-02 11:39:23,16,22,1329,6590
2023-03-02 11:39:23,16,21,1329,6590
2023-03-02 11:39:23,16,19,1329,6590
2023-03-02 11:39:41,15,19,1329,6590
2023-03-02 11:39:41,16,19,1329,6590
2023-03-02 11:39:41,16,18,1329,6590
2023-03-02 11:39:58,15,18,1329,6590
2023-03-02 11:39:58,15,19,1329,6590
2023-03-02 11:39:59,16,19,1329,6590
2023-03-02 11:39:59,16,18,1329,6590
2023-03-02 11:40:37,14,18,1329,6590
2023-03-02 11:40:37,14,19,1329,6590
2023-03-02 11:40:37,15,19,1329,6590
2023-03-02 11:40:37,15,17,1329,6590
2023-03-02 11:40:51,15,19,1329,6590
2023-03-02 11:40:51,15,18,1329,6590
2023-03-02 11:41:10,14,18,1329,6590
2023-03-02 11:41:10,15,18,1329,6590
2023-03-02 11:41:10,15,17,1329,6590
2023-03-02 11:41:36,14,17,1329,6590
2023-03-02 11:41:36,14,19,1329,6590
2023-03-02 11:41:36,15,19,1329,6590
2023-03-02 11:41:36,15,17,1329,6590
2023-03-02 11:41:47,14,17,1329,6590
2023-03-02 11:41:47,15,17,1329,6590
2023-03-02 11:42:26,14,17,1329,6590
2023-03-02 11:42:26,14,19,1329,6590
2023-03-02 11:42:26,15,19,1329,6590
2023-03-02 11:42:26,16,19,1329,6590
2023-03-02 11:42:26,16,18,1329,6590
2023-03-02 11:42:48,15,18,1329,6590
2023-03-02 11:42:48,14,18,1329,6590
2023-03-02 11:42:48,14,20,1329,6590
2023-03-02 11:42:49,15,20,1329,6590
2023-03-02 11:42:49,15,17,1329,6590
2023-03-02 11:43:08,15,19,1329,6590
2023-03-02 11:43:08,15,20,1329,6590
2023-03-02 11:43:08,16,20,1329,6590
2023-03-02 11:43:08,16,18,1329,6590
2023-03-02 11:43:32,15,18,1329,6590
2023-03-02 11:43:32,15,21,1329,6590
2023-03-02 11:43:32,15,20,1329,6590
2023-03-02 11:43:32,17,20,1329,6590
2023-03-02 11:43:32,17,19,1329,6590
2023-03-02 11:43:38,17,18,1329,6590
2023-03-02 11:43:48,15,18,1329,6590
2023-03-02 11:43:48,16,18,1329,6590
2023-03-02 11:43:49,16,19,1329,6590
2023-03-02 11:44:13,15,19,1329,6590
2023-03-02 11:44:13,15,21,1329,6590
2023-03-02 11:44:14,16,21,1329,6590
2023-03-02 11:44:14,16,20,1329,6590
2023-03-02 11:44:14,16,18,1329,6590
2023-03-02 11:44:34,15,18,1329,6590
2023-03-02 11:44:34,15,19,1329,6590
2023-03-02 11:44:34,16,19,1329,6590
2023-03-02 11:44:51,16,21,1329,6590
2023-03-02 11:44:51,16,19,1329,6590
2023-03-02 11:45:13,15,19,1329,6590
2023-03-02 11:45:13,16,19,1329,6590
2023-03-02 11:45:27,16,18,1329,6590
2023-03-02 11:45:32,14,18,1329,6590
2023-03-02 11:45:32,16,18,1329,6590
2023-03-02 11:45:50,14,18,1329,6590
2023-03-02 11:45:50,15,18,1329,6590
2023-03-02 11:46:29,15,20,1329,6590
2023-03-02 11:46:29,15,21,1329,6590
2023-03-02 11:46:29,15,22,1329,6590
2023-03-02 11:46:29,15,21,1329,6590
2023-03-02 11:46:29,15,22,1329,6590
2023-03-02 11:46:29,16,22,1329,6590
2023-03-02 11:46:29,16,21,1329,6590
2023-03-02 11:46:29,16,19,1329,6590
2023-03-02 11:46:44,15,19,1329,6590
2023-03-02 11:46:44,15,21,1329,6590
2023-03-02 11:46:44,16,21,1329,6590
2023-03-02 11:46:44,16,20,1329,6590
2023-03-02 11:46:44,16,18,1329,6590
2023-03-02 11:47:05,14,18,1329,6590
2023-03-02 11:47:05,14,20,1329,6590
2023-03-02 11:47:05,16,20,1329,6590
2023-03-02 11:47:05,16,18,1329,6590
2023-03-02 11:47:28,14,18,1329,6590
2023-03-02 11:47:28,14,19,1329,6590
2023-03-02 11:47:28,15,19,1329,6590
2023-03-02 11:47:28,15,18,1329,6590
2023-03-02 11:47:46,14,18,1329,6590
2023-03-02 11:47:46,15,18,1329,6590
2023-03-02 11:47:46,15,17,1329,6590
2023-03-02 11:47:54,14,17,1329,6590
2023-03-02 11:47:54,14,20,1329,6590
2023-03-02 11:47:54,15,20,1329,6590
2023-03-02 11:47:54,15,18,1329,6590
2023-03-02 11:48:42,15,20,1329,6590
2023-03-02 11:48:42,15,19,1329,6590
2023-03-02 11:48:42,15,17,1329,6590
2023-03-02 11:48:50,15,20,1329,6590
2023-03-02 11:48:51,16,20,1329,6590
2023-03-02 11:48:51,16,18,1329,6590
2023-03-02 11:49:02,15,18,1329,6590
2023-03-02 11:49:02,15,20,1329,6590
2023-03-02 11:49:02,16,20,1329,6590
2023-03-02 11:49:02,16,18,1329,6590
2023-03-02 11:49:19,16,17,1329,6590
2023-03-02 11:49:22,14,17,1329,6590
2023-03-02 11:49:22,15,17,1329,6590
2023-03-02 11:50:25,14,17,1329,6590
2023-03-02 11:50:25,13,17,1329,6590
2023-03-02 11:50:26,14,17,1329,6590
2023-03-02 11:50:42,13,17,1329,6590
2023-03-02 11:50:42,14,17,1329,6590
2023-03-02 11:50:42,14,16,1329,6590
2023-03-02 11:50:50,14,15,1329,6590
2023-03-02 11:50:58,13,15,1329,6590
2023-03-02 11:50:58,13,17,1329,6590
2023-03-02 11:50:58,14,17,1329,6590
2023-03-02 11:50:58,14,16,1329,6590
2023-03-02 11:51:24,14,17,1329,6590
2023-03-02 11:51:24,14,16,1329,6590
2023-03-02 11:51:38,13,16,1329,6590
2023-03-02 11:51:38,13,18,1329,6590
2023-03-02 11:51:39,14,18,1329,6590
2023-03-02 11:51:39,14,16,1329,6590
2023-03-02 11:51:55,13,16,1329,6590
2023-03-02 11:51:55,13,18,1329,6590
2023-03-02 11:51:55,15,18,1329,6590
2023-03-02 11:51:55,15,17,1329,6590
2023-03-02 11:52:27,14,17,1329,6590
2023-03-02 11:52:27,14,18,1329,6590
2023-03-02 11:52:27,15,18,1329,6590
2023-03-02 11:52:27,16,18,1329,6590
2023-03-02 11:52:42,15,18,1329,6590
2023-03-02 11:52:43,14,18,1329,6590
2023-03-02 11:52:43,14,20,1329,6590
2023-03-02 11:52:43,16,20,1329,6590
2023-03-02 11:52:43,16,18,1329,6590
2023-03-02 11:52:58,14,18,1329,6590
2023-03-02 11:52:59,14,20,1329,6590
2023-03-02 11:52:59,16,20,1329,6590
2023-03-02 11:52:59,16,18,1329,6590
2023-03-02 11:53:26,14,18,1329,6590
2023-03-02 11:53:26,14,19,1329,6590
2023-03-02 11:53:27,16,19,1329,6590
2023-03-02 11:53:27,16,18,1329,6590
2023-03-02 11:53:45,14,18,1329,6590
2023-03-02 11:53:45,14,19,1329,6590
2023-03-02 11:53:45,15,19,1329,6590
2023-03-02 11:53:45,16,19,1329,6590
2023-03-02 11:53:45,16,18,1329,6590
2023-03-02 11:53:57,15,18,1329,6590
2023-03-02 11:53:57,16,18,1329,6590
2023-03-02 11:54:25,15,18,1329,6590
2023-03-02 11:54:25,15,22,1329,6590
2023-03-02 11:54:26,17,22,1329,6590
2023-03-02 11:54:26,17,19,1329,6590
2023-03-02 11:54:38,15,19,1329,6590
2023-03-02 11:54:38,17,19,1329,6590
2023-03-02 11:54:46,15,19,1329,6590
2023-03-02 11:54:46,15,21,1329,6590
2023-03-02 11:54:46,17,21,1329,6590
2023-03-02 11:54:46,17,19,1329,6590
2023-03-02 11:55:24,15,19,1329,6590
2023-03-02 11:55:24,15,20,1329,6590
2023-03-02 11:55:24,16,20,1329,6590
2023-03-02 11:55:24,16,18,1329,6590
2023-03-02 11:55:51,15,18,1329,6590
2023-03-02 11:55:51,15,19,1329,6590
2023-03-02 11:55:52,16,19,1329,6590
2023-03-02 11:55:52,16,18,1329,6590
2023-03-02 11:56:24,14,18,1329,6590
2023-03-02 11:56:25,15,18,1329,6590
2023-03-02 11:56:45,14,18,1329,6590
2023-03-02 11:56:45,15,18,1329,6590
2023-03-02 11:56:45,15,17,1329,6590
2023-03-02 11:56:57,14,17,1329,6590
2023-03-02 11:56:57,14,18,1329,6590
2023-03-02 11:56:57,15,18,1329,6590
2023-03-02 11:56:57,15,17,1329,6590
2023-03-02 11:57:27,13,17,1329,6590
2023-03-02 11:57:27,13,18,1329,6590
2023-03-02 11:57:27,15,18,1329,6590
2023-03-02 11:57:27,15,17,1329,6590
2023-03-02 11:57:46,14,17,1329,6590
2023-03-02 11:57:46,13,17,1329,6590
2023-03-02 11:57:46,13,18,1329,6590
2023-03-02 11:57:46,14,18,1329,6590
2023-03-02 11:57:46,14,16,1329,6590
2023-03-02 11:58:01,13,16,1329,6590
2023-03-02 11:58:01,13,18,1329,6590
2023-03-02 11:58:01,14,18,1329,6590
2023-03-02 11:58:01,14,16,1329,6590
2023-03-02 11:58:26,12,16,1329,6590
2023-03-02 11:58:26,13,16,1329,6590
2023-03-02 11:58:26,14,16,1329,6590
2023-03-02 11:58:45,13,16,1329,6590
2023-03-02 11:58:45,12,16,1329,6590
2023-03-02 11:58:45,13,16,1329,6590
2023-03-02 11:58:45,13,15,1329,6590
2023-03-02 11:58:51,12,15,1329,6590
2023-03-02 11:58:51,13,15,1329,6590
2023-03-02 11:59:27,12,15,1329,6590
2023-03-02 11:59:27,13,15,1329,6590
2023-03-02 11:59:45,12,15,1329,6590
2023-03-02 11:59:45,12,16,1329,6590
2023-03-02 11:59:45,13,16,1329,6590
2023-03-02 11:59:45,13,15,1329,6590
2023-03-02 12:00:03,13,14,1329,6590
2023-03-02 12:00:07,13,15,1329,6590
2023-03-02 12:00:27,12,15,1329,6590
2023-03-02 12:00:27,11,15,1329,6590
2023-03-02 12:00:27,10,15,1329,6590
2023-03-02 12:00:27,10,16,1329,6590
2023-03-02 12:00:28,12,16,1329,6590
2023-03-02 12:00:28,12,14,1329,6590
2023-03-02 12:00:43,11,14,1329,6590
2023-03-02 12:00:43,12,14,1329,6590
2023-03-02 12:01:01,12,13,1329,6590
2023-03-02 12:01:06,12,14,1329,6590
2023-03-02 12:01:17,11,14,1329,6590
2023-03-02 12:01:17,12,14,1329,6590
2023-03-02 12:01:32,12,13,1329,6590
2023-03-02 12:01:40,11,13,1329,6590
2023-03-02 12:01:58,10,13,1329,6590
2023-03-02 12:01:58,11,13,1329,6590
2023-03-02 12:01:59,11,12,1329,6590
2023-03-02 12:02:13,11,13,1329,6590
2023-03-02 12:02:36,9,13,1329,6590
2023-03-02 12:02:36,10,13,1329,6590
2023-03-02 12:02:36,12,13,1329,6590
2023-03-02 12:02:38,12,14,1329,6590
2023-03-02 12:02:40,12,14,1329,6675
2023-03-02 12:02:44,11,14,1329,6675
2023-03-02 12:03:03,12,14,1329,6675
2023-03-02 12:03:08,12,13,1329,6675
2023-03-02 12:03:22,12,14,1329,6675
2023-03-02 12:03:27,11,14,1329,6675
2023-03-02 12:03:27,9,14,1329,6675
2023-03-02 12:03:27,10,14,1329,6675
2023-03-02 12:03:27,11,14,1329,6675
2023-03-02 12:03:47,12,14,1329,6675
2023-03-02 12:04:06,12,13,1329,6675
2023-03-02 12:04:14,12,14,1329,6675
2023-03-02 12:04:28,11,14,1329,6675
2023-03-02 12:04:28,10,14,1329,6675
2023-03-02 12:04:28,11,14,1329,6675
2023-03-02 12:04:28,11,13,1329,6675
2023-03-02 12:04:44,10,13,1329,6675
2023-03-02 12:04:44,10,14,1329,6675
2023-03-02 12:04:44,11,14,1329,6675
2023-03-02 12:04:44,11,13,1329,6675
2023-03-02 12:04:48,11,12,1329,6675
2023-03-02 12:04:56,11,13,1329,6675
2023-03-02 12:05:22,9,13,1329,6675
2023-03-02 12:05:22,10,13,1329,6675
2023-03-02 12:05:22,11,13,1329,6675
2023-03-02 12:05:29,11,12,1329,6675
2023-03-02 12:05:41,10,12,1329,6675
2023-03-02 12:05:41,11,12,1329,6675
2023-03-02 12:05:53,11,13,1329,6675
2023-03-02 12:05:56,10,13,1329,6675
2023-03-02 12:05:56,10,14,1329,6675
2023-03-02 12:05:57,11,14,1329,6675
2023-03-02 12:05:57,11,13,1329,6675
2023-03-02 12:06:28,10,13,1329,6675
2023-03-02 12:06:28,9,13,1329,6675
2023-03-02 12:06:28,9,14,1329,6675
2023-03-02 12:06:28,12,14,1329,6675
2023-03-02 12:06:32,12,13,1329,6675
2023-03-02 12:06:40,12,14,1329,6675
2023-03-02 12:06:45,11,14,1329,6675
2023-03-02 12:06:46,12,14,1329,6675
2023-03-02 12:06:54,11,14,1329,6675
2023-03-02 12:07:01,11,13,1329,6675
2023-03-02 12:07:06,11,14,1329,6675
2023-03-02 12:07:27,10,14,1329,6675
2023-03-02 12:07:27,9,14,1329,6675
2023-03-02 12:07:28,12,14,1329,6675
2023-03-02 12:07:57,11,14,1329,6675
2023-03-02 12:07:57,11,15,1329,6675
2023-03-02 12:07:57,12,15,1329,6675
2023-03-02 12:07:57,12,14,1329,6675
2023-03-02 12:08:13,11,14,1329,6675
2023-03-02 12:08:13,11,15,1329,6675
2023-03-02 12:08:13,12,15,1329,6675
2023-03-02 12:08:13,12,14,1329,6675
2023-03-02 12:08:29,11,14,1329,6675
2023-03-02 12:08:29,11,15,1329,6675
2023-03-02 12:08:29,12,15,1329,6675
2023-03-02 12:08:30,12,14,1329,6675
2023-03-02 12:08:48,11,14,1329,6675
2023-03-02 12:08:48,10,14,1329,6675
2023-03-02 12:08:49,12,14,1329,6675
2023-03-02 12:09:02,10,14,1329,6675
2023-03-02 12:09:02,10,15,1329,6675
2023-03-02 12:09:02,10,16,1329,6675
2023-03-02 12:09:02,11,16,1329,6675
2023-03-02 12:09:02,12,16,1329,6675
2023-03-02 12:09:02,12,14,1329,6675
2023-03-02 12:09:26,11,14,1329,6675
2023-03-02 12:09:26,11,15,1329,6675
2023-03-02 12:09:26,11,16,1329,6675
2023-03-02 12:09:26,12,16,1329,6675
2023-03-02 12:09:26,12,14,1329,6675
2023-03-02 12:09:28,12,13,1329,6675
2023-03-02 12:09:40,11,13,1329,6675
2023-03-02 12:09:40,10,13,1329,6675
2023-03-02 12:09:41,11,13,1329,6675
2023-03-02 12:09:47,11,14,1329,6675
2023-03-02 12:10:00,11,13,1329,6675
2023-03-02 12:10:04,10,13,1329,6675
2023-03-02 12:10:04,11,13,1329,6675
2023-03-02 12:10:23,10,13,1329,6675
2023-03-02 12:10:23,10,14,1329,6675
2023-03-02 12:10:23,11,14,1329,6675
2023-03-02 12:10:35,11,13,1329,6675
2023-03-02 12:10:42,11,14,1329,6675
2023-03-02 12:10:53,10,14,1329,6675
2023-03-02 12:10:54,11,14,1329,6675
2023-03-02 12:10:54,12,14,1329,6675
2023-03-02 12:11:34,11,14,1329,6675
2023-03-02 12:11:51,12,14,1329,6675
2023-03-02 12:12:08,11,14,1329,6675
2023-03-02 12:12:08,12,14,1329,6675
2023-03-02 12:12:30,11,14,1329,6675
2023-03-02 12:12:30,11,15,1329,6675
2023-03-02 12:12:30,11,16,1329,6675
2023-03-02 12:12:31,12,16,1329,6675
2023-03-02 12:12:31,13,16,1329,6675
2023-03-02 12:12:31,13,15,1329,6675
2023-03-02 12:12:53,12,15,1329,6675
2023-03-02 12:12:53,13,15,1329,6675
2023-03-02 12:13:07,12,15,1329,6675
2023-03-02 12:13:07,13,15,1329,6675
2023-03-02 12:13:13,13,14,1329,6675
2023-03-02 12:13:21,13,15,1329,6675
2023-03-02 12:13:31,12,15,1329,6675
2023-03-02 12:13:31,10,15,1329,6675
2023-03-02 12:13:31,11,15,1329,6675
2023-03-02 12:13:31,12,15,1329,6675
2023-03-02 12:13:31,12,14,1329,6675
2023-03-02 12:13:43,11,14,1329,6675
2023-03-02 12:13:43,11,15,1329,6675
2023-03-02 12:13:43,12,15,1329,6675
2023-03-02 12:13:43,12,14,1329,6675
2023-03-02 12:13:50,12,13,1329,6675
2023-03-02 12:14:04,12,14,1329,6675
2023-03-02 12:14:08,11,14,1329,6675
2023-03-02 12:14:08,12,14,1329,6675
2023-03-02 12:14:20,12,13,1329,6675
2023-03-02 12:14:24,12,14,1329,6675
2023-03-02 12:14:41,9,14,1329,6675
2023-03-02 12:14:41,10,14,1329,6675
2023-03-02 12:14:41,11,14,1329,6675
2023-03-02 12:14:41,12,14,1329,6675
2023-03-02 12:14:49,11,14,1329,6675
2023-03-02 12:14:49,12,14,1329,6675
2023-03-02 12:15:09,10,14,1329,6675
2023-03-02 12:15:09,11,14,1329,6675
2023-03-02 12:15:09,12,14,1329,6675
2023-03-02 12:15:29,11,14,1329,6675
2023-03-02 12:15:30,12,14,1329,6675
2023-03-02 12:15:45,11,14,1329,6675
2023-03-02 12:15:45,12,14,1329,6675
2023-03-02 12:16:10,11,14,1329,6675
2023-03-02 12:16:10,10,14,1329,6675
2023-03-02 12:16:10,12,14,1329,6675
2023-03-02 12:16:11,12,14,1329,6680
2023-03-02 12:16:23,11,14,1329,6680
2023-03-02 12:16:38,11,13,1329,6680
2023-03-02 12:17:03,12,13,1329,6680
2023-03-02 12:17:04,12,14,1329,6680
2023-03-02 12:17:28,11,14,1329,6680
2023-03-02 12:17:29,12,14,1329,6680
2023-03-02 12:17:30,12,13,1329,6680
2023-03-02 12:17:36,12,14,1329,6680
2023-03-02 12:17:47,11,14,1329,6680
2023-03-02 12:17:47,12,14,1329,6680
2023-03-02 12:18:10,12,15,1329,6680
2023-03-02 12:18:10,12,14,1329,6680
2023-03-02 12:18:36,12,15,1329,6680
2023-03-02 12:18:37,12,16,1329,6680
2023-03-02 12:18:37,13,16,1329,6680
2023-03-02 12:18:37,13,15,1329,6680
2023-03-02 12:18:49,13,16,1329,6680
2023-03-02 12:18:49,13,15,1329,6680
2023-03-02 12:19:06,13,16,1329,6680
2023-03-02 12:19:06,14,16,1329,6680
2023-03-02 12:19:31,13,16,1329,6680
2023-03-02 12:19:32,14,16,1329,6680
2023-03-02 12:19:43,13,16,1329,6680
2023-03-02 12:19:43,14,16,1329,6680
2023-03-02 12:20:32,14,15,1329,6680
2023-03-02 12:20:41,13,15,1329,6680
2023-03-02 12:20:41,12,15,1329,6680
2023-03-02 12:20:42,13,15,1329,6680
2023-03-02 12:21:01,13,14,1329,6680
2023-03-02 12:21:05,13,15,1329,6680
2023-03-02 12:21:07,12,15,1329,6680
2023-03-02 12:21:07,12,16,1329,6680
2023-03-02 12:21:07,13,16,1329,6680
2023-03-02 12:21:07,13,15,1329,6680
2023-03-02 12:21:59,12,15,1329,6680
2023-03-02 12:21:59,12,16,1329,6680
2023-03-02 12:21:59,13,16,1329,6680
2023-03-02 12:21:59,13,15,1329,6680
2023-03-02 12:22:43,13,16,1329,6680
2023-03-02 12:22:43,13,15,1329,6680
2023-03-02 12:23:02,13,16,1329,6680
2023-03-02 12:23:02,13,15,1329,6680
2023-03-02 12:23:34,12,15,1329,6680
2023-03-02 12:23:34,12,16,1329,6680
2023-03-02 12:23:34,13,16,1329,6680
2023-03-02 12:23:34,13,15,1329,6680
2023-03-02 12:23:56,12,15,1329,6680
2023-03-02 12:23:56,12,16,1329,6680
2023-03-02 12:23:56,13,16,1329,6680
2023-03-02 12:23:56,13,15,1329,6680
2023-03-02 12:24:04,13,14,1329,6680
2023-03-02 12:24:13,13,15,1329,6680
2023-03-02 12:24:22,13,14,1329,6680
2023-03-02 12:24:39,12,14,1329,6680
2023-03-02 12:24:39,10,14,1329,6680
2023-03-02 12:24:39,11,14,1329,6680
2023-03-02 12:24:39,12,14,1329,6680
2023-03-02 12:25:06,12,13,1329,6680
2023-03-02 12:25:20,12,14,1329,6680
2023-03-02 12:25:33,11,14,1329,6680
2023-03-02 12:25:33,11,16,1329,6680
2023-03-02 12:25:33,12,16,1329,6680
2023-03-02 12:25:33,12,15,1329,6680
2023-03-02 12:25:33,12,14,1329,6680
2023-03-02 12:25:44,11,14,1329,6680
2023-03-02 12:25:44,11,15,1329,6680
2023-03-02 12:25:44,11,16,1329,6680
2023-03-02 12:25:44,12,16,1329,6680
2023-03-02 12:25:44,12,14,1329,6680
2023-03-02 12:26:04,12,13,1329,6680
2023-03-02 12:26:08,12,14,1329,6680
2023-03-02 12:26:27,11,14,1329,6680
2023-03-02 12:26:27,11,13,1329,6680
2023-03-02 12:26:34,11,12,1329,6680
2023-03-02 12:27:03,11,13,1329,6680
2023-03-02 12:27:08,10,13,1329,6680
2023-03-02 12:27:08,10,14,1329,6680
2023-03-02 12:27:08,11,14,1329,6680
2023-03-02 12:27:08,11,13,1329,6680
2023-03-02 12:27:23,10,13,1329,6680
2023-03-02 12:28:05,11,13,1329,6680
2023-03-02 12:28:12,11,12,1329,6680
2023-03-02 12:28:18,11,13,1329,6680
2023-03-02 12:28:37,10,13,1329,6680
2023-03-02 12:28:38,10,11,1329,6680
2023-03-02 12:28:40,10,12,1329,6680
2023-03-02 12:28:46,9,12,1329,6680
2023-03-02 12:28:47,10,12,1329,6680
2023-03-02 12:29:04,9,12,1329,6680
2023-03-02 12:29:05,10,12,1329,6680
2023-03-02 12:29:34,9,12,1329,6680
2023-03-02 12:29:34,10,12,1329,6680
2023-03-02 12:29:49,9,12,1329,6680
2023-03-02 12:29:49,10,12,1329,6680
2023-03-02 12:30:01,9,12,1329,6680
2023-03-02 12:30:01,10,12,1329,6680
2023-03-02 12:30:27,9,12,1329,6680
2023-03-02 12:30:28,10,12,1329,6680
2023-03-02 12:30:45,9,12,1329,6680
2023-03-02 12:30:46,10,12,1329,6680
2023-03-02 12:31:05,9,12,1329,6680
2023-03-02 12:31:05,10,12,1329,6680
2023-03-02 12:31:22,10,11,1329,6680
2023-03-02 12:31:26,9,11,1329,6680
2023-03-02 12:31:33,9,11,1329,7075
2023-03-02 12:31:41,8,11,1329,7075
2023-03-02 12:31:41,5,11,1329,7075
2023-03-02 12:31:41,7,11,1329,7075
2023-03-02 12:31:41,8,11,1329,7075
2023-03-02 12:31:43,8,11,1275,7129
2023-03-02 12:31:50,8,10,1275,7129
2023-03-02 12:32:05,8,9,1275,7129
2023-03-02 12:32:05,7,9,1275,7129
2023-03-02 12:32:05,6,9,1275,7129
2023-03-02 12:32:05,5,9,1275,7129
2023-03-02 12:32:06,7,9,1275,7129
2023-03-02 12:32:40,6,9,1275,7129
2023-03-02 12:32:40,6,10,1275,7129
2023-03-02 12:32:40,7,10,1275,7129
2023-03-02 12:32:40,7,9,1275,7129
2023-03-02 12:33:08,5,9,1275,7129
2023-03-02 12:33:08,5,10,1275,7129
2023-03-02 12:33:09,6,10,1275,7129
2023-03-02 12:33:09,7,10,1275,7129
2023-03-02 12:33:09,7,9,1275,7129
2023-03-02 12:33:39,6,9,1275,7129
2023-03-02 12:33:39,7,9,1275,7129
2023-03-02 12:33:54,7,9,1295,7149
2023-03-02 12:34:01,7,10,1295,7149
2023-03-02 12:34:02,7,9,1295,7149
2023-03-02 12:34:18,7,10,1295,7149
2023-03-02 12:34:19,7,9,1295,7149
2023-03-02 12:34:36,6,9,1295,7149
2023-03-02 12:34:36,6,10,1295,7149
2023-03-02 12:34:36,7,10,1295,7149
2023-03-02 12:34:36,7,9,1295,7149
2023-03-02 12:34:37,8,9,1295,7149
2023-03-02 12:35:06,8,10,1295,7149
2023-03-02 12:35:07,8,9,1295,7149
2023-03-02 12:35:30,8,10,1295,7149
2023-03-02 12:35:37,7,8,1300,7154
2023-03-02 12:36:01,8,11,1300,7164
2023-03-02 12:36:01,8,10,1300,7164
2023-03-02 12:36:09,7,10,1300,7164
2023-03-02 12:36:09,8,10,1300,7164
2023-03-02 12:36:27,6,10,1300,7164
2023-03-02 12:36:27,6,11,1300,7164
2023-03-02 12:36:28,7,11,1300,7164
2023-03-02 12:36:28,7,9,1300,7164
2023-03-02 12:36:43,7,10,1300,7164
2023-03-02 12:36:43,7,9,1300,7164
2023-03-02 12:36:58,7,10,1300,7164
2023-03-02 12:36:58,7,9,1300,7164
2023-03-02 12:37:04,7,9,1300,7214
2023-03-02 12:37:16,6,9,1300,7214
2023-03-02 12:37:16,6,10,1300,7214
2023-03-02 12:37:16,7,10,1300,7214
2023-03-02 12:37:16,7,9,1300,7214
2023-03-02 12:37:25,7,10,1300,7214
2023-03-02 12:37:25,8,10,1300,7214
2023-03-02 12:37:59,7,10,1300,7214
2023-03-02 12:38:31,7,11,1300,7214
2023-03-02 12:38:31,7,12,1300,7214
2023-03-02 12:38:31,8,12,1300,7214
2023-03-02 12:38:31,8,10,1300,7214
2023-03-02 12:38:59,8,11,1300,7214
2023-03-02 12:38:59,8,10,1300,7214
2023-03-02 12:39:18,8,11,1300,7214
2023-03-02 12:39:18,8,10,1300,7214
2023-03-02 12:39:36,8,11,1300,7214
2023-03-02 12:39:36,8,10,1300,7214
2023-03-02 12:39:49,8,11,1300,7214
2023-03-02 12:39:49,8,10,1300,7214
2023-03-02 12:40:09,8,11,1300,7214
2023-03-02 12:40:09,8,10,1300,7214
2023-03-02 12:40:32,8,11,1300,7214
2023-03-02 12:40:32,8,10,1300,7214
2023-03-02 12:40:56,8,11,1300,7214
2023-03-02 12:40:56,8,10,1300,7214
2023-03-02 12:41:24,8,11,1300,7214
2023-03-02 12:41:40,9,11,1300,7214
2023-03-02 12:41:54,9,10,1300,7214
2023-03-02 12:42:14,9,11,1300,7214
2023-03-02 12:42:43,9,13,1300,7214
2023-03-02 12:42:43,9,12,1300,7214
2023-03-02 12:42:43,9,11,1300,7214
2023-03-02 12:43:13,9,12,1300,7214
2023-03-02 12:43:13,9,11,1300,7214
2023-03-02 12:43:39,9,12,1300,7214
2023-03-02 12:43:39,9,13,1300,7214
2023-03-02 12:43:39,9,15,1300,7214
2023-03-02 12:43:40,9,11,1300,7214
2023-03-02 12:43:58,9,12,1300,7214
2023-03-02 12:43:58,9,11,1300,7214
2023-03-02 12:44:32,8,11,1300,7214
2023-03-02 12:44:32,8,12,1300,7214
2023-03-02 12:44:32,9,12,1300,7214
2023-03-02 12:44:32,9,11,1300,7214
2023-03-02 12:44:47,8,11,1300,7214
2023-03-02 12:44:48,8,12,1300,7214
2023-03-02 12:44:48,8,11,1300,7214
2023-03-02 12:45:16,9,11,1300,7214
2023-03-02 12:45:35,9,10,1300,7214
2023-03-02 12:45:48,9,11,1300,7214
2023-03-02 12:45:48,9,13,1300,7214
2023-03-02 12:45:49,9,12,1300,7214
2023-03-02 12:45:49,9,11,1300,7214
2023-03-02 12:45:50,9,11,1300,7219
2023-03-02 12:46:04,9,12,1300,7219
2023-03-02 12:46:04,9,11,1300,7219
2023-03-02 12:46:50,9,12,1300,7219
2023-03-02 12:46:51,10,12,1300,7219
2023-03-02 12:47:06,9,12,1300,7219
2023-03-02 12:47:06,10,12,1300,7219
2023-03-02 12:47:28,9,12,1300,7219
2023-03-02 12:47:28,9,11,1300,7219
2023-03-02 12:48:09,9,12,1300,7219
2023-03-02 12:48:09,9,11,1300,7219
2023-03-02 12:48:53,9,12,1300,7219
2023-03-02 12:48:53,9,11,1300,7219
2023-03-02 12:49:13,9,12,1300,7219
2023-03-02 12:49:13,9,13,1300,7219
2023-03-02 12:49:13,9,11,1300,7219
2023-03-02 12:49:26,9,13,1300,7219
2023-03-02 12:49:26,9,12,1300,7219
2023-03-02 12:49:26,9,11,1300,7219
2023-03-02 12:49:40,9,12,1300,7219
2023-03-02 12:49:40,9,11,1300,7219
2023-03-02 12:49:58,9,12,1300,7219
2023-03-02 12:50:35,9,13,1300,7219
2023-03-02 12:50:35,9,12,1300,7219
2023-03-02 12:50:45,9,13,1300,7219
2023-03-02 12:50:45,9,11,1300,7219
2023-03-02 12:51:02,9,12,1300,7219
2023-03-02 12:51:02,9,11,1300,7219
2023-03-02 12:51:32,8,11,1300,7219
2023-03-02 12:51:32,8,12,1300,7219
2023-03-02 12:51:32,8,11,1300,7219
2023-03-02 12:51:33,8,10,1300,7219
2023-03-02 12:51:41,8,11,1300,7219
2023-03-02 12:51:41,8,10,1300,7219
2023-03-02 12:51:59,8,11,1300,7219
2023-03-02 12:51:59,9,11,1300,7219
2023-03-02 12:52:36,8,11,1300,7219
2023-03-02 12:52:36,8,10,1300,7219
2023-03-02 12:52:49,8,11,1300,7219
2023-03-02 12:52:49,8,10,1300,7219
2023-03-02 12:53:07,8,11,1300,7219
2023-03-02 12:53:08,8,10,1300,7219
2023-03-02 12:53:34,8,10,1300,7224
2023-03-02 12:53:43,7,10,1300,7224
2023-03-02 12:53:43,8,10,1300,7224
2023-03-02 12:53:54,7,10,1300,7224
2023-03-02 12:53:54,6,10,1300,7224
2023-03-02 12:53:54,6,11,1300,7224
2023-03-02 12:53:54,7,11,1300,7224
2023-03-02 12:53:54,7,10,1300,7224
2023-03-02 12:53:54,7,9,1300,7224
2023-03-02 12:54:29,7,10,1300,7224
2023-03-02 12:54:29,7,9,1300,7224
2023-03-02 12:54:45,6,9,1300,7224
2023-03-02 12:54:45,6,10,1300,7224
2023-03-02 12:54:45,7,10,1300,7224
2023-03-02 12:54:45,7,9,1300,7224
2023-03-02 12:55:28,7,11,1300,7224
2023-03-02 12:55:28,7,10,1300,7224
2023-03-02 12:55:28,7,9,1300,7224
2023-03-02 12:55:37,7,10,1300,7224
2023-03-02 12:55:53,7,9,1300,7224
2023-03-02 12:56:13,6,9,1300,7224
2023-03-02 12:56:13,6,10,1300,7224
2023-03-02 12:56:13,7,10,1300,7224
2023-03-02 12:56:13,7,9,1300,7224
2023-03-02 12:56:35,6,9,1300,7224
2023-03-02 12:56:35,6,10,1300,7224
2023-03-02 12:56:35,7,10,1300,7224
2023-03-02 12:56:35,7,9,1300,7224
2023-03-02 12:56:59,6,9,1300,7224
2023-03-02 12:56:59,6,8,1300,7224
2023-03-02 12:57:16,6,9,1300,7224
2023-03-02 12:57:16,6,8,1300,7224
2023-03-02 12:57:33,6,9,1300,7224
2023-03-02 12:57:33,6,8,1300,7224
2023-03-02 12:57:43,6,9,1300,7224
2023-03-02 12:57:43,6,8,1300,7224
2023-03-02 12:58:12,6,9,1300,7224
2023-03-02 12:58:12,7,9,1300,7224
2023-03-02 12:58:37,6,9,1300,7224
2023-03-02 12:58:37,6,8,1300,7224
2023-03-02 12:59:27,6,9,1300,7224
2023-03-02 12:59:27,6,8,1300,7224
2023-03-02 13:00:06,6,9,1300,7224
2023-03-02 13:00:06,6,8,1300,7224
2023-03-02 13:00:36,6,11,1300,7224
2023-03-02 13:00:36,6,10,1300,7224
2023-03-02 13:00:36,6,9,1300,7224
2023-03-02 13:00:55,7,9,1300,7224
2023-03-02 13:01:06,6,9,1300,7224
2023-03-02 13:01:07,7,9,1300,7224
2023-03-02 13:01:36,6,9,1300,7224
2023-03-02 13:01:36,6,8,1300,7224
2023-03-02 13:01:56,5,8,1300,7224
2023-03-02 13:01:56,5,9,1300,7224
2023-03-02 13:01:57,5,11,1300,7224
2023-03-02 13:01:57,6,11,1300,7224
2023-03-02 13:01:57,6,8,1300,7224
2023-03-02 13:02:09,5,8,1300,7224
2023-03-02 13:02:09,5,9,1300,7224
2023-03-02 13:02:09,6,9,1300,7224
2023-03-02 13:02:09,6,8,1300,7224
2023-03-02 13:02:38,5,8,1300,7224
2023-03-02 13:02:56,6,8,1300,7224
2023-03-02 13:03:09,5,8,1300,7224
2023-03-02 13:03:09,5,10,1300,7224
2023-03-02 13:03:09,5,11,1300,7224
2023-03-02 13:03:09,6,11,1300,7224
2023-03-02 13:03:09,6,9,1300,7224
2023-03-02 13:03:09,6,8,1300,7224
2023-03-02 13:03:29,5,8,1300,7224
2023-03-02 13:03:29,5,9,1300,7224
2023-03-02 13:03:29,6,9,1300,7224
2023-03-02 13:03:29,6,8,1300,7224
2023-03-02 13:03:49,5,8,1300,7224
2023-03-02 13:03:49,5,9,1300,7224
2023-03-02 13:03:50,6,9,1300,7224
2023-03-02 13:03:50,6,8,1300,7224
2023-03-02 13:04:10,6,9,1300,7224
2023-03-02 13:04:10,6,8,1300,7224
2023-03-02 13:04:41,6,9,1300,7224
2023-03-02 13:04:41,6,10,1300,7224
2023-03-02 13:04:41,6,11,1300,7224
2023-03-02 13:04:41,6,8,1300,7224
2023-03-02 13:05:27,6,9,1300,7224
2023-03-02 13:05:27,6,10,1300,7224
2023-03-02 13:05:28,6,11,1300,7224
2023-03-02 13:05:28,6,8,1300,7224
2023-03-02 13:05:47,6,9,1300,7224
2023-03-02 13:06:05,6,8,1300,7224
2023-03-02 13:06:29,6,9,1300,7224
2023-03-02 13:06:29,6,11,1300,7224
2023-03-02 13:06:29,6,10,1300,7224
2023-03-02 13:06:29,6,8,1300,7224
2023-03-02 13:06:46,6,9,1300,7224
2023-03-02 13:06:46,6,8,1300,7224
2023-03-02 13:06:58,6,9,1300,7224
2023-03-02 13:06:58,6,8,1300,7224
2023-03-02 13:07:04,7,8,1300,7224
2023-03-02 13:07:27,7,9,1300,7224
2023-03-02 13:07:27,7,10,1300,7224
2023-03-02 13:07:28,7,9,1300,7224
2023-03-02 13:08:29,7,11,1300,7224
2023-03-02 13:08:29,7,10,1300,7224
2023-03-02 13:08:29,7,9,1300,7224
2023-03-02 13:08:43,6,9,1300,7224
2023-03-02 13:08:43,7,9,1300,7224
2023-03-02 13:08:57,6,9,1300,7224
2023-03-02 13:08:57,6,8,1300,7224
2023-03-02 13:09:25,6,9,1300,7224
2023-03-02 13:09:25,6,8,1300,7224
2023-03-02 13:09:46,6,9,1300,7224
2023-03-02 13:09:46,6,10,1300,7224
2023-03-02 13:09:46,6,8,1300,7224
2023-03-02 13:10:01,6,9,1300,7224
2023-03-02 13:10:01,6,8,1300,7224
2023-03-02 13:10:18,6,8,1347,7271
2023-03-02 13:10:32,5,8,1347,7271
2023-03-02 13:10:32,6,8,1347,7271
2023-03-02 13:10:52,6,8,1347,7336
2023-03-02 13:11:10,5,8,1347,7336
2023-03-02 13:11:10,6,8,1347,7336
2023-03-02 13:11:37,5,8,1347,7336
2023-03-02 13:11:37,6,8,1347,7336
2023-03-02 13:12:50,6,8,1364,7353
2023-03-02 13:13:10,5,8,1364,7353
2023-03-02 13:13:10,6,8,1364,7353
2023-03-02 13:13:26,6,8,1364,7354
2023-03-02 13:13:35,5,8,1364,7354
2023-03-02 13:13:35,6,8,1364,7354
2023-03-02 13:13:56,5,8,1364,7354
2023-03-02 13:13:56,6,8,1364,7354
2023-03-02 13:14:23,5,8,1364,7354
2023-03-02 13:14:23,5,9,1364,7354
2023-03-02 13:14:23,6,9,1364,7354
2023-03-02 13:14:23,6,8,1364,7354
2023-03-02 13:14:37,5,8,1364,7354
2023-03-02 13:14:37,5,9,1364,7354
2023-03-02 13:14:37,6,9,1364,7354
2023-03-02 13:14:37,6,8,1364,7354
2023-03-02 13:14:47,6,9,1364,7354
2023-03-02 13:14:47,6,8,1364,7354
2023-03-02 13:14:58,5,8,1364,7354
2023-03-02 13:14:58,6,8,1364,7354
2023-03-02 13:15:25,5,8,1364,7354
2023-03-02 13:15:25,6,8,1364,7354
2023-03-02 13:15:43,7,8,1364,7354
2023-03-02 13:15:57,7,9,1364,7354
2023-03-02 13:15:57,7,8,1364,7354
2023-03-02 13:16:27,7,9,1364,7354
2023-03-02 13:16:27,7,8,1364,7354
2023-03-02 13:16:38,7,9,1364,7354
2023-03-02 13:16:38,7,8,1364,7354
2023-03-02 13:16:59,7,9,1364,7354
2023-03-02 13:16:59,7,8,1364,7354
2023-03-02 13:17:05,7,9,1364,7354
2023-03-02 13:17:05,7,8,1364,7354
2023-03-02 13:17:12,7,9,1364,7354
2023-03-02 13:17:12,7,8,1364,7354
2023-03-02 13:17:27,7,9,1364,7354
2023-03-02 13:18:23,7,8,1364,7354
2023-03-02 13:19:25,6,8,1364,7384
2023-03-02 13:19:25,5,8,1364,7384
2023-03-02 13:19:26,5,9,1364,7384
2023-03-02 13:19:26,5,7,1364,7384
2023-03-02 13:19:32,5,8,1364,7384
2023-03-02 13:19:32,5,7,1364,7384
2023-03-02 13:19:45,5,8,1364,7384
2023-03-02 13:20:25,5,9,1364,7384
2023-03-02 13:20:25,5,7,1364,7384
2023-03-02 13:20:46,5,8,1364,7384
2023-03-02 13:20:46,6,8,1364,7384
2023-03-02 13:20:48,7,8,1364,7384
2023-03-02 13:21:25,7,9,1364,7384
2023-03-02 13:21:25,5,7,1374,7394
2023-03-02 13:21:32,5,8,1374,7394
2023-03-02 13:21:33,5,7,1374,7394
2023-03-02 13:21:38,5,8,1374,7394
2023-03-02 13:21:38,5,7,1374,7394
2023-03-02 13:21:47,6,7,1374,7394
2023-03-02 13:22:23,6,8,1374,7394
2023-03-02 13:22:23,6,7,1374,7394
2023-03-02 13:22:40,6,8,1374,7394
2023-03-02 13:22:40,6,7,1374,7394
2023-03-02 13:23:37,6,8,1374,7394
2023-03-02 13:23:37,6,7,1374,7394
2023-03-02 13:24:40,6,8,1374,7394
2023-03-02 13:24:40,6,7,1374,7394
2023-03-02 13:24:55,6,8,1374,7394
2023-03-02 13:24:55,6,7,1374,7394
2023-03-02 13:25:21,6,8,1374,7394
2023-03-02 13:25:21,6,7,1374,7394
2023-03-02 13:25:28,6,8,1374,7394
2023-03-02 13:25:42,6,9,1374,7394
2023-03-02 13:25:42,6,7,1374,7394
2023-03-02 13:25:55,6,8,1374,7394
2023-03-02 13:25:55,6,7,1374,7394
2023-03-02 13:26:25,6,8,1374,7394
2023-03-02 13:26:25,6,9,1374,7394
2023-03-02 13:26:25,6,8,1374,7394
2023-03-02 13:27:26,6,9,1374,7394
2023-03-02 13:27:26,6,8,1374,7394
2023-03-02 13:27:26,6,7,1374,7394
2023-03-02 13:27:43,6,8,1374,7394
2023-03-02 13:27:44,6,7,1374,7394
2023-03-02 13:28:26,6,8,1374,7394
2023-03-02 13:28:26,6,9,1374,7394
2023-03-02 13:28:26,6,7,1374,7394
2023-03-02 13:28:39,6,8,1374,7394
2023-03-02 13:28:39,6,7,1374,7394
2023-03-02 13:28:57,6,8,1374,7394
2023-03-02 13:28:57,6,7,1374,7394
2023-03-02 13:29:21,6,8,1374,7394
2023-03-02 13:29:21,6,7,1374,7394
2023-03-02 13:29:40,6,8,1374,7394
2023-03-02 13:29:41,6,7,1374,7394
2023-03-02 13:29:56,6,8,1374,7394
2023-03-02 13:30:57,6,9,1374,7394
2023-03-02 13:30:57,6,7,1374,7394
2023-03-02 13:31:25,6,8,1374,7394
2023-03-02 13:31:25,6,7,1374,7394
2023-03-02 13:31:48,6,9,1374,7394
2023-03-02 13:31:49,6,8,1374,7394
2023-03-02 13:31:49,6,7,1374,7394
2023-03-02 13:32:40,6,9,1374,7394
2023-03-02 13:32:40,6,8,1374,7394
2023-03-02 13:32:40,6,7,1374,7394
2023-03-02 13:33:56,6,8,1374,7394
2023-03-02 13:33:56,6,7,1374,7394
2023-03-02 13:34:22,4,6,1379,7399
2023-03-02 13:35:05,6,7,1556,7576
2023-03-02 13:35:08,4,6,1556,7637
2023-03-02 13:35:10,5,6,1556,7637
2023-03-02 13:35:28,5,8,1556,7637
2023-03-02 13:35:28,5,7,1556,7637
2023-03-02 13:35:28,3,5,1634,7715
2023-03-02 13:35:32,3,4,1634,7715
2023-03-02 13:35:46,2,4,1634,7715
2023-03-02 13:36:01,2,3,1634,7715
2023-03-02 13:36:05,2,4,1634,7715
2023-03-02 13:36:06,2,5,1634,7715
2023-03-02 13:36:06,2,4,1634,7715
2023-03-02 13:36:30,2,3,1634,7715
2023-03-02 13:37:50,2,8,1634,7715
2023-03-02 13:37:50,2,3,1634,7715
2023-03-02 13:38:22,2,8,1634,7715
2023-03-02 13:38:22,2,3,1634,7715
2023-03-02 13:38:53,2,8,1634,7715
2023-03-02 13:38:53,2,3,1634,7715
2023-03-02 13:40:25,2,7,1634,7715
2023-03-02 13:41:22,2,3,1634,7715
2023-03-02 13:41:52,2,7,1634,7715
2023-03-02 13:42:07,2,7,1634,7715
2023-03-02 13:42:35,2,3,1634,7715
2023-03-02 13:43:25,2,7,1634,7715
2023-03-02 13:45:39,2,8,1634,7715
2023-03-02 13:45:39,2,3,1634,7715
2023-03-02 13:45:53,2,8,1634,7715
2023-03-02 13:46:18,2,3,1634,7715
2023-03-02 13:46:33,2,8,1634,7715
2023-03-02 13:46:55,2,3,1634,7715
2023-03-02 13:47:01,2,8,1634,7715
2023-03-02 13:48:01,2,3,1634,7715
2023-03-02 13:48:15,2,8,1634,7715
2023-03-02 13:48:51,2,3,1634,7715
2023-03-02 13:49:16,2,8,1634,7715
2023-03-02 13:49:16,2,3,1634,7715
2023-03-02 13:49:20,2,8,1634,7715
2023-03-02 13:51:07,2,3,1634,7715
2023-03-02 13:56:25,2,3,1569,7780
2023-03-02 14:01:11,1,3,1569,7785
2023-03-02 14:01:12,0,3,1569,7785
2023-03-02 14:01:12,0,1,1569,7785
2023-03-02 14:01:37,0,3,1569,7785
2023-03-02 14:02:56,0,3,1556,7850
2023-03-02 14:18:53,0,1,1556,7850
2023-03-02 14:19:09,0,3,1556,7850
2023-03-02 14:27:00,0,1,1556,7850
2023-03-02 14:42:12,0,1,1526,7880
2023-03-02 14:46:14,0,1,1478,7980
