datetime,bid,ask,open_interest,volume
2023-03-29 09:30:02,47,59,1019,1716
2023-03-29 09:30:12,47,58,1019,1716
2023-03-29 09:30:25,46,58,1019,1716
2023-03-29 09:30:32,56,58,1019,1716
2023-03-29 09:30:40,45,56,1179,1876
2023-03-29 09:31:00,45,58,1179,1876
2023-03-29 09:31:03,55,62,1819,2676
2023-03-29 09:31:03,60,62,1819,2676
2023-03-29 09:31:04,60,62,2019,2876
2023-03-29 09:31:06,60,62,2219,3076
2023-03-29 09:31:08,60,62,2419,3276
2023-03-29 09:31:12,55,62,2619,3476
2023-03-29 09:31:23,55,61,2619,3476
2023-03-29 09:31:30,56,61,2619,3476
2023-03-29 09:32:03,57,61,2619,3476
2023-03-29 09:32:29,56,61,2619,3476
2023-03-29 09:32:29,56,60,2619,3476
2023-03-29 09:32:33,56,59,2619,3476
2023-03-29 09:33:01,57,59,2619,3476
2023-03-29 09:34:12,59,62,2620,3477
2023-03-29 09:34:49,59,61,2620,3477
2023-03-29 09:35:19,61,62,2720,3577
2023-03-29 09:35:19,61,62,2908,3765
2023-03-29 09:35:19,61,62,2928,3785
2023-03-29 09:35:19,61,62,3128,3985
2023-03-29 09:35:23,61,62,3328,4185
2023-03-29 09:35:25,61,62,3528,4385
2023-03-29 09:35:27,59,61,3619,4476
2023-03-29 09:35:36,59,62,3619,4476
2023-03-29 09:35:36,57,62,3619,4476
2023-03-29 09:35:37,59,62,3619,4476
2023-03-29 09:35:51,59,61,3619,4476
2023-03-29 09:35:54,61,62,3719,4576
2023-03-29 09:36:07,61,62,3719,4616
2023-03-29 09:36:35,62,64,3761,4668
2023-03-29 09:36:35,62,63,3761,4668
2023-03-29 09:37:00,63,64,3918,4825
2023-03-29 09:37:00,63,64,3968,4875
2023-03-29 09:37:01,63,64,4091,4998
2023-03-29 09:37:42,64,65,4451,5358
2023-03-29 09:37:43,63,64,4609,5516
2023-03-29 09:37:48,63,65,4609,5516
2023-03-29 09:37:55,63,65,4709,5616
2023-03-29 09:37:56,64,65,4709,5616
2023-03-29 09:38:02,63,65,4709,5616
2023-03-29 09:38:06,63,66,4709,5616
2023-03-29 09:38:06,63,65,4709,5616
2023-03-29 09:38:54,64,65,4709,5616
2023-03-29 09:38:56,64,65,4759,5666
2023-03-29 09:38:56,64,65,4901,5808
2023-03-29 09:38:56,64,65,4959,5866
2023-03-29 09:38:56,64,66,4959,5866
2023-03-29 09:38:57,64,66,5059,5966
2023-03-29 09:38:57,64,66,5109,6016
2023-03-29 09:39:00,64,65,5109,6016
2023-03-29 09:39:06,64,66,5109,6016
2023-03-29 09:39:07,64,65,5109,6016
2023-03-29 09:39:49,65,66,5153,6060
2023-03-29 09:39:56,63,65,5153,6516
2023-03-29 09:39:58,63,64,5153,6516
2023-03-29 09:40:08,63,66,5153,6516
2023-03-29 09:40:14,64,66,5153,6516
2023-03-29 09:40:24,64,65,5153,6516
2023-03-29 09:40:25,64,66,5153,6516
2023-03-29 09:40:29,62,66,5153,6516
2023-03-29 09:40:29,62,65,5153,6516
2023-03-29 09:40:29,63,65,5153,6516
2023-03-29 09:40:40,63,66,5153,6516
2023-03-29 09:40:41,63,65,5153,6516
2023-03-29 09:40:46,64,65,5153,6516
2023-03-29 09:40:57,64,66,5153,6516
2023-03-29 09:41:00,64,66,5253,6616
2023-03-29 09:41:05,64,65,5253,6616
2023-03-29 09:41:11,64,66,5253,6616
2023-03-29 09:41:15,64,65,5253,6616
2023-03-29 09:41:17,64,66,5253,6616
2023-03-29 09:41:26,64,65,5253,6616
2023-03-29 09:41:27,64,66,5253,6616
2023-03-29 09:41:30,64,65,5253,6616
2023-03-29 09:41:32,64,66,5253,6616
2023-03-29 09:41:41,64,65,5253,6616
2023-03-29 09:41:43,64,66,5253,6616
2023-03-29 09:41:46,64,65,5253,6616
2023-03-29 09:41:58,64,66,5253,6616
2023-03-29 09:41:59,63,66,5253,6616
2023-03-29 09:41:59,63,65,5253,6616
2023-03-29 09:42:00,63,64,5253,6616
2023-03-29 09:42:03,61,64,5253,6616
2023-03-29 09:42:03,62,64,5253,6616
2023-03-29 09:42:09,63,64,5253,6616
2023-03-29 09:42:33,61,64,5253,6616
2023-03-29 09:42:42,62,64,5253,6616
2023-03-29 09:43:01,62,63,5253,6616
2023-03-29 09:43:03,63,64,5353,6716
2023-03-29 09:43:17,64,65,5453,6816
2023-03-29 09:43:25,65,66,5553,6916
2023-03-29 09:43:33,66,67,5913,7276
2023-03-29 09:43:48,67,68,6113,7476
2023-03-29 09:43:55,66,68,6113,7476
2023-03-29 09:44:01,66,68,6146,7576
2023-03-29 09:44:02,67,68,6146,7576
2023-03-29 09:44:29,67,68,6186,7616
2023-03-29 09:44:35,65,68,6186,7616
2023-03-29 09:45:02,65,69,6186,7616
2023-03-29 09:45:02,65,68,6186,7616
2023-03-29 09:45:02,65,69,6186,7616
2023-03-29 09:45:03,65,68,6186,7616
2023-03-29 09:45:07,68,69,6286,7716
2023-03-29 09:45:10,68,69,6297,7727
2023-03-29 09:45:20,68,69,6493,7923
2023-03-29 09:45:21,68,69,6538,7968
2023-03-29 09:45:28,68,69,6583,8013
2023-03-29 09:45:35,68,69,6628,8058
2023-03-29 09:45:36,68,69,6673,8103
2023-03-29 09:45:38,68,69,6673,8447
2023-03-29 09:45:39,68,69,6723,8497
2023-03-29 09:45:39,64,68,6842,8616
2023-03-29 09:45:39,63,68,6842,8616
2023-03-29 09:45:39,63,67,6842,8616
2023-03-29 09:45:40,62,67,6842,8616
2023-03-29 09:45:40,62,66,6842,8616
2023-03-29 09:45:41,62,67,6842,8616
2023-03-29 09:46:05,62,63,6842,8616
2023-03-29 09:46:06,64,66,6842,8716
2023-03-29 09:47:49,65,66,6842,8716
2023-03-29 09:48:02,65,66,6842,8820
2023-03-29 09:48:03,66,67,6938,8916
2023-03-29 09:48:10,66,68,6938,8916
2023-03-29 09:48:23,67,68,6938,8916
2023-03-29 09:49:35,67,68,7186,9164
2023-03-29 09:49:53,67,68,7375,9353
2023-03-29 09:49:54,66,68,7375,9353
2023-03-29 09:49:54,66,67,7375,9353
2023-03-29 09:49:55,64,66,7375,9383
2023-03-29 09:49:57,63,66,7375,9383
2023-03-29 09:50:09,64,66,7375,9383
2023-03-29 09:50:37,65,66,7375,9383
2023-03-29 09:50:59,65,66,7312,9503
2023-03-29 09:51:49,65,66,7312,9543
2023-03-29 09:52:14,65,67,7312,9543
2023-03-29 09:52:32,67,68,7431,9662
2023-03-29 09:53:24,65,68,7431,9662
2023-03-29 09:54:03,65,67,7431,9662
2023-03-29 09:54:15,65,66,7431,9662
2023-03-29 09:54:48,64,66,7431,9662
2023-03-29 09:55:17,64,65,7431,9662
2023-03-29 09:56:19,64,65,7431,9762
2023-03-29 09:56:19,63,65,7431,9762
2023-03-29 09:57:18,63,66,7431,9762
2023-03-29 09:57:21,63,65,7431,9762
2023-03-29 09:57:53,64,65,7431,9762
2023-03-29 09:58:27,63,65,7431,9762
2023-03-29 10:00:01,65,66,7531,9862
2023-03-29 10:00:08,64,66,7531,9862
2023-03-29 10:00:08,64,66,7609,9940
2023-03-29 10:00:32,63,66,7609,9940
2023-03-29 10:00:32,65,66,7609,9940
2023-03-29 10:00:47,63,66,7609,9940
2023-03-29 10:00:47,64,66,7609,9940
2023-03-29 10:00:47,66,67,7614,9962
2023-03-29 10:01:03,64,67,7614,9962
2023-03-29 10:01:03,63,67,7614,9962
2023-03-29 10:01:03,64,67,7614,9962
2023-03-29 10:01:07,65,67,7614,9962
2023-03-29 10:01:49,63,67,7614,9962
2023-03-29 10:01:49,64,67,7614,9962
2023-03-29 10:02:30,65,67,7614,9962
2023-03-29 10:03:37,66,67,7614,9962
2023-03-29 10:03:53,65,67,7614,9962
2023-03-29 10:04:23,65,67,7674,10022
2023-03-29 10:04:32,65,68,7674,10022
2023-03-29 10:04:38,67,68,7674,10022
2023-03-29 10:04:54,65,68,7674,10022
2023-03-29 10:04:54,65,69,7674,10022
2023-03-29 10:04:54,67,69,7674,10022
2023-03-29 10:05:09,65,69,7674,10022
2023-03-29 10:05:09,66,69,7674,10022
2023-03-29 10:05:11,66,68,7674,10022
2023-03-29 10:05:32,66,67,7674,10022
2023-03-29 10:05:55,66,67,7734,10082
2023-03-29 10:06:11,67,68,7774,10122
2023-03-29 10:06:28,65,68,7794,10142
2023-03-29 10:06:34,65,66,7794,10142
2023-03-29 10:07:08,64,66,7794,10142
2023-03-29 10:07:35,64,65,7794,10142
2023-03-29 10:08:10,64,66,7794,10242
2023-03-29 10:08:37,64,68,7794,10242
2023-03-29 10:08:39,64,67,7794,10242
2023-03-29 10:08:39,64,66,7794,10242
2023-03-29 10:08:39,63,64,7634,10402
2023-03-29 10:08:40,63,66,7614,10422
2023-03-29 10:08:42,64,66,7614,10422
2023-03-29 10:08:42,65,66,7614,10422
2023-03-29 10:08:54,65,68,7614,10422
2023-03-29 10:08:55,65,67,7614,10422
2023-03-29 10:08:55,65,67,7789,10602
2023-03-29 10:09:10,65,66,7789,10602
2023-03-29 10:09:26,65,67,7789,10602
2023-03-29 10:09:26,65,67,8029,10842
2023-03-29 10:09:26,65,66,8029,10842
2023-03-29 10:09:28,65,66,8054,10867
2023-03-29 10:09:40,65,66,8094,10907
2023-03-29 10:10:28,65,66,8154,10967
2023-03-29 10:10:34,63,66,8309,11122
2023-03-29 10:10:36,63,65,8309,11122
2023-03-29 10:10:38,63,64,8309,11122
2023-03-29 10:11:52,63,65,8309,11222
2023-03-29 10:13:20,63,64,8309,11222
2023-03-29 10:13:39,63,64,8309,11261
2023-03-29 10:13:48,63,64,8309,11262
2023-03-29 10:14:00,63,64,8309,11287
2023-03-29 10:14:12,63,64,8309,11312
2023-03-29 10:14:24,63,64,8309,11337
2023-03-29 10:14:36,61,62,8309,11389
2023-03-29 10:14:45,60,62,8309,11389
2023-03-29 10:14:54,60,62,8309,11408
2023-03-29 10:15:04,57,62,8309,11408
2023-03-29 10:15:06,57,60,8309,11408
2023-03-29 10:15:15,57,62,8309,11408
2023-03-29 10:15:16,57,61,8309,11408
2023-03-29 10:15:28,60,61,8309,11408
2023-03-29 10:15:32,60,62,8309,11408
2023-03-29 10:15:32,60,62,8309,11448
2023-03-29 10:15:34,60,62,8309,11478
2023-03-29 10:15:37,60,62,8309,11481
2023-03-29 10:16:28,60,61,8309,11481
2023-03-29 10:16:59,60,63,8309,11481
2023-03-29 10:16:59,60,62,8309,11481
2023-03-29 10:16:59,60,63,8309,11481
2023-03-29 10:17:00,60,63,8309,11501
2023-03-29 10:17:14,61,63,8309,11501
2023-03-29 10:17:16,61,65,8309,11501
2023-03-29 10:17:29,63,65,8309,11501
2023-03-29 10:17:59,61,65,8309,11501
2023-03-29 10:18:00,63,65,8309,11501
2023-03-29 10:18:14,62,65,8309,11501
2023-03-29 10:18:14,63,65,8309,11501
2023-03-29 10:18:31,62,65,8309,11501
2023-03-29 10:18:31,64,65,8309,11501
2023-03-29 10:18:35,64,66,8309,11501
2023-03-29 10:18:41,64,66,8309,11524
2023-03-29 10:18:46,62,66,8309,11524
2023-03-29 10:18:46,64,66,8309,11524
2023-03-29 10:19:02,62,66,8309,11524
2023-03-29 10:19:03,64,66,8309,11524
2023-03-29 10:19:16,62,66,8309,11524
2023-03-29 10:19:16,65,66,8309,11524
2023-03-29 10:19:17,65,66,8309,11546
2023-03-29 10:19:32,62,66,8309,11546
2023-03-29 10:19:32,63,66,8309,11546
2023-03-29 10:19:47,62,66,8309,11546
2023-03-29 10:19:47,63,66,8309,11546
2023-03-29 10:20:04,62,66,8309,11546
2023-03-29 10:20:04,63,66,8309,11546
2023-03-29 10:20:18,62,66,8309,11546
2023-03-29 10:20:18,64,66,8309,11546
2023-03-29 10:20:32,62,66,8309,11546
2023-03-29 10:20:32,63,66,8309,11546
2023-03-29 10:20:32,65,66,8309,11546
2023-03-29 10:20:48,63,66,8309,11546
2023-03-29 10:20:48,65,66,8309,11546
2023-03-29 10:21:04,63,66,8309,11546
2023-03-29 10:21:04,65,66,8309,11546
2023-03-29 10:21:19,62,66,8309,11546
2023-03-29 10:21:19,64,66,8309,11546
2023-03-29 10:21:37,62,66,8309,11546
2023-03-29 10:21:37,64,66,8309,11546
2023-03-29 10:21:51,62,66,8309,11546
2023-03-29 10:21:51,64,66,8309,11546
2023-03-29 10:22:06,62,66,8309,11546
2023-03-29 10:22:06,63,66,8309,11546
2023-03-29 10:22:06,65,66,8309,11546
2023-03-29 10:22:21,63,66,8309,11546
2023-03-29 10:22:21,62,66,8309,11546
2023-03-29 10:22:22,63,66,8309,11546
2023-03-29 10:22:37,62,66,8309,11546
2023-03-29 10:22:37,65,66,8309,11546
2023-03-29 10:22:51,63,66,8309,11546
2023-03-29 10:22:51,65,66,8309,11546
2023-03-29 10:23:24,63,66,8309,11546
2023-03-29 10:23:24,65,66,8309,11546
2023-03-29 10:23:38,63,66,8309,11546
2023-03-29 10:23:39,65,66,8309,11546
2023-03-29 10:23:54,62,66,8309,11546
2023-03-29 10:23:54,64,66,8309,11546
2023-03-29 10:23:56,62,66,8309,11546
2023-03-29 10:24:03,61,66,8309,11546
2023-03-29 10:24:31,61,64,8309,11546
2023-03-29 10:25:15,60,63,8309,11546
2023-03-29 10:25:31,59,63,8309,11546
2023-03-29 10:25:33,59,62,8309,11546
2023-03-29 10:25:35,59,63,8309,11546
2023-03-29 10:25:40,59,62,8309,11546
2023-03-29 10:25:54,58,62,8309,11546
2023-03-29 10:26:06,60,62,8309,11546
2023-03-29 10:26:15,60,63,8309,11546
2023-03-29 10:26:40,60,64,8309,11546
2023-03-29 10:27:09,60,63,8309,11546
2023-03-29 10:27:56,59,63,8309,11546
2023-03-29 10:27:56,59,62,8309,11546
2023-03-29 10:28:08,59,63,8309,11546
2023-03-29 10:28:23,59,62,8309,11546
2023-03-29 10:28:30,59,63,8309,11546
2023-03-29 10:28:35,59,62,8309,11546
2023-03-29 10:28:45,59,63,8309,11546
2023-03-29 10:29:39,60,63,8309,11546
2023-03-29 10:29:59,60,64,8309,11546
2023-03-29 10:30:06,62,64,8309,11546
2023-03-29 10:30:43,60,64,8309,11546
2023-03-29 10:31:39,60,62,8309,11546
2023-03-29 10:31:59,61,62,8309,11546
2023-03-29 10:32:29,61,64,8309,11546
2023-03-29 10:32:31,62,64,8309,11546
2023-03-29 10:32:33,62,65,8309,11546
2023-03-29 10:33:06,62,64,8309,11546
2023-03-29 10:33:08,61,64,8309,11546
2023-03-29 10:33:36,61,63,8309,11546
2023-03-29 10:34:14,61,64,8309,11546
2023-03-29 10:34:30,60,64,8309,11546
2023-03-29 10:34:35,60,63,8309,11546
2023-03-29 10:35:22,59,63,8309,11546
2023-03-29 10:35:23,59,62,8309,11546
2023-03-29 10:35:24,59,63,8309,11546
2023-03-29 10:35:40,59,62,8309,11546
2023-03-29 10:35:44,59,63,8309,11546
2023-03-29 10:36:16,59,62,8309,11546
2023-03-29 10:36:46,59,61,8309,11546
2023-03-29 10:36:47,58,61,8309,11546
2023-03-29 10:37:06,58,62,8309,11546
2023-03-29 10:37:33,58,61,8309,11546
2023-03-29 10:37:38,58,60,8309,11546
2023-03-29 10:38:08,58,59,8309,11546
2023-03-29 10:38:10,58,60,8309,11546
2023-03-29 10:38:12,58,59,8309,11546
2023-03-29 10:38:26,58,60,8309,11546
2023-03-29 10:39:06,58,59,8309,11546
2023-03-29 10:39:09,58,60,8309,11546
2023-03-29 10:39:27,58,59,8309,11546
2023-03-29 10:39:28,55,59,8309,11546
2023-03-29 10:39:44,57,59,8309,11546
2023-03-29 10:39:57,57,60,8309,11546
2023-03-29 10:39:57,57,59,8309,11546
2023-03-29 10:40:14,57,58,8309,11546
2023-03-29 10:40:52,56,57,8149,11706
2023-03-29 10:40:57,55,57,8149,11706
2023-03-29 10:41:16,55,57,8149,11718
2023-03-29 10:41:29,54,57,8149,11718
2023-03-29 10:41:30,54,56,8149,11718
2023-03-29 10:41:36,54,57,8149,11718
2023-03-29 10:41:38,54,57,8255,11824
2023-03-29 10:41:45,54,55,8255,11824
2023-03-29 10:42:25,54,58,8255,11831
2023-03-29 10:42:30,54,59,8255,11831
2023-03-29 10:42:30,55,59,8255,11831
2023-03-29 10:42:32,56,59,8255,11831
2023-03-29 10:42:39,57,59,8255,11831
2023-03-29 10:42:49,57,58,8255,11831
2023-03-29 10:43:21,57,58,8255,11835
2023-03-29 10:43:27,57,60,8255,11835
2023-03-29 10:43:35,57,59,8255,11835
2023-03-29 10:44:07,57,60,8255,11835
2023-03-29 10:44:07,57,59,8255,11835
2023-03-29 10:44:52,56,59,8255,11835
2023-03-29 10:45:21,56,58,8255,11835
2023-03-29 10:45:29,56,57,8255,11835
2023-03-29 10:45:30,55,56,8215,11875
2023-03-29 10:45:31,55,56,8215,11879
2023-03-29 10:45:35,54,56,8215,11879
2023-03-29 10:45:39,54,55,8215,11879
2023-03-29 10:45:41,53,55,8215,11879
2023-03-29 10:45:46,53,56,8215,11879
2023-03-29 10:45:49,52,56,8215,11879
2023-03-29 10:45:51,54,56,8215,11879
2023-03-29 10:46:35,54,55,8215,11879
2023-03-29 10:46:37,53,55,8215,11879
2023-03-29 10:46:43,53,56,8215,11879
2023-03-29 10:46:49,53,55,8215,11879
2023-03-29 10:47:02,53,54,8215,11879
2023-03-29 10:47:03,52,54,8215,11879
2023-03-29 10:47:08,50,54,8215,11879
2023-03-29 10:47:09,51,54,8215,11879
2023-03-29 10:47:12,51,55,8215,11879
2023-03-29 10:47:20,52,55,8215,11879
2023-03-29 10:47:27,54,55,8215,11879
2023-03-29 10:47:40,54,56,8215,11879
2023-03-29 10:47:56,54,56,8215,11887
2023-03-29 10:48:06,55,56,8215,11887
2023-03-29 10:48:21,54,56,8215,11887
2023-03-29 10:48:49,53,56,8215,11887
2023-03-29 10:49:06,53,55,8215,11887
2023-03-29 10:49:07,52,55,8215,11887
2023-03-29 10:49:13,52,56,8215,11887
2023-03-29 10:49:14,55,56,8215,11887
2023-03-29 10:49:15,52,55,8215,11987
2023-03-29 10:49:24,53,55,8215,11987
2023-03-29 10:49:25,53,56,8215,11987
2023-03-29 10:49:42,54,56,8215,11987
2023-03-29 10:50:19,55,56,8215,11987
2023-03-29 10:50:29,55,58,8215,12067
2023-03-29 10:50:29,55,59,8215,12067
2023-03-29 10:50:29,56,59,8215,12067
2023-03-29 10:50:41,56,58,8215,12067
2023-03-29 10:50:44,56,57,8215,12067
2023-03-29 10:50:45,55,57,8215,12067
2023-03-29 10:50:47,55,58,8215,12067
2023-03-29 10:50:54,55,59,8215,12067
2023-03-29 10:50:58,55,58,8215,12067
2023-03-29 10:50:59,56,58,8215,12067
2023-03-29 10:51:11,56,59,8215,12067
2023-03-29 10:51:15,55,59,8215,12067
2023-03-29 10:51:25,55,58,8215,12067
2023-03-29 10:51:32,55,59,8215,12067
2023-03-29 10:51:43,55,58,8215,12067
2023-03-29 10:51:44,55,59,8215,12067
2023-03-29 10:51:45,56,59,8215,12067
2023-03-29 10:51:48,56,58,8215,12067
2023-03-29 10:51:52,56,59,8215,12067
2023-03-29 10:51:53,56,58,8215,12067
2023-03-29 10:52:00,56,57,8215,12067
2023-03-29 10:52:01,55,57,8215,12067
2023-03-29 10:52:01,54,57,8215,12067
2023-03-29 10:52:07,54,58,8215,12067
2023-03-29 10:52:09,54,57,8215,12067
2023-03-29 10:52:10,54,58,8215,12067
2023-03-29 10:52:20,54,57,8215,12067
2023-03-29 10:52:25,54,56,8215,12067
2023-03-29 10:52:29,54,55,8215,12067
2023-03-29 10:52:32,54,55,8215,12117
2023-03-29 10:52:32,54,55,8215,12232
2023-03-29 10:52:32,52,55,8215,12232
2023-03-29 10:52:32,53,55,8215,12232
2023-03-29 10:52:33,53,54,8215,12232
2023-03-29 10:52:48,52,54,8215,12232
2023-03-29 10:52:48,53,54,8215,12232
2023-03-29 10:53:23,53,57,8215,12282
2023-03-29 10:53:50,54,57,8215,12282
2023-03-29 10:54:16,54,56,8215,12282
2023-03-29 10:54:22,53,56,8215,12282
2023-03-29 10:55:45,53,57,8215,12282
2023-03-29 10:55:45,53,56,8215,12282
2023-03-29 10:55:55,53,57,8215,12282
2023-03-29 10:56:11,53,56,8215,12282
2023-03-29 10:56:24,53,57,8215,12282
2023-03-29 10:56:32,54,57,8215,12282
2023-03-29 10:56:38,55,57,8215,12282
2023-03-29 10:56:41,55,58,8215,12282
2023-03-29 10:56:48,55,59,8215,12282
2023-03-29 10:56:48,55,58,8215,12282
2023-03-29 10:56:50,56,58,8215,12282
2023-03-29 10:56:55,56,59,8215,12282
2023-03-29 10:57:33,56,58,8215,12282
2023-03-29 10:57:34,56,57,8215,12282
2023-03-29 10:57:36,56,58,8215,12282
2023-03-29 10:57:40,56,57,8215,12282
2023-03-29 10:57:42,54,57,8215,12282
2023-03-29 10:57:42,55,57,8215,12282
2023-03-29 10:57:45,55,56,8215,12282
2023-03-29 10:57:46,54,56,8215,12282
2023-03-29 10:57:48,54,57,8215,12282
2023-03-29 10:58:08,54,56,8215,12282
2023-03-29 10:58:12,53,56,8215,12282
2023-03-29 10:58:14,53,55,8215,12282
2023-03-29 10:58:14,52,55,8215,12282
2023-03-29 10:58:15,52,54,8215,12282
2023-03-29 10:58:17,52,53,8215,12282
2023-03-29 10:58:18,50,53,8215,12282
2023-03-29 10:58:18,50,54,8215,12282
2023-03-29 10:58:19,50,53,8215,12282
2023-03-29 10:58:21,50,54,8215,12282
2023-03-29 10:58:22,50,53,8215,12282
2023-03-29 10:58:37,50,54,8215,12282
2023-03-29 10:58:39,51,54,8215,12282
2023-03-29 10:58:42,51,53,8215,12282
2023-03-29 10:58:43,51,54,8215,12282
2023-03-29 10:58:46,51,53,8215,12282
2023-03-29 10:59:26,51,54,8215,12282
2023-03-29 10:59:45,51,53,8215,12282
2023-03-29 10:59:47,51,54,8215,12282
2023-03-29 11:00:14,51,55,8215,12282
2023-03-29 11:00:21,51,54,8215,12282
2023-03-29 11:00:40,51,53,8215,12282
2023-03-29 11:00:42,51,54,8215,12282
2023-03-29 11:01:02,51,55,8215,12282
2023-03-29 11:01:03,52,55,8215,12282
2023-03-29 11:01:05,52,54,8215,12282
2023-03-29 11:01:05,52,55,8215,12282
2023-03-29 11:01:09,52,54,8215,12282
2023-03-29 11:01:34,51,54,8215,12282
2023-03-29 11:01:35,51,53,8215,12282
2023-03-29 11:01:44,51,54,8215,12282
2023-03-29 11:02:08,53,54,8215,12282
2023-03-29 11:02:10,53,55,8215,12282
2023-03-29 11:02:16,53,56,8215,12282
2023-03-29 11:02:23,53,55,8215,12282
2023-03-29 11:02:56,53,56,8215,12282
2023-03-29 11:04:05,54,56,8215,12282
2023-03-29 11:04:05,55,56,8215,12282
2023-03-29 11:04:30,55,57,8215,12282
2023-03-29 11:04:43,55,58,8215,12282
2023-03-29 11:04:55,55,57,8215,12282
2023-03-29 11:05:20,55,58,8215,12282
2023-03-29 11:05:28,56,58,8215,12282
2023-03-29 11:05:47,56,59,8215,12282
2023-03-29 11:05:47,56,58,8215,12282
2023-03-29 11:06:18,55,58,8215,12282
2023-03-29 11:06:24,55,58,8230,12297
2023-03-29 11:07:03,56,58,8230,12297
2023-03-29 11:08:42,56,59,8230,12297
2023-03-29 11:08:50,57,59,8230,12297
2023-03-29 11:09:25,57,60,8230,12297
2023-03-29 11:09:25,57,59,8230,12297
2023-03-29 11:09:35,58,59,8230,12297
2023-03-29 11:09:38,58,61,8308,12417
2023-03-29 11:09:38,58,60,8308,12417
2023-03-29 11:09:42,59,60,8308,12417
2023-03-29 11:09:44,59,61,8308,12417
2023-03-29 11:09:49,60,61,8308,12417
2023-03-29 11:09:55,60,62,8308,12417
2023-03-29 11:10:07,59,62,8308,12417
2023-03-29 11:10:10,59,61,8308,12417
2023-03-29 11:10:20,59,62,8308,12417
2023-03-29 11:10:36,59,61,8308,12417
2023-03-29 11:10:44,59,62,8308,12417
2023-03-29 11:10:53,60,62,8308,12417
2023-03-29 11:11:21,60,61,8308,12417
2023-03-29 11:11:23,60,61,8324,12529
2023-03-29 11:11:28,59,61,8324,12529
2023-03-29 11:12:34,59,60,8324,12529
2023-03-29 11:13:19,57,60,8324,12529
2023-03-29 11:13:47,57,61,8324,12529
2023-03-29 11:13:49,59,61,8324,12529
2023-03-29 11:14:15,57,61,8324,12529
2023-03-29 11:14:21,57,60,8324,12529
2023-03-29 11:14:24,57,59,8324,12529
2023-03-29 11:14:33,57,60,8324,12529
2023-03-29 11:14:35,57,61,8324,12529
2023-03-29 11:14:36,57,60,8324,12529
2023-03-29 11:14:36,57,61,8324,12529
2023-03-29 11:15:07,57,60,8324,12529
2023-03-29 11:15:08,59,60,8324,12529
2023-03-29 11:15:20,59,61,8324,12529
2023-03-29 11:15:24,57,61,8324,12529
2023-03-29 11:15:24,57,60,8324,12529
2023-03-29 11:15:37,57,60,8325,12530
2023-03-29 11:15:37,57,61,8325,12530
2023-03-29 11:15:51,59,61,8325,12530
2023-03-29 11:15:59,59,62,8325,12530
2023-03-29 11:15:59,59,61,8325,12530
2023-03-29 11:15:59,59,62,8325,12530
2023-03-29 11:16:22,60,62,8325,12530
2023-03-29 11:16:39,60,63,8325,12530
2023-03-29 11:17:03,61,63,8325,12530
2023-03-29 11:18:15,61,62,8325,12530
2023-03-29 11:18:16,60,62,8325,12530
2023-03-29 11:18:26,59,62,8325,12530
2023-03-29 11:19:05,59,61,8325,12530
2023-03-29 11:19:14,58,61,8325,12530
2023-03-29 11:19:15,57,61,8325,12530
2023-03-29 11:19:15,57,60,8325,12530
2023-03-29 11:19:17,57,59,8325,12530
2023-03-29 11:19:25,57,58,8325,12530
2023-03-29 11:19:33,55,58,8325,12530
2023-03-29 11:19:59,55,59,8325,12530
2023-03-29 11:20:02,55,58,8325,12530
2023-03-29 11:20:06,55,59,8325,12530
2023-03-29 11:20:11,56,59,8325,12530
2023-03-29 11:20:13,56,60,8325,12530
2023-03-29 11:20:13,56,59,8325,12530
2023-03-29 11:20:13,56,60,8325,12530
2023-03-29 11:20:21,57,60,8325,12530
2023-03-29 11:20:41,57,61,8325,12530
2023-03-29 11:20:41,57,60,8325,12530
2023-03-29 11:20:52,58,60,8325,12530
2023-03-29 11:20:53,59,60,8325,12530
2023-03-29 11:21:07,59,61,8325,12530
2023-03-29 11:21:07,59,62,8325,12530
2023-03-29 11:21:07,59,61,8325,12530
2023-03-29 11:21:26,59,62,8325,12530
2023-03-29 11:22:11,59,63,8325,12530
2023-03-29 11:22:13,61,63,8325,12530
2023-03-29 11:22:27,61,64,8325,12530
2023-03-29 11:22:49,61,63,8325,12530
2023-03-29 11:23:14,61,66,8325,12530
2023-03-29 11:23:14,61,64,8325,12530
2023-03-29 11:23:47,61,63,8325,12530
2023-03-29 11:24:16,61,64,8325,12530
2023-03-29 11:24:46,61,63,8325,12530
2023-03-29 11:24:59,61,64,8325,12530
2023-03-29 11:25:36,61,63,8325,12530
2023-03-29 11:26:28,61,62,8325,12530
2023-03-29 11:26:29,61,62,8371,12576
2023-03-29 11:26:30,59,62,8371,12576
2023-03-29 11:27:10,59,63,8371,12576
2023-03-29 11:27:10,60,63,8371,12576
2023-03-29 11:27:10,60,62,8371,12576
2023-03-29 11:27:10,60,63,8371,12576
2023-03-29 11:27:12,61,63,8371,12576
2023-03-29 11:27:50,61,62,8371,12576
2023-03-29 11:28:13,59,62,8371,12576
2023-03-29 11:28:29,60,62,8371,12576
2023-03-29 11:28:36,61,62,8371,12576
2023-03-29 11:30:47,61,62,8371,12656
2023-03-29 11:31:37,61,62,8433,12718
2023-03-29 11:31:42,62,63,8433,12736
2023-03-29 11:31:48,61,63,8433,12736
2023-03-29 11:31:48,61,63,8433,12816
2023-03-29 11:31:50,63,64,8433,12896
2023-03-29 11:32:05,61,64,8433,12896
2023-03-29 11:32:05,59,64,8433,12896
2023-03-29 11:32:05,63,64,8433,12896
2023-03-29 11:32:18,61,64,8433,12896
2023-03-29 11:32:19,63,64,8433,12896
2023-03-29 11:32:34,64,66,8433,13056
2023-03-29 11:32:41,63,66,8433,13056
2023-03-29 11:33:05,64,66,8433,13056
2023-03-29 11:33:21,63,66,8433,13056
2023-03-29 11:33:21,62,66,8433,13056
2023-03-29 11:33:21,64,66,8433,13056
2023-03-29 11:33:38,66,67,8425,13064
2023-03-29 11:34:08,64,67,8425,13064
2023-03-29 11:34:08,60,67,8425,13064
2023-03-29 11:34:08,61,67,8425,13064
2023-03-29 11:34:08,63,67,8425,13064
2023-03-29 11:34:08,65,67,8425,13064
2023-03-29 11:34:22,63,67,8425,13064
2023-03-29 11:34:22,61,67,8425,13064
2023-03-29 11:34:23,64,67,8425,13064
2023-03-29 11:34:39,62,67,8425,13064
2023-03-29 11:34:39,64,67,8425,13064
2023-03-29 11:35:08,62,67,8425,13064
2023-03-29 11:35:08,60,67,8425,13064
2023-03-29 11:35:08,61,67,8425,13064
2023-03-29 11:35:08,65,67,8425,13064
2023-03-29 11:35:40,63,67,8425,13064
2023-03-29 11:35:40,65,67,8425,13064
2023-03-29 11:35:55,61,67,8425,13064
2023-03-29 11:35:56,62,67,8425,13064
2023-03-29 11:35:56,64,67,8425,13064
2023-03-29 11:36:11,62,67,8425,13064
2023-03-29 11:36:11,64,67,8425,13064
2023-03-29 11:36:26,62,67,8425,13064
2023-03-29 11:36:26,61,67,8425,13064
2023-03-29 11:36:27,65,67,8425,13064
2023-03-29 11:37:00,63,67,8425,13064
2023-03-29 11:37:00,65,67,8425,13064
2023-03-29 11:37:14,63,67,8425,13064
2023-03-29 11:37:14,65,67,8425,13064
2023-03-29 11:37:29,63,67,8425,13064
2023-03-29 11:37:29,65,67,8425,13064
2023-03-29 11:37:45,63,67,8425,13064
2023-03-29 11:37:45,65,67,8425,13064
2023-03-29 11:38:01,61,67,8425,13064
2023-03-29 11:38:01,62,67,8425,13064
2023-03-29 11:38:01,66,67,8425,13064
2023-03-29 11:38:16,64,67,8425,13064
2023-03-29 11:38:16,61,67,8425,13064
2023-03-29 11:38:16,65,67,8425,13064
2023-03-29 11:38:16,67,68,8424,13065
2023-03-29 11:38:23,63,68,8424,13065
2023-03-29 11:38:23,62,68,8424,13065
2023-03-29 11:39:13,67,68,8424,13065
2023-03-29 11:39:30,65,68,8424,13065
2023-03-29 11:39:30,67,68,8424,13065
2023-03-29 11:39:47,62,68,8424,13065
2023-03-29 11:39:47,64,68,8424,13065
2023-03-29 11:39:47,66,68,8424,13065
2023-03-29 11:40:03,64,68,8424,13065
2023-03-29 11:40:03,66,68,8424,13065
2023-03-29 11:40:18,64,68,8424,13065
2023-03-29 11:40:18,62,68,8424,13065
2023-03-29 11:40:18,63,68,8424,13065
2023-03-29 11:40:18,65,68,8424,13065
2023-03-29 11:40:32,63,68,8424,13065
2023-03-29 11:40:32,65,68,8424,13065
2023-03-29 11:40:49,63,68,8424,13065
2023-03-29 11:40:49,65,68,8424,13065
2023-03-29 11:41:06,63,68,8424,13065
2023-03-29 11:41:06,60,68,8424,13065
2023-03-29 11:41:06,64,68,8424,13065
2023-03-29 11:41:06,66,68,8424,13065
2023-03-29 11:41:18,60,68,8424,13065
2023-03-29 11:41:19,63,68,8424,13065
2023-03-29 11:41:19,65,68,8424,13065
2023-03-29 11:41:36,63,68,8424,13065
2023-03-29 11:41:36,65,68,8424,13065
2023-03-29 11:41:52,63,68,8424,13065
2023-03-29 11:41:52,65,68,8424,13065
2023-03-29 11:42:06,63,68,8424,13065
2023-03-29 11:42:07,65,68,8424,13065
2023-03-29 11:42:21,63,68,8424,13065
2023-03-29 11:42:21,65,68,8424,13065
2023-03-29 11:42:37,59,68,8424,13065
2023-03-29 11:42:37,64,68,8424,13065
2023-03-29 11:42:37,64,67,8424,13065
2023-03-29 11:42:52,62,67,8424,13065
2023-03-29 11:42:52,64,67,8424,13065
2023-03-29 11:43:21,59,67,8424,13065
2023-03-29 11:43:21,61,67,8424,13065
2023-03-29 11:43:22,65,67,8424,13065
2023-03-29 11:43:38,63,67,8424,13065
2023-03-29 11:43:39,65,67,8424,13065
2023-03-29 11:44:08,63,67,8424,13065
2023-03-29 11:44:08,65,67,8424,13065
2023-03-29 11:44:25,65,68,8424,13065
2023-03-29 11:44:41,60,68,8424,13065
2023-03-29 11:44:41,62,68,8424,13065
2023-03-29 11:44:41,64,68,8424,13065
2023-03-29 11:44:41,64,67,8424,13065
2023-03-29 11:44:57,62,67,8424,13065
2023-03-29 11:44:57,64,67,8424,13065
2023-03-29 11:45:13,62,67,8424,13065
2023-03-29 11:45:13,60,67,8424,13065
2023-03-29 11:45:13,60,68,8424,13065
2023-03-29 11:45:13,61,68,8424,13065
2023-03-29 11:45:13,63,68,8424,13065
2023-03-29 11:45:13,65,68,8424,13065
2023-03-29 11:45:28,63,68,8424,13065
2023-03-29 11:45:28,65,68,8424,13065
2023-03-29 11:45:43,63,68,8424,13065
2023-03-29 11:45:43,65,68,8424,13065
2023-03-29 11:45:59,63,68,8424,13065
2023-03-29 11:45:59,61,68,8424,13065
2023-03-29 11:45:59,62,68,8424,13065
2023-03-29 11:45:59,64,68,8424,13065
2023-03-29 11:45:59,66,68,8424,13065
2023-03-29 11:46:14,64,68,8424,13065
2023-03-29 11:46:14,66,68,8424,13065
2023-03-29 11:46:29,64,68,8424,13065
2023-03-29 11:46:29,66,68,8424,13065
2023-03-29 11:46:37,64,68,8424,13065
2023-03-29 11:46:37,62,68,8424,13065
2023-03-29 11:46:52,67,68,8424,13065
2023-03-29 11:47:23,65,68,8424,13065
2023-03-29 11:47:23,67,68,8424,13065
2023-03-29 11:47:28,65,68,8424,13065
2023-03-29 11:47:28,62,68,8424,13065
2023-03-29 11:47:32,63,68,8424,13065
2023-03-29 11:47:39,67,68,8424,13065
2023-03-29 11:47:57,65,68,8424,13065
2023-03-29 11:47:57,63,68,8424,13065
2023-03-29 11:48:10,65,68,8424,13065
2023-03-29 11:48:11,67,68,8424,13065
2023-03-29 11:48:26,65,68,8424,13065
2023-03-29 11:48:26,67,68,8424,13065
2023-03-29 11:48:48,63,68,8424,13065
2023-03-29 11:49:09,67,68,8424,13065
2023-03-29 11:49:11,63,68,8424,13065
2023-03-29 11:49:33,68,71,8423,13066
2023-03-29 11:49:46,66,71,8423,13066
2023-03-29 11:49:46,68,71,8423,13066
2023-03-29 11:50:05,66,71,8423,13066
2023-03-29 11:50:05,68,71,8423,13066
2023-03-29 11:50:19,66,71,8423,13066
2023-03-29 11:50:19,63,71,8423,13066
2023-03-29 11:50:19,67,71,8423,13066
2023-03-29 11:50:35,68,71,8423,13066
2023-03-29 11:51:05,66,71,8423,13066
2023-03-29 11:51:05,64,71,8423,13066
2023-03-29 11:51:05,63,71,8423,13066
2023-03-29 11:51:06,65,71,8423,13066
2023-03-29 11:51:06,67,71,8423,13066
2023-03-29 11:51:06,67,70,8423,13066
2023-03-29 11:51:22,65,70,8423,13066
2023-03-29 11:51:22,67,70,8423,13066
2023-03-29 11:51:37,65,70,8423,13066
2023-03-29 11:51:37,65,71,8423,13066
2023-03-29 11:51:37,67,71,8423,13066
2023-03-29 11:51:37,67,70,8423,13066
2023-03-29 11:51:52,65,70,8423,13066
2023-03-29 11:51:52,65,71,8423,13066
2023-03-29 11:51:52,67,71,8423,13066
2023-03-29 11:52:06,65,71,8423,13066
2023-03-29 11:52:06,67,71,8423,13066
2023-03-29 11:52:06,67,70,8423,13066
2023-03-29 11:52:09,67,70,8473,13116
2023-03-29 11:52:23,65,70,8473,13116
2023-03-29 11:52:23,65,71,8473,13116
2023-03-29 11:52:23,67,71,8473,13116
2023-03-29 11:52:23,67,70,8473,13116
2023-03-29 11:52:39,65,70,8473,13116
2023-03-29 11:52:39,65,71,8473,13116
2023-03-29 11:52:39,67,71,8473,13116
2023-03-29 11:53:22,67,72,8473,13116
2023-03-29 11:53:22,67,71,8473,13116
2023-03-29 11:53:25,63,71,8473,13116
2023-03-29 11:53:25,63,72,8473,13116
2023-03-29 11:53:25,68,72,8473,13116
2023-03-29 11:53:38,66,72,8473,13116
2023-03-29 11:53:38,63,72,8473,13116
2023-03-29 11:53:38,63,73,8473,13116
2023-03-29 11:53:40,65,73,8473,13116
2023-03-29 11:54:02,65,74,8473,13116
2023-03-29 11:54:02,65,73,8473,13116
2023-03-29 11:54:09,65,74,8473,13116
2023-03-29 11:54:41,66,74,8473,13116
2023-03-29 11:54:56,66,75,8473,13116
2023-03-29 11:54:56,66,74,8473,13116
2023-03-29 11:55:43,67,74,8473,13116
2023-03-29 11:55:50,67,75,8473,13116
2023-03-29 11:55:56,67,76,8473,13116
2023-03-29 11:55:56,67,75,8473,13116
2023-03-29 11:56:21,67,75,8476,13119
2023-03-29 11:56:21,67,76,8476,13119
2023-03-29 11:56:21,67,75,8476,13119
2023-03-29 11:56:45,68,75,8476,13119
2023-03-29 11:58:45,67,75,8476,13119
2023-03-29 11:59:48,68,75,8476,13119
2023-03-29 11:59:58,68,76,8476,13119
2023-03-29 12:01:04,68,77,8476,13119
2023-03-29 12:01:25,68,77,8476,13120
2023-03-29 12:01:25,74,77,8476,13120
2023-03-29 12:01:30,74,78,8476,13120
2023-03-29 12:03:27,74,77,8476,13120
2023-03-29 12:03:46,74,76,8476,13120
2023-03-29 12:04:04,72,77,8476,13120
2023-03-29 12:05:57,72,76,8476,13120
2023-03-29 12:05:59,72,77,8476,13120
2023-03-29 12:06:02,72,76,8476,13120
2023-03-29 12:06:26,72,75,8476,13120
2023-03-29 12:06:44,69,75,8476,13120
2023-03-29 12:06:44,69,74,8476,13120
2023-03-29 12:06:44,70,74,8476,13120
2023-03-29 12:06:45,70,75,8476,13120
2023-03-29 12:06:46,70,74,8476,13120
2023-03-29 12:06:57,70,73,8476,13120
2023-03-29 12:06:58,64,73,8476,13120
2023-03-29 12:06:58,64,72,8476,13120
2023-03-29 12:06:58,68,72,8476,13120
2023-03-29 12:07:15,68,71,8476,13120
2023-03-29 12:07:17,68,72,8476,13120
2023-03-29 12:07:18,68,71,8476,13120
2023-03-29 12:07:27,68,72,8476,13120
2023-03-29 12:07:27,68,71,8476,13120
2023-03-29 12:08:28,69,71,8476,13120
2023-03-29 12:08:44,70,71,8476,13120
2023-03-29 12:08:54,70,72,8476,13120
2023-03-29 12:09:02,70,73,8476,13120
2023-03-29 12:09:35,70,72,8476,13120
2023-03-29 12:09:49,68,72,8476,13120
2023-03-29 12:09:49,70,72,8476,13120
2023-03-29 12:10:01,70,73,8476,13120
2023-03-29 12:10:07,70,72,8476,13120
2023-03-29 12:10:28,70,71,8476,13120
2023-03-29 12:10:36,68,71,8476,13120
2023-03-29 12:10:36,69,71,8476,13120
2023-03-29 12:11:00,69,72,8476,13120
2023-03-29 12:11:01,69,73,8476,13120
2023-03-29 12:11:01,69,72,8476,13120
2023-03-29 12:11:14,69,73,8476,13120
2023-03-29 12:11:22,68,73,8476,13120
2023-03-29 12:11:22,70,73,8476,13120
2023-03-29 12:11:38,71,73,8476,13120
2023-03-29 12:12:19,70,73,8476,13120
2023-03-29 12:12:22,72,73,8476,13120
2023-03-29 12:13:05,71,73,8476,13120
2023-03-29 12:13:32,70,73,8476,13120
2023-03-29 12:13:57,70,72,8476,13120
2023-03-29 12:13:59,70,73,8476,13120
2023-03-29 12:14:06,70,75,8476,13120
2023-03-29 12:14:07,70,74,8476,13120
2023-03-29 12:14:12,70,75,8476,13120
2023-03-29 12:14:27,72,75,8476,13120
2023-03-29 12:14:40,72,77,8476,13120
2023-03-29 12:14:47,67,77,8476,13120
2023-03-29 12:16:47,74,76,8476,13120
2023-03-29 12:17:07,72,77,8476,13120
2023-03-29 12:17:07,72,76,8476,13120
2023-03-29 12:17:07,72,77,8476,13120
2023-03-29 12:17:46,74,77,8476,13120
2023-03-29 12:18:26,74,78,8476,13120
2023-03-29 12:18:54,76,78,8476,13120
2023-03-29 12:21:07,76,77,8476,13120
2023-03-29 12:27:44,76,78,8726,13370
2023-03-29 12:28:45,76,77,8726,13370
2023-03-29 12:28:48,74,77,8726,13370
2023-03-29 12:29:15,74,78,8726,13370
2023-03-29 12:29:16,74,77,8726,13370
2023-03-29 12:29:26,74,78,8726,13370
2023-03-29 12:29:26,74,77,8726,13370
2023-03-29 12:30:07,75,77,8726,13370
2023-03-29 12:30:54,76,77,8726,13370
2023-03-29 12:31:15,76,78,8726,13370
2023-03-29 12:35:15,76,77,8726,13370
2023-03-29 12:36:15,76,78,8726,13370
2023-03-29 12:36:15,76,77,8726,13370
2023-03-29 12:36:27,76,78,8726,13370
2023-03-29 12:37:57,76,77,8726,13370
2023-03-29 12:38:42,76,77,8726,13570
2023-03-29 12:38:44,76,77,8726,13770
2023-03-29 12:38:46,76,77,8726,13970
2023-03-29 12:38:48,76,78,8726,14170
2023-03-29 12:42:22,76,77,8726,14170
2023-03-29 12:42:23,76,78,8726,14170
2023-03-29 12:42:24,76,77,8726,14170
2023-03-29 12:42:42,74,76,8476,14420
2023-03-29 12:42:45,73,76,8476,14420
2023-03-29 12:42:46,74,76,8476,14420
2023-03-29 12:43:14,73,76,8476,14420
2023-03-29 12:43:14,74,76,8476,14420
2023-03-29 12:43:26,73,76,8476,14420
2023-03-29 12:43:26,74,76,8476,14420
2023-03-29 12:43:46,72,76,8476,14420
2023-03-29 12:43:46,73,76,8476,14420
2023-03-29 12:43:46,73,75,8476,14420
2023-03-29 12:44:12,73,75,8476,14670
2023-03-29 12:44:15,72,75,8476,14670
2023-03-29 12:44:15,74,75,8476,14670
2023-03-29 12:44:24,72,75,8476,14670
2023-03-29 12:44:24,74,75,8476,14670
2023-03-29 12:45:16,72,75,8476,14670
2023-03-29 12:45:16,74,75,8476,14670
2023-03-29 12:45:23,72,74,8438,14708
2023-03-29 12:45:26,73,74,8438,14708
2023-03-29 12:45:47,71,74,8438,14708
2023-03-29 12:45:47,72,74,8438,14708
2023-03-29 12:46:14,71,74,8438,14708
2023-03-29 12:46:14,73,74,8438,14708
2023-03-29 12:47:16,72,74,8438,14708
2023-03-29 12:47:33,72,73,8438,14708
2023-03-29 12:47:43,72,74,8438,14708
2023-03-29 12:47:44,72,73,8438,14708
2023-03-29 12:47:54,71,72,8364,14782
2023-03-29 12:48:28,71,73,8364,14782
2023-03-29 12:49:15,71,74,8364,14782
2023-03-29 12:49:15,71,73,8364,14782
2023-03-29 12:49:16,71,74,8364,14782
2023-03-29 12:49:24,72,74,8364,14782
2023-03-29 12:49:36,72,74,8364,14792
2023-03-29 12:50:07,72,75,8364,14792
2023-03-29 12:50:17,72,74,8364,14792
2023-03-29 12:50:26,72,75,8364,14792
2023-03-29 12:50:28,73,75,8364,14792
2023-03-29 12:51:09,74,75,8364,14792
2023-03-29 12:51:31,74,75,8364,15042
2023-03-29 12:51:32,74,75,8437,15115
2023-03-29 12:53:54,75,76,8388,15164
2023-03-29 12:53:54,75,76,8437,15213
2023-03-29 12:53:58,74,76,8437,15213
2023-03-29 12:54:26,74,77,8437,15213
2023-03-29 12:54:26,74,76,8437,15213
2023-03-29 12:54:27,74,76,8597,15373
2023-03-29 12:54:38,74,77,8597,15373
2023-03-29 12:54:38,74,76,8597,15373
2023-03-29 12:54:45,74,77,8597,15373
2023-03-29 12:54:45,74,76,8597,15373
2023-03-29 12:56:21,74,75,8597,15373
2023-03-29 12:56:55,73,75,8597,15373
2023-03-29 12:57:15,72,75,8597,15373
2023-03-29 12:57:21,72,74,8597,15373
2023-03-29 12:57:22,72,73,8597,15373
2023-03-29 12:57:48,71,73,8597,15373
2023-03-29 12:58:04,71,72,8597,15373
2023-03-29 12:59:00,71,72,8647,15423
2023-03-29 12:59:00,71,72,8775,15551
2023-03-29 12:59:00,70,72,8847,15623
2023-03-29 12:59:00,70,71,8847,15623
2023-03-29 12:59:15,68,71,8847,15623
2023-03-29 12:59:25,69,71,8847,15623
2023-03-29 12:59:41,70,71,8847,15623
2023-03-29 12:59:55,70,72,8847,15654
2023-03-29 13:00:11,71,72,8847,15654
2023-03-29 13:00:32,70,72,8847,15654
2023-03-29 13:00:33,70,71,8847,15654
2023-03-29 13:00:40,70,72,8847,15654
2023-03-29 13:01:02,70,71,8847,15654
2023-03-29 13:01:44,70,72,8847,15654
2023-03-29 13:01:44,70,71,8847,15654
2023-03-29 13:02:16,70,71,8731,15770
2023-03-29 13:02:17,70,71,8731,15808
2023-03-29 13:02:27,70,71,8731,15846
2023-03-29 13:02:27,68,71,8731,15846
2023-03-29 13:02:37,69,71,8731,15846
2023-03-29 13:02:55,69,72,8731,15890
2023-03-29 13:02:55,69,71,8731,15890
2023-03-29 13:02:55,69,72,8731,15890
2023-03-29 13:03:05,69,71,8731,15890
2023-03-29 13:03:06,69,72,8731,15890
2023-03-29 13:03:09,69,71,8731,15890
2023-03-29 13:03:10,69,72,8731,15890
2023-03-29 13:03:11,70,72,8731,15890
2023-03-29 13:03:24,70,73,8731,15927
2023-03-29 13:03:25,70,72,8731,15927
2023-03-29 13:03:31,70,73,8731,16119
2023-03-29 13:03:38,71,73,8731,16119
2023-03-29 13:03:46,70,73,8731,16119
2023-03-29 13:03:46,72,73,8731,16119
2023-03-29 13:03:56,72,73,8641,16209
2023-03-29 13:04:04,72,74,8597,16253
2023-03-29 13:04:05,72,75,8597,16253
2023-03-29 13:04:14,74,75,8597,16253
2023-03-29 13:04:27,73,75,8481,16413
2023-03-29 13:04:37,72,75,8481,16413
2023-03-29 13:04:37,73,75,8481,16413
2023-03-29 13:05:17,72,75,8481,16413
2023-03-29 13:05:17,74,75,8481,16413
2023-03-29 13:05:26,72,75,8481,16413
2023-03-29 13:05:26,74,75,8481,16413
2023-03-29 13:05:38,72,75,8481,16413
2023-03-29 13:05:38,74,75,8481,16413
2023-03-29 13:05:47,72,75,8481,16413
2023-03-29 13:05:47,74,75,8481,16413
2023-03-29 13:06:06,74,77,8481,16413
2023-03-29 13:06:15,75,77,8481,16413
2023-03-29 13:06:26,74,77,8481,16413
2023-03-29 13:06:26,75,77,8481,16413
2023-03-29 13:06:36,74,77,8481,16413
2023-03-29 13:06:36,75,77,8481,16413
2023-03-29 13:06:47,74,77,8481,16413
2023-03-29 13:06:47,75,77,8481,16413
2023-03-29 13:07:16,76,77,8481,16413
2023-03-29 13:07:26,75,77,8481,16413
2023-03-29 13:07:26,76,77,8481,16413
2023-03-29 13:07:40,76,77,8481,16449
2023-03-29 13:07:47,76,77,8481,16485
2023-03-29 13:08:07,77,78,8481,16663
2023-03-29 13:08:23,77,78,8481,16863
2023-03-29 13:08:24,77,78,9117,17499
2023-03-29 13:08:25,78,80,9117,17538
2023-03-29 13:08:33,79,80,9117,17538
2023-03-29 13:08:37,79,81,9117,17538
2023-03-29 13:09:39,79,80,9117,17538
2023-03-29 13:10:18,79,80,9117,17738
2023-03-29 13:10:19,80,81,9117,17788
2023-03-29 13:10:26,79,81,9117,17788
2023-03-29 13:10:26,80,81,9117,17788
2023-03-29 13:10:47,79,81,9117,17788
2023-03-29 13:10:47,80,81,9117,17788
2023-03-29 13:11:14,79,81,9117,17788
2023-03-29 13:11:14,80,81,9117,17788
2023-03-29 13:11:25,79,81,9117,17788
2023-03-29 13:11:26,80,81,9117,17788
2023-03-29 13:11:35,80,82,9117,17988
2023-03-29 13:11:38,79,82,9117,17988
2023-03-29 13:11:38,80,82,9117,17988
2023-03-29 13:11:59,80,81,9117,17988
2023-03-29 13:12:15,79,81,9117,17988
2023-03-29 13:12:26,80,81,9117,17988
2023-03-29 13:12:36,79,81,9117,17988
2023-03-29 13:12:54,79,82,9117,17988
2023-03-29 13:13:17,80,82,9117,17988
2023-03-29 13:13:26,79,82,9117,17988
2023-03-29 13:13:26,80,82,9117,17988
2023-03-29 13:13:37,80,81,9117,17988
2023-03-29 13:13:38,79,81,9117,17988
2023-03-29 13:13:38,80,81,9117,17988
2023-03-29 13:13:47,79,81,9117,17988
2023-03-29 13:13:55,79,82,9117,17988
2023-03-29 13:14:06,79,81,9117,17988
2023-03-29 13:14:19,79,82,9117,17988
2023-03-29 13:14:25,79,83,9117,17988
2023-03-29 13:14:25,80,83,9117,17988
2023-03-29 13:14:25,80,82,9117,17988
2023-03-29 13:14:36,79,82,9117,17988
2023-03-29 13:14:36,79,83,9117,17988
2023-03-29 13:14:36,80,83,9117,17988
2023-03-29 13:14:45,79,83,9117,17988
2023-03-29 13:14:45,80,83,9117,17988
2023-03-29 13:15:04,81,83,9117,17988
2023-03-29 13:15:16,81,82,9117,17988
2023-03-29 13:15:26,81,83,9117,17988
2023-03-29 13:18:11,81,82,9117,17988
2023-03-29 13:18:30,82,83,9073,18148
2023-03-29 13:18:37,81,83,9073,18148
2023-03-29 13:18:46,81,84,9073,18148
2023-03-29 13:18:46,81,83,9073,18148
2023-03-29 13:19:15,81,84,9073,18148
2023-03-29 13:19:15,81,83,9073,18148
2023-03-29 13:19:46,81,82,9073,18148
2023-03-29 13:20:02,80,82,9073,18148
2023-03-29 13:20:28,80,83,9073,18148
2023-03-29 13:20:40,81,83,9073,18148
2023-03-29 13:20:49,80,83,9073,18148
2023-03-29 13:20:59,80,83,9073,18159
2023-03-29 13:21:26,80,82,9073,18159
2023-03-29 13:21:47,80,83,9073,18159
2023-03-29 13:21:47,80,82,9073,18159
2023-03-29 13:24:18,80,83,9073,18159
2023-03-29 13:25:15,81,83,9073,18159
2023-03-29 13:25:39,82,83,9073,18159
2023-03-29 13:27:51,83,84,9073,18192
2023-03-29 13:27:59,82,84,9073,18192
2023-03-29 13:28:08,82,84,9073,18392
2023-03-29 13:28:10,82,84,9073,18592
2023-03-29 13:28:12,82,84,9073,18792
2023-03-29 13:28:13,82,84,9073,18992
2023-03-29 13:28:13,83,84,9073,18992
2023-03-29 13:28:14,83,84,9323,19242
2023-03-29 13:28:15,84,85,9323,19286
2023-03-29 13:28:27,83,85,9323,19286
2023-03-29 13:28:27,83,85,9015,19594
2023-03-29 13:28:27,83,85,8830,19779
2023-03-29 13:28:38,84,85,8830,19779
2023-03-29 13:29:14,83,85,8830,19779
2023-03-29 13:29:15,84,85,8830,19779
2023-03-29 13:29:37,83,85,8830,19779
2023-03-29 13:29:37,84,85,8830,19779
2023-03-29 13:29:44,84,86,8830,19779
2023-03-29 13:29:46,85,86,8830,19779
2023-03-29 13:30:05,85,86,8830,19855
2023-03-29 13:30:11,84,85,8811,19874
2023-03-29 13:30:41,82,85,8811,19874
2023-03-29 13:30:41,84,85,8811,19874
2023-03-29 13:30:47,82,85,8811,19874
2023-03-29 13:30:47,82,85,8698,20033
2023-03-29 13:30:47,83,85,8698,20033
2023-03-29 13:31:14,82,85,8698,20033
2023-03-29 13:31:15,84,85,8698,20033
2023-03-29 13:31:27,82,85,8698,20033
2023-03-29 13:31:27,84,85,8698,20033
2023-03-29 13:31:38,82,85,8698,20033
2023-03-29 13:31:38,83,85,8698,20033
2023-03-29 13:31:38,83,85,8698,20129
2023-03-29 13:31:38,83,86,8698,20129
2023-03-29 13:31:46,85,86,8698,20129
2023-03-29 13:32:17,82,86,8698,20129
2023-03-29 13:32:17,84,86,8698,20129
2023-03-29 13:32:25,82,86,8698,20129
2023-03-29 13:32:25,84,86,8698,20129
2023-03-29 13:32:38,83,86,8698,20129
2023-03-29 13:32:38,84,86,8698,20129
2023-03-29 13:32:47,83,86,8698,20129
2023-03-29 13:32:47,84,86,8698,20129
2023-03-29 13:32:56,84,85,8698,20129
2023-03-29 13:33:16,83,85,8698,20129
2023-03-29 13:33:16,84,85,8698,20129
2023-03-29 13:33:27,82,85,8698,20129
2023-03-29 13:33:27,84,85,8698,20129
2023-03-29 13:33:38,82,85,8698,20129
2023-03-29 13:33:38,83,85,8698,20129
2023-03-29 13:33:42,83,85,8583,20244
2023-03-29 13:33:47,82,85,8583,20244
2023-03-29 13:33:47,83,85,8583,20244
2023-03-29 13:34:07,83,84,8583,20244
2023-03-29 13:34:19,82,84,8583,20244
2023-03-29 13:34:19,82,83,8583,20244
2023-03-29 13:34:33,82,83,8583,20288
2023-03-29 13:34:37,82,83,8583,20378
2023-03-29 13:34:37,81,82,8583,20404
2023-03-29 13:34:37,81,82,8583,20434
2023-03-29 13:34:46,81,82,8583,20494
2023-03-29 13:34:46,81,82,8583,20524
2023-03-29 13:34:46,81,82,8857,20798
2023-03-29 13:34:48,81,82,8857,20828
2023-03-29 13:34:48,80,82,8893,20888
2023-03-29 13:34:52,79,82,8893,20888
2023-03-29 13:35:16,79,81,8893,20888
2023-03-29 13:35:33,79,81,8936,20967
2023-03-29 13:35:33,79,80,8936,20967
2023-03-29 13:35:33,78,80,9107,21138
2023-03-29 13:35:34,78,79,9107,21138
2023-03-29 13:35:36,78,79,8307,22738
2023-03-29 13:35:36,78,80,8307,22738
2023-03-29 13:35:39,76,80,8307,22738
2023-03-29 13:35:39,78,80,8307,22738
2023-03-29 13:35:40,78,79,8307,22738
2023-03-29 13:35:44,78,80,8307,22738
2023-03-29 13:35:44,76,80,8307,22767
2023-03-29 13:35:46,79,80,8307,22767
2023-03-29 13:35:46,76,80,8351,22811
2023-03-29 13:35:47,76,79,8351,22811
2023-03-29 13:35:47,76,77,8351,22811
2023-03-29 13:35:51,76,79,8378,22838
2023-03-29 13:36:01,76,78,8378,22838
2023-03-29 13:36:07,76,79,8378,22838
2023-03-29 13:36:09,76,79,8378,22949
2023-03-29 13:36:15,76,80,8378,22949
2023-03-29 13:36:15,76,80,8378,22976
2023-03-29 13:36:15,76,80,8378,23253
2023-03-29 13:36:15,76,80,8378,23530
2023-03-29 13:36:15,76,79,8378,23530
2023-03-29 13:36:25,76,79,8378,23585
2023-03-29 13:36:25,76,79,8490,23861
2023-03-29 13:36:25,76,77,8490,23861
2023-03-29 13:36:27,76,77,8490,23994
2023-03-29 13:36:28,77,79,8633,24137
2023-03-29 13:36:28,77,78,8633,24137
2023-03-29 13:36:36,77,79,8633,24137
2023-03-29 13:37:13,78,79,8633,24137
2023-03-29 13:37:36,77,79,8633,24137
2023-03-29 13:37:36,78,79,8633,24137
2023-03-29 13:37:44,78,79,8633,24168
2023-03-29 13:37:51,78,81,8633,24168
2023-03-29 13:37:51,78,80,8633,24168
2023-03-29 13:37:52,78,81,8633,24168
2023-03-29 13:38:07,78,80,8633,24168
2023-03-29 13:38:08,78,81,8633,24168
2023-03-29 13:38:10,78,80,8633,24168
2023-03-29 13:38:12,77,80,8633,24385
2023-03-29 13:38:15,78,80,8633,24385
2023-03-29 13:38:27,77,78,8450,24568
2023-03-29 13:38:41,77,79,8450,24568
2023-03-29 13:38:55,76,77,8965,25341
2023-03-29 13:38:59,76,78,8965,25341
2023-03-29 13:39:14,76,77,8965,25341
2023-03-29 13:39:15,74,77,8873,25433
2023-03-29 13:39:25,74,75,8873,25433
2023-03-29 13:39:27,74,77,8930,25490
2023-03-29 13:39:27,75,77,8930,25490
2023-03-29 13:39:30,76,77,8930,25490
2023-03-29 13:39:38,76,78,8930,25490
2023-03-29 13:39:38,76,77,8930,25490
2023-03-29 13:39:54,75,77,8930,25490
2023-03-29 13:40:18,74,77,8930,25490
2023-03-29 13:40:18,74,75,8930,25490
2023-03-29 13:40:27,74,77,8930,25490
2023-03-29 13:40:27,74,75,8930,25490
2023-03-29 13:40:37,74,77,8930,25490
2023-03-29 13:40:37,74,75,8930,25490
2023-03-29 13:40:42,74,75,8946,25506
2023-03-29 13:40:51,75,77,9043,25603
2023-03-29 13:41:15,76,77,9043,25603
2023-03-29 13:41:25,76,79,9043,25603
2023-03-29 13:41:25,76,78,9043,25603
2023-03-29 13:41:46,76,79,9043,25603
2023-03-29 13:41:46,76,78,9043,25603
2023-03-29 13:41:53,75,78,9043,25603
2023-03-29 13:42:15,75,77,9043,25603
2023-03-29 13:42:36,75,78,9043,25603
2023-03-29 13:42:36,75,77,9043,25603
2023-03-29 13:42:46,75,78,9043,25603
2023-03-29 13:42:46,75,77,9043,25603
2023-03-29 13:43:17,75,78,9043,25603
2023-03-29 13:43:17,75,77,9043,25603
2023-03-29 13:43:26,75,78,9043,25603
2023-03-29 13:43:26,75,77,9043,25603
2023-03-29 13:43:27,75,76,9043,25603
2023-03-29 13:43:49,74,76,9043,25603
2023-03-29 13:44:08,75,76,9043,25603
2023-03-29 13:44:15,75,77,9043,25603
2023-03-29 13:44:22,76,77,9043,25603
2023-03-29 13:44:23,77,78,9250,25810
2023-03-29 13:45:08,76,78,9250,25810
2023-03-29 13:45:15,75,78,9250,25810
2023-03-29 13:45:15,76,78,9250,25810
2023-03-29 13:45:18,76,77,9250,25810
2023-03-29 13:45:23,75,76,9192,25868
2023-03-29 13:45:39,74,75,9163,25897
2023-03-29 13:45:40,74,75,9163,25903
2023-03-29 13:46:11,74,77,9163,25903
2023-03-29 13:46:15,75,77,9163,25903
2023-03-29 13:46:26,74,77,9163,25903
2023-03-29 13:46:34,74,77,9163,26020
2023-03-29 13:46:41,74,76,9163,26020
2023-03-29 13:46:46,75,76,9163,26020
2023-03-29 13:47:08,75,77,9163,26020
2023-03-29 13:47:15,74,77,9163,26020
2023-03-29 13:47:15,75,77,9163,26020
2023-03-29 13:47:15,75,76,9163,26020
2023-03-29 13:47:18,74,76,9049,26134
2023-03-29 13:47:20,73,76,9049,26134
2023-03-29 13:47:25,72,76,9049,26134
2023-03-29 13:47:25,73,76,9049,26134
2023-03-29 13:47:28,72,73,8886,26297
2023-03-29 13:47:38,72,73,8832,26351
2023-03-29 13:47:42,72,76,8832,26384
2023-03-29 13:47:46,73,76,8832,26384
2023-03-29 13:48:12,74,76,8832,26384
2023-03-29 13:49:18,73,76,8832,26384
2023-03-29 13:49:21,74,76,8832,26384
2023-03-29 13:49:32,74,75,8832,26384
2023-03-29 13:49:59,74,76,8832,26384
2023-03-29 13:50:16,74,75,8832,26384
2023-03-29 13:50:20,72,75,8832,26384
2023-03-29 13:50:46,72,76,8832,26384
2023-03-29 13:50:47,72,75,8832,26384
2023-03-29 13:50:55,74,75,8832,26384
2023-03-29 13:51:12,74,76,8917,26469
2023-03-29 13:51:36,74,75,8917,26469
2023-03-29 13:51:45,74,76,8917,26469
2023-03-29 13:51:45,74,75,8917,26469
2023-03-29 13:51:46,73,75,8917,26469
2023-03-29 13:51:54,74,75,8917,26469
2023-03-29 13:51:56,73,75,8917,26469
2023-03-29 13:52:01,74,75,8917,26469
2023-03-29 13:52:02,73,75,8917,26469
2023-03-29 13:52:06,74,75,8917,26469
2023-03-29 13:52:16,74,76,8917,26469
2023-03-29 13:52:16,74,75,8917,26469
2023-03-29 13:52:20,73,75,8917,26469
2023-03-29 13:52:27,73,76,8917,26469
2023-03-29 13:52:27,73,75,8917,26469
2023-03-29 13:52:35,74,75,8917,26469
2023-03-29 13:52:48,74,76,8917,26469
2023-03-29 13:52:48,74,75,8917,26469
2023-03-29 13:53:15,74,77,8917,26469
2023-03-29 13:53:15,74,75,8917,26469
2023-03-29 13:54:13,73,75,8917,26469
2023-03-29 13:54:15,73,76,8917,26469
2023-03-29 13:54:15,73,75,8917,26469
2023-03-29 13:54:24,73,76,8917,26469
2023-03-29 13:54:24,73,75,8917,26469
2023-03-29 13:54:33,72,75,8917,26469
2023-03-29 13:54:33,72,73,8917,26469
2023-03-29 13:55:13,72,74,8667,26719
2023-03-29 13:55:16,72,75,8667,26719
2023-03-29 13:55:17,72,73,8667,26719
2023-03-29 13:55:23,72,75,8667,26745
2023-03-29 13:55:25,72,74,8667,26745
2023-03-29 13:55:36,72,74,8719,26797
2023-03-29 13:55:46,71,72,8827,26905
2023-03-29 13:56:15,71,72,8837,26915
2023-03-29 13:56:16,70,72,8837,26915
2023-03-29 13:56:30,72,73,8837,27015
2023-03-29 13:56:36,72,75,8837,27015
2023-03-29 13:56:37,72,74,8837,27015
2023-03-29 13:57:16,72,75,8837,27015
2023-03-29 13:57:21,72,75,8837,27226
2023-03-29 13:57:27,72,74,8837,27226
2023-03-29 13:57:38,72,75,8837,27226
2023-03-29 13:57:38,72,74,8837,27226
2023-03-29 13:57:51,71,74,8837,27226
2023-03-29 13:58:14,71,73,8837,27226
2023-03-29 13:58:25,70,73,8837,27226
2023-03-29 13:58:25,70,74,8837,27226
2023-03-29 13:58:25,70,73,8837,27226
2023-03-29 13:58:31,71,73,8837,27226
2023-03-29 13:58:46,71,74,8837,27226
2023-03-29 13:58:51,71,72,8837,27226
2023-03-29 13:59:12,71,72,8837,27267
2023-03-29 13:59:13,71,72,8769,27367
2023-03-29 13:59:25,69,72,8769,27367
2023-03-29 13:59:25,71,72,8769,27367
2023-03-29 13:59:28,72,74,8660,27476
2023-03-29 13:59:35,71,74,8660,27476
2023-03-29 13:59:38,69,74,8660,27476
2023-03-29 13:59:38,69,75,8660,27476
2023-03-29 13:59:38,70,75,8660,27476
2023-03-29 13:59:38,72,75,8660,27476
2023-03-29 13:59:38,72,74,8660,27476
2023-03-29 14:00:18,71,74,8660,27476
2023-03-29 14:00:18,70,74,8660,27476
2023-03-29 14:00:18,70,75,8660,27476
2023-03-29 14:00:18,72,75,8660,27476
2023-03-29 14:00:28,71,75,8660,27476
2023-03-29 14:00:28,73,75,8660,27476
2023-03-29 14:01:16,72,75,8660,27476
2023-03-29 14:01:16,72,74,8660,27476
2023-03-29 14:01:25,71,74,8660,27476
2023-03-29 14:01:25,71,75,8660,27476
2023-03-29 14:01:25,71,74,8660,27476
2023-03-29 14:01:38,69,74,8660,27476
2023-03-29 14:01:38,69,75,8660,27476
2023-03-29 14:01:38,72,75,8660,27476
2023-03-29 14:01:46,72,74,8660,27476
2023-03-29 14:02:15,71,74,8660,27476
2023-03-29 14:02:15,70,74,8660,27476
2023-03-29 14:02:15,70,75,8660,27476
2023-03-29 14:02:15,72,75,8660,27476
2023-03-29 14:02:25,69,75,8660,27476
2023-03-29 14:02:25,71,75,8660,27476
2023-03-29 14:02:25,71,73,8660,27476
2023-03-29 14:02:43,71,72,8660,27476
2023-03-29 14:02:44,71,73,8660,27476
2023-03-29 14:02:44,70,71,8636,27500
2023-03-29 14:02:45,70,71,8486,27656
2023-03-29 14:02:52,69,70,8469,27673
2023-03-29 14:03:05,69,70,8463,27802
2023-03-29 14:03:40,69,72,8563,27906
2023-03-29 14:03:46,69,73,8563,27906
2023-03-29 14:03:47,69,72,8563,27906
2023-03-29 14:04:14,69,73,8563,27906
2023-03-29 14:04:14,69,72,8563,27906
2023-03-29 14:04:25,69,73,8563,27906
2023-03-29 14:04:25,69,72,8563,27906
2023-03-29 14:04:36,69,73,8563,27906
2023-03-29 14:04:36,69,72,8563,27906
2023-03-29 14:04:41,71,72,8563,27906
2023-03-29 14:05:03,71,72,8597,27940
2023-03-29 14:05:07,72,74,8597,28132
2023-03-29 14:05:08,73,74,8597,28132
2023-03-29 14:05:11,72,74,8597,28132
2023-03-29 14:05:12,73,74,8597,28132
2023-03-29 14:05:14,71,74,8597,28132
2023-03-29 14:05:17,71,75,8597,28132
2023-03-29 14:05:28,72,75,8597,28132
2023-03-29 14:05:29,73,75,8597,28132
2023-03-29 14:05:32,72,75,8597,28132
2023-03-29 14:05:47,71,75,8597,28132
2023-03-29 14:05:47,71,74,8597,28132
2023-03-29 14:06:15,71,75,8597,28132
2023-03-29 14:06:15,71,74,8597,28132
2023-03-29 14:06:26,69,74,8597,28132
2023-03-29 14:06:26,70,74,8597,28132
2023-03-29 14:06:26,70,73,8597,28132
2023-03-29 14:06:28,71,73,8597,28132
2023-03-29 14:06:58,71,73,8621,28156
2023-03-29 14:07:06,71,74,8717,28252
2023-03-29 14:07:06,73,74,8717,28252
2023-03-29 14:07:08,74,75,8717,28276
2023-03-29 14:07:10,74,75,8557,28476
2023-03-29 14:07:11,74,75,8674,28593
2023-03-29 14:07:12,74,75,8674,28793
2023-03-29 14:07:15,75,76,8674,28916
2023-03-29 14:07:24,73,76,8674,28916
2023-03-29 14:07:24,73,76,8631,28959
2023-03-29 14:07:24,75,76,8631,28959
2023-03-29 14:07:24,76,77,8514,29076
2023-03-29 14:07:37,75,77,8514,29076
2023-03-29 14:07:37,76,77,8514,29076
2023-03-29 14:07:37,76,77,8394,29204
2023-03-29 14:07:45,77,78,8394,29236
2023-03-29 14:08:15,75,78,8394,29236
2023-03-29 14:08:15,75,78,8394,29282
2023-03-29 14:08:15,76,78,8394,29282
2023-03-29 14:08:25,75,78,8394,29282
2023-03-29 14:08:25,77,78,8394,29282
2023-03-29 14:08:46,75,78,8394,29282
2023-03-29 14:08:46,77,78,8394,29282
2023-03-29 14:09:02,78,79,8394,29396
2023-03-29 14:09:11,77,79,8394,29396
2023-03-29 14:09:15,76,79,8394,29396
2023-03-29 14:09:15,77,79,8394,29396
2023-03-29 14:09:15,77,79,8394,29465
2023-03-29 14:09:25,76,79,8394,29465
2023-03-29 14:09:25,78,79,8394,29465
2023-03-29 14:09:36,76,79,8394,29465
2023-03-29 14:09:36,78,79,8394,29465
2023-03-29 14:10:16,76,79,8394,29465
2023-03-29 14:10:16,78,79,8394,29465
2023-03-29 14:10:26,78,79,8394,29489
2023-03-29 14:10:35,78,79,8394,29551
2023-03-29 14:10:37,79,82,8394,29642
2023-03-29 14:10:47,78,82,8394,29642
2023-03-29 14:10:47,80,82,8394,29642
2023-03-29 14:11:15,78,82,8394,29642
2023-03-29 14:11:15,80,82,8394,29642
2023-03-29 14:11:25,81,82,8394,29642
2023-03-29 14:11:38,81,82,8394,29689
2023-03-29 14:11:47,81,82,8394,29736
2023-03-29 14:12:16,80,82,8394,29736
2023-03-29 14:12:16,81,82,8394,29736
2023-03-29 14:12:38,80,82,8394,29736
2023-03-29 14:12:46,78,82,8394,29736
2023-03-29 14:12:46,80,82,8394,29736
2023-03-29 14:13:16,78,82,8394,29736
2023-03-29 14:13:16,80,82,8394,29736
2023-03-29 14:13:28,80,82,8394,29781
2023-03-29 14:13:38,79,82,8394,29781
2023-03-29 14:13:38,77,82,8394,29781
2023-03-29 14:13:38,79,82,8394,29781
2023-03-29 14:13:48,77,82,8394,29781
2023-03-29 14:13:48,79,82,8394,29781
2023-03-29 14:13:56,79,82,8394,29872
2023-03-29 14:14:15,79,82,8399,29877
2023-03-29 14:14:15,77,82,8399,29877
2023-03-29 14:14:15,80,82,8399,29877
2023-03-29 14:14:36,81,82,8399,29877
2023-03-29 14:15:07,81,84,8460,29938
2023-03-29 14:15:10,81,83,8460,29938
2023-03-29 14:15:17,77,83,8460,29938
2023-03-29 14:15:17,78,83,8460,29938
2023-03-29 14:15:17,80,83,8460,29938
2023-03-29 14:15:25,80,82,8460,29938
2023-03-29 14:15:42,80,81,8460,29938
2023-03-29 14:15:47,79,81,8460,29938
2023-03-29 14:16:05,79,80,8460,29938
2023-03-29 14:16:07,78,79,8330,30068
2023-03-29 14:16:15,77,79,8330,30068
2023-03-29 14:16:15,76,79,8330,30068
2023-03-29 14:16:22,76,79,8172,30226
2023-03-29 14:16:34,76,79,8046,30352
2023-03-29 14:16:37,78,79,8046,30352
2023-03-29 14:16:47,78,81,8046,30352
2023-03-29 14:16:47,78,82,8046,30352
2023-03-29 14:16:47,78,81,8046,30352
2023-03-29 14:17:24,77,81,8046,30352
2023-03-29 14:17:24,78,81,8046,30352
2023-03-29 14:17:24,78,80,8046,30352
2023-03-29 14:17:44,77,80,8046,30352
2023-03-29 14:17:45,77,81,8046,30352
2023-03-29 14:17:45,77,80,8046,30352
2023-03-29 14:18:38,77,81,8046,30352
2023-03-29 14:18:38,77,80,8046,30352
2023-03-29 14:18:45,78,80,8046,30352
2023-03-29 14:18:47,78,82,8046,30352
2023-03-29 14:18:47,78,81,8046,30352
2023-03-29 14:19:14,78,82,8046,30352
2023-03-29 14:19:15,78,81,8046,30352
2023-03-29 14:19:17,78,82,8046,30352
2023-03-29 14:19:25,78,81,8046,30352
2023-03-29 14:19:38,77,81,8046,30352
2023-03-29 14:19:39,77,80,8046,30352
2023-03-29 14:20:16,77,79,8046,30352
2023-03-29 14:20:18,76,79,8046,30352
2023-03-29 14:20:26,76,78,8046,30352
2023-03-29 14:20:26,76,77,8046,30352
2023-03-29 14:20:28,76,78,8046,30352
2023-03-29 14:20:39,74,78,8046,30352
2023-03-29 14:20:39,74,77,8046,30352
2023-03-29 14:20:43,75,77,8046,30352
2023-03-29 14:20:45,74,77,8046,30352
2023-03-29 14:20:48,74,78,8046,30352
2023-03-29 14:20:52,75,78,8046,30352
2023-03-29 14:20:55,76,78,8046,30352
2023-03-29 14:21:08,77,78,8046,30352
2023-03-29 14:21:11,77,78,8154,30474
2023-03-29 14:21:15,77,80,8154,30474
2023-03-29 14:21:15,77,81,8154,30474
2023-03-29 14:21:15,77,82,8154,30474
2023-03-29 14:21:15,78,82,8154,30474
2023-03-29 14:21:15,78,81,8154,30474
2023-03-29 14:21:25,79,81,8154,30474
2023-03-29 14:21:37,79,82,8154,30474
2023-03-29 14:21:47,78,82,8154,30474
2023-03-29 14:21:47,79,82,8154,30474
2023-03-29 14:22:16,78,82,8154,30474
2023-03-29 14:22:17,79,82,8154,30474
2023-03-29 14:22:17,79,81,8154,30474
2023-03-29 14:22:19,79,82,8154,30474
2023-03-29 14:22:24,79,81,8154,30474
2023-03-29 14:22:25,79,82,8154,30474
2023-03-29 14:22:28,79,81,8154,30474
2023-03-29 14:22:30,79,82,8154,30474
2023-03-29 14:22:34,79,80,8154,30474
2023-03-29 14:22:38,77,80,8154,30474
2023-03-29 14:22:38,79,80,8154,30474
2023-03-29 14:22:52,79,81,8154,30474
2023-03-29 14:23:16,79,82,8154,30474
2023-03-29 14:23:27,78,82,8154,30474
2023-03-29 14:23:27,79,82,8154,30474
2023-03-29 14:23:46,78,82,8154,30474
2023-03-29 14:23:47,79,82,8154,30474
2023-03-29 14:24:02,80,82,8154,30474
2023-03-29 14:24:12,79,82,8154,30474
2023-03-29 14:24:15,81,82,8154,30474
2023-03-29 14:24:19,81,83,8154,30474
2023-03-29 14:24:38,79,83,8154,30474
2023-03-29 14:24:38,81,83,8154,30474
2023-03-29 14:24:41,81,82,8154,30474
2023-03-29 14:24:42,79,82,8116,30512
2023-03-29 14:24:45,79,83,8116,30512
2023-03-29 14:24:46,80,83,8116,30512
2023-03-29 14:24:46,80,82,8116,30512
2023-03-29 14:24:48,80,83,8116,30512
2023-03-29 14:25:00,80,82,8116,30512
2023-03-29 14:25:10,80,82,8010,30618
2023-03-29 14:25:15,78,82,8010,30618
2023-03-29 14:25:15,80,82,8010,30618
2023-03-29 14:25:37,79,82,8010,30618
2023-03-29 14:25:37,81,82,8010,30618
2023-03-29 14:25:45,79,82,8010,30618
2023-03-29 14:25:45,81,82,8010,30618
2023-03-29 14:26:04,81,84,8010,30618
2023-03-29 14:26:15,80,84,8010,30618
2023-03-29 14:26:15,82,84,8010,30618
2023-03-29 14:26:46,81,84,8010,30618
2023-03-29 14:26:46,82,84,8010,30618
2023-03-29 14:27:16,81,84,8010,30618
2023-03-29 14:27:16,83,84,8010,30618
2023-03-29 14:27:48,83,86,8010,30618
2023-03-29 14:28:02,83,85,8010,30618
2023-03-29 14:28:14,82,85,8010,30618
2023-03-29 14:28:14,83,85,8010,30618
2023-03-29 14:28:58,83,86,8010,30618
2023-03-29 14:29:15,82,86,8010,30618
2023-03-29 14:29:16,84,86,8010,30618
2023-03-29 14:29:38,82,86,8010,30618
2023-03-29 14:29:38,84,86,8010,30618
2023-03-29 14:30:15,83,86,8010,30618
2023-03-29 14:30:15,82,86,8010,30618
2023-03-29 14:30:16,84,86,8010,30618
2023-03-29 14:30:25,82,86,8010,30618
2023-03-29 14:30:26,84,86,8010,30618
2023-03-29 14:30:47,82,86,8010,30618
2023-03-29 14:30:47,84,86,8010,30618
2023-03-29 14:31:14,82,86,8010,30618
2023-03-29 14:31:14,84,86,8010,30618
2023-03-29 14:31:45,82,86,8010,30618
2023-03-29 14:31:45,83,86,8010,30618
2023-03-29 14:32:16,84,86,8010,30618
2023-03-29 14:32:36,85,86,8010,30618
2023-03-29 14:32:40,85,87,8010,30618
2023-03-29 14:32:46,85,88,8010,30618
2023-03-29 14:33:30,85,89,8010,30618
2023-03-29 14:33:30,85,87,8010,30618
2023-03-29 14:35:44,85,89,8010,30618
2023-03-29 14:35:46,86,89,8010,30618
2023-03-29 14:35:47,86,89,7954,30674
2023-03-29 14:35:48,86,87,7954,30674
2023-03-29 14:36:15,86,87,7940,30692
2023-03-29 14:36:49,87,90,8242,30994
2023-03-29 14:36:50,87,88,8242,30994
2023-03-29 14:37:02,87,88,8243,30995
2023-03-29 14:37:03,88,90,8403,31155
2023-03-29 14:37:11,88,89,8403,31155
2023-03-29 14:37:18,88,90,8403,31155
2023-03-29 14:38:13,88,89,8403,31155
2023-03-29 14:38:35,88,89,8403,31241
2023-03-29 14:38:36,88,90,8403,31241
2023-03-29 14:38:45,89,90,8403,31241
2023-03-29 14:38:53,90,91,8403,31246
2023-03-29 14:39:13,89,91,8403,31246
2023-03-29 14:39:26,88,91,8403,31246
2023-03-29 14:39:26,89,91,8403,31246
2023-03-29 14:39:27,89,91,8413,31256
2023-03-29 14:39:36,88,91,8413,31256
2023-03-29 14:39:36,89,91,8413,31256
2023-03-29 14:39:47,88,91,8413,31256
2023-03-29 14:39:47,89,91,8413,31256
2023-03-29 14:40:46,88,91,8413,31256
2023-03-29 14:40:46,89,91,8413,31256
2023-03-29 14:41:16,88,91,8413,31256
2023-03-29 14:41:38,89,91,8413,31256
2023-03-29 14:41:52,88,91,8397,31603
2023-03-29 14:42:08,89,91,8397,31603
2023-03-29 14:42:41,91,92,8547,31753
2023-03-29 14:43:27,91,93,8547,31753
2023-03-29 14:43:55,90,93,8547,31753
2023-03-29 14:43:57,90,92,8547,31753
2023-03-29 14:44:01,90,93,8547,31753
2023-03-29 14:44:15,90,92,8547,31753
2023-03-29 14:44:36,90,93,8547,31753
2023-03-29 14:44:38,91,93,8547,31753
2023-03-29 14:44:45,91,93,8547,32003
2023-03-29 14:45:47,91,92,8547,32003
2023-03-29 14:45:57,90,92,8547,32003
2023-03-29 14:46:15,90,93,8547,32003
2023-03-29 14:46:15,90,92,8547,32003
2023-03-29 14:46:30,90,92,8651,32107
2023-03-29 14:46:41,91,92,8651,32107
2023-03-29 14:46:44,91,93,8651,32107
2023-03-29 14:47:52,91,93,8651,32153
2023-03-29 14:48:15,91,94,8651,32153
2023-03-29 14:48:15,92,94,8651,32153
2023-03-29 14:48:15,93,94,8651,32153
2023-03-29 14:49:18,93,94,9318,33153
2023-03-29 14:49:19,93,94,9319,33154
2023-03-29 14:50:00,92,94,8699,33774
2023-03-29 14:50:00,92,94,8699,33970
2023-03-29 14:50:33,92,93,8699,33970
2023-03-29 14:50:35,92,93,8699,34036
2023-03-29 14:50:37,92,93,8699,34125
2023-03-29 14:50:47,93,94,8699,34130
2023-03-29 14:51:14,92,94,8699,34130
2023-03-29 14:51:14,93,94,8699,34130
2023-03-29 14:51:25,92,94,8699,34130
2023-03-29 14:51:25,91,94,8699,34130
2023-03-29 14:51:25,92,94,8699,34130
2023-03-29 14:51:27,92,93,8699,34130
2023-03-29 14:51:36,91,93,8699,34130
2023-03-29 14:51:52,91,92,8699,34130
2023-03-29 14:51:54,91,92,8835,34266
2023-03-29 14:51:56,91,93,8835,34266
2023-03-29 14:52:17,91,92,8835,34266
2023-03-29 14:52:29,91,92,8835,34303
2023-03-29 14:52:42,92,94,8835,34403
2023-03-29 14:52:46,92,95,8835,34403
2023-03-29 14:52:46,93,95,8835,34403
2023-03-29 14:53:05,93,94,8835,34403
2023-03-29 14:53:15,93,94,8835,34483
2023-03-29 14:53:15,93,95,8835,34483
2023-03-29 14:53:24,94,95,8835,34483
2023-03-29 14:53:45,93,95,8835,34483
2023-03-29 14:53:52,93,96,8995,34643
2023-03-29 14:54:13,93,94,8995,34643
2023-03-29 14:54:24,93,95,8995,34643
2023-03-29 14:54:24,93,94,8995,34643
2023-03-29 14:54:53,93,95,8995,34728
2023-03-29 14:55:16,93,97,8995,34728
2023-03-29 14:55:16,94,97,8995,34728
2023-03-29 14:55:16,94,96,8995,34728
2023-03-29 14:55:26,94,97,8995,34728
2023-03-29 14:55:26,95,97,8995,34728
2023-03-29 14:55:37,94,97,8995,34728
2023-03-29 14:56:14,94,96,8995,34728
2023-03-29 14:57:15,94,97,8995,34728
2023-03-29 14:57:15,95,97,8995,34728
2023-03-29 14:57:25,94,97,8995,34728
2023-03-29 14:57:25,95,97,8995,34728
2023-03-29 14:57:46,94,97,8995,34728
2023-03-29 14:57:46,95,97,8995,34728
2023-03-29 14:58:24,94,97,8995,34728
2023-03-29 14:58:24,95,97,8995,34728
2023-03-29 14:58:44,94,97,8995,34728
2023-03-29 14:58:45,95,97,8995,34728
2023-03-29 14:59:00,95,97,9985,35728
2023-03-29 14:59:01,96,97,9985,35728
2023-03-29 15:00:00,96,98,10121,35864
2023-03-29 15:00:00,96,97,10121,35864
2023-03-29 15:00:22,96,97,10009,35976
2023-03-29 15:01:21,96,97,10009,35979
2023-03-29 15:01:21,96,98,10009,35979
2023-03-29 15:01:28,96,97,10009,35979
2023-03-29 15:01:30,96,97,10009,35981
2023-03-29 15:01:30,96,97,10009,36026
2023-03-29 15:01:32,95,96,10009,36044
2023-03-29 15:01:38,95,97,10009,36044
2023-03-29 15:01:38,95,96,10009,36044
2023-03-29 15:01:38,95,96,10009,36079
2023-03-29 15:01:45,95,96,9759,36329
2023-03-29 15:02:09,95,97,9848,36418
2023-03-29 15:02:16,94,97,9848,36418
2023-03-29 15:02:16,94,96,9848,36418
2023-03-29 15:02:25,94,95,9848,36418
2023-03-29 15:02:36,94,96,9884,36454
2023-03-29 15:02:36,94,95,9884,36454
2023-03-29 15:02:44,94,95,9845,36493
2023-03-29 15:02:52,94,95,9951,36599
2023-03-29 15:02:52,94,95,9951,36686
2023-03-29 15:02:58,94,95,9961,36696
2023-03-29 15:03:07,94,95,9811,36846
2023-03-29 15:03:16,92,94,9811,36870
2023-03-29 15:03:23,93,94,9811,36870
2023-03-29 15:03:23,93,94,9811,36958
2023-03-29 15:03:28,92,94,9811,37118
2023-03-29 15:03:28,93,94,9811,37118
2023-03-29 15:03:33,93,94,9861,37168
2023-03-29 15:03:50,93,94,9861,37186
2023-03-29 15:04:15,93,94,9861,37298
2023-03-29 15:04:24,93,94,9861,37414
2023-03-29 15:04:37,93,94,9861,37526
2023-03-29 15:04:37,93,94,9861,37582
2023-03-29 15:04:37,93,94,9866,37587
2023-03-29 15:04:41,94,97,9951,37672
2023-03-29 15:05:22,94,96,9951,37672
2023-03-29 15:06:20,96,97,10111,37832
2023-03-29 15:06:25,96,97,10165,37886
2023-03-29 15:06:33,94,97,10201,37922
2023-03-29 15:06:37,95,97,10201,37922
2023-03-29 15:06:45,95,96,10201,37922
2023-03-29 15:06:50,95,96,10201,37966
2023-03-29 15:06:53,94,96,10201,37966
2023-03-29 15:07:05,94,95,10201,37966
2023-03-29 15:07:08,94,96,10201,37966
2023-03-29 15:07:11,94,95,10201,37966
2023-03-29 15:07:12,94,96,10201,37966
2023-03-29 15:07:13,94,95,10201,37966
2023-03-29 15:07:14,94,96,10201,37966
2023-03-29 15:07:15,94,95,10201,37966
2023-03-29 15:07:21,94,95,10202,37967
2023-03-29 15:07:24,94,96,10202,37967
2023-03-29 15:07:24,94,95,10202,37967
2023-03-29 15:07:26,94,96,10202,37967
2023-03-29 15:07:44,94,97,10202,37967
2023-03-29 15:07:44,94,96,10202,37967
2023-03-29 15:08:09,94,97,10202,38023
2023-03-29 15:08:09,95,97,10202,38023
2023-03-29 15:08:09,95,96,10202,38023
2023-03-29 15:08:12,95,97,10202,38023
2023-03-29 15:08:15,95,98,10202,38023
2023-03-29 15:08:15,95,97,10202,38023
2023-03-29 15:08:37,95,98,10202,38023
2023-03-29 15:08:38,96,98,10202,38023
2023-03-29 15:09:12,96,97,10202,38023
2023-03-29 15:09:15,96,97,10202,38027
2023-03-29 15:09:36,96,98,10202,38027
2023-03-29 15:09:36,96,97,10202,38027
2023-03-29 15:10:07,96,97,10302,38127
2023-03-29 15:10:18,96,97,10267,38162
2023-03-29 15:10:37,96,98,10267,38162
2023-03-29 15:10:37,96,97,10267,38162
2023-03-29 15:11:24,96,98,10267,38162
2023-03-29 15:11:24,96,97,10267,38162
2023-03-29 15:11:32,96,97,10322,38217
2023-03-29 15:11:33,96,98,10322,38217
2023-03-29 15:11:40,96,98,10317,38222
2023-03-29 15:12:11,97,98,10317,38222
2023-03-29 15:12:25,97,98,10317,38268
2023-03-29 15:12:25,97,98,10317,38318
2023-03-29 15:12:25,96,97,10317,38382
2023-03-29 15:13:08,96,98,10367,38432
2023-03-29 15:13:13,96,99,10367,38432
2023-03-29 15:13:13,96,98,10367,38432
2023-03-29 15:13:22,96,98,10267,38532
2023-03-29 15:13:22,96,97,10267,38532
2023-03-29 15:14:15,95,97,10267,38569
2023-03-29 15:14:15,96,97,10267,38569
2023-03-29 15:14:26,95,97,10267,38569
2023-03-29 15:15:15,96,97,10267,38569
2023-03-29 15:15:15,96,99,10267,38569
2023-03-29 15:15:15,96,98,10267,38569
2023-03-29 15:16:08,96,99,10267,38569
2023-03-29 15:16:21,97,99,10267,38569
2023-03-29 15:17:30,97,98,10267,38569
2023-03-29 15:17:37,97,99,10277,38579
2023-03-29 15:18:44,97,98,10277,38579
2023-03-29 15:19:47,97,98,10297,38599
2023-03-29 15:19:47,97,99,10297,38599
2023-03-29 15:20:00,98,99,10302,38604
2023-03-29 15:20:00,98,99,10307,38609
2023-03-29 15:20:00,98,99,10312,38614
2023-03-29 15:25:16,98,99,11211,39514
2023-03-29 15:30:18,98,99,11211,39590
2023-03-29 15:33:55,98,99,11211,39665
2023-03-29 15:39:28,98,99,11211,39741
2023-03-29 15:45:24,98,100,12085,41027
2023-03-29 15:46:23,99,100,12085,41027
