datetime,bid,ask,open_interest,volume
2023-10-02 09:30:01,1,25,1800,2900
2023-10-02 09:30:31,2,25,1800,2900
2023-10-02 09:30:37,3,25,1800,2900
2023-10-02 09:30:41,3,25,1800,3150
2023-10-02 09:30:43,3,34,1800,3400
2023-10-02 09:30:53,4,34,1800,3400
2023-10-02 09:31:00,27,34,1800,3400
2023-10-02 09:31:00,27,29,1800,3400
2023-10-02 09:31:05,27,30,1800,3400
2023-10-02 09:31:05,27,29,1800,3400
2023-10-02 09:31:12,27,28,1800,3400
2023-10-02 09:31:21,26,28,1800,3400
2023-10-02 09:31:21,25,28,1800,3400
2023-10-02 09:31:22,25,27,1800,3400
2023-10-02 09:31:26,24,27,1800,3400
2023-10-02 09:31:39,24,26,1800,3400
2023-10-02 09:31:44,24,27,1800,3400
2023-10-02 09:31:45,25,27,1800,3400
2023-10-02 09:31:46,24,27,1800,3400
2023-10-02 09:31:49,24,26,1800,3400
2023-10-02 09:32:02,25,26,1800,3400
2023-10-02 09:32:02,25,27,1800,3400
2023-10-02 09:32:05,24,27,1800,3400
2023-10-02 09:32:09,24,26,1800,3400
2023-10-02 09:33:35,24,25,1800,3400
2023-10-02 09:33:35,24,25,2000,3600
2023-10-02 09:33:36,23,25,2000,3600
2023-10-02 09:33:55,23,26,2000,3600
2023-10-02 09:33:58,24,26,2000,3600
2023-10-02 09:34:00,23,26,2000,3600
2023-10-02 09:34:17,24,26,2000,3600
2023-10-02 09:34:41,23,26,2000,3600
2023-10-02 09:34:51,24,26,2000,3600
2023-10-02 09:34:54,23,26,2200,3800
2023-10-02 09:34:59,23,25,2200,3800
2023-10-02 09:35:04,23,25,2207,3807
2023-10-02 09:35:06,23,25,2320,3920
2023-10-02 09:35:17,23,24,2320,3920
2023-10-02 09:35:29,22,24,2320,3920
2023-10-02 09:35:46,22,23,2320,3920
2023-10-02 09:35:54,21,23,2320,3920
2023-10-02 09:36:03,21,24,2320,3920
2023-10-02 09:36:08,22,24,2320,3920
2023-10-02 09:36:09,21,24,2320,3920
2023-10-02 09:36:28,21,23,2320,3920
2023-10-02 09:37:49,21,24,2320,3920
2023-10-02 09:37:51,21,23,2320,3920
2023-10-02 09:38:35,21,22,2320,3920
2023-10-02 09:39:09,20,22,2320,3920
2023-10-02 09:39:23,20,21,2320,3920
2023-10-02 09:39:26,19,21,2320,3920
2023-10-02 09:40:02,19,22,2320,3920
2023-10-02 09:40:03,20,22,2320,3920
2023-10-02 09:40:16,20,22,2321,3921
2023-10-02 09:40:25,20,23,2321,3921
2023-10-02 09:40:30,21,23,2321,3921
2023-10-02 09:40:33,21,23,2322,3922
2023-10-02 09:40:34,21,22,2322,3922
2023-10-02 09:40:35,20,22,2322,3922
2023-10-02 09:40:47,20,23,2322,3922
2023-10-02 09:40:47,20,21,2322,3922
2023-10-02 09:40:49,20,23,2322,3922
2023-10-02 09:40:49,20,22,2322,3922
2023-10-02 09:40:51,20,22,2323,3923
2023-10-02 09:40:52,21,22,2323,3923
2023-10-02 09:41:11,22,23,2323,3924
2023-10-02 09:41:14,22,24,2323,3924
2023-10-02 09:41:26,22,23,2323,3924
2023-10-02 09:41:55,22,24,2323,3924
2023-10-02 09:42:16,22,23,2323,3924
2023-10-02 09:42:27,22,24,2323,3924
2023-10-02 09:42:43,22,23,2323,3924
2023-10-02 09:42:44,22,24,2323,3924
2023-10-02 09:43:22,22,23,2323,3924
2023-10-02 09:43:23,22,24,2323,3924
2023-10-02 09:43:24,21,24,2433,4034
2023-10-02 09:43:26,21,23,2433,4034
2023-10-02 09:43:40,21,24,2433,4034
2023-10-02 09:43:46,22,24,2433,4034
2023-10-02 09:43:52,21,24,2433,4034
2023-10-02 09:43:58,21,23,2433,4034
2023-10-02 09:44:05,20,23,2433,4034
2023-10-02 09:44:11,20,22,2433,4034
2023-10-02 09:44:18,20,23,2433,4034
2023-10-02 09:44:18,20,22,2433,4034
2023-10-02 09:44:36,20,22,2452,4053
2023-10-02 09:45:06,20,23,2452,4053
2023-10-02 09:45:08,21,23,2452,4053
2023-10-02 09:45:15,21,24,2452,4053
2023-10-02 09:45:16,22,24,2452,4053
2023-10-02 09:45:16,22,24,2515,4116
2023-10-02 09:45:48,23,24,2515,4116
2023-10-02 09:45:49,23,25,2515,4116
2023-10-02 09:46:00,22,25,2515,4116
2023-10-02 09:46:03,22,24,2515,4116
2023-10-02 09:46:08,22,25,2515,4116
2023-10-02 09:46:09,23,25,2515,4116
2023-10-02 09:46:14,22,25,2515,4116
2023-10-02 09:46:16,23,25,2515,4116
2023-10-02 09:46:18,22,25,2515,4116
2023-10-02 09:46:18,22,24,2515,4116
2023-10-02 09:46:19,23,24,2515,4116
2023-10-02 09:46:19,23,25,2515,4116
2023-10-02 09:46:19,23,24,2515,4116
2023-10-02 09:46:20,22,24,2515,4116
2023-10-02 09:46:20,22,25,2515,4116
2023-10-02 09:46:20,22,24,2515,4116
2023-10-02 09:46:21,22,25,2515,4116
2023-10-02 09:46:21,23,25,2515,4116
2023-10-02 09:46:21,23,24,2515,4116
2023-10-02 09:46:22,23,25,2515,4116
2023-10-02 09:46:22,23,24,2515,4116
2023-10-02 09:46:25,23,25,2515,4116
2023-10-02 09:46:26,23,24,2515,4116
2023-10-02 09:46:27,23,25,2515,4116
2023-10-02 09:46:28,23,24,2515,4116
2023-10-02 09:46:28,23,25,2515,4116
2023-10-02 09:46:29,23,24,2515,4116
2023-10-02 09:46:29,23,25,2515,4116
2023-10-02 09:46:30,23,24,2515,4116
2023-10-02 09:46:30,23,25,2515,4116
2023-10-02 09:46:31,23,24,2515,4116
2023-10-02 09:46:31,23,25,2515,4116
2023-10-02 09:46:32,23,24,2515,4116
2023-10-02 09:46:32,23,25,2515,4116
2023-10-02 09:46:33,23,24,2515,4116
2023-10-02 09:47:00,24,25,2538,4139
2023-10-02 09:47:20,24,25,2538,4139
2023-10-02 09:47:31,24,25,2553,4154
2023-10-02 09:49:01,24,26,2553,4154
2023-10-02 09:49:27,25,26,2553,4154
2023-10-02 09:50:08,24,26,2553,4154
2023-10-02 09:50:49,24,25,2553,4154
2023-10-02 09:50:50,24,26,2553,4154
2023-10-02 09:50:53,25,26,2553,4154
2023-10-02 09:51:10,25,26,2567,4168
2023-10-02 09:51:11,25,27,2567,4168
2023-10-02 09:51:52,26,27,2567,4168
2023-10-02 09:52:06,26,28,2567,4168
2023-10-02 09:52:14,27,28,2567,4168
2023-10-02 09:52:15,27,29,2567,4168
2023-10-02 09:52:45,28,29,2567,4168
2023-10-02 09:53:02,28,30,2567,4168
2023-10-02 09:53:33,27,30,2567,4168
2023-10-02 09:53:44,28,30,2567,4168
2023-10-02 09:54:02,27,30,2567,4168
2023-10-02 09:54:08,27,29,2567,4168
2023-10-02 09:54:18,26,29,2567,4168
2023-10-02 09:54:18,26,28,2567,4168
2023-10-02 09:55:04,26,27,2567,4168
2023-10-02 09:55:22,25,27,2567,4168
2023-10-02 09:55:55,25,28,2567,4168
2023-10-02 09:57:48,25,27,2567,4168
2023-10-02 09:57:49,25,26,2567,4168
2023-10-02 09:59:13,25,28,2567,4168
2023-10-02 09:59:20,25,27,2567,4168
2023-10-02 09:59:21,25,28,2567,4168
2023-10-02 09:59:23,25,27,2567,4168
2023-10-02 09:59:59,25,28,2567,4168
2023-10-02 10:00:00,26,28,2567,4168
2023-10-02 10:00:01,27,28,2567,4168
2023-10-02 10:00:01,27,29,2567,4168
2023-10-02 10:00:14,26,29,2567,4168
2023-10-02 10:00:14,26,28,2567,4168
2023-10-02 10:00:15,25,28,2567,4168
2023-10-02 10:00:15,25,27,2567,4168
2023-10-02 10:00:17,25,26,2567,4168
2023-10-02 10:00:18,24,26,2567,4168
2023-10-02 10:00:19,24,25,2567,4168
2023-10-02 10:00:21,24,26,2567,4168
2023-10-02 10:00:29,23,26,2567,4168
2023-10-02 10:00:30,23,25,2567,4168
2023-10-02 10:00:31,23,24,2567,4168
2023-10-02 10:00:31,23,24,2572,4173
2023-10-02 10:00:32,22,24,2572,4173
2023-10-02 10:00:32,22,23,2572,4173
2023-10-02 10:00:35,22,24,2572,4173
2023-10-02 10:00:37,22,23,2572,4173
2023-10-02 10:00:37,22,23,2587,4188
2023-10-02 10:00:40,21,23,2587,4188
2023-10-02 10:00:46,21,23,2633,4234
2023-10-02 10:01:04,20,23,2633,4234
2023-10-02 10:01:04,20,22,2633,4234
2023-10-02 10:01:06,20,23,2633,4234
2023-10-02 10:01:07,21,23,2633,4234
2023-10-02 10:01:07,21,23,2693,4294
2023-10-02 10:01:09,21,24,2693,4294
2023-10-02 10:01:11,22,24,2693,4294
2023-10-02 10:01:13,21,24,2693,4294
2023-10-02 10:01:14,21,23,2693,4294
2023-10-02 10:01:22,21,24,2693,4294
2023-10-02 10:01:29,21,23,2693,4294
2023-10-02 10:01:30,21,24,2693,4294
2023-10-02 10:01:34,21,24,2730,4331
2023-10-02 10:01:43,21,23,2730,4331
2023-10-02 10:01:48,20,23,2730,4331
2023-10-02 10:01:51,21,23,2730,4331
2023-10-02 10:01:52,20,23,2730,4331
2023-10-02 10:01:53,21,23,2730,4331
2023-10-02 10:01:54,20,23,2730,4331
2023-10-02 10:01:56,21,23,2730,4331
2023-10-02 10:02:01,20,23,2730,4331
2023-10-02 10:02:03,21,23,2730,4331
2023-10-02 10:02:03,21,23,2810,4411
2023-10-02 10:02:08,20,23,2810,4411
2023-10-02 10:02:11,21,23,2810,4411
2023-10-02 10:02:14,21,22,2810,4411
2023-10-02 10:02:14,20,22,2810,4411
2023-10-02 10:02:15,20,21,2810,4411
2023-10-02 10:02:16,19,21,2810,4411
2023-10-02 10:02:39,19,20,2810,4411
2023-10-02 10:02:41,19,21,2810,4411
2023-10-02 10:02:47,18,19,3010,4611
2023-10-02 10:03:02,17,18,3810,5411
2023-10-02 10:03:11,17,18,4010,5611
2023-10-02 10:03:31,17,18,4021,5622
2023-10-02 10:03:43,17,18,4071,5672
2023-10-02 10:03:51,16,18,4071,5672
2023-10-02 10:03:51,16,17,4071,5672
2023-10-02 10:04:13,16,18,4071,5672
2023-10-02 10:04:23,16,17,4071,5672
2023-10-02 10:04:53,16,18,4071,5672
2023-10-02 10:04:56,16,17,4071,5672
2023-10-02 10:05:01,16,18,4071,5672
2023-10-02 10:05:06,16,17,4071,5672
2023-10-02 10:05:29,16,18,4071,5672
2023-10-02 10:05:45,17,18,4071,5672
2023-10-02 10:06:40,17,18,4087,5688
2023-10-02 10:06:56,17,18,4287,5888
2023-10-02 10:06:56,17,18,4287,5981
2023-10-02 10:06:56,17,18,4537,6231
2023-10-02 10:06:59,17,18,4787,6481
2023-10-02 10:07:01,17,18,4787,6568
2023-10-02 10:07:02,19,20,4880,6661
2023-10-02 10:07:03,18,20,4880,6661
2023-10-02 10:07:04,19,20,4880,6661
2023-10-02 10:07:04,19,21,4880,6661
2023-10-02 10:07:51,19,20,4880,6661
2023-10-02 10:08:25,19,21,4880,6661
2023-10-02 10:08:39,19,20,4880,6661
2023-10-02 10:08:48,17,20,4880,6661
2023-10-02 10:08:59,18,20,4880,6661
2023-10-02 10:09:01,18,21,4880,6661
2023-10-02 10:09:03,19,21,4880,6661
2023-10-02 10:09:15,19,20,4880,6661
2023-10-02 10:09:22,19,21,4880,6661
2023-10-02 10:09:31,19,20,4880,6661
2023-10-02 10:09:36,19,21,4880,6661
2023-10-02 10:09:39,19,20,4880,6661
2023-10-02 10:09:43,19,21,4880,6661
2023-10-02 10:09:45,19,20,4880,6661
2023-10-02 10:09:47,19,21,4880,6661
2023-10-02 10:10:02,19,21,4880,6663
2023-10-02 10:10:11,19,22,4880,6663
2023-10-02 10:10:28,20,22,4880,6663
2023-10-02 10:10:30,21,22,4880,6663
2023-10-02 10:10:49,21,23,4880,6863
2023-10-02 10:10:55,21,24,4880,6863
2023-10-02 10:10:55,22,24,4880,6863
2023-10-02 10:11:11,22,23,4880,6863
2023-10-02 10:11:12,21,23,4880,6863
2023-10-02 10:11:17,21,22,4880,6863
2023-10-02 10:11:21,21,23,4880,6863
2023-10-02 10:11:24,21,22,4880,6863
2023-10-02 10:11:49,21,22,4880,6865
2023-10-02 10:12:16,20,22,4880,6865
2023-10-02 10:12:16,20,21,4880,6865
2023-10-02 10:12:42,20,22,4880,6865
2023-10-02 10:12:55,21,22,4880,6865
2023-10-02 10:12:55,21,23,4880,6865
2023-10-02 10:13:16,21,24,4880,6865
2023-10-02 10:13:24,22,24,4880,6865
2023-10-02 10:13:51,22,23,4880,6865
2023-10-02 10:13:54,21,23,4880,6867
2023-10-02 10:13:55,21,24,4880,6867
2023-10-02 10:14:19,22,24,4880,6867
2023-10-02 10:14:27,21,24,4880,6867
2023-10-02 10:14:30,22,24,4880,6867
2023-10-02 10:14:31,21,24,4880,6867
2023-10-02 10:14:37,23,24,4880,6867
2023-10-02 10:14:45,23,25,4880,6867
2023-10-02 10:14:47,23,26,4880,6867
2023-10-02 10:14:57,25,26,4880,6867
2023-10-02 10:15:31,23,26,4880,6867
2023-10-02 10:15:31,23,25,4880,6867
2023-10-02 10:15:42,23,24,4880,6867
2023-10-02 10:15:53,22,24,4880,6867
2023-10-02 10:15:54,22,23,4880,6867
2023-10-02 10:15:55,21,23,4880,6867
2023-10-02 10:16:23,21,24,4880,6867
2023-10-02 10:16:24,22,24,4880,6867
2023-10-02 10:16:42,23,24,4880,6867
2023-10-02 10:16:42,23,25,4880,6867
2023-10-02 10:16:51,23,24,4880,6867
2023-10-02 10:17:02,22,24,4880,6867
2023-10-02 10:17:03,22,23,4880,6867
2023-10-02 10:17:12,21,23,4880,6867
2023-10-02 10:17:14,21,22,4880,6867
2023-10-02 10:17:26,21,23,4880,6867
2023-10-02 10:18:02,21,22,4880,6867
2023-10-02 10:18:29,20,22,4880,6867
2023-10-02 10:18:29,20,21,4880,6867
2023-10-02 10:18:42,19,21,4880,6867
2023-10-02 10:18:43,19,20,4880,6867
2023-10-02 10:19:27,19,21,4880,6867
2023-10-02 10:19:33,20,21,4880,6867
2023-10-02 10:19:35,21,22,4880,6867
2023-10-02 10:19:53,21,23,4880,6867
2023-10-02 10:20:08,21,22,4880,6867
2023-10-02 10:20:15,21,23,4880,6867
2023-10-02 10:20:23,21,22,4880,6867
2023-10-02 10:20:41,21,23,4880,6867
2023-10-02 10:20:47,21,22,4880,6867
2023-10-02 10:20:51,21,24,4880,6867
2023-10-02 10:20:51,21,23,4880,6867
2023-10-02 10:20:56,21,22,4880,6867
2023-10-02 10:21:07,21,24,4880,6867
2023-10-02 10:21:07,21,23,4880,6867
2023-10-02 10:21:53,21,24,4880,6867
2023-10-02 10:21:54,22,24,4880,6867
2023-10-02 10:22:09,23,24,4880,6867
2023-10-02 10:22:10,23,25,4880,6867
2023-10-02 10:22:16,24,25,4880,6867
2023-10-02 10:22:23,24,26,4880,6867
2023-10-02 10:22:28,24,25,4880,6867
2023-10-02 10:22:30,24,26,4880,6867
2023-10-02 10:23:32,24,25,4880,6867
2023-10-02 10:23:39,23,25,4880,6867
2023-10-02 10:23:40,23,24,4880,6867
2023-10-02 10:23:59,22,24,4880,6867
2023-10-02 10:23:59,22,23,4880,6867
2023-10-02 10:24:11,21,23,4880,6867
2023-10-02 10:24:11,21,22,4880,6867
2023-10-02 10:24:32,20,22,4880,6867
2023-10-02 10:24:32,20,21,4880,6867
2023-10-02 10:25:10,19,21,5080,7067
2023-10-02 10:25:10,19,20,5080,7067
2023-10-02 10:25:20,19,21,5329,7316
2023-10-02 10:25:21,20,21,5329,7316
2023-10-02 10:25:25,19,21,5329,7316
2023-10-02 10:25:27,19,20,5329,7316
2023-10-02 10:26:08,18,20,5329,7316
2023-10-02 10:26:08,18,19,5329,7316
2023-10-02 10:26:09,17,19,5329,7316
2023-10-02 10:26:11,17,18,5329,7316
2023-10-02 10:26:38,17,20,5329,7316
2023-10-02 10:26:38,17,19,5329,7316
2023-10-02 10:26:38,18,19,5329,7316
2023-10-02 10:26:42,18,19,5329,7516
2023-10-02 10:26:42,18,20,5329,7516
2023-10-02 10:27:00,19,20,5329,7516
2023-10-02 10:27:00,20,21,5587,7774
2023-10-02 10:27:11,20,22,5587,7774
2023-10-02 10:27:11,20,21,5587,7774
2023-10-02 10:27:24,20,22,5587,7774
2023-10-02 10:27:27,21,22,5587,7774
2023-10-02 10:27:35,21,22,5587,7800
2023-10-02 10:27:36,20,22,5587,7800
2023-10-02 10:27:41,20,23,5587,7800
2023-10-02 10:27:41,21,23,5587,7800
2023-10-02 10:27:48,21,24,5587,7800
2023-10-02 10:27:52,21,23,5587,7800
2023-10-02 10:27:58,21,24,5587,7800
2023-10-02 10:27:59,21,23,5587,7800
2023-10-02 10:28:02,21,24,5587,7800
2023-10-02 10:28:05,21,23,5587,7800
2023-10-02 10:28:06,21,24,5587,7800
2023-10-02 10:28:06,22,24,5587,7800
2023-10-02 10:28:07,22,23,5587,7800
2023-10-02 10:28:08,22,24,5587,7800
2023-10-02 10:28:10,22,23,5587,7800
2023-10-02 10:28:27,21,23,5587,7800
2023-10-02 10:28:40,21,22,5587,7800
2023-10-02 10:28:45,20,22,5587,7800
2023-10-02 10:28:45,20,21,5587,7800
2023-10-02 10:28:49,20,22,5587,7800
2023-10-02 10:28:53,21,22,5587,7800
2023-10-02 10:28:54,20,22,5587,7800
2023-10-02 10:28:56,21,22,5587,7800
2023-10-02 10:29:03,21,23,5587,7800
2023-10-02 10:29:07,20,23,5587,7800
2023-10-02 10:29:07,20,22,5587,7800
2023-10-02 10:29:12,21,22,5587,7800
2023-10-02 10:29:15,21,23,5587,7800
2023-10-02 10:29:27,21,24,5587,7800
2023-10-02 10:29:29,22,24,5587,7800
2023-10-02 10:29:31,23,24,5587,7800
2023-10-02 10:29:33,22,24,5350,8058
2023-10-02 10:29:38,22,25,5587,8295
2023-10-02 10:29:40,22,24,5587,8295
2023-10-02 10:29:41,22,25,5837,8545
2023-10-02 10:29:48,23,25,5837,8545
2023-10-02 10:29:48,24,25,5837,8545
2023-10-02 10:29:58,24,26,5837,8545
2023-10-02 10:29:58,25,26,5837,8545
2023-10-02 10:29:59,25,27,5837,8545
2023-10-02 10:30:00,24,27,5837,8545
2023-10-02 10:30:00,24,26,5837,8545
2023-10-02 10:30:00,24,26,5837,8570
2023-10-02 10:30:01,24,27,5837,8570
2023-10-02 10:30:01,25,27,5837,8570
2023-10-02 10:30:01,25,27,5837,8770
2023-10-02 10:30:02,24,27,5837,8770
2023-10-02 10:30:02,24,26,5837,8770
2023-10-02 10:30:04,25,26,5837,8770
2023-10-02 10:30:05,24,26,5837,8770
2023-10-02 10:30:06,25,26,5837,8770
2023-10-02 10:30:08,25,27,5837,8770
2023-10-02 10:30:10,26,27,5837,8770
2023-10-02 10:30:10,26,28,5837,8770
2023-10-02 10:30:10,26,28,5937,8870
2023-10-02 10:30:16,25,28,5937,8870
2023-10-02 10:30:17,25,27,5937,8870
2023-10-02 10:30:27,25,28,5937,8870
2023-10-02 10:30:31,25,28,5904,8903
2023-10-02 10:30:43,25,27,5904,8903
2023-10-02 10:30:52,25,28,5904,8903
2023-10-02 10:30:56,25,27,5904,8903
2023-10-02 10:31:14,26,27,5904,8903
2023-10-02 10:31:19,26,28,5787,9030
2023-10-02 10:31:20,27,28,5787,9030
2023-10-02 10:31:24,27,29,5787,9030
2023-10-02 10:31:25,28,29,5787,9030
2023-10-02 10:31:25,28,29,5787,9061
2023-10-02 10:31:30,27,29,5787,9061
2023-10-02 10:31:36,27,28,5787,9061
2023-10-02 10:32:14,26,27,5766,9082
2023-10-02 10:32:18,25,27,5766,9082
2023-10-02 10:32:18,25,26,5766,9082
2023-10-02 10:32:22,23,26,5766,9082
2023-10-02 10:32:22,23,25,5766,9082
2023-10-02 10:32:22,24,25,5766,9082
2023-10-02 10:32:27,23,24,5766,9157
2023-10-02 10:32:33,21,24,5766,9157
2023-10-02 10:32:33,21,23,5766,9157
2023-10-02 10:32:34,21,23,5743,9180
2023-10-02 10:32:41,21,24,5743,9180
2023-10-02 10:32:42,23,24,5743,9180
2023-10-02 10:32:52,23,25,5969,9406
2023-10-02 10:33:02,24,25,5969,9406
2023-10-02 10:33:03,23,25,5969,9406
2023-10-02 10:33:18,24,25,5969,9406
2023-10-02 10:33:20,23,25,5969,9406
2023-10-02 10:33:27,24,25,5969,9406
2023-10-02 10:33:31,24,26,5969,9406
2023-10-02 10:33:33,24,25,5969,9406
2023-10-02 10:33:35,23,25,5969,9406
2023-10-02 10:33:38,23,26,5969,9406
2023-10-02 10:33:38,24,26,5969,9406
2023-10-02 10:33:40,25,26,5969,9406
2023-10-02 10:34:28,23,26,5969,9406
2023-10-02 10:34:28,23,25,5969,9406
2023-10-02 10:34:31,23,24,5969,9406
2023-10-02 10:34:32,23,25,5969,9406
2023-10-02 10:34:32,23,24,5969,9406
2023-10-02 10:34:33,23,25,5969,9406
2023-10-02 10:34:33,23,24,5969,9406
2023-10-02 10:34:34,23,25,5969,9406
2023-10-02 10:34:34,23,24,5969,9406
2023-10-02 10:34:35,23,25,5969,9406
2023-10-02 10:34:36,23,24,5969,9406
2023-10-02 10:34:36,23,25,5969,9406
2023-10-02 10:34:36,23,24,5969,9406
2023-10-02 10:34:37,23,25,5969,9406
2023-10-02 10:34:37,23,24,5969,9406
2023-10-02 10:34:38,23,25,5969,9406
2023-10-02 10:34:38,23,24,5969,9406
2023-10-02 10:34:38,23,25,5969,9406
2023-10-02 10:34:39,23,24,5969,9406
2023-10-02 10:34:40,23,25,5969,9406
2023-10-02 10:34:40,23,24,5969,9406
2023-10-02 10:34:40,23,25,5969,9406
2023-10-02 10:34:41,23,24,5969,9406
2023-10-02 10:34:41,23,25,5969,9406
2023-10-02 10:34:42,23,24,5969,9406
2023-10-02 10:34:42,23,25,5969,9406
2023-10-02 10:34:42,23,24,5969,9406
2023-10-02 10:34:43,23,25,5969,9406
2023-10-02 10:34:43,23,24,5969,9406
2023-10-02 10:34:44,23,25,5969,9406
2023-10-02 10:34:44,23,24,5969,9406
2023-10-02 10:34:52,23,25,5969,9406
2023-10-02 10:34:52,23,24,5969,9406
2023-10-02 10:34:52,23,25,5969,9406
2023-10-02 10:34:53,23,24,5969,9406
2023-10-02 10:34:53,23,25,5969,9406
2023-10-02 10:34:54,23,24,5969,9406
2023-10-02 10:34:54,23,25,5969,9406
2023-10-02 10:35:10,23,24,5969,9406
2023-10-02 10:35:15,23,25,5969,9406
2023-10-02 10:35:19,23,24,5969,9406
2023-10-02 10:35:22,23,25,5969,9406
2023-10-02 10:35:37,24,25,5969,9406
2023-10-02 10:35:40,24,26,5969,9406
2023-10-02 10:35:43,24,25,5969,9406
2023-10-02 10:35:45,23,25,5969,9406
2023-10-02 10:35:46,24,25,5969,9406
2023-10-02 10:35:47,23,25,5969,9406
2023-10-02 10:35:48,24,25,5969,9406
2023-10-02 10:35:50,24,26,5969,9406
2023-10-02 10:35:54,23,26,5969,9406
2023-10-02 10:35:54,23,25,5969,9406
2023-10-02 10:35:56,24,25,5969,9406
2023-10-02 10:35:57,23,25,5969,9406
2023-10-02 10:35:58,24,25,5969,9406
2023-10-02 10:36:00,24,26,5969,9406
2023-10-02 10:36:01,24,25,5969,9406
2023-10-02 10:36:02,23,25,5969,9406
2023-10-02 10:36:11,23,26,5969,9406
2023-10-02 10:36:11,24,26,5969,9406
2023-10-02 10:36:16,24,25,5969,9406
2023-10-02 10:36:17,24,26,5969,9406
2023-10-02 10:36:19,24,25,5969,9406
2023-10-02 10:36:20,23,25,5969,9406
2023-10-02 10:36:21,24,25,5969,9406
2023-10-02 10:36:24,24,26,5969,9406
2023-10-02 10:36:25,24,25,5969,9406
2023-10-02 10:36:28,23,25,5969,9406
2023-10-02 10:36:29,24,25,5969,9406
2023-10-02 10:36:32,23,25,5969,9406
2023-10-02 10:36:56,23,24,5969,9406
2023-10-02 10:37:32,23,25,6213,9650
2023-10-02 10:37:35,24,25,6213,9650
2023-10-02 10:37:42,23,25,6213,9650
2023-10-02 10:37:43,23,24,6213,9650
2023-10-02 10:37:51,23,25,6213,9650
2023-10-02 10:38:06,23,24,6213,9650
2023-10-02 10:38:07,23,25,6213,9650
2023-10-02 10:38:07,24,25,6213,9650
2023-10-02 10:38:08,23,25,6213,9650
2023-10-02 10:38:10,24,25,6213,9650
2023-10-02 10:38:12,23,25,6213,9650
2023-10-02 10:38:14,24,25,6213,9650
2023-10-02 10:38:18,24,27,6213,9650
2023-10-02 10:38:18,24,26,6213,9650
2023-10-02 10:38:19,25,26,6213,9650
2023-10-02 10:38:53,25,27,6213,9650
2023-10-02 10:38:59,25,26,6213,9650
2023-10-02 10:39:00,25,27,6213,9650
2023-10-02 10:39:04,25,26,6213,9650
2023-10-02 10:39:10,25,27,6213,9650
2023-10-02 10:39:18,25,26,6213,9650
2023-10-02 10:39:20,25,27,6213,9650
2023-10-02 10:39:23,25,26,6213,9650
2023-10-02 10:39:36,25,27,6213,9650
2023-10-02 10:39:44,25,26,6213,9650
2023-10-02 10:40:11,23,26,6213,9650
2023-10-02 10:40:11,23,25,6213,9650
2023-10-02 10:40:13,23,26,6213,9650
2023-10-02 10:40:13,23,24,6213,9650
2023-10-02 10:40:18,23,26,6213,9650
2023-10-02 10:40:18,23,25,6213,9650
2023-10-02 10:40:27,23,26,6213,9650
2023-10-02 10:40:27,23,24,6213,9650
2023-10-02 10:40:38,23,24,6232,9669
2023-10-02 10:40:50,23,26,6232,9669
2023-10-02 10:40:50,23,25,6232,9669
2023-10-02 10:41:13,23,25,6232,9869
2023-10-02 10:41:13,23,26,6232,9869
2023-10-02 10:41:15,23,25,6232,9869
2023-10-02 10:41:20,23,26,6232,9869
2023-10-02 10:41:20,24,26,6232,9869
2023-10-02 10:41:29,25,26,6232,9869
2023-10-02 10:41:30,24,26,6232,9869
2023-10-02 10:41:33,25,26,6232,9869
2023-10-02 10:41:37,25,27,6232,9869
2023-10-02 10:41:42,25,26,6232,9869
2023-10-02 10:41:44,24,26,6307,9944
2023-10-02 10:41:45,24,27,6307,9944
2023-10-02 10:41:45,24,27,6707,10344
2023-10-02 10:41:45,24,25,6707,10344
2023-10-02 10:41:46,24,25,7107,10744
2023-10-02 10:41:47,23,25,7407,11044
2023-10-02 10:41:48,24,25,7407,11044
2023-10-02 10:41:49,24,25,7657,11294
2023-10-02 10:41:49,24,27,7657,11294
2023-10-02 10:41:50,25,27,7657,11294
2023-10-02 10:41:52,26,27,7657,11294
2023-10-02 10:41:55,26,27,7257,11694
2023-10-02 10:41:59,24,27,7257,11694
2023-10-02 10:42:00,24,26,7257,11694
2023-10-02 10:42:03,24,25,7257,11694
2023-10-02 10:42:05,24,25,7507,11944
2023-10-02 10:42:06,24,26,7547,11984
2023-10-02 10:42:10,24,26,7797,12234
2023-10-02 10:42:11,25,26,7797,12234
2023-10-02 10:42:11,25,28,7797,12234
2023-10-02 10:42:14,25,28,7397,12634
2023-10-02 10:42:14,25,28,7397,12634
2023-10-02 10:42:15,27,28,7397,12634
2023-10-02 10:42:16,27,29,7099,12932
2023-10-02 10:42:17,28,29,7099,12932
2023-10-02 10:42:19,28,29,6699,13332
2023-10-02 10:42:21,28,29,6299,13732
2023-10-02 10:42:24,28,30,6099,13932
2023-10-02 10:42:26,28,29,6099,13932
2023-10-02 10:42:27,28,29,6299,14132
2023-10-02 10:42:28,28,30,6299,14132
2023-10-02 10:42:28,27,30,6499,14332
2023-10-02 10:42:29,27,29,6499,14332
2023-10-02 10:42:29,27,29,6899,14732
2023-10-02 10:42:30,26,29,7099,14932
2023-10-02 10:42:31,26,27,7099,14932
2023-10-02 10:42:33,26,29,7099,14932
2023-10-02 10:42:34,27,29,7099,14932
2023-10-02 10:42:35,27,30,7099,14932
2023-10-02 10:42:35,26,30,7099,14932
2023-10-02 10:42:36,27,30,7099,14932
2023-10-02 10:42:37,28,30,7099,14932
2023-10-02 10:42:44,29,30,7099,14932
2023-10-02 10:42:45,28,30,7099,14932
2023-10-02 10:42:45,28,31,6699,15332
2023-10-02 10:42:46,29,31,6699,15332
2023-10-02 10:42:46,29,31,6299,15732
2023-10-02 10:42:47,30,31,6299,15732
2023-10-02 10:42:47,30,32,5899,16132
2023-10-02 10:42:48,31,32,5899,16132
2023-10-02 10:42:50,30,32,5899,16132
2023-10-02 10:42:52,30,31,5899,16132
2023-10-02 10:42:55,30,31,6299,16532
2023-10-02 10:42:57,29,31,6499,16732
2023-10-02 10:42:58,29,30,6499,16732
2023-10-02 10:43:00,29,31,6499,16732
2023-10-02 10:43:01,29,30,6499,16732
2023-10-02 10:43:03,29,32,6499,16732
2023-10-02 10:43:03,29,32,6899,17132
2023-10-02 10:43:04,29,31,6899,17132
2023-10-02 10:43:05,29,30,6899,17132
2023-10-02 10:43:06,29,30,7099,17332
2023-10-02 10:43:06,29,31,7099,17332
2023-10-02 10:43:07,29,32,7099,17332
2023-10-02 10:43:07,30,32,7099,17332
2023-10-02 10:43:10,29,32,7099,17332
2023-10-02 10:43:10,31,32,7099,17332
2023-10-02 10:43:14,29,31,6916,17515
2023-10-02 10:43:15,30,31,6916,17515
2023-10-02 10:43:18,30,32,6799,17632
2023-10-02 10:43:18,31,32,6799,17632
2023-10-02 10:43:25,29,32,6999,17832
2023-10-02 10:43:26,29,31,6999,17832
2023-10-02 10:43:29,29,32,6999,17832
2023-10-02 10:43:29,30,32,6999,17832
2023-10-02 10:43:30,31,32,6999,17832
2023-10-02 10:43:31,30,32,6999,17832
2023-10-02 10:43:32,29,32,6999,17832
2023-10-02 10:43:32,29,31,6999,17832
2023-10-02 10:43:33,29,32,6999,17832
2023-10-02 10:43:33,30,32,6999,17832
2023-10-02 10:43:34,31,32,6999,17832
2023-10-02 10:43:36,30,32,6999,17832
2023-10-02 10:43:36,29,32,6999,17832
2023-10-02 10:43:37,29,31,6999,17832
2023-10-02 10:43:40,30,31,6999,17832
2023-10-02 10:43:42,30,32,6999,17832
2023-10-02 10:43:44,29,32,6999,17832
2023-10-02 10:43:44,29,31,6999,17832
2023-10-02 10:43:46,29,30,6999,17832
2023-10-02 10:43:49,29,31,6999,17832
2023-10-02 10:43:50,30,31,6999,17832
2023-10-02 10:43:51,30,31,6999,18007
2023-10-02 10:43:51,30,32,6999,18007
2023-10-02 10:44:02,30,31,6999,18007
2023-10-02 10:44:02,29,31,6999,18007
2023-10-02 10:44:05,28,30,6999,18007
2023-10-02 10:44:06,28,29,6999,18007
2023-10-02 10:44:09,28,30,6999,18007
2023-10-02 10:44:10,28,31,6999,18007
2023-10-02 10:44:10,29,31,6999,18007
2023-10-02 10:44:13,28,31,6999,18007
2023-10-02 10:44:13,30,31,6999,18007
2023-10-02 10:44:13,30,32,6599,18407
2023-10-02 10:44:14,31,32,6599,18407
2023-10-02 10:44:15,31,32,6399,18607
2023-10-02 10:44:15,29,32,6399,18607
2023-10-02 10:44:16,29,31,6399,18607
2023-10-02 10:44:18,29,30,6399,18607
2023-10-02 10:44:21,29,31,6399,18607
2023-10-02 10:44:21,29,31,6799,19007
2023-10-02 10:44:22,29,30,6799,19007
2023-10-02 10:44:26,27,30,6799,19007
2023-10-02 10:44:27,28,30,6799,19007
2023-10-02 10:44:28,27,29,6799,19007
2023-10-02 10:44:30,27,30,6799,19007
2023-10-02 10:44:30,28,30,6799,19007
2023-10-02 10:44:34,29,30,6799,19007
2023-10-02 10:44:41,28,30,6799,19007
2023-10-02 10:44:43,29,30,6799,19007
2023-10-02 10:44:43,28,29,6569,19237
2023-10-02 10:44:44,27,29,6569,19237
2023-10-02 10:44:46,27,28,6569,19237
2023-10-02 10:45:08,27,28,6585,19253
2023-10-02 10:45:10,26,28,6585,19253
2023-10-02 10:45:11,26,27,6585,19253
2023-10-02 10:45:36,26,27,6769,19437
2023-10-02 10:45:36,26,28,6769,19437
2023-10-02 10:45:38,26,27,6769,19437
2023-10-02 10:45:44,25,27,6769,19437
2023-10-02 10:46:18,26,27,6769,19437
2023-10-02 10:46:19,25,27,6769,19437
2023-10-02 10:46:21,25,27,6969,19637
2023-10-02 10:46:21,25,28,6969,19637
2023-10-02 10:46:21,26,28,6969,19637
2023-10-02 10:46:26,26,27,6969,19637
2023-10-02 10:46:27,26,28,6969,19637
2023-10-02 10:46:28,26,27,6969,19637
2023-10-02 10:46:29,26,28,6969,19637
2023-10-02 10:46:43,26,29,6969,19637
2023-10-02 10:46:51,26,28,6969,19637
2023-10-02 10:46:52,26,29,6969,19637
2023-10-02 10:47:05,26,30,6969,19637
2023-10-02 10:47:06,27,30,6969,19637
2023-10-02 10:47:07,28,30,6969,19637
2023-10-02 10:47:13,28,29,6969,19637
2023-10-02 10:47:14,26,29,6969,19637
2023-10-02 10:47:15,27,29,6969,19637
2023-10-02 10:47:17,26,29,6969,19637
2023-10-02 10:47:18,27,29,6969,19637
2023-10-02 10:47:20,26,29,6969,19637
2023-10-02 10:47:37,26,28,6969,19637
2023-10-02 10:47:37,25,28,6969,19637
2023-10-02 10:47:40,25,27,6969,19637
2023-10-02 10:48:04,25,26,6969,19637
2023-10-02 10:48:18,25,26,6969,19669
2023-10-02 10:48:21,25,27,6969,19669
2023-10-02 10:48:23,25,26,6969,19669
2023-10-02 10:48:57,25,27,6969,19669
2023-10-02 10:48:58,25,26,6969,19669
2023-10-02 10:48:59,25,27,6969,19669
2023-10-02 10:49:01,26,27,6969,19669
2023-10-02 10:49:01,26,29,6969,19669
2023-10-02 10:49:02,26,28,6969,19669
2023-10-02 10:49:06,26,30,6969,19669
2023-10-02 10:49:07,26,29,6969,19669
2023-10-02 10:49:07,26,28,6969,19669
2023-10-02 10:49:09,26,29,6969,19669
2023-10-02 10:49:10,26,28,6969,19669
2023-10-02 10:49:19,26,29,6969,19669
2023-10-02 10:49:20,26,28,6969,19669
2023-10-02 10:49:21,26,29,6969,19669
2023-10-02 10:49:22,26,28,6969,19669
2023-10-02 10:49:23,26,29,6969,19669
2023-10-02 10:49:27,26,28,6969,19669
2023-10-02 10:49:34,26,29,6969,19669
2023-10-02 10:49:40,26,28,6969,19669
2023-10-02 10:49:42,26,29,6969,19669
2023-10-02 10:49:43,26,28,6969,19669
2023-10-02 10:49:49,26,29,6969,19669
2023-10-02 10:49:50,26,28,6969,19669
2023-10-02 10:50:06,25,28,6969,19669
2023-10-02 10:50:27,24,28,6969,19669
2023-10-02 10:50:31,24,27,6969,19669
2023-10-02 10:50:33,25,27,6969,19669
2023-10-02 10:50:49,24,27,6969,19669
2023-10-02 10:50:54,25,27,6969,19669
2023-10-02 10:51:33,24,27,6969,19669
2023-10-02 10:51:47,25,27,6969,19669
2023-10-02 10:51:53,25,26,6969,19669
2023-10-02 10:51:54,25,26,6986,19686
2023-10-02 10:52:32,24,26,6986,19686
2023-10-02 10:52:36,24,25,6986,19686
2023-10-02 10:52:56,23,25,7035,19735
2023-10-02 10:52:58,24,25,7035,19735
2023-10-02 10:53:38,24,26,7035,19735
2023-10-02 10:53:43,25,26,7035,19735
2023-10-02 10:53:55,25,28,7060,19760
2023-10-02 10:53:56,25,27,7060,19760
2023-10-02 10:53:58,25,29,7060,19760
2023-10-02 10:53:58,25,27,7060,19760
2023-10-02 10:53:59,25,29,7060,19760
2023-10-02 10:54:00,25,28,7060,19760
2023-10-02 10:54:00,26,28,7060,19760
2023-10-02 10:54:07,26,29,7060,19760
2023-10-02 10:54:08,27,29,7060,19760
2023-10-02 10:54:10,27,28,7060,19760
2023-10-02 10:54:15,27,29,7060,19760
2023-10-02 10:54:16,27,28,7060,19760
2023-10-02 10:54:17,27,29,7060,19760
2023-10-02 10:54:40,28,29,7060,19760
2023-10-02 10:54:41,27,29,7060,19760
2023-10-02 10:54:42,28,29,7060,19760
2023-10-02 10:54:49,27,29,7060,19760
2023-10-02 10:54:51,27,28,7060,19760
2023-10-02 10:54:53,26,28,7060,19760
2023-10-02 10:54:55,27,28,7060,19760
2023-10-02 10:54:57,27,29,7060,19760
2023-10-02 10:54:58,27,28,7060,19760
2023-10-02 10:54:59,27,29,7060,19760
2023-10-02 10:55:00,27,28,7060,19760
2023-10-02 10:55:01,27,29,7060,19760
2023-10-02 10:55:23,27,28,7060,19760
2023-10-02 10:55:26,26,28,7060,19760
2023-10-02 10:55:27,27,28,7060,19760
2023-10-02 10:55:28,27,29,7060,19760
2023-10-02 10:55:31,27,28,7060,19760
2023-10-02 10:55:32,27,29,7060,19760
2023-10-02 10:55:41,27,30,7060,19760
2023-10-02 10:55:47,27,29,7060,19760
2023-10-02 10:56:08,27,30,7060,19760
2023-10-02 10:56:09,27,29,7060,19760
2023-10-02 10:56:11,27,30,7060,19760
2023-10-02 10:56:12,27,29,7060,19760
2023-10-02 10:56:18,27,30,7060,19760
2023-10-02 10:56:20,27,29,7060,19760
2023-10-02 10:56:26,27,30,7060,19760
2023-10-02 10:56:27,27,29,7060,19760
2023-10-02 10:56:42,26,29,7060,19760
2023-10-02 10:56:44,27,29,7060,19760
2023-10-02 10:56:47,26,29,7060,19760
2023-10-02 10:56:56,27,29,7060,19760
2023-10-02 10:56:59,27,30,7060,19760
2023-10-02 10:57:13,28,30,7060,19760
2023-10-02 10:57:18,29,30,7060,19760
2023-10-02 10:57:55,29,32,7052,19768
2023-10-02 10:57:56,30,32,7052,19768
2023-10-02 10:58:02,31,32,7052,19768
2023-10-02 10:58:05,31,32,7019,19801
2023-10-02 10:58:15,30,31,6997,19823
2023-10-02 10:59:01,28,30,6702,20118
2023-10-02 10:59:01,28,29,6702,20118
2023-10-02 10:59:06,28,30,6702,20118
2023-10-02 10:59:06,28,31,6702,20118
2023-10-02 10:59:07,28,30,6702,20118
2023-10-02 10:59:08,29,30,6702,20118
2023-10-02 10:59:11,28,30,6702,20118
2023-10-02 10:59:21,29,30,6702,20118
2023-10-02 10:59:26,29,31,6702,20118
2023-10-02 10:59:39,28,31,6702,20118
2023-10-02 10:59:39,28,30,6702,20118
2023-10-02 11:00:06,28,30,6702,20120
2023-10-02 11:00:32,28,29,6702,20120
2023-10-02 11:00:35,26,29,6702,20120
2023-10-02 11:00:39,26,28,6702,20120
2023-10-02 11:00:43,27,28,6702,20120
2023-10-02 11:00:47,26,28,6702,20120
2023-10-02 11:00:51,27,28,6702,20120
2023-10-02 11:00:52,27,30,6702,20120
2023-10-02 11:00:53,26,30,6702,20120
2023-10-02 11:00:53,26,29,6702,20120
2023-10-02 11:00:54,27,29,6702,20120
2023-10-02 11:00:56,26,29,6702,20120
2023-10-02 11:00:57,27,29,6702,20120
2023-10-02 11:00:58,26,29,6702,20120
2023-10-02 11:01:03,26,28,6702,20120
2023-10-02 11:01:07,26,27,6702,20120
2023-10-02 11:01:09,26,27,6839,20257
2023-10-02 11:01:38,25,27,6839,20257
2023-10-02 11:02:02,25,27,6902,20320
2023-10-02 11:02:35,25,26,6902,20320
2023-10-02 11:02:42,25,26,7009,20427
2023-10-02 11:02:43,24,26,7009,20427
2023-10-02 11:02:44,24,25,7009,20427
2023-10-02 11:02:50,23,25,7009,20427
2023-10-02 11:02:59,23,25,7009,20434
2023-10-02 11:03:25,24,25,7009,20434
2023-10-02 11:03:28,24,26,7009,20434
2023-10-02 11:03:36,24,26,7061,20486
2023-10-02 11:03:37,23,26,7061,20486
2023-10-02 11:03:43,23,25,7061,20486
2023-10-02 11:03:45,22,25,7061,20486
2023-10-02 11:03:46,22,24,7061,20486
2023-10-02 11:03:46,22,23,7061,20486
2023-10-02 11:03:51,21,23,7061,20486
2023-10-02 11:03:51,21,22,7061,20486
2023-10-02 11:04:02,20,22,7061,20486
2023-10-02 11:04:05,19,22,7061,20486
2023-10-02 11:04:16,20,22,7061,20486
2023-10-02 11:04:20,20,21,7061,20486
2023-10-02 11:04:20,20,22,7061,20486
2023-10-02 11:04:21,20,21,7061,20486
2023-10-02 11:04:21,20,22,7061,20486
2023-10-02 11:04:22,20,21,7061,20486
2023-10-02 11:04:22,20,22,7061,20486
2023-10-02 11:04:23,20,21,7061,20486
2023-10-02 11:04:23,20,22,7061,20486
2023-10-02 11:04:24,20,21,7061,20486
2023-10-02 11:04:25,20,22,7061,20486
2023-10-02 11:04:27,20,22,7083,20508
2023-10-02 11:04:32,20,23,7083,20508
2023-10-02 11:04:33,20,22,7083,20508
2023-10-02 11:04:34,20,23,7083,20508
2023-10-02 11:04:36,21,23,7083,20508
2023-10-02 11:04:39,21,22,7083,20508
2023-10-02 11:04:41,21,23,7083,20508
2023-10-02 11:04:41,21,22,7083,20508
2023-10-02 11:04:42,21,24,7107,20532
2023-10-02 11:04:43,21,23,7107,20532
2023-10-02 11:04:48,22,23,7107,20532
2023-10-02 11:04:53,22,25,7107,20532
2023-10-02 11:04:53,22,24,7107,20532
2023-10-02 11:04:54,23,24,7107,20532
2023-10-02 11:05:02,22,24,7107,20532
2023-10-02 11:05:03,23,24,7107,20532
2023-10-02 11:05:07,23,26,7107,20532
2023-10-02 11:05:08,24,26,7107,20532
2023-10-02 11:05:20,23,26,7107,20532
2023-10-02 11:05:24,24,26,7107,20532
2023-10-02 11:05:29,23,26,7107,20532
2023-10-02 11:05:30,23,25,7107,20532
2023-10-02 11:05:42,23,26,7311,20736
2023-10-02 11:06:13,23,25,7311,20736
2023-10-02 11:06:15,23,26,7311,20736
2023-10-02 11:06:18,23,26,7309,20738
2023-10-02 11:06:25,23,25,7309,20738
2023-10-02 11:06:28,23,26,7309,20738
2023-10-02 11:06:39,23,25,7309,20738
2023-10-02 11:06:40,23,26,7309,20738
2023-10-02 11:06:41,23,25,7309,20738
2023-10-02 11:06:52,23,26,7309,20738
2023-10-02 11:07:10,23,25,7309,20738
2023-10-02 11:07:47,23,24,7309,20738
2023-10-02 11:07:47,23,24,7320,20749
2023-10-02 11:07:48,22,24,7320,20749
2023-10-02 11:07:56,22,25,7320,20749
2023-10-02 11:07:59,23,25,7320,20749
2023-10-02 11:08:02,24,25,7320,20749
2023-10-02 11:08:02,24,26,7320,20749
2023-10-02 11:08:08,24,27,7320,20749
2023-10-02 11:08:09,25,27,7320,20749
2023-10-02 11:08:16,25,26,7320,20749
2023-10-02 11:08:19,25,27,7320,20749
2023-10-02 11:08:21,26,27,7320,20749
2023-10-02 11:08:21,26,28,7320,20749
2023-10-02 11:08:22,26,27,7320,20749
2023-10-02 11:08:22,26,28,7320,20749
2023-10-02 11:08:34,26,27,7320,20749
2023-10-02 11:08:35,26,28,7320,20749
2023-10-02 11:08:39,26,27,7320,20749
2023-10-02 11:08:41,25,27,7320,20749
2023-10-02 11:08:46,25,27,7318,20751
2023-10-02 11:08:52,26,27,7318,20751
2023-10-02 11:08:55,25,27,7318,20751
2023-10-02 11:09:05,24,27,7318,20751
2023-10-02 11:09:06,25,27,7318,20751
2023-10-02 11:09:13,26,27,7318,20751
2023-10-02 11:09:15,26,28,7318,20751
2023-10-02 11:09:16,26,27,7318,20751
2023-10-02 11:09:18,25,27,7318,20751
2023-10-02 11:09:29,26,27,7318,20751
2023-10-02 11:09:32,26,28,7318,20751
2023-10-02 11:09:35,25,28,7318,20751
2023-10-02 11:09:35,25,27,7318,20751
2023-10-02 11:09:54,26,27,7318,20751
2023-10-02 11:09:55,26,28,7318,20751
2023-10-02 11:09:56,26,27,7318,20751
2023-10-02 11:09:58,25,27,7318,20751
2023-10-02 11:10:06,25,27,7316,20753
2023-10-02 11:10:06,24,27,7316,20753
2023-10-02 11:10:08,25,27,7316,20753
2023-10-02 11:10:26,24,27,7316,20753
2023-10-02 11:10:36,25,27,7316,20753
2023-10-02 11:10:46,25,28,7316,20753
2023-10-02 11:10:56,25,27,7316,20753
2023-10-02 11:10:57,25,28,7316,20753
2023-10-02 11:11:00,26,28,7316,20753
2023-10-02 11:11:00,26,27,7316,20753
2023-10-02 11:11:03,26,28,7316,20753
2023-10-02 11:11:04,26,27,7316,20753
2023-10-02 11:11:27,25,27,7316,20753
2023-10-02 11:11:28,24,27,7316,20753
2023-10-02 11:11:31,24,26,7316,20753
2023-10-02 11:11:32,24,27,7316,20753
2023-10-02 11:11:40,24,27,7316,20753
2023-10-02 11:11:42,25,27,7316,20753
2023-10-02 11:11:46,24,27,7316,20753
2023-10-02 11:11:52,24,26,7316,20753
2023-10-02 11:12:14,24,25,7316,20753
2023-10-02 11:12:25,24,26,7316,20753
2023-10-02 11:12:26,24,25,7316,20753
2023-10-02 11:12:35,23,25,7316,20753
2023-10-02 11:12:36,23,24,7316,20753
2023-10-02 11:13:01,23,25,7316,20753
2023-10-02 11:13:02,23,24,7316,20753
2023-10-02 11:13:02,23,25,7316,20753
2023-10-02 11:13:03,23,24,7316,20753
2023-10-02 11:13:03,23,25,7316,20753
2023-10-02 11:13:04,23,24,7316,20753
2023-10-02 11:13:04,23,25,7316,20753
2023-10-02 11:13:05,23,24,7316,20753
2023-10-02 11:13:06,23,25,7316,20753
2023-10-02 11:13:06,23,24,7316,20753
2023-10-02 11:13:07,23,25,7316,20753
2023-10-02 11:13:07,23,24,7316,20753
2023-10-02 11:13:16,23,25,7336,20773
2023-10-02 11:13:18,22,25,7336,20773
2023-10-02 11:13:20,22,24,7336,20773
2023-10-02 11:13:24,22,23,7336,20773
2023-10-02 11:13:24,22,24,7336,20773
2023-10-02 11:13:25,22,23,7336,20773
2023-10-02 11:13:25,22,24,7336,20773
2023-10-02 11:13:27,23,24,7336,20773
2023-10-02 11:13:38,23,26,7336,20773
2023-10-02 11:13:39,23,25,7336,20773
2023-10-02 11:13:48,22,25,7336,20773
2023-10-02 11:13:51,22,24,7336,20773
2023-10-02 11:14:05,21,24,7336,20773
2023-10-02 11:14:23,21,23,7336,20773
2023-10-02 11:14:23,20,23,7336,20773
2023-10-02 11:14:24,20,22,7336,20773
2023-10-02 11:14:36,20,24,7336,20773
2023-10-02 11:14:36,21,24,7336,20773
2023-10-02 11:14:37,21,23,7336,20773
2023-10-02 11:14:49,20,23,7336,20773
2023-10-02 11:15:05,21,23,7336,20773
2023-10-02 11:15:06,20,23,7336,20773
2023-10-02 11:15:11,20,22,7336,20773
2023-10-02 11:15:15,20,23,7336,20773
2023-10-02 11:15:29,20,22,7336,20773
2023-10-02 11:15:30,19,22,7336,20773
2023-10-02 11:15:30,19,21,7336,20773
2023-10-02 11:15:44,19,20,7336,20773
2023-10-02 11:15:46,17,20,7336,20773
2023-10-02 11:15:47,17,19,7336,20773
2023-10-02 11:16:02,16,19,7336,20773
2023-10-02 11:16:03,17,19,7336,20773
2023-10-02 11:16:13,16,19,7336,20773
2023-10-02 11:16:19,17,19,7336,20773
2023-10-02 11:16:23,18,19,7336,20773
2023-10-02 11:16:27,18,20,7336,20773
2023-10-02 11:16:31,17,20,7336,20773
2023-10-02 11:16:33,17,19,7336,20773
2023-10-02 11:16:43,16,19,7336,20773
2023-10-02 11:16:44,17,19,7336,20773
2023-10-02 11:16:54,16,19,7336,20773
2023-10-02 11:16:55,17,19,7336,20773
2023-10-02 11:16:56,16,19,7336,20773
2023-10-02 11:16:58,17,19,7336,20773
2023-10-02 11:16:59,16,19,7336,20773
2023-10-02 11:17:00,17,19,7336,20773
2023-10-02 11:17:06,17,20,7336,20773
2023-10-02 11:17:06,18,20,7336,20773
2023-10-02 11:17:07,17,20,7336,20773
2023-10-02 11:17:10,18,20,7336,20773
2023-10-02 11:17:15,18,19,7336,20773
2023-10-02 11:17:22,18,20,7336,20773
2023-10-02 11:17:26,18,21,7336,20773
2023-10-02 11:17:27,19,21,7336,20773
2023-10-02 11:17:29,19,20,7336,20773
2023-10-02 11:17:30,18,20,7336,20773
2023-10-02 11:17:31,18,21,7336,20773
2023-10-02 11:17:31,19,21,7336,20773
2023-10-02 11:17:45,20,21,7336,20773
2023-10-02 11:18:18,21,23,7336,20775
2023-10-02 11:18:19,21,24,7336,20775
2023-10-02 11:18:20,21,23,7336,20775
2023-10-02 11:18:23,21,22,7336,20775
2023-10-02 11:18:30,20,22,7336,20775
2023-10-02 11:18:43,19,22,7336,20775
2023-10-02 11:18:52,19,21,7336,20775
2023-10-02 11:19:06,19,20,7336,20775
2023-10-02 11:19:06,18,20,7336,20775
2023-10-02 11:19:07,18,19,7336,20775
2023-10-02 11:19:10,18,21,7336,20775
2023-10-02 11:19:11,18,20,7336,20775
2023-10-02 11:19:17,19,20,7336,20775
2023-10-02 11:19:18,19,21,7336,20775
2023-10-02 11:19:19,19,20,7336,20775
2023-10-02 11:19:20,19,21,7336,20775
2023-10-02 11:19:23,18,21,7336,20775
2023-10-02 11:19:29,18,20,7336,20775
2023-10-02 11:19:37,18,21,7336,20775
2023-10-02 11:19:44,18,20,7336,20775
2023-10-02 11:20:06,17,20,7336,20775
2023-10-02 11:20:06,18,20,7336,20775
2023-10-02 11:20:10,17,20,7336,20775
2023-10-02 11:20:12,18,20,7336,20775
2023-10-02 11:20:13,17,20,7336,20775
2023-10-02 11:20:14,18,20,7336,20775
2023-10-02 11:20:16,17,20,7336,20775
2023-10-02 11:20:17,18,20,7336,20775
2023-10-02 11:20:18,17,20,7336,20775
2023-10-02 11:20:19,18,20,7336,20775
2023-10-02 11:20:20,17,20,7336,20775
2023-10-02 11:20:21,18,20,7336,20775
2023-10-02 11:20:26,17,20,7336,20775
2023-10-02 11:20:29,18,20,7336,20775
2023-10-02 11:20:48,17,20,7336,20775
2023-10-02 11:20:51,17,19,7336,20775
2023-10-02 11:20:51,17,18,7336,20775
2023-10-02 11:20:59,16,18,7358,20797
2023-10-02 11:21:02,17,18,7358,20797
2023-10-02 11:21:03,16,18,7358,20797
2023-10-02 11:21:06,17,18,7358,20797
2023-10-02 11:21:08,17,19,7358,20797
2023-10-02 11:21:10,16,19,7358,20797
2023-10-02 11:21:10,16,18,7358,20797
2023-10-02 11:21:11,16,19,7358,20797
2023-10-02 11:21:11,17,19,7358,20797
2023-10-02 11:21:12,16,19,7358,20797
2023-10-02 11:21:12,16,18,7358,20797
2023-10-02 11:21:14,17,18,7358,20797
2023-10-02 11:21:16,17,19,7358,20797
2023-10-02 11:21:17,17,18,7358,20797
2023-10-02 11:21:28,16,18,7358,20797
2023-10-02 11:21:31,15,18,7358,20797
2023-10-02 11:21:36,16,18,7358,20797
2023-10-02 11:21:37,15,18,7358,20797
2023-10-02 11:21:39,16,18,7358,20797
2023-10-02 11:21:42,16,17,7358,20797
2023-10-02 11:21:42,15,17,7358,20797
2023-10-02 11:21:43,15,16,7358,20797
2023-10-02 11:21:43,14,16,7358,20797
2023-10-02 11:21:45,14,15,7358,20797
2023-10-02 11:21:45,14,15,7398,20837
2023-10-02 11:21:46,13,14,7398,20872
2023-10-02 11:21:48,13,14,7213,21072
2023-10-02 11:21:48,11,14,7213,21072
2023-10-02 11:21:49,11,13,7213,21072
2023-10-02 11:22:40,11,13,7313,21172
2023-10-02 11:22:46,11,12,7313,21172
2023-10-02 11:22:47,11,13,7313,21172
2023-10-02 11:22:51,12,13,7313,21172
2023-10-02 11:22:52,11,13,7313,21172
2023-10-02 11:22:53,12,13,7313,21172
2023-10-02 11:22:54,11,13,7313,21172
2023-10-02 11:22:55,11,12,7313,21172
2023-10-02 11:22:56,11,13,7313,21172
2023-10-02 11:23:05,11,12,7313,21172
2023-10-02 11:23:26,10,12,7313,21172
2023-10-02 11:23:29,11,12,7313,21172
2023-10-02 11:23:45,10,12,7313,21172
2023-10-02 11:23:46,11,12,7313,21172
2023-10-02 11:23:55,11,13,7313,21172
2023-10-02 11:24:31,11,12,7313,21172
2023-10-02 11:24:35,11,13,7313,21172
2023-10-02 11:24:52,11,12,7313,21172
2023-10-02 11:24:53,11,13,7313,21172
2023-10-02 11:25:01,11,12,7313,21172
2023-10-02 11:25:06,11,13,7313,21172
2023-10-02 11:25:51,11,14,7313,21172
2023-10-02 11:25:56,12,14,7313,21172
2023-10-02 11:26:05,12,13,7313,21172
2023-10-02 11:26:07,11,13,7313,21172
2023-10-02 11:26:09,12,13,7313,21172
2023-10-02 11:26:10,12,14,7313,21172
2023-10-02 11:26:19,12,13,7313,21172
2023-10-02 11:26:19,11,13,7313,21172
2023-10-02 11:26:20,12,13,7313,21172
2023-10-02 11:26:21,11,13,7313,21172
2023-10-02 11:26:22,12,13,7313,21172
2023-10-02 11:26:30,12,13,7311,21174
2023-10-02 11:27:07,11,13,7311,21174
2023-10-02 11:27:10,12,13,7311,21174
2023-10-02 11:28:37,11,13,7311,21174
2023-10-02 11:28:45,11,12,7311,21174
2023-10-02 11:28:46,11,13,7311,21174
2023-10-02 11:28:52,11,12,7311,21174
2023-10-02 11:28:57,9,12,7311,21174
2023-10-02 11:28:57,9,11,7311,21174
2023-10-02 11:28:58,10,11,7311,21174
2023-10-02 11:29:02,11,12,7309,21176
2023-10-02 11:29:05,11,12,7309,21177
2023-10-02 11:29:10,11,13,7309,21177
2023-10-02 11:29:12,10,13,7309,21177
2023-10-02 11:29:13,11,13,7309,21177
2023-10-02 11:29:16,11,12,7309,21177
2023-10-02 11:29:16,10,12,7309,21177
2023-10-02 11:29:19,11,12,7309,21177
2023-10-02 11:29:23,11,12,7309,21178
2023-10-02 11:29:40,11,12,7309,21179
2023-10-02 11:29:58,11,12,7309,21180
2023-10-02 11:30:05,10,12,7309,21180
2023-10-02 11:30:08,10,11,7309,21180
2023-10-02 11:30:09,9,11,7309,21180
2023-10-02 11:30:21,9,11,7309,21189
2023-10-02 11:30:34,10,11,7309,21189
2023-10-02 11:30:50,10,12,7309,21189
2023-10-02 11:31:08,10,12,7309,21190
2023-10-02 11:31:08,10,12,7309,21191
2023-10-02 11:31:42,10,13,7309,21191
2023-10-02 11:31:45,11,13,7309,21191
2023-10-02 11:31:52,11,14,7309,21191
2023-10-02 11:31:52,12,14,7309,21191
2023-10-02 11:32:03,12,13,7309,21191
2023-10-02 11:32:06,12,14,7309,21191
2023-10-02 11:32:07,12,14,7307,21193
2023-10-02 11:33:03,12,13,7307,21193
2023-10-02 11:33:05,11,13,7307,21193
2023-10-02 11:33:07,12,13,7307,21193
2023-10-02 11:33:11,12,14,7307,21193
2023-10-02 11:33:30,12,13,7307,21193
2023-10-02 11:33:39,11,13,7307,21193
2023-10-02 11:33:45,12,13,7307,21193
2023-10-02 11:33:49,11,13,7307,21193
2023-10-02 11:34:05,12,13,7307,21193
2023-10-02 11:34:07,11,13,7307,21193
2023-10-02 11:34:09,12,13,7307,21193
2023-10-02 11:34:14,11,13,7307,21193
2023-10-02 11:34:35,12,13,7307,21193
2023-10-02 11:34:37,11,13,7307,21193
2023-10-02 11:34:44,12,13,7307,21193
2023-10-02 11:34:45,12,14,7307,21193
2023-10-02 11:35:07,12,14,7305,21195
2023-10-02 11:35:10,11,14,7305,21195
2023-10-02 11:35:11,11,13,7305,21195
2023-10-02 11:35:13,11,14,7305,21195
2023-10-02 11:35:16,12,14,7305,21195
2023-10-02 11:35:53,12,15,7305,21195
2023-10-02 11:36:24,12,14,7305,21195
2023-10-02 11:36:28,12,15,7305,21195
2023-10-02 11:36:31,13,15,7305,21195
2023-10-02 11:36:32,13,16,7305,21195
2023-10-02 11:36:36,14,16,7305,21195
2023-10-02 11:36:44,15,16,7305,21195
2023-10-02 11:36:48,15,17,7305,21195
2023-10-02 11:36:48,15,17,7303,21197
2023-10-02 11:37:20,16,17,7303,21197
2023-10-02 11:37:24,16,18,7303,21197
2023-10-02 11:37:53,17,18,7303,21197
2023-10-02 11:37:53,17,19,7303,21197
2023-10-02 11:37:55,18,19,7303,21197
2023-10-02 11:37:56,18,20,7303,21197
2023-10-02 11:37:57,19,20,7303,21197
2023-10-02 11:38:01,19,21,7303,21197
2023-10-02 11:38:29,19,21,7303,21199
2023-10-02 11:38:53,19,20,7303,21199
2023-10-02 11:38:53,18,20,7303,21199
2023-10-02 11:38:57,18,19,7303,21199
2023-10-02 11:39:00,18,20,7303,21199
2023-10-02 11:39:06,18,19,7303,21199
2023-10-02 11:39:08,18,20,7303,21199
2023-10-02 11:40:01,18,21,7303,21199
2023-10-02 11:40:14,19,21,7303,21199
2023-10-02 11:40:21,19,21,7303,21201
2023-10-02 11:40:40,19,20,7303,21201
2023-10-02 11:40:41,18,20,7303,21201
2023-10-02 11:40:45,18,21,7303,21201
2023-10-02 11:40:50,19,21,7303,21201
2023-10-02 11:41:19,20,21,7303,21201
2023-10-02 11:41:26,20,22,7303,21201
2023-10-02 11:41:31,20,22,7303,21203
2023-10-02 11:42:02,21,22,7303,21203
2023-10-02 11:42:02,21,23,7303,21203
2023-10-02 11:42:31,22,23,7303,21203
2023-10-02 11:42:33,22,24,7303,21203
2023-10-02 11:42:39,23,24,7303,21203
2023-10-02 11:42:40,23,25,7303,21203
2023-10-02 11:42:44,23,26,7303,21203
2023-10-02 11:42:46,24,26,7303,21203
2023-10-02 11:42:52,24,25,7303,21203
2023-10-02 11:42:53,23,25,7303,21203
2023-10-02 11:43:09,23,26,7303,21203
2023-10-02 11:43:13,24,26,7303,21203
2023-10-02 11:43:16,25,26,7303,21203
2023-10-02 11:43:18,25,26,7303,21453
2023-10-02 11:43:27,25,26,7303,21455
2023-10-02 11:43:43,24,26,7303,21455
2023-10-02 11:43:52,24,25,7303,21455
2023-10-02 11:43:52,23,25,7303,21455
2023-10-02 11:43:53,23,26,7303,21455
2023-10-02 11:43:53,23,25,7303,21455
2023-10-02 11:44:01,23,24,7303,21455
2023-10-02 11:44:02,23,25,7303,21455
2023-10-02 11:44:04,23,24,7303,21455
2023-10-02 11:44:07,23,25,7303,21455
2023-10-02 11:44:11,23,24,7303,21455
2023-10-02 11:44:14,22,24,7701,21853
2023-10-02 11:44:22,23,24,7701,21853
2023-10-02 11:44:23,22,24,7701,21853
2023-10-02 11:44:24,23,24,7701,21853
2023-10-02 11:44:25,23,24,7699,21855
2023-10-02 11:44:31,23,25,7699,21855
2023-10-02 11:44:34,23,24,7699,21855
2023-10-02 11:44:35,23,25,7699,21855
2023-10-02 11:44:46,23,26,7699,21855
2023-10-02 11:44:48,24,26,7699,21855
2023-10-02 11:44:53,25,26,7699,21855
2023-10-02 11:44:58,25,27,7699,22005
2023-10-02 11:44:58,26,27,7699,22005
2023-10-02 11:45:09,26,27,7697,22007
2023-10-02 11:45:18,25,27,7697,22007
2023-10-02 11:45:27,26,27,7697,22007
2023-10-02 11:45:35,25,27,7697,22007
2023-10-02 11:45:38,26,27,7697,22007
2023-10-02 11:46:02,26,28,7697,22007
2023-10-02 11:46:03,27,28,7697,22007
2023-10-02 11:46:05,27,29,7697,22007
2023-10-02 11:46:08,28,29,7697,22007
2023-10-02 11:46:17,27,29,7697,22007
2023-10-02 11:46:29,27,28,7697,22007
2023-10-02 11:46:32,27,28,7695,22009
2023-10-02 11:46:55,27,29,7695,22209
2023-10-02 11:46:57,27,28,7695,22209
2023-10-02 11:46:58,27,29,7695,22209
2023-10-02 11:47:03,28,29,7695,22209
2023-10-02 11:47:04,28,30,7695,22209
2023-10-02 11:47:08,29,30,7695,22209
2023-10-02 11:47:10,28,30,7695,22209
2023-10-02 11:47:19,28,29,7695,22209
2023-10-02 11:47:20,28,30,7695,22209
2023-10-02 11:47:30,28,29,7695,22209
2023-10-02 11:47:34,28,30,7695,22209
2023-10-02 11:47:38,28,29,7695,22209
2023-10-02 11:47:41,28,30,7695,22209
2023-10-02 11:48:01,28,29,7695,22209
2023-10-02 11:48:02,28,30,7695,22209
2023-10-02 11:48:03,28,29,7695,22209
2023-10-02 11:48:06,28,30,7695,22209
2023-10-02 11:48:08,28,29,7695,22209
2023-10-02 11:48:09,28,30,7695,22209
2023-10-02 11:48:15,28,29,7695,22209
2023-10-02 11:48:16,30,31,7345,22990
2023-10-02 11:48:37,30,31,7343,22992
2023-10-02 11:49:43,29,31,7343,22992
2023-10-02 11:50:02,31,32,6743,23592
2023-10-02 11:50:04,31,32,6743,23780
2023-10-02 11:50:05,31,32,6543,23980
2023-10-02 11:50:08,31,32,6543,23996
2023-10-02 11:50:14,31,32,6541,23998
2023-10-02 11:50:36,29,32,6541,24009
2023-10-02 11:50:38,29,31,6541,24009
2023-10-02 11:50:39,29,32,6541,24009
2023-10-02 11:50:48,30,32,6541,24009
2023-10-02 11:51:26,30,32,6541,24011
2023-10-02 11:52:02,29,32,6541,24011
2023-10-02 11:52:05,29,31,6541,24011
2023-10-02 11:52:08,29,31,6541,24012
2023-10-02 11:52:22,29,32,6541,24012
2023-10-02 11:52:24,29,32,6541,24014
2023-10-02 11:52:29,29,31,6541,24014
2023-10-02 11:52:35,29,32,6541,24014
2023-10-02 11:52:56,30,32,6541,24014
2023-10-02 11:53:02,31,32,6541,24014
2023-10-02 11:53:07,31,33,6541,24014
2023-10-02 11:53:16,32,33,6541,24014
2023-10-02 11:53:24,32,34,6541,24014
2023-10-02 11:53:24,33,34,6541,24014
2023-10-02 11:53:25,32,34,6541,24014
2023-10-02 11:53:26,33,34,6541,24014
2023-10-02 11:53:27,32,34,6541,24014
2023-10-02 11:53:28,33,34,6541,24014
2023-10-02 11:53:29,32,34,6541,24014
2023-10-02 11:53:30,33,34,6541,24014
2023-10-02 11:53:31,32,34,6541,24014
2023-10-02 11:53:32,33,34,6541,24014
2023-10-02 11:53:33,32,34,6541,24014
2023-10-02 11:53:35,33,34,6541,24014
2023-10-02 11:53:41,34,35,6573,24046
2023-10-02 11:53:41,34,35,6574,24047
2023-10-02 11:53:42,34,36,6574,24047
2023-10-02 11:53:43,35,36,6574,24047
2023-10-02 11:53:44,34,36,6574,24047
2023-10-02 11:53:44,35,36,6574,24047
2023-10-02 11:53:46,35,37,6574,24047
2023-10-02 11:53:47,36,37,6574,24047
2023-10-02 11:53:48,36,38,6574,24047
2023-10-02 11:53:49,37,38,6574,24047
2023-10-02 11:53:50,36,38,6574,24047
2023-10-02 11:53:54,35,38,6574,24047
2023-10-02 11:53:56,36,38,6574,24047
2023-10-02 11:53:59,37,38,6574,24047
2023-10-02 11:54:00,36,38,6574,24047
2023-10-02 11:54:06,36,38,6313,24308
2023-10-02 11:54:27,36,38,6313,24310
2023-10-02 11:54:49,36,38,6318,24315
2023-10-02 11:56:20,36,37,6318,24315
2023-10-02 11:56:30,36,37,6273,24417
2023-10-02 11:58:45,35,37,6273,24417
2023-10-02 11:59:43,36,37,6273,24417
2023-10-02 11:59:43,35,37,6273,24443
2023-10-02 12:00:24,36,37,6273,24443
2023-10-02 12:00:36,35,37,6273,24443
2023-10-02 12:00:47,35,36,6273,24443
2023-10-02 12:00:58,36,37,6273,24446
2023-10-02 12:01:06,35,37,6273,24446
2023-10-02 12:01:36,36,37,6273,24446
2023-10-02 12:01:37,35,37,6273,24446
2023-10-02 12:02:14,36,37,6273,24446
2023-10-02 12:02:22,35,37,6273,24446
2023-10-02 12:02:23,36,37,6273,24446
2023-10-02 12:02:25,35,37,6273,24446
2023-10-02 12:02:30,36,37,6273,24446
2023-10-02 12:02:43,35,37,6273,24446
2023-10-02 12:02:52,36,37,6273,24446
2023-10-02 12:02:53,35,37,6273,24446
2023-10-02 12:02:55,36,37,6273,24446
2023-10-02 12:04:17,37,38,6371,24544
2023-10-02 12:04:40,37,38,6350,24565
2023-10-02 12:04:49,37,38,6350,24568
2023-10-02 12:04:52,36,38,6350,24568
2023-10-02 12:05:02,36,38,6350,24578
2023-10-02 12:05:23,35,38,6350,24578
2023-10-02 12:05:23,35,38,6350,24598
2023-10-02 12:05:24,36,38,6350,24598
2023-10-02 12:07:25,37,38,6350,24598
2023-10-02 12:07:26,37,39,6350,24598
2023-10-02 12:07:31,38,39,6350,24598
2023-10-02 12:07:31,37,39,6550,24798
2023-10-02 12:07:41,37,39,6491,24857
2023-10-02 12:07:42,38,39,6491,24857
2023-10-02 12:08:41,37,39,6491,24857
2023-10-02 12:08:59,38,39,6491,24857
2023-10-02 12:09:12,38,39,6432,24916
2023-10-02 12:09:15,38,40,6432,24916
2023-10-02 12:09:57,38,40,6432,24998
2023-10-02 12:09:59,38,39,6432,24998
2023-10-02 12:12:14,38,40,6432,25001
2023-10-02 12:12:39,38,39,6432,25001
2023-10-02 12:12:47,37,39,6458,25027
2023-10-02 12:12:53,38,39,6458,25027
2023-10-02 12:12:56,37,39,6458,25032
2023-10-02 12:14:37,37,39,6518,25092
2023-10-02 12:14:39,37,39,6518,25098
2023-10-02 12:14:42,37,38,6518,25098
2023-10-02 12:15:04,36,38,6518,25098
2023-10-02 12:15:43,36,38,6518,25144
2023-10-02 12:16:48,36,38,6518,25146
2023-10-02 12:17:05,36,37,6518,25146
2023-10-02 12:17:33,35,37,6518,25146
2023-10-02 12:17:33,36,37,6518,25146
2023-10-02 12:17:34,36,37,6518,25169
2023-10-02 12:17:34,35,37,6518,25169
2023-10-02 12:17:36,36,37,6518,25169
2023-10-02 12:17:37,35,37,6518,25169
2023-10-02 12:17:38,36,37,6518,25169
2023-10-02 12:17:39,35,37,6518,25169
2023-10-02 12:17:40,36,37,6518,25169
2023-10-02 12:17:41,35,37,6518,25169
2023-10-02 12:17:42,36,37,6518,25169
2023-10-02 12:17:43,35,37,6518,25169
2023-10-02 12:17:44,36,37,6518,25169
2023-10-02 12:17:45,35,37,6518,25169
2023-10-02 12:17:46,36,37,6518,25169
2023-10-02 12:17:47,35,37,6518,25169
2023-10-02 12:17:48,36,37,6518,25169
2023-10-02 12:17:49,35,37,6518,25169
2023-10-02 12:17:50,36,37,6518,25169
2023-10-02 12:17:51,35,37,6518,25169
2023-10-02 12:17:52,35,38,6518,25169
2023-10-02 12:17:52,36,38,6518,25169
2023-10-02 12:17:55,37,38,6518,25169
2023-10-02 12:17:56,36,38,6518,25169
2023-10-02 12:17:57,36,38,6518,25175
2023-10-02 12:18:12,37,38,6518,25175
2023-10-02 12:18:13,36,38,6518,25175
2023-10-02 12:18:14,37,38,6518,25175
2023-10-02 12:18:15,36,38,6518,25175
2023-10-02 12:18:16,37,38,6518,25175
2023-10-02 12:18:17,36,38,6518,25175
2023-10-02 12:18:18,37,38,6518,25175
2023-10-02 12:18:19,36,38,6518,25175
2023-10-02 12:18:28,36,39,6518,25175
2023-10-02 12:18:28,37,39,6518,25175
2023-10-02 12:18:29,36,39,6518,25175
2023-10-02 12:18:30,37,39,6518,25175
2023-10-02 12:18:31,36,39,6518,25175
2023-10-02 12:18:32,37,39,6518,25175
2023-10-02 12:18:33,36,39,6518,25175
2023-10-02 12:18:34,37,39,6518,25175
2023-10-02 12:18:50,38,39,6518,25175
2023-10-02 12:18:51,37,39,6518,25175
2023-10-02 12:19:01,38,39,6518,25175
2023-10-02 12:19:01,38,40,6518,25175
2023-10-02 12:20:24,38,39,6518,25175
2023-10-02 12:20:25,38,40,6518,25175
2023-10-02 12:20:43,38,39,6518,25175
2023-10-02 12:21:41,37,39,6518,25175
2023-10-02 12:23:46,36,39,6518,25175
2023-10-02 12:23:47,36,38,6518,25175
2023-10-02 12:23:50,36,38,6518,25191
2023-10-02 12:24:09,36,39,6518,25191
2023-10-02 12:24:10,36,38,6518,25191
2023-10-02 12:24:13,36,39,6518,25191
2023-10-02 12:24:16,36,38,6518,25191
2023-10-02 12:24:40,36,39,6518,25191
2023-10-02 12:24:45,36,38,6518,25191
2023-10-02 12:24:49,36,39,6518,25191
2023-10-02 12:24:51,36,38,6518,25191
2023-10-02 12:25:22,36,37,6518,25191
2023-10-02 12:27:12,36,37,6618,25291
2023-10-02 12:27:13,35,37,6618,25291
2023-10-02 12:27:15,36,37,6618,25291
2023-10-02 12:27:15,35,37,6618,25291
2023-10-02 12:27:17,36,37,6618,25291
2023-10-02 12:27:18,35,37,6618,25291
2023-10-02 12:27:19,36,37,6618,25291
2023-10-02 12:27:20,35,37,6618,25291
2023-10-02 12:27:21,36,37,6618,25291
2023-10-02 12:27:22,35,37,6618,25291
2023-10-02 12:27:23,36,37,6618,25291
2023-10-02 12:27:24,35,37,6618,25291
2023-10-02 12:27:25,36,37,6618,25291
2023-10-02 12:27:26,35,37,6618,25291
2023-10-02 12:27:27,36,37,6618,25291
2023-10-02 12:27:28,35,37,6618,25291
2023-10-02 12:27:29,36,37,6618,25291
2023-10-02 12:27:30,35,37,6618,25291
2023-10-02 12:27:31,36,37,6618,25291
2023-10-02 12:27:32,35,37,6618,25291
2023-10-02 12:27:33,36,37,6618,25291
2023-10-02 12:27:34,35,37,6618,25291
2023-10-02 12:27:35,36,37,6618,25291
2023-10-02 12:27:36,35,37,6618,25291
2023-10-02 12:27:37,36,37,6618,25291
2023-10-02 12:27:40,37,38,6615,25294
2023-10-02 12:27:41,36,38,6615,25294
2023-10-02 12:27:42,37,38,6615,25294
2023-10-02 12:27:43,36,38,6615,25294
2023-10-02 12:27:44,37,38,6615,25294
2023-10-02 12:27:45,36,38,6615,25294
2023-10-02 12:27:47,37,38,6615,25294
2023-10-02 12:27:48,36,38,6615,25294
2023-10-02 12:27:49,37,38,6615,25294
2023-10-02 12:27:50,36,38,6615,25294
2023-10-02 12:27:52,37,38,6615,25294
2023-10-02 12:27:53,36,38,6615,25294
2023-10-02 12:27:54,37,38,6615,25294
2023-10-02 12:27:55,36,38,6615,25294
2023-10-02 12:27:56,37,38,6615,25294
2023-10-02 12:27:57,36,38,6615,25294
2023-10-02 12:27:58,37,38,6615,25294
2023-10-02 12:27:59,37,39,6615,25294
2023-10-02 12:27:59,36,39,6615,25294
2023-10-02 12:28:00,37,39,6615,25294
2023-10-02 12:28:01,36,39,6615,25294
2023-10-02 12:28:02,37,39,6615,25294
2023-10-02 12:28:03,36,39,6615,25294
2023-10-02 12:28:04,37,39,6615,25294
2023-10-02 12:28:05,36,39,6615,25294
2023-10-02 12:28:06,37,39,6615,25294
2023-10-02 12:28:07,36,39,6615,25294
2023-10-02 12:28:08,37,39,6615,25294
2023-10-02 12:28:09,36,39,6615,25294
2023-10-02 12:28:10,37,39,6615,25294
2023-10-02 12:28:11,36,39,6615,25294
2023-10-02 12:28:12,37,39,6615,25294
2023-10-02 12:28:13,36,39,6615,25294
2023-10-02 12:28:14,37,39,6615,25294
2023-10-02 12:28:19,37,40,6615,25294
2023-10-02 12:28:21,37,39,6615,25294
2023-10-02 12:28:22,37,40,6615,25294
2023-10-02 12:28:44,38,40,6615,25294
2023-10-02 12:28:57,39,40,6615,25294
2023-10-02 12:29:39,39,40,6615,25315
2023-10-02 12:29:45,38,40,6615,25315
2023-10-02 12:30:05,39,40,6615,25315
2023-10-02 12:30:35,39,40,6565,25365
2023-10-02 12:30:49,39,40,6565,25420
2023-10-02 12:31:56,39,40,6565,25444
2023-10-02 12:33:21,38,40,6565,25444
2023-10-02 12:33:42,39,40,6565,25444
2023-10-02 12:33:43,38,40,6565,25444
2023-10-02 12:34:03,39,40,6565,25444
2023-10-02 12:34:17,38,40,6565,25444
2023-10-02 12:34:37,39,40,6565,25444
2023-10-02 12:34:38,38,40,6565,25444
2023-10-02 12:34:39,39,40,6565,25444
2023-10-02 12:34:40,38,40,6565,25444
2023-10-02 12:34:41,39,40,6565,25444
2023-10-02 12:34:53,38,40,6565,25444
2023-10-02 12:35:07,39,40,6565,25444
2023-10-02 12:35:22,38,40,6565,25444
2023-10-02 12:35:33,38,39,6565,25444
2023-10-02 12:35:33,37,39,6565,25444
2023-10-02 12:35:38,37,40,6565,25444
2023-10-02 12:35:38,38,40,6565,25444
2023-10-02 12:35:39,37,40,6565,25444
2023-10-02 12:35:41,38,40,6565,25444
2023-10-02 12:35:41,37,40,6565,25444
2023-10-02 12:35:45,38,40,6565,25444
2023-10-02 12:36:31,39,40,6565,25444
2023-10-02 12:36:32,38,40,6565,25444
2023-10-02 12:36:33,39,40,6565,25444
2023-10-02 12:36:34,38,40,6565,25444
2023-10-02 12:36:35,39,40,6565,25444
2023-10-02 12:36:50,38,40,6565,25444
2023-10-02 12:37:01,39,40,6565,25444
2023-10-02 12:37:17,39,40,6560,25449
2023-10-02 12:37:57,40,41,6560,25456
2023-10-02 12:39:08,40,42,6560,25956
2023-10-02 12:39:35,40,41,6560,25956
2023-10-02 12:39:42,40,42,6560,25956
2023-10-02 12:40:26,40,41,6560,25956
2023-10-02 12:40:27,40,42,6560,25956
2023-10-02 12:41:05,41,42,6560,25956
2023-10-02 12:41:06,40,42,6560,25956
2023-10-02 12:41:16,40,42,6560,25958
2023-10-02 12:42:04,41,42,6560,25958
2023-10-02 12:42:05,40,42,6560,25958
2023-10-02 12:42:06,41,42,6560,25958
2023-10-02 12:42:07,40,42,6560,25958
2023-10-02 12:42:08,41,42,6560,25958
2023-10-02 12:42:09,40,42,6560,25958
2023-10-02 12:42:10,41,42,6560,25958
2023-10-02 12:42:11,40,42,6560,25958
2023-10-02 12:42:12,41,42,6560,25958
2023-10-02 12:42:13,40,42,6560,25958
2023-10-02 12:42:14,41,42,6560,25958
2023-10-02 12:42:15,40,42,6560,25958
2023-10-02 12:42:16,41,42,6560,25958
2023-10-02 12:42:17,40,42,6560,25958
2023-10-02 12:42:18,41,42,6560,25958
2023-10-02 12:42:19,40,42,6560,25958
2023-10-02 12:42:24,41,42,6560,25958
2023-10-02 12:42:25,40,42,6560,25958
2023-10-02 12:42:26,41,42,6560,25958
2023-10-02 12:42:27,40,42,6560,25958
2023-10-02 12:42:31,41,42,6560,25958
2023-10-02 12:42:32,40,42,6560,25958
2023-10-02 12:42:50,41,42,6560,25958
2023-10-02 12:42:51,40,42,6560,25958
2023-10-02 12:42:53,41,42,6560,25958
2023-10-02 12:42:54,40,42,6560,25958
2023-10-02 12:42:56,41,42,6560,25958
2023-10-02 12:42:57,40,42,6560,25958
2023-10-02 12:42:58,41,42,6560,25958
2023-10-02 12:42:59,40,42,6560,25958
2023-10-02 12:43:35,41,42,6560,25958
2023-10-02 12:43:36,40,42,6560,25958
2023-10-02 12:44:02,41,42,6560,25958
2023-10-02 12:44:03,40,42,6560,25958
2023-10-02 12:44:04,41,42,6560,25958
2023-10-02 12:44:05,40,42,6560,25958
2023-10-02 12:44:18,41,42,6560,25958
2023-10-02 12:44:19,40,42,6560,25958
2023-10-02 12:44:20,41,42,6560,25958
2023-10-02 12:44:21,40,42,6560,25958
2023-10-02 12:44:21,41,42,6560,25958
2023-10-02 12:44:47,41,43,6560,25958
2023-10-02 12:44:47,42,43,6560,25958
2023-10-02 12:44:47,42,43,6560,26018
2023-10-02 12:44:48,41,43,6560,26018
2023-10-02 12:44:50,42,43,6560,26018
2023-10-02 12:44:51,41,43,6560,26018
2023-10-02 12:44:51,41,42,6560,26018
2023-10-02 12:45:51,41,42,6578,26036
2023-10-02 12:46:30,42,43,6604,26062
2023-10-02 12:47:11,41,43,6604,26062
2023-10-02 12:47:11,42,43,6604,26062
2023-10-02 12:47:12,41,43,6604,26062
2023-10-02 12:47:13,42,43,6604,26062
2023-10-02 12:47:14,41,43,6604,26062
2023-10-02 12:47:15,42,43,6604,26062
2023-10-02 12:47:16,41,43,6604,26062
2023-10-02 12:47:18,42,43,6604,26062
2023-10-02 12:47:19,41,43,6604,26062
2023-10-02 12:47:20,42,43,6604,26062
2023-10-02 12:47:21,41,43,6604,26062
2023-10-02 12:47:22,42,43,6604,26062
2023-10-02 12:47:23,41,43,6604,26062
2023-10-02 12:47:25,42,43,6604,26062
2023-10-02 12:47:26,41,43,6604,26062
2023-10-02 12:47:27,42,43,6604,26062
2023-10-02 12:47:28,41,43,6604,26062
2023-10-02 12:47:29,42,43,6604,26062
2023-10-02 12:47:30,41,43,6604,26062
2023-10-02 12:47:43,42,43,6604,26062
2023-10-02 12:47:44,41,43,6604,26062
2023-10-02 12:47:45,42,43,6604,26062
2023-10-02 12:47:46,41,43,6604,26062
2023-10-02 12:47:47,42,43,6604,26062
2023-10-02 12:47:48,41,43,6604,26062
2023-10-02 12:47:50,42,43,6604,26062
2023-10-02 12:47:51,41,43,6604,26062
2023-10-02 12:47:58,42,43,6604,26062
2023-10-02 12:47:59,41,43,6604,26062
2023-10-02 12:48:00,42,43,6604,26062
2023-10-02 12:48:15,42,43,6604,26066
2023-10-02 12:48:43,42,44,6604,26066
2023-10-02 12:48:43,43,44,6604,26066
2023-10-02 12:48:44,43,44,6604,26266
2023-10-02 12:48:44,42,44,6604,26266
2023-10-02 12:49:18,43,44,6604,26266
2023-10-02 12:49:19,43,44,6543,26327
2023-10-02 12:49:19,42,44,6543,26327
2023-10-02 12:49:26,42,43,6543,26327
2023-10-02 12:49:27,42,43,6543,26335
2023-10-02 12:50:48,42,43,6581,26373
2023-10-02 12:55:12,42,43,6584,26376
2023-10-02 12:58:06,43,44,6735,26527
2023-10-02 12:59:46,43,45,6735,26527
2023-10-02 13:01:38,43,45,6740,26532
2023-10-02 13:01:38,44,45,6740,26532
2023-10-02 13:02:10,43,45,6940,26737
2023-10-02 13:02:10,44,45,6940,26737
2023-10-02 13:03:45,44,45,6940,26740
2023-10-02 13:03:50,44,45,7000,26800
2023-10-02 13:03:50,44,45,7000,26809
2023-10-02 13:03:51,43,45,7000,26809
2023-10-02 13:04:03,44,45,7000,26809
2023-10-02 13:05:07,44,46,7000,26809
2023-10-02 13:05:50,45,46,7000,26809
2023-10-02 13:06:00,45,46,7000,26811
2023-10-02 13:10:05,45,47,7000,26811
2023-10-02 13:10:06,45,46,7000,26811
2023-10-02 13:10:47,45,47,7000,26811
2023-10-02 13:10:48,45,46,7000,26811
2023-10-02 13:10:50,45,47,7000,26811
2023-10-02 13:10:51,46,47,7000,26811
2023-10-02 13:13:07,45,47,7450,27261
2023-10-02 13:15:45,46,47,7450,27261
2023-10-02 13:15:53,45,47,7450,27261
2023-10-02 13:18:07,45,46,7450,27261
2023-10-02 13:18:07,44,46,7450,27261
2023-10-02 13:18:56,44,47,7450,27261
2023-10-02 13:18:57,45,47,7450,27261
2023-10-02 13:19:48,44,47,7450,27261
2023-10-02 13:19:57,45,47,7450,27261
2023-10-02 13:20:25,44,47,7450,27261
2023-10-02 13:20:30,44,46,7450,27261
2023-10-02 13:20:50,44,45,7450,27261
2023-10-02 13:20:51,44,46,7450,27261
2023-10-02 13:20:59,44,45,7450,27261
2023-10-02 13:21:02,44,46,7450,27261
2023-10-02 13:21:05,45,46,7450,27261
2023-10-02 13:21:06,44,46,7450,27261
2023-10-02 13:21:33,44,47,7450,27261
2023-10-02 13:21:37,45,47,7450,27261
2023-10-02 13:21:41,44,47,7450,27261
2023-10-02 13:21:44,44,46,7450,27261
2023-10-02 13:21:51,45,46,7450,27261
2023-10-02 13:22:33,44,46,7450,27269
2023-10-02 13:22:42,45,46,7450,27269
2023-10-02 13:22:43,44,46,7450,27269
2023-10-02 13:22:44,45,46,7450,27269
2023-10-02 13:22:47,45,47,7450,27269
2023-10-02 13:23:12,45,47,7434,27285
2023-10-02 13:23:14,45,46,7434,27285
2023-10-02 13:23:15,45,47,7434,27285
2023-10-02 13:23:23,45,46,7434,27285
2023-10-02 13:23:24,44,46,7434,27285
2023-10-02 13:23:26,45,46,7434,27285
2023-10-02 13:23:27,45,47,7434,27285
2023-10-02 13:23:29,44,47,7434,27285
2023-10-02 13:23:35,45,47,7434,27285
2023-10-02 13:23:36,44,47,7434,27285
2023-10-02 13:23:37,45,47,7434,27285
2023-10-02 13:23:41,45,46,7434,27285
2023-10-02 13:23:41,44,46,7434,27285
2023-10-02 13:23:42,44,47,7434,27285
2023-10-02 13:23:42,44,46,7434,27285
2023-10-02 13:23:43,44,46,7434,27324
2023-10-02 13:23:47,45,46,7434,27324
2023-10-02 13:23:49,44,46,7434,27324
2023-10-02 13:24:02,45,46,7434,27324
2023-10-02 13:24:03,44,46,7434,27324
2023-10-02 13:24:07,45,46,7434,27324
2023-10-02 13:24:08,44,46,7434,27324
2023-10-02 13:24:12,45,46,7434,27324
2023-10-02 13:24:13,44,46,7434,27324
2023-10-02 13:24:34,45,46,7434,27324
2023-10-02 13:24:35,44,46,7434,27324
2023-10-02 13:24:36,45,46,7434,27324
2023-10-02 13:24:39,44,46,7434,27324
2023-10-02 13:25:27,45,46,7434,27324
2023-10-02 13:25:28,44,46,7434,27324
2023-10-02 13:25:45,45,46,7434,27324
2023-10-02 13:25:46,44,46,7434,27324
2023-10-02 13:25:48,45,46,7434,27324
2023-10-02 13:25:49,44,46,7434,27324
2023-10-02 13:25:58,45,46,7434,27324
2023-10-02 13:26:00,44,46,7434,27324
2023-10-02 13:26:01,45,46,7434,27324
2023-10-02 13:26:03,44,46,7434,27324
2023-10-02 13:26:43,45,46,7434,27324
2023-10-02 13:26:56,44,46,7434,27324
2023-10-02 13:26:58,45,46,7434,27324
2023-10-02 13:27:04,44,46,7434,27324
2023-10-02 13:27:17,44,45,7434,27324
2023-10-02 13:27:17,43,45,7434,27324
2023-10-02 13:28:43,44,45,7434,27324
2023-10-02 13:28:44,44,45,7410,27348
2023-10-02 13:28:46,44,46,7410,27348
2023-10-02 13:29:05,44,47,7410,27348
2023-10-02 13:29:10,44,46,7410,27348
2023-10-02 13:29:16,44,47,7410,27348
2023-10-02 13:29:17,44,46,7410,27348
2023-10-02 13:29:25,44,47,7410,27348
2023-10-02 13:29:29,44,46,7410,27348
2023-10-02 13:30:00,44,46,7510,27448
2023-10-02 13:30:03,44,46,7500,27458
2023-10-02 13:30:23,44,45,7500,27458
2023-10-02 13:30:23,43,45,7500,27458
2023-10-02 13:31:31,43,46,7500,27458
2023-10-02 13:31:34,44,46,7500,27458
2023-10-02 13:31:42,43,46,7500,27458
2023-10-02 13:31:57,44,46,7500,27458
2023-10-02 13:31:58,43,46,7500,27458
2023-10-02 13:31:59,44,46,7500,27458
2023-10-02 13:32:01,43,46,7500,27458
2023-10-02 13:32:02,44,46,7500,27458
2023-10-02 13:32:04,44,45,7500,27458
2023-10-02 13:32:06,43,45,7500,27458
2023-10-02 13:32:11,43,46,7500,27458
2023-10-02 13:32:11,44,46,7500,27458
2023-10-02 13:32:13,45,46,7500,27458
2023-10-02 13:32:14,45,47,7500,27458
2023-10-02 13:32:29,46,47,7500,27458
2023-10-02 13:32:54,46,47,7500,27461
2023-10-02 13:34:23,46,47,7500,27464
2023-10-02 13:34:27,46,47,7500,27466
2023-10-02 13:34:28,45,47,7500,27466
2023-10-02 13:34:39,46,47,7500,27466
2023-10-02 13:34:56,46,47,7507,27473
2023-10-02 13:35:15,46,47,7607,27573
2023-10-02 13:35:16,46,48,7607,27573
2023-10-02 13:35:18,46,47,7607,27573
2023-10-02 13:35:19,46,48,7607,27573
2023-10-02 13:36:22,46,48,7607,27587
2023-10-02 13:37:22,47,48,7607,27587
2023-10-02 13:37:34,47,49,7607,27587
2023-10-02 13:37:37,47,49,7607,27598
2023-10-02 13:38:06,46,49,7607,27598
2023-10-02 13:38:06,46,48,7607,27598
2023-10-02 13:38:10,46,49,7607,27598
2023-10-02 13:38:18,47,49,7607,27598
2023-10-02 13:40:44,46,49,7607,27598
2023-10-02 13:40:44,46,48,7607,27598
2023-10-02 13:40:47,46,49,7607,27598
2023-10-02 13:40:49,46,49,7607,27598
2023-10-02 13:40:53,46,48,7607,27598
2023-10-02 13:40:58,46,49,7607,27598
2023-10-02 13:41:04,47,49,7607,27598
2023-10-02 13:41:29,46,49,7607,27598
2023-10-02 13:41:33,46,48,7607,27598
2023-10-02 13:41:40,46,48,7607,27604
2023-10-02 13:41:45,46,47,7607,27604
2023-10-02 13:41:47,46,48,7607,27604
2023-10-02 13:41:59,46,48,7607,27608
2023-10-02 13:42:12,46,49,7607,27608
2023-10-02 13:42:13,46,48,7607,27608
2023-10-02 13:42:52,45,48,7607,27608
2023-10-02 13:42:55,45,47,7607,27617
2023-10-02 13:43:00,45,46,7607,27617
2023-10-02 13:43:01,45,47,7607,27617
2023-10-02 13:43:02,45,46,7607,27617
2023-10-02 13:43:07,45,46,7607,27648
2023-10-02 13:43:08,45,47,7607,27648
2023-10-02 13:43:09,45,48,7607,27648
2023-10-02 13:43:09,45,47,7607,27648
2023-10-02 13:43:11,45,48,7607,27648
2023-10-02 13:43:17,45,47,7607,27648
2023-10-02 13:44:11,45,47,7607,27677
2023-10-02 13:44:13,45,46,7607,27677
2023-10-02 13:44:30,45,47,7607,27677
2023-10-02 13:45:01,46,47,7607,27677
2023-10-02 13:45:10,45,47,7607,27677
2023-10-02 13:45:30,45,46,7607,27677
2023-10-02 13:45:35,44,46,7607,27677
2023-10-02 13:46:01,45,46,7607,27677
2023-10-02 13:46:02,45,47,7607,27677
2023-10-02 13:46:02,44,47,7607,27677
2023-10-02 13:46:03,45,47,7607,27677
2023-10-02 13:46:22,44,47,7607,27677
2023-10-02 13:46:27,44,46,7607,27677
2023-10-02 13:46:39,45,46,7607,27677
2023-10-02 13:46:40,44,46,7607,27677
2023-10-02 13:46:42,45,46,7607,27677
2023-10-02 13:46:43,44,46,7607,27677
2023-10-02 13:46:48,45,46,7607,27677
2023-10-02 13:46:49,44,46,7607,27677
2023-10-02 13:46:50,45,46,7607,27677
2023-10-02 13:46:51,44,46,7607,27677
2023-10-02 13:47:58,44,47,7607,27677
2023-10-02 13:47:58,45,47,7607,27677
2023-10-02 13:48:09,45,48,7607,27677
2023-10-02 13:48:12,46,48,7607,27677
2023-10-02 13:48:19,45,48,7607,27677
2023-10-02 13:48:27,46,48,7607,27677
2023-10-02 13:48:28,45,48,7607,27677
2023-10-02 13:48:30,46,48,7607,27677
2023-10-02 13:48:32,45,48,7607,27677
2023-10-02 13:48:34,46,48,7607,27677
2023-10-02 13:48:37,47,48,7607,27677
2023-10-02 13:48:45,47,49,7607,27677
2023-10-02 13:48:53,47,48,7607,27677
2023-10-02 13:50:09,46,48,7607,27677
2023-10-02 13:51:04,45,48,7607,27677
2023-10-02 13:51:26,45,47,7607,27677
2023-10-02 13:51:32,45,48,7607,27677
2023-10-02 13:51:44,46,48,7607,27677
2023-10-02 13:51:45,45,48,7607,27677
2023-10-02 13:51:50,46,48,7607,27677
2023-10-02 13:51:55,45,48,7607,27677
2023-10-02 13:52:12,45,47,7607,27677
2023-10-02 13:52:18,45,46,7607,27677
2023-10-02 13:52:20,44,46,7607,27677
2023-10-02 13:52:21,44,45,7607,27677
2023-10-02 13:52:23,44,46,7607,27677
2023-10-02 13:52:37,44,45,7607,27677
2023-10-02 13:52:38,44,46,7607,27677
2023-10-02 13:52:41,44,45,7607,27677
2023-10-02 13:52:46,43,45,7607,27677
2023-10-02 13:53:07,44,45,7607,27677
2023-10-02 13:53:08,43,45,7607,27677
2023-10-02 13:53:09,44,45,7607,27677
2023-10-02 13:53:10,43,45,7607,27677
2023-10-02 13:53:11,44,45,7607,27677
2023-10-02 13:53:12,43,45,7607,27677
2023-10-02 13:53:14,44,45,7607,27677
2023-10-02 13:53:15,44,46,7607,27677
2023-10-02 13:53:15,43,46,7607,27677
2023-10-02 13:53:16,44,46,7607,27677
2023-10-02 13:53:42,44,45,7607,27677
2023-10-02 13:53:42,43,45,7607,27677
2023-10-02 13:54:33,43,46,7607,27677
2023-10-02 13:54:34,44,46,7607,27677
2023-10-02 13:54:35,43,46,7607,27677
2023-10-02 13:54:36,44,46,7607,27677
2023-10-02 13:54:37,43,46,7607,27677
2023-10-02 13:54:38,44,46,7607,27677
2023-10-02 13:54:40,43,46,7607,27677
2023-10-02 13:54:41,44,46,7607,27677
2023-10-02 13:54:42,43,46,7607,27677
2023-10-02 13:54:43,43,45,7607,27677
2023-10-02 13:54:43,44,45,7607,27677
2023-10-02 13:54:44,43,45,7607,27677
2023-10-02 13:54:45,44,45,7607,27677
2023-10-02 13:54:46,43,45,7607,27677
2023-10-02 13:54:47,44,45,7607,27677
2023-10-02 13:54:48,44,46,7607,27677
2023-10-02 13:55:02,44,45,7607,27677
2023-10-02 13:55:05,43,45,7607,27677
2023-10-02 13:55:34,44,45,7607,27677
2023-10-02 13:55:35,43,45,7607,27677
2023-10-02 13:55:40,43,44,7607,27677
2023-10-02 13:55:43,43,45,7607,27677
2023-10-02 13:56:01,44,45,7607,27677
2023-10-02 13:56:01,44,46,7607,27677
2023-10-02 13:56:01,44,46,7607,27702
2023-10-02 13:56:13,44,47,7607,27702
2023-10-02 13:56:14,45,47,7607,27702
2023-10-02 13:56:33,45,48,7607,27702
2023-10-02 13:56:35,45,47,7607,27702
2023-10-02 13:56:54,45,48,7607,27702
2023-10-02 13:56:59,46,48,7607,27702
2023-10-02 13:57:32,47,48,7607,27702
2023-10-02 13:57:33,47,49,7607,27702
2023-10-02 13:57:39,48,49,7607,27702
2023-10-02 13:58:18,48,50,7607,27702
2023-10-02 13:58:19,48,49,7607,27702
2023-10-02 13:58:20,48,50,7607,27702
2023-10-02 13:58:49,48,49,7607,27702
2023-10-02 13:58:54,48,50,7607,27706
2023-10-02 13:59:01,49,50,7607,27706
2023-10-02 13:59:38,49,50,7607,27711
2023-10-02 13:59:44,48,50,7607,27711
2023-10-02 14:00:54,49,50,7607,27711
2023-10-02 14:00:57,49,50,7607,27721
2023-10-02 14:00:59,49,51,7607,27721
2023-10-02 14:01:05,50,51,7607,27721
2023-10-02 14:01:12,50,52,7809,28123
2023-10-02 14:01:58,49,52,7809,28123
2023-10-02 14:02:04,50,52,7809,28123
2023-10-02 14:02:11,51,52,7809,28123
2023-10-02 14:02:22,51,52,7830,28144
2023-10-02 14:02:23,50,52,7830,28144
2023-10-02 14:02:23,51,52,7830,28144
2023-10-02 14:02:31,51,53,7830,28144
2023-10-02 14:02:56,51,52,7830,28144
2023-10-02 14:02:56,50,52,7830,28144
2023-10-02 14:03:06,50,53,7830,28144
2023-10-02 14:03:17,51,53,7830,28144
2023-10-02 14:03:26,50,53,7830,28144
2023-10-02 14:03:27,50,52,7830,28144
2023-10-02 14:03:37,49,52,7830,28144
2023-10-02 14:03:40,49,51,7830,28144
2023-10-02 14:04:03,49,52,7830,28144
2023-10-02 14:04:09,50,52,7830,28144
2023-10-02 14:04:15,49,52,7830,28144
2023-10-02 14:04:22,50,52,7830,28144
2023-10-02 14:04:37,49,52,7830,28144
2023-10-02 14:04:41,50,52,7830,28144
2023-10-02 14:04:51,49,52,7830,28144
2023-10-02 14:04:53,50,52,7830,28144
2023-10-02 14:04:56,50,53,7830,28144
2023-10-02 14:05:01,50,52,7830,28144
2023-10-02 14:05:15,49,52,7830,28144
2023-10-02 14:05:27,49,51,7830,28144
2023-10-02 14:06:16,49,50,7830,28144
2023-10-02 14:06:17,48,50,7830,28144
2023-10-02 14:06:22,48,50,7830,28151
2023-10-02 14:06:23,48,49,7830,28151
2023-10-02 14:06:24,48,49,7918,28239
2023-10-02 14:06:26,47,49,7918,28239
2023-10-02 14:06:30,47,49,7918,28276
2023-10-02 14:06:37,47,48,7918,28276
2023-10-02 14:06:40,47,49,7918,28276
2023-10-02 14:06:42,47,48,7918,28276
2023-10-02 14:06:43,46,48,7918,28276
2023-10-02 14:06:44,46,47,7918,28276
2023-10-02 14:06:46,45,47,7918,28276
2023-10-02 14:06:47,45,46,7918,28276
2023-10-02 14:06:47,44,46,7918,28276
2023-10-02 14:06:51,45,46,7918,28276
2023-10-02 14:06:52,44,46,7918,28276
2023-10-02 14:06:53,45,46,7918,28276
2023-10-02 14:06:54,44,46,7918,28276
2023-10-02 14:06:55,45,46,7918,28276
2023-10-02 14:06:56,44,46,7918,28276
2023-10-02 14:06:57,45,46,7918,28276
2023-10-02 14:06:58,44,46,7918,28276
2023-10-02 14:06:59,45,46,7918,28276
2023-10-02 14:07:00,44,46,7918,28276
2023-10-02 14:07:01,44,47,7918,28276
2023-10-02 14:07:01,45,47,7918,28276
2023-10-02 14:07:02,46,47,7918,28276
2023-10-02 14:07:03,46,48,7918,28276
2023-10-02 14:07:15,45,48,7918,28276
2023-10-02 14:07:17,45,47,7918,28276
2023-10-02 14:07:18,45,46,7918,28276
2023-10-02 14:07:18,44,46,7918,28276
2023-10-02 14:07:18,45,46,7918,28276
2023-10-02 14:07:19,44,46,7918,28276
2023-10-02 14:07:25,45,46,7918,28276
2023-10-02 14:07:26,44,46,7918,28276
2023-10-02 14:07:26,44,46,7918,28280
2023-10-02 14:07:27,45,46,7918,28280
2023-10-02 14:07:28,44,46,7918,28280
2023-10-02 14:07:29,45,46,7918,28280
2023-10-02 14:07:30,44,46,7918,28280
2023-10-02 14:07:31,45,46,7918,28280
2023-10-02 14:07:32,45,46,7718,28480
2023-10-02 14:07:32,45,46,7718,28505
2023-10-02 14:07:32,44,46,7718,28505
2023-10-02 14:07:34,44,45,7718,28505
2023-10-02 14:07:43,44,47,7718,28505
2023-10-02 14:07:45,44,46,7718,28505
2023-10-02 14:07:46,45,46,7718,28505
2023-10-02 14:07:47,45,48,7718,28505
2023-10-02 14:07:48,45,47,7718,28505
2023-10-02 14:08:05,46,47,7718,28505
2023-10-02 14:08:06,46,49,7718,28505
2023-10-02 14:08:07,46,48,7718,28505
2023-10-02 14:08:13,47,48,7718,28505
2023-10-02 14:08:22,46,48,7718,28505
2023-10-02 14:08:29,46,48,7723,28520
2023-10-02 14:08:31,45,48,7723,28520
2023-10-02 14:08:42,45,47,7723,28520
2023-10-02 14:08:48,45,48,7723,28520
2023-10-02 14:09:02,46,48,7723,28520
2023-10-02 14:09:08,45,48,7723,28520
2023-10-02 14:09:24,45,47,7723,28520
2023-10-02 14:09:26,45,48,7723,28520
2023-10-02 14:09:32,46,48,7723,28520
2023-10-02 14:10:11,45,48,7723,28520
2023-10-02 14:10:11,45,47,7723,28520
2023-10-02 14:10:13,45,46,7723,28520
2023-10-02 14:10:13,44,46,7723,28520
2023-10-02 14:10:14,44,45,7723,28520
2023-10-02 14:10:14,43,45,7723,28520
2023-10-02 14:10:15,43,44,7723,28520
2023-10-02 14:10:16,43,45,7723,28520
2023-10-02 14:10:20,43,45,7773,28570
2023-10-02 14:10:21,44,45,7773,28570
2023-10-02 14:10:22,44,45,7573,28770
2023-10-02 14:10:22,43,45,7573,28827
2023-10-02 14:10:22,42,45,7573,28827
2023-10-02 14:10:22,42,44,7573,28827
2023-10-02 14:10:23,42,43,7573,28827
2023-10-02 14:10:23,41,43,7573,28827
2023-10-02 14:10:24,41,42,7573,28827
2023-10-02 14:10:43,41,42,7573,28857
2023-10-02 14:10:51,41,44,7573,28857
2023-10-02 14:10:52,41,43,7573,28857
2023-10-02 14:11:02,41,42,7573,28857
2023-10-02 14:11:09,40,42,7573,28857
2023-10-02 14:11:10,40,41,7573,28857
2023-10-02 14:11:25,40,41,7573,28977
2023-10-02 14:11:25,39,41,7573,29057
2023-10-02 14:11:26,39,40,7573,29057
2023-10-02 14:11:27,38,39,7573,29057
2023-10-02 14:11:33,37,39,7773,29257
2023-10-02 14:11:38,37,40,7773,29257
2023-10-02 14:11:38,37,38,7773,29257
2023-10-02 14:11:42,37,40,7773,29257
2023-10-02 14:11:43,37,39,7773,29257
2023-10-02 14:11:50,37,39,7970,29454
2023-10-02 14:11:51,37,38,7970,29454
2023-10-02 14:11:51,36,38,7970,29454
2023-10-02 14:11:51,36,37,7970,29454
2023-10-02 14:11:51,35,37,7970,29454
2023-10-02 14:11:52,35,36,7970,29454
2023-10-02 14:11:53,34,36,7970,29454
2023-10-02 14:11:59,34,36,8015,29499
2023-10-02 14:12:01,33,36,8015,29499
2023-10-02 14:12:04,32,35,8015,29499
2023-10-02 14:12:04,32,34,8015,29499
2023-10-02 14:12:05,31,34,8015,29499
2023-10-02 14:12:08,31,33,8015,29499
2023-10-02 14:12:27,32,33,8015,29499
2023-10-02 14:12:33,31,33,8015,29499
2023-10-02 14:12:34,32,33,8015,29499
2023-10-02 14:12:35,31,33,8015,29499
2023-10-02 14:12:43,31,33,8021,29505
2023-10-02 14:13:14,32,33,8021,29505
2023-10-02 14:13:16,32,35,8021,29505
2023-10-02 14:13:17,32,34,8021,29505
2023-10-02 14:13:27,31,34,8021,29505
2023-10-02 14:13:31,31,33,8021,29505
2023-10-02 14:13:49,31,34,8021,29505
2023-10-02 14:13:50,31,33,8021,29505
2023-10-02 14:14:07,30,33,8021,29505
2023-10-02 14:14:14,30,32,8021,29505
2023-10-02 14:14:53,30,31,8021,29505
2023-10-02 14:14:56,30,31,8021,29507
2023-10-02 14:15:01,29,31,8021,29507
2023-10-02 14:15:06,30,31,8021,29507
2023-10-02 14:15:10,30,32,8021,29507
2023-10-02 14:15:17,30,31,8021,29507
2023-10-02 14:15:19,30,31,8021,29607
2023-10-02 14:15:27,30,32,8021,29607
2023-10-02 14:15:33,30,32,8021,29609
2023-10-02 14:15:38,31,32,8021,29609
2023-10-02 14:15:38,31,34,8021,29609
2023-10-02 14:15:39,32,34,8021,29609
2023-10-02 14:15:40,31,34,8021,29609
2023-10-02 14:15:41,31,33,8021,29609
2023-10-02 14:15:44,32,33,8021,29609
2023-10-02 14:15:45,31,33,8021,29609
2023-10-02 14:15:46,32,33,8021,29609
2023-10-02 14:15:48,32,34,8021,29609
2023-10-02 14:15:49,32,35,8021,29609
2023-10-02 14:15:49,33,35,8021,29609
2023-10-02 14:15:51,33,34,8021,29609
2023-10-02 14:15:53,32,34,8021,29609
2023-10-02 14:15:54,32,35,8021,29609
2023-10-02 14:15:55,33,35,8021,29609
2023-10-02 14:16:10,34,35,8021,29609
2023-10-02 14:16:10,34,36,8021,29609
2023-10-02 14:16:12,34,37,8021,29609
2023-10-02 14:16:12,35,37,8021,29609
2023-10-02 14:16:14,34,37,8021,29609
2023-10-02 14:16:16,35,37,8021,29609
2023-10-02 14:16:16,34,37,8021,29609
2023-10-02 14:16:18,35,37,8021,29609
2023-10-02 14:16:19,36,37,8021,29609
2023-10-02 14:16:19,35,37,8021,29609
2023-10-02 14:16:21,36,37,8021,29609
2023-10-02 14:16:21,36,38,8021,29609
2023-10-02 14:16:22,35,38,8021,29609
2023-10-02 14:16:23,36,38,8021,29609
2023-10-02 14:16:24,35,38,8021,29609
2023-10-02 14:16:24,36,38,8021,29609
2023-10-02 14:16:25,37,38,8021,29609
2023-10-02 14:16:26,36,38,8021,29609
2023-10-02 14:16:28,36,39,8021,29609
2023-10-02 14:16:28,37,39,8021,29609
2023-10-02 14:16:29,36,39,8021,29609
2023-10-02 14:16:30,37,39,8021,29609
2023-10-02 14:16:31,36,39,8021,29609
2023-10-02 14:16:32,37,39,8021,29609
2023-10-02 14:16:33,36,39,8021,29609
2023-10-02 14:16:34,37,39,8021,29609
2023-10-02 14:16:35,36,39,8021,29609
2023-10-02 14:16:35,37,39,8021,29609
2023-10-02 14:16:47,37,39,8021,29611
2023-10-02 14:16:51,37,38,8021,29611
2023-10-02 14:16:52,36,38,8021,29611
2023-10-02 14:16:53,37,38,8021,29611
2023-10-02 14:16:54,36,38,8021,29611
2023-10-02 14:16:55,37,38,8021,29611
2023-10-02 14:16:56,36,38,8021,29611
2023-10-02 14:16:57,37,38,8021,29611
2023-10-02 14:16:58,36,38,8021,29611
2023-10-02 14:17:01,37,38,8021,29611
2023-10-02 14:17:02,36,38,8021,29611
2023-10-02 14:17:03,36,39,8021,29611
2023-10-02 14:17:03,37,39,8021,29611
2023-10-02 14:17:05,38,39,8021,29611
2023-10-02 14:17:06,38,40,8021,29611
2023-10-02 14:17:06,37,40,8021,29611
2023-10-02 14:17:07,38,40,8021,29611
2023-10-02 14:17:07,39,40,8021,29611
2023-10-02 14:17:08,38,40,8021,29611
2023-10-02 14:17:09,39,40,8021,29611
2023-10-02 14:17:10,39,41,8021,29611
2023-10-02 14:17:10,40,41,8021,29611
2023-10-02 14:17:11,39,41,8021,29611
2023-10-02 14:17:12,40,41,8021,29611
2023-10-02 14:17:14,39,41,8021,29611
2023-10-02 14:17:16,38,41,8021,29611
2023-10-02 14:17:16,38,40,8021,29611
2023-10-02 14:17:46,38,39,8021,29611
2023-10-02 14:17:47,38,40,8021,29611
2023-10-02 14:17:53,39,40,8021,29611
2023-10-02 14:17:54,38,40,8021,29611
2023-10-02 14:17:55,38,41,8021,29611
2023-10-02 14:17:55,39,41,8021,29611
2023-10-02 14:17:57,40,41,8021,29611
2023-10-02 14:18:03,40,42,8021,29611
2023-10-02 14:18:03,41,42,8021,29611
2023-10-02 14:18:06,41,42,7854,29778
2023-10-02 14:18:07,41,43,7854,29778
2023-10-02 14:18:18,42,43,7854,29778
2023-10-02 14:18:18,42,44,7854,29778
2023-10-02 14:18:22,43,44,7854,29778
2023-10-02 14:18:22,43,45,7854,29778
2023-10-02 14:18:22,43,46,7854,29778
2023-10-02 14:18:23,44,46,7854,29778
2023-10-02 14:18:26,44,45,7854,29778
2023-10-02 14:18:27,43,45,7854,29778
2023-10-02 14:18:27,44,45,7854,29778
2023-10-02 14:18:28,43,45,7854,29778
2023-10-02 14:18:51,43,44,7854,29778
2023-10-02 14:18:53,42,44,7854,29778
2023-10-02 14:18:56,43,44,7854,29778
2023-10-02 14:18:57,42,44,7854,29778
2023-10-02 14:18:58,43,44,7854,29778
2023-10-02 14:18:59,42,44,7854,29778
2023-10-02 14:19:00,43,44,7854,29778
2023-10-02 14:19:08,43,45,7854,29778
2023-10-02 14:19:32,43,44,7854,29778
2023-10-02 14:19:34,42,44,7854,29778
2023-10-02 14:19:39,43,44,7854,29778
2023-10-02 14:19:40,42,44,7854,29778
2023-10-02 14:19:41,43,44,7854,29778
2023-10-02 14:19:48,43,45,7854,29778
2023-10-02 14:19:59,44,45,7854,29778
2023-10-02 14:20:08,44,45,7852,29780
2023-10-02 14:20:16,44,46,7852,29780
2023-10-02 14:20:18,45,46,7852,29780
2023-10-02 14:20:18,45,47,7852,29780
2023-10-02 14:20:25,46,47,7852,29780
2023-10-02 14:20:25,46,48,7852,29780
2023-10-02 14:20:29,48,49,8042,29972
2023-10-02 14:20:34,48,50,8042,29972
2023-10-02 14:20:34,49,50,8042,29972
2023-10-02 14:20:35,48,50,8042,29972
2023-10-02 14:20:48,48,50,8042,29975
2023-10-02 14:21:03,48,49,8042,29975
2023-10-02 14:21:06,48,50,8042,29975
2023-10-02 14:21:24,48,51,8042,29975
2023-10-02 14:21:56,48,51,8042,29975
2023-10-02 14:21:56,49,51,8042,29975
2023-10-02 14:22:14,50,51,8042,29975
2023-10-02 14:22:23,50,52,8042,29975
2023-10-02 14:22:31,51,52,8042,29975
2023-10-02 14:22:34,51,53,8042,29975
2023-10-02 14:22:36,51,53,7992,30038
2023-10-02 14:22:56,52,53,7992,30038
2023-10-02 14:23:12,52,54,7992,30038
2023-10-02 14:23:42,52,53,7992,30038
2023-10-02 14:23:42,51,53,7992,30038
2023-10-02 14:23:43,51,54,7992,30038
2023-10-02 14:23:48,51,53,7992,30038
2023-10-02 14:23:49,51,54,7992,30038
2023-10-02 14:23:54,51,53,7992,30038
2023-10-02 14:23:56,50,53,7992,30038
2023-10-02 14:23:56,50,52,7992,30038
2023-10-02 14:24:02,50,53,7992,30038
2023-10-02 14:24:03,50,52,7992,30038
2023-10-02 14:24:06,50,53,7992,30038
2023-10-02 14:24:10,50,52,7992,30038
2023-10-02 14:25:11,50,53,7992,30038
2023-10-02 14:25:12,51,53,7992,30038
2023-10-02 14:25:15,51,54,7992,30038
2023-10-02 14:25:20,52,54,7992,30038
2023-10-02 14:25:23,52,54,7992,30056
2023-10-02 14:26:00,53,54,7992,30056
2023-10-02 14:26:01,52,54,7992,30056
2023-10-02 14:26:29,53,54,7992,30056
2023-10-02 14:26:30,53,55,7992,30056
2023-10-02 14:27:02,52,55,7992,30056
2023-10-02 14:27:19,53,55,7992,30056
2023-10-02 14:27:20,52,55,7992,30056
2023-10-02 14:27:21,53,55,7992,30056
2023-10-02 14:27:22,52,55,7992,30056
2023-10-02 14:27:40,53,55,7992,30056
2023-10-02 14:27:58,54,55,7992,30056
2023-10-02 14:27:59,53,55,7992,30056
2023-10-02 14:28:00,54,55,7992,30056
2023-10-02 14:28:01,53,55,7992,30056
2023-10-02 14:28:02,54,55,7992,30056
2023-10-02 14:28:03,53,55,7992,30056
2023-10-02 14:28:20,53,55,7992,30086
2023-10-02 14:28:31,54,55,7992,30086
2023-10-02 14:28:31,54,55,7992,30101
2023-10-02 14:28:49,54,56,7992,30101
2023-10-02 14:28:54,55,56,7992,30101
2023-10-02 14:28:54,55,57,7992,30101
2023-10-02 14:29:05,55,58,7992,30101
2023-10-02 14:29:05,56,58,7992,30101
2023-10-02 14:30:03,56,57,7992,30101
2023-10-02 14:30:03,55,57,7992,30101
2023-10-02 14:30:11,56,57,7992,30101
2023-10-02 14:30:26,56,58,7992,30101
2023-10-02 14:31:23,55,58,7992,30101
2023-10-02 14:31:24,55,57,7992,30101
2023-10-02 14:31:33,55,58,7992,30101
2023-10-02 14:31:35,55,57,7992,30101
2023-10-02 14:31:50,55,57,8002,30111
2023-10-02 14:32:07,55,58,8002,30111
2023-10-02 14:32:30,55,57,8002,30111
2023-10-02 14:32:35,55,58,8002,30111
2023-10-02 14:32:40,56,58,8002,30111
2023-10-02 14:32:44,56,57,8002,30111
2023-10-02 14:32:48,56,58,8002,30111
2023-10-02 14:32:49,56,57,8002,30111
2023-10-02 14:33:14,56,58,8002,30111
2023-10-02 14:33:15,55,58,8008,30117
2023-10-02 14:33:19,56,58,8008,30117
2023-10-02 14:33:23,56,57,8008,30117
2023-10-02 14:33:31,56,58,8008,30117
2023-10-02 14:33:40,56,57,8008,30117
2023-10-02 14:33:43,56,58,8008,30117
2023-10-02 14:34:28,56,58,8008,30217
2023-10-02 14:35:15,56,58,8008,30267
2023-10-02 14:38:21,57,58,8008,30267
2023-10-02 14:38:23,57,58,8008,30275
2023-10-02 14:38:40,57,59,8008,30275
2023-10-02 14:38:47,58,59,8008,30275
2023-10-02 14:39:14,58,59,8008,30358
2023-10-02 14:39:31,58,59,8043,30393
2023-10-02 14:39:35,58,60,8043,30410
2023-10-02 14:40:08,58,60,8068,30435
2023-10-02 14:40:14,58,60,8093,30460
2023-10-02 14:41:22,59,60,8093,30460
2023-10-02 14:41:23,58,60,8093,30460
2023-10-02 14:41:24,59,60,8093,30460
2023-10-02 14:41:25,58,60,8093,30460
2023-10-02 14:41:26,59,60,8093,30460
2023-10-02 14:41:27,58,60,8093,30460
2023-10-02 14:41:29,59,60,8093,30460
2023-10-02 14:41:30,58,60,8093,30460
2023-10-02 14:42:00,59,60,8093,30460
2023-10-02 14:42:01,58,60,8093,30460
2023-10-02 14:42:03,59,60,8093,30460
2023-10-02 14:42:04,58,60,8093,30460
2023-10-02 14:42:05,59,60,8093,30460
2023-10-02 14:42:06,58,60,8093,30460
2023-10-02 14:42:07,59,60,8093,30460
2023-10-02 14:42:08,58,60,8093,30460
2023-10-02 14:42:09,59,60,8093,30460
2023-10-02 14:42:10,58,60,8093,30460
2023-10-02 14:42:11,59,60,8093,30460
2023-10-02 14:42:12,58,60,8093,30460
2023-10-02 14:42:13,59,60,8093,30460
2023-10-02 14:42:14,58,60,8093,30460
2023-10-02 14:42:16,59,60,8093,30460
2023-10-02 14:42:17,58,60,8093,30460
2023-10-02 14:42:18,59,60,8093,30460
2023-10-02 14:42:19,58,60,8093,30460
2023-10-02 14:42:20,59,60,8093,30460
2023-10-02 14:42:21,58,60,8093,30460
2023-10-02 14:42:22,59,60,8093,30460
2023-10-02 14:42:23,58,60,8093,30460
2023-10-02 14:42:24,59,60,8093,30460
2023-10-02 14:42:25,58,60,8093,30460
2023-10-02 14:42:26,59,60,8093,30460
2023-10-02 14:42:27,58,60,8093,30460
2023-10-02 14:42:28,59,60,8093,30460
2023-10-02 14:42:29,58,60,8093,30460
2023-10-02 14:42:30,59,60,8093,30460
2023-10-02 14:42:31,58,60,8093,30460
2023-10-02 14:42:32,59,60,8093,30460
2023-10-02 14:42:33,58,60,8093,30460
2023-10-02 14:42:34,59,60,8093,30460
2023-10-02 14:42:35,58,60,8093,30460
2023-10-02 14:42:36,59,60,8093,30460
2023-10-02 14:42:37,58,60,8093,30460
2023-10-02 14:42:38,59,60,8093,30460
2023-10-02 14:42:39,58,60,8093,30460
2023-10-02 14:42:40,59,60,8093,30460
2023-10-02 14:42:41,58,60,8093,30460
2023-10-02 14:42:42,59,60,8093,30460
2023-10-02 14:42:43,58,60,8093,30460
2023-10-02 14:42:44,59,60,8093,30460
2023-10-02 14:44:21,59,61,8093,30460
2023-10-02 14:44:21,60,61,8093,30460
2023-10-02 14:44:22,59,61,8093,30460
2023-10-02 14:44:23,60,61,8093,30460
2023-10-02 14:44:24,59,61,8093,30460
2023-10-02 14:44:25,60,61,8093,30460
2023-10-02 14:44:25,60,61,8093,30463
2023-10-02 14:44:26,59,61,8093,30463
2023-10-02 14:44:33,60,61,8093,30463
2023-10-02 14:44:34,59,61,8093,30463
2023-10-02 14:44:36,60,61,8093,30463
2023-10-02 14:44:37,59,61,8093,30463
2023-10-02 14:44:38,60,61,8093,30463
2023-10-02 14:44:39,59,61,8093,30463
2023-10-02 14:44:40,60,61,8093,30463
2023-10-02 14:44:41,59,61,8093,30463
2023-10-02 14:44:42,60,61,8093,30463
2023-10-02 14:44:43,59,61,8093,30463
2023-10-02 14:44:44,60,61,8093,30463
2023-10-02 14:44:45,59,61,8093,30463
2023-10-02 14:44:46,60,61,8093,30463
2023-10-02 14:44:47,59,61,8093,30463
2023-10-02 14:44:48,60,61,8093,30463
2023-10-02 14:44:49,59,61,8093,30463
2023-10-02 14:44:50,60,61,8093,30463
2023-10-02 14:44:51,59,61,8093,30463
2023-10-02 14:44:52,60,61,8093,30463
2023-10-02 14:44:53,59,61,8093,30463
2023-10-02 14:44:54,60,61,8093,30463
2023-10-02 14:44:55,59,61,8093,30463
2023-10-02 14:44:56,60,61,8093,30463
2023-10-02 14:44:57,59,61,8093,30463
2023-10-02 14:44:59,60,61,8093,30463
2023-10-02 14:44:59,59,61,8093,30463
2023-10-02 14:45:01,60,61,8093,30463
2023-10-02 14:45:01,59,61,8093,30463
2023-10-02 14:45:03,60,61,8093,30463
2023-10-02 14:45:03,59,61,8093,30463
2023-10-02 14:45:05,60,61,8093,30463
2023-10-02 14:45:06,59,61,8093,30463
2023-10-02 14:45:07,60,61,8093,30463
2023-10-02 14:45:08,59,61,8093,30463
2023-10-02 14:45:09,60,61,8093,30463
2023-10-02 14:45:10,59,61,8093,30463
2023-10-02 14:45:11,60,61,8093,30463
2023-10-02 14:45:12,59,61,8093,30463
2023-10-02 14:45:13,60,61,8093,30463
2023-10-02 14:45:14,59,61,8093,30463
2023-10-02 14:45:15,60,61,8093,30463
2023-10-02 14:45:16,59,61,8093,30463
2023-10-02 14:45:17,60,61,8093,30463
2023-10-02 14:45:18,59,61,8093,30463
2023-10-02 14:45:19,60,61,8093,30463
2023-10-02 14:45:20,59,61,8093,30463
2023-10-02 14:45:24,60,61,8093,30463
2023-10-02 14:45:25,59,61,8093,30463
2023-10-02 14:45:26,60,61,8093,30463
2023-10-02 14:45:26,60,61,8093,30528
2023-10-02 14:45:27,59,61,8093,30528
2023-10-02 14:45:28,60,61,8093,30528
2023-10-02 14:45:29,59,61,8093,30528
2023-10-02 14:45:30,60,61,8093,30528
2023-10-02 14:45:31,59,61,8093,30528
2023-10-02 14:45:32,60,61,8093,30528
2023-10-02 14:45:33,59,61,8093,30528
2023-10-02 14:45:34,60,61,8093,30528
2023-10-02 14:45:35,59,61,8093,30528
2023-10-02 14:45:36,60,61,8093,30528
2023-10-02 14:45:42,59,61,8093,30528
2023-10-02 14:45:43,60,61,8093,30528
2023-10-02 14:45:44,59,61,8093,30528
2023-10-02 14:45:45,60,61,8093,30528
2023-10-02 14:45:46,59,61,8093,30528
2023-10-02 14:45:47,60,61,8093,30528
2023-10-02 14:45:48,59,61,8093,30528
2023-10-02 14:45:49,60,61,8093,30528
2023-10-02 14:46:57,60,62,8093,30528
2023-10-02 14:46:57,61,62,8093,30528
2023-10-02 14:46:58,60,62,8093,30528
2023-10-02 14:46:59,61,62,8093,30528
2023-10-02 14:47:00,60,62,8093,30528
2023-10-02 14:47:01,61,62,8093,30528
2023-10-02 14:47:02,60,62,8093,30528
2023-10-02 14:47:03,61,62,8093,30528
2023-10-02 14:47:04,60,62,8093,30528
2023-10-02 14:47:05,61,62,8093,30528
2023-10-02 14:47:06,60,62,8093,30528
2023-10-02 14:47:07,61,62,8093,30528
2023-10-02 14:47:08,60,62,8093,30528
2023-10-02 14:47:09,61,62,8093,30528
2023-10-02 14:47:10,60,62,8093,30528
2023-10-02 14:47:11,61,62,8093,30528
2023-10-02 14:47:12,60,62,8093,30528
2023-10-02 14:47:13,61,62,8093,30528
2023-10-02 14:47:14,60,62,8093,30528
2023-10-02 14:47:15,61,62,8093,30528
2023-10-02 14:47:16,60,62,8093,30528
2023-10-02 14:47:17,61,62,8093,30528
2023-10-02 14:47:18,60,62,8093,30528
2023-10-02 14:47:19,61,62,8093,30528
2023-10-02 14:47:20,60,62,8093,30528
2023-10-02 14:47:21,61,62,8093,30528
2023-10-02 14:47:22,60,62,8093,30528
2023-10-02 14:47:23,61,62,8093,30528
2023-10-02 14:47:24,60,62,8093,30528
2023-10-02 14:47:25,61,62,8093,30528
2023-10-02 14:47:26,60,62,8093,30528
2023-10-02 14:47:27,61,62,8093,30528
2023-10-02 14:47:28,60,62,8093,30528
2023-10-02 14:47:30,61,62,8093,30528
2023-10-02 14:47:31,60,62,8093,30528
2023-10-02 14:47:32,61,62,8093,30528
2023-10-02 14:47:33,60,62,8093,30528
2023-10-02 14:47:34,61,62,8093,30528
2023-10-02 14:47:35,60,62,8093,30528
2023-10-02 14:47:36,61,62,8093,30528
2023-10-02 14:47:37,60,62,8093,30528
2023-10-02 14:47:38,61,62,8093,30528
2023-10-02 14:47:39,60,62,8093,30528
2023-10-02 14:47:40,61,62,8093,30528
2023-10-02 14:47:41,60,62,8093,30528
2023-10-02 14:47:42,61,62,8093,30528
2023-10-02 14:47:43,60,62,8093,30528
2023-10-02 14:47:44,61,62,8093,30528
2023-10-02 14:47:45,60,62,8093,30528
2023-10-02 14:47:46,61,62,8093,30528
2023-10-02 14:47:47,60,62,8093,30528
2023-10-02 14:47:48,61,62,8093,30528
2023-10-02 14:47:49,60,62,8093,30528
2023-10-02 14:47:50,61,62,8093,30528
2023-10-02 14:47:51,60,62,8093,30528
2023-10-02 14:47:52,61,62,8093,30528
2023-10-02 14:47:53,60,62,8093,30528
2023-10-02 14:47:54,61,62,8093,30528
2023-10-02 14:47:55,60,62,8093,30528
2023-10-02 14:47:56,61,62,8093,30528
2023-10-02 14:47:57,60,62,8093,30528
2023-10-02 14:47:58,61,62,8093,30528
2023-10-02 14:47:59,60,62,8093,30528
2023-10-02 14:48:00,61,62,8093,30528
2023-10-02 14:48:01,60,62,8093,30528
2023-10-02 14:48:02,61,62,8093,30528
2023-10-02 14:48:03,60,62,8093,30528
2023-10-02 14:48:04,61,62,8093,30528
2023-10-02 14:48:05,60,62,8093,30528
2023-10-02 14:48:06,61,62,8093,30528
2023-10-02 14:48:07,60,62,8093,30528
2023-10-02 14:48:09,61,62,8093,30528
2023-10-02 14:48:09,60,62,8093,30528
2023-10-02 14:48:11,61,62,8093,30528
2023-10-02 14:48:11,60,62,8093,30528
2023-10-02 14:48:13,61,62,8093,30528
2023-10-02 14:48:13,60,62,8093,30528
2023-10-02 14:48:15,61,62,8093,30528
2023-10-02 14:48:16,60,62,8093,30528
2023-10-02 14:48:17,61,62,8093,30528
2023-10-02 14:48:18,60,62,8093,30528
2023-10-02 14:48:19,61,62,8093,30528
2023-10-02 14:48:20,60,62,8093,30528
2023-10-02 14:48:21,61,62,8093,30528
2023-10-02 14:48:22,60,62,8093,30528
2023-10-02 14:48:23,61,62,8093,30528
2023-10-02 14:48:24,60,62,8093,30528
2023-10-02 14:48:25,61,62,8093,30528
2023-10-02 14:48:26,60,62,8093,30528
2023-10-02 14:48:27,61,62,8093,30528
2023-10-02 14:48:28,60,62,8093,30528
2023-10-02 14:48:29,61,62,8093,30528
2023-10-02 14:48:30,60,62,8093,30528
2023-10-02 14:48:31,61,62,8093,30528
2023-10-02 14:48:32,60,62,8093,30528
2023-10-02 14:48:33,61,62,8093,30528
2023-10-02 14:48:34,60,62,8093,30528
2023-10-02 14:48:35,61,62,8093,30528
2023-10-02 14:48:36,60,62,8093,30528
2023-10-02 14:48:37,61,62,8093,30528
2023-10-02 14:48:38,60,62,8093,30528
2023-10-02 14:48:39,61,62,8093,30528
2023-10-02 14:48:40,60,62,8093,30528
2023-10-02 14:48:41,61,62,8093,30528
2023-10-02 14:48:42,60,62,8093,30528
2023-10-02 14:48:43,61,62,8093,30528
2023-10-02 14:48:44,60,62,8093,30528
2023-10-02 14:48:45,61,62,8093,30528
2023-10-02 14:48:46,60,62,8093,30528
2023-10-02 14:48:47,61,62,8093,30528
2023-10-02 14:48:48,60,62,8093,30528
2023-10-02 14:48:49,61,62,8093,30528
2023-10-02 14:48:50,61,63,8093,30528
2023-10-02 14:49:22,62,63,8093,30528
2023-10-02 14:49:23,61,63,8093,30528
2023-10-02 14:49:24,62,63,8093,30528
2023-10-02 14:49:25,61,63,8093,30528
2023-10-02 14:49:26,62,63,8093,30528
2023-10-02 14:49:27,61,63,8093,30528
2023-10-02 14:49:31,62,63,8093,30528
2023-10-02 14:49:32,61,63,8093,30528
2023-10-02 14:49:36,62,63,8093,30528
2023-10-02 14:49:37,61,63,8093,30528
2023-10-02 14:50:45,60,63,8093,30528
2023-10-02 14:50:45,60,62,8093,30528
2023-10-02 14:50:49,60,63,8093,30528
2023-10-02 14:50:50,60,62,8093,30528
2023-10-02 14:50:58,61,62,8093,30528
2023-10-02 14:50:59,60,62,8093,30528
2023-10-02 14:51:00,61,62,8093,30528
2023-10-02 14:51:01,60,62,8093,30528
2023-10-02 14:51:02,60,63,8093,30528
2023-10-02 14:51:07,61,63,8093,30528
2023-10-02 14:51:44,60,63,8093,30528
2023-10-02 14:51:45,61,63,8093,30528
2023-10-02 14:51:49,60,63,8093,30528
2023-10-02 14:51:51,60,62,8093,30528
2023-10-02 14:51:53,60,63,8093,30528
2023-10-02 14:51:56,61,63,8093,30528
2023-10-02 14:51:57,60,63,8093,30528
2023-10-02 14:51:58,61,63,8093,30528
2023-10-02 14:51:59,60,63,8093,30528
2023-10-02 14:52:00,61,63,8093,30528
2023-10-02 14:52:01,60,63,8093,30528
2023-10-02 14:52:02,61,63,8093,30528
2023-10-02 14:52:03,60,63,8093,30528
2023-10-02 14:52:07,61,63,8093,30528
2023-10-02 14:52:08,60,63,8093,30528
2023-10-02 14:52:09,61,63,8093,30528
2023-10-02 14:52:10,60,63,8093,30528
2023-10-02 14:52:11,61,63,8093,30528
2023-10-02 14:52:12,60,63,8093,30528
2023-10-02 14:52:13,61,63,8093,30528
2023-10-02 14:52:15,60,63,8093,30528
2023-10-02 14:52:15,61,63,8093,30528
2023-10-02 14:52:16,60,63,8093,30528
2023-10-02 14:52:17,61,63,8093,30528
2023-10-02 14:52:19,60,63,8093,30528
2023-10-02 14:52:19,61,63,8093,30528
2023-10-02 14:52:23,60,63,8093,30528
2023-10-02 14:52:23,61,63,8093,30528
2023-10-02 14:52:24,60,63,8093,30528
2023-10-02 14:52:29,60,62,8093,30528
2023-10-02 14:52:32,60,61,8093,30528
2023-10-02 14:52:32,59,61,8093,30528
2023-10-02 14:52:36,59,62,8093,30528
2023-10-02 14:52:39,59,61,8093,30528
2023-10-02 14:52:40,59,62,8093,30528
2023-10-02 14:52:48,60,62,8093,30528
2023-10-02 14:52:48,60,63,8093,30528
2023-10-02 14:52:50,61,63,8093,30528
2023-10-02 14:52:51,60,63,8093,30528
2023-10-02 14:52:52,61,63,8093,30528
2023-10-02 14:52:53,60,63,8093,30528
2023-10-02 14:52:58,60,62,8093,30528
2023-10-02 14:52:59,60,63,8093,30528
2023-10-02 14:53:17,60,62,8093,30528
2023-10-02 14:53:20,59,62,8093,30528
2023-10-02 14:53:20,59,61,8093,30528
2023-10-02 14:53:36,59,62,8093,30528
2023-10-02 14:53:47,59,61,8093,30528
2023-10-02 14:53:51,59,60,8093,30528
2023-10-02 14:53:51,58,60,8093,30528
2023-10-02 14:53:52,58,61,8093,30528
2023-10-02 14:53:52,58,61,8093,30543
2023-10-02 14:53:53,58,60,8093,30543
2023-10-02 14:54:00,57,60,8093,30543
2023-10-02 14:54:02,57,59,8093,30543
2023-10-02 14:54:03,57,60,8093,30543
2023-10-02 14:54:13,58,60,8093,30543
2023-10-02 14:54:13,58,61,8093,30543
2023-10-02 14:54:37,60,61,8093,30543
2023-10-02 14:54:37,58,61,8143,30593
2023-10-02 14:54:40,59,61,8143,30593
2023-10-02 14:54:40,59,62,8143,30593
2023-10-02 14:54:43,60,62,8143,30593
2023-10-02 14:54:43,60,63,8143,30593
2023-10-02 14:54:45,61,63,8143,30593
2023-10-02 14:54:50,61,64,8143,30593
2023-10-02 14:54:50,62,64,8143,30593
2023-10-02 14:54:52,63,64,8143,30593
2023-10-02 14:55:07,63,65,8143,30593
2023-10-02 14:55:10,64,65,8143,30593
2023-10-02 14:55:31,63,65,8143,30593
2023-10-02 14:56:46,64,65,8143,30593
2023-10-02 14:56:46,64,65,8221,30671
2023-10-02 14:57:14,64,65,8221,30676
2023-10-02 14:58:06,63,65,8221,30676
2023-10-02 14:58:45,63,65,8226,30681
2023-10-02 14:58:45,63,65,8226,30681
2023-10-02 15:00:09,63,65,8226,30761
2023-10-02 15:00:18,64,65,8226,30761
