datetime,bid,ask,open_interest,volume
2023-02-08 09:30:15,8,12,200,200
2023-02-08 09:30:15,8,9,200,200
2023-02-08 09:30:24,8,12,220,220
2023-02-08 09:30:42,8,11,220,220
2023-02-08 09:30:42,8,12,220,220
2023-02-08 09:32:47,8,16,220,220
2023-02-08 09:32:47,8,14,220,220
2023-02-08 09:33:25,8,16,220,220
2023-02-08 09:33:26,8,15,220,220
2023-02-08 09:33:26,9,15,220,220
2023-02-08 09:33:33,9,16,220,220
2023-02-08 09:33:46,9,14,220,220
2023-02-08 09:35:20,9,16,220,220
2023-02-08 09:35:21,9,15,220,220
2023-02-08 09:35:21,9,12,220,220
2023-02-08 09:37:14,9,14,220,220
2023-02-08 09:37:23,9,19,220,220
2023-02-08 09:37:23,9,12,220,220
2023-02-08 09:40:07,8,12,220,220
2023-02-08 09:40:09,8,10,220,220
2023-02-08 09:40:49,8,10,440,440
2023-02-08 09:40:49,8,9,440,440
2023-02-08 09:43:17,6,8,570,570
2023-02-08 09:44:47,6,7,570,570
2023-02-08 09:45:47,6,8,570,570
2023-02-08 09:46:36,6,9,960,960
2023-02-08 09:47:17,6,8,960,960
2023-02-08 09:47:45,6,9,960,960
2023-02-08 09:48:16,6,8,960,960
2023-02-08 09:48:47,6,7,960,960
2023-02-08 09:49:17,6,8,960,960
2023-02-08 09:49:46,6,9,960,960
2023-02-08 09:50:34,6,10,1157,1157
2023-02-08 09:50:45,7,10,1157,1157
2023-02-08 09:50:48,7,11,1157,1157
2023-02-08 09:51:23,8,11,1157,1157
2023-02-08 09:51:24,8,12,1157,1157
2023-02-08 09:51:47,7,12,1157,1157
2023-02-08 09:51:48,7,11,1157,1157
2023-02-08 09:52:18,8,11,1157,1157
2023-02-08 09:52:30,9,11,1157,1157
2023-02-08 09:52:50,9,12,1157,1157
2023-02-08 09:52:51,9,13,1157,1157
2023-02-08 09:53:50,10,13,1157,1157
2023-02-08 09:53:51,10,14,1157,1157
2023-02-08 09:54:11,11,14,1157,1157
2023-02-08 09:54:22,11,15,1157,1157
2023-02-08 09:54:44,10,15,1157,1157
2023-02-08 09:54:50,11,15,1157,1157
2023-02-08 09:55:21,9,15,1157,1157
2023-02-08 09:55:23,10,15,1157,1157
2023-02-08 09:55:48,10,16,1157,1157
2023-02-08 09:55:50,10,15,1157,1157
2023-02-08 09:55:55,11,15,1157,1157
2023-02-08 09:56:10,10,15,1157,1157
2023-02-08 09:56:17,11,15,1157,1157
2023-02-08 09:57:47,10,15,1157,1157
2023-02-08 09:57:48,10,16,1157,1157
2023-02-08 09:57:48,10,14,1157,1157
2023-02-08 09:58:46,9,14,1157,1157
2023-02-08 09:58:46,9,13,1157,1157
2023-02-08 09:59:17,8,13,1157,1157
2023-02-08 09:59:18,8,12,1157,1157
2023-02-08 10:00:24,8,11,1157,1157
2023-02-08 10:00:30,7,11,1157,1157
2023-02-08 10:00:30,9,11,1157,1157
2023-02-08 10:00:34,10,11,1157,1157
2023-02-08 10:00:41,9,11,1157,1157
2023-02-08 10:00:47,9,13,1157,1157
2023-02-08 10:00:47,9,14,1157,1157
2023-02-08 10:00:47,10,14,1157,1157
2023-02-08 10:03:17,10,15,1157,1157
2023-02-08 10:03:17,9,15,1157,1157
2023-02-08 10:03:17,9,16,1157,1157
2023-02-08 10:03:18,10,16,1157,1157
2023-02-08 10:03:18,10,14,1157,1157
2023-02-08 10:04:18,10,16,1157,1157
2023-02-08 10:04:18,11,16,1157,1157
2023-02-08 10:04:18,11,15,1157,1157
2023-02-08 10:04:34,11,14,1157,1157
2023-02-08 10:04:46,10,14,1157,1157
2023-02-08 10:04:46,9,14,1157,1157
2023-02-08 10:04:46,9,13,1157,1157
2023-02-08 10:05:50,10,13,1157,1157
2023-02-08 10:05:51,10,14,1157,1157
2023-02-08 10:06:18,9,14,1157,1157
2023-02-08 10:06:18,9,13,1157,1157
2023-02-08 10:06:27,10,13,1157,1157
2023-02-08 10:06:43,11,13,1157,1157
2023-02-08 10:06:45,11,14,1157,1157
2023-02-08 10:06:46,11,15,1157,1157
2023-02-08 10:07:17,11,18,1157,1157
2023-02-08 10:07:17,11,16,1157,1157
2023-02-08 10:07:47,12,16,1157,1157
2023-02-08 10:08:20,11,16,1157,1157
2023-02-08 10:08:22,11,15,1157,1157
2023-02-08 10:08:51,11,14,1157,1157
2023-02-08 10:08:51,10,14,1157,1157
2023-02-08 10:09:21,10,16,1157,1157
2023-02-08 10:09:21,11,16,1157,1157
2023-02-08 10:09:21,11,15,1157,1157
2023-02-08 10:09:48,10,15,1157,1157
2023-02-08 10:09:50,10,14,1157,1157
2023-02-08 10:10:51,10,13,1157,1157
2023-02-08 10:10:52,9,13,1157,1157
2023-02-08 10:11:17,8,13,1157,1157
2023-02-08 10:11:18,8,12,1157,1157
2023-02-08 10:12:51,9,12,1157,1157
2023-02-08 10:12:54,9,13,1157,1157
2023-02-08 10:13:22,9,12,1157,1157
2023-02-08 10:13:23,8,12,1157,1157
2023-02-08 10:13:48,7,12,1157,1157
2023-02-08 10:13:48,7,11,1157,1157
2023-02-08 10:14:07,7,12,1644,1644
2023-02-08 10:14:18,8,12,1644,1644
2023-02-08 10:15:31,9,12,1644,1644
2023-02-08 10:15:49,9,11,1644,1644
2023-02-08 10:16:03,7,11,1644,1644
2023-02-08 10:16:12,8,11,1644,1644
2023-02-08 10:16:19,8,10,1644,1644
2023-02-08 10:16:47,8,9,1644,1644
2023-02-08 10:19:49,8,10,1644,1644
2023-02-08 10:19:50,8,9,1644,1644
2023-02-08 10:19:50,8,9,1923,1923
2023-02-08 10:20:02,6,9,1923,1923
2023-02-08 10:20:27,6,8,1923,1923
2023-02-08 10:20:46,6,9,1923,1923
2023-02-08 10:21:18,6,10,1923,1923
2023-02-08 10:21:51,7,10,1923,1923
2023-02-08 10:22:17,7,11,1923,1923
2023-02-08 10:22:50,8,11,1923,1923
2023-02-08 10:22:50,9,11,1923,1923
2023-02-08 10:22:52,9,13,1923,1923
2023-02-08 10:23:47,9,14,1923,1923
2023-02-08 10:23:47,9,13,1923,1923
2023-02-08 10:24:48,8,13,1923,1923
2023-02-08 10:24:49,9,13,1923,1923
2023-02-08 10:26:18,10,13,1923,1923
2023-02-08 10:26:19,10,14,1923,1923
2023-02-08 10:26:47,9,14,1923,1923
2023-02-08 10:27:16,9,16,1923,1923
2023-02-08 10:27:16,10,16,1923,1923
2023-02-08 10:27:16,10,15,1923,1923
2023-02-08 10:27:16,11,15,1923,1923
2023-02-08 10:27:30,11,15,1923,1924
2023-02-08 10:27:34,11,14,1923,1924
2023-02-08 10:27:46,10,14,1923,1924
2023-02-08 10:28:18,9,14,1923,1924
2023-02-08 10:28:48,10,14,1923,1924
2023-02-08 10:29:17,11,14,1923,1924
2023-02-08 10:29:20,11,15,1923,1924
2023-02-08 10:29:46,12,15,1923,1924
2023-02-08 10:29:46,12,16,1923,1924
2023-02-08 10:30:18,13,16,1923,1924
2023-02-08 10:30:29,13,18,2315,2316
2023-02-08 10:30:43,14,18,2315,2316
2023-02-08 10:30:45,13,18,2315,2316
2023-02-08 10:30:45,15,18,2315,2316
2023-02-08 10:30:47,17,18,2315,2316
2023-02-08 10:30:50,17,21,2315,2316
2023-02-08 10:31:16,17,22,2315,2316
2023-02-08 10:31:48,18,22,2315,2316
2023-02-08 10:32:15,19,22,2315,2316
2023-02-08 10:32:21,19,23,2315,2316
2023-02-08 10:32:23,20,23,2315,2316
2023-02-08 10:32:24,19,23,2315,2316
2023-02-08 10:32:25,20,23,2315,2316
2023-02-08 10:32:47,21,23,2315,2316
2023-02-08 10:32:50,21,25,2315,2316
2023-02-08 10:32:50,21,26,2315,2316
2023-02-08 10:33:19,22,26,2315,2316
2023-02-08 10:35:22,21,26,2315,2316
2023-02-08 10:35:50,22,26,2315,2316
2023-02-08 10:36:46,22,27,2315,2316
2023-02-08 10:36:47,21,27,2315,2316
2023-02-08 10:36:47,21,26,2315,2316
2023-02-08 10:37:16,21,24,2315,2316
2023-02-08 10:37:49,19,24,2315,2316
2023-02-08 10:37:57,19,22,2315,2316
2023-02-08 10:38:04,19,24,2315,2316
2023-02-08 10:38:04,19,20,2315,2316
2023-02-08 10:38:20,18,20,2315,2316
2023-02-08 10:38:29,16,20,1990,2641
2023-02-08 10:38:33,16,23,1990,2641
2023-02-08 10:38:33,16,22,1990,2641
2023-02-08 10:38:46,16,20,1990,2641
2023-02-08 10:38:47,15,20,1990,2641
2023-02-08 10:39:18,15,22,1990,2641
2023-02-08 10:39:19,15,21,1990,2641
2023-02-08 10:39:22,16,21,1990,2641
2023-02-08 10:39:45,16,20,1990,2641
2023-02-08 10:42:18,15,20,1990,2641
2023-02-08 10:42:47,16,20,1990,2641
2023-02-08 10:42:48,16,21,1990,2641
2023-02-08 10:43:40,17,21,1990,2641
2023-02-08 10:43:42,16,21,1990,2641
2023-02-08 10:43:43,17,21,1990,2641
2023-02-08 10:43:46,16,21,1990,2641
2023-02-08 10:43:48,16,23,1990,2641
2023-02-08 10:43:48,16,24,1990,2641
2023-02-08 10:43:49,16,22,1990,2641
2023-02-08 10:43:49,18,22,1990,2641
2023-02-08 10:44:18,16,22,1990,2641
2023-02-08 10:44:19,17,22,1990,2641
2023-02-08 10:44:50,18,22,1990,2641
2023-02-08 10:45:20,16,22,1990,2641
2023-02-08 10:45:20,17,22,1990,2641
2023-02-08 10:45:51,18,22,1990,2641
2023-02-08 10:46:19,18,24,1990,2641
2023-02-08 10:46:20,18,23,1990,2641
2023-02-08 10:46:21,19,23,1990,2641
2023-02-08 10:46:47,19,24,1990,2641
2023-02-08 10:46:54,19,22,1990,2641
2023-02-08 10:47:19,17,22,1990,2641
2023-02-08 10:47:48,17,21,1990,2641
2023-02-08 10:48:15,17,20,1990,2641
2023-02-08 10:48:48,15,20,1990,2641
2023-02-08 10:49:18,16,20,1990,2641
2023-02-08 10:49:50,16,21,1990,2641
2023-02-08 10:50:36,17,21,1990,2641
2023-02-08 10:50:49,17,22,1990,2641
2023-02-08 10:51:19,16,22,1990,2641
2023-02-08 10:51:19,18,22,1990,2641
2023-02-08 10:51:49,18,23,1990,2641
2023-02-08 10:52:04,19,23,1990,2641
2023-02-08 10:52:13,20,23,1990,2641
2023-02-08 10:52:19,19,23,1990,2641
2023-02-08 10:52:20,21,23,1990,2641
2023-02-08 10:52:23,19,23,1990,2641
2023-02-08 10:52:23,22,23,1990,2641
2023-02-08 10:52:40,19,23,1990,2641
2023-02-08 10:52:40,20,23,1990,2641
2023-02-08 10:52:46,20,25,1990,2641
2023-02-08 10:52:48,21,25,1990,2641
2023-02-08 10:52:48,21,26,1990,2641
2023-02-08 10:53:47,20,26,1990,2641
2023-02-08 10:53:48,20,25,1990,2641
2023-02-08 10:54:04,20,24,1990,2641
2023-02-08 10:54:17,18,24,1990,2641
2023-02-08 10:54:19,19,24,1990,2641
2023-02-08 10:54:49,19,23,1990,2641
2023-02-08 10:54:49,18,23,1990,2641
2023-02-08 10:55:20,18,24,1990,2641
2023-02-08 10:55:21,18,22,1990,2641
2023-02-08 10:56:53,17,22,1990,2641
2023-02-08 10:58:51,18,22,1990,2641
2023-02-08 10:59:11,17,22,1990,2641
2023-02-08 10:59:11,19,22,1990,2641
2023-02-08 10:59:19,19,23,1990,2641
2023-02-08 10:59:28,20,23,1990,2641
2023-02-08 10:59:30,19,23,1990,2641
2023-02-08 10:59:45,20,23,1990,2641
2023-02-08 10:59:46,19,23,1990,2641
2023-02-08 10:59:48,19,25,1990,2641
2023-02-08 10:59:48,20,25,1990,2641
2023-02-08 11:00:02,21,25,1990,2641
2023-02-08 11:00:11,20,25,1990,2641
2023-02-08 11:00:12,22,25,1990,2641
2023-02-08 11:00:50,22,26,1990,2641
2023-02-08 11:00:51,23,26,1990,2641
2023-02-08 11:00:59,22,26,1990,2641
2023-02-08 11:01:03,23,26,1990,2641
2023-02-08 11:01:05,22,26,1990,2641
2023-02-08 11:01:05,24,26,1990,2641
2023-02-08 11:01:19,24,28,1990,2641
2023-02-08 11:01:20,24,27,1990,2641
2023-02-08 11:01:49,24,28,1990,2641
2023-02-08 11:02:20,24,30,1990,2641
2023-02-08 11:02:22,24,27,1990,2641
2023-02-08 11:02:50,24,28,1990,2641
2023-02-08 11:02:53,23,28,1990,2641
2023-02-08 11:03:08,23,26,1990,2641
2023-02-08 11:03:17,21,26,1990,2641
2023-02-08 11:03:17,22,26,1990,2641
2023-02-08 11:03:43,22,27,1990,2641
2023-02-08 11:03:46,22,28,1990,2641
2023-02-08 11:03:46,21,28,1990,2641
2023-02-08 11:03:48,21,24,1990,2641
2023-02-08 11:03:55,19,24,1990,2641
2023-02-08 11:03:55,22,24,1990,2641
2023-02-08 11:04:15,23,24,1990,2641
2023-02-08 11:04:17,22,24,1990,2641
2023-02-08 11:04:18,22,26,1990,2641
2023-02-08 11:04:28,23,26,1990,2641
2023-02-08 11:04:38,22,26,1990,2641
2023-02-08 11:05:25,21,26,1990,2641
2023-02-08 11:05:49,20,26,1990,2641
2023-02-08 11:05:49,20,28,1990,2641
2023-02-08 11:05:51,20,25,1990,2641
2023-02-08 11:06:04,21,25,1990,2641
2023-02-08 11:06:16,22,25,1990,2641
2023-02-08 11:06:20,23,25,1990,2641
2023-02-08 11:06:21,22,25,1990,2641
2023-02-08 11:06:24,23,25,1990,2641
2023-02-08 11:06:25,22,25,1990,2641
2023-02-08 11:06:43,23,25,1990,2641
2023-02-08 11:06:44,22,25,1990,2641
2023-02-08 11:06:47,22,27,1990,2641
2023-02-08 11:07:18,22,26,1990,2641
2023-02-08 11:07:41,23,26,1990,2641
2023-02-08 11:07:57,22,26,1990,2641
2023-02-08 11:07:57,24,26,1990,2641
2023-02-08 11:08:17,22,26,1990,2641
2023-02-08 11:08:17,25,26,1990,2641
2023-02-08 11:08:19,25,27,1990,2641
2023-02-08 11:08:33,26,27,1990,2641
2023-02-08 11:08:46,26,27,1990,2661
2023-02-08 11:08:48,25,29,1990,2661
2023-02-08 11:08:48,25,31,1990,2661
2023-02-08 11:08:48,25,28,1990,2661
2023-02-08 11:09:17,25,30,1990,2661
2023-02-08 11:09:40,25,28,1990,2661
2023-02-08 11:09:46,23,28,1990,2661
2023-02-08 11:09:47,22,28,1990,2661
2023-02-08 11:09:47,24,28,1990,2661
2023-02-08 11:10:17,24,26,1990,2661
2023-02-08 11:10:18,24,28,1990,2661
2023-02-08 11:10:25,22,28,1990,2661
2023-02-08 11:10:25,20,28,1990,2661
2023-02-08 11:10:27,21,28,1990,2661
2023-02-08 11:10:27,23,28,1990,2661
2023-02-08 11:10:48,22,28,1990,2661
2023-02-08 11:10:49,22,27,1990,2661
2023-02-08 11:10:56,24,27,1990,2661
2023-02-08 11:11:19,24,29,1990,2661
2023-02-08 11:12:11,26,29,1990,2661
2023-02-08 11:12:17,24,29,1990,2661
2023-02-08 11:12:19,26,29,1990,2661
2023-02-08 11:12:22,26,31,1990,2661
2023-02-08 11:12:22,26,32,1990,2661
2023-02-08 11:12:23,26,30,1990,2661
2023-02-08 11:12:50,26,32,1990,2661
2023-02-08 11:12:51,26,33,1990,2661
2023-02-08 11:12:51,26,31,1990,2661
2023-02-08 11:13:08,28,31,1990,2661
2023-02-08 11:13:46,26,31,1990,2661
2023-02-08 11:13:48,27,31,1990,2661
2023-02-08 11:13:50,27,32,1990,2661
2023-02-08 11:13:56,28,32,1990,2661
2023-02-08 11:13:58,27,32,1990,2661
2023-02-08 11:14:19,28,32,1990,2661
2023-02-08 11:14:30,27,32,1990,2661
2023-02-08 11:14:47,28,32,1990,2661
2023-02-08 11:15:11,27,32,1990,2661
2023-02-08 11:15:21,27,33,1990,2661
2023-02-08 11:15:21,26,33,1990,2661
2023-02-08 11:15:21,28,33,1990,2661
2023-02-08 11:16:46,26,33,1990,2661
2023-02-08 11:16:47,27,33,1990,2661
2023-02-08 11:16:52,27,32,1990,2661
2023-02-08 11:16:57,27,33,1990,2661
2023-02-08 11:16:57,27,32,1990,2661
2023-02-08 11:17:01,27,33,1990,2661
2023-02-08 11:17:09,28,33,1990,2661
2023-02-08 11:17:16,27,33,1990,2661
2023-02-08 11:17:18,27,31,1990,2661
2023-02-08 11:17:22,26,31,1990,2661
2023-02-08 11:17:41,26,30,1990,2661
2023-02-08 11:17:43,26,31,1990,2661
2023-02-08 11:17:45,26,30,1990,2661
2023-02-08 11:17:46,26,31,1990,2661
2023-02-08 11:18:05,26,30,1990,2661
2023-02-08 11:18:17,24,30,1990,2661
2023-02-08 11:18:17,25,30,1990,2661
2023-02-08 11:18:47,24,30,1990,2661
2023-02-08 11:18:47,24,28,1990,2661
2023-02-08 11:18:59,23,28,1990,2661
2023-02-08 11:19:48,23,27,1990,2661
2023-02-08 11:19:49,22,27,1990,2661
2023-02-08 11:20:07,24,27,1990,2661
2023-02-08 11:20:14,22,27,1990,2661
2023-02-08 11:20:25,22,30,1990,2661
2023-02-08 11:20:25,23,30,1990,2661
2023-02-08 11:20:25,23,28,1990,2661
2023-02-08 11:20:40,24,28,1990,2661
2023-02-08 11:20:41,23,28,1990,2661
2023-02-08 11:20:44,24,28,1990,2661
2023-02-08 11:20:48,23,28,1990,2661
2023-02-08 11:20:50,24,28,1990,2661
2023-02-08 11:21:17,24,30,1990,2661
2023-02-08 11:21:18,24,29,1990,2661
2023-02-08 11:21:47,26,29,1990,2661
2023-02-08 11:21:49,26,28,1990,2661
2023-02-08 11:21:49,24,28,1990,2661
2023-02-08 11:22:06,26,28,1990,2661
2023-02-08 11:22:17,26,30,1990,2661
2023-02-08 11:22:18,26,29,1990,2661
2023-02-08 11:22:42,28,29,1990,2661
2023-02-08 11:22:48,28,31,1990,2661
2023-02-08 11:23:00,30,31,1990,2661
2023-02-08 11:23:13,28,31,1990,2661
2023-02-08 11:23:19,28,32,1990,2661
2023-02-08 11:23:31,30,32,1990,2661
2023-02-08 11:23:56,30,32,2010,2681
2023-02-08 11:24:17,30,36,2010,2681
2023-02-08 11:24:18,30,37,2010,2681
2023-02-08 11:24:18,30,33,2010,2681
2023-02-08 11:24:29,32,33,2010,2681
2023-02-08 11:24:46,32,35,2010,2681
2023-02-08 11:25:21,32,36,2010,2681
2023-02-08 11:25:55,34,36,2010,2681
2023-02-08 11:26:47,34,38,2010,2681
2023-02-08 11:27:19,34,37,2010,2681
2023-02-08 11:27:48,34,38,2010,2681
2023-02-08 11:28:51,34,39,2010,2681
2023-02-08 11:28:52,34,37,2010,2681
2023-02-08 11:30:29,34,38,2010,2681
2023-02-08 11:30:30,34,36,2010,2681
2023-02-08 11:30:53,32,36,2010,2681
2023-02-08 11:32:21,31,36,2010,2681
2023-02-08 11:32:21,34,36,2010,2681
2023-02-08 11:32:47,34,42,2010,2681
2023-02-08 11:32:47,34,39,2010,2681
2023-02-08 11:32:48,34,37,2010,2681
2023-02-08 11:33:18,34,39,2010,2681
2023-02-08 11:33:18,34,41,2010,2681
2023-02-08 11:33:20,34,38,2010,2681
2023-02-08 11:33:50,34,40,2010,2681
2023-02-08 11:33:51,34,42,2010,2681
2023-02-08 11:33:51,34,41,2010,2681
2023-02-08 11:33:52,34,39,2010,2681
2023-02-08 11:33:52,34,37,2010,2681
2023-02-08 11:34:16,34,39,2010,2681
2023-02-08 11:34:16,34,40,2010,2681
2023-02-08 11:34:16,34,38,2010,2681
2023-02-08 11:34:18,36,38,2010,2681
2023-02-08 11:35:16,33,38,2010,2681
2023-02-08 11:35:16,34,38,2010,2681
2023-02-08 11:35:37,33,38,2010,2721
2023-02-08 11:35:38,33,37,2010,2721
2023-02-08 11:35:47,31,37,2010,2721
2023-02-08 11:35:48,8,37,2010,2721
2023-02-08 11:35:49,28,37,2010,2721
2023-02-08 11:35:49,32,37,2010,2721
2023-02-08 11:36:19,32,36,2010,2721
2023-02-08 11:36:19,31,36,2010,2721
2023-02-08 11:36:43,32,36,2010,2721
2023-02-08 11:37:13,32,35,2010,2721
2023-02-08 11:39:13,32,35,2011,2722
2023-02-08 11:39:24,30,35,2011,2722
2023-02-08 11:39:46,28,35,2011,2722
2023-02-08 11:39:47,25,35,2011,2722
2023-02-08 11:39:47,27,35,2011,2722
2023-02-08 11:39:47,29,35,2011,2722
2023-02-08 11:40:24,27,35,2011,2722
2023-02-08 11:40:24,8,35,2011,2722
2023-02-08 11:40:25,28,35,2011,2722
2023-02-08 11:40:26,30,35,2011,2722
2023-02-08 11:40:49,30,37,2011,2722
2023-02-08 11:40:49,31,37,2011,2722
2023-02-08 11:40:49,31,36,2011,2722
2023-02-08 11:41:18,8,36,2011,2722
2023-02-08 11:41:18,8,38,2011,2722
2023-02-08 11:41:19,28,38,2011,2722
2023-02-08 11:41:19,30,38,2011,2722
2023-02-08 11:41:19,32,38,2011,2722
2023-02-08 11:41:19,32,37,2011,2722
2023-02-08 11:41:47,32,38,2011,2722
2023-02-08 11:42:10,32,37,2011,2722
2023-02-08 11:42:14,32,38,2011,2722
2023-02-08 11:42:15,32,37,2011,2722
2023-02-08 11:42:16,32,38,2011,2722
2023-02-08 11:42:18,31,38,2011,2722
2023-02-08 11:42:18,33,38,2011,2722
2023-02-08 11:42:18,33,37,2011,2722
2023-02-08 11:42:19,33,38,2011,2722
2023-02-08 11:42:49,32,38,2011,2722
2023-02-08 11:43:18,32,37,2011,2722
2023-02-08 11:43:51,32,38,2011,2722
2023-02-08 11:44:01,30,38,1614,3119
2023-02-08 11:44:13,30,37,1614,3119
2023-02-08 11:44:18,30,36,1614,3119
2023-02-08 11:44:46,28,36,1614,3119
2023-02-08 11:44:46,28,37,1614,3119
2023-02-08 11:44:46,31,37,1614,3119
2023-02-08 11:45:18,31,36,1614,3119
2023-02-08 11:45:41,31,35,1614,3119
2023-02-08 11:45:45,31,36,1614,3119
2023-02-08 11:45:45,31,35,1614,3119
2023-02-08 11:45:46,29,35,1253,3480
2023-02-08 11:45:47,8,35,1253,3480
2023-02-08 11:45:48,26,35,1253,3480
2023-02-08 11:45:48,28,35,1253,3480
2023-02-08 11:45:48,30,35,1253,3480
2023-02-08 11:45:59,30,34,1253,3480
2023-02-08 11:46:18,27,34,1253,3480
2023-02-08 11:46:18,29,34,1253,3480
2023-02-08 11:46:48,25,34,1253,3480
2023-02-08 11:46:48,26,34,1253,3480
2023-02-08 11:46:48,28,34,1253,3480
2023-02-08 11:46:48,28,33,1253,3480
2023-02-08 11:47:48,30,33,1253,3480
2023-02-08 11:47:48,30,34,1253,3480
2023-02-08 11:48:17,28,34,1253,3480
2023-02-08 11:48:19,29,34,1253,3480
2023-02-08 11:49:47,25,34,1253,3480
2023-02-08 11:49:47,8,34,1253,3480
2023-02-08 11:49:48,29,34,1253,3480
2023-02-08 11:50:45,27,34,1253,3480
2023-02-08 11:50:46,26,34,1253,3480
2023-02-08 11:50:46,26,33,1253,3480
2023-02-08 11:50:46,28,33,1253,3480
2023-02-08 11:52:47,26,33,1253,3480
2023-02-08 11:52:47,26,34,1253,3480
2023-02-08 11:52:48,28,34,1253,3480
2023-02-08 11:53:15,26,34,1253,3480
2023-02-08 11:53:17,27,34,1253,3480
2023-02-08 11:53:17,29,34,1253,3480
2023-02-08 11:54:46,27,34,1253,3480
2023-02-08 11:54:47,27,33,1253,3480
2023-02-08 11:55:19,28,33,1253,3480
2023-02-08 11:56:08,28,33,1245,3488
2023-02-08 11:56:19,24,33,1245,3488
2023-02-08 11:56:19,8,33,1245,3488
2023-02-08 11:56:20,23,33,1245,3488
2023-02-08 11:56:20,27,33,1245,3488
2023-02-08 11:56:25,25,33,1245,3938
2023-02-08 11:56:49,25,32,1245,3938
2023-02-08 11:56:50,27,32,1245,3938
2023-02-08 11:56:56,27,31,1245,3938
2023-02-08 11:57:17,25,31,1245,3938
2023-02-08 11:57:18,25,30,1245,3938
2023-02-08 11:57:19,25,31,1214,4388
2023-02-08 11:57:20,27,31,1214,4388
2023-02-08 11:57:33,27,29,1214,4388
2023-02-08 11:57:33,25,29,1214,4388
2023-02-08 11:58:13,25,27,1214,4388
2023-02-08 11:58:13,24,27,1214,4388
2023-02-08 11:58:14,24,29,1214,4388
2023-02-08 11:58:16,24,27,1214,4388
2023-02-08 11:58:25,24,29,1214,4388
2023-02-08 11:58:35,24,27,1214,4388
2023-02-08 11:58:47,23,27,1214,4388
2023-02-08 11:58:53,23,28,1214,4388
2023-02-08 11:59:30,23,27,1214,4388
2023-02-08 12:00:05,23,28,1214,4388
2023-02-08 12:00:24,23,29,1214,4388
2023-02-08 12:00:25,23,27,1214,4388
2023-02-08 12:00:31,22,27,1214,4388
2023-02-08 12:00:31,25,27,1214,4388
2023-02-08 12:00:46,25,29,1214,4388
2023-02-08 12:00:47,25,28,1214,4388
2023-02-08 12:01:19,25,29,1214,4388
2023-02-08 12:03:37,27,29,1214,4388
2023-02-08 12:03:59,24,29,1214,4388
2023-02-08 12:03:59,24,29,1245,4419
2023-02-08 12:04:17,24,31,1245,4419
2023-02-08 12:04:17,26,31,1245,4419
2023-02-08 12:04:47,25,31,1245,4419
2023-02-08 12:04:47,25,32,1245,4419
2023-02-08 12:04:47,27,32,1245,4419
2023-02-08 12:05:20,25,32,1245,4419
2023-02-08 12:05:20,26,32,1245,4419
2023-02-08 12:05:20,28,32,1245,4419
2023-02-08 12:05:20,28,35,1245,4419
2023-02-08 12:05:22,28,33,1245,4419
2023-02-08 12:07:18,26,33,1245,4419
2023-02-08 12:07:19,28,33,1245,4419
2023-02-08 12:07:49,27,33,1245,4419
2023-02-08 12:08:12,27,31,1245,4419
2023-02-08 12:08:48,25,31,1245,4419
2023-02-08 12:08:48,8,31,1245,4419
2023-02-08 12:08:49,22,31,1245,4419
2023-02-08 12:08:49,24,31,1245,4419
2023-02-08 12:08:49,26,31,1245,4419
2023-02-08 12:09:49,26,33,1245,4419
2023-02-08 12:09:51,25,33,1245,4419
2023-02-08 12:09:53,25,32,1245,4419
2023-02-08 12:09:53,27,32,1245,4419
2023-02-08 12:10:08,27,31,1245,4419
2023-02-08 12:10:26,22,31,1245,4419
2023-02-08 12:10:26,26,31,1245,4419
2023-02-08 12:11:22,26,29,1245,4419
2023-02-08 12:11:47,24,29,1245,4419
2023-02-08 12:13:47,22,29,1245,4419
2023-02-08 12:13:47,24,29,1245,4419
2023-02-08 12:14:18,20,29,1245,4419
2023-02-08 12:14:18,23,29,1245,4419
2023-02-08 12:14:18,25,29,1245,4419
2023-02-08 12:14:20,25,30,1245,4419
2023-02-08 12:14:48,25,34,1245,4419
2023-02-08 12:14:48,25,33,1245,4419
2023-02-08 12:14:48,27,33,1245,4419
2023-02-08 12:15:19,25,33,1245,4419
2023-02-08 12:15:19,8,33,1245,4419
2023-02-08 12:15:20,28,33,1245,4419
2023-02-08 12:15:49,28,34,1245,4419
2023-02-08 12:16:19,28,35,1245,4419
2023-02-08 12:16:20,28,33,1245,4419
2023-02-08 12:16:36,28,32,1245,4419
2023-02-08 12:16:48,26,32,1245,4419
2023-02-08 12:16:49,25,32,1245,4419
2023-02-08 12:16:49,27,32,1245,4419
2023-02-08 12:17:11,27,31,1245,4419
2023-02-08 12:17:18,26,31,1245,4419
2023-02-08 12:17:19,26,30,1245,4419
2023-02-08 12:17:47,24,30,1245,4419
2023-02-08 12:17:47,22,30,1245,4419
2023-02-08 12:17:47,8,30,1245,4419
2023-02-08 12:17:48,23,30,1245,4419
2023-02-08 12:17:48,25,30,1245,4419
2023-02-08 12:18:08,25,29,1245,4419
2023-02-08 12:18:13,25,30,1245,4419
2023-02-08 12:18:15,25,29,1245,4419
2023-02-08 12:18:23,25,28,1245,4419
2023-02-08 12:18:47,23,28,1245,4419
2023-02-08 12:18:48,8,28,1245,4419
2023-02-08 12:18:48,20,28,1245,4419
2023-02-08 12:18:48,22,28,1245,4419
2023-02-08 12:18:48,24,28,1245,4419
2023-02-08 12:20:13,24,27,1245,4419
2023-02-08 12:20:17,24,26,1245,4419
2023-02-08 12:20:49,22,26,1245,4419
2023-02-08 12:20:50,8,26,1245,4419
2023-02-08 12:20:50,23,26,1245,4419
2023-02-08 12:21:31,23,25,1245,4419
2023-02-08 12:21:33,23,24,1245,4419
2023-02-08 12:21:48,21,24,1245,4419
2023-02-08 12:21:48,22,24,1245,4419
2023-02-08 12:22:08,22,23,1245,4419
2023-02-08 12:22:12,22,23,1225,4439
2023-02-08 12:22:17,20,23,1225,4439
2023-02-08 12:22:17,18,23,1225,4439
2023-02-08 12:22:18,19,23,1225,4439
2023-02-08 12:22:18,21,23,1225,4439
2023-02-08 12:22:37,21,25,1225,4459
2023-02-08 12:22:46,19,25,1225,4459
2023-02-08 12:22:46,20,25,1225,4459
2023-02-08 12:24:46,19,25,1225,4459
2023-02-08 12:24:46,20,25,1225,4459
2023-02-08 12:25:09,21,25,1225,4459
2023-02-08 12:25:11,22,25,1225,4459
2023-02-08 12:25:40,23,25,1225,4459
2023-02-08 12:25:47,23,27,1225,4459
2023-02-08 12:25:49,24,27,1225,4459
2023-02-08 12:26:16,24,29,1225,4459
2023-02-08 12:26:16,24,28,1225,4459
2023-02-08 12:26:18,23,28,1225,4459
2023-02-08 12:26:45,23,27,1225,4459
2023-02-08 12:27:03,24,27,1225,4459
2023-02-08 12:27:18,24,28,1225,4459
2023-02-08 12:27:27,23,28,1225,4459
2023-02-08 12:27:48,23,27,1225,4459
2023-02-08 12:28:11,22,27,1225,4459
2023-02-08 12:28:46,22,26,1225,4459
2023-02-08 12:28:59,21,26,1225,4459
2023-02-08 12:29:21,22,26,1225,4459
2023-02-08 12:29:46,22,28,1225,4459
2023-02-08 12:29:46,22,27,1225,4459
2023-02-08 12:30:11,22,26,1225,4459
2023-02-08 12:30:23,20,26,1225,4459
2023-02-08 12:30:24,21,26,1225,4459
2023-02-08 12:30:33,21,25,1225,4459
2023-02-08 12:31:17,19,25,1225,4459
2023-02-08 12:31:18,20,25,1225,4459
2023-02-08 12:31:41,20,24,1225,4459
2023-02-08 12:31:44,20,25,1225,4459
2023-02-08 12:31:48,20,24,1225,4459
2023-02-08 12:32:19,19,24,1225,4459
2023-02-08 12:32:58,19,23,1225,4459
2023-02-08 12:33:32,19,24,1225,4459
2023-02-08 12:33:41,20,24,1225,4459
2023-02-08 12:33:45,21,24,1225,4459
2023-02-08 12:33:47,21,23,1225,4459
2023-02-08 12:34:07,22,23,1225,4459
2023-02-08 12:34:09,22,23,1245,4479
2023-02-08 12:34:18,22,27,1245,4479
2023-02-08 12:34:19,22,26,1245,4479
2023-02-08 12:34:28,24,26,1245,4479
2023-02-08 12:34:51,24,28,1245,4479
2023-02-08 12:34:52,23,28,1245,4479
2023-02-08 12:34:52,26,28,1245,4479
2023-02-08 12:35:11,23,28,1245,4479
2023-02-08 12:35:20,23,30,1265,4499
2023-02-08 12:35:20,25,30,1265,4499
2023-02-08 12:35:48,27,30,1265,4499
2023-02-08 12:35:48,27,32,1265,4499
2023-02-08 12:35:50,27,30,1265,4499
2023-02-08 12:36:05,27,31,1265,4499
2023-02-08 12:36:09,27,30,1265,4499
2023-02-08 12:36:18,25,30,1265,4499
2023-02-08 12:36:18,25,29,1265,4499
2023-02-08 12:36:18,11,29,1265,4499
2023-02-08 12:36:19,26,29,1265,4499
2023-02-08 12:36:48,23,29,1265,4499
2023-02-08 12:36:48,25,29,1265,4499
2023-02-08 12:37:10,25,28,1265,4499
2023-02-08 12:37:35,25,29,1265,4499
2023-02-08 12:37:48,23,29,1265,4499
2023-02-08 12:37:49,21,29,1265,4499
2023-02-08 12:37:49,11,29,1265,4499
2023-02-08 12:37:50,24,29,1265,4499
2023-02-08 12:38:08,24,28,1265,4499
2023-02-08 12:38:14,24,29,1265,4499
2023-02-08 12:38:15,24,28,1265,4499
2023-02-08 12:38:17,22,28,1265,4499
2023-02-08 12:38:18,25,28,1265,4499
2023-02-08 12:38:27,25,29,1265,4499
2023-02-08 12:38:29,25,28,1265,4499
2023-02-08 12:38:37,25,29,1265,4499
2023-02-08 12:38:47,23,29,1265,4499
2023-02-08 12:38:47,24,29,1265,4499
2023-02-08 12:38:51,24,30,1265,4499
2023-02-08 12:39:15,24,30,1376,4610
2023-02-08 12:39:18,24,31,1376,4610
2023-02-08 12:39:18,26,31,1376,4610
2023-02-08 12:39:36,26,33,1720,4954
2023-02-08 12:39:47,25,33,1720,4954
2023-02-08 12:39:47,29,33,1720,4954
2023-02-08 12:39:48,29,35,1720,4954
2023-02-08 12:40:24,11,35,1720,4954
2023-02-08 12:40:25,28,35,1720,4954
2023-02-08 12:40:26,30,35,1720,4954
2023-02-08 12:40:49,30,36,1720,4954
2023-02-08 12:41:18,29,36,1720,4954
2023-02-08 12:41:19,31,36,1720,4954
2023-02-08 12:41:20,31,37,1720,4954
2023-02-08 12:41:43,31,36,1720,4954
2023-02-08 12:41:47,32,36,1720,4954
2023-02-08 12:42:13,32,37,1720,4954
2023-02-08 12:42:20,30,37,1720,4954
2023-02-08 12:42:21,28,37,1720,4954
2023-02-08 12:42:21,28,36,1720,4954
2023-02-08 12:42:22,11,36,1720,4954
2023-02-08 12:42:22,31,36,1720,4954
2023-02-08 12:42:47,31,37,1720,4954
2023-02-08 12:43:57,31,36,1720,4954
2023-02-08 12:44:03,31,37,1720,4954
2023-02-08 12:44:05,31,36,1720,4954
2023-02-08 12:44:09,31,37,1720,4954
2023-02-08 12:44:11,31,36,1720,4954
2023-02-08 12:44:14,31,37,1720,4954
2023-02-08 12:44:38,31,36,1720,4954
2023-02-08 12:44:40,31,35,1720,4954
2023-02-08 12:44:48,31,34,1720,4954
2023-02-08 12:45:05,31,33,1720,4954
2023-02-08 12:45:10,31,32,1720,4954
2023-02-08 12:45:16,31,33,1720,4954
2023-02-08 12:45:20,29,33,1720,4954
2023-02-08 12:45:20,27,33,1720,4954
2023-02-08 12:45:20,11,33,1720,4954
2023-02-08 12:45:21,26,33,1720,4954
2023-02-08 12:45:21,30,33,1720,4954
2023-02-08 12:45:33,30,32,1720,4954
2023-02-08 12:45:38,30,33,1720,4954
2023-02-08 12:45:47,28,33,1720,4954
2023-02-08 12:45:49,27,33,1720,4954
2023-02-08 12:45:49,29,33,1720,4954
2023-02-08 12:45:53,29,32,1720,4954
2023-02-08 12:45:57,29,31,1720,4954
2023-02-08 12:46:18,27,31,1720,4954
2023-02-08 12:46:19,25,31,1720,4954
2023-02-08 12:46:19,28,31,1720,4954
2023-02-08 12:46:40,28,32,1720,4954
2023-02-08 12:46:47,26,32,1720,4954
2023-02-08 12:46:48,27,32,1720,4954
2023-02-08 12:47:16,24,32,1720,4954
2023-02-08 12:47:16,26,32,1720,4954
2023-02-08 12:47:16,28,32,1720,4954
2023-02-08 12:48:13,28,30,1720,4954
2023-02-08 12:48:13,28,32,1720,4954
2023-02-08 12:48:13,28,31,1720,4954
2023-02-08 12:48:17,28,30,1720,4954
2023-02-08 12:48:18,11,30,1720,4954
2023-02-08 12:48:18,11,31,1720,4954
2023-02-08 12:48:19,27,31,1720,4954
2023-02-08 12:48:42,27,30,1720,4954
2023-02-08 12:48:45,27,31,1720,4954
2023-02-08 12:49:04,27,32,1720,4954
2023-02-08 12:49:04,27,29,1720,4954
2023-02-08 12:49:46,25,29,1720,4954
2023-02-08 12:49:46,26,29,1720,4954
2023-02-08 12:50:25,26,30,1720,4954
2023-02-08 12:50:25,26,27,1720,4954
2023-02-08 12:50:48,22,27,1720,4954
2023-02-08 12:50:48,11,27,1720,4954
2023-02-08 12:50:49,25,27,1720,4954
2023-02-08 12:52:05,25,27,1680,4994
2023-02-08 12:52:05,25,30,1680,4994
2023-02-08 12:52:05,25,28,1680,4994
2023-02-08 12:52:21,24,28,1680,4994
2023-02-08 12:52:48,22,28,1680,4994
2023-02-08 12:52:50,23,28,1680,4994
2023-02-08 12:53:22,23,27,1680,4994
2023-02-08 12:53:23,23,28,1680,4994
2023-02-08 12:54:17,23,29,1680,4994
2023-02-08 12:54:18,25,29,1680,4994
2023-02-08 12:54:34,25,28,1680,4994
2023-02-08 12:54:44,25,30,1680,4994
2023-02-08 12:54:45,25,29,1680,4994
2023-02-08 12:54:46,22,29,1680,4994
2023-02-08 12:54:48,24,29,1680,4994
2023-02-08 12:55:12,24,28,1680,4994
2023-02-08 12:56:04,24,29,1680,4994
2023-02-08 12:56:47,24,30,1680,4994
2023-02-08 12:56:48,25,30,1680,4994
2023-02-08 12:56:54,25,29,1680,4994
2023-02-08 12:57:00,25,28,1680,4994
2023-02-08 12:57:19,23,28,1680,4994
2023-02-08 12:57:19,24,28,1680,4994
2023-02-08 12:57:37,24,27,1680,4994
2023-02-08 12:57:47,24,28,1680,4994
2023-02-08 12:57:48,23,28,1680,4994
2023-02-08 12:57:50,23,27,1680,4994
2023-02-08 12:57:59,23,28,1680,4994
2023-02-08 12:58:22,23,30,1680,4994
2023-02-08 12:58:22,22,30,1680,4994
2023-02-08 12:58:23,22,29,1680,4994
2023-02-08 12:58:23,22,27,1680,4994
2023-02-08 12:58:48,22,29,1680,4994
2023-02-08 12:58:49,24,29,1680,4994
2023-02-08 12:58:53,24,28,1680,4994
2023-02-08 12:59:15,24,27,1680,4994
2023-02-08 12:59:18,22,27,1680,4994
2023-02-08 12:59:19,21,27,1680,4994
2023-02-08 12:59:19,23,27,1680,4994
2023-02-08 12:59:34,23,26,1680,4994
2023-02-08 12:59:36,23,25,1680,4994
2023-02-08 12:59:46,21,25,1680,4994
2023-02-08 12:59:47,22,25,1680,4994
2023-02-08 13:00:20,22,24,1680,4994
2023-02-08 13:00:26,22,25,1680,4994
2023-02-08 13:00:26,20,25,1680,4994
2023-02-08 13:00:26,18,25,1680,4994
2023-02-08 13:00:26,21,25,1680,4994
2023-02-08 13:01:13,21,26,1680,4994
2023-02-08 13:01:42,21,23,1680,4994
2023-02-08 13:01:43,21,22,1680,4994
2023-02-08 13:01:44,21,23,1680,4994
2023-02-08 13:01:45,21,22,1680,4994
2023-02-08 13:01:46,21,23,1680,4994
2023-02-08 13:01:50,17,23,1680,4994
2023-02-08 13:01:50,16,23,1680,4994
2023-02-08 13:01:50,22,23,1680,4994
2023-02-08 13:01:52,22,23,1660,5014
2023-02-08 13:01:55,22,26,1660,5014
2023-02-08 13:01:58,22,24,1660,5014
2023-02-08 13:01:59,22,26,1660,5014
2023-02-08 13:02:19,20,26,1660,5014
2023-02-08 13:02:19,20,23,1660,5014
2023-02-08 13:02:30,19,23,1660,5014
2023-02-08 13:02:47,19,24,1660,5014
2023-02-08 13:02:48,18,24,1660,5014
2023-02-08 13:02:48,20,24,1660,5014
2023-02-08 13:03:20,18,24,1660,5014
2023-02-08 13:03:20,19,24,1660,5014
2023-02-08 13:03:20,19,23,1660,5014
2023-02-08 13:04:17,19,24,1660,5014
2023-02-08 13:04:18,18,24,1660,5014
2023-02-08 13:04:18,19,24,1660,5014
2023-02-08 13:04:48,18,24,1660,5014
2023-02-08 13:04:48,18,23,1660,5014
2023-02-08 13:05:20,19,23,1660,5014
2023-02-08 13:05:36,20,23,1660,5014
2023-02-08 13:05:41,20,25,2020,5374
2023-02-08 13:05:49,20,24,2020,5374
2023-02-08 13:05:51,22,24,2020,5374
2023-02-08 13:06:03,20,24,2020,5374
2023-02-08 13:06:17,20,26,2020,5374
2023-02-08 13:06:18,20,28,2020,5374
2023-02-08 13:06:18,20,27,2020,5374
2023-02-08 13:06:19,22,27,2020,5374
2023-02-08 13:06:23,22,26,2020,5374
2023-02-08 13:06:47,19,26,2020,5374
2023-02-08 13:06:47,21,26,2020,5374
2023-02-08 13:06:52,21,24,2020,5374
2023-02-08 13:06:55,21,22,2020,5374
2023-02-08 13:06:59,21,22,2020,5394
2023-02-08 13:07:17,19,22,2020,5394
2023-02-08 13:07:36,19,24,2020,5394
2023-02-08 13:07:50,19,21,2020,5394
2023-02-08 13:07:51,17,21,2020,5394
2023-02-08 13:08:12,16,21,2020,5394
2023-02-08 13:08:46,16,20,2020,5394
2023-02-08 13:09:16,16,22,2020,5394
2023-02-08 13:09:17,16,19,2020,5394
2023-02-08 13:09:44,15,19,2020,5394
2023-02-08 13:09:44,17,19,2020,5394
2023-02-08 13:09:47,17,20,2020,5394
2023-02-08 13:10:00,18,20,2020,5394
2023-02-08 13:10:25,18,22,2020,5394
2023-02-08 13:10:25,17,22,2020,5394
2023-02-08 13:10:26,19,22,2020,5394
2023-02-08 13:10:48,19,24,2020,5394
2023-02-08 13:10:48,19,26,2020,5394
2023-02-08 13:10:49,19,25,2020,5394
2023-02-08 13:10:49,19,23,2020,5394
2023-02-08 13:10:51,20,23,2020,5394
2023-02-08 13:10:53,21,23,2020,5394
2023-02-08 13:10:54,20,23,2020,5394
2023-02-08 13:11:19,20,25,2020,5394
2023-02-08 13:11:46,19,25,2020,5394
2023-02-08 13:11:47,19,23,2020,5394
2023-02-08 13:12:19,18,23,2020,5394
2023-02-08 13:12:49,17,23,2020,5394
2023-02-08 13:12:49,17,24,2020,5394
2023-02-08 13:12:50,17,22,2020,5394
2023-02-08 13:13:19,17,23,2020,5394
2023-02-08 13:13:19,17,21,2020,5394
2023-02-08 13:13:49,17,23,2020,5394
2023-02-08 13:13:49,17,24,2020,5394
2023-02-08 13:13:49,17,22,2020,5394
2023-02-08 13:13:58,18,22,2020,5394
2023-02-08 13:13:59,19,22,2020,5394
2023-02-08 13:14:20,21,22,2020,5394
2023-02-08 13:14:46,21,24,2020,5394
2023-02-08 13:14:46,21,26,2020,5394
2023-02-08 13:14:46,21,25,2020,5394
2023-02-08 13:15:08,20,25,2020,5394
2023-02-08 13:15:24,20,24,2020,5394
2023-02-08 13:15:29,20,25,2020,5394
2023-02-08 13:15:49,20,26,2020,5394
2023-02-08 13:15:49,19,26,2020,5394
2023-02-08 13:15:50,19,24,2020,5394
2023-02-08 13:15:53,19,22,2020,5394
2023-02-08 13:16:19,17,22,2020,5394
2023-02-08 13:16:19,20,22,2020,5394
2023-02-08 13:16:23,20,23,2020,5394
2023-02-08 13:16:47,20,25,2020,5394
2023-02-08 13:16:56,21,25,2020,5394
2023-02-08 13:16:57,22,25,2020,5394
2023-02-08 13:17:07,20,25,2020,5394
2023-02-08 13:17:08,23,25,2020,5394
2023-02-08 13:17:25,24,25,2020,5394
2023-02-08 13:17:25,24,25,2020,5414
2023-02-08 13:17:26,23,25,2020,5414
2023-02-08 13:17:49,23,27,2020,5414
2023-02-08 13:18:10,22,27,2020,5414
2023-02-08 13:18:16,21,27,2020,5414
2023-02-08 13:18:16,23,27,2020,5414
2023-02-08 13:18:47,22,27,2020,5414
2023-02-08 13:19:16,20,27,2020,5414
2023-02-08 13:19:17,20,26,2020,5414
2023-02-08 13:19:18,21,26,2020,5414
2023-02-08 13:19:27,21,25,2020,5414
2023-02-08 13:19:31,21,26,2020,5414
2023-02-08 13:19:45,21,25,2020,5414
2023-02-08 13:19:47,20,25,2020,5414
2023-02-08 13:20:27,20,23,2020,5414
2023-02-08 13:20:34,20,25,2020,5414
2023-02-08 13:20:49,20,24,2020,5414
2023-02-08 13:20:50,19,24,2020,5414
2023-02-08 13:21:18,20,24,2020,5414
2023-02-08 13:21:32,21,24,2020,5414
2023-02-08 13:21:39,20,24,2020,5414
2023-02-08 13:21:48,20,25,2020,5414
2023-02-08 13:21:48,21,25,2020,5414
2023-02-08 13:21:52,21,26,2020,5414
2023-02-08 13:22:11,21,25,2020,5414
2023-02-08 13:22:30,21,23,2020,5414
2023-02-08 13:22:39,21,25,2020,5414
2023-02-08 13:22:42,21,23,2020,5414
2023-02-08 13:22:47,19,23,2020,5414
2023-02-08 13:22:47,20,23,2020,5414
2023-02-08 13:23:19,18,23,2020,5414
2023-02-08 13:23:49,17,23,2020,5414
2023-02-08 13:23:49,19,23,2020,5414
2023-02-08 13:23:55,19,21,2020,5414
2023-02-08 13:24:04,19,23,2020,5414
2023-02-08 13:24:05,19,21,2020,5414
2023-02-08 13:24:16,17,21,2020,5414
2023-02-08 13:24:17,16,21,2020,5414
2023-02-08 13:24:17,18,21,2020,5414
2023-02-08 13:24:48,15,21,2020,5414
2023-02-08 13:24:48,17,21,2020,5414
2023-02-08 13:24:49,17,22,2020,5414
2023-02-08 13:24:57,17,21,2020,5414
2023-02-08 13:25:11,17,22,2020,5414
2023-02-08 13:25:19,15,22,2020,5414
2023-02-08 13:25:20,18,22,2020,5414
2023-02-08 13:25:47,18,23,2020,5414
2023-02-08 13:26:20,17,23,2020,5414
2023-02-08 13:26:20,19,23,2020,5414
2023-02-08 13:26:47,17,23,2020,5414
2023-02-08 13:26:47,18,23,2020,5414
2023-02-08 13:26:56,19,23,2020,5414
2023-02-08 13:27:08,22,23,2020,5414
2023-02-08 13:27:09,22,23,2040,5434
2023-02-08 13:27:11,23,25,2459,5853
2023-02-08 13:27:43,20,25,2459,5853
2023-02-08 13:27:47,22,25,2459,5853
2023-02-08 13:27:48,23,25,2459,5853
2023-02-08 13:27:48,23,28,2459,5853
2023-02-08 13:27:49,23,30,2459,5853
2023-02-08 13:27:50,23,29,2459,5853
2023-02-08 13:28:17,27,29,2459,5853
2023-02-08 13:28:26,27,31,2459,5853
2023-02-08 13:28:27,27,28,2459,5853
2023-02-08 13:28:43,27,31,2459,5853
2023-02-08 13:28:44,27,30,2459,5853
2023-02-08 13:28:47,26,30,2459,5853
2023-02-08 13:29:00,26,31,2459,5853
2023-02-08 13:29:15,24,31,2459,5853
2023-02-08 13:29:16,25,31,2459,5853
2023-02-08 13:29:16,27,31,2459,5853
2023-02-08 13:29:48,28,31,2459,5853
2023-02-08 13:30:12,28,33,2459,5853
2023-02-08 13:30:20,28,32,2459,5853
2023-02-08 13:30:48,26,32,2459,5853
2023-02-08 13:30:49,27,32,2459,5853
2023-02-08 13:30:49,29,32,2459,5853
2023-02-08 13:30:59,29,34,2459,5853
2023-02-08 13:31:01,29,35,2459,5853
2023-02-08 13:31:14,30,35,2459,5853
2023-02-08 13:31:48,32,35,2459,5853
2023-02-08 13:32:18,32,37,2459,5853
2023-02-08 13:32:24,32,36,2459,5853
2023-02-08 13:32:26,32,37,2459,5853
2023-02-08 13:32:48,31,37,2459,5853
2023-02-08 13:32:48,33,37,2459,5853
2023-02-08 13:32:49,33,36,2459,5853
2023-02-08 13:32:52,33,37,2459,5853
2023-02-08 13:33:05,33,36,2459,5853
2023-02-08 13:33:06,33,35,2459,5853
2023-02-08 13:33:47,31,35,2459,5853
2023-02-08 13:33:48,32,35,2459,5853
2023-02-08 13:34:23,32,37,2459,5853
2023-02-08 13:34:46,33,37,2459,5853
2023-02-08 13:34:59,33,36,2459,5853
2023-02-08 13:35:01,33,37,2459,5853
2023-02-08 13:35:48,31,37,2459,5853
2023-02-08 13:35:48,32,37,2459,5853
2023-02-08 13:35:49,34,37,2459,5853
2023-02-08 13:35:49,34,36,2459,5853
2023-02-08 13:36:03,34,35,2459,5853
2023-02-08 13:36:04,34,35,2439,5873
2023-02-08 13:36:05,34,37,2439,5873
2023-02-08 13:36:06,34,35,2439,5873
2023-02-08 13:36:10,34,37,2439,5873
2023-02-08 13:36:10,34,35,2439,5873
2023-02-08 13:36:11,34,37,2439,5873
2023-02-08 13:36:18,32,37,2439,5873
2023-02-08 13:36:46,30,37,2439,5873
2023-02-08 13:36:46,31,37,2439,5873
2023-02-08 13:36:46,31,36,2439,5873
2023-02-08 13:37:27,31,35,2439,5873
2023-02-08 13:37:34,31,36,2439,5873
2023-02-08 13:37:36,31,35,2439,5873
2023-02-08 13:37:40,31,36,2439,5873
2023-02-08 13:37:46,30,36,2439,5873
2023-02-08 13:37:47,30,37,2439,5873
2023-02-08 13:37:47,30,36,2439,5873
2023-02-08 13:37:53,32,36,2439,5873
2023-02-08 13:37:57,30,36,2439,5873
2023-02-08 13:38:16,30,37,2439,5873
2023-02-08 13:38:18,31,37,2439,5873
2023-02-08 13:38:37,32,37,2439,5873
2023-02-08 13:38:48,32,36,2439,5873
2023-02-08 13:39:13,34,36,2439,5873
2023-02-08 13:39:13,34,36,2459,5893
2023-02-08 13:39:17,34,37,2459,5893
2023-02-08 13:39:45,34,39,2459,5893
2023-02-08 13:39:45,34,41,2459,5893
2023-02-08 13:39:46,36,41,2459,5893
2023-02-08 13:39:47,37,41,2459,5893
2023-02-08 13:39:55,36,41,2459,5893
2023-02-08 13:40:24,36,40,2459,5893
2023-02-08 13:40:25,38,40,2459,5893
2023-02-08 13:40:29,38,39,2459,5893
2023-02-08 13:40:38,38,41,2459,5893
2023-02-08 13:40:48,34,41,2459,5893
2023-02-08 13:40:48,33,41,2459,5893
2023-02-08 13:40:49,35,41,2459,5893
2023-02-08 13:40:50,35,40,2459,5893
2023-02-08 13:41:18,35,41,2459,5893
2023-02-08 13:41:19,37,41,2459,5893
2023-02-08 13:41:46,37,42,2459,5893
2023-02-08 13:41:49,37,41,2459,5893
2023-02-08 13:42:04,37,40,2459,5893
2023-02-08 13:42:07,37,41,2459,5893
2023-02-08 13:42:09,37,40,2459,5893
2023-02-08 13:42:09,37,41,2459,5893
2023-02-08 13:42:10,37,40,2459,5893
2023-02-08 13:42:24,37,41,2459,5893
2023-02-08 13:42:24,37,39,2459,5893
2023-02-08 13:42:48,35,39,2459,5893
2023-02-08 13:42:51,35,40,2459,5893
2023-02-08 13:43:16,35,41,2459,5893
2023-02-08 13:43:16,36,41,2459,5893
2023-02-08 13:43:46,38,41,2459,5893
2023-02-08 13:44:03,38,43,2459,5893
2023-02-08 13:44:13,38,42,2459,5893
2023-02-08 13:44:18,37,42,2459,5893
2023-02-08 13:44:19,37,41,2459,5893
2023-02-08 13:44:30,37,40,2459,5893
2023-02-08 13:44:35,37,41,2459,5893
2023-02-08 13:44:35,37,39,2459,5893
2023-02-08 13:44:37,37,41,2459,5893
2023-02-08 13:44:37,37,38,2459,5893
2023-02-08 13:44:47,35,38,2459,5893
2023-02-08 13:44:47,34,38,2459,5893
2023-02-08 13:44:47,36,38,2459,5893
2023-02-08 13:44:54,36,40,2459,5893
2023-02-08 13:45:11,36,41,2459,5893
2023-02-08 13:45:19,34,41,2459,5893
2023-02-08 13:45:19,33,41,2459,5893
2023-02-08 13:45:19,33,40,2459,5893
2023-02-08 13:45:20,35,40,2459,5893
2023-02-08 13:45:44,35,39,2459,5893
2023-02-08 13:45:48,36,39,2459,5893
2023-02-08 13:46:17,34,39,2459,5893
2023-02-08 13:46:17,35,39,2459,5893
2023-02-08 13:46:34,35,38,2459,5893
2023-02-08 13:46:49,35,37,2459,5893
2023-02-08 13:46:51,35,38,2459,5893
2023-02-08 13:46:52,35,37,2459,5893
2023-02-08 13:46:59,35,38,2459,5893
2023-02-08 13:47:18,32,38,2459,5893
2023-02-08 13:47:18,34,38,2459,5893
2023-02-08 13:48:27,34,40,2459,5893
2023-02-08 13:48:38,35,40,2459,5893
2023-02-08 13:49:18,36,40,2459,5893
2023-02-08 13:49:18,38,40,2459,5893
2023-02-08 13:49:18,38,41,2459,5893
2023-02-08 13:49:47,36,41,2459,5893
2023-02-08 13:49:47,37,41,2459,5893
2023-02-08 13:50:20,37,40,2459,5893
2023-02-08 13:50:24,35,40,2459,5893
2023-02-08 13:50:24,33,40,2459,5893
2023-02-08 13:50:24,36,40,2459,5893
2023-02-08 13:51:02,36,42,2459,5893
2023-02-08 13:51:05,37,42,2459,5893
2023-02-08 13:51:17,37,41,2459,5893
2023-02-08 13:51:19,36,41,2459,5893
2023-02-08 13:51:34,36,40,2459,5893
2023-02-08 13:51:47,37,40,2459,5893
2023-02-08 13:52:07,37,39,2459,5893
2023-02-08 13:52:09,37,40,2459,5893
2023-02-08 13:52:18,35,40,2459,5893
2023-02-08 13:52:41,35,41,2459,5893
2023-02-08 13:52:47,35,43,2459,5893
2023-02-08 13:52:48,35,42,2459,5893
2023-02-08 13:52:48,37,42,2459,5893
2023-02-08 13:53:16,36,42,2459,5893
2023-02-08 13:53:16,36,43,2459,5893
2023-02-08 13:53:16,38,43,2459,5893
2023-02-08 13:53:18,38,42,2459,5893
2023-02-08 13:53:24,38,41,2459,5893
2023-02-08 13:53:47,37,41,2459,5893
2023-02-08 13:54:06,37,43,2459,5893
2023-02-08 13:54:06,37,40,2459,5893
2023-02-08 13:54:18,33,40,2459,5893
2023-02-08 13:54:18,36,40,2459,5893
2023-02-08 13:54:19,36,42,2459,5893
2023-02-08 13:54:30,36,41,2459,5893
2023-02-08 13:54:48,37,41,2459,5893
2023-02-08 13:55:39,37,40,2459,5893
2023-02-08 13:56:15,37,38,2459,5893
2023-02-08 13:56:16,37,40,2459,5893
2023-02-08 13:56:17,37,40,2439,5913
2023-02-08 13:56:18,33,40,2439,5913
2023-02-08 13:56:18,36,40,2439,5913
2023-02-08 13:56:41,36,38,2439,5913
2023-02-08 13:56:49,34,38,2439,5913
2023-02-08 13:56:49,32,38,2439,5913
2023-02-08 13:56:50,33,38,2439,5913
2023-02-08 13:56:56,33,39,2439,5913
2023-02-08 13:57:06,33,38,2439,5913
2023-02-08 13:58:19,33,40,2439,5913
2023-02-08 13:58:20,33,39,2439,5913
2023-02-08 13:58:21,33,37,2439,5913
2023-02-08 13:58:39,35,37,2439,5913
2023-02-08 13:58:45,33,37,2439,5913
2023-02-08 13:58:48,33,38,2439,5913
2023-02-08 13:59:08,35,38,2439,5913
2023-02-08 13:59:10,33,38,2439,5913
2023-02-08 13:59:17,33,40,2439,5913
2023-02-08 13:59:17,34,40,2439,5913
2023-02-08 13:59:34,34,38,2439,5913
2023-02-08 13:59:48,34,36,2439,5913
2023-02-08 13:59:55,34,38,2439,5913
2023-02-08 14:00:00,34,36,2439,5913
2023-02-08 14:00:21,34,38,2439,5913
2023-02-08 14:00:24,31,38,2439,5913
2023-02-08 14:00:25,31,37,2439,5913
2023-02-08 14:00:33,33,37,2439,5913
2023-02-08 14:00:45,35,37,2439,5913
2023-02-08 14:00:53,33,37,2439,5913
2023-02-08 14:01:19,33,39,2439,5913
2023-02-08 14:01:19,33,40,2439,5913
2023-02-08 14:01:20,34,40,2439,5913
2023-02-08 14:01:24,35,40,2439,5913
2023-02-08 14:01:37,38,40,2439,5913
2023-02-08 14:01:47,38,42,2439,5913
2023-02-08 14:02:11,36,42,2439,5913
2023-02-08 14:02:11,37,42,2439,5913
2023-02-08 14:02:17,36,42,2439,5913
2023-02-08 14:02:18,35,42,2439,5913
2023-02-08 14:02:19,37,42,2439,5913
2023-02-08 14:02:32,37,40,2439,5913
2023-02-08 14:02:48,36,40,2439,5913
2023-02-08 14:03:01,36,38,2439,5913
2023-02-08 14:03:12,36,38,2439,5933
2023-02-08 14:03:17,34,38,2439,5933
2023-02-08 14:03:18,31,38,2439,5933
2023-02-08 14:03:18,29,38,2439,5933
2023-02-08 14:03:18,32,38,2439,5933
2023-02-08 14:03:19,33,38,2439,5933
2023-02-08 14:03:48,32,38,2439,5933
2023-02-08 14:03:49,32,36,2439,5933
2023-02-08 14:04:14,33,36,2439,5933
2023-02-08 14:04:17,32,36,2439,5933
2023-02-08 14:04:18,33,36,2439,5933
2023-02-08 14:04:39,34,36,2439,5933
2023-02-08 14:04:48,34,37,2439,5933
2023-02-08 14:05:02,32,37,2439,5933
2023-02-08 14:05:34,31,37,2439,5933
2023-02-08 14:05:46,31,35,2439,5933
2023-02-08 14:05:53,30,35,2439,5933
2023-02-08 14:06:00,31,35,2439,5933
2023-02-08 14:06:18,31,34,2439,5933
2023-02-08 14:06:19,32,34,2439,5933
2023-02-08 14:06:27,33,34,2439,5933
2023-02-08 14:06:32,32,34,2439,5933
2023-02-08 14:06:41,32,34,2459,5973
2023-02-08 14:06:46,32,38,2459,5973
2023-02-08 14:06:47,32,37,2459,5973
2023-02-08 14:07:03,31,37,2459,5973
2023-02-08 14:07:16,32,37,2459,5973
2023-02-08 14:07:17,32,39,2459,5973
2023-02-08 14:07:18,34,39,2459,5973
2023-02-08 14:07:46,35,39,2459,5973
2023-02-08 14:08:05,35,38,2459,5973
2023-02-08 14:08:12,35,39,2459,5973
2023-02-08 14:08:19,35,38,2459,5973
2023-02-08 14:08:24,35,37,2459,5973
2023-02-08 14:08:36,35,39,2459,5973
2023-02-08 14:08:36,35,36,2459,5973
2023-02-08 14:08:46,33,36,2459,5973
2023-02-08 14:08:47,30,36,2459,5973
2023-02-08 14:08:48,34,36,2459,5973
2023-02-08 14:09:06,34,35,2459,5973
2023-02-08 14:09:16,34,36,2459,5973
2023-02-08 14:09:17,34,36,2439,5993
2023-02-08 14:09:18,32,36,2439,5993
2023-02-08 14:09:18,33,36,2439,5993
2023-02-08 14:09:46,31,36,2439,5993
2023-02-08 14:10:03,31,34,2439,5993
2023-02-08 14:10:05,31,36,2439,5993
2023-02-08 14:10:48,31,34,2439,5993
2023-02-08 14:10:54,31,32,2439,5993
2023-02-08 14:11:17,29,32,2439,5993
2023-02-08 14:11:37,29,30,2439,5993
2023-02-08 14:11:46,27,30,2439,5993
2023-02-08 14:12:14,25,30,2193,6239
2023-02-08 14:12:18,24,30,2193,6239
2023-02-08 14:12:18,24,29,2193,6239
2023-02-08 14:12:47,26,29,2193,6239
2023-02-08 14:12:47,26,30,2193,6239
2023-02-08 14:13:03,26,31,2193,6239
2023-02-08 14:13:03,26,30,2193,6239
2023-02-08 14:13:19,25,30,2193,6239
2023-02-08 14:13:48,24,30,2193,6239
2023-02-08 14:13:48,24,29,2193,6239
2023-02-08 14:14:34,24,28,2193,6239
2023-02-08 14:14:42,24,29,2193,6239
2023-02-08 14:14:47,22,29,2193,6239
2023-02-08 14:14:47,23,29,2193,6239
2023-02-08 14:14:47,23,28,2193,6239
2023-02-08 14:15:46,23,25,2193,6239
2023-02-08 14:16:06,23,25,1863,6569
2023-02-08 14:16:14,21,25,1835,6597
2023-02-08 14:16:18,21,23,1835,6597
2023-02-08 14:16:18,21,25,1835,6597
2023-02-08 14:16:19,19,25,1835,6597
2023-02-08 14:16:20,17,25,1835,6597
2023-02-08 14:16:20,17,23,1835,6597
2023-02-08 14:16:21,17,25,1835,6597
2023-02-08 14:16:21,18,25,1835,6597
2023-02-08 14:16:21,18,23,1835,6597
2023-02-08 14:16:46,17,23,1835,6597
2023-02-08 14:16:47,17,22,1835,6597
2023-02-08 14:17:16,17,23,1835,6597
2023-02-08 14:17:17,17,21,1835,6597
2023-02-08 14:18:18,19,21,1835,6597
2023-02-08 14:18:21,19,22,1835,6597
2023-02-08 14:18:29,21,22,1835,6597
2023-02-08 14:18:33,19,22,1835,6597
2023-02-08 14:18:37,21,22,1835,6597
2023-02-08 14:18:43,19,22,1835,6597
2023-02-08 14:18:46,19,24,1835,6597
2023-02-08 14:18:46,19,26,1835,6597
2023-02-08 14:18:46,19,25,1835,6597
2023-02-08 14:18:46,20,25,1835,6597
2023-02-08 14:19:28,20,24,1835,6597
2023-02-08 14:19:32,20,25,1835,6597
2023-02-08 14:19:34,20,24,1835,6597
2023-02-08 14:19:48,18,24,1835,6597
2023-02-08 14:19:48,18,23,1835,6597
2023-02-08 14:20:09,19,23,1835,6597
2023-02-08 14:20:22,19,25,1835,6597
2023-02-08 14:20:23,19,26,1835,6597
2023-02-08 14:20:23,19,24,1835,6597
2023-02-08 14:20:23,19,22,1835,6597
2023-02-08 14:20:33,21,22,1835,6597
2023-02-08 14:20:38,21,22,1855,6617
2023-02-08 14:20:39,19,22,1855,6617
2023-02-08 14:20:47,19,24,1855,6617
2023-02-08 14:20:48,20,24,1855,6617
2023-02-08 14:21:03,21,24,1855,6617
2023-02-08 14:21:18,21,26,1855,6617
2023-02-08 14:21:18,23,26,1855,6617
2023-02-08 14:21:18,23,28,1855,6617
2023-02-08 14:21:29,23,27,1855,6617
2023-02-08 14:21:36,23,28,1855,6617
2023-02-08 14:22:00,23,27,1855,6617
2023-02-08 14:22:04,23,26,1855,6617
2023-02-08 14:22:16,24,26,1855,6617
2023-02-08 14:22:35,24,28,1855,6617
2023-02-08 14:22:46,24,27,1855,6617
2023-02-08 14:22:48,22,27,1855,6617
2023-02-08 14:23:11,22,26,1855,6617
2023-02-08 14:23:17,24,26,1855,6617
2023-02-08 14:23:25,24,28,1855,6617
2023-02-08 14:23:26,24,27,1855,6617
2023-02-08 14:23:27,24,28,1855,6617
2023-02-08 14:23:41,24,27,1855,6617
2023-02-08 14:23:48,23,27,1855,6617
2023-02-08 14:23:54,23,28,1855,6617
2023-02-08 14:23:54,23,26,1855,6617
2023-02-08 14:24:17,21,26,1855,6617
2023-02-08 14:24:17,19,26,1855,6617
2023-02-08 14:24:17,22,26,1855,6617
2023-02-08 14:24:31,22,27,1855,6617
2023-02-08 14:24:46,23,27,1855,6617
2023-02-08 14:24:46,23,28,1855,6617
2023-02-08 14:25:20,23,29,1855,6617
2023-02-08 14:25:21,24,29,1855,6617
2023-02-08 14:25:47,24,30,1855,6617
2023-02-08 14:25:47,25,30,1855,6617
2023-02-08 14:26:09,27,30,1855,6617
2023-02-08 14:26:17,27,32,1855,6617
2023-02-08 14:26:18,27,31,1855,6617
2023-02-08 14:26:31,26,31,1855,6617
2023-02-08 14:26:50,28,31,1855,6617
2023-02-08 14:27:04,28,30,1855,6617
2023-02-08 14:27:09,28,31,1855,6617
2023-02-08 14:27:16,26,31,1855,6617
2023-02-08 14:27:17,27,31,1855,6617
2023-02-08 14:27:32,27,32,1855,6617
2023-02-08 14:28:03,29,32,1855,6617
2023-02-08 14:28:22,29,34,1855,6617
2023-02-08 14:28:22,29,35,1855,6617
2023-02-08 14:28:48,30,35,1855,6617
2023-02-08 14:29:13,30,34,1855,6617
2023-02-08 14:29:31,30,35,1855,6617
2023-02-08 14:29:46,30,36,1855,6617
2023-02-08 14:29:47,29,36,1855,6617
2023-02-08 14:29:48,29,34,1855,6617
2023-02-08 14:30:24,30,34,1855,6617
2023-02-08 14:30:27,30,33,1855,6617
2023-02-08 14:30:32,30,32,1855,6617
2023-02-08 14:30:46,30,34,1855,6617
2023-02-08 14:30:48,26,31,1855,6617
2023-02-08 14:30:49,29,31,1855,6617
2023-02-08 14:31:10,29,33,1855,6617
2023-02-08 14:31:18,27,33,1855,6617
2023-02-08 14:31:18,26,33,1855,6617
2023-02-08 14:31:19,26,32,1855,6617
2023-02-08 14:31:19,27,32,1855,6617
2023-02-08 14:31:47,29,32,1855,6617
2023-02-08 14:31:47,29,33,1855,6617
2023-02-08 14:31:47,29,34,1855,6617
2023-02-08 14:32:17,27,34,1855,6617
2023-02-08 14:32:17,30,34,1855,6617
2023-02-08 14:32:47,30,35,1855,6617
2023-02-08 14:33:01,30,34,1855,6617
2023-02-08 14:33:07,30,33,1855,6617
2023-02-08 14:33:16,30,34,1855,6617
2023-02-08 14:33:23,30,33,1855,6617
2023-02-08 14:33:36,30,34,1855,6617
2023-02-08 14:33:46,28,34,1855,6617
2023-02-08 14:33:52,28,33,1855,6617
2023-02-08 14:34:15,28,32,1855,6617
2023-02-08 14:34:17,29,32,1855,6617
2023-02-08 14:34:28,29,34,1855,6617
2023-02-08 14:34:47,29,33,1855,6617
2023-02-08 14:34:56,28,33,1855,6617
2023-02-08 14:35:03,28,32,1855,6617
2023-02-08 14:35:20,30,32,1855,6617
2023-02-08 14:35:48,28,32,1855,6617
2023-02-08 14:36:01,28,33,1855,6617
2023-02-08 14:36:31,28,32,1855,6617
2023-02-08 14:36:35,28,31,1855,6617
2023-02-08 14:36:48,29,31,1855,6617
2023-02-08 14:37:17,27,31,1855,6617
2023-02-08 14:37:30,27,32,1855,6617
2023-02-08 14:37:47,27,33,1855,6617
2023-02-08 14:37:57,27,32,1855,6617
2023-02-08 14:38:12,27,31,1855,6617
2023-02-08 14:38:17,26,31,1855,6617
2023-02-08 14:38:17,28,31,1855,6617
2023-02-08 14:38:41,28,30,1855,6617
2023-02-08 14:38:46,26,30,1855,6617
2023-02-08 14:38:46,26,31,1855,6617
2023-02-08 14:38:57,26,30,1855,6617
2023-02-08 14:39:03,26,29,1855,6617
2023-02-08 14:39:28,26,31,1855,6617
2023-02-08 14:39:28,26,28,1855,6617
2023-02-08 14:39:49,24,28,1855,6617
2023-02-08 14:39:58,24,29,1855,6617
2023-02-08 14:40:17,24,28,1855,6617
2023-02-08 14:40:22,22,28,1855,6617
2023-02-08 14:40:22,23,28,1855,6617
2023-02-08 14:40:22,25,28,1855,6617
2023-02-08 14:40:36,25,30,1855,6617
2023-02-08 14:40:47,23,30,1855,6617
2023-02-08 14:40:47,23,28,1855,6617
2023-02-08 14:40:49,25,28,1855,6617
2023-02-08 14:40:51,25,30,2016,6778
2023-02-08 14:41:07,23,30,2016,6778
2023-02-08 14:41:08,27,30,2016,6778
2023-02-08 14:41:13,27,32,2191,6953
2023-02-08 14:41:17,23,32,2191,6953
2023-02-08 14:41:17,29,32,2191,6953
2023-02-08 14:41:47,29,34,2191,6953
2023-02-08 14:41:47,29,36,2191,6953
2023-02-08 14:41:48,30,36,2191,6953
2023-02-08 14:42:06,31,36,2191,6953
2023-02-08 14:42:09,33,36,2191,6953
2023-02-08 14:42:09,33,38,2372,7134
2023-02-08 14:42:11,30,38,2372,7134
2023-02-08 14:42:11,35,38,2372,7134
2023-02-08 14:42:13,35,38,2372,7135
2023-02-08 14:42:17,35,38,2514,7278
2023-02-08 14:42:46,35,40,2514,7278
2023-02-08 14:42:46,35,42,2514,7278
2023-02-08 14:42:47,38,42,2514,7278
2023-02-08 14:42:47,38,41,2514,7278
2023-02-08 14:42:47,38,42,2514,7278
2023-02-08 14:42:48,39,42,2514,7278
2023-02-08 14:42:49,39,43,2514,7278
2023-02-08 14:43:01,39,45,2663,7427
2023-02-08 14:43:03,37,45,2663,7427
2023-02-08 14:43:04,41,45,2663,7427
2023-02-08 14:43:20,44,45,2663,7427
2023-02-08 14:43:20,44,47,2663,7427
2023-02-08 14:43:21,46,47,2663,7427
2023-02-08 14:43:21,46,50,2663,7427
2023-02-08 14:43:36,46,49,2663,7427
2023-02-08 14:43:41,46,48,2663,7427
2023-02-08 14:43:42,46,50,2663,7427
2023-02-08 14:43:43,46,47,2663,7427
2023-02-08 14:43:48,48,50,2643,7447
2023-02-08 14:43:55,46,50,2478,7612
2023-02-08 14:44:00,46,48,2478,7612
2023-02-08 14:44:04,44,48,2419,7671
2023-02-08 14:44:17,41,48,2301,7789
2023-02-08 14:44:17,41,47,2301,7789
2023-02-08 14:44:22,41,46,2301,7789
2023-02-08 14:44:31,41,44,2301,7789
2023-02-08 14:44:42,41,46,2301,7789
2023-02-08 14:44:43,41,44,2301,7789
2023-02-08 14:44:46,39,44,2301,7789
2023-02-08 14:44:46,40,44,2301,7789
2023-02-08 14:44:55,40,45,2301,7789
2023-02-08 14:45:19,41,45,2301,7789
2023-02-08 14:45:21,41,47,2301,7789
2023-02-08 14:45:21,41,46,2301,7789
2023-02-08 14:45:23,41,44,2301,7789
2023-02-08 14:45:24,39,44,2301,7789
2023-02-08 14:45:49,39,46,2301,7789
2023-02-08 14:45:49,40,46,2301,7789
2023-02-08 14:46:10,41,46,2301,7789
2023-02-08 14:46:17,41,48,2301,7789
2023-02-08 14:46:18,41,47,2301,7789
2023-02-08 14:46:18,41,45,2301,7789
2023-02-08 14:46:43,40,45,2301,7789
2023-02-08 14:46:46,42,45,2301,7789
2023-02-08 14:46:46,42,46,2301,7789
2023-02-08 14:46:53,42,47,2301,7789
2023-02-08 14:47:19,41,47,2301,7789
2023-02-08 14:47:19,41,46,2301,7789
2023-02-08 14:47:46,41,48,2301,7789
2023-02-08 14:47:47,41,47,2301,7789
2023-02-08 14:48:04,43,47,2301,7789
2023-02-08 14:48:18,43,48,2301,7789
2023-02-08 14:48:28,45,48,2301,7789
2023-02-08 14:48:34,47,48,2301,7789
2023-02-08 14:48:44,45,48,2301,7789
2023-02-08 14:48:47,45,50,2301,7789
2023-02-08 14:48:55,47,50,2301,7789
2023-02-08 14:49:02,45,50,2301,7789
2023-02-08 14:49:17,43,50,2301,7789
2023-02-08 14:49:17,44,50,2301,7789
2023-02-08 14:49:17,46,50,2301,7789
2023-02-08 14:49:21,46,52,2301,7789
2023-02-08 14:50:16,46,50,2301,7789
2023-02-08 14:50:17,44,50,2151,7939
2023-02-08 14:50:50,44,48,2151,7939
2023-02-08 14:50:54,44,46,2151,7939
2023-02-08 14:51:05,42,46,1970,8120
2023-02-08 14:51:06,42,44,1970,8120
2023-02-08 14:51:22,40,44,1970,8120
2023-02-08 14:51:31,40,45,1970,8120
2023-02-08 14:51:48,40,44,1970,8120
2023-02-08 14:51:48,40,42,1970,8120
2023-02-08 14:51:49,37,42,1970,8120
2023-02-08 14:52:16,37,41,1970,8120
2023-02-08 14:52:27,39,41,1970,8120
2023-02-08 14:52:35,39,43,2109,8259
2023-02-08 14:53:17,38,43,2109,8259
2023-02-08 14:53:18,38,44,2109,8259
2023-02-08 14:53:36,39,44,2109,8259
2023-02-08 14:53:47,39,42,2109,8259
2023-02-08 14:53:48,37,42,2109,8259
2023-02-08 14:54:17,37,44,2109,8259
2023-02-08 14:54:17,37,43,2109,8259
2023-02-08 14:55:12,39,43,2109,8259
2023-02-08 14:55:13,41,43,2109,8259
2023-02-08 14:55:14,39,43,2109,8259
2023-02-08 14:55:16,39,45,2273,8423
2023-02-08 14:55:28,41,45,2273,8423
2023-02-08 14:55:34,39,45,2273,8423
2023-02-08 14:55:39,39,44,2273,8423
2023-02-08 14:55:40,37,44,2273,8423
2023-02-08 14:55:47,38,44,2273,8423
2023-02-08 14:55:47,40,44,2273,8423
2023-02-08 14:56:18,38,44,2273,8423
2023-02-08 14:56:18,37,44,2273,8423
2023-02-08 14:56:19,37,43,2273,8423
2023-02-08 14:56:24,37,42,2273,8423
2023-02-08 14:56:25,37,40,2273,8423
2023-02-08 14:56:28,37,38,2273,8423
2023-02-08 14:56:41,37,40,2273,8423
2023-02-08 14:56:49,35,40,2273,8423
2023-02-08 14:56:50,35,38,2273,8423
2023-02-08 14:56:50,34,38,2273,8423
2023-02-08 14:56:51,32,38,2273,8423
2023-02-08 14:57:16,33,38,2273,8423
2023-02-08 14:57:45,33,36,2273,8423
2023-02-08 14:58:12,33,38,2273,8423
2023-02-08 14:58:17,31,38,2273,8423
2023-02-08 14:58:17,31,37,2273,8423
2023-02-08 14:58:18,31,35,2273,8423
2023-02-08 14:58:19,30,35,2273,8423
2023-02-08 14:58:30,31,35,2273,8423
2023-02-08 14:58:57,30,35,2273,8423
2023-02-08 14:58:58,31,35,2273,8423
2023-02-08 14:58:59,30,35,2273,8423
2023-02-08 14:59:00,31,35,2273,8423
2023-02-08 14:59:02,30,35,2273,8423
2023-02-08 14:59:16,30,36,2273,8423
2023-02-08 14:59:17,32,36,2273,8423
2023-02-08 14:59:25,32,34,2273,8423
2023-02-08 14:59:43,32,36,2273,8423
2023-02-08 14:59:47,29,36,2273,8423
2023-02-08 14:59:48,29,34,2273,8423
2023-02-08 15:00:09,31,34,2273,8423
2023-02-08 15:00:13,29,34,2273,8423
2023-02-08 15:00:13,32,34,2273,8423
2023-02-08 15:00:24,32,36,2273,8423
2023-02-08 15:00:24,32,38,2273,8423
2023-02-08 15:00:24,32,35,2273,8423
2023-02-08 15:00:26,30,35,2273,8423
2023-02-08 15:00:27,31,35,2273,8423
2023-02-08 15:00:34,30,35,2273,8423
2023-02-08 15:00:35,31,35,2273,8423
2023-02-08 15:00:50,31,36,2273,8423
2023-02-08 15:01:39,34,36,2273,8423
2023-02-08 15:01:41,34,38,2413,8563
2023-02-08 15:01:48,31,34,2433,8583
2023-02-08 15:01:52,29,34,2433,8583
2023-02-08 15:01:52,29,38,2558,8708
2023-02-08 15:01:53,33,38,2558,8708
2023-02-08 15:02:11,29,38,2558,8708
2023-02-08 15:02:11,35,38,2558,8708
2023-02-08 15:02:13,35,42,2671,8821
2023-02-08 15:02:14,37,42,2671,8821
2023-02-08 15:02:15,37,44,2671,8821
2023-02-08 15:02:15,37,43,2671,8821
2023-02-08 15:02:18,37,44,2671,8821
2023-02-08 15:02:18,37,42,2671,8821
2023-02-08 15:02:19,36,42,2671,8821
2023-02-08 15:02:19,39,42,2671,8821
2023-02-08 15:02:24,36,42,2671,8821
2023-02-08 15:02:24,37,42,2671,8821
2023-02-08 15:02:47,39,42,2671,8821
2023-02-08 15:02:47,41,42,2671,8821
2023-02-08 15:02:48,41,44,2671,8821
2023-02-08 15:02:53,41,46,2671,8821
2023-02-08 15:02:53,41,43,2671,8821
2023-02-08 15:03:01,41,46,2671,8821
2023-02-08 15:03:06,41,45,2671,8821
2023-02-08 15:03:07,41,46,2671,8821
2023-02-08 15:03:15,41,45,2671,8821
2023-02-08 15:03:16,39,45,2671,8821
2023-02-08 15:03:16,40,45,2671,8821
2023-02-08 15:03:16,42,45,2671,8821
2023-02-08 15:03:24,42,44,2671,8821
2023-02-08 15:03:30,42,46,2671,8821
2023-02-08 15:03:30,40,46,2584,8908
2023-02-08 15:03:31,40,43,2584,8908
2023-02-08 15:03:33,40,42,2584,8908
2023-02-08 15:03:36,40,43,2584,8908
2023-02-08 15:03:37,40,41,2584,8908
2023-02-08 15:03:39,40,43,2584,8908
2023-02-08 15:03:39,40,43,2564,8928
2023-02-08 15:03:39,40,43,2564,8948
2023-02-08 15:03:40,40,46,2564,8948
2023-02-08 15:03:46,41,46,2564,8948
2023-02-08 15:03:47,41,48,2564,8948
2023-02-08 15:03:47,42,48,2564,8948
2023-02-08 15:03:59,44,48,2564,8948
2023-02-08 15:04:12,42,48,2564,8948
2023-02-08 15:04:12,45,48,2564,8948
2023-02-08 15:04:14,46,48,2564,8948
2023-02-08 15:04:15,47,48,2564,8948
2023-02-08 15:04:18,47,50,2564,8948
2023-02-08 15:04:19,47,49,2564,8948
2023-02-08 15:04:19,45,47,2564,8968
2023-02-08 15:04:50,46,47,2564,8968
2023-02-08 15:04:50,46,51,2564,8968
2023-02-08 15:04:56,46,52,2564,8968
2023-02-08 15:04:56,47,52,2564,8968
2023-02-08 15:04:58,49,52,2564,8968
2023-02-08 15:04:58,47,52,2564,8968
2023-02-08 15:05:13,49,52,2564,8968
2023-02-08 15:05:14,47,52,2564,8968
2023-02-08 15:05:16,49,52,2564,8968
2023-02-08 15:05:20,49,54,2564,8968
2023-02-08 15:05:20,47,54,2564,8968
2023-02-08 15:05:20,48,54,2564,8968
2023-02-08 15:05:21,49,54,2564,8968
2023-02-08 15:05:26,51,54,2564,8968
2023-02-08 15:05:31,53,54,2564,8968
2023-02-08 15:05:33,51,54,2564,8968
2023-02-08 15:05:35,53,54,2564,8968
2023-02-08 15:05:46,53,56,2564,8968
2023-02-08 15:05:46,53,58,2564,8968
2023-02-08 15:05:46,53,59,2564,8968
2023-02-08 15:06:23,55,59,2564,8968
2023-02-08 15:06:24,56,59,2564,8968
2023-02-08 15:06:24,56,61,2564,8968
2023-02-08 15:06:35,58,61,2564,8968
2023-02-08 15:06:47,58,63,2564,8968
2023-02-08 15:06:47,58,64,2564,8968
2023-02-08 15:07:02,58,62,2564,8968
2023-02-08 15:07:04,56,58,2445,9087
2023-02-08 15:07:18,57,58,2445,9087
2023-02-08 15:07:18,59,62,2425,9107
2023-02-08 15:07:22,57,62,2332,9200
2023-02-08 15:07:25,57,64,2332,9200
2023-02-08 15:07:25,57,62,2332,9200
2023-02-08 15:07:25,56,62,2234,9298
2023-02-08 15:07:42,56,64,2234,9298
2023-02-08 15:07:43,56,62,2234,9298
2023-02-08 15:07:46,57,62,2234,9298
2023-02-08 15:08:03,57,63,2234,9298
2023-02-08 15:08:04,57,62,2234,9298
2023-02-08 15:08:05,57,63,2234,9298
2023-02-08 15:08:09,58,63,2234,9298
2023-02-08 15:08:18,58,62,2234,9298
2023-02-08 15:08:37,60,62,2234,9298
2023-02-08 15:08:44,58,62,2234,9298
2023-02-08 15:08:48,58,64,2234,9298
2023-02-08 15:08:48,60,64,2234,9298
2023-02-08 15:08:49,60,65,2234,9298
2023-02-08 15:09:21,58,65,2140,9392
2023-02-08 15:09:23,58,63,2140,9392
2023-02-08 15:09:35,56,63,2046,9486
2023-02-08 15:09:36,56,61,2046,9486
2023-02-08 15:09:47,58,61,2046,9486
2023-02-08 15:09:47,58,59,2046,9486
2023-02-08 15:09:51,58,61,2046,9486
2023-02-08 15:09:52,58,59,2046,9486
2023-02-08 15:09:52,56,59,1959,9573
2023-02-08 15:10:00,56,61,1959,9573
2023-02-08 15:10:19,56,63,1959,9573
2023-02-08 15:10:24,56,61,1959,9573
2023-02-08 15:10:24,56,59,1959,9573
2023-02-08 15:10:34,58,59,1959,9573
2023-02-08 15:10:49,58,62,1959,9573
2023-02-08 15:10:59,60,62,1959,9573
2023-02-08 15:11:00,58,62,1959,9573
2023-02-08 15:11:03,60,62,1959,9573
2023-02-08 15:11:06,60,62,1979,9593
2023-02-08 15:11:19,60,65,1979,9593
2023-02-08 15:11:22,59,65,1979,9593
2023-02-08 15:11:38,59,64,1979,9593
2023-02-08 15:11:44,59,63,1979,9593
2023-02-08 15:11:47,59,64,1979,9593
2023-02-08 15:11:48,59,63,1979,9593
2023-02-08 15:11:48,61,63,1979,9593
2023-02-08 15:11:54,61,64,1979,9593
2023-02-08 15:12:01,61,63,1979,9593
2023-02-08 15:12:01,59,63,1882,9690
2023-02-08 15:12:05,59,64,1882,9690
2023-02-08 15:12:10,59,66,1882,9690
2023-02-08 15:12:13,60,66,1882,9690
2023-02-08 15:12:18,60,64,1882,9690
2023-02-08 15:12:20,59,64,1882,9690
2023-02-08 15:12:48,61,64,1882,9690
2023-02-08 15:12:48,61,65,1882,9690
2023-02-08 15:12:57,61,67,1882,9690
2023-02-08 15:12:57,61,64,1882,9690
2023-02-08 15:13:07,61,63,1882,9690
2023-02-08 15:13:21,61,64,1882,9690
2023-02-08 15:13:36,61,66,1882,9690
2023-02-08 15:13:48,60,66,1882,9690
2023-02-08 15:14:17,61,66,1882,9690
2023-02-08 15:14:17,63,66,1882,9690
2023-02-08 15:14:18,63,65,1882,9690
2023-02-08 15:14:46,61,65,1882,9690
2023-02-08 15:15:05,61,64,1882,9690
2023-02-08 15:15:09,61,63,1882,9690
2023-02-08 15:15:10,59,63,1793,9779
2023-02-08 15:15:10,59,64,1793,9779
2023-02-08 15:15:13,59,64,1793,9779
2023-02-08 15:15:13,59,61,1793,9779
2023-02-08 15:15:14,59,60,1793,9779
2023-02-08 15:15:17,59,61,1793,9779
2023-02-08 15:15:20,57,61,1793,9779
2023-02-08 15:15:20,60,61,1793,9779
2023-02-08 15:15:20,62,64,1773,9799
2023-02-08 15:15:22,60,64,1686,9886
2023-02-08 15:15:45,60,66,1686,9886
2023-02-08 15:15:46,60,67,1686,9886
2023-02-08 15:15:46,60,64,1686,9886
2023-02-08 15:15:47,60,61,1686,9886
2023-02-08 15:15:49,58,61,1686,9886
2023-02-08 15:15:49,55,61,1686,9886
2023-02-08 15:15:49,59,61,1686,9886
2023-02-08 15:16:17,56,61,1686,9886
2023-02-08 15:16:52,56,63,1686,9886
2023-02-08 15:16:53,58,63,1686,9886
2023-02-08 15:16:56,56,63,1686,9886
2023-02-08 15:16:57,58,63,1686,9886
2023-02-08 15:17:01,58,65,1686,9886
2023-02-08 15:17:03,58,63,1686,9886
2023-02-08 15:17:03,56,63,1686,9886
2023-02-08 15:17:07,56,65,1686,9886
2023-02-08 15:17:07,58,65,1686,9886
2023-02-08 15:17:14,60,65,1686,9886
2023-02-08 15:17:18,58,65,1686,9886
2023-02-08 15:17:23,60,65,1686,9886
2023-02-08 15:17:26,60,68,1686,9886
2023-02-08 15:17:29,60,66,1686,9886
2023-02-08 15:17:31,60,68,1686,9886
2023-02-08 15:17:41,58,68,1686,9886
2023-02-08 15:17:42,58,65,1686,9886
2023-02-08 15:17:42,60,65,1686,9886
2023-02-08 15:18:02,60,68,1686,9886
2023-02-08 15:18:08,60,66,1686,9886
2023-02-08 15:18:21,60,68,1686,9886
2023-02-08 15:18:25,60,66,1686,9886
2023-02-08 15:18:26,60,68,1686,9886
2023-02-08 15:18:28,60,66,1686,9886
2023-02-08 15:18:30,60,68,1686,9886
2023-02-08 15:18:31,62,68,1686,9886
2023-02-08 15:18:32,60,68,1686,9886
2023-02-08 15:18:38,60,66,1686,9886
2023-02-08 15:18:40,60,68,1686,9886
2023-02-08 15:18:46,60,66,1686,9886
2023-02-08 15:18:47,60,68,1686,9886
2023-02-08 15:18:50,62,68,1686,9886
2023-02-08 15:19:04,60,68,1686,9886
2023-02-08 15:19:07,63,68,1686,9886
2023-02-08 15:19:07,63,71,1686,9886
2023-02-08 15:19:09,63,69,1686,9886
2023-02-08 15:19:10,63,71,1686,9886
2023-02-08 15:19:11,63,69,1686,9886
2023-02-08 15:19:19,63,66,1686,9886
2023-02-08 15:19:48,63,68,1686,9886
2023-02-08 15:19:50,65,68,1686,9886
2023-02-08 15:19:51,67,68,1686,9886
2023-02-08 15:20:03,65,68,1686,9886
2023-02-08 15:20:09,63,68,1686,9886
2023-02-08 15:20:22,64,68,1686,9886
2023-02-08 15:20:23,64,71,1686,9886
2023-02-08 15:20:23,64,70,1686,9886
2023-02-08 15:20:23,64,69,1686,9886
2023-02-08 15:20:29,64,67,1686,9886
2023-02-08 15:20:38,64,65,1686,9886
2023-02-08 15:20:39,64,67,1686,9886
2023-02-08 15:20:45,62,67,1611,9961
2023-02-08 15:20:48,62,64,1611,9961
2023-02-08 15:20:49,60,64,1611,9961
2023-02-08 15:20:49,59,64,1611,9961
2023-02-08 15:21:18,59,63,1611,9961
2023-02-08 15:21:18,59,61,1611,9961
2023-02-08 15:21:24,59,61,1631,9981
2023-02-08 15:21:25,58,61,1631,9981
2023-02-08 15:21:27,57,61,1631,9981
2023-02-08 15:21:28,57,58,1631,9981
2023-02-08 15:21:28,55,58,1631,9981
2023-02-08 15:21:30,55,57,1631,9981
2023-02-08 15:21:32,55,58,1631,9981
2023-02-08 15:21:32,55,56,1631,9981
2023-02-08 15:21:33,55,56,1611,10001
2023-02-08 15:21:37,55,58,1611,10001
2023-02-08 15:21:38,55,56,1611,10001
2023-02-08 15:21:39,55,58,1611,10001
2023-02-08 15:21:40,55,56,1611,10001
2023-02-08 15:21:41,55,58,1611,10001
2023-02-08 15:21:43,53,58,1567,10045
2023-02-08 15:21:43,53,56,1567,10045
2023-02-08 15:21:44,53,58,1567,10045
2023-02-08 15:21:48,55,58,1567,10045
2023-02-08 15:21:48,53,58,1505,10107
2023-02-08 15:22:12,55,58,1505,10107
2023-02-08 15:22:13,55,61,1505,10107
2023-02-08 15:22:17,55,59,1505,10107
2023-02-08 15:22:17,53,55,1525,10127
2023-02-08 15:22:17,52,55,1525,10127
2023-02-08 15:22:23,55,57,1582,10184
2023-02-08 15:22:29,55,59,1643,10245
2023-02-08 15:22:49,55,57,1643,10245
2023-02-08 15:22:51,55,59,1643,10245
2023-02-08 15:22:51,55,56,1643,10245
2023-02-08 15:22:54,53,56,1643,10245
2023-02-08 15:22:55,53,55,1643,10245
2023-02-08 15:23:08,53,54,1643,10245
2023-02-08 15:23:09,53,55,1643,10245
2023-02-08 15:23:09,51,53,1556,10332
2023-02-08 15:23:13,49,53,1498,10390
2023-02-08 15:23:19,51,53,1498,10390
2023-02-08 15:23:20,51,54,1498,10390
2023-02-08 15:23:25,53,54,1498,10390
2023-02-08 15:23:30,51,54,1498,10390
2023-02-08 15:23:38,53,54,1498,10390
2023-02-08 15:23:43,53,54,1518,10410
2023-02-08 15:23:45,53,56,1518,10410
2023-02-08 15:23:57,51,56,1518,10410
2023-02-08 15:24:02,53,56,1518,10410
2023-02-08 15:24:18,53,57,1518,10410
2023-02-08 15:24:39,52,57,1518,10410
2023-02-08 15:24:48,52,58,1518,10410
2023-02-08 15:24:48,53,58,1518,10410
2023-02-08 15:25:02,53,57,1518,10410
2023-02-08 15:25:03,53,58,1518,10410
2023-02-08 15:25:23,51,58,1518,10410
2023-02-08 15:25:23,51,56,1518,10410
2023-02-08 15:25:48,51,55,1518,10410
2023-02-08 15:25:54,53,55,1518,10410
2023-02-08 15:26:11,50,55,1518,10410
2023-02-08 15:26:12,51,55,1518,10410
2023-02-08 15:26:16,52,55,1518,10410
2023-02-08 15:26:16,52,58,1518,10410
2023-02-08 15:26:31,52,57,1518,10410
2023-02-08 15:26:33,52,58,1518,10410
2023-02-08 15:26:35,56,58,1518,10410
2023-02-08 15:26:36,52,58,1518,10410
2023-02-08 15:26:45,54,57,1518,10410
2023-02-08 15:26:53,56,57,1518,10410
2023-02-08 15:27:02,56,57,1558,10450
2023-02-08 15:27:03,51,57,1558,10450
2023-02-08 15:27:04,57,59,1604,10496
2023-02-08 15:27:08,51,59,1604,10496
2023-02-08 15:27:18,49,59,1604,10496
2023-02-08 15:27:18,49,61,1604,10496
2023-02-08 15:27:18,54,61,1604,10496
2023-02-08 15:27:18,56,61,1604,10496
2023-02-08 15:27:18,56,60,1604,10496
2023-02-08 15:27:18,56,61,1604,10496
2023-02-08 15:27:31,56,60,1604,10496
2023-02-08 15:27:39,56,59,1604,10496
2023-02-08 15:27:39,56,60,1604,10496
2023-02-08 15:27:46,56,59,1604,10496
2023-02-08 15:27:47,57,59,1604,10496
2023-02-08 15:27:48,57,60,1604,10496
2023-02-08 15:28:18,54,60,1604,10496
2023-02-08 15:28:27,54,60,1617,10509
2023-02-08 15:28:51,58,60,1617,10509
2023-02-08 15:28:52,58,63,1617,10509
2023-02-08 15:28:55,58,65,1617,10509
2023-02-08 15:28:56,58,64,1617,10509
2023-02-08 15:28:58,58,63,1617,10509
2023-02-08 15:29:06,58,62,1617,10509
2023-02-08 15:29:15,58,61,1617,10509
2023-02-08 15:29:16,56,61,1617,10509
2023-02-08 15:29:16,59,61,1617,10509
2023-02-08 15:29:22,59,62,1617,10509
2023-02-08 15:29:22,59,61,1617,10509
2023-02-08 15:29:23,59,60,1617,10509
2023-02-08 15:29:24,57,58,1564,10562
2023-02-08 15:29:46,55,58,1564,10562
2023-02-08 15:29:46,51,58,1564,10562
2023-02-08 15:29:46,53,58,1564,10562
2023-02-08 15:29:56,53,59,1564,10562
2023-02-08 15:29:57,55,59,1564,10562
2023-02-08 15:30:19,55,58,1564,10562
2023-02-08 15:30:20,55,57,1564,10562
2023-02-08 15:30:24,55,56,1564,10562
2023-02-08 15:30:25,55,56,1554,10582
2023-02-08 15:30:26,55,57,1554,10582
2023-02-08 15:30:28,55,57,1534,10602
2023-02-08 15:30:30,55,57,1524,10612
2023-02-08 15:30:42,53,57,1508,10628
2023-02-08 15:30:46,53,56,1508,10628
2023-02-08 15:30:46,51,56,1508,10628
2023-02-08 15:31:02,50,56,1508,10628
2023-02-08 15:31:03,50,55,1508,10628
2023-02-08 15:31:03,50,54,1508,10628
2023-02-08 15:31:07,48,54,1439,10697
2023-02-08 15:31:07,48,53,1439,10697
2023-02-08 15:31:09,48,50,1439,10697
2023-02-08 15:31:13,48,49,1439,10697
2023-02-08 15:31:15,48,50,1439,10697
2023-02-08 15:31:17,48,49,1439,10697
2023-02-08 15:31:18,50,53,1419,10737
2023-02-08 15:31:21,50,51,1419,10737
2023-02-08 15:31:25,50,55,1419,10737
2023-02-08 15:31:26,48,49,1419,10752
2023-02-08 15:31:29,48,50,1419,10752
2023-02-08 15:31:34,48,51,1419,10752
2023-02-08 15:31:37,48,53,1419,10752
2023-02-08 15:31:39,50,53,1419,10752
2023-02-08 15:31:46,48,53,1404,10767
2023-02-08 15:31:47,48,54,1404,10767
2023-02-08 15:31:49,48,54,1419,10802
2023-02-08 15:31:49,48,50,1419,10802
2023-02-08 15:31:50,48,50,1424,10807
2023-02-08 15:31:50,48,50,1463,10846
2023-02-08 15:31:50,46,50,1463,10846
2023-02-08 15:31:50,46,47,1463,10846
2023-02-08 15:31:52,42,47,1463,10846
2023-02-08 15:32:06,44,47,1463,10846
2023-02-08 15:32:08,37,47,1463,10846
2023-02-08 15:32:09,37,50,1463,10846
2023-02-08 15:32:09,46,50,1463,10846
2023-02-08 15:32:40,46,53,1463,10885
2023-02-08 15:32:41,11,53,1463,10885
2023-02-08 15:32:41,49,53,1463,10885
2023-02-08 15:32:42,51,53,1463,10885
2023-02-08 15:32:43,51,55,1463,10885
2023-02-08 15:32:43,51,58,1463,10885
2023-02-08 15:32:47,11,58,1463,10885
2023-02-08 15:32:47,53,58,1463,10885
2023-02-08 15:32:47,53,60,1463,10885
2023-02-08 15:32:51,11,60,1463,10885
2023-02-08 15:32:52,55,60,1463,10885
2023-02-08 15:32:52,55,62,1463,10885
2023-02-08 15:32:59,57,62,1463,10885
2023-02-08 15:32:59,57,64,1463,10885
2023-02-08 15:33:06,11,64,1463,10885
2023-02-08 15:33:06,55,64,1463,10885
2023-02-08 15:33:06,55,62,1463,10885
2023-02-08 15:33:24,55,64,1463,10885
2023-02-08 15:33:24,11,64,1463,10885
2023-02-08 15:33:24,58,64,1463,10885
2023-02-08 15:33:28,58,63,1463,10885
2023-02-08 15:33:28,11,63,1463,10885
2023-02-08 15:33:28,56,63,1463,10885
2023-02-08 15:33:32,56,62,1463,10885
2023-02-08 15:33:38,56,64,1463,10885
2023-02-08 15:33:53,56,63,1463,10885
2023-02-08 15:33:57,56,64,1463,10885
2023-02-08 15:33:57,56,62,1463,10885
2023-02-08 15:34:03,56,64,1463,10885
2023-02-08 15:34:06,56,63,1463,10885
2023-02-08 15:34:14,56,62,1463,10885
2023-02-08 15:34:23,56,64,1463,10885
2023-02-08 15:34:26,56,63,1463,10885
2023-02-08 15:34:27,56,64,1463,10885
2023-02-08 15:34:30,56,61,1463,10885
2023-02-08 15:34:31,54,61,1463,10885
2023-02-08 15:34:40,54,60,1463,10885
2023-02-08 15:34:41,54,61,1463,10885
2023-02-08 15:34:43,57,61,1463,10885
2023-02-08 15:34:44,57,64,1463,10885
2023-02-08 15:34:46,57,60,1463,10885
2023-02-08 15:34:52,55,60,1463,10885
2023-02-08 15:34:52,55,60,1503,10925
2023-02-08 15:35:08,55,59,1503,10925
2023-02-08 15:35:15,55,60,1503,10925
2023-02-08 15:35:19,53,60,1503,10925
2023-02-08 15:35:19,53,62,1503,10925
2023-02-08 15:35:20,54,62,1503,10925
2023-02-08 15:35:20,58,62,1503,10925
2023-02-08 15:35:21,58,61,1503,10925
2023-02-08 15:35:22,58,62,1503,10925
2023-02-08 15:35:25,58,61,1503,10925
2023-02-08 15:35:30,58,62,1503,10925
2023-02-08 15:35:30,58,59,1503,10925
2023-02-08 15:35:33,58,61,1503,10925
2023-02-08 15:35:33,58,61,1463,10965
2023-02-08 15:35:34,58,60,1463,10965
2023-02-08 15:35:36,58,59,1463,10965
2023-02-08 15:35:46,58,60,1463,10965
2023-02-08 15:35:49,54,60,1463,10965
2023-02-08 15:35:55,54,59,1463,10965
2023-02-08 15:35:56,54,60,1463,10965
2023-02-08 15:36:00,55,60,1463,10965
2023-02-08 15:36:04,54,60,1463,10965
2023-02-08 15:36:04,54,59,1463,10965
2023-02-08 15:36:06,54,58,1463,10965
2023-02-08 15:36:07,54,56,1463,10965
2023-02-08 15:36:15,52,56,1414,11014
2023-02-08 15:36:30,53,56,1414,11014
2023-02-08 15:36:35,53,58,1414,11014
2023-02-08 15:36:41,53,57,1414,11014
2023-02-08 15:36:46,53,54,1414,11014
2023-02-08 15:36:59,53,54,1414,11034
2023-02-08 15:36:59,48,53,1414,11059
2023-02-08 15:37:00,49,53,1414,11059
2023-02-08 15:37:01,48,53,1414,11059
2023-02-08 15:37:13,49,53,1414,11059
2023-02-08 15:37:15,49,54,1414,11059
2023-02-08 15:37:16,53,54,1414,11059
2023-02-08 15:37:18,49,53,1422,11067
2023-02-08 15:37:26,48,53,1422,11067
2023-02-08 15:37:37,49,53,1422,11067
2023-02-08 15:37:38,48,53,1422,11067
2023-02-08 15:37:43,49,53,1422,11067
2023-02-08 15:37:47,49,55,1422,11067
2023-02-08 15:37:47,49,56,1422,11067
2023-02-08 15:37:47,49,50,1422,11067
2023-02-08 15:37:47,48,50,1442,11087
2023-02-08 15:37:47,47,50,1442,11087
2023-02-08 15:37:48,42,50,1442,11087
2023-02-08 15:37:49,44,50,1442,11087
2023-02-08 15:37:49,46,50,1442,11087
2023-02-08 15:37:50,42,50,1442,11087
2023-02-08 15:37:50,44,50,1442,11087
2023-02-08 15:37:52,46,50,1442,11087
2023-02-08 15:37:59,48,50,1442,11087
2023-02-08 15:38:05,42,50,1442,11087
2023-02-08 15:38:06,44,50,1442,11087
2023-02-08 15:38:14,44,50,1482,11127
2023-02-08 15:38:14,44,51,1482,11127
2023-02-08 15:38:16,44,50,1482,11127
2023-02-08 15:38:19,44,51,1482,11147
2023-02-08 15:38:20,46,51,1482,11147
2023-02-08 15:38:28,46,54,1482,11147
2023-02-08 15:38:28,46,53,1482,11147
2023-02-08 15:38:29,46,54,1482,11147
2023-02-08 15:38:32,46,52,1482,11147
2023-02-08 15:38:38,46,50,1482,11147
2023-02-08 15:38:39,44,50,1482,11147
2023-02-08 15:38:40,42,50,1482,11147
2023-02-08 15:38:41,42,48,1482,11147
2023-02-08 15:38:49,44,48,1482,11147
2023-02-08 15:38:49,44,50,1482,11147
2023-02-08 15:38:52,44,52,1482,11147
2023-02-08 15:38:52,44,51,1482,11147
2023-02-08 15:38:52,44,50,1482,11147
2023-02-08 15:38:54,45,50,1482,11147
2023-02-08 15:38:58,45,52,1502,11167
2023-02-08 15:38:58,45,51,1502,11167
2023-02-08 15:39:06,44,51,1502,11167
2023-02-08 15:39:16,46,51,1502,11167
2023-02-08 15:39:21,44,51,1502,11167
2023-02-08 15:39:26,44,50,1502,11167
2023-02-08 15:39:27,44,49,1502,11167
2023-02-08 15:39:41,44,50,1502,11167
2023-02-08 15:39:42,44,49,1502,11167
2023-02-08 15:39:45,42,49,1502,11167
2023-02-08 15:39:54,42,48,1502,11167
2023-02-08 15:39:54,40,48,1502,11167
2023-02-08 15:39:54,40,46,1502,11167
2023-02-08 15:40:01,42,46,1502,11167
2023-02-08 15:40:01,42,90,1502,11167
2023-02-08 15:40:01,42,89,1502,11167
2023-02-08 15:40:01,42,49,1502,11167
2023-02-08 15:40:04,42,48,1502,11167
2023-02-08 15:40:04,40,48,1502,11167
2023-02-08 15:40:05,40,46,1502,11167
2023-02-08 15:40:05,40,45,1502,11167
2023-02-08 15:40:06,38,45,1502,11167
2023-02-08 15:40:07,37,45,1502,11167
2023-02-08 15:40:10,41,45,1502,11167
2023-02-08 15:40:11,41,48,1502,11167
2023-02-08 15:40:11,41,46,1502,11167
2023-02-08 15:40:12,39,45,1502,11167
2023-02-08 15:40:15,37,45,1502,11167
2023-02-08 15:40:16,37,44,1502,11167
2023-02-08 15:40:16,37,43,1502,11167
2023-02-08 15:40:20,38,43,1502,11167
2023-02-08 15:40:24,38,47,1502,11167
2023-02-08 15:40:24,37,47,1502,11167
2023-02-08 15:40:24,40,47,1502,11167
2023-02-08 15:40:25,42,47,1502,11167
2023-02-08 15:40:25,42,49,1502,11167
2023-02-08 15:40:27,40,49,1502,11167
2023-02-08 15:40:27,43,49,1502,11167
2023-02-08 15:40:28,43,48,1502,11167
2023-02-08 15:40:29,43,49,1502,11167
2023-02-08 15:40:29,46,49,1502,11167
2023-02-08 15:40:30,47,53,1502,11167
2023-02-08 15:40:32,47,90,1502,11167
2023-02-08 15:40:32,48,90,1502,11167
2023-02-08 15:40:32,48,52,1502,11167
2023-02-08 15:40:32,48,90,1502,11167
2023-02-08 15:40:37,48,54,1502,11167
2023-02-08 15:40:37,46,54,1502,11167
2023-02-08 15:40:37,46,53,1502,11167
2023-02-08 15:40:39,46,51,1502,11167
2023-02-08 15:40:39,43,51,1502,11167
2023-02-08 15:40:40,44,51,1502,11167
2023-02-08 15:40:43,44,90,1542,11207
2023-02-08 15:40:43,44,89,1542,11207
2023-02-08 15:40:43,47,89,1542,11207
2023-02-08 15:40:54,43,89,1542,11207
2023-02-08 15:40:55,43,90,1542,11207
2023-02-08 15:40:56,41,90,1542,11207
2023-02-08 15:40:56,41,89,1542,11207
2023-02-08 15:41:03,41,90,1542,11207
2023-02-08 15:41:04,38,90,1542,11227
2023-02-08 15:41:04,38,88,1542,11227
2023-02-08 15:41:04,38,90,1542,11227
2023-02-08 15:41:04,38,42,1542,11227
2023-02-08 15:41:05,38,41,1542,11227
2023-02-08 15:41:08,40,41,1542,11227
2023-02-08 15:41:11,38,41,1542,11227
2023-02-08 15:41:20,38,89,1542,11247
2023-02-08 15:41:20,38,88,1542,11247
2023-02-08 15:41:20,38,45,1542,11247
2023-02-08 15:41:25,39,45,1542,11247
2023-02-08 15:41:26,38,45,1542,11247
2023-02-08 15:41:30,39,45,1542,11247
2023-02-08 15:41:34,38,45,1542,11247
2023-02-08 15:41:39,38,43,1542,11247
2023-02-08 15:41:39,36,43,1542,11247
2023-02-08 15:41:40,36,45,1542,11247
2023-02-08 15:41:40,38,45,1542,11247
2023-02-08 15:41:41,36,45,1542,11247
2023-02-08 15:41:53,38,43,1542,11247
2023-02-08 15:41:53,38,45,1542,11247
2023-02-08 15:41:54,36,45,1542,11247
2023-02-08 15:41:54,36,43,1542,11247
2023-02-08 15:42:05,33,43,1542,11247
2023-02-08 15:42:05,34,43,1542,11247
2023-02-08 15:42:05,34,41,1542,11247
2023-02-08 15:42:08,35,41,1542,11247
2023-02-08 15:42:08,35,90,1582,11287
2023-02-08 15:42:09,35,89,1582,11287
2023-02-08 15:42:09,37,89,1582,11287
2023-02-08 15:42:14,35,89,1582,11287
2023-02-08 15:42:18,37,89,1582,11287
2023-02-08 15:42:23,35,89,1582,11287
2023-02-08 15:42:25,33,89,1582,11287
2023-02-08 15:42:27,30,89,1582,11327
2023-02-08 15:42:28,30,37,1582,11327
2023-02-08 15:42:29,30,36,1582,11327
2023-02-08 15:42:44,32,36,1582,11327
2023-02-08 15:42:44,32,39,1582,11327
2023-02-08 15:42:44,32,38,1582,11327
2023-02-08 15:42:52,30,38,1582,11327
2023-02-08 15:42:53,30,90,1582,11327
2023-02-08 15:42:53,30,37,1582,11327
2023-02-08 15:42:55,30,36,1582,11327
2023-02-08 15:42:55,31,36,1582,11327
2023-02-08 15:42:56,30,36,1582,11327
2023-02-08 15:42:56,30,90,1582,11327
2023-02-08 15:42:56,30,39,1582,11327
2023-02-08 15:42:56,32,39,1582,11327
2023-02-08 15:43:02,32,38,1582,11327
2023-02-08 15:43:02,35,38,1582,11327
2023-02-08 15:43:03,35,42,1582,11327
2023-02-08 15:43:03,35,41,1582,11327
2023-02-08 15:43:07,35,40,1582,11327
2023-02-08 15:43:07,33,40,1582,11327
2023-02-08 15:43:08,33,39,1582,11327
2023-02-08 15:43:09,35,39,1582,11327
2023-02-08 15:43:09,35,40,1582,11327
2023-02-08 15:43:09,35,90,1582,11327
2023-02-08 15:43:09,35,42,1582,11327
2023-02-08 15:43:15,35,41,1582,11327
2023-02-08 15:43:16,33,41,1582,11327
2023-02-08 15:43:17,33,90,1582,11327
2023-02-08 15:43:17,33,40,1582,11327
2023-02-08 15:43:20,33,39,1582,11327
2023-02-08 15:43:20,33,40,1582,11327
2023-02-08 15:43:20,34,40,1582,11327
2023-02-08 15:43:23,34,39,1582,11327
2023-02-08 15:43:23,33,39,1582,11327
2023-02-08 15:43:29,31,39,1582,11327
2023-02-08 15:43:29,31,40,1582,11327
2023-02-08 15:43:29,31,90,1582,11327
2023-02-08 15:43:29,31,38,1582,11327
2023-02-08 15:43:33,31,36,1582,11327
2023-02-08 15:43:33,30,36,1582,11327
2023-02-08 15:43:35,27,36,1582,11327
2023-02-08 15:43:35,28,36,1582,11327
2023-02-08 15:43:36,28,35,1582,11327
2023-02-08 15:43:38,27,35,1582,11327
2023-02-08 15:43:39,29,35,1582,11327
2023-02-08 15:43:42,30,35,1582,11327
2023-02-08 15:43:42,30,36,1582,11327
2023-02-08 15:43:44,30,35,1582,11327
2023-02-08 15:43:46,30,36,1582,11327
2023-02-08 15:43:56,28,36,1582,11327
2023-02-08 15:43:56,28,35,1582,11327
2023-02-08 15:43:57,27,35,1582,11327
2023-02-08 15:44:07,30,35,1582,11327
2023-02-08 15:44:27,30,38,1582,11327
2023-02-08 15:44:27,31,38,1582,11327
2023-02-08 15:44:27,31,37,1582,11327
2023-02-08 15:44:28,30,37,1582,11327
2023-02-08 15:44:33,31,37,1582,11327
2023-02-08 15:44:45,33,37,1582,11327
2023-02-08 15:44:45,33,38,1582,11327
2023-02-08 15:44:45,33,40,1582,11327
2023-02-08 15:44:46,33,39,1582,11327
2023-02-08 15:44:53,34,39,1582,11327
2023-02-08 15:44:55,33,39,1582,11327
2023-02-08 15:44:55,35,39,1582,11327
2023-02-08 15:44:55,35,42,1582,11327
2023-02-08 15:44:56,35,41,1582,11327
2023-02-08 15:44:57,33,41,1582,11327
2023-02-08 15:44:57,36,41,1582,11327
2023-02-08 15:44:58,36,42,1582,11327
2023-02-08 15:45:07,39,42,1582,11327
2023-02-08 15:45:07,39,46,1582,11327
2023-02-08 15:45:09,39,90,1582,11327
2023-02-08 15:45:09,39,45,1582,11327
2023-02-08 15:45:09,39,90,1582,11327
2023-02-08 15:45:09,39,48,1582,11327
2023-02-08 15:45:10,41,48,1582,11327
2023-02-08 15:45:11,41,47,1582,11327
2023-02-08 15:45:13,42,47,1582,11327
2023-02-08 15:45:14,44,47,1582,11327
2023-02-08 15:45:15,44,51,1582,11327
2023-02-08 15:45:15,44,50,1582,11327
2023-02-08 15:45:17,42,50,1582,11327
2023-02-08 15:45:17,45,50,1582,11327
2023-02-08 15:45:18,45,51,1582,11327
2023-02-08 15:45:24,45,90,1582,11327
2023-02-08 15:45:25,46,53,1582,11327
2023-02-08 15:45:27,45,53,1582,11327
2023-02-08 15:45:28,46,53,1582,11327
2023-02-08 15:45:29,45,53,1582,11327
2023-02-08 15:45:31,45,90,1582,11327
2023-02-08 15:45:31,45,89,1582,11327
2023-02-08 15:45:31,45,51,1582,11327
2023-02-08 15:45:36,42,51,1582,11327
2023-02-08 15:45:39,43,49,1582,11327
2023-02-08 15:45:42,42,49,1582,11327
2023-02-08 15:45:47,43,49,1582,11327
2023-02-08 15:45:48,46,49,1582,11327
2023-02-08 15:45:49,46,53,1582,11327
2023-02-08 15:45:49,46,90,1582,11327
2023-02-08 15:45:49,48,89,1582,11327
2023-02-08 15:45:49,48,55,1582,11327
2023-02-08 15:45:54,49,55,1582,11327
2023-02-08 15:46:20,53,55,1582,11327
2023-02-08 15:46:21,53,60,1582,11327
2023-02-08 15:46:22,53,63,1582,11327
2023-02-08 15:46:22,56,63,1582,11327
2023-02-08 15:46:25,57,63,1582,11327
2023-02-08 15:46:26,57,90,1582,11327
2023-02-08 15:46:26,57,66,1582,11327
2023-02-08 15:46:26,56,66,1582,11327
2023-02-08 15:46:26,59,66,1582,11327
2023-02-08 15:46:30,63,66,1582,11327
2023-02-08 15:46:30,63,70,1622,11367
2023-02-08 15:46:32,63,90,1622,11367
2023-02-08 15:46:32,63,89,1622,11367
2023-02-08 15:46:32,65,89,1622,11367
2023-02-08 15:46:40,63,89,1622,11367
2023-02-08 15:46:40,63,80,1622,11367
2023-02-08 15:46:47,60,80,1622,11367
2023-02-08 15:46:49,59,80,1622,11367
2023-02-08 15:46:49,59,80,1622,11367
2023-02-08 15:46:49,60,80,1622,11367
2023-02-08 15:46:51,63,80,1622,11367
2023-02-08 15:47:01,65,80,1622,11367
2023-02-08 15:47:11,63,80,1622,11367
2023-02-08 15:47:14,62,80,1622,11367
2023-02-08 15:47:14,60,80,1622,11367
2023-02-08 15:47:21,63,80,1622,11367
2023-02-08 15:47:23,60,80,1622,11367
2023-02-08 15:47:23,59,80,1622,11367
2023-02-08 15:47:24,62,80,1622,11367
2023-02-08 15:47:24,65,80,1622,11367
2023-02-08 15:47:36,65,90,1622,11367
2023-02-08 15:47:36,65,89,1622,11367
2023-02-08 15:47:43,65,69,1622,11367
2023-02-08 15:47:49,62,69,1622,11367
2023-02-08 15:48:06,59,69,1622,11367
2023-02-08 15:48:06,57,69,1622,11367
2023-02-08 15:48:25,53,69,1622,11367
2023-02-08 15:48:25,54,69,1622,11367
2023-02-08 15:48:27,56,69,1622,11367
2023-02-08 15:48:30,53,69,1622,11367
2023-02-08 15:48:30,54,69,1622,11367
2023-02-08 15:48:31,53,69,1622,11367
2023-02-08 15:48:35,51,69,1602,11387
2023-02-08 15:48:36,51,56,1602,11387
2023-02-08 15:48:39,51,58,1602,11387
2023-02-08 15:48:39,54,58,1602,11387
2023-02-08 15:48:41,51,58,1602,11387
2023-02-08 15:48:41,51,69,1602,11387
2023-02-08 15:48:41,51,56,1602,11387
2023-02-08 15:48:44,51,69,1602,11387
2023-02-08 15:48:44,51,58,1602,11387
2023-02-08 15:48:44,54,58,1602,11387
2023-02-08 15:48:47,51,58,1582,11407
2023-02-08 15:48:48,51,57,1582,11407
2023-02-08 15:49:01,53,57,1582,11407
2023-02-08 15:49:01,53,58,1582,11407
2023-02-08 15:49:02,53,69,1582,11407
2023-02-08 15:49:03,53,68,1582,11407
2023-02-08 15:49:05,53,60,1582,11407
2023-02-08 15:49:05,53,59,1582,11407
2023-02-08 15:49:09,55,59,1582,11407
2023-02-08 15:49:09,55,60,1582,11407
2023-02-08 15:49:09,55,62,1582,11407
2023-02-08 15:49:09,55,61,1582,11407
2023-02-08 15:49:12,56,61,1582,11407
2023-02-08 15:49:13,58,61,1582,11407
2023-02-08 15:49:14,58,62,1582,11407
2023-02-08 15:49:14,58,65,1582,11407
2023-02-08 15:49:15,60,65,1582,11407
2023-02-08 15:49:15,60,67,1582,11407
2023-02-08 15:49:16,58,67,1582,11407
2023-02-08 15:49:16,58,65,1582,11407
2023-02-08 15:49:19,58,69,1582,11407
2023-02-08 15:49:19,60,69,1582,11407
2023-02-08 15:49:24,60,69,1582,11407
2023-02-08 15:49:24,62,69,1582,11407
2023-02-08 15:49:24,62,68,1582,11407
2023-02-08 15:49:26,62,67,1582,11407
2023-02-08 15:49:26,60,67,1582,11407
2023-02-08 15:49:26,60,66,1582,11407
2023-02-08 15:49:27,60,69,1582,11407
2023-02-08 15:49:27,62,69,1582,11407
2023-02-08 15:49:28,62,68,1582,11407
2023-02-08 15:49:28,62,67,1582,11407
2023-02-08 15:49:28,60,67,1582,11407
2023-02-08 15:49:34,60,69,1582,11407
2023-02-08 15:49:34,62,69,1582,11407
2023-02-08 15:49:34,62,68,1582,11407
2023-02-08 15:49:46,60,68,1582,11407
2023-02-08 15:49:46,63,68,1582,11407
2023-02-08 15:49:48,63,69,1582,11407
2023-02-08 15:49:50,65,69,1582,11407
2023-02-08 15:49:58,65,68,1582,11407
2023-02-08 15:49:58,63,68,1582,11407
2023-02-08 15:50:00,60,68,1582,11407
2023-02-08 15:50:00,60,69,1582,11407
2023-02-08 15:50:00,57,69,1582,11407
2023-02-08 15:50:00,55,69,1582,11407
2023-02-08 15:50:01,50,69,1582,11407
2023-02-08 15:50:01,11,69,1582,11407
2023-02-08 15:50:01,37,69,1582,11407
2023-02-08 15:50:01,37,44,1582,11407
2023-02-08 15:50:02,37,69,1582,11407
2023-02-08 15:50:02,37,41,1582,11407
2023-02-08 15:50:02,35,41,1582,11407
2023-02-08 15:50:03,35,40,1582,11407
2023-02-08 15:50:06,35,36,1582,11407
2023-02-08 15:50:06,24,36,1582,11427
2023-02-08 15:50:06,29,36,1582,11427
2023-02-08 15:50:07,29,31,1582,11427
2023-02-08 15:50:07,27,31,1582,11427
2023-02-08 15:50:07,22,31,1582,11427
2023-02-08 15:50:08,22,69,1582,11427
2023-02-08 15:50:08,22,30,1582,11427
2023-02-08 15:50:09,24,30,1582,11427
2023-02-08 15:50:09,24,33,1582,11427
2023-02-08 15:50:10,27,33,1582,11427
2023-02-08 15:50:11,19,33,1582,11427
2023-02-08 15:50:11,22,33,1582,11427
2023-02-08 15:50:11,22,69,1582,11427
2023-02-08 15:50:11,22,31,1582,11427
2023-02-08 15:50:12,22,28,1582,11427
2023-02-08 15:50:12,16,28,1582,11427
2023-02-08 15:50:12,16,25,1582,11427
2023-02-08 15:50:13,19,25,1582,11427
2023-02-08 15:50:15,19,28,1582,11427
2023-02-08 15:50:15,21,28,1582,11427
2023-02-08 15:50:17,19,28,1582,11427
2023-02-08 15:50:17,19,26,1582,11427
2023-02-08 15:50:18,19,28,1582,11427
2023-02-08 15:50:19,22,28,1582,11427
2023-02-08 15:50:20,22,31,1582,11427
2023-02-08 15:50:20,25,31,1582,11427
2023-02-08 15:50:21,25,34,1582,11427
2023-02-08 15:50:21,25,31,1582,11427
2023-02-08 15:50:28,25,34,1602,11447
2023-02-08 15:50:28,25,69,1602,11447
2023-02-08 15:50:28,22,69,1602,11447
2023-02-08 15:50:28,22,29,1602,11447
2023-02-08 15:50:30,22,32,1602,11447
2023-02-08 15:50:30,25,32,1602,11447
2023-02-08 15:50:30,25,34,1602,11447
2023-02-08 15:50:30,27,34,1602,11447
2023-02-08 15:50:33,28,34,1602,11447
2023-02-08 15:50:38,28,32,1602,11447
2023-02-08 15:50:39,25,32,1602,11447
2023-02-08 15:50:39,25,69,1602,11447
2023-02-08 15:50:40,23,69,1602,11447
2023-02-08 15:50:40,23,30,1602,11447
2023-02-08 15:50:41,22,30,1602,11447
2023-02-08 15:50:41,22,28,1602,11447
2023-02-08 15:50:42,22,69,1602,11447
2023-02-08 15:50:42,22,68,1602,11447
2023-02-08 15:50:43,23,68,1602,11447
2023-02-08 15:50:44,23,69,1602,11447
2023-02-08 15:50:44,23,30,1602,11447
2023-02-08 15:50:44,22,30,1602,11447
2023-02-08 15:50:45,22,69,1602,11447
2023-02-08 15:50:45,20,69,1602,11447
2023-02-08 15:50:45,20,27,1602,11447
2023-02-08 15:50:46,20,69,1602,11447
2023-02-08 15:50:46,22,69,1602,11447
2023-02-08 15:50:47,22,29,1602,11447
2023-02-08 15:50:53,22,26,1602,11447
2023-02-08 15:50:53,20,26,1602,11447
2023-02-08 15:50:57,20,69,1642,11487
2023-02-08 15:50:57,20,68,1642,11487
2023-02-08 15:50:57,22,68,1642,11487
2023-02-08 15:50:57,25,68,1642,11487
2023-02-08 15:51:00,27,68,1642,11487
2023-02-08 15:51:02,23,68,1642,11487
2023-02-08 15:51:03,24,68,1642,11487
2023-02-08 15:51:11,27,68,1642,11487
2023-02-08 15:51:11,27,69,1642,11487
2023-02-08 15:51:11,27,67,1642,11487
2023-02-08 15:51:11,27,69,1642,11487
2023-02-08 15:51:12,30,69,1642,11487
2023-02-08 15:51:13,30,68,1642,11487
2023-02-08 15:51:13,32,68,1642,11487
2023-02-08 15:51:14,32,69,1642,11487
2023-02-08 15:51:14,29,69,1642,11487
2023-02-08 15:51:14,31,69,1642,11487
2023-02-08 15:51:14,31,68,1642,11487
2023-02-08 15:51:14,34,68,1642,11487
2023-02-08 15:51:16,32,68,1642,11487
2023-02-08 15:51:17,34,68,1642,11487
2023-02-08 15:51:17,37,68,1642,11487
2023-02-08 15:51:17,34,68,1642,11527
2023-02-08 15:51:17,34,37,1642,11527
2023-02-08 15:51:22,34,41,1682,11567
2023-02-08 15:51:22,34,40,1682,11567
2023-02-08 15:51:24,34,69,1682,11567
2023-02-08 15:51:25,32,69,1682,11567
2023-02-08 15:51:25,32,39,1682,11567
2023-02-08 15:51:25,32,69,1682,11567
2023-02-08 15:51:25,32,41,1682,11567
2023-02-08 15:51:26,34,41,1682,11567
2023-02-08 15:51:35,34,39,1682,11567
2023-02-08 15:51:35,32,39,1682,11567
2023-02-08 15:51:39,32,69,1682,11567
2023-02-08 15:51:39,32,41,1682,11567
2023-02-08 15:51:40,34,41,1682,11567
2023-02-08 15:51:45,32,41,1682,11567
2023-02-08 15:51:45,32,39,1682,11567
2023-02-08 15:51:49,29,39,1682,11567
2023-02-08 15:51:49,29,35,1682,11567
2023-02-08 15:51:50,29,33,1682,11567
2023-02-08 15:51:50,26,33,1682,11567
2023-02-08 15:51:56,26,69,1682,11567
2023-02-08 15:51:56,24,69,1682,11567
2023-02-08 15:51:57,24,30,1682,11567
2023-02-08 15:51:58,25,30,1682,11567
2023-02-08 15:51:58,25,69,1682,11567
2023-02-08 15:51:58,25,32,1682,11567
2023-02-08 15:52:00,24,32,1682,11567
2023-02-08 15:52:00,24,30,1682,11567
2023-02-08 15:52:09,26,30,1682,11567
2023-02-08 15:52:09,26,33,1682,11567
2023-02-08 15:52:10,26,69,1682,11567
2023-02-08 15:52:10,26,35,1682,11567
2023-02-08 15:52:11,29,35,1682,11567
2023-02-08 15:52:17,29,69,1682,11567
2023-02-08 15:52:17,26,69,1682,11567
2023-02-08 15:52:17,26,33,1682,11567
2023-02-08 15:52:17,26,69,1682,11567
2023-02-08 15:52:17,28,69,1682,11567
2023-02-08 15:52:17,28,35,1682,11567
2023-02-08 15:52:19,28,33,1682,11567
2023-02-08 15:52:19,26,33,1682,11567
2023-02-08 15:52:20,26,69,1722,11607
2023-02-08 15:52:20,27,69,1722,11607
2023-02-08 15:52:21,26,69,1722,11607
2023-02-08 15:52:28,27,69,1722,11607
2023-02-08 15:52:30,28,69,1722,11607
2023-02-08 15:52:31,30,69,1722,11607
2023-02-08 15:52:35,27,69,1722,11607
2023-02-08 15:52:35,32,69,1722,11607
2023-02-08 15:52:36,29,69,1722,11647
2023-02-08 15:52:37,29,38,1722,11647
2023-02-08 15:52:37,31,38,1722,11647
2023-02-08 15:52:40,31,40,1722,11647
2023-02-08 15:52:40,33,40,1722,11647
2023-02-08 15:52:41,35,40,1722,11647
2023-02-08 15:52:41,35,39,1722,11647
2023-02-08 15:52:42,35,42,1722,11647
2023-02-08 15:52:42,35,69,1722,11647
2023-02-08 15:52:42,35,44,1722,11647
2023-02-08 15:52:42,37,44,1722,11647
2023-02-08 15:52:44,37,43,1722,11647
2023-02-08 15:52:44,37,69,1722,11647
2023-02-08 15:52:44,39,69,1722,11647
2023-02-08 15:52:44,39,46,1722,11647
2023-02-08 15:52:45,39,69,1722,11647
2023-02-08 15:52:45,41,69,1722,11647
2023-02-08 15:52:45,41,48,1722,11647
2023-02-08 15:52:46,41,45,1722,11647
2023-02-08 15:52:46,41,48,1722,11647
2023-02-08 15:52:47,41,69,1722,11647
2023-02-08 15:52:47,41,46,1722,11647
2023-02-08 15:52:48,39,46,1722,11647
2023-02-08 15:52:48,39,69,1722,11647
2023-02-08 15:52:48,41,69,1722,11647
2023-02-08 15:52:49,41,48,1722,11647
2023-02-08 15:52:50,45,48,1722,11647
2023-02-08 15:52:51,45,52,1722,11647
2023-02-08 15:52:52,47,52,1722,11647
2023-02-08 15:52:53,47,51,1722,11647
2023-02-08 15:52:53,47,54,1722,11647
2023-02-08 15:52:54,47,56,1722,11647
2023-02-08 15:52:54,49,53,1722,11647
2023-02-08 15:52:54,49,56,1722,11647
2023-02-08 15:52:56,49,55,1722,11647
2023-02-08 15:52:57,52,55,1722,11647
2023-02-08 15:52:57,52,59,1722,11647
2023-02-08 15:53:00,52,54,1722,11647
2023-02-08 15:53:00,49,54,1722,11647
2023-02-08 15:53:00,49,52,1722,11647
2023-02-08 15:53:00,47,52,1722,11647
2023-02-08 15:53:01,49,52,1722,11647
2023-02-08 15:53:04,49,56,1722,11649
2023-02-08 15:53:04,47,56,1722,11649
2023-02-08 15:53:04,47,69,1722,11649
2023-02-08 15:53:04,45,69,1722,11649
2023-02-08 15:53:04,45,68,1722,11649
2023-02-08 15:53:04,51,68,1722,11649
2023-02-08 15:53:05,54,68,1722,11649
2023-02-08 15:53:05,54,63,1722,11649
2023-02-08 15:53:05,56,63,1722,11649
2023-02-08 15:53:05,56,60,1722,11649
2023-02-08 15:53:07,56,58,1722,11649
2023-02-08 15:53:08,54,58,1722,11649
2023-02-08 15:53:08,52,58,1722,11649
2023-02-08 15:53:09,50,58,1722,11649
2023-02-08 15:53:09,50,56,1722,11649
2023-02-08 15:53:09,52,56,1722,11649
2023-02-08 15:53:11,11,56,1722,11649
2023-02-08 15:53:11,49,56,1722,11649
2023-02-08 15:53:11,49,53,1722,11649
2023-02-08 15:53:15,47,53,1722,11649
2023-02-08 15:53:16,47,51,1722,11649
2023-02-08 15:53:21,47,49,1722,11649
2023-02-08 15:53:21,45,49,1722,11649
2023-02-08 15:53:22,45,47,1722,11649
2023-02-08 15:53:22,43,47,1722,11649
2023-02-08 15:53:28,43,49,1722,11649
2023-02-08 15:53:29,45,49,1722,11649
2023-02-08 15:53:37,45,51,1722,11649
2023-02-08 15:53:37,47,51,1722,11649
2023-02-08 15:53:39,47,54,1722,11649
2023-02-08 15:53:40,47,56,1722,11649
2023-02-08 15:53:40,49,56,1722,11649
2023-02-08 15:53:40,49,53,1722,11649
2023-02-08 15:53:44,49,51,1722,11649
2023-02-08 15:53:44,47,51,1722,11649
2023-02-08 15:53:45,47,53,1722,11649
2023-02-08 15:53:45,49,53,1722,11649
2023-02-08 15:53:47,52,53,1722,11649
2023-02-08 15:53:47,52,56,1722,11649
2023-02-08 15:53:55,52,53,1722,11649
2023-02-08 15:53:55,50,53,1722,11649
2023-02-08 15:53:55,49,53,1722,11649
2023-02-08 15:53:59,47,53,1722,11649
2023-02-08 15:53:59,47,51,1722,11649
2023-02-08 15:54:04,45,51,1722,11649
2023-02-08 15:54:04,45,51,1722,11667
2023-02-08 15:54:05,42,51,1722,11667
2023-02-08 15:54:05,30,51,1722,11667
2023-02-08 15:54:05,30,69,1722,11667
2023-02-08 15:54:06,30,34,1722,11667
2023-02-08 15:54:06,28,34,1722,11667
2023-02-08 15:54:10,28,37,1742,11687
2023-02-08 15:54:10,28,36,1742,11687
2023-02-08 15:54:10,28,32,1742,11687
2023-02-08 15:54:11,11,32,1742,11687
2023-02-08 15:54:11,23,32,1742,11687
2023-02-08 15:54:11,26,32,1742,11687
2023-02-08 15:54:11,30,32,1742,11687
2023-02-08 15:54:12,30,37,1742,11687
2023-02-08 15:54:12,30,36,1742,11687
2023-02-08 15:54:13,32,36,1742,11687
2023-02-08 15:54:13,32,39,1742,11687
2023-02-08 15:54:14,32,38,1742,11687
2023-02-08 15:54:15,35,38,1742,11687
2023-02-08 15:54:16,35,42,1742,11687
2023-02-08 15:54:17,35,69,1742,11687
2023-02-08 15:54:17,35,39,1742,11687
2023-02-08 15:54:17,32,39,1742,11687
2023-02-08 15:54:18,32,37,1742,11687
2023-02-08 15:54:19,32,36,1742,11687
2023-02-08 15:54:20,32,37,1742,11687
2023-02-08 15:54:20,32,39,1742,11687
2023-02-08 15:54:20,32,38,1742,11687
2023-02-08 15:54:20,32,39,1742,11687
2023-02-08 15:54:22,32,51,1742,11687
2023-02-08 15:54:22,32,50,1742,11687
2023-02-08 15:54:23,44,50,1742,11687
2023-02-08 15:54:27,44,51,1742,11687
2023-02-08 15:54:29,44,49,1742,11687
2023-02-08 15:54:29,42,49,1742,11687
2023-02-08 15:54:30,42,69,1742,11687
2023-02-08 15:54:30,42,51,1742,11687
2023-02-08 15:54:31,44,51,1742,11687
2023-02-08 15:54:33,44,49,1742,11687
2023-02-08 15:54:33,42,49,1742,11687
2023-02-08 15:54:36,42,46,1742,11687
2023-02-08 15:54:37,40,46,1742,11687
2023-02-08 15:54:37,40,69,1742,11687
2023-02-08 15:54:37,37,69,1742,11687
2023-02-08 15:54:37,37,44,1742,11687
2023-02-08 15:54:40,35,44,1742,11687
2023-02-08 15:54:40,39,44,1742,11687
2023-02-08 15:54:41,39,51,1742,11687
2023-02-08 15:54:41,42,51,1742,11687
2023-02-08 15:54:42,50,51,1742,11687
2023-02-08 15:54:42,50,69,1742,11687
2023-02-08 15:54:42,50,59,1742,11687
2023-02-08 15:54:43,52,59,1742,11687
2023-02-08 15:54:44,52,69,1742,11687
2023-02-08 15:54:44,55,62,1742,11687
2023-02-08 15:54:45,57,62,1742,11687
2023-02-08 15:54:46,57,64,1742,11687
2023-02-08 15:54:47,55,64,1722,11707
2023-02-08 15:54:47,55,69,1722,11707
2023-02-08 15:54:47,52,69,1722,11707
2023-02-08 15:54:48,52,62,1722,11707
2023-02-08 15:54:48,52,59,1722,11707
2023-02-08 15:54:49,55,59,1722,11707
2023-02-08 15:54:49,55,64,1722,11707
2023-02-08 15:54:49,55,61,1722,11707
2023-02-08 15:54:51,58,61,1722,11707
2023-02-08 15:54:51,58,64,1722,11707
2023-02-08 15:54:59,58,62,1722,11707
2023-02-08 15:54:59,58,59,1722,11707
2023-02-08 15:55:00,55,59,1722,11707
2023-02-08 15:55:00,55,58,1722,11707
2023-02-08 15:55:00,53,58,1722,11707
2023-02-08 15:55:01,50,58,1722,11707
2023-02-08 15:55:01,50,59,1742,11727
2023-02-08 15:55:01,50,69,1742,11727
2023-02-08 15:55:01,11,69,1742,11727
2023-02-08 15:55:02,66,75,1742,11727
2023-02-08 15:55:02,66,73,1742,11727
2023-02-08 15:55:03,66,73,1742,11747
2023-02-08 15:55:04,66,67,1742,11747
2023-02-08 15:55:05,63,67,1742,11747
2023-02-08 15:55:05,11,67,1742,11747
2023-02-08 15:55:05,11,65,1742,11747
2023-02-08 15:55:05,61,65,1742,11747
2023-02-08 15:55:06,61,62,1742,11747
2023-02-08 15:55:07,58,62,1742,11747
2023-02-08 15:55:08,61,62,1742,11747
2023-02-08 15:55:09,11,65,1742,11747
2023-02-08 15:55:10,11,66,1742,11747
2023-02-08 15:55:10,63,66,1742,11747
2023-02-08 15:55:12,11,66,1742,11747
2023-02-08 15:55:12,61,66,1742,11747
2023-02-08 15:55:12,61,65,1742,11747
2023-02-08 15:55:13,61,66,1742,11747
2023-02-08 15:55:13,11,66,1742,11747
2023-02-08 15:55:13,11,67,1742,11767
2023-02-08 15:55:13,11,70,1742,11767
2023-02-08 15:55:15,11,68,1742,11767
2023-02-08 15:55:19,11,70,1742,11767
2023-02-08 15:55:22,11,72,1742,11767
2023-02-08 15:55:22,11,71,1742,11767
2023-02-08 15:55:23,11,68,1742,11767
2023-02-08 15:55:23,11,70,1742,11767
2023-02-08 15:55:24,11,71,1742,11767
2023-02-08 15:55:24,11,72,1742,11767
2023-02-08 15:55:26,11,75,1742,11767
2023-02-08 15:55:27,11,73,1742,11767
2023-02-08 15:55:28,11,71,1742,11767
2023-02-08 15:55:29,11,69,1742,11767
2023-02-08 15:55:31,11,66,1742,11767
2023-02-08 15:55:37,11,63,1742,11767
2023-02-08 15:55:39,11,60,1742,11767
2023-02-08 15:55:40,11,63,1742,11767
2023-02-08 15:55:44,11,69,1742,11767
2023-02-08 15:55:44,11,68,1742,11767
2023-02-08 15:55:45,11,69,1742,11767
2023-02-08 15:55:45,11,72,1742,11767
2023-02-08 15:55:47,11,76,1742,11767
2023-02-08 15:55:48,11,77,1742,11767
2023-02-08 15:55:49,11,79,1742,11767
2023-02-08 15:55:51,11,81,1742,11767
2023-02-08 15:55:52,11,79,1742,11767
