datetime,bid,ask,open_interest,volume
2023-03-20 09:31:03,23,26,490,609
2023-03-20 09:31:11,23,26,864,983
2023-03-20 09:31:11,23,26,956,1075
2023-03-20 09:32:18,23,24,956,1075
2023-03-20 09:33:59,23,26,956,1075
2023-03-20 09:34:28,23,24,956,1075
2023-03-20 09:34:42,21,23,1033,1152
2023-03-20 09:34:50,21,24,1033,1152
2023-03-20 09:35:19,20,24,1033,1152
2023-03-20 09:36:46,20,22,1033,1152
2023-03-20 09:36:46,19,22,1033,1152
2023-03-20 09:36:58,19,21,1033,1152
2023-03-20 09:37:03,19,20,1033,1152
2023-03-20 09:37:17,19,22,1033,1152
2023-03-20 09:37:18,19,21,1033,1152
2023-03-20 09:37:46,19,20,1033,1152
2023-03-20 09:38:26,19,22,1033,1152
2023-03-20 09:38:26,20,22,1033,1152
2023-03-20 09:38:26,20,24,1033,1152
2023-03-20 09:38:29,20,22,1033,1152
2023-03-20 09:38:36,20,24,1093,1212
2023-03-20 09:38:38,20,22,1093,1212
2023-03-20 09:38:42,20,24,1163,1282
2023-03-20 09:38:43,20,23,1163,1282
2023-03-20 09:38:46,20,24,1163,1282
2023-03-20 09:38:47,20,23,1163,1282
2023-03-20 09:38:59,20,24,1163,1282
2023-03-20 09:38:59,20,23,1163,1282
2023-03-20 09:39:09,23,24,1283,1402
2023-03-20 09:39:10,20,24,1371,1490
2023-03-20 09:39:10,21,24,1371,1490
2023-03-20 09:39:11,21,23,1371,1490
2023-03-20 09:39:20,21,24,1551,1670
2023-03-20 09:39:37,21,24,1354,1867
2023-03-20 09:39:50,22,24,1354,1867
2023-03-20 09:40:33,21,24,1354,1867
2023-03-20 09:40:58,21,24,1243,1978
2023-03-20 09:40:59,21,23,1243,1978
2023-03-20 09:41:02,21,24,1243,1978
2023-03-20 09:41:02,21,23,1243,1978
2023-03-20 09:41:08,21,24,1243,1978
2023-03-20 09:41:09,22,24,1243,1978
2023-03-20 09:41:09,22,25,1243,1978
2023-03-20 09:41:19,22,24,1243,1978
2023-03-20 09:41:29,22,25,1243,1978
2023-03-20 09:42:22,22,24,1243,1978
2023-03-20 09:42:49,22,25,1243,1978
2023-03-20 09:42:56,22,24,1243,1978
2023-03-20 09:43:02,22,25,1243,1978
2023-03-20 09:43:03,22,24,1243,1978
2023-03-20 09:43:04,21,24,1243,1978
2023-03-20 09:43:07,21,23,1243,1978
2023-03-20 09:43:13,20,23,1243,1978
2023-03-20 09:43:20,20,22,1243,1978
2023-03-20 09:43:36,20,23,1243,1978
2023-03-20 09:43:41,20,22,1243,1978
2023-03-20 09:43:42,19,22,1243,1978
2023-03-20 09:43:46,19,21,1243,1978
2023-03-20 09:43:50,19,22,1243,1978
2023-03-20 09:43:50,19,21,1243,1978
2023-03-20 09:43:55,19,22,1243,1978
2023-03-20 09:44:34,19,21,1243,1978
2023-03-20 09:44:45,19,22,1243,1978
2023-03-20 09:45:11,20,22,1243,1978
2023-03-20 09:45:11,20,23,1243,1978
2023-03-20 09:45:11,20,22,1243,1978
2023-03-20 09:45:14,20,23,1243,1978
2023-03-20 09:45:14,20,22,1243,1978
2023-03-20 09:45:29,20,23,1243,1978
2023-03-20 09:45:38,20,22,1243,1978
2023-03-20 09:45:41,20,23,1243,1978
2023-03-20 09:45:43,20,22,1243,1978
2023-03-20 09:45:50,20,23,1243,1978
2023-03-20 09:45:51,20,22,1243,1978
2023-03-20 09:45:53,20,23,1243,1978
2023-03-20 09:45:53,20,22,1243,1978
2023-03-20 09:45:56,20,23,1243,1978
2023-03-20 09:45:56,20,22,1243,1978
2023-03-20 09:46:03,20,23,1243,1978
2023-03-20 09:46:03,20,22,1243,1978
2023-03-20 09:46:05,19,22,1243,1978
2023-03-20 09:46:23,19,21,1243,1978
2023-03-20 09:46:37,19,22,1243,1978
2023-03-20 09:46:37,19,21,1243,1978
2023-03-20 09:46:54,19,22,1243,1978
2023-03-20 09:46:55,19,21,1243,1978
2023-03-20 09:46:57,19,22,1243,1978
2023-03-20 09:46:57,19,21,1243,1978
2023-03-20 09:47:00,19,22,1243,1978
2023-03-20 09:47:48,19,21,1243,1978
2023-03-20 09:47:53,19,22,1243,1978
2023-03-20 09:48:02,19,21,1243,1978
2023-03-20 09:48:17,18,21,1243,1978
2023-03-20 09:48:22,18,20,1243,1978
2023-03-20 09:48:29,17,20,1243,1978
2023-03-20 09:48:35,17,19,1243,1978
2023-03-20 09:48:36,16,19,1243,1978
2023-03-20 09:49:01,17,19,1243,1978
2023-03-20 09:49:02,17,20,1243,1978
2023-03-20 09:49:12,18,20,1243,1978
2023-03-20 09:49:15,18,21,1243,1978
2023-03-20 09:49:24,19,21,1243,1978
2023-03-20 09:49:29,19,22,1243,1978
2023-03-20 09:49:50,20,22,1243,1978
2023-03-20 09:49:53,20,23,1243,1978
2023-03-20 09:49:53,20,22,1243,1978
2023-03-20 09:49:55,20,23,1243,1978
2023-03-20 09:50:07,20,22,1243,1978
2023-03-20 09:50:15,20,23,1243,1978
2023-03-20 09:50:15,20,22,1243,1978
2023-03-20 09:50:19,19,22,1243,1978
2023-03-20 09:51:14,20,22,1243,1978
2023-03-20 09:51:17,20,23,1243,1978
2023-03-20 09:51:21,21,23,1243,1978
2023-03-20 09:51:22,21,24,1243,1978
2023-03-20 09:51:24,22,24,1243,1978
2023-03-20 09:51:27,22,23,1243,1978
2023-03-20 09:51:30,21,22,1243,1979
2023-03-20 09:51:51,21,23,1115,2107
2023-03-20 09:51:52,21,24,1115,2107
2023-03-20 09:52:07,22,24,1115,2107
2023-03-20 09:52:07,22,25,1115,2107
2023-03-20 09:52:26,22,24,1115,2107
2023-03-20 09:52:36,22,25,1115,2107
2023-03-20 09:52:38,21,25,1115,2107
2023-03-20 09:52:44,23,24,1115,2107
2023-03-20 09:52:48,21,23,1116,2108
2023-03-20 09:52:52,21,24,1116,2108
2023-03-20 09:53:18,21,23,1116,2108
2023-03-20 09:53:32,21,24,1116,2108
2023-03-20 09:53:32,21,23,1116,2108
2023-03-20 09:53:37,21,24,1116,2108
2023-03-20 09:53:40,21,23,1116,2108
2023-03-20 09:53:45,21,24,1116,2108
2023-03-20 09:53:45,21,23,1116,2108
2023-03-20 09:54:02,21,24,1116,2108
2023-03-20 09:54:15,21,23,1116,2108
2023-03-20 09:54:30,21,24,1116,2108
2023-03-20 09:54:30,21,23,1116,2108
2023-03-20 09:54:41,21,24,1116,2108
2023-03-20 09:54:42,21,23,1116,2108
2023-03-20 09:54:42,20,23,1116,2108
2023-03-20 09:54:49,20,22,1116,2108
2023-03-20 09:54:53,20,23,1116,2108
2023-03-20 09:54:54,20,22,1116,2108
2023-03-20 09:55:12,19,20,1244,2236
2023-03-20 09:55:17,19,22,1244,2236
2023-03-20 09:55:17,19,21,1244,2236
2023-03-20 09:55:21,19,22,1244,2236
2023-03-20 09:55:21,19,21,1244,2236
2023-03-20 09:55:23,19,22,1244,2236
2023-03-20 09:55:24,19,21,1244,2236
2023-03-20 09:55:40,19,22,1244,2236
2023-03-20 09:55:40,19,21,1244,2236
2023-03-20 09:55:48,19,22,1244,2236
2023-03-20 09:55:48,19,21,1244,2236
2023-03-20 09:55:54,19,22,1244,2236
2023-03-20 09:56:26,19,21,1244,2236
2023-03-20 09:56:35,19,22,1244,2236
2023-03-20 09:56:40,19,21,1244,2236
2023-03-20 09:56:45,19,22,1244,2236
2023-03-20 09:56:45,19,21,1244,2236
2023-03-20 09:56:54,19,22,1244,2236
2023-03-20 09:57:15,20,22,1244,2236
2023-03-20 09:57:28,20,23,1244,2236
2023-03-20 09:57:39,20,22,1244,2236
2023-03-20 09:57:48,20,23,1244,2236
2023-03-20 09:57:48,20,22,1244,2236
2023-03-20 09:57:55,20,23,1244,2236
2023-03-20 09:57:55,20,22,1244,2236
2023-03-20 09:58:04,20,23,1244,2236
2023-03-20 09:58:04,20,22,1244,2236
2023-03-20 09:58:09,20,23,1244,2236
2023-03-20 09:58:09,20,22,1244,2236
2023-03-20 09:58:13,20,23,1244,2236
2023-03-20 09:58:18,20,22,1244,2236
2023-03-20 09:58:21,20,23,1244,2236
2023-03-20 09:58:21,20,22,1244,2236
2023-03-20 09:58:23,20,23,1244,2236
2023-03-20 09:58:24,20,22,1244,2236
2023-03-20 09:58:26,20,23,1244,2236
2023-03-20 09:58:26,20,22,1244,2236
2023-03-20 09:58:38,20,23,1244,2236
2023-03-20 09:58:38,20,22,1244,2236
2023-03-20 09:58:44,20,23,1244,2236
2023-03-20 09:58:45,20,21,1244,2236
2023-03-20 09:58:51,20,23,1244,2236
2023-03-20 09:58:51,20,22,1244,2236
2023-03-20 09:59:06,20,23,1244,2236
2023-03-20 09:59:06,20,22,1244,2236
2023-03-20 09:59:10,19,22,1244,2236
2023-03-20 09:59:32,19,21,1244,2236
2023-03-20 09:59:47,19,22,1244,2236
2023-03-20 10:00:05,20,22,1244,2236
2023-03-20 10:00:07,21,22,1244,2236
2023-03-20 10:00:08,21,23,1244,2236
2023-03-20 10:00:08,21,22,1244,2236
2023-03-20 10:00:17,21,23,1244,2236
2023-03-20 10:00:28,21,24,1244,2236
2023-03-20 10:00:47,22,24,1244,2236
2023-03-20 10:01:28,23,24,1244,2236
2023-03-20 10:02:19,23,24,1244,2237
2023-03-20 10:03:53,24,25,1126,2364
2023-03-20 10:05:53,24,25,1126,2482
2023-03-20 10:07:02,23,25,1126,2482
2023-03-20 10:07:06,22,25,1126,2482
2023-03-20 10:07:16,23,25,1126,2482
2023-03-20 10:07:28,22,25,1126,2482
2023-03-20 10:07:42,23,25,1126,2482
2023-03-20 10:07:52,22,25,1126,2482
2023-03-20 10:08:09,22,24,1126,2482
2023-03-20 10:08:11,22,25,1126,2482
2023-03-20 10:08:11,22,24,1126,2482
2023-03-20 10:08:14,22,25,1126,2482
2023-03-20 10:08:14,22,24,1126,2482
2023-03-20 10:08:17,22,25,1126,2482
2023-03-20 10:08:17,22,24,1126,2482
2023-03-20 10:08:23,22,25,1126,2482
2023-03-20 10:08:23,22,24,1126,2482
2023-03-20 10:08:25,22,25,1126,2482
2023-03-20 10:08:25,22,24,1126,2482
2023-03-20 10:08:33,21,24,1126,2482
2023-03-20 10:08:36,20,24,1126,2482
2023-03-20 10:08:36,21,24,1126,2482
2023-03-20 10:08:37,20,24,1126,2482
2023-03-20 10:08:38,20,23,1126,2482
2023-03-20 10:08:39,20,24,1126,2482
2023-03-20 10:08:39,20,23,1126,2482
2023-03-20 10:08:41,20,24,1126,2482
2023-03-20 10:08:41,20,23,1126,2482
2023-03-20 10:08:44,20,24,1126,2482
2023-03-20 10:08:44,20,23,1126,2482
2023-03-20 10:08:48,20,24,1126,2482
2023-03-20 10:08:48,21,24,1126,2482
2023-03-20 10:08:54,20,24,1126,2482
2023-03-20 10:08:54,21,24,1126,2482
2023-03-20 10:09:05,20,24,1126,2482
2023-03-20 10:09:06,21,24,1126,2482
2023-03-20 10:09:23,20,24,1126,2482
2023-03-20 10:09:23,21,24,1126,2482
2023-03-20 10:09:24,20,24,1126,2482
2023-03-20 10:09:24,21,24,1126,2482
2023-03-20 10:09:54,20,24,1126,2482
2023-03-20 10:09:54,21,24,1126,2482
2023-03-20 10:10:06,20,24,1126,2482
2023-03-20 10:10:06,21,24,1126,2482
2023-03-20 10:10:08,20,24,1126,2482
2023-03-20 10:10:08,20,23,1126,2482
2023-03-20 10:10:20,20,24,1126,2482
2023-03-20 10:10:21,21,24,1126,2482
2023-03-20 10:10:22,20,24,1126,2482
2023-03-20 10:10:22,20,23,1126,2482
2023-03-20 10:10:24,20,24,1126,2482
2023-03-20 10:10:24,20,23,1126,2482
2023-03-20 10:10:44,20,24,1126,2482
2023-03-20 10:10:44,20,23,1126,2482
2023-03-20 10:10:55,20,24,1126,2482
2023-03-20 10:10:55,21,24,1126,2482
2023-03-20 10:11:05,20,24,1126,2482
2023-03-20 10:11:05,20,23,1126,2482
2023-03-20 10:11:08,20,24,1126,2482
2023-03-20 10:11:08,20,23,1126,2482
2023-03-20 10:11:28,20,24,1126,2482
2023-03-20 10:11:29,20,23,1126,2482
2023-03-20 10:11:40,20,24,1126,2482
2023-03-20 10:11:40,20,23,1126,2482
2023-03-20 10:11:44,20,22,1126,2482
2023-03-20 10:11:46,20,23,1126,2482
2023-03-20 10:11:46,20,22,1126,2482
2023-03-20 10:11:54,20,23,1126,2482
2023-03-20 10:12:08,20,24,1126,2482
2023-03-20 10:12:08,21,24,1126,2482
2023-03-20 10:12:09,20,24,1126,2482
2023-03-20 10:12:09,21,24,1126,2482
2023-03-20 10:12:14,20,24,1126,2482
2023-03-20 10:12:14,21,24,1126,2482
2023-03-20 10:12:16,22,24,1126,2482
2023-03-20 10:12:19,22,25,1126,2482
2023-03-20 10:12:19,22,24,1126,2482
2023-03-20 10:12:22,22,25,1126,2482
2023-03-20 10:12:22,22,24,1126,2482
2023-03-20 10:12:25,22,25,1126,2482
2023-03-20 10:12:25,22,24,1126,2482
2023-03-20 10:12:28,22,25,1126,2482
2023-03-20 10:12:31,22,24,1126,2482
2023-03-20 10:12:43,22,25,1126,2482
2023-03-20 10:13:30,23,25,1126,2482
2023-03-20 10:13:39,22,25,1126,2482
2023-03-20 10:14:19,22,24,1126,2482
2023-03-20 10:14:20,22,25,1126,2482
2023-03-20 10:14:27,22,24,1126,2482
2023-03-20 10:14:32,22,25,1126,2482
2023-03-20 10:14:32,22,24,1126,2482
2023-03-20 10:14:35,22,25,1126,2482
2023-03-20 10:14:35,22,24,1126,2482
2023-03-20 10:14:49,22,25,1126,2482
2023-03-20 10:14:50,22,24,1126,2482
2023-03-20 10:15:05,22,25,1126,2482
2023-03-20 10:15:05,22,24,1126,2482
2023-03-20 10:15:13,22,25,1126,2482
2023-03-20 10:16:12,23,25,1126,2482
2023-03-20 10:16:19,22,25,1126,2482
2023-03-20 10:16:19,23,25,1126,2482
2023-03-20 10:16:21,22,25,1126,2482
2023-03-20 10:16:21,23,25,1126,2482
2023-03-20 10:16:27,22,25,1126,2482
2023-03-20 10:16:45,23,25,1126,2482
2023-03-20 10:16:46,22,25,1126,2482
2023-03-20 10:16:47,23,25,1126,2482
2023-03-20 10:16:53,22,25,1126,2482
2023-03-20 10:16:53,23,25,1126,2482
2023-03-20 10:17:03,22,25,1126,2482
2023-03-20 10:17:08,22,24,1126,2482
2023-03-20 10:17:13,22,25,1126,2482
2023-03-20 10:17:13,22,24,1126,2482
2023-03-20 10:17:14,21,24,1126,2482
2023-03-20 10:17:15,20,24,1126,2482
2023-03-20 10:17:15,21,24,1126,2482
2023-03-20 10:17:20,20,24,1126,2482
2023-03-20 10:17:20,20,23,1126,2482
2023-03-20 10:17:22,20,24,1126,2482
2023-03-20 10:17:22,21,24,1126,2482
2023-03-20 10:17:23,20,24,1126,2482
2023-03-20 10:17:23,21,24,1126,2482
2023-03-20 10:17:29,20,24,1126,2482
2023-03-20 10:17:29,20,23,1126,2482
2023-03-20 10:17:34,20,24,1126,2482
2023-03-20 10:17:34,20,23,1126,2482
2023-03-20 10:17:36,20,24,1126,2482
2023-03-20 10:17:36,21,24,1126,2482
2023-03-20 10:17:52,20,24,1126,2482
2023-03-20 10:17:52,21,24,1126,2482
2023-03-20 10:17:56,20,24,1126,2482
2023-03-20 10:17:56,21,24,1126,2482
2023-03-20 10:18:06,20,24,1126,2482
2023-03-20 10:18:06,21,24,1126,2482
2023-03-20 10:18:08,22,24,1126,2482
2023-03-20 10:18:10,22,25,1126,2482
2023-03-20 10:18:10,22,24,1126,2482
2023-03-20 10:18:12,22,25,1126,2482
2023-03-20 10:18:12,22,24,1126,2482
2023-03-20 10:18:36,22,25,1126,2482
2023-03-20 10:18:36,22,24,1126,2482
2023-03-20 10:18:38,22,25,1126,2482
2023-03-20 10:18:38,22,24,1126,2482
2023-03-20 10:18:50,21,24,1126,2482
2023-03-20 10:18:50,20,24,1126,2482
2023-03-20 10:18:50,21,24,1126,2482
2023-03-20 10:18:55,20,24,1126,2482
2023-03-20 10:18:55,21,24,1126,2482
2023-03-20 10:18:57,20,24,1126,2482
2023-03-20 10:18:57,20,23,1126,2482
2023-03-20 10:18:59,20,24,1126,2482
2023-03-20 10:19:00,20,23,1126,2482
2023-03-20 10:19:02,20,24,1126,2482
2023-03-20 10:19:02,20,23,1126,2482
2023-03-20 10:19:08,20,22,1126,2482
2023-03-20 10:19:16,20,23,1126,2482
2023-03-20 10:19:29,20,24,1126,2482
2023-03-20 10:19:29,20,23,1126,2482
2023-03-20 10:19:30,21,23,1126,2482
2023-03-20 10:19:41,20,23,1126,2482
2023-03-20 10:19:46,20,22,1126,2482
2023-03-20 10:20:03,20,23,1126,2482
2023-03-20 10:20:03,20,22,1126,2482
2023-03-20 10:20:10,20,23,1126,2482
2023-03-20 10:20:24,20,22,1126,2482
2023-03-20 10:20:26,20,23,1126,2482
2023-03-20 10:20:26,20,22,1126,2482
2023-03-20 10:20:27,19,22,1126,2482
2023-03-20 10:20:28,18,22,1126,2482
2023-03-20 10:20:28,19,22,1126,2482
2023-03-20 10:20:37,18,22,1126,2482
2023-03-20 10:20:37,19,22,1126,2482
2023-03-20 10:20:46,20,22,1126,2482
2023-03-20 10:20:48,20,23,1126,2482
2023-03-20 10:20:48,20,22,1126,2482
2023-03-20 10:20:50,20,23,1126,2482
2023-03-20 10:21:16,20,22,1126,2482
2023-03-20 10:21:23,20,23,1126,2482
2023-03-20 10:21:28,20,24,1126,2482
2023-03-20 10:21:29,20,23,1126,2482
2023-03-20 10:21:32,20,24,1126,2482
2023-03-20 10:21:32,21,24,1126,2482
2023-03-20 10:21:34,20,24,1126,2482
2023-03-20 10:21:34,21,24,1126,2482
2023-03-20 10:21:47,20,24,1126,2482
2023-03-20 10:21:47,20,23,1126,2482
2023-03-20 10:21:53,20,24,1126,2482
2023-03-20 10:21:54,20,23,1126,2482
2023-03-20 10:21:57,20,24,1126,2482
2023-03-20 10:21:57,20,23,1126,2482
2023-03-20 10:22:03,20,24,1126,2482
2023-03-20 10:22:03,20,23,1126,2482
2023-03-20 10:22:06,20,24,1126,2482
2023-03-20 10:22:06,21,24,1126,2482
2023-03-20 10:22:07,20,24,1126,2482
2023-03-20 10:22:07,21,24,1126,2482
2023-03-20 10:22:13,20,24,1126,2482
2023-03-20 10:22:13,21,24,1126,2482
2023-03-20 10:22:17,20,24,1126,2482
2023-03-20 10:22:17,21,24,1126,2482
2023-03-20 10:22:19,20,24,1126,2482
2023-03-20 10:22:19,21,24,1126,2482
2023-03-20 10:22:24,20,24,1126,2482
2023-03-20 10:22:24,20,23,1126,2482
2023-03-20 10:22:26,20,24,1126,2482
2023-03-20 10:22:26,21,24,1126,2482
2023-03-20 10:22:28,20,24,1126,2482
2023-03-20 10:22:28,21,24,1126,2482
2023-03-20 10:22:35,20,24,1126,2482
2023-03-20 10:22:35,21,24,1126,2482
2023-03-20 10:22:43,20,24,1126,2482
2023-03-20 10:22:43,21,24,1126,2482
2023-03-20 10:22:49,20,24,1126,2482
2023-03-20 10:22:49,21,24,1126,2482
2023-03-20 10:22:53,20,24,1126,2482
2023-03-20 10:22:53,21,24,1126,2482
2023-03-20 10:23:08,20,24,1126,2482
2023-03-20 10:23:08,21,24,1126,2482
2023-03-20 10:23:12,20,24,1126,2482
2023-03-20 10:23:12,21,24,1126,2482
2023-03-20 10:23:14,20,24,1126,2482
2023-03-20 10:23:14,21,24,1126,2482
2023-03-20 10:23:17,20,24,1126,2482
2023-03-20 10:23:17,21,24,1126,2482
2023-03-20 10:23:22,20,24,1126,2482
2023-03-20 10:23:23,21,24,1126,2482
2023-03-20 10:23:24,22,24,1126,2482
2023-03-20 10:23:26,22,25,1126,2482
2023-03-20 10:23:30,23,25,1126,2482
2023-03-20 10:23:38,22,25,1126,2482
2023-03-20 10:24:05,22,26,1126,2482
2023-03-20 10:24:05,22,25,1126,2482
2023-03-20 10:24:09,22,26,1126,2482
2023-03-20 10:24:09,23,26,1126,2482
2023-03-20 10:24:21,22,26,1126,2482
2023-03-20 10:24:21,23,26,1126,2482
2023-03-20 10:24:26,24,26,1126,2482
2023-03-20 10:24:27,24,27,1126,2482
2023-03-20 10:24:27,24,26,1126,2482
2023-03-20 10:24:32,24,27,1126,2482
2023-03-20 10:24:41,24,26,1126,2482
2023-03-20 10:24:47,24,27,1126,2482
2023-03-20 10:24:56,24,28,1126,2482
2023-03-20 10:24:57,24,27,1126,2482
2023-03-20 10:24:58,25,27,1126,2482
2023-03-20 10:25:04,24,27,1126,2482
2023-03-20 10:25:04,24,28,1126,2482
2023-03-20 10:25:05,26,28,1126,2482
2023-03-20 10:25:09,24,28,1126,2482
2023-03-20 10:25:10,25,28,1126,2482
2023-03-20 10:25:13,24,28,1126,2482
2023-03-20 10:25:14,25,28,1126,2482
2023-03-20 10:25:18,24,28,1126,2482
2023-03-20 10:25:19,25,28,1126,2482
2023-03-20 10:25:29,24,28,1126,2482
2023-03-20 10:25:29,25,28,1126,2482
2023-03-20 10:25:32,24,28,1126,2482
2023-03-20 10:25:33,25,28,1126,2482
2023-03-20 10:25:37,24,28,1126,2482
2023-03-20 10:25:37,24,27,1126,2482
2023-03-20 10:25:41,24,28,1126,2482
2023-03-20 10:25:42,25,28,1126,2482
2023-03-20 10:25:44,24,28,1126,2482
2023-03-20 10:25:44,25,28,1126,2482
2023-03-20 10:25:47,24,28,1126,2482
2023-03-20 10:25:48,25,28,1126,2482
2023-03-20 10:25:51,24,28,1126,2482
2023-03-20 10:25:51,25,28,1126,2482
2023-03-20 10:25:52,24,28,1126,2482
2023-03-20 10:25:52,25,28,1126,2482
2023-03-20 10:26:10,24,28,1126,2482
2023-03-20 10:26:10,25,28,1126,2482
2023-03-20 10:26:14,24,28,1126,2482
2023-03-20 10:26:14,25,28,1126,2482
2023-03-20 10:26:16,24,28,1126,2482
2023-03-20 10:26:16,25,28,1126,2482
2023-03-20 10:26:18,24,28,1126,2482
2023-03-20 10:26:18,26,28,1126,2482
2023-03-20 10:26:22,24,28,1126,2482
2023-03-20 10:26:22,25,28,1126,2482
2023-03-20 10:26:24,24,28,1126,2482
2023-03-20 10:26:24,25,28,1126,2482
2023-03-20 10:26:27,24,28,1126,2482
2023-03-20 10:26:27,25,28,1126,2482
2023-03-20 10:26:42,24,28,1126,2482
2023-03-20 10:26:42,25,28,1126,2482
2023-03-20 10:26:57,24,28,1126,2482
2023-03-20 10:26:57,24,27,1126,2482
2023-03-20 10:27:18,24,28,1126,2482
2023-03-20 10:27:18,24,27,1126,2482
2023-03-20 10:27:22,24,28,1126,2482
2023-03-20 10:27:22,24,27,1126,2482
2023-03-20 10:27:37,24,28,1126,2482
2023-03-20 10:27:37,24,27,1126,2482
2023-03-20 10:28:07,24,28,1126,2482
2023-03-20 10:28:07,24,27,1126,2482
2023-03-20 10:28:16,20,27,1126,2482
2023-03-20 10:28:16,26,29,1126,2482
2023-03-20 10:28:25,26,28,1126,2482
2023-03-20 10:28:28,26,29,1126,2482
2023-03-20 10:28:28,26,28,1126,2482
2023-03-20 10:28:48,26,29,1126,2482
2023-03-20 10:28:48,26,28,1126,2482
2023-03-20 10:28:58,26,29,1126,2482
2023-03-20 10:29:05,26,27,1126,2482
2023-03-20 10:30:19,27,30,1126,2484
2023-03-20 10:30:33,26,30,1126,2484
2023-03-20 10:30:33,26,29,1126,2484
2023-03-20 10:30:48,26,30,1126,2484
2023-03-20 10:30:48,27,30,1126,2484
2023-03-20 10:30:57,26,30,1126,2484
2023-03-20 10:30:57,26,28,1126,2484
2023-03-20 10:31:05,26,30,1126,2484
2023-03-20 10:31:06,27,30,1126,2484
2023-03-20 10:31:09,27,29,1126,2484
2023-03-20 10:31:21,26,29,1126,2484
2023-03-20 10:31:38,27,29,1126,2484
2023-03-20 10:32:10,26,29,1126,2484
2023-03-20 10:32:10,27,29,1126,2484
2023-03-20 10:32:13,26,29,1126,2484
2023-03-20 10:32:13,27,29,1126,2484
2023-03-20 10:32:22,26,29,1126,2484
2023-03-20 10:32:22,27,29,1126,2484
2023-03-20 10:32:26,26,29,1126,2484
2023-03-20 10:32:26,27,29,1126,2484
2023-03-20 10:32:30,26,29,1126,2484
2023-03-20 10:32:30,27,29,1126,2484
2023-03-20 10:32:41,26,29,1126,2484
2023-03-20 10:32:57,26,28,1126,2484
2023-03-20 10:32:59,26,29,1126,2484
2023-03-20 10:33:00,26,28,1126,2484
2023-03-20 10:33:11,26,29,1126,2484
2023-03-20 10:33:11,26,28,1126,2484
2023-03-20 10:33:24,26,29,1126,2484
2023-03-20 10:33:25,26,28,1126,2484
2023-03-20 10:33:30,26,29,1126,2484
2023-03-20 10:34:34,27,29,1126,2484
2023-03-20 10:34:49,27,30,1126,2484
2023-03-20 10:35:09,26,30,1126,2484
2023-03-20 10:35:09,26,29,1126,2484
2023-03-20 10:35:10,28,29,1126,2484
2023-03-20 10:35:11,28,31,1126,2484
2023-03-20 10:35:21,28,30,1126,2484
2023-03-20 10:35:37,28,31,1126,2484
2023-03-20 10:35:37,28,30,1126,2484
2023-03-20 10:35:39,28,31,1126,2484
2023-03-20 10:35:39,28,30,1126,2484
2023-03-20 10:35:52,28,31,1126,2484
2023-03-20 10:35:53,28,30,1126,2484
2023-03-20 10:36:02,28,31,1126,2484
2023-03-20 10:36:02,28,29,1126,2484
2023-03-20 10:36:05,28,29,1252,2610
2023-03-20 10:36:09,28,31,1252,2610
2023-03-20 10:36:09,28,30,1252,2610
2023-03-20 10:36:15,27,30,1252,2610
2023-03-20 10:36:16,26,30,1252,2610
2023-03-20 10:36:17,27,30,1252,2610
2023-03-20 10:36:19,26,30,1252,2610
2023-03-20 10:36:19,27,30,1252,2610
2023-03-20 10:36:21,26,30,1252,2610
2023-03-20 10:36:21,27,30,1252,2610
2023-03-20 10:36:31,26,30,1252,2610
2023-03-20 10:36:31,26,29,1252,2610
2023-03-20 10:36:33,26,28,1252,2610
2023-03-20 10:36:41,26,29,1252,2610
2023-03-20 10:37:25,27,29,1252,2610
2023-03-20 10:37:40,26,29,1252,2610
2023-03-20 10:37:42,27,29,1252,2610
2023-03-20 10:37:44,26,29,1252,2610
2023-03-20 10:37:47,26,28,1252,2610
2023-03-20 10:37:53,26,29,1252,2610
2023-03-20 10:38:14,26,28,1252,2610
2023-03-20 10:38:19,26,29,1252,2610
2023-03-20 10:38:19,26,28,1252,2610
2023-03-20 10:38:26,26,29,1252,2610
2023-03-20 10:38:26,26,28,1252,2610
2023-03-20 10:38:28,26,27,1252,2610
2023-03-20 10:38:36,25,27,1252,2610
2023-03-20 10:38:44,24,27,1252,2610
2023-03-20 10:38:44,24,28,1252,2610
2023-03-20 10:38:44,24,27,1252,2610
2023-03-20 10:38:57,24,28,1252,2610
2023-03-20 10:38:58,24,26,1252,2610
2023-03-20 10:39:05,24,27,1252,2610
2023-03-20 10:39:05,24,26,1252,2610
2023-03-20 10:39:07,24,27,1252,2610
2023-03-20 10:39:07,24,26,1252,2610
2023-03-20 10:39:54,24,27,1252,2610
2023-03-20 10:39:54,24,26,1252,2610
2023-03-20 10:40:02,24,27,1252,2610
2023-03-20 10:40:02,24,26,1252,2610
2023-03-20 10:40:18,24,27,1252,2610
2023-03-20 10:40:26,24,26,1252,2610
2023-03-20 10:40:28,24,27,1252,2610
2023-03-20 10:40:30,24,26,1252,2610
2023-03-20 10:40:41,24,27,1252,2610
2023-03-20 10:41:16,24,26,1252,2610
2023-03-20 10:41:19,24,27,1252,2610
2023-03-20 10:41:26,24,28,1252,2610
2023-03-20 10:41:26,24,27,1252,2610
2023-03-20 10:41:30,24,28,1252,2610
2023-03-20 10:41:30,24,27,1252,2610
2023-03-20 10:41:33,26,27,1252,2610
2023-03-20 10:41:35,26,28,1252,2610
2023-03-20 10:41:35,26,27,1252,2610
2023-03-20 10:41:45,26,28,1292,2650
2023-03-20 10:41:45,26,29,1292,2650
2023-03-20 10:41:50,27,29,1292,2650
2023-03-20 10:41:52,26,29,1292,2650
2023-03-20 10:41:52,27,29,1292,2650
2023-03-20 10:41:57,26,29,1292,2650
2023-03-20 10:41:58,27,29,1292,2650
2023-03-20 10:41:59,27,30,1292,2650
2023-03-20 10:41:59,27,29,1292,2650
2023-03-20 10:42:16,26,29,1292,2650
2023-03-20 10:42:16,26,30,1292,2650
2023-03-20 10:42:16,26,29,1292,2650
2023-03-20 10:42:20,26,30,1292,2650
2023-03-20 10:42:38,27,30,1292,2650
2023-03-20 10:42:49,27,29,1292,2650
2023-03-20 10:42:50,26,29,1292,2650
2023-03-20 10:42:52,26,28,1292,2650
2023-03-20 10:42:57,26,29,1292,2650
2023-03-20 10:43:07,26,28,1292,2650
2023-03-20 10:43:14,26,29,1292,2650
2023-03-20 10:43:31,26,28,1292,2650
2023-03-20 10:44:12,26,27,1292,2650
2023-03-20 10:44:27,26,28,1292,2650
2023-03-20 10:45:18,26,27,1292,2650
2023-03-20 10:45:20,26,28,1292,2650
2023-03-20 10:45:21,26,27,1292,2650
2023-03-20 10:45:39,26,28,1292,2650
2023-03-20 10:45:43,26,29,1292,2650
2023-03-20 10:45:52,27,29,1292,2650
2023-03-20 10:46:07,26,29,1292,2650
2023-03-20 10:46:07,27,29,1292,2650
2023-03-20 10:46:11,26,29,1292,2650
2023-03-20 10:46:11,27,29,1292,2650
2023-03-20 10:46:29,27,28,1292,2650
2023-03-20 10:46:54,26,28,1292,2650
2023-03-20 10:46:54,26,29,1292,2650
2023-03-20 10:47:08,26,30,1292,2650
2023-03-20 10:47:09,27,30,1292,2650
2023-03-20 10:47:26,26,30,1292,2650
2023-03-20 10:47:27,27,30,1292,2650
2023-03-20 10:47:36,28,30,1292,2650
2023-03-20 10:49:56,30,32,1294,2652
2023-03-20 10:50:08,30,33,1294,2652
2023-03-20 10:50:26,30,32,1294,2652
2023-03-20 10:50:48,30,33,1294,2652
2023-03-20 10:50:49,30,32,1294,2652
2023-03-20 10:50:58,30,33,1294,2652
2023-03-20 10:50:58,30,32,1294,2652
2023-03-20 10:53:17,30,31,1294,2652
2023-03-20 10:53:22,30,32,1294,2652
2023-03-20 10:54:12,30,31,1294,2652
2023-03-20 10:54:26,30,32,1294,2652
2023-03-20 10:55:38,30,33,1294,2652
2023-03-20 10:56:14,32,33,1294,2652
2023-03-20 10:56:41,32,33,1422,2780
2023-03-20 10:58:03,34,35,1426,3040
2023-03-20 11:00:19,34,35,1586,3200
2023-03-20 11:00:28,34,36,1586,3200
2023-03-20 11:00:57,34,36,1589,3203
2023-03-20 11:01:39,34,37,1599,3253
2023-03-20 11:02:07,34,36,1599,3253
2023-03-20 11:02:09,34,37,1599,3253
2023-03-20 11:02:10,33,37,1599,3253
2023-03-20 11:02:10,36,37,1599,3253
2023-03-20 11:02:11,33,36,1619,3273
2023-03-20 11:02:13,34,36,1619,3273
2023-03-20 11:02:13,34,37,1619,3273
2023-03-20 11:02:37,34,38,1619,3273
2023-03-20 11:02:37,34,37,1619,3273
2023-03-20 11:02:41,34,38,1619,3273
2023-03-20 11:02:41,34,35,1619,3273
2023-03-20 11:02:58,34,38,1619,3273
2023-03-20 11:02:59,34,38,1739,3393
2023-03-20 11:02:59,34,36,1739,3393
2023-03-20 11:02:59,33,36,1739,3393
2023-03-20 11:03:01,33,38,1739,3393
2023-03-20 11:03:01,33,35,1739,3393
2023-03-20 11:03:04,33,38,1739,3393
2023-03-20 11:03:04,33,36,1739,3393
2023-03-20 11:03:04,33,34,1739,3393
2023-03-20 11:03:08,33,36,1739,3393
2023-03-20 11:03:08,33,38,1739,3393
2023-03-20 11:03:08,34,38,1739,3393
2023-03-20 11:03:08,34,37,1739,3393
2023-03-20 11:03:20,33,37,1739,3393
2023-03-20 11:03:20,33,38,1739,3393
2023-03-20 11:03:20,34,38,1739,3393
2023-03-20 11:03:20,34,37,1739,3393
2023-03-20 11:03:27,33,37,1739,3393
2023-03-20 11:03:27,33,38,1739,3393
2023-03-20 11:03:27,34,38,1739,3393
2023-03-20 11:03:29,34,36,1739,3393
2023-03-20 11:03:33,33,36,1739,3393
2023-03-20 11:03:33,34,36,1739,3393
2023-03-20 11:03:38,33,36,1739,3393
2023-03-20 11:03:38,34,36,1739,3393
2023-03-20 11:03:46,33,36,1739,3393
2023-03-20 11:03:46,33,35,1739,3393
2023-03-20 11:03:49,33,36,1739,3393
2023-03-20 11:03:49,35,36,1739,3393
2023-03-20 11:03:50,33,36,1739,3393
2023-03-20 11:03:50,34,36,1739,3393
2023-03-20 11:03:52,33,36,1739,3393
2023-03-20 11:03:52,34,36,1739,3393
2023-03-20 11:04:02,35,36,1739,3393
2023-03-20 11:04:46,33,35,1740,3394
2023-03-20 11:05:00,33,36,1740,3394
2023-03-20 11:05:00,34,36,1740,3394
2023-03-20 11:05:37,33,36,1740,3394
2023-03-20 11:05:37,34,36,1740,3394
2023-03-20 11:06:09,33,36,1740,3394
2023-03-20 11:06:10,34,36,1740,3394
2023-03-20 11:06:14,33,36,1740,3394
2023-03-20 11:06:18,34,36,1740,3394
2023-03-20 11:06:18,36,37,1740,3400
2023-03-20 11:06:20,34,37,1740,3400
2023-03-20 11:06:21,36,37,1740,3400
2023-03-20 11:06:25,34,37,1740,3400
2023-03-20 11:06:25,33,37,1740,3400
2023-03-20 11:06:25,34,37,1740,3400
2023-03-20 11:06:34,34,36,1740,3400
2023-03-20 11:06:38,33,36,1740,3400
2023-03-20 11:06:38,33,37,1740,3400
2023-03-20 11:06:38,35,37,1740,3400
2023-03-20 11:06:42,33,37,1740,3400
2023-03-20 11:06:42,34,37,1740,3400
2023-03-20 11:06:55,33,37,1740,3400
2023-03-20 11:06:55,34,37,1740,3400
2023-03-20 11:07:02,34,36,1740,3400
2023-03-20 11:07:03,34,37,1740,3400
2023-03-20 11:07:10,33,37,1740,3400
2023-03-20 11:07:11,35,37,1740,3400
2023-03-20 11:07:26,33,37,1740,3400
2023-03-20 11:07:26,35,37,1740,3400
2023-03-20 11:07:27,36,37,1740,3400
2023-03-20 11:07:43,33,37,1740,3400
2023-03-20 11:07:44,35,37,1740,3400
2023-03-20 11:07:52,33,37,1740,3400
2023-03-20 11:07:52,34,37,1740,3400
2023-03-20 11:07:56,33,37,1740,3400
2023-03-20 11:07:56,34,37,1740,3400
2023-03-20 11:08:12,33,37,1740,3400
2023-03-20 11:08:12,34,37,1740,3400
2023-03-20 11:08:21,33,37,1740,3400
2023-03-20 11:08:21,34,37,1740,3400
2023-03-20 11:08:36,33,37,1740,3400
2023-03-20 11:08:36,34,37,1740,3400
2023-03-20 11:08:53,33,37,1740,3400
2023-03-20 11:08:53,34,37,1740,3400
2023-03-20 11:09:08,33,37,1740,3400
2023-03-20 11:09:08,34,37,1740,3400
2023-03-20 11:09:22,33,37,1740,3400
2023-03-20 11:09:22,34,37,1740,3400
2023-03-20 11:09:22,34,36,1740,3400
2023-03-20 11:09:27,34,37,1740,3400
2023-03-20 11:09:31,33,37,1740,3400
2023-03-20 11:09:31,34,37,1740,3400
2023-03-20 11:09:33,35,37,1740,3400
2023-03-20 11:09:41,33,37,1740,3400
2023-03-20 11:09:41,34,37,1740,3400
2023-03-20 11:10:05,33,37,1740,3400
2023-03-20 11:10:05,35,37,1740,3400
2023-03-20 11:10:17,33,37,1740,3400
2023-03-20 11:10:17,35,37,1740,3400
2023-03-20 11:10:24,33,37,1740,3400
2023-03-20 11:10:24,34,37,1740,3400
2023-03-20 11:10:30,33,37,1740,3400
2023-03-20 11:10:30,35,37,1740,3400
2023-03-20 11:10:33,34,37,1740,3400
2023-03-20 11:10:37,34,38,1740,3400
2023-03-20 11:10:41,34,37,1740,3400
2023-03-20 11:10:43,34,35,1740,3400
2023-03-20 11:10:45,34,37,1740,3400
2023-03-20 11:10:45,34,38,1740,3400
2023-03-20 11:10:45,35,38,1740,3400
2023-03-20 11:10:47,35,37,1740,3400
2023-03-20 11:10:59,34,37,1740,3400
2023-03-20 11:10:59,34,38,1740,3400
2023-03-20 11:11:00,34,36,1740,3400
2023-03-20 11:11:02,34,38,1740,3400
2023-03-20 11:11:02,34,37,1740,3400
2023-03-20 11:11:04,34,38,1740,3400
2023-03-20 11:11:04,34,37,1740,3400
2023-03-20 11:11:11,34,38,1740,3400
2023-03-20 11:11:11,34,37,1740,3400
2023-03-20 11:11:19,34,37,1760,3420
2023-03-20 11:11:27,34,38,1760,3420
2023-03-20 11:11:27,35,38,1760,3420
2023-03-20 11:11:43,34,38,1760,3420
2023-03-20 11:11:43,34,37,1760,3420
2023-03-20 11:11:51,33,37,1760,3420
2023-03-20 11:11:51,35,37,1760,3420
2023-03-20 11:11:57,33,37,1760,3420
2023-03-20 11:11:57,34,37,1760,3420
2023-03-20 11:12:05,33,37,1760,3420
2023-03-20 11:12:06,34,37,1760,3420
2023-03-20 11:12:23,33,37,1760,3420
2023-03-20 11:12:23,34,37,1760,3420
2023-03-20 11:12:25,33,37,1760,3420
2023-03-20 11:12:35,34,37,1760,3420
2023-03-20 11:12:51,33,37,1760,3420
2023-03-20 11:12:51,34,37,1760,3420
2023-03-20 11:12:57,33,37,1760,3420
2023-03-20 11:12:57,33,36,1760,3420
2023-03-20 11:13:13,33,37,1760,3420
2023-03-20 11:13:13,33,36,1760,3420
2023-03-20 11:13:16,33,36,1769,3429
2023-03-20 11:13:21,33,37,1769,3429
2023-03-20 11:13:21,34,37,1769,3429
2023-03-20 11:13:31,33,37,1769,3429
2023-03-20 11:13:31,33,35,1769,3429
2023-03-20 11:13:36,34,35,1769,3429
2023-03-20 11:13:45,32,35,1769,3429
2023-03-20 11:13:45,31,35,1769,3429
2023-03-20 11:13:45,31,37,1769,3429
2023-03-20 11:13:46,33,37,1769,3429
2023-03-20 11:13:46,33,36,1769,3429
2023-03-20 11:13:48,34,36,1769,3429
2023-03-20 11:13:55,33,36,1769,3429
2023-03-20 11:13:55,31,36,1769,3429
2023-03-20 11:13:55,31,37,1769,3429
2023-03-20 11:13:56,33,37,1769,3429
2023-03-20 11:13:56,33,36,1769,3429
2023-03-20 11:13:58,34,36,1769,3429
2023-03-20 11:14:01,33,36,1769,3429
2023-03-20 11:14:07,31,36,1769,3429
2023-03-20 11:14:07,31,37,1769,3429
2023-03-20 11:14:08,32,37,1769,3429
2023-03-20 11:14:08,34,37,1769,3429
2023-03-20 11:14:23,32,37,1769,3429
2023-03-20 11:14:23,31,37,1769,3429
2023-03-20 11:14:23,34,37,1769,3429
2023-03-20 11:15:09,32,37,1769,3429
2023-03-20 11:15:09,31,37,1769,3429
2023-03-20 11:15:09,34,37,1769,3429
2023-03-20 11:15:18,33,37,1769,3429
2023-03-20 11:15:19,34,37,1769,3429
2023-03-20 11:15:26,33,37,1769,3429
2023-03-20 11:15:26,34,37,1769,3429
2023-03-20 11:15:41,33,37,1769,3429
2023-03-20 11:15:41,34,37,1769,3429
2023-03-20 11:15:47,33,37,1769,3429
2023-03-20 11:15:47,34,37,1769,3429
2023-03-20 11:15:59,33,37,1769,3429
2023-03-20 11:16:00,33,36,1769,3429
2023-03-20 11:16:10,33,37,1769,3429
2023-03-20 11:16:10,34,37,1769,3429
2023-03-20 11:16:15,33,37,1769,3429
2023-03-20 11:16:15,33,36,1769,3429
2023-03-20 11:16:31,33,37,1769,3429
2023-03-20 11:16:31,34,37,1769,3429
2023-03-20 11:16:56,33,37,1769,3429
2023-03-20 11:16:56,34,37,1769,3429
2023-03-20 11:17:11,33,37,1769,3429
2023-03-20 11:17:11,34,37,1769,3429
2023-03-20 11:17:24,33,37,1769,3429
2023-03-20 11:17:24,34,37,1769,3429
2023-03-20 11:17:34,34,36,1769,3429
2023-03-20 11:18:14,33,36,1769,3429
2023-03-20 11:18:14,33,37,1769,3429
2023-03-20 11:18:14,35,37,1769,3429
2023-03-20 11:18:35,34,37,1769,3429
2023-03-20 11:18:35,33,37,1769,3429
2023-03-20 11:18:36,35,37,1769,3429
2023-03-20 11:18:51,33,37,1769,3429
2023-03-20 11:18:51,34,37,1769,3429
2023-03-20 11:19:05,33,37,1769,3429
2023-03-20 11:19:05,34,37,1769,3429
2023-03-20 11:19:36,33,37,1769,3429
2023-03-20 11:19:36,34,37,1769,3429
2023-03-20 11:19:47,33,37,1769,3429
2023-03-20 11:19:48,34,37,1769,3429
2023-03-20 11:20:01,33,37,1769,3429
2023-03-20 11:20:01,35,37,1769,3429
2023-03-20 11:20:19,33,37,1769,3429
2023-03-20 11:20:19,34,37,1769,3429
2023-03-20 11:20:30,33,37,1769,3429
2023-03-20 11:20:30,35,37,1769,3429
2023-03-20 11:20:48,33,37,1769,3429
2023-03-20 11:20:48,35,37,1769,3429
2023-03-20 11:21:06,33,37,1769,3429
2023-03-20 11:21:06,34,37,1769,3429
2023-03-20 11:21:11,33,37,1769,3429
2023-03-20 11:21:11,35,37,1769,3429
2023-03-20 11:21:12,35,37,1769,3430
2023-03-20 11:21:12,33,37,1769,3430
2023-03-20 11:21:12,34,37,1769,3430
2023-03-20 11:21:16,33,37,1769,3430
2023-03-20 11:21:16,34,37,1769,3430
2023-03-20 11:21:20,33,37,1769,3430
2023-03-20 11:21:20,35,37,1769,3430
2023-03-20 11:21:22,35,38,1769,3430
2023-03-20 11:21:25,34,38,1769,3430
2023-03-20 11:21:25,34,37,1769,3430
2023-03-20 11:21:34,34,38,1769,3430
2023-03-20 11:21:34,34,37,1769,3430
2023-03-20 11:21:50,34,38,1769,3430
2023-03-20 11:21:50,35,38,1769,3430
2023-03-20 11:21:52,34,38,1769,3430
2023-03-20 11:21:53,34,37,1769,3430
2023-03-20 11:21:55,34,38,1769,3430
2023-03-20 11:21:55,34,37,1769,3430
2023-03-20 11:21:56,35,37,1769,3430
2023-03-20 11:22:07,35,38,1769,3430
2023-03-20 11:22:18,35,37,1769,3430
2023-03-20 11:22:29,35,38,1769,3430
2023-03-20 11:22:29,37,38,1769,3430
2023-03-20 11:22:33,35,38,1769,3430
2023-03-20 11:22:34,35,37,1769,3430
2023-03-20 11:22:47,35,38,1769,3430
2023-03-20 11:22:55,35,37,1769,3430
2023-03-20 11:23:00,35,38,1769,3430
2023-03-20 11:23:13,35,37,1769,3430
2023-03-20 11:23:25,35,38,1769,3430
2023-03-20 11:23:25,35,37,1769,3430
2023-03-20 11:23:28,35,38,1769,3430
2023-03-20 11:23:28,35,37,1769,3430
2023-03-20 11:23:29,35,38,1769,3430
2023-03-20 11:23:51,35,37,1769,3430
2023-03-20 11:23:53,35,38,1769,3430
2023-03-20 11:23:53,35,37,1769,3430
2023-03-20 11:23:55,35,38,1769,3430
2023-03-20 11:23:56,35,37,1769,3430
2023-03-20 11:24:06,35,38,1769,3430
2023-03-20 11:25:11,35,37,1769,3430
2023-03-20 11:25:17,35,38,1769,3430
2023-03-20 11:25:26,35,37,1769,3430
2023-03-20 11:25:37,35,38,1769,3430
2023-03-20 11:25:37,35,37,1769,3430
2023-03-20 11:25:40,35,38,1769,3430
2023-03-20 11:25:41,35,37,1769,3430
2023-03-20 11:25:46,35,38,1769,3430
2023-03-20 11:25:59,35,37,1769,3430
2023-03-20 11:26:08,35,38,1769,3430
2023-03-20 11:26:46,35,37,1769,3430
2023-03-20 11:26:50,35,38,1769,3430
2023-03-20 11:26:50,35,37,1769,3430
2023-03-20 11:26:56,35,38,1769,3430
2023-03-20 11:27:20,35,37,1769,3430
2023-03-20 11:27:25,35,38,1769,3430
2023-03-20 11:27:30,37,38,1769,3430
2023-03-20 11:27:37,35,38,1769,3430
2023-03-20 11:27:43,35,37,1769,3430
2023-03-20 11:27:48,35,38,1769,3430
2023-03-20 11:27:55,37,38,1769,3430
2023-03-20 11:28:13,35,38,1769,3430
2023-03-20 11:28:36,37,38,1769,3430
2023-03-20 11:28:43,35,38,1769,3430
2023-03-20 11:28:43,36,38,1769,3430
2023-03-20 11:28:46,35,38,1769,3430
2023-03-20 11:28:46,37,38,1769,3430
2023-03-20 11:28:55,35,38,1769,3430
2023-03-20 11:28:55,37,38,1769,3430
2023-03-20 11:29:01,35,38,1769,3430
2023-03-20 11:29:01,38,39,1641,3558
2023-03-20 11:29:01,38,39,1601,3598
2023-03-20 11:29:02,38,39,1601,3798
2023-03-20 11:29:06,36,39,1601,3798
2023-03-20 11:29:06,35,39,1601,3798
2023-03-20 11:29:06,36,39,1601,3798
2023-03-20 11:29:06,36,38,1601,3798
2023-03-20 11:29:07,35,38,1601,3798
2023-03-20 11:29:08,36,38,1601,3798
2023-03-20 11:29:14,36,39,1601,3798
2023-03-20 11:29:14,35,39,1601,3798
2023-03-20 11:29:14,35,38,1601,3798
2023-03-20 11:29:19,35,39,1601,3798
2023-03-20 11:29:19,36,39,1601,3798
2023-03-20 11:29:20,35,39,1601,4038
2023-03-20 11:29:20,35,38,1601,4038
2023-03-20 11:29:20,35,39,1601,4038
2023-03-20 11:29:23,36,39,1601,4038
2023-03-20 11:29:26,35,39,1601,4038
2023-03-20 11:29:26,36,39,1601,4038
2023-03-20 11:29:52,35,39,1601,4038
2023-03-20 11:29:52,36,39,1601,4038
2023-03-20 11:29:55,35,39,1601,4038
2023-03-20 11:29:55,37,39,1601,4038
2023-03-20 11:30:08,35,39,1601,4038
2023-03-20 11:30:09,36,39,1601,4038
2023-03-20 11:30:11,35,39,1601,4038
2023-03-20 11:30:11,37,39,1601,4038
2023-03-20 11:30:15,35,39,1601,4038
2023-03-20 11:30:16,36,39,1601,4038
2023-03-20 11:30:18,35,39,1601,4038
2023-03-20 11:30:25,37,39,1601,4038
2023-03-20 11:30:27,37,38,1601,4038
2023-03-20 11:30:29,37,38,1602,4039
2023-03-20 11:30:38,35,38,1602,4039
2023-03-20 11:30:38,36,38,1602,4039
2023-03-20 11:30:53,35,38,1602,4039
2023-03-20 11:30:54,35,38,1603,4040
2023-03-20 11:31:21,37,38,1603,4040
2023-03-20 11:31:22,35,38,1603,4040
2023-03-20 11:31:23,36,38,1603,4040
2023-03-20 11:31:31,35,38,1603,4040
2023-03-20 11:31:44,36,38,1603,4040
2023-03-20 11:32:01,35,38,1603,4040
2023-03-20 11:32:01,36,38,1603,4040
2023-03-20 11:32:06,35,38,1603,4040
2023-03-20 11:32:06,36,38,1603,4040
2023-03-20 11:32:08,35,38,1603,4040
2023-03-20 11:32:09,36,38,1603,4040
2023-03-20 11:32:14,35,38,1603,4040
2023-03-20 11:32:14,37,38,1603,4040
2023-03-20 11:32:22,35,38,1603,4040
2023-03-20 11:32:22,37,38,1603,4040
2023-03-20 11:32:46,35,38,1603,4040
2023-03-20 11:32:46,37,38,1603,4040
2023-03-20 11:32:54,35,38,1603,4040
2023-03-20 11:32:54,36,38,1603,4040
2023-03-20 11:32:58,35,38,1603,4040
2023-03-20 11:33:10,36,38,1603,4040
2023-03-20 11:33:11,35,38,1603,4040
2023-03-20 11:33:16,36,38,1603,4040
2023-03-20 11:33:37,37,38,1603,4040
2023-03-20 11:34:14,37,39,1603,4040
2023-03-20 11:37:35,37,38,1603,4040
2023-03-20 11:37:49,37,38,1643,4080
2023-03-20 11:38:24,35,37,1731,4168
2023-03-20 11:38:29,35,38,1731,4168
2023-03-20 11:38:29,37,38,1731,4168
2023-03-20 11:38:34,37,38,1731,4190
2023-03-20 11:38:40,35,38,1731,4190
2023-03-20 11:38:40,35,40,1731,4190
2023-03-20 11:38:40,37,40,1731,4190
2023-03-20 11:38:59,35,40,1731,4190
2023-03-20 11:38:59,38,40,1731,4190
2023-03-20 11:39:07,36,40,1731,4190
2023-03-20 11:39:07,38,40,1731,4190
2023-03-20 11:39:24,37,40,1731,4190
2023-03-20 11:39:24,35,40,1731,4190
2023-03-20 11:39:24,38,40,1731,4190
2023-03-20 11:39:43,35,40,1731,4190
2023-03-20 11:39:43,35,41,1731,4190
2023-03-20 11:39:43,37,41,1731,4190
2023-03-20 11:39:43,39,41,1731,4190
2023-03-20 11:39:45,37,39,1731,4310
2023-03-20 11:39:56,35,41,1731,4310
2023-03-20 11:39:56,37,41,1731,4310
2023-03-20 11:39:56,37,40,1731,4310
2023-03-20 11:39:58,35,40,1731,4310
2023-03-20 11:39:58,37,40,1731,4310
2023-03-20 11:40:05,35,40,1731,4310
2023-03-20 11:40:05,35,41,1731,4310
2023-03-20 11:40:05,38,41,1731,4310
2023-03-20 11:40:26,36,41,1731,4310
2023-03-20 11:40:26,37,41,1731,4310
2023-03-20 11:40:26,37,40,1731,4310
2023-03-20 11:40:36,36,40,1731,4310
2023-03-20 11:40:36,36,41,1731,4310
2023-03-20 11:40:36,37,41,1731,4310
2023-03-20 11:40:36,37,40,1731,4310
2023-03-20 11:40:52,36,40,1731,4310
2023-03-20 11:40:52,36,41,1731,4310
2023-03-20 11:40:52,38,41,1731,4310
2023-03-20 11:40:53,36,41,1731,4310
2023-03-20 11:40:53,38,41,1731,4310
2023-03-20 11:41:07,36,41,1731,4310
2023-03-20 11:41:08,37,41,1731,4310
2023-03-20 11:41:08,37,40,1731,4310
2023-03-20 11:41:09,39,40,1731,4310
2023-03-20 11:41:20,39,41,1731,4310
2023-03-20 11:41:38,37,41,1731,4310
2023-03-20 11:41:38,39,41,1731,4310
2023-03-20 11:41:41,40,41,1731,4310
2023-03-20 11:41:44,39,40,1731,4470
2023-03-20 11:41:56,39,41,1731,4470
2023-03-20 11:41:56,36,41,1731,4470
2023-03-20 11:41:56,39,41,1731,4470
2023-03-20 11:41:58,36,41,1731,4470
2023-03-20 11:41:58,36,39,1731,4470
2023-03-20 11:42:03,36,41,1731,4470
2023-03-20 11:42:03,36,39,1731,4470
2023-03-20 11:42:09,36,41,1731,4470
2023-03-20 11:42:09,37,41,1731,4470
2023-03-20 11:42:22,36,41,1731,4470
2023-03-20 11:42:22,37,41,1731,4470
2023-03-20 11:42:23,36,41,1731,4470
2023-03-20 11:42:23,36,39,1731,4470
2023-03-20 11:42:23,36,37,1731,4470
2023-03-20 11:42:26,36,39,1731,4470
2023-03-20 11:42:26,36,37,1731,4470
2023-03-20 11:42:43,36,41,1731,4470
2023-03-20 11:42:43,37,41,1731,4470
2023-03-20 11:42:51,36,41,1731,4470
2023-03-20 11:42:51,36,39,1731,4470
2023-03-20 11:42:56,36,41,1731,4470
2023-03-20 11:42:57,36,39,1731,4470
2023-03-20 11:42:57,36,37,1731,4470
2023-03-20 11:42:58,36,39,1731,4470
2023-03-20 11:42:58,36,41,1731,4470
2023-03-20 11:42:58,36,40,1731,4470
2023-03-20 11:42:58,36,38,1731,4470
2023-03-20 11:43:00,36,41,1731,4470
2023-03-20 11:43:00,36,37,1731,4470
2023-03-20 11:43:05,36,39,1731,4470
2023-03-20 11:43:05,36,37,1731,4470
2023-03-20 11:43:07,36,41,1731,4470
2023-03-20 11:43:07,36,40,1731,4470
2023-03-20 11:43:08,36,38,1731,4470
2023-03-20 11:43:25,36,41,1731,4470
2023-03-20 11:43:25,36,40,1731,4470
2023-03-20 11:43:25,36,38,1731,4470
2023-03-20 11:43:31,36,40,1731,4470
2023-03-20 11:43:31,36,38,1731,4470
2023-03-20 11:43:46,36,40,1731,4470
2023-03-20 11:43:47,36,38,1731,4470
2023-03-20 11:43:50,36,40,1731,4470
2023-03-20 11:43:50,36,38,1731,4470
2023-03-20 11:44:06,36,40,1731,4470
2023-03-20 11:44:06,36,41,1731,4470
2023-03-20 11:44:07,36,39,1731,4470
2023-03-20 11:44:07,36,37,1731,4470
2023-03-20 11:44:07,36,37,1859,4598
2023-03-20 11:44:08,36,39,1859,4598
2023-03-20 11:44:09,36,37,1859,4598
2023-03-20 11:44:16,36,39,1859,4598
2023-03-20 11:44:16,36,37,1859,4598
2023-03-20 11:44:17,36,39,1859,4598
2023-03-20 11:44:17,36,41,1859,4598
2023-03-20 11:44:17,36,40,1859,4598
2023-03-20 11:44:17,36,38,1859,4598
2023-03-20 11:44:27,36,40,1859,4598
2023-03-20 11:44:27,36,41,1859,4598
2023-03-20 11:44:27,36,39,1859,4598
2023-03-20 11:44:41,36,41,1859,4598
2023-03-20 11:44:41,36,39,1859,4598
2023-03-20 11:44:43,36,38,1859,4598
2023-03-20 11:44:55,36,41,1859,4598
2023-03-20 11:44:55,36,39,1859,4598
2023-03-20 11:45:11,36,41,1859,4598
2023-03-20 11:45:11,36,38,1859,4598
2023-03-20 11:45:16,36,40,1859,4598
2023-03-20 11:45:16,36,41,1859,4598
2023-03-20 11:45:16,36,39,1859,4598
2023-03-20 11:45:36,36,41,1859,4598
2023-03-20 11:45:36,36,39,1859,4598
2023-03-20 11:45:48,36,40,1859,4598
2023-03-20 11:45:48,36,38,1859,4598
2023-03-20 11:45:51,36,40,1859,4598
2023-03-20 11:45:51,36,39,1859,4598
2023-03-20 11:45:58,36,40,1859,4598
2023-03-20 11:45:58,36,38,1859,4598
2023-03-20 11:46:05,36,40,1859,4598
2023-03-20 11:46:05,36,38,1859,4598
2023-03-20 11:46:19,36,40,1859,4598
2023-03-20 11:46:19,36,38,1859,4598
2023-03-20 11:46:24,36,39,1859,4598
2023-03-20 11:46:37,36,40,1859,4598
2023-03-20 11:46:38,36,39,1859,4598
2023-03-20 11:46:46,36,40,1859,4598
2023-03-20 11:46:46,36,39,1859,4598
2023-03-20 11:47:00,36,40,1859,4598
2023-03-20 11:47:00,36,39,1859,4598
2023-03-20 11:47:13,36,40,1859,4598
2023-03-20 11:47:13,36,39,1859,4598
2023-03-20 11:47:19,36,40,1859,4598
2023-03-20 11:47:20,36,39,1859,4598
2023-03-20 11:47:27,36,40,1859,4598
2023-03-20 11:47:27,36,39,1859,4598
2023-03-20 11:47:35,36,40,1859,4598
2023-03-20 11:47:35,36,39,1859,4598
2023-03-20 11:47:39,36,40,1859,4598
2023-03-20 11:47:39,36,38,1859,4598
2023-03-20 11:47:51,36,40,1859,4598
2023-03-20 11:47:51,36,39,1859,4598
2023-03-20 11:47:59,36,40,1859,4598
2023-03-20 11:48:00,36,39,1859,4598
2023-03-20 11:48:11,36,40,1859,4598
2023-03-20 11:48:11,36,38,1859,4598
2023-03-20 11:48:16,36,40,1859,4598
2023-03-20 11:48:16,36,39,1859,4598
2023-03-20 11:48:32,36,40,1859,4598
2023-03-20 11:48:33,36,39,1859,4598
2023-03-20 11:49:18,36,39,1873,4612
2023-03-20 11:49:24,36,40,1873,4612
2023-03-20 11:49:25,36,39,1873,4612
2023-03-20 11:49:43,36,40,1873,4612
2023-03-20 11:49:43,36,39,1873,4612
2023-03-20 11:49:58,36,40,1873,4612
2023-03-20 11:50:14,36,39,1873,4612
2023-03-20 11:50:24,36,40,1873,4612
2023-03-20 11:50:24,36,39,1873,4612
2023-03-20 11:50:39,36,40,1873,4612
2023-03-20 11:50:39,36,39,1873,4612
2023-03-20 11:50:53,36,40,1873,4612
2023-03-20 11:51:04,36,39,1873,4612
2023-03-20 11:51:05,36,40,1873,4612
2023-03-20 11:51:06,36,39,1873,4612
2023-03-20 11:51:21,36,40,1873,4612
2023-03-20 11:51:21,36,39,1873,4612
2023-03-20 11:51:22,36,40,1873,4612
2023-03-20 11:51:23,37,40,1873,4612
2023-03-20 11:51:24,36,40,1873,4612
2023-03-20 11:51:25,36,39,1873,4612
2023-03-20 11:51:26,36,40,1873,4612
2023-03-20 11:51:44,36,39,1873,4612
2023-03-20 11:52:00,36,40,1873,4612
2023-03-20 11:52:00,36,39,1873,4612
2023-03-20 11:52:06,36,40,1873,4612
2023-03-20 11:52:06,36,38,1873,4612
2023-03-20 11:52:16,36,40,1873,4612
2023-03-20 11:52:16,36,39,1873,4612
2023-03-20 11:52:25,36,40,1873,4612
2023-03-20 11:52:25,36,39,1873,4612
2023-03-20 11:52:29,36,40,1873,4612
2023-03-20 11:52:29,36,39,1873,4612
2023-03-20 11:52:46,36,40,1873,4612
2023-03-20 11:52:46,36,39,1873,4612
2023-03-20 11:52:52,36,40,1873,4612
2023-03-20 11:52:59,36,37,1873,4612
2023-03-20 11:53:06,36,39,1873,4612
2023-03-20 11:53:06,36,40,1873,4612
2023-03-20 11:53:06,36,39,1873,4612
2023-03-20 11:53:08,36,40,1873,4612
2023-03-20 11:53:08,36,39,1873,4612
2023-03-20 11:53:11,36,38,1873,4612
2023-03-20 11:53:12,36,40,1873,4612
2023-03-20 11:53:13,36,39,1873,4612
2023-03-20 11:53:21,36,40,1873,4612
2023-03-20 11:53:21,36,39,1873,4612
2023-03-20 11:53:27,36,40,1873,4612
2023-03-20 11:53:27,35,40,1873,4612
2023-03-20 11:53:27,36,40,1873,4612
2023-03-20 11:53:29,36,39,1873,4612
2023-03-20 11:53:32,35,39,1873,4612
2023-03-20 11:53:34,35,40,1873,4612
2023-03-20 11:53:35,35,38,1873,4612
2023-03-20 11:53:37,35,40,1873,4612
2023-03-20 11:53:37,35,38,1873,4612
2023-03-20 11:53:43,35,39,1873,4612
2023-03-20 11:53:43,35,40,1873,4612
2023-03-20 11:53:43,35,39,1873,4612
2023-03-20 11:53:43,35,40,1873,4612
2023-03-20 11:53:43,35,38,1873,4612
2023-03-20 11:53:46,35,40,1873,4612
2023-03-20 11:53:46,35,36,1873,4612
2023-03-20 11:53:50,35,38,1873,4612
2023-03-20 11:53:50,35,40,1873,4612
2023-03-20 11:53:50,36,40,1873,4612
2023-03-20 11:53:50,36,39,1873,4612
2023-03-20 11:54:12,35,39,1873,4612
2023-03-20 11:54:13,35,38,1873,4612
2023-03-20 11:54:16,35,39,1873,4612
2023-03-20 11:54:16,35,38,1873,4612
2023-03-20 11:54:20,35,39,1873,4612
2023-03-20 11:54:20,35,38,1873,4612
2023-03-20 11:54:21,35,39,1873,4612
2023-03-20 11:54:22,35,38,1873,4612
2023-03-20 11:55:20,35,37,1873,4612
2023-03-20 11:55:23,35,38,1873,4612
2023-03-20 11:56:54,35,37,1873,4612
2023-03-20 11:57:11,35,36,1873,4612
2023-03-20 11:57:13,35,37,1873,4612
2023-03-20 11:57:13,35,36,1873,4612
2023-03-20 11:57:13,33,34,1874,4613
2023-03-20 11:57:15,33,37,1874,4613
2023-03-20 11:57:15,33,36,1874,4613
2023-03-20 11:57:17,33,37,1874,4613
2023-03-20 11:57:17,33,34,1874,4613
2023-03-20 11:57:28,33,37,1874,4613
2023-03-20 11:57:28,33,35,1874,4613
2023-03-20 11:57:43,33,37,1874,4613
2023-03-20 11:57:43,33,36,1874,4613
2023-03-20 11:57:43,33,34,1874,4613
2023-03-20 11:57:52,33,37,1874,4613
2023-03-20 11:57:53,33,36,1874,4613
2023-03-20 11:57:59,32,36,1874,4613
2023-03-20 11:58:00,32,34,1874,4613
2023-03-20 11:58:03,32,36,1874,4613
2023-03-20 11:58:04,32,34,1874,4613
2023-03-20 11:58:11,32,36,1874,4613
2023-03-20 11:58:11,34,36,1874,4613
2023-03-20 11:58:16,32,36,1874,4613
2023-03-20 11:58:16,35,36,1874,4613
2023-03-20 11:58:25,33,36,1874,4613
2023-03-20 11:58:25,35,36,1874,4613
2023-03-20 11:58:26,32,36,1874,4613
2023-03-20 11:58:27,32,35,1874,4613
2023-03-20 11:58:32,32,36,1874,4613
2023-03-20 11:58:32,32,34,1874,4613
2023-03-20 11:58:34,33,34,1874,4613
2023-03-20 11:58:37,32,34,1874,4613
2023-03-20 11:58:37,32,37,1874,4613
2023-03-20 11:58:37,34,37,1874,4613
2023-03-20 11:58:41,32,37,1874,4613
2023-03-20 11:58:41,32,36,1874,4613
2023-03-20 11:58:41,32,34,1874,4613
2023-03-20 11:58:47,32,36,1874,4613
2023-03-20 11:58:47,32,37,1874,4613
2023-03-20 11:58:47,33,37,1874,4613
2023-03-20 11:58:47,33,36,1874,4613
2023-03-20 11:58:49,32,36,1874,4613
2023-03-20 11:58:49,33,36,1874,4613
2023-03-20 11:58:51,32,36,1874,4613
2023-03-20 11:58:51,32,37,1874,4613
2023-03-20 11:58:51,32,34,1874,4613
2023-03-20 11:58:56,32,36,1874,4613
2023-03-20 11:58:56,32,37,1874,4613
2023-03-20 11:58:56,32,35,1874,4613
2023-03-20 11:58:58,32,37,1874,4613
2023-03-20 11:58:58,32,34,1874,4613
2023-03-20 11:59:06,32,36,1874,4613
2023-03-20 11:59:06,32,35,1874,4613
2023-03-20 11:59:13,31,35,1874,4613
2023-03-20 11:59:16,31,36,1874,4613
2023-03-20 11:59:16,31,34,1874,4613
2023-03-20 11:59:17,31,36,1874,4613
2023-03-20 11:59:18,31,34,1874,4613
2023-03-20 11:59:25,31,36,1874,4613
2023-03-20 11:59:25,31,34,1874,4613
2023-03-20 11:59:35,31,33,1874,4613
2023-03-20 11:59:51,31,34,1874,4613
2023-03-20 11:59:59,31,35,1874,4613
2023-03-20 11:59:59,31,34,1874,4613
2023-03-20 12:00:06,31,35,1874,4613
2023-03-20 12:00:06,31,33,1874,4613
2023-03-20 12:00:10,31,35,1874,4613
2023-03-20 12:00:11,31,34,1874,4613
2023-03-20 12:00:12,31,35,1874,4613
2023-03-20 12:00:12,31,34,1874,4613
2023-03-20 12:00:20,31,35,1874,4613
2023-03-20 12:00:20,31,34,1874,4613
2023-03-20 12:00:32,31,35,1874,4613
2023-03-20 12:00:32,31,34,1874,4613
2023-03-20 12:00:34,31,35,1874,4613
2023-03-20 12:00:34,31,33,1874,4613
2023-03-20 12:00:39,31,34,1874,4613
2023-03-20 12:00:40,31,35,1874,4613
2023-03-20 12:00:40,31,34,1874,4613
2023-03-20 12:00:43,31,35,1874,4613
2023-03-20 12:00:43,31,34,1874,4613
2023-03-20 12:00:52,31,35,1874,4613
2023-03-20 12:00:52,31,34,1874,4613
2023-03-20 12:00:55,32,34,1874,4613
2023-03-20 12:01:09,32,34,1894,4633
2023-03-20 12:01:09,32,36,1894,4633
2023-03-20 12:01:09,32,35,1894,4633
2023-03-20 12:01:11,32,36,1894,4633
2023-03-20 12:01:11,32,35,1894,4633
2023-03-20 12:01:27,32,34,1894,4633
2023-03-20 12:01:29,31,34,1894,4633
2023-03-20 12:01:55,31,33,1894,4633
2023-03-20 12:01:57,31,34,1894,4633
2023-03-20 12:02:33,31,34,1914,4653
2023-03-20 12:02:39,31,33,1914,4653
2023-03-20 12:02:50,31,34,1914,4653
2023-03-20 12:02:50,31,33,1914,4653
2023-03-20 12:02:56,31,34,1914,4653
2023-03-20 12:03:12,32,34,1914,4653
2023-03-20 12:03:12,34,36,1914,4673
2023-03-20 12:03:14,32,36,1914,4673
2023-03-20 12:03:14,31,36,1914,4673
2023-03-20 12:03:14,32,36,1914,4673
2023-03-20 12:03:14,32,35,1914,4673
2023-03-20 12:03:16,31,35,1914,4673
2023-03-20 12:03:16,31,36,1914,4673
2023-03-20 12:03:16,31,34,1914,4673
2023-03-20 12:03:24,31,36,1914,4673
2023-03-20 12:03:24,33,36,1914,4673
2023-03-20 12:03:26,31,36,1914,4673
2023-03-20 12:03:26,33,36,1914,4673
2023-03-20 12:03:33,31,36,1914,4673
2023-03-20 12:03:33,32,36,1914,4673
2023-03-20 12:03:33,34,36,1914,4673
2023-03-20 12:03:33,34,35,1914,4673
2023-03-20 12:03:40,31,35,1914,4673
2023-03-20 12:03:40,31,36,1914,4673
2023-03-20 12:03:41,31,34,1914,4673
2023-03-20 12:03:51,31,36,1914,4673
2023-03-20 12:03:52,31,35,1914,4673
2023-03-20 12:03:59,31,36,1914,4673
2023-03-20 12:03:59,31,34,1914,4673
2023-03-20 12:04:02,31,36,1914,4673
2023-03-20 12:04:02,31,34,1914,4673
2023-03-20 12:04:04,31,36,1914,4673
2023-03-20 12:04:04,31,35,1914,4673
2023-03-20 12:04:08,31,36,1914,4673
2023-03-20 12:04:08,31,34,1914,4673
2023-03-20 12:04:18,31,36,1914,4673
2023-03-20 12:04:18,31,34,1914,4673
2023-03-20 12:04:24,31,36,1914,4673
2023-03-20 12:04:24,31,34,1914,4673
2023-03-20 12:04:42,32,34,1914,4673
2023-03-20 12:04:50,32,36,1914,4673
2023-03-20 12:04:51,32,34,1914,4673
2023-03-20 12:05:06,32,36,1914,4673
2023-03-20 12:05:06,32,34,1914,4673
2023-03-20 12:05:10,32,36,1914,4673
2023-03-20 12:05:10,32,34,1914,4673
2023-03-20 12:05:22,32,36,1914,4673
2023-03-20 12:05:22,32,34,1914,4673
2023-03-20 12:05:32,32,36,1914,4673
2023-03-20 12:05:33,32,34,1914,4673
2023-03-20 12:05:42,33,34,1914,4673
2023-03-20 12:05:44,32,34,1914,4673
2023-03-20 12:05:44,32,36,1914,4673
2023-03-20 12:05:44,33,36,1914,4673
2023-03-20 12:05:45,33,34,1914,4673
2023-03-20 12:05:47,32,34,1914,4673
2023-03-20 12:05:49,32,36,1914,4673
2023-03-20 12:05:49,32,34,1914,4673
2023-03-20 12:05:51,32,36,1914,4673
2023-03-20 12:05:51,32,35,1914,4673
2023-03-20 12:05:52,32,36,1914,4673
2023-03-20 12:05:53,34,36,1914,4673
2023-03-20 12:05:54,32,36,1914,4673
2023-03-20 12:05:54,33,36,1914,4673
2023-03-20 12:05:58,32,36,1914,4673
2023-03-20 12:05:58,32,35,1914,4673
2023-03-20 12:05:59,32,36,1914,4673
2023-03-20 12:06:00,34,36,1914,4673
2023-03-20 12:06:02,32,36,1914,4673
2023-03-20 12:06:02,35,36,1914,4673
2023-03-20 12:06:04,35,36,1914,4713
2023-03-20 12:06:04,35,36,1914,4781
2023-03-20 12:06:07,33,36,1914,4781
2023-03-20 12:06:07,32,36,1914,4781
2023-03-20 12:06:08,32,34,1914,4781
2023-03-20 12:06:13,32,36,1914,4781
2023-03-20 12:06:13,32,34,1914,4781
2023-03-20 12:06:27,31,34,1914,4781
2023-03-20 12:06:28,31,36,1914,4781
2023-03-20 12:06:28,31,34,1914,4781
2023-03-20 12:06:31,31,33,1914,4781
2023-03-20 12:06:34,31,36,1914,4781
2023-03-20 12:06:34,31,34,1914,4781
2023-03-20 12:06:39,31,36,1914,4781
2023-03-20 12:06:39,31,33,1914,4781
2023-03-20 12:06:47,31,34,1914,4781
2023-03-20 12:06:47,31,35,1914,4781
2023-03-20 12:06:47,31,36,1914,4781
2023-03-20 12:06:47,31,34,1914,4781
2023-03-20 12:06:52,31,36,1914,4781
2023-03-20 12:06:52,31,34,1914,4781
2023-03-20 12:07:16,31,36,1914,4781
2023-03-20 12:07:16,33,36,1914,4781
2023-03-20 12:07:22,31,36,1914,4781
2023-03-20 12:07:22,31,34,1914,4781
2023-03-20 12:07:29,31,36,1914,4781
2023-03-20 12:07:29,31,34,1914,4781
2023-03-20 12:07:33,31,35,1914,4781
2023-03-20 12:07:33,31,34,1914,4781
2023-03-20 12:07:49,31,35,1914,4781
2023-03-20 12:07:49,31,34,1914,4781
2023-03-20 12:07:51,31,35,1914,4781
2023-03-20 12:07:51,31,34,1914,4781
2023-03-20 12:07:57,31,35,1914,4781
2023-03-20 12:07:57,31,33,1914,4781
2023-03-20 12:08:06,31,35,1914,4781
2023-03-20 12:08:06,31,33,1914,4781
2023-03-20 12:08:07,30,33,1914,4781
2023-03-20 12:08:21,28,33,1914,4781
2023-03-20 12:08:21,28,34,1914,4781
2023-03-20 12:08:21,30,34,1914,4781
2023-03-20 12:08:21,30,33,1914,4781
2023-03-20 12:08:23,30,32,1914,4781
2023-03-20 12:08:39,27,32,1914,4781
2023-03-20 12:08:39,27,33,1914,4781
2023-03-20 12:08:39,28,33,1914,4781
2023-03-20 12:08:39,28,32,1914,4781
2023-03-20 12:08:44,28,31,1914,4781
2023-03-20 12:08:49,27,31,1914,4781
2023-03-20 12:08:49,27,33,1914,4781
2023-03-20 12:08:50,28,33,1914,4781
2023-03-20 12:08:50,28,31,1914,4781
2023-03-20 12:08:54,28,33,1914,4781
2023-03-20 12:08:55,28,32,1914,4781
2023-03-20 12:09:05,27,32,1914,4781
2023-03-20 12:09:05,27,33,1914,4781
2023-03-20 12:09:06,28,33,1914,4781
2023-03-20 12:09:06,28,32,1914,4781
2023-03-20 12:09:11,28,31,1914,4781
2023-03-20 12:09:13,27,31,1914,4781
2023-03-20 12:09:13,28,31,1914,4781
2023-03-20 12:09:16,27,31,1914,4781
2023-03-20 12:09:40,27,30,1914,4781
2023-03-20 12:09:52,25,30,1914,4781
2023-03-20 12:09:52,26,30,1914,4781
2023-03-20 12:09:54,25,30,1914,4781
2023-03-20 12:09:55,26,30,1914,4781
2023-03-20 12:10:09,25,30,1914,4781
2023-03-20 12:10:09,25,29,1914,4781
2023-03-20 12:10:25,26,29,1914,4781
2023-03-20 12:10:26,26,28,1914,4781
2023-03-20 12:10:27,26,29,1914,4781
2023-03-20 12:10:35,25,29,1914,4781
2023-03-20 12:10:35,26,29,1914,4781
2023-03-20 12:10:40,25,29,1914,4781
2023-03-20 12:10:40,26,29,1914,4781
2023-03-20 12:10:41,25,29,1914,4781
2023-03-20 12:10:42,26,29,1914,4781
2023-03-20 12:10:44,26,28,1914,4781
2023-03-20 12:10:45,26,29,1914,4781
2023-03-20 12:10:46,26,28,1914,4781
2023-03-20 12:10:56,25,28,1914,4781
2023-03-20 12:11:10,25,29,1914,4781
2023-03-20 12:11:15,23,29,1914,4781
2023-03-20 12:11:15,24,29,1914,4781
2023-03-20 12:11:15,26,29,1914,4781
2023-03-20 12:11:16,24,29,1914,4821
2023-03-20 12:11:18,26,29,1914,4821
2023-03-20 12:11:23,26,28,1914,4821
2023-03-20 12:11:30,24,28,1914,4821
2023-03-20 12:11:30,26,28,1914,4821
2023-03-20 12:11:33,26,27,1914,4821
2023-03-20 12:11:34,24,27,1914,4821
2023-03-20 12:11:34,25,27,1914,4821
2023-03-20 12:11:35,25,28,1914,4821
2023-03-20 12:11:39,23,28,1914,4821
2023-03-20 12:11:39,24,28,1914,4821
2023-03-20 12:11:47,23,28,1914,4821
2023-03-20 12:11:47,25,28,1914,4821
2023-03-20 12:12:02,24,25,1634,5101
2023-03-20 12:12:03,23,25,1634,5101
2023-03-20 12:12:07,21,25,1634,5101
2023-03-20 12:12:08,22,25,1634,5101
2023-03-20 12:12:08,23,25,1634,5101
2023-03-20 12:12:08,25,27,1564,5171
2023-03-20 12:12:09,23,27,1554,5181
2023-03-20 12:12:11,22,27,1554,5181
2023-03-20 12:12:11,21,27,1554,5181
2023-03-20 12:12:11,22,27,1554,5181
2023-03-20 12:12:11,22,26,1554,5181
2023-03-20 12:12:13,21,26,1554,5181
2023-03-20 12:12:13,21,27,1554,5181
2023-03-20 12:12:13,22,27,1554,5181
2023-03-20 12:12:13,22,25,1554,5181
2023-03-20 12:12:17,21,25,1554,5181
2023-03-20 12:12:18,21,27,1554,5181
2023-03-20 12:12:18,21,26,1554,5181
2023-03-20 12:12:18,21,24,1554,5181
2023-03-20 12:12:21,24,26,1554,5221
2023-03-20 12:12:26,21,26,1554,5221
2023-03-20 12:12:28,21,24,1554,5221
2023-03-20 12:12:35,21,26,1554,5221
2023-03-20 12:12:35,21,24,1554,5221
2023-03-20 12:12:39,24,26,1554,5341
2023-03-20 12:12:45,21,26,1554,5341
2023-03-20 12:12:48,21,25,1554,5341
2023-03-20 12:12:53,21,26,1554,5341
2023-03-20 12:12:53,21,25,1554,5341
2023-03-20 12:12:58,21,25,1554,5354
2023-03-20 12:12:59,21,24,1554,5354
2023-03-20 12:13:01,21,25,1554,5354
2023-03-20 12:13:01,21,24,1554,5354
2023-03-20 12:13:08,21,24,1554,5358
2023-03-20 12:13:09,21,25,1554,5358
2023-03-20 12:13:09,21,23,1554,5358
2023-03-20 12:13:16,23,24,1554,5478
2023-03-20 12:13:16,21,24,1554,5558
2023-03-20 12:13:28,20,24,1554,5558
2023-03-20 12:13:34,21,24,1554,5558
2023-03-20 12:13:46,21,26,1554,5558
2023-03-20 12:13:47,21,24,1554,5558
2023-03-20 12:13:50,21,25,1554,5558
2023-03-20 12:14:00,21,26,1554,5558
2023-03-20 12:14:00,21,25,1554,5558
2023-03-20 12:14:03,22,25,1554,5558
2023-03-20 12:14:05,22,26,1554,5558
2023-03-20 12:14:05,22,25,1554,5558
2023-03-20 12:14:18,21,25,1554,5558
2023-03-20 12:14:18,21,26,1554,5558
2023-03-20 12:14:18,22,26,1554,5558
2023-03-20 12:14:24,21,26,1554,5558
2023-03-20 12:14:24,22,26,1554,5558
2023-03-20 12:14:25,23,26,1554,5558
2023-03-20 12:14:49,23,27,1554,5558
2023-03-20 12:14:54,24,27,1554,5558
2023-03-20 12:15:01,24,28,1554,5558
2023-03-20 12:15:17,24,29,1554,5558
2023-03-20 12:15:17,24,28,1554,5558
2023-03-20 12:15:19,25,28,1554,5558
2023-03-20 12:15:26,25,29,1554,5558
2023-03-20 12:15:27,26,29,1554,5558
2023-03-20 12:15:32,25,29,1554,5558
2023-03-20 12:16:05,26,29,1554,5558
2023-03-20 12:16:19,26,30,1554,5558
2023-03-20 12:16:25,26,31,1554,5558
2023-03-20 12:16:25,26,30,1554,5558
2023-03-20 12:16:41,26,31,1554,5558
2023-03-20 12:16:41,27,31,1554,5558
2023-03-20 12:16:41,27,30,1554,5558
2023-03-20 12:16:56,26,30,1554,5558
2023-03-20 12:16:56,26,31,1554,5558
2023-03-20 12:16:57,27,31,1554,5558
2023-03-20 12:16:57,27,30,1554,5558
2023-03-20 12:17:01,26,30,1554,5558
2023-03-20 12:17:01,26,31,1554,5558
2023-03-20 12:17:01,26,30,1554,5558
2023-03-20 12:17:09,26,31,1554,5558
2023-03-20 12:17:09,27,31,1554,5558
2023-03-20 12:17:09,27,30,1554,5558
2023-03-20 12:17:22,26,30,1554,5558
2023-03-20 12:17:22,26,31,1554,5558
2023-03-20 12:17:22,26,30,1554,5558
2023-03-20 12:17:38,26,31,1554,5558
2023-03-20 12:17:38,26,29,1554,5558
2023-03-20 12:17:49,26,31,1554,5558
2023-03-20 12:17:49,26,29,1554,5558
2023-03-20 12:18:01,26,31,1554,5558
2023-03-20 12:18:02,26,30,1554,5558
2023-03-20 12:18:16,26,31,1554,5558
2023-03-20 12:18:16,26,29,1554,5558
2023-03-20 12:18:34,25,29,1554,5558
2023-03-20 12:18:49,25,27,1554,5558
2023-03-20 12:19:12,24,27,1554,5558
2023-03-20 12:19:48,24,27,1559,5563
2023-03-20 12:19:53,25,27,1559,5563
2023-03-20 12:19:56,25,29,1559,5563
2023-03-20 12:19:56,25,28,1559,5563
2023-03-20 12:20:01,25,29,1559,5563
2023-03-20 12:20:01,25,28,1559,5563
2023-03-20 12:20:06,25,29,1559,5563
2023-03-20 12:20:24,25,28,1559,5563
2023-03-20 12:21:30,25,27,1559,5563
2023-03-20 12:22:06,25,29,1559,5565
2023-03-20 12:22:06,27,30,1559,5565
2023-03-20 12:22:07,27,29,1559,5565
2023-03-20 12:22:21,25,29,1559,5565
2023-03-20 12:22:21,25,30,1559,5565
2023-03-20 12:22:21,27,30,1559,5565
2023-03-20 12:22:21,27,31,1559,5565
2023-03-20 12:22:21,27,29,1559,5565
2023-03-20 12:22:25,27,31,1559,5565
2023-03-20 12:22:25,27,30,1559,5565
2023-03-20 12:22:38,26,30,1559,5565
2023-03-20 12:22:38,25,30,1559,5565
2023-03-20 12:22:38,26,30,1559,5565
2023-03-20 12:22:54,26,31,1559,5565
2023-03-20 12:22:54,26,29,1559,5565
2023-03-20 12:23:08,26,31,1559,5565
2023-03-20 12:23:08,26,30,1559,5565
2023-03-20 12:23:12,26,31,1559,5565
2023-03-20 12:23:12,26,30,1559,5565
2023-03-20 12:23:17,26,31,1559,5565
2023-03-20 12:23:17,26,30,1559,5565
2023-03-20 12:23:17,27,30,1559,5565
2023-03-20 12:23:40,27,31,1559,5565
2023-03-20 12:23:40,27,30,1559,5565
2023-03-20 12:23:49,27,31,1559,5565
2023-03-20 12:23:49,27,30,1559,5565
2023-03-20 12:23:51,26,30,1559,5565
2023-03-20 12:24:03,26,31,1559,5565
2023-03-20 12:24:04,26,30,1559,5565
2023-03-20 12:24:06,26,31,1559,5565
2023-03-20 12:24:06,26,29,1559,5565
2023-03-20 12:24:08,27,29,1559,5565
2023-03-20 12:24:21,27,31,1559,5565
2023-03-20 12:24:21,27,30,1559,5565
2023-03-20 12:24:31,26,30,1559,5565
2023-03-20 12:24:31,26,31,1559,5565
2023-03-20 12:24:31,26,29,1559,5565
2023-03-20 12:24:46,26,31,1559,5565
2023-03-20 12:24:46,26,29,1559,5565
2023-03-20 12:25:02,25,29,1559,5565
2023-03-20 12:25:04,25,31,1559,5565
2023-03-20 12:25:04,26,31,1559,5565
2023-03-20 12:25:04,26,29,1559,5565
2023-03-20 12:25:17,25,29,1559,5565
2023-03-20 12:25:17,25,31,1559,5565
2023-03-20 12:25:17,25,29,1559,5565
2023-03-20 12:25:27,25,31,1559,5565
2023-03-20 12:25:27,25,29,1559,5565
2023-03-20 12:25:34,26,29,1559,5565
2023-03-20 12:25:43,26,30,1559,5565
2023-03-20 12:25:43,26,29,1559,5565
2023-03-20 12:25:58,26,30,1559,5565
2023-03-20 12:26:03,26,29,1559,5565
2023-03-20 12:26:12,26,28,1559,5565
2023-03-20 12:26:28,25,28,1559,5565
2023-03-20 12:26:28,25,30,1559,5565
2023-03-20 12:26:28,25,28,1559,5565
2023-03-20 12:26:39,24,28,1559,5565
2023-03-20 12:26:40,24,27,1559,5565
2023-03-20 12:26:43,24,28,1559,5565
2023-03-20 12:26:43,24,27,1559,5565
2023-03-20 12:26:58,24,28,1559,5565
2023-03-20 12:27:23,24,27,1559,5565
2023-03-20 12:27:27,24,28,1559,5565
2023-03-20 12:27:35,24,27,1559,5565
2023-03-20 12:27:42,24,28,1559,5565
2023-03-20 12:27:42,24,27,1559,5565
2023-03-20 12:27:48,24,28,1559,5565
2023-03-20 12:27:48,24,27,1559,5565
2023-03-20 12:27:54,25,27,1559,5565
2023-03-20 12:27:59,25,29,1559,5565
2023-03-20 12:27:59,25,28,1559,5565
2023-03-20 12:28:15,25,30,1559,5565
2023-03-20 12:28:15,25,31,1559,5565
2023-03-20 12:28:15,25,29,1559,5565
2023-03-20 12:28:18,25,31,1559,5565
2023-03-20 12:28:18,26,31,1559,5565
2023-03-20 12:28:18,26,29,1559,5565
2023-03-20 12:28:20,25,29,1559,5565
2023-03-20 12:28:21,25,31,1559,5565
2023-03-20 12:28:21,26,31,1559,5565
2023-03-20 12:28:21,26,30,1559,5565
2023-03-20 12:28:26,26,31,1559,5565
2023-03-20 12:28:26,26,29,1559,5565
2023-03-20 12:28:28,26,31,1559,5565
2023-03-20 12:28:28,26,30,1559,5565
2023-03-20 12:28:42,26,31,1559,5565
2023-03-20 12:28:43,26,30,1559,5565
2023-03-20 12:29:08,26,31,1559,5565
2023-03-20 12:29:08,27,31,1559,5565
2023-03-20 12:29:08,27,30,1559,5565
2023-03-20 12:29:26,27,31,1559,5565
2023-03-20 12:29:26,27,30,1559,5565
2023-03-20 12:29:30,27,31,1559,5565
2023-03-20 12:29:30,27,30,1559,5565
2023-03-20 12:29:34,27,31,1559,5565
2023-03-20 12:29:35,27,30,1559,5565
2023-03-20 12:29:49,27,31,1559,5565
2023-03-20 12:29:49,27,30,1559,5565
2023-03-20 12:29:56,27,31,1559,5565
2023-03-20 12:29:56,27,30,1559,5565
2023-03-20 12:30:11,27,32,1559,5565
2023-03-20 12:30:12,27,31,1559,5565
2023-03-20 12:30:13,28,31,1559,5565
2023-03-20 12:30:26,28,32,1559,5565
2023-03-20 12:30:27,28,31,1559,5565
2023-03-20 12:30:38,28,32,1559,5565
2023-03-20 12:30:39,28,31,1559,5565
2023-03-20 12:30:50,28,32,1559,5565
2023-03-20 12:30:51,28,31,1559,5565
2023-03-20 12:30:58,28,32,1559,5565
2023-03-20 12:30:58,28,31,1559,5565
2023-03-20 12:31:02,29,31,1559,5565
2023-03-20 12:31:05,29,33,1559,5565
2023-03-20 12:31:13,29,32,1559,5565
2023-03-20 12:31:28,29,33,1559,5565
2023-03-20 12:31:30,29,32,1559,5565
2023-03-20 12:31:44,29,33,1559,5565
2023-03-20 12:31:44,29,32,1559,5565
2023-03-20 12:31:53,28,32,1559,5565
2023-03-20 12:31:54,28,31,1559,5565
2023-03-20 12:32:10,27,31,1559,5565
2023-03-20 12:32:10,27,30,1559,5565
2023-03-20 12:32:17,27,31,1559,5565
2023-03-20 12:32:24,27,33,1559,5565
2023-03-20 12:32:24,27,32,1559,5565
2023-03-20 12:32:24,27,30,1559,5565
2023-03-20 12:32:32,27,32,1559,5565
2023-03-20 12:32:32,27,33,1559,5565
2023-03-20 12:32:32,28,33,1559,5565
2023-03-20 12:32:32,28,31,1559,5565
2023-03-20 12:32:47,27,31,1559,5565
2023-03-20 12:32:47,27,32,1559,5565
2023-03-20 12:32:47,27,31,1559,5565
2023-03-20 12:33:01,27,32,1559,5565
2023-03-20 12:33:01,27,30,1559,5565
2023-03-20 12:33:14,28,30,1559,5565
2023-03-20 12:33:27,27,30,1559,5565
2023-03-20 12:33:27,27,31,1559,5565
2023-03-20 12:33:27,27,32,1559,5565
2023-03-20 12:33:27,27,31,1559,5565
2023-03-20 12:33:29,28,31,1559,5565
2023-03-20 12:33:41,28,32,1559,5565
2023-03-20 12:33:41,28,31,1559,5565
2023-03-20 12:33:54,28,32,1559,5565
2023-03-20 12:33:54,28,31,1559,5565
2023-03-20 12:34:13,28,30,1559,5565
2023-03-20 12:34:38,29,30,1559,5565
2023-03-20 12:34:40,30,31,1559,5566
2023-03-20 12:34:42,30,33,1559,5566
2023-03-20 12:34:42,30,32,1559,5566
2023-03-20 12:34:49,29,32,1559,5566
2023-03-20 12:34:59,29,33,1559,5566
2023-03-20 12:34:59,29,32,1559,5566
2023-03-20 12:35:15,29,33,1559,5566
2023-03-20 12:35:16,29,32,1559,5566
2023-03-20 12:35:35,28,32,1559,5566
2023-03-20 12:35:38,28,33,1559,5566
2023-03-20 12:35:38,28,31,1559,5566
2023-03-20 12:35:54,28,33,1559,5566
2023-03-20 12:35:55,28,32,1559,5566
2023-03-20 12:35:58,28,33,1559,5566
2023-03-20 12:35:59,28,32,1559,5566
2023-03-20 12:36:11,28,33,1559,5566
2023-03-20 12:36:11,28,32,1559,5566
2023-03-20 12:36:19,28,33,1559,5566
2023-03-20 12:36:19,28,32,1559,5566
2023-03-20 12:36:26,28,33,1559,5566
2023-03-20 12:36:27,28,31,1559,5566
2023-03-20 12:36:43,28,33,1559,5566
2023-03-20 12:36:43,28,31,1559,5566
2023-03-20 12:36:54,28,33,1559,5566
2023-03-20 12:36:54,28,31,1559,5566
2023-03-20 12:37:06,28,33,1559,5566
2023-03-20 12:37:06,28,31,1559,5566
2023-03-20 12:37:24,29,31,1559,5566
2023-03-20 12:37:25,29,33,1559,5566
2023-03-20 12:37:25,29,32,1559,5566
2023-03-20 12:37:27,29,33,1559,5566
2023-03-20 12:37:27,29,32,1559,5566
2023-03-20 12:37:29,29,33,1559,5566
2023-03-20 12:37:29,29,32,1559,5566
2023-03-20 12:37:43,29,33,1559,5566
2023-03-20 12:37:43,29,32,1559,5566
2023-03-20 12:38:04,29,33,1559,5566
2023-03-20 12:38:04,29,32,1559,5566
2023-03-20 12:38:09,30,32,1559,5566
2023-03-20 12:38:27,30,33,1559,5566
2023-03-20 12:38:27,30,32,1559,5566
2023-03-20 12:38:28,30,33,1559,5566
2023-03-20 12:38:28,30,32,1559,5566
2023-03-20 12:38:52,30,31,1559,5566
2023-03-20 12:38:59,30,32,1559,5566
2023-03-20 12:39:00,30,31,1559,5566
2023-03-20 12:39:06,30,33,1559,5566
2023-03-20 12:39:06,30,31,1559,5566
2023-03-20 12:39:24,30,33,1559,5566
2023-03-20 12:39:24,30,32,1559,5566
2023-03-20 12:39:26,30,31,1559,5566
2023-03-20 12:39:39,30,33,1559,5566
2023-03-20 12:39:39,30,32,1559,5566
2023-03-20 12:39:50,28,32,1559,5566
2023-03-20 12:40:08,28,33,1559,5566
2023-03-20 12:40:09,28,32,1559,5566
2023-03-20 12:40:12,29,32,1559,5566
2023-03-20 12:40:14,30,32,1559,5566
2023-03-20 12:40:22,30,33,1559,5566
2023-03-20 12:40:22,30,32,1559,5566
2023-03-20 12:40:37,30,33,1559,5566
2023-03-20 12:40:37,30,32,1559,5566
2023-03-20 12:40:45,30,33,1559,5566
2023-03-20 12:40:45,30,32,1559,5566
2023-03-20 12:40:59,30,33,1559,5566
2023-03-20 12:41:00,30,32,1559,5566
2023-03-20 12:41:14,30,33,1559,5566
2023-03-20 12:41:15,30,32,1559,5566
2023-03-20 12:41:25,30,33,1559,5566
2023-03-20 12:41:25,30,32,1559,5566
2023-03-20 12:41:34,30,33,1559,5566
2023-03-20 12:41:52,30,32,1559,5566
2023-03-20 12:41:59,29,32,1559,5566
2023-03-20 12:42:14,31,32,1559,5566
2023-03-20 12:42:18,31,33,1559,5566
2023-03-20 12:42:18,31,32,1559,5566
2023-03-20 12:42:28,31,33,1559,5566
2023-03-20 12:42:29,31,32,1559,5566
2023-03-20 12:42:33,31,33,1559,5566
2023-03-20 12:42:33,31,32,1559,5566
2023-03-20 12:42:44,31,33,1559,5566
2023-03-20 12:42:44,31,32,1559,5566
2023-03-20 12:43:01,31,33,1559,5566
2023-03-20 12:43:01,31,32,1559,5566
2023-03-20 12:43:16,31,33,1559,5566
2023-03-20 12:43:25,31,32,1559,5566
2023-03-20 12:43:27,31,33,1559,5566
2023-03-20 12:43:27,31,32,1559,5566
2023-03-20 12:43:36,31,32,1559,5663
2023-03-20 12:43:38,28,31,1562,5666
2023-03-20 12:43:51,28,33,1562,5666
2023-03-20 12:43:51,28,32,1562,5666
2023-03-20 12:43:51,28,30,1562,5666
2023-03-20 12:43:53,28,33,1562,5666
2023-03-20 12:43:53,28,31,1562,5666
2023-03-20 12:44:10,28,33,1562,5666
2023-03-20 12:44:11,28,31,1562,5666
2023-03-20 12:44:26,28,33,1562,5666
2023-03-20 12:44:26,28,31,1562,5666
2023-03-20 12:44:30,28,33,1562,5666
2023-03-20 12:44:30,28,31,1562,5666
2023-03-20 12:44:35,29,31,1562,5666
2023-03-20 12:44:45,29,33,1562,5666
2023-03-20 12:44:45,29,31,1562,5666
2023-03-20 12:44:53,29,33,1562,5666
2023-03-20 12:44:53,29,31,1562,5666
2023-03-20 12:45:02,29,33,1562,5666
2023-03-20 12:45:03,29,31,1562,5666
2023-03-20 12:45:33,29,33,1562,5666
2023-03-20 12:45:33,29,31,1562,5666
2023-03-20 12:45:49,29,33,1562,5666
2023-03-20 12:45:49,29,31,1562,5666
2023-03-20 12:45:58,29,32,1562,5666
2023-03-20 12:45:58,29,31,1562,5666
2023-03-20 12:45:58,28,31,1562,5666
2023-03-20 12:46:02,28,30,1562,5666
2023-03-20 12:46:10,28,32,1562,5666
2023-03-20 12:46:10,28,30,1562,5666
2023-03-20 12:46:14,28,32,1562,5666
2023-03-20 12:46:15,28,30,1562,5666
2023-03-20 12:46:20,28,32,1562,5666
2023-03-20 12:46:20,28,30,1562,5666
2023-03-20 12:46:38,28,33,1562,5666
2023-03-20 12:46:38,28,31,1562,5666
2023-03-20 12:46:41,28,33,1562,5666
2023-03-20 12:46:41,28,31,1562,5666
2023-03-20 12:46:48,28,33,1562,5666
2023-03-20 12:46:48,28,31,1562,5666
2023-03-20 12:47:04,28,33,1562,5666
2023-03-20 12:47:04,28,31,1562,5666
2023-03-20 12:47:12,28,33,1562,5666
2023-03-20 12:47:13,28,31,1562,5666
2023-03-20 12:47:14,30,31,1562,5666
2023-03-20 12:47:17,30,32,1562,5666
2023-03-20 12:47:18,30,34,1562,5666
2023-03-20 12:47:18,30,32,1562,5666
2023-03-20 12:47:28,30,34,1562,5666
2023-03-20 12:47:28,30,33,1562,5666
2023-03-20 12:47:31,30,34,1562,5666
2023-03-20 12:47:31,30,33,1562,5666
2023-03-20 12:47:48,30,34,1562,5666
2023-03-20 12:47:48,30,32,1562,5666
2023-03-20 12:47:51,30,34,1562,5666
2023-03-20 12:47:51,30,32,1562,5666
2023-03-20 12:47:56,30,34,1562,5666
2023-03-20 12:47:56,30,33,1562,5666
2023-03-20 12:47:59,31,33,1562,5666
2023-03-20 12:48:05,31,33,1564,5668
2023-03-20 12:48:07,31,35,1564,5668
2023-03-20 12:48:07,31,37,1564,5668
2023-03-20 12:48:07,31,36,1564,5668
2023-03-20 12:48:07,31,34,1564,5668
2023-03-20 12:48:09,33,34,1564,5668
2023-03-20 12:48:14,31,34,1564,5668
2023-03-20 12:48:14,31,36,1564,5668
2023-03-20 12:48:14,31,37,1564,5668
2023-03-20 12:48:14,31,35,1564,5668
2023-03-20 12:48:14,31,33,1564,5668
2023-03-20 12:48:29,31,37,1564,5668
2023-03-20 12:48:29,31,35,1564,5668
2023-03-20 12:48:43,31,36,1564,5668
2023-03-20 12:48:43,31,34,1564,5668
2023-03-20 12:48:45,31,36,1564,5668
2023-03-20 12:48:45,31,34,1564,5668
2023-03-20 12:48:56,31,36,1564,5668
2023-03-20 12:48:56,31,34,1564,5668
2023-03-20 12:49:06,31,36,1564,5668
2023-03-20 12:49:06,31,34,1564,5668
2023-03-20 12:49:14,31,36,1564,5668
2023-03-20 12:49:14,31,34,1564,5668
2023-03-20 12:49:19,31,36,1564,5668
2023-03-20 12:49:19,31,34,1564,5668
2023-03-20 12:49:31,31,36,1564,5668
2023-03-20 12:49:32,31,34,1564,5668
2023-03-20 12:49:49,31,36,1564,5668
2023-03-20 12:49:49,31,34,1564,5668
2023-03-20 12:49:50,31,36,1564,5668
2023-03-20 12:49:50,31,34,1564,5668
2023-03-20 12:49:59,33,34,1564,5668
2023-03-20 12:49:59,33,36,1564,5668
2023-03-20 12:50:00,33,34,1564,5668
2023-03-20 12:50:11,33,36,1564,5668
2023-03-20 12:50:12,33,34,1564,5668
2023-03-20 12:50:19,33,34,1687,5791
2023-03-20 12:50:21,33,38,1687,5791
2023-03-20 12:50:21,33,36,1687,5791
2023-03-20 12:50:40,33,37,1687,5791
2023-03-20 12:50:40,33,39,1687,5791
2023-03-20 12:50:40,33,38,1687,5791
2023-03-20 12:50:41,33,39,1687,5791
2023-03-20 12:50:41,34,39,1687,5791
2023-03-20 12:50:41,34,37,1687,5791
2023-03-20 12:50:49,35,37,1687,5791
2023-03-20 12:50:50,35,38,1687,5791
2023-03-20 12:50:53,37,38,1687,5791
2023-03-20 12:50:58,35,38,1687,5791
2023-03-20 12:51:07,36,38,1687,5791
2023-03-20 12:51:12,35,38,1687,5791
2023-03-20 12:51:12,37,38,1687,5791
2023-03-20 12:51:16,37,39,1687,5791
2023-03-20 12:51:19,35,39,1687,5791
2023-03-20 12:51:20,37,39,1687,5791
2023-03-20 12:51:24,38,39,1687,5791
2023-03-20 12:51:27,36,39,1647,5831
2023-03-20 12:51:34,35,39,1647,5831
2023-03-20 12:51:34,37,39,1647,5831
2023-03-20 12:51:49,35,39,1647,5831
2023-03-20 12:51:49,38,39,1647,5831
2023-03-20 12:51:58,37,39,1647,5831
2023-03-20 12:52:22,38,39,1647,5831
2023-03-20 12:52:24,37,39,1647,5831
2023-03-20 12:52:24,38,39,1647,5831
2023-03-20 12:52:29,37,39,1647,5831
2023-03-20 12:52:36,38,39,1647,5831
2023-03-20 12:52:44,37,39,1647,5831
2023-03-20 12:52:51,38,39,1647,5831
2023-03-20 12:53:07,37,39,1647,5831
2023-03-20 12:53:12,38,39,1647,5831
2023-03-20 12:53:28,37,39,1647,5831
2023-03-20 12:54:22,38,39,1647,5831
2023-03-20 12:54:37,37,39,1647,5831
2023-03-20 12:54:52,38,39,1647,5831
2023-03-20 12:55:09,37,39,1647,5831
2023-03-20 12:56:02,37,38,1647,5831
2023-03-20 12:56:04,35,38,1647,5831
2023-03-20 12:56:04,39,40,1727,5911
2023-03-20 12:56:09,41,43,1727,6039
2023-03-20 12:56:11,38,41,1869,6181
2023-03-20 12:56:11,38,40,1869,6181
2023-03-20 12:56:14,39,40,1869,6181
2023-03-20 12:56:28,36,40,1869,6181
2023-03-20 12:56:28,35,40,1869,6181
2023-03-20 12:56:28,35,43,1869,6181
2023-03-20 12:56:29,37,43,1869,6181
2023-03-20 12:56:29,39,43,1869,6181
2023-03-20 12:56:31,40,43,1869,6181
2023-03-20 12:56:34,40,41,1869,6181
2023-03-20 12:56:35,39,41,1869,6181
2023-03-20 12:56:50,37,41,1869,6181
2023-03-20 12:56:50,39,41,1869,6181
2023-03-20 12:57:06,37,41,1869,6181
2023-03-20 12:57:06,39,41,1869,6181
2023-03-20 12:57:14,37,41,1869,6181
2023-03-20 12:57:14,40,41,1869,6181
2023-03-20 12:57:24,37,41,1869,6181
2023-03-20 12:57:24,39,41,1869,6181
2023-03-20 12:57:39,37,41,1869,6181
2023-03-20 12:57:39,39,41,1869,6181
2023-03-20 12:57:52,37,41,1869,6181
2023-03-20 12:57:53,39,41,1869,6181
2023-03-20 12:58:10,37,41,1869,6181
2023-03-20 12:58:10,38,41,1869,6181
2023-03-20 12:58:13,39,41,1869,6181
2023-03-20 12:58:25,38,41,1869,6181
2023-03-20 12:58:25,37,41,1869,6181
2023-03-20 12:58:25,39,41,1869,6181
2023-03-20 12:58:27,37,41,1869,6181
2023-03-20 12:58:27,38,41,1869,6181
2023-03-20 12:58:31,37,41,1869,6181
2023-03-20 12:58:32,39,41,1869,6181
2023-03-20 12:58:34,37,41,1869,6181
2023-03-20 12:58:34,38,41,1869,6181
2023-03-20 12:58:41,37,41,1869,6181
2023-03-20 12:58:41,39,41,1869,6181
2023-03-20 12:58:58,37,41,1869,6181
2023-03-20 12:58:58,38,41,1869,6181
2023-03-20 12:59:07,37,41,1869,6181
2023-03-20 12:59:07,39,41,1869,6181
2023-03-20 12:59:31,37,41,1869,6181
2023-03-20 12:59:31,38,41,1869,6181
2023-03-20 12:59:52,37,41,1869,6181
2023-03-20 12:59:52,39,41,1869,6181
2023-03-20 13:00:21,37,41,1869,6181
2023-03-20 13:00:21,38,41,1869,6181
2023-03-20 13:00:35,37,41,1869,6181
2023-03-20 13:00:35,38,41,1869,6181
2023-03-20 13:00:40,37,41,1869,6181
2023-03-20 13:00:40,39,41,1869,6181
2023-03-20 13:00:54,37,41,1869,6181
2023-03-20 13:00:54,39,41,1869,6181
2023-03-20 13:01:10,37,41,1869,6181
2023-03-20 13:01:12,39,41,1869,6181
2023-03-20 13:01:31,38,41,1869,6181
2023-03-20 13:01:31,37,41,1869,6181
2023-03-20 13:01:31,39,41,1869,6181
2023-03-20 13:01:46,37,41,1869,6181
2023-03-20 13:01:46,39,41,1869,6181
2023-03-20 13:02:02,37,41,1869,6181
2023-03-20 13:02:02,39,41,1869,6181
2023-03-20 13:02:19,37,41,1869,6181
2023-03-20 13:02:19,38,41,1869,6181
2023-03-20 13:02:32,37,41,1869,6181
2023-03-20 13:02:32,39,41,1869,6181
2023-03-20 13:02:37,38,41,1869,6181
2023-03-20 13:02:37,39,41,1869,6181
2023-03-20 13:02:49,38,41,1869,6181
2023-03-20 13:02:49,40,41,1869,6181
2023-03-20 13:02:56,38,41,1869,6181
2023-03-20 13:02:56,39,41,1869,6181
2023-03-20 13:03:00,38,41,1869,6181
2023-03-20 13:03:00,40,41,1869,6181
2023-03-20 13:03:18,37,41,1869,6181
2023-03-20 13:03:18,39,41,1869,6181
2023-03-20 13:03:49,37,41,1869,6181
2023-03-20 13:03:49,39,41,1869,6181
2023-03-20 13:03:49,39,42,1869,6181
2023-03-20 13:03:52,40,42,1869,6181
2023-03-20 13:03:52,40,41,1869,6181
2023-03-20 13:03:52,40,41,1869,6226
2023-03-20 13:03:53,40,42,1869,6226
2023-03-20 13:03:54,38,42,1869,6226
2023-03-20 13:03:55,40,42,1869,6226
2023-03-20 13:04:08,38,42,1869,6226
2023-03-20 13:04:08,39,42,1869,6226
2023-03-20 13:04:08,41,42,1869,6226
2023-03-20 13:04:09,39,41,1869,6304
2023-03-20 13:04:14,39,42,1869,6304
2023-03-20 13:04:14,38,42,1869,6304
2023-03-20 13:04:14,40,42,1869,6304
2023-03-20 13:04:51,39,42,1869,6304
2023-03-20 13:05:08,38,42,1869,6304
2023-03-20 13:05:08,39,42,1869,6304
2023-03-20 13:05:11,38,42,1869,6304
2023-03-20 13:05:11,39,42,1869,6304
2023-03-20 13:05:16,38,42,1869,6304
2023-03-20 13:05:16,39,42,1869,6304
2023-03-20 13:05:31,38,42,1869,6304
2023-03-20 13:05:31,39,42,1869,6304
2023-03-20 13:05:32,40,42,1869,6304
2023-03-20 13:06:09,41,42,1869,6304
2023-03-20 13:06:11,42,44,1869,6364
2023-03-20 13:06:14,41,44,1869,6364
2023-03-20 13:06:14,39,44,1869,6364
2023-03-20 13:06:14,39,45,1869,6364
2023-03-20 13:06:14,39,44,1869,6364
2023-03-20 13:06:14,41,44,1869,6364
2023-03-20 13:06:14,41,45,1869,6364
2023-03-20 13:06:15,41,44,1869,6364
2023-03-20 13:06:15,41,45,1869,6364
2023-03-20 13:06:19,42,45,1869,6364
2023-03-20 13:06:47,41,45,1869,6364
2023-03-20 13:06:48,41,44,1869,6364
2023-03-20 13:07:22,39,44,1869,6364
2023-03-20 13:07:25,40,44,1869,6364
2023-03-20 13:07:27,40,43,1869,6364
2023-03-20 13:07:32,40,44,1869,6364
2023-03-20 13:08:26,39,44,1869,6364
2023-03-20 13:08:27,41,44,1869,6364
2023-03-20 13:08:42,41,43,1869,6364
2023-03-20 13:08:42,39,43,1869,6364
2023-03-20 13:08:43,40,43,1869,6364
2023-03-20 13:08:43,42,43,1869,6364
2023-03-20 13:08:45,39,43,1869,6364
2023-03-20 13:08:45,41,43,1869,6364
2023-03-20 13:08:48,39,43,1869,6364
2023-03-20 13:08:48,41,43,1869,6364
2023-03-20 13:09:02,39,43,1869,6364
2023-03-20 13:09:02,41,43,1869,6364
2023-03-20 13:09:06,39,43,1869,6364
2023-03-20 13:09:06,42,43,1869,6364
2023-03-20 13:09:20,40,43,1869,6364
2023-03-20 13:09:20,39,43,1869,6364
2023-03-20 13:09:20,41,43,1869,6364
2023-03-20 13:10:19,39,43,1869,6364
2023-03-20 13:10:19,41,43,1869,6364
2023-03-20 13:10:26,39,43,1869,6364
2023-03-20 13:10:26,41,43,1869,6364
2023-03-20 13:10:32,39,43,1869,6364
2023-03-20 13:10:32,41,43,1869,6364
2023-03-20 13:10:34,39,43,1869,6364
2023-03-20 13:10:34,42,43,1869,6364
2023-03-20 13:10:42,39,43,1869,6364
2023-03-20 13:10:42,41,43,1869,6364
2023-03-20 13:10:57,39,43,1869,6364
2023-03-20 13:10:57,41,43,1869,6364
2023-03-20 13:11:10,39,43,1869,6364
2023-03-20 13:11:10,42,43,1869,6364
2023-03-20 13:11:17,40,43,1869,6364
2023-03-20 13:11:17,42,43,1869,6364
2023-03-20 13:11:32,40,43,1869,6364
2023-03-20 13:11:32,39,43,1869,6364
2023-03-20 13:11:32,41,43,1869,6364
2023-03-20 13:11:36,39,43,1869,6364
2023-03-20 13:11:36,40,43,1869,6364
2023-03-20 13:11:36,42,43,1869,6364
2023-03-20 13:11:40,40,43,1869,6364
2023-03-20 13:11:40,39,43,1869,6364
2023-03-20 13:11:40,41,43,1869,6364
2023-03-20 13:11:46,39,43,1869,6364
2023-03-20 13:11:46,42,43,1869,6364
2023-03-20 13:12:06,39,43,1869,6364
2023-03-20 13:12:06,41,43,1869,6364
2023-03-20 13:12:15,39,43,1869,6364
2023-03-20 13:12:15,40,43,1869,6364
2023-03-20 13:12:15,42,43,1869,6364
2023-03-20 13:12:41,40,43,1869,6364
2023-03-20 13:12:41,42,43,1869,6364
2023-03-20 13:12:50,39,43,1869,6364
2023-03-20 13:12:50,41,43,1869,6364
2023-03-20 13:12:56,39,43,1869,6364
2023-03-20 13:12:56,42,43,1869,6364
2023-03-20 13:12:57,42,44,1869,6364
2023-03-20 13:13:10,40,44,1869,6364
2023-03-20 13:13:10,43,44,1869,6364
2023-03-20 13:13:22,41,44,1869,6364
2023-03-20 13:13:23,43,44,1869,6364
2023-03-20 13:13:25,41,44,1869,6364
2023-03-20 13:13:25,40,44,1869,6364
2023-03-20 13:13:25,42,44,1869,6364
2023-03-20 13:13:27,40,44,1869,6364
2023-03-20 13:13:27,43,44,1869,6364
2023-03-20 13:13:43,41,44,1869,6364
2023-03-20 13:13:43,40,44,1869,6364
2023-03-20 13:13:43,42,44,1869,6364
2023-03-20 13:13:59,40,44,1869,6364
2023-03-20 13:13:59,41,44,1869,6364
2023-03-20 13:13:59,43,44,1869,6364
2023-03-20 13:14:14,41,44,1869,6364
2023-03-20 13:14:14,43,44,1869,6364
2023-03-20 13:14:29,41,44,1869,6364
2023-03-20 13:14:30,43,44,1869,6364
2023-03-20 13:15:02,41,44,1869,6364
2023-03-20 13:15:02,43,44,1869,6364
2023-03-20 13:15:13,40,44,1869,6364
2023-03-20 13:15:13,42,44,1869,6364
2023-03-20 13:15:18,43,44,1869,6364
2023-03-20 13:15:24,43,44,1833,6400
2023-03-20 13:15:25,43,45,1833,6400
2023-03-20 13:15:41,42,45,1833,6400
2023-03-20 13:15:41,43,45,1833,6400
2023-03-20 13:15:43,44,45,1833,6400
2023-03-20 13:16:08,42,45,1833,6400
2023-03-20 13:16:09,46,48,1705,6528
2023-03-20 13:16:11,44,48,1705,6528
2023-03-20 13:16:11,46,48,1705,6528
2023-03-20 13:16:22,40,48,1705,6528
2023-03-20 13:16:22,43,48,1705,6528
2023-03-20 13:16:22,43,47,1705,6528
2023-03-20 13:16:31,44,47,1705,6528
2023-03-20 13:16:50,42,47,1705,6528
2023-03-20 13:16:50,41,47,1705,6528
2023-03-20 13:16:50,41,48,1705,6528
2023-03-20 13:16:50,43,48,1705,6528
2023-03-20 13:16:50,43,47,1705,6528
2023-03-20 13:17:05,41,47,1705,6528
2023-03-20 13:17:05,40,47,1705,6528
2023-03-20 13:17:05,40,48,1705,6528
2023-03-20 13:17:05,44,48,1705,6528
2023-03-20 13:17:15,42,48,1705,6528
2023-03-20 13:17:15,44,48,1705,6528
2023-03-20 13:17:22,42,48,1705,6528
2023-03-20 13:17:22,40,48,1705,6528
2023-03-20 13:17:22,43,48,1705,6528
2023-03-20 13:17:22,45,48,1705,6528
2023-03-20 13:17:22,47,48,1705,6528
2023-03-20 13:17:24,45,48,1705,6528
2023-03-20 13:17:25,47,48,1705,6528
2023-03-20 13:17:28,45,47,1705,6636
2023-03-20 13:17:29,42,47,1705,6636
2023-03-20 13:17:29,46,47,1705,6636
2023-03-20 13:17:33,46,48,1705,6636
2023-03-20 13:17:38,44,48,1705,6636
2023-03-20 13:17:39,42,48,1705,6636
2023-03-20 13:17:39,44,48,1705,6636
2023-03-20 13:17:43,40,48,1705,6636
2023-03-20 13:17:43,41,48,1705,6636
2023-03-20 13:17:43,43,48,1705,6636
2023-03-20 13:17:43,43,47,1705,6636
2023-03-20 13:17:46,41,47,1705,6636
2023-03-20 13:17:46,40,47,1705,6636
2023-03-20 13:17:46,40,48,1705,6636
2023-03-20 13:17:46,42,48,1705,6636
2023-03-20 13:17:46,44,48,1705,6636
2023-03-20 13:17:46,44,47,1705,6636
2023-03-20 13:18:02,40,47,1705,6636
2023-03-20 13:18:02,40,48,1705,6636
2023-03-20 13:18:02,43,48,1705,6636
2023-03-20 13:18:02,43,47,1705,6636
2023-03-20 13:18:12,41,47,1705,6636
2023-03-20 13:18:12,41,48,1705,6636
2023-03-20 13:18:12,43,48,1705,6636
2023-03-20 13:18:12,43,47,1705,6636
2023-03-20 13:18:21,41,47,1705,6636
2023-03-20 13:18:21,41,48,1705,6636
2023-03-20 13:18:21,43,48,1705,6636
2023-03-20 13:18:21,43,47,1705,6636
2023-03-20 13:18:38,41,47,1705,6636
2023-03-20 13:18:38,40,47,1705,6636
2023-03-20 13:18:38,40,48,1705,6636
2023-03-20 13:18:39,42,48,1705,6636
2023-03-20 13:18:39,42,46,1705,6636
2023-03-20 13:18:54,40,46,1705,6636
2023-03-20 13:18:54,40,48,1705,6636
2023-03-20 13:18:54,43,48,1705,6636
2023-03-20 13:18:54,43,47,1705,6636
2023-03-20 13:19:15,41,47,1705,6636
2023-03-20 13:19:15,41,48,1705,6636
2023-03-20 13:19:15,43,48,1705,6636
2023-03-20 13:19:15,43,47,1705,6636
2023-03-20 13:19:24,41,47,1705,6636
2023-03-20 13:19:24,41,48,1705,6636
2023-03-20 13:19:24,43,48,1705,6636
2023-03-20 13:19:24,43,47,1705,6636
2023-03-20 13:19:35,40,47,1705,6636
2023-03-20 13:19:35,40,48,1705,6636
2023-03-20 13:19:35,41,48,1705,6636
2023-03-20 13:19:35,43,48,1705,6636
2023-03-20 13:19:35,43,47,1705,6636
2023-03-20 13:19:43,41,47,1705,6636
2023-03-20 13:19:43,41,48,1705,6636
2023-03-20 13:19:43,43,48,1705,6636
2023-03-20 13:19:43,43,47,1705,6636
2023-03-20 13:19:48,41,47,1705,6636
2023-03-20 13:19:48,41,48,1705,6636
2023-03-20 13:19:48,43,48,1705,6636
2023-03-20 13:19:49,43,47,1705,6636
2023-03-20 13:19:53,41,47,1705,6636
2023-03-20 13:19:53,41,48,1705,6636
2023-03-20 13:19:54,43,48,1705,6636
2023-03-20 13:19:54,43,47,1705,6636
2023-03-20 13:20:06,41,47,1705,6636
2023-03-20 13:20:06,41,48,1705,6636
2023-03-20 13:20:06,43,48,1705,6636
2023-03-20 13:20:06,43,47,1705,6636
2023-03-20 13:20:14,41,47,1705,6636
2023-03-20 13:20:14,41,48,1705,6636
2023-03-20 13:20:14,43,48,1705,6636
2023-03-20 13:20:14,43,47,1705,6636
2023-03-20 13:20:28,41,47,1705,6636
2023-03-20 13:20:28,41,48,1705,6636
2023-03-20 13:20:28,43,48,1705,6636
2023-03-20 13:20:28,43,47,1705,6636
2023-03-20 13:20:48,41,47,1705,6636
2023-03-20 13:20:48,41,48,1705,6636
2023-03-20 13:20:48,43,48,1705,6636
2023-03-20 13:20:48,43,47,1705,6636
2023-03-20 13:20:50,41,47,1705,6636
2023-03-20 13:20:50,41,48,1705,6636
2023-03-20 13:20:50,43,48,1705,6636
2023-03-20 13:20:50,43,47,1705,6636
2023-03-20 13:20:59,43,47,1707,6638
2023-03-20 13:21:03,40,47,1707,6638
2023-03-20 13:21:03,40,48,1707,6638
2023-03-20 13:21:03,44,48,1707,6638
2023-03-20 13:21:10,40,48,1707,6638
2023-03-20 13:21:10,41,48,1707,6638
2023-03-20 13:21:10,43,48,1707,6638
2023-03-20 13:21:10,43,47,1707,6638
2023-03-20 13:21:14,41,47,1707,6638
2023-03-20 13:21:14,40,47,1707,6638
2023-03-20 13:21:14,40,48,1707,6638
2023-03-20 13:21:15,43,48,1707,6638
2023-03-20 13:21:15,43,47,1707,6638
2023-03-20 13:21:18,41,47,1707,6638
2023-03-20 13:21:18,41,48,1707,6638
2023-03-20 13:21:18,43,48,1707,6638
2023-03-20 13:21:18,43,47,1707,6638
2023-03-20 13:21:19,41,47,1707,6638
2023-03-20 13:21:19,41,48,1707,6638
2023-03-20 13:21:19,43,48,1707,6638
2023-03-20 13:21:19,43,47,1707,6638
2023-03-20 13:21:36,41,47,1707,6638
2023-03-20 13:21:36,41,48,1707,6638
2023-03-20 13:21:37,43,48,1707,6638
2023-03-20 13:21:37,43,47,1707,6638
2023-03-20 13:22:05,40,47,1707,6638
2023-03-20 13:22:05,40,48,1707,6638
2023-03-20 13:22:06,42,48,1707,6638
2023-03-20 13:22:06,44,48,1707,6638
2023-03-20 13:22:25,42,48,1707,6638
2023-03-20 13:22:25,40,48,1707,6638
2023-03-20 13:22:25,41,48,1707,6638
2023-03-20 13:22:25,43,48,1707,6638
2023-03-20 13:22:25,43,47,1707,6638
2023-03-20 13:22:25,43,44,1707,6638
2023-03-20 13:22:36,43,47,1707,6638
2023-03-20 13:22:47,41,47,1707,6638
2023-03-20 13:22:47,40,47,1707,6638
2023-03-20 13:22:47,40,48,1707,6638
2023-03-20 13:22:47,44,48,1707,6638
2023-03-20 13:22:51,42,48,1707,6638
2023-03-20 13:22:51,40,48,1707,6638
2023-03-20 13:22:52,41,48,1707,6638
2023-03-20 13:22:52,43,48,1707,6638
2023-03-20 13:22:52,43,47,1707,6638
2023-03-20 13:23:06,40,47,1707,6638
2023-03-20 13:23:06,40,48,1707,6638
2023-03-20 13:23:06,44,48,1707,6638
2023-03-20 13:23:10,44,47,1707,6638
2023-03-20 13:23:23,43,47,1707,6638
2023-03-20 13:23:27,43,48,1707,6638
2023-03-20 13:23:27,44,48,1707,6638
2023-03-20 13:23:48,43,48,1707,6638
2023-03-20 13:23:49,43,46,1707,6638
2023-03-20 13:23:54,43,48,1707,6638
2023-03-20 13:23:54,44,48,1707,6638
2023-03-20 13:23:54,44,47,1707,6638
2023-03-20 13:24:06,43,47,1707,6638
2023-03-20 13:24:06,43,48,1707,6638
2023-03-20 13:24:06,43,47,1707,6638
2023-03-20 13:24:19,43,48,1707,6638
2023-03-20 13:24:19,44,48,1707,6638
2023-03-20 13:24:52,43,48,1707,6638
2023-03-20 13:24:52,43,47,1707,6638
2023-03-20 13:25:08,43,48,1707,6638
2023-03-20 13:25:08,43,47,1707,6638
2023-03-20 13:25:13,43,48,1707,6638
2023-03-20 13:25:13,44,48,1707,6638
2023-03-20 13:25:24,43,48,1707,6638
2023-03-20 13:25:24,45,48,1707,6638
2023-03-20 13:25:24,47,48,1707,6638
2023-03-20 13:25:29,45,48,1707,6638
2023-03-20 13:25:30,47,48,1707,6638
2023-03-20 13:25:33,47,48,1673,6672
2023-03-20 13:25:38,45,48,1673,6672
2023-03-20 13:25:38,43,48,1673,6672
2023-03-20 13:25:38,44,48,1673,6672
2023-03-20 13:25:38,46,48,1673,6672
2023-03-20 13:25:47,44,48,1673,6672
2023-03-20 13:25:47,43,48,1673,6672
2023-03-20 13:25:47,44,48,1673,6672
2023-03-20 13:25:49,44,47,1673,6672
2023-03-20 13:25:52,43,47,1673,6672
2023-03-20 13:25:52,44,47,1673,6672
2023-03-20 13:25:54,43,47,1673,6672
2023-03-20 13:25:54,43,48,1673,6672
2023-03-20 13:25:54,43,47,1673,6672
2023-03-20 13:25:58,43,48,1673,6672
2023-03-20 13:25:59,43,47,1673,6672
2023-03-20 13:26:01,43,48,1673,6672
2023-03-20 13:26:01,43,47,1673,6672
2023-03-20 13:26:20,43,48,1673,6672
2023-03-20 13:26:20,45,48,1673,6672
2023-03-20 13:26:20,47,48,1673,6672
2023-03-20 13:26:26,45,48,1673,6672
2023-03-20 13:26:26,43,48,1673,6672
2023-03-20 13:26:26,46,48,1673,6672
2023-03-20 13:26:51,44,48,1673,6672
2023-03-20 13:26:51,43,48,1673,6672
2023-03-20 13:26:51,44,48,1673,6672
2023-03-20 13:27:06,43,48,1673,6672
2023-03-20 13:27:06,44,48,1673,6672
2023-03-20 13:27:12,43,48,1673,6672
2023-03-20 13:27:12,45,48,1673,6672
2023-03-20 13:27:12,47,48,1673,6672
2023-03-20 13:27:14,45,48,1673,6672
2023-03-20 13:27:14,47,48,1673,6672
2023-03-20 13:27:18,45,48,1673,6672
2023-03-20 13:27:18,43,48,1673,6672
2023-03-20 13:27:18,44,48,1673,6672
2023-03-20 13:27:22,44,47,1673,6672
2023-03-20 13:27:34,43,47,1673,6672
2023-03-20 13:27:34,43,48,1673,6672
2023-03-20 13:27:35,44,48,1673,6672
2023-03-20 13:27:38,43,48,1673,6672
2023-03-20 13:27:38,45,48,1673,6672
2023-03-20 13:27:38,47,48,1673,6672
2023-03-20 13:27:42,45,48,1673,6672
2023-03-20 13:27:42,43,48,1673,6672
2023-03-20 13:27:42,44,48,1673,6672
2023-03-20 13:27:49,43,48,1673,6672
2023-03-20 13:27:49,43,47,1673,6672
2023-03-20 13:27:53,43,48,1673,6672
2023-03-20 13:27:53,44,48,1673,6672
2023-03-20 13:27:56,43,48,1673,6672
2023-03-20 13:27:56,44,48,1673,6672
2023-03-20 13:28:07,43,48,1673,6672
2023-03-20 13:28:07,44,48,1673,6672
2023-03-20 13:28:09,43,48,1673,6672
2023-03-20 13:28:09,44,48,1673,6672
2023-03-20 13:28:09,44,47,1673,6672
2023-03-20 13:28:22,44,47,1673,6677
2023-03-20 13:28:24,43,47,1673,6677
2023-03-20 13:29:07,44,47,1673,6677
2023-03-20 13:29:10,43,47,1673,6677
2023-03-20 13:29:22,44,47,1673,6677
2023-03-20 13:29:23,45,47,1673,6677
2023-03-20 13:29:31,43,47,1673,6677
2023-03-20 13:29:31,44,47,1673,6677
2023-03-20 13:29:47,43,47,1673,6677
2023-03-20 13:29:54,43,46,1673,6677
2023-03-20 13:30:09,43,47,1673,6677
2023-03-20 13:30:09,43,46,1673,6677
2023-03-20 13:30:17,43,47,1673,6677
2023-03-20 13:30:27,43,46,1673,6677
2023-03-20 13:30:42,43,47,1673,6677
2023-03-20 13:30:50,44,47,1673,6677
2023-03-20 13:31:02,44,48,1673,6677
2023-03-20 13:31:02,44,47,1673,6677
2023-03-20 13:31:18,44,48,1673,6677
2023-03-20 13:31:18,44,46,1673,6677
2023-03-20 13:31:30,44,48,1673,6677
2023-03-20 13:31:34,46,48,1673,6677
2023-03-20 13:31:44,44,48,1673,6677
2023-03-20 13:31:48,46,48,1673,6677
2023-03-20 13:31:54,44,48,1673,6677
2023-03-20 13:31:54,44,47,1673,6677
2023-03-20 13:31:59,45,47,1673,6677
2023-03-20 13:32:08,44,47,1673,6677
2023-03-20 13:32:08,44,48,1673,6677
2023-03-20 13:32:10,46,48,1673,6677
2023-03-20 13:32:22,44,48,1673,6677
2023-03-20 13:32:25,45,48,1673,6677
2023-03-20 13:32:25,47,48,1673,6677
2023-03-20 13:32:38,45,48,1673,6677
2023-03-20 13:32:38,44,48,1673,6677
2023-03-20 13:32:42,44,47,1673,6677
2023-03-20 13:32:49,44,48,1673,6677
2023-03-20 13:32:50,47,48,1673,6677
2023-03-20 13:32:55,44,48,1673,6677
2023-03-20 13:33:02,47,48,1673,6677
2023-03-20 13:33:05,44,48,1673,6677
2023-03-20 13:33:05,45,48,1673,6677
2023-03-20 13:33:05,47,48,1673,6677
2023-03-20 13:33:08,44,48,1673,6677
2023-03-20 13:33:08,47,48,1673,6677
2023-03-20 13:33:11,44,48,1673,6677
2023-03-20 13:33:11,46,48,1673,6677
2023-03-20 13:33:19,44,48,1673,6677
2023-03-20 13:33:19,46,48,1673,6677
2023-03-20 13:33:25,46,49,1673,6677
2023-03-20 13:33:36,45,49,1673,6677
2023-03-20 13:33:37,46,49,1673,6677
2023-03-20 13:33:55,45,49,1673,6677
2023-03-20 13:33:55,46,49,1673,6677
2023-03-20 13:33:59,45,49,1673,6677
2023-03-20 13:33:59,47,49,1673,6677
2023-03-20 13:34:04,48,49,1673,6677
2023-03-20 13:34:08,47,49,1673,6677
2023-03-20 13:34:08,46,49,1673,6677
2023-03-20 13:34:08,45,49,1673,6677
2023-03-20 13:34:09,47,49,1673,6677
2023-03-20 13:34:13,45,49,1673,6677
2023-03-20 13:34:13,46,49,1673,6677
2023-03-20 13:34:13,48,49,1673,6677
2023-03-20 13:34:18,46,49,1673,6677
2023-03-20 13:34:18,45,49,1673,6677
2023-03-20 13:34:19,45,48,1673,6677
2023-03-20 13:34:21,45,49,1673,6677
2023-03-20 13:34:23,46,49,1673,6677
2023-03-20 13:34:23,48,49,1673,6677
2023-03-20 13:34:25,46,49,1673,6677
2023-03-20 13:34:25,48,49,1673,6677
2023-03-20 13:34:28,45,49,1673,6677
2023-03-20 13:34:59,46,49,1673,6677
2023-03-20 13:35:05,45,49,1673,6677
2023-03-20 13:35:09,44,49,1673,6677
2023-03-20 13:35:09,44,48,1673,6677
2023-03-20 13:35:23,44,49,1673,6677
2023-03-20 13:35:23,45,49,1673,6677
2023-03-20 13:35:29,44,49,1673,6677
2023-03-20 13:35:29,44,48,1673,6677
2023-03-20 13:35:29,44,46,1673,6677
2023-03-20 13:35:40,44,48,1673,6677
2023-03-20 13:35:40,44,49,1673,6677
2023-03-20 13:35:40,44,48,1673,6677
2023-03-20 13:35:40,46,48,1673,6677
2023-03-20 13:35:44,46,49,1673,6677
2023-03-20 13:35:44,46,48,1673,6677
2023-03-20 13:35:47,46,49,1673,6677
2023-03-20 13:35:47,46,48,1673,6677
2023-03-20 13:35:52,46,49,1673,6677
2023-03-20 13:35:52,44,46,1673,6678
2023-03-20 13:36:10,44,48,1673,6678
2023-03-20 13:36:10,45,48,1673,6678
2023-03-20 13:36:12,44,48,1673,6678
2023-03-20 13:36:28,44,47,1673,6678
2023-03-20 13:36:32,43,47,1673,6678
2023-03-20 13:36:32,43,46,1673,6678
2023-03-20 13:36:32,43,44,1673,6678
2023-03-20 13:36:50,43,46,1673,6678
2023-03-20 13:36:50,43,47,1673,6678
2023-03-20 13:36:51,44,47,1673,6678
2023-03-20 13:36:54,44,48,1673,6678
2023-03-20 13:36:57,44,47,1673,6678
2023-03-20 13:37:01,44,48,1673,6678
2023-03-20 13:37:11,45,48,1673,6678
2023-03-20 13:37:25,44,48,1673,6678
2023-03-20 13:37:26,45,48,1673,6678
2023-03-20 13:37:48,44,48,1673,6678
2023-03-20 13:37:48,45,48,1673,6678
2023-03-20 13:38:05,44,48,1673,6678
2023-03-20 13:38:09,45,48,1673,6678
2023-03-20 13:38:33,44,48,1673,6678
2023-03-20 13:38:43,45,48,1673,6678
2023-03-20 13:38:45,44,48,1673,6678
2023-03-20 13:38:46,45,48,1673,6678
2023-03-20 13:38:48,44,48,1673,6678
2023-03-20 13:39:00,44,47,1673,6678
2023-03-20 13:39:08,45,47,1673,6678
2023-03-20 13:39:23,44,47,1673,6678
2023-03-20 13:39:23,45,47,1673,6678
2023-03-20 13:39:26,45,48,1673,6678
2023-03-20 13:39:33,44,48,1673,6678
2023-03-20 13:39:55,46,48,1673,6678
2023-03-20 13:40:00,44,48,1673,6678
2023-03-20 13:40:00,45,48,1673,6678
2023-03-20 13:40:08,48,49,1673,6738
2023-03-20 13:40:09,46,48,1673,6740
2023-03-20 13:40:10,46,48,1679,6864
2023-03-20 13:40:15,46,49,1679,6864
2023-03-20 13:40:26,45,49,1679,6864
2023-03-20 13:40:26,47,49,1679,6864
2023-03-20 13:40:28,45,49,1679,6864
2023-03-20 13:40:28,48,49,1679,6864
2023-03-20 13:40:42,45,49,1679,6864
2023-03-20 13:40:42,47,49,1679,6864
2023-03-20 13:40:47,45,49,1679,6864
2023-03-20 13:40:50,48,49,1679,6864
2023-03-20 13:40:53,45,49,1679,6864
2023-03-20 13:40:53,47,49,1679,6864
2023-03-20 13:41:09,45,49,1679,6864
2023-03-20 13:41:09,46,49,1679,6864
2023-03-20 13:41:09,48,49,1679,6864
2023-03-20 13:41:24,46,49,1679,6864
2023-03-20 13:41:24,47,49,1679,6864
2023-03-20 13:41:39,48,49,1679,6864
2023-03-20 13:41:44,47,49,1679,6864
2023-03-20 13:41:44,46,49,1679,6864
2023-03-20 13:41:44,47,49,1679,6864
2023-03-20 13:41:50,49,50,1709,6894
2023-03-20 13:42:10,47,50,1709,6894
2023-03-20 13:42:10,46,50,1709,6894
2023-03-20 13:42:10,49,50,1709,6894
2023-03-20 13:42:41,47,50,1709,6894
2023-03-20 13:42:41,49,50,1709,6894
2023-03-20 13:43:20,47,50,1709,6894
2023-03-20 13:43:20,49,50,1709,6894
2023-03-20 13:43:35,46,50,1709,6894
2023-03-20 13:43:35,48,50,1709,6894
2023-03-20 13:43:40,46,50,1709,6894
2023-03-20 13:43:40,49,50,1709,6894
2023-03-20 13:43:58,46,50,1709,6894
2023-03-20 13:43:58,49,50,1709,6894
2023-03-20 13:44:17,46,50,1709,6894
2023-03-20 13:44:17,47,50,1709,6894
2023-03-20 13:44:17,49,50,1709,6894
2023-03-20 13:44:28,47,50,1709,6894
2023-03-20 13:44:28,49,50,1709,6894
2023-03-20 13:44:58,47,50,1709,6894
2023-03-20 13:44:59,49,50,1709,6894
2023-03-20 13:45:12,47,50,1709,6894
2023-03-20 13:45:13,49,50,1709,6894
2023-03-20 13:45:39,47,50,1709,6894
2023-03-20 13:45:40,49,50,1709,6894
2023-03-20 13:45:45,47,50,1709,6894
2023-03-20 13:45:45,49,50,1709,6894
2023-03-20 13:45:48,47,50,1709,6894
2023-03-20 13:45:48,49,50,1709,6894
2023-03-20 13:46:09,47,50,1709,6894
2023-03-20 13:46:09,48,50,1709,6894
2023-03-20 13:46:17,47,50,1709,6894
2023-03-20 13:46:17,50,51,1719,6904
2023-03-20 13:46:29,49,51,1719,6904
2023-03-20 13:46:40,47,51,1719,6904
2023-03-20 13:46:40,48,51,1719,6904
2023-03-20 13:47:12,47,51,1719,6904
2023-03-20 13:47:12,48,51,1719,6904
2023-03-20 13:47:12,50,51,1719,6904
2023-03-20 13:47:15,48,51,1719,6904
2023-03-20 13:47:15,47,51,1719,6904
2023-03-20 13:47:15,49,51,1719,6904
2023-03-20 13:47:31,49,50,1719,6904
2023-03-20 13:47:33,47,50,1719,6904
2023-03-20 13:47:34,49,50,1719,6904
2023-03-20 13:47:36,49,51,1719,6904
2023-03-20 13:47:51,47,51,1719,6904
2023-03-20 13:47:51,48,51,1719,6904
2023-03-20 13:47:51,50,51,1719,6904
2023-03-20 13:47:58,47,51,1719,6904
2023-03-20 13:47:58,49,51,1719,6904
2023-03-20 13:48:20,47,51,1719,6904
2023-03-20 13:48:23,48,51,1719,6904
2023-03-20 13:48:23,50,51,1719,6904
2023-03-20 13:48:42,48,51,1719,6904
2023-03-20 13:48:42,47,51,1719,6904
2023-03-20 13:48:42,50,51,1719,6904
2023-03-20 13:48:55,48,51,1719,6904
2023-03-20 13:48:55,47,51,1719,6904
2023-03-20 13:48:55,49,51,1719,6904
2023-03-20 13:49:03,47,51,1719,6904
2023-03-20 13:49:03,48,51,1719,6904
2023-03-20 13:49:15,47,51,1719,6904
2023-03-20 13:49:16,49,51,1719,6904
2023-03-20 13:49:31,49,52,1719,6904
2023-03-20 13:49:33,47,52,1719,6904
2023-03-20 13:49:33,50,52,1719,6904
2023-03-20 13:50:20,48,52,1719,6904
2023-03-20 13:50:20,50,52,1719,6904
2023-03-20 13:50:34,47,52,1719,6904
2023-03-20 13:50:34,49,52,1719,6904
2023-03-20 13:50:49,47,52,1719,6904
2023-03-20 13:50:49,48,52,1719,6904
2023-03-20 13:50:49,50,52,1719,6904
2023-03-20 13:51:04,48,52,1719,6904
2023-03-20 13:51:04,50,52,1719,6904
2023-03-20 13:51:21,47,52,1719,6904
2023-03-20 13:51:21,49,52,1719,6904
2023-03-20 13:51:30,47,52,1719,6904
2023-03-20 13:51:30,48,52,1719,6904
2023-03-20 13:51:30,50,52,1719,6904
2023-03-20 13:51:40,50,51,1719,6904
2023-03-20 13:51:40,47,51,1719,6904
2023-03-20 13:51:41,49,51,1719,6904
2023-03-20 13:51:43,47,51,1719,6904
2023-03-20 13:51:43,48,51,1719,6904
2023-03-20 13:51:43,50,51,1719,6904
2023-03-20 13:51:45,50,52,1719,6904
2023-03-20 13:52:01,47,52,1719,6904
2023-03-20 13:52:01,49,52,1719,6904
2023-03-20 13:52:06,47,52,1719,6904
2023-03-20 13:52:06,50,52,1719,6904
2023-03-20 13:52:17,50,51,1719,6904
2023-03-20 13:52:20,48,51,1719,6904
2023-03-20 13:52:20,50,51,1719,6904
2023-03-20 13:52:20,50,52,1719,6904
2023-03-20 13:52:26,47,52,1719,6904
2023-03-20 13:52:26,48,52,1719,6904
2023-03-20 13:52:40,47,52,1719,6904
2023-03-20 13:52:40,48,52,1719,6904
2023-03-20 13:52:45,47,52,1719,6904
2023-03-20 13:52:45,48,52,1719,6904
2023-03-20 13:52:45,50,52,1719,6904
2023-03-20 13:52:56,47,52,1719,6904
2023-03-20 13:52:56,49,52,1719,6904
2023-03-20 13:52:59,47,52,1719,6904
2023-03-20 13:52:59,48,52,1719,6904
2023-03-20 13:53:15,47,52,1719,6904
2023-03-20 13:53:15,50,52,1719,6904
