datetime,bid,ask,open_interest,volume
2023-03-20 09:30:25,16,30,481,597
2023-03-20 09:31:03,22,30,481,597
2023-03-20 09:31:11,22,30,1181,1297
2023-03-20 09:31:11,22,30,1280,1396
2023-03-20 09:31:11,23,30,1280,1396
2023-03-20 09:33:59,23,31,1280,1396
2023-03-20 09:33:59,23,30,1280,1396
2023-03-20 09:34:02,23,31,1280,1396
2023-03-20 09:35:15,23,32,1382,1498
2023-03-20 09:35:19,24,32,1382,1498
2023-03-20 09:35:55,24,31,1382,1498
2023-03-20 09:36:58,24,30,1382,1498
2023-03-20 09:36:58,24,26,1382,1498
2023-03-20 09:37:00,24,25,1382,1498
2023-03-20 09:37:03,24,25,1382,1508
2023-03-20 09:37:17,24,27,1382,1508
2023-03-20 09:37:18,24,26,1382,1508
2023-03-20 09:37:20,24,25,1382,1508
2023-03-20 09:38:27,24,27,1382,1508
2023-03-20 09:38:29,24,26,1382,1508
2023-03-20 09:38:42,24,26,1485,1611
2023-03-20 09:38:42,24,27,1602,1728
2023-03-20 09:38:43,24,26,1602,1728
2023-03-20 09:38:46,24,27,1602,1728
2023-03-20 09:38:47,24,26,1602,1728
2023-03-20 09:38:59,24,27,1602,1728
2023-03-20 09:39:01,24,29,1652,1778
2023-03-20 09:39:01,24,31,1755,1881
2023-03-20 09:39:08,24,32,1755,1881
2023-03-20 09:39:08,24,31,1755,1881
2023-03-20 09:39:08,24,30,1755,1881
2023-03-20 09:39:08,24,28,1755,1881
2023-03-20 09:39:08,24,26,1755,1881
2023-03-20 09:39:25,25,26,1755,1881
2023-03-20 09:39:35,24,26,1725,1911
2023-03-20 09:39:37,24,30,1725,1911
2023-03-20 09:39:37,24,32,1725,1911
2023-03-20 09:39:38,25,32,1725,1911
2023-03-20 09:39:38,25,28,1725,1911
2023-03-20 09:39:46,24,28,1647,1989
2023-03-20 09:39:47,24,27,1647,1989
2023-03-20 09:39:55,24,27,1561,2075
2023-03-20 09:40:12,24,26,1561,2075
2023-03-20 09:40:36,24,28,1561,2075
2023-03-20 09:40:37,24,26,1561,2075
2023-03-20 09:40:42,24,28,1561,2075
2023-03-20 09:40:42,24,27,1561,2075
2023-03-20 09:40:51,24,28,1561,2075
2023-03-20 09:40:52,24,26,1561,2075
2023-03-20 09:40:54,24,28,1561,2075
2023-03-20 09:40:54,24,27,1561,2075
2023-03-20 09:40:57,24,28,1561,2075
2023-03-20 09:40:57,24,26,1561,2075
2023-03-20 09:41:02,24,28,1561,2075
2023-03-20 09:41:02,24,26,1561,2075
2023-03-20 09:41:08,24,27,1561,2075
2023-03-20 09:41:08,24,28,1561,2075
2023-03-20 09:41:09,24,27,1561,2075
2023-03-20 09:41:19,24,28,1561,2075
2023-03-20 09:41:19,24,26,1561,2075
2023-03-20 09:41:29,24,28,1561,2075
2023-03-20 09:41:29,24,26,1561,2075
2023-03-20 09:41:34,24,28,1561,2075
2023-03-20 09:41:34,24,26,1561,2075
2023-03-20 09:41:44,24,28,1561,2075
2023-03-20 09:41:44,24,27,1561,2075
2023-03-20 09:42:05,24,28,1561,2075
2023-03-20 09:42:05,24,26,1561,2075
2023-03-20 09:42:13,24,28,1561,2075
2023-03-20 09:42:14,24,27,1561,2075
2023-03-20 09:42:15,24,26,1561,2075
2023-03-20 09:42:25,24,28,1561,2075
2023-03-20 09:42:25,24,27,1561,2075
2023-03-20 09:42:37,25,27,1561,2075
2023-03-20 09:42:48,24,27,1561,2075
2023-03-20 09:42:49,24,28,1561,2075
2023-03-20 09:42:49,24,27,1561,2075
2023-03-20 09:42:52,24,28,1561,2075
2023-03-20 09:42:52,24,27,1561,2075
2023-03-20 09:42:53,25,27,1561,2075
2023-03-20 09:42:54,25,28,1561,2075
2023-03-20 09:42:56,25,26,1561,2075
2023-03-20 09:43:02,25,28,1561,2075
2023-03-20 09:43:04,25,27,1561,2075
2023-03-20 09:43:07,25,28,1561,2075
2023-03-20 09:43:07,25,27,1561,2075
2023-03-20 09:43:14,25,28,1561,2075
2023-03-20 09:43:15,25,27,1561,2075
2023-03-20 09:43:17,25,28,1561,2075
2023-03-20 09:43:17,25,27,1561,2075
2023-03-20 09:43:19,25,28,1561,2075
2023-03-20 09:43:20,25,27,1561,2075
2023-03-20 09:43:36,25,28,1561,2075
2023-03-20 09:43:37,25,27,1561,2075
2023-03-20 09:43:45,25,28,1561,2075
2023-03-20 09:43:46,25,28,1561,2125
2023-03-20 09:43:46,25,27,1561,2125
2023-03-20 09:43:47,25,26,1561,2125
2023-03-20 09:43:55,25,28,1561,2125
2023-03-20 09:43:55,25,27,1561,2125
2023-03-20 09:43:59,25,28,1561,2125
2023-03-20 09:43:59,25,27,1561,2125
2023-03-20 09:44:11,25,28,1561,2125
2023-03-20 09:44:11,25,27,1561,2125
2023-03-20 09:44:20,25,28,1561,2125
2023-03-20 09:44:20,25,27,1561,2125
2023-03-20 09:44:27,25,28,1561,2125
2023-03-20 09:44:27,25,27,1561,2125
2023-03-20 09:44:34,25,28,1561,2125
2023-03-20 09:44:34,25,27,1561,2125
2023-03-20 09:44:45,25,28,1561,2125
2023-03-20 09:44:46,25,27,1561,2125
2023-03-20 09:45:05,25,28,1561,2125
2023-03-20 09:45:05,25,27,1561,2125
2023-03-20 09:45:08,25,28,1561,2125
2023-03-20 09:45:08,25,27,1561,2125
2023-03-20 09:45:11,25,28,1561,2125
2023-03-20 09:45:11,25,27,1561,2125
2023-03-20 09:45:15,25,28,1561,2125
2023-03-20 09:45:16,25,27,1561,2125
2023-03-20 09:45:29,25,28,1561,2125
2023-03-20 09:45:29,25,27,1561,2125
2023-03-20 09:45:38,25,28,1561,2125
2023-03-20 09:45:38,25,26,1561,2125
2023-03-20 09:45:41,25,28,1561,2125
2023-03-20 09:45:41,25,27,1561,2125
2023-03-20 09:45:50,25,28,1561,2125
2023-03-20 09:45:51,25,27,1561,2125
2023-03-20 09:45:56,25,28,1561,2125
2023-03-20 09:45:56,25,27,1561,2125
2023-03-20 09:46:03,25,28,1561,2125
2023-03-20 09:46:03,25,27,1561,2125
2023-03-20 09:46:21,25,28,1561,2125
2023-03-20 09:46:21,25,27,1561,2125
2023-03-20 09:46:37,25,28,1561,2125
2023-03-20 09:46:37,25,27,1561,2125
2023-03-20 09:46:48,26,27,1561,2125
2023-03-20 09:46:50,26,28,1561,2125
2023-03-20 09:46:50,26,27,1561,2125
2023-03-20 09:46:57,26,28,1561,2125
2023-03-20 09:46:57,26,27,1561,2125
2023-03-20 09:47:00,26,28,1561,2125
2023-03-20 09:47:01,26,27,1561,2125
2023-03-20 09:47:16,26,28,1561,2125
2023-03-20 09:47:16,26,27,1561,2125
2023-03-20 09:47:24,26,28,1561,2125
2023-03-20 09:47:24,26,27,1561,2125
2023-03-20 09:47:32,26,28,1561,2125
2023-03-20 09:47:32,26,27,1561,2125
2023-03-20 09:47:37,26,28,1561,2125
2023-03-20 09:47:37,26,27,1561,2125
2023-03-20 09:47:46,26,28,1561,2125
2023-03-20 09:47:46,26,27,1561,2125
2023-03-20 09:47:48,26,28,1561,2125
2023-03-20 09:47:48,26,27,1561,2125
2023-03-20 09:47:53,26,28,1561,2125
2023-03-20 09:47:54,26,27,1561,2125
2023-03-20 09:47:56,26,28,1561,2125
2023-03-20 09:47:56,26,27,1561,2125
2023-03-20 09:48:02,26,28,1561,2125
2023-03-20 09:48:02,26,27,1561,2125
2023-03-20 09:48:17,26,28,1561,2125
2023-03-20 09:48:18,26,27,1561,2125
2023-03-20 09:48:29,26,28,1561,2125
2023-03-20 09:48:29,26,27,1561,2125
2023-03-20 09:48:32,25,26,1562,2126
2023-03-20 09:48:35,25,27,1562,2126
2023-03-20 09:48:35,25,28,1562,2126
2023-03-20 09:48:35,25,27,1562,2126
2023-03-20 09:48:46,25,28,1562,2126
2023-03-20 09:48:46,25,27,1562,2126
2023-03-20 09:48:58,25,28,1562,2126
2023-03-20 09:48:58,25,27,1562,2126
2023-03-20 09:49:06,25,28,1562,2126
2023-03-20 09:49:06,25,27,1562,2126
2023-03-20 09:49:10,25,28,1562,2126
2023-03-20 09:49:10,25,27,1562,2126
2023-03-20 09:49:14,25,28,1562,2126
2023-03-20 09:49:15,25,27,1562,2126
2023-03-20 09:49:21,25,28,1562,2126
2023-03-20 09:49:22,25,27,1562,2126
2023-03-20 09:49:29,25,28,1562,2126
2023-03-20 09:49:32,25,27,1562,2126
2023-03-20 09:49:34,25,28,1562,2126
2023-03-20 09:49:34,25,27,1562,2126
2023-03-20 09:49:38,25,28,1562,2126
2023-03-20 09:49:38,25,27,1562,2126
2023-03-20 09:49:41,25,28,1562,2126
2023-03-20 09:49:42,25,27,1562,2126
2023-03-20 09:49:43,25,26,1562,2126
2023-03-20 09:49:53,25,27,1562,2126
2023-03-20 09:49:53,25,28,1562,2126
2023-03-20 09:50:07,25,27,1562,2126
2023-03-20 09:50:15,25,28,1562,2126
2023-03-20 09:50:23,25,27,1562,2126
2023-03-20 09:50:26,25,28,1562,2126
2023-03-20 09:50:40,26,28,1562,2126
2023-03-20 09:50:47,26,29,1562,2126
2023-03-20 09:50:47,26,27,1562,2126
2023-03-20 09:50:53,26,29,1562,2126
2023-03-20 09:50:53,26,28,1562,2126
2023-03-20 09:51:10,26,28,1563,2127
2023-03-20 09:51:15,26,29,1563,2127
2023-03-20 09:51:15,26,28,1563,2127
2023-03-20 09:51:23,26,29,1563,2127
2023-03-20 09:51:27,26,27,1563,2127
2023-03-20 09:51:50,26,27,1563,2128
2023-03-20 09:52:09,26,27,1563,2129
2023-03-20 09:52:53,26,28,1563,2129
2023-03-20 09:53:23,27,28,1563,2129
2023-03-20 09:55:11,26,27,1564,2130
2023-03-20 09:55:14,26,28,1564,2130
2023-03-20 09:56:25,26,28,1565,2150
2023-03-20 09:58:45,26,27,1565,2150
2023-03-20 09:58:51,26,28,1565,2150
2023-03-20 09:59:33,26,27,1565,2150
2023-03-20 09:59:47,26,28,1565,2150
2023-03-20 10:00:02,27,28,1565,2150
2023-03-20 10:01:35,27,28,1565,2151
2023-03-20 10:08:06,28,29,1438,2278
2023-03-20 10:08:34,28,29,1438,2478
2023-03-20 10:08:37,28,29,1478,2678
2023-03-20 10:14:30,29,30,1498,2826
2023-03-20 10:14:32,29,30,1698,3026
2023-03-20 10:14:35,29,31,1698,3026
2023-03-20 10:14:35,29,30,1698,3026
2023-03-20 10:14:36,29,30,1898,3226
2023-03-20 10:14:49,29,31,1898,3226
2023-03-20 10:14:50,29,30,1898,3226
2023-03-20 10:15:05,29,31,1898,3226
2023-03-20 10:15:05,29,30,1898,3226
2023-03-20 10:15:13,29,31,1898,3226
2023-03-20 10:15:43,29,32,1898,3226
2023-03-20 10:15:43,29,31,1898,3226
2023-03-20 10:15:45,29,32,1898,3226
2023-03-20 10:15:45,29,31,1898,3226
2023-03-20 10:15:47,29,32,1898,3226
2023-03-20 10:15:48,29,31,1898,3226
2023-03-20 10:16:08,29,32,1898,3226
2023-03-20 10:16:08,29,31,1898,3226
2023-03-20 10:16:12,29,32,1898,3226
2023-03-20 10:16:13,29,31,1898,3226
2023-03-20 10:16:19,29,32,1898,3226
2023-03-20 10:16:19,29,31,1898,3226
2023-03-20 10:16:27,29,32,1898,3226
2023-03-20 10:16:27,29,31,1898,3226
2023-03-20 10:16:45,29,32,1898,3226
2023-03-20 10:16:45,29,31,1898,3226
2023-03-20 10:16:47,29,32,1898,3226
2023-03-20 10:16:47,29,31,1898,3226
2023-03-20 10:16:53,29,32,1898,3226
2023-03-20 10:16:53,29,30,1898,3226
2023-03-20 10:17:02,29,32,1898,3226
2023-03-20 10:17:03,29,31,1898,3226
2023-03-20 10:17:05,29,32,1898,3226
2023-03-20 10:17:05,29,30,1898,3226
2023-03-20 10:17:13,29,32,1898,3226
2023-03-20 10:17:13,29,31,1898,3226
2023-03-20 10:17:20,29,32,1898,3226
2023-03-20 10:17:20,29,31,1898,3226
2023-03-20 10:17:21,29,32,1898,3226
2023-03-20 10:17:22,29,31,1898,3226
2023-03-20 10:17:29,29,32,1898,3226
2023-03-20 10:17:29,29,30,1898,3226
2023-03-20 10:17:31,29,32,1898,3226
2023-03-20 10:17:31,29,31,1898,3226
2023-03-20 10:17:34,29,32,1898,3226
2023-03-20 10:17:34,29,31,1898,3226
2023-03-20 10:17:36,29,32,1898,3226
2023-03-20 10:17:36,29,30,1898,3226
2023-03-20 10:17:45,29,32,1898,3226
2023-03-20 10:17:45,29,31,1898,3226
2023-03-20 10:17:52,29,32,1898,3226
2023-03-20 10:17:52,29,30,1898,3226
2023-03-20 10:17:56,29,32,1898,3226
2023-03-20 10:17:56,29,31,1898,3226
2023-03-20 10:18:01,29,30,1898,3226
2023-03-20 10:18:06,29,32,1898,3226
2023-03-20 10:18:06,29,31,1898,3226
2023-03-20 10:18:08,29,30,1898,3226
2023-03-20 10:18:28,29,32,1898,3226
2023-03-20 10:18:28,29,31,1898,3226
2023-03-20 10:18:36,29,32,1898,3226
2023-03-20 10:18:36,29,30,1898,3226
2023-03-20 10:18:38,29,32,1898,3226
2023-03-20 10:18:39,29,31,1898,3226
2023-03-20 10:18:50,29,32,1898,3226
2023-03-20 10:18:50,29,30,1898,3226
2023-03-20 10:18:55,29,32,1898,3226
2023-03-20 10:18:55,29,31,1898,3226
2023-03-20 10:18:59,29,32,1898,3226
2023-03-20 10:19:00,29,30,1898,3226
2023-03-20 10:19:02,29,32,1898,3226
2023-03-20 10:19:02,29,30,1898,3226
2023-03-20 10:19:05,29,32,1898,3226
2023-03-20 10:19:05,29,31,1898,3226
2023-03-20 10:19:08,29,32,1898,3226
2023-03-20 10:19:08,29,30,1898,3226
2023-03-20 10:19:14,29,32,1898,3226
2023-03-20 10:19:14,29,30,1898,3226
2023-03-20 10:19:16,29,32,1898,3226
2023-03-20 10:19:16,29,31,1898,3226
2023-03-20 10:19:18,29,32,1898,3226
2023-03-20 10:19:18,29,30,1898,3226
2023-03-20 10:19:23,29,32,1898,3226
2023-03-20 10:19:23,29,31,1898,3226
2023-03-20 10:19:29,29,32,1898,3226
2023-03-20 10:19:30,29,31,1898,3226
2023-03-20 10:19:32,29,32,1898,3226
2023-03-20 10:19:32,29,31,1898,3226
2023-03-20 10:19:41,29,32,1898,3226
2023-03-20 10:19:41,29,30,1898,3226
2023-03-20 10:19:44,29,32,1898,3226
2023-03-20 10:19:44,29,30,1898,3226
2023-03-20 10:19:46,29,32,1898,3226
2023-03-20 10:19:47,29,30,1898,3226
2023-03-20 10:20:10,29,32,1898,3226
2023-03-20 10:20:10,29,31,1898,3226
2023-03-20 10:20:12,29,32,1898,3226
2023-03-20 10:20:13,29,31,1898,3226
2023-03-20 10:20:18,29,32,1898,3226
2023-03-20 10:20:18,29,30,1898,3226
2023-03-20 10:20:21,29,32,1898,3226
2023-03-20 10:20:21,29,30,1898,3226
2023-03-20 10:20:24,29,32,1898,3226
2023-03-20 10:20:24,29,30,1898,3226
2023-03-20 10:20:48,29,32,1898,3226
2023-03-20 10:20:48,29,30,1898,3226
2023-03-20 10:20:50,29,32,1898,3226
2023-03-20 10:20:50,29,31,1898,3226
2023-03-20 10:20:53,29,32,1898,3226
2023-03-20 10:20:53,29,31,1898,3226
2023-03-20 10:20:55,29,32,1898,3226
2023-03-20 10:20:56,29,30,1898,3226
2023-03-20 10:20:58,29,32,1898,3226
2023-03-20 10:20:58,29,31,1898,3226
2023-03-20 10:21:07,29,32,1898,3226
2023-03-20 10:21:07,29,31,1898,3226
2023-03-20 10:21:10,29,32,1898,3226
2023-03-20 10:21:10,29,31,1898,3226
2023-03-20 10:21:16,29,32,1898,3226
2023-03-20 10:21:17,29,30,1898,3226
2023-03-20 10:21:23,29,32,1898,3226
2023-03-20 10:21:23,29,31,1898,3226
2023-03-20 10:21:25,29,32,1898,3226
2023-03-20 10:21:25,29,31,1898,3226
2023-03-20 10:22:03,29,32,1898,3226
2023-03-20 10:22:03,29,31,1898,3226
2023-03-20 10:22:06,29,32,1898,3226
2023-03-20 10:22:06,29,31,1898,3226
2023-03-20 10:22:17,29,32,1898,3226
2023-03-20 10:22:19,29,31,1898,3226
2023-03-20 10:22:30,29,32,1898,3226
2023-03-20 10:22:53,29,31,1898,3226
2023-03-20 10:23:14,29,32,1898,3226
2023-03-20 10:23:17,29,31,1898,3226
2023-03-20 10:23:22,29,32,1898,3226
2023-03-20 10:23:32,29,31,1898,3226
2023-03-20 10:23:38,29,32,1898,3226
2023-03-20 10:23:38,29,31,1898,3226
2023-03-20 10:23:38,29,32,1898,3226
2023-03-20 10:23:53,29,31,1898,3226
2023-03-20 10:24:02,29,32,1898,3226
2023-03-20 10:24:27,30,32,1898,3226
2023-03-20 10:24:32,29,32,1898,3226
2023-03-20 10:24:38,29,31,1898,3226
2023-03-20 10:24:39,30,31,1898,3226
2023-03-20 10:24:40,29,31,1898,3226
2023-03-20 10:24:40,29,32,1898,3226
2023-03-20 10:24:41,29,30,1898,3226
2023-03-20 10:24:47,29,32,1898,3226
2023-03-20 10:24:47,30,32,1898,3226
2023-03-20 10:24:56,29,32,1898,3226
2023-03-20 10:24:57,30,32,1898,3226
2023-03-20 10:25:04,29,32,1898,3226
2023-03-20 10:25:10,29,31,1898,3226
2023-03-20 10:25:13,29,32,1898,3226
2023-03-20 10:25:14,30,32,1898,3226
2023-03-20 10:25:19,29,32,1898,3226
2023-03-20 10:25:19,30,32,1898,3226
2023-03-20 10:25:32,29,32,1898,3226
2023-03-20 10:25:42,30,32,1898,3226
2023-03-20 10:25:44,29,32,1898,3226
2023-03-20 10:25:48,30,32,1898,3226
2023-03-20 10:25:51,29,32,1898,3226
2023-03-20 10:26:14,29,31,1898,3226
2023-03-20 10:26:16,29,32,1898,3226
2023-03-20 10:26:20,30,32,1898,3226
2023-03-20 10:26:22,29,32,1898,3226
2023-03-20 10:26:24,30,32,1898,3226
2023-03-20 10:26:27,30,33,1898,3226
2023-03-20 10:26:27,30,32,1898,3226
2023-03-20 10:27:11,30,33,1898,3226
2023-03-20 10:27:11,30,31,1898,3226
2023-03-20 10:27:18,30,33,1898,3226
2023-03-20 10:27:18,30,32,1898,3226
2023-03-20 10:27:22,30,33,1898,3226
2023-03-20 10:27:22,30,32,1898,3226
2023-03-20 10:27:37,30,33,1898,3226
2023-03-20 10:27:37,30,32,1898,3226
2023-03-20 10:27:42,30,33,1898,3226
2023-03-20 10:27:42,30,32,1898,3226
2023-03-20 10:27:46,30,33,1898,3226
2023-03-20 10:27:46,30,32,1898,3226
2023-03-20 10:28:07,30,33,1898,3226
2023-03-20 10:28:07,30,32,1898,3226
2023-03-20 10:28:16,30,33,1898,3226
2023-03-20 10:28:20,30,32,1898,3226
2023-03-20 10:28:25,30,33,1898,3226
2023-03-20 10:28:25,30,31,1898,3226
2023-03-20 10:28:52,30,33,1898,3226
2023-03-20 10:28:52,30,32,1898,3226
2023-03-20 10:28:58,30,33,1898,3226
2023-03-20 10:28:59,30,32,1898,3226
2023-03-20 10:28:59,30,31,1898,3226
2023-03-20 10:29:31,29,30,1908,3236
2023-03-20 10:30:04,30,33,1908,3238
2023-03-20 10:30:08,29,33,1908,3238
2023-03-20 10:30:08,30,33,1908,3238
2023-03-20 10:30:09,30,32,1908,3238
2023-03-20 10:30:10,29,32,1908,3238
2023-03-20 10:30:10,29,33,1908,3238
2023-03-20 10:30:10,30,33,1908,3238
2023-03-20 10:30:10,30,32,1908,3238
2023-03-20 10:30:13,29,32,1908,3238
2023-03-20 10:30:13,29,33,1908,3238
2023-03-20 10:30:13,29,32,1908,3238
2023-03-20 10:30:19,29,33,1908,3238
2023-03-20 10:30:19,29,32,1908,3238
2023-03-20 10:30:21,29,31,1908,3238
2023-03-20 10:30:33,29,32,1908,3238
2023-03-20 10:30:57,29,30,1908,3238
2023-03-20 10:32:40,29,32,1908,3238
2023-03-20 10:32:40,29,31,1908,3238
2023-03-20 10:32:42,29,30,1908,3238
2023-03-20 10:32:46,30,31,1908,3240
2023-03-20 10:32:48,29,31,1908,3240
2023-03-20 10:32:49,30,31,1908,3240
2023-03-20 10:32:53,29,31,1908,3240
2023-03-20 10:32:54,30,31,1908,3240
2023-03-20 10:32:56,30,31,1800,3348
2023-03-20 10:32:57,29,31,1800,3348
2023-03-20 10:33:30,30,31,1800,3348
2023-03-20 10:33:45,29,31,1800,3348
2023-03-20 10:34:03,30,31,1800,3348
2023-03-20 10:34:07,29,31,1800,3348
2023-03-20 10:34:07,30,31,1800,3348
2023-03-20 10:34:17,29,31,1800,3348
2023-03-20 10:34:17,30,31,1800,3348
2023-03-20 10:34:20,29,31,1800,3348
2023-03-20 10:34:22,30,31,1800,3348
2023-03-20 10:34:35,29,31,1800,3348
2023-03-20 10:35:10,29,31,1890,3438
2023-03-20 10:36:02,29,30,1890,3438
2023-03-20 10:36:17,29,31,1890,3438
2023-03-20 10:36:58,30,31,1890,3438
2023-03-20 10:37:07,29,31,1890,3438
2023-03-20 10:37:42,30,31,1890,3438
2023-03-20 10:37:44,29,31,1890,3438
2023-03-20 10:37:51,30,31,1890,3438
2023-03-20 10:37:53,29,31,1890,3438
2023-03-20 10:38:01,30,31,1890,3438
2023-03-20 10:38:14,29,31,1890,3438
2023-03-20 10:38:17,30,31,1890,3438
2023-03-20 10:38:18,29,31,1890,3438
2023-03-20 10:38:28,29,30,1890,3438
2023-03-20 10:38:44,29,32,1890,3438
2023-03-20 10:38:44,29,31,1890,3438
2023-03-20 10:38:49,29,31,1902,3450
2023-03-20 10:38:57,28,32,1902,3450
2023-03-20 10:38:58,28,31,1902,3450
2023-03-20 10:39:06,29,31,1902,3450
2023-03-20 10:39:07,29,33,1902,3450
2023-03-20 10:39:07,29,31,1902,3450
2023-03-20 10:39:29,29,33,1902,3450
2023-03-20 10:39:29,29,34,1902,3450
2023-03-20 10:39:29,29,32,1902,3450
2023-03-20 10:39:54,29,33,1902,3450
2023-03-20 10:39:54,29,31,1902,3450
2023-03-20 10:40:02,29,33,1902,3450
2023-03-20 10:40:02,29,31,1902,3450
2023-03-20 10:40:18,29,32,1902,3450
2023-03-20 10:40:18,29,33,1902,3450
2023-03-20 10:40:19,29,32,1902,3450
2023-03-20 10:40:25,29,33,1902,3450
2023-03-20 10:40:26,29,31,1902,3450
2023-03-20 10:40:30,29,33,1902,3450
2023-03-20 10:40:30,29,31,1902,3450
2023-03-20 10:40:43,29,33,1902,3450
2023-03-20 10:40:43,29,32,1902,3450
2023-03-20 10:40:48,29,33,1902,3450
2023-03-20 10:40:48,29,31,1902,3450
2023-03-20 10:40:51,29,33,1902,3450
2023-03-20 10:40:51,29,31,1902,3450
2023-03-20 10:40:53,29,33,1902,3450
2023-03-20 10:40:54,29,32,1902,3450
2023-03-20 10:41:16,29,33,1902,3450
2023-03-20 10:41:16,30,33,1902,3450
2023-03-20 10:41:16,30,32,1902,3450
2023-03-20 10:41:24,29,32,1902,3450
2023-03-20 10:41:24,29,33,1902,3450
2023-03-20 10:41:24,29,31,1902,3450
2023-03-20 10:41:28,29,32,1902,3450
2023-03-20 10:41:34,29,33,1902,3450
2023-03-20 10:41:35,29,31,1902,3450
2023-03-20 10:41:38,30,31,1902,3450
2023-03-20 10:41:49,29,31,1902,3450
2023-03-20 10:41:49,29,33,1902,3450
2023-03-20 10:41:50,30,33,1902,3450
2023-03-20 10:41:52,29,33,1902,3450
2023-03-20 10:41:52,30,33,1902,3450
2023-03-20 10:42:07,30,32,1902,3450
2023-03-20 10:42:16,29,32,1902,3450
2023-03-20 10:42:16,30,32,1902,3450
2023-03-20 10:42:20,29,32,1902,3450
2023-03-20 10:42:20,30,32,1902,3450
2023-03-20 10:42:38,29,32,1902,3450
2023-03-20 10:42:38,30,32,1902,3450
2023-03-20 10:42:50,29,32,1902,3450
2023-03-20 10:42:50,30,32,1902,3450
2023-03-20 10:42:52,30,31,1902,3450
2023-03-20 10:42:54,29,31,1902,3450
2023-03-20 10:42:57,29,32,1902,3450
2023-03-20 10:42:57,30,32,1902,3450
2023-03-20 10:42:59,29,32,1902,3450
2023-03-20 10:43:00,31,32,1902,3450
2023-03-20 10:43:06,29,32,1902,3450
2023-03-20 10:43:07,29,31,1902,3450
2023-03-20 10:43:14,29,32,1902,3450
2023-03-20 10:43:14,31,32,1902,3450
2023-03-20 10:43:16,29,32,1902,3450
2023-03-20 10:43:16,30,32,1902,3450
2023-03-20 10:43:36,29,32,1902,3450
2023-03-20 10:43:37,29,31,1902,3450
2023-03-20 10:43:39,30,31,1902,3450
2023-03-20 10:43:44,29,31,1902,3450
2023-03-20 10:43:44,29,32,1902,3450
2023-03-20 10:43:44,29,31,1902,3450
2023-03-20 10:43:55,29,32,1902,3450
2023-03-20 10:44:06,29,31,1902,3450
2023-03-20 10:44:09,29,32,1902,3450
2023-03-20 10:44:12,29,31,1902,3450
2023-03-20 10:44:27,29,32,1902,3450
2023-03-20 10:44:27,29,31,1902,3450
2023-03-20 10:44:31,29,32,1902,3450
2023-03-20 10:44:31,30,32,1902,3450
2023-03-20 10:44:32,29,32,1902,3450
2023-03-20 10:44:33,30,32,1902,3450
2023-03-20 10:44:38,29,32,1902,3450
2023-03-20 10:44:38,29,31,1902,3450
2023-03-20 10:44:48,29,32,1902,3450
2023-03-20 10:45:03,30,32,1902,3450
2023-03-20 10:45:07,30,31,1902,3450
2023-03-20 10:45:12,29,31,1902,3450
2023-03-20 10:45:20,29,32,1902,3450
2023-03-20 10:45:39,30,32,1902,3450
2023-03-20 10:45:43,31,32,1902,3450
2023-03-20 10:46:06,29,32,1902,3450
2023-03-20 10:46:07,31,32,1902,3450
2023-03-20 10:46:09,29,32,1902,3450
2023-03-20 10:46:09,31,32,1902,3450
2023-03-20 10:46:14,30,32,1902,3450
2023-03-20 10:46:19,31,32,1902,3450
2023-03-20 10:46:53,30,32,1902,3450
2023-03-20 10:46:53,29,32,1902,3450
2023-03-20 10:46:54,31,32,1902,3450
2023-03-20 10:47:06,29,32,1902,3450
2023-03-20 10:47:07,31,32,1902,3450
2023-03-20 10:47:26,29,32,1902,3450
2023-03-20 10:47:27,30,32,1902,3450
2023-03-20 10:47:36,31,32,1902,3450
2023-03-20 10:48:19,30,32,1902,3450
2023-03-20 10:48:19,28,32,1902,3450
2023-03-20 10:48:21,28,31,1902,3450
2023-03-20 10:48:59,28,32,1902,3450
2023-03-20 10:49:07,28,31,1902,3450
2023-03-20 10:49:09,28,32,1902,3450
2023-03-20 10:49:33,28,31,1902,3450
2023-03-20 10:49:35,28,32,1902,3450
2023-03-20 10:50:01,28,31,1902,3450
2023-03-20 10:50:04,27,31,1902,3450
2023-03-20 10:50:04,27,32,1902,3450
2023-03-20 10:50:04,27,30,1902,3450
2023-03-20 10:50:08,27,32,1902,3450
2023-03-20 10:50:08,27,30,1902,3450
2023-03-20 10:50:23,26,30,1902,3450
2023-03-20 10:50:23,26,32,1902,3450
2023-03-20 10:50:23,28,32,1902,3450
2023-03-20 10:50:23,28,31,1902,3450
2023-03-20 10:50:24,26,31,1902,3450
2023-03-20 10:50:24,26,32,1902,3450
2023-03-20 10:50:24,28,32,1902,3450
2023-03-20 10:50:24,28,31,1902,3450
2023-03-20 10:50:26,26,31,1902,3450
2023-03-20 10:50:26,26,32,1902,3450
2023-03-20 10:50:26,28,32,1902,3450
2023-03-20 10:50:26,28,31,1902,3450
2023-03-20 10:50:33,26,31,1902,3450
2023-03-20 10:50:33,26,32,1902,3450
2023-03-20 10:50:33,28,32,1902,3450
2023-03-20 10:51:11,28,31,1902,3450
2023-03-20 10:51:31,28,32,1902,3450
2023-03-20 10:51:53,28,31,1902,3450
2023-03-20 10:52:01,28,32,1902,3450
2023-03-20 10:52:05,28,31,1902,3450
2023-03-20 10:52:10,28,32,1902,3450
2023-03-20 10:52:23,28,31,1902,3450
2023-03-20 10:52:39,28,32,1902,3450
2023-03-20 10:52:39,28,31,1902,3450
2023-03-20 10:52:54,28,32,1902,3450
2023-03-20 10:52:54,28,31,1902,3450
2023-03-20 10:53:16,28,32,1902,3450
2023-03-20 10:53:17,28,30,1902,3450
2023-03-20 10:53:22,28,32,1902,3450
2023-03-20 10:54:06,30,32,1902,3450
2023-03-20 10:54:12,28,32,1902,3450
2023-03-20 10:54:12,30,32,1902,3450
2023-03-20 10:54:26,28,32,1902,3450
2023-03-20 10:55:08,28,31,1902,3450
2023-03-20 10:55:09,28,32,1902,3450
2023-03-20 10:55:24,28,31,1902,3450
2023-03-20 10:56:39,28,30,1902,3450
2023-03-20 10:56:41,28,30,1902,3578
2023-03-20 10:56:55,27,30,1902,3578
2023-03-20 10:56:55,27,31,1902,3578
2023-03-20 10:56:55,28,31,1902,3578
2023-03-20 10:56:56,28,30,1902,3578
2023-03-20 10:57:05,27,30,1902,3578
2023-03-20 10:57:05,27,31,1902,3578
2023-03-20 10:57:06,27,30,1902,3578
2023-03-20 10:57:13,27,31,1902,3578
2023-03-20 10:57:13,28,31,1902,3578
2023-03-20 10:57:14,28,30,1902,3578
2023-03-20 10:57:14,26,30,1902,3578
2023-03-20 10:57:15,28,30,1902,3578
2023-03-20 10:57:16,26,30,1902,3578
2023-03-20 10:57:17,27,30,1902,3578
2023-03-20 10:57:18,26,30,1902,3578
2023-03-20 10:57:18,27,30,1902,3578
2023-03-20 10:57:35,26,30,1902,3578
2023-03-20 10:57:35,27,30,1902,3578
2023-03-20 10:57:48,26,30,1902,3578
2023-03-20 10:57:49,27,30,1902,3578
2023-03-20 10:57:49,27,29,1902,3578
2023-03-20 10:58:03,26,29,1902,3578
2023-03-20 10:58:03,26,30,1902,3578
2023-03-20 10:58:03,28,30,1902,3578
2023-03-20 10:58:06,26,30,1902,3578
2023-03-20 10:58:06,27,30,1902,3578
2023-03-20 10:58:06,27,29,1902,3578
2023-03-20 10:58:15,27,30,1902,3578
2023-03-20 10:58:21,26,30,1902,3578
2023-03-20 10:58:22,27,30,1902,3578
2023-03-20 10:58:22,27,29,1902,3578
2023-03-20 10:58:24,26,29,1902,3578
2023-03-20 10:58:24,26,30,1902,3578
2023-03-20 10:58:24,27,30,1902,3578
2023-03-20 10:58:24,27,29,1902,3578
2023-03-20 10:58:30,26,29,1902,3578
2023-03-20 10:58:30,26,30,1902,3578
2023-03-20 10:58:30,26,29,1902,3578
2023-03-20 10:58:36,26,30,1902,3578
2023-03-20 10:58:36,27,30,1902,3578
2023-03-20 10:58:37,27,29,1902,3578
2023-03-20 10:58:52,26,29,1902,3578
2023-03-20 10:58:52,26,30,1902,3578
2023-03-20 10:58:52,26,29,1902,3578
2023-03-20 10:58:52,27,29,1902,3578
2023-03-20 10:58:52,27,30,1902,3578
2023-03-20 10:59:08,26,30,1902,3578
2023-03-20 10:59:09,27,30,1902,3578
2023-03-20 10:59:24,26,29,1902,3578
2023-03-20 10:59:24,27,29,1902,3578
2023-03-20 10:59:24,27,30,1902,3578
2023-03-20 10:59:24,27,29,1902,3578
2023-03-20 10:59:28,26,29,1902,3578
2023-03-20 10:59:28,26,30,1902,3578
2023-03-20 10:59:28,27,30,1902,3578
2023-03-20 10:59:28,27,29,1902,3578
2023-03-20 10:59:43,26,29,1902,3578
2023-03-20 10:59:43,26,30,1902,3578
2023-03-20 10:59:43,27,30,1902,3578
2023-03-20 10:59:43,27,29,1902,3578
2023-03-20 10:59:59,27,30,1902,3578
2023-03-20 10:59:59,27,29,1902,3578
2023-03-20 11:00:06,27,28,1902,3578
2023-03-20 11:00:11,25,28,1902,3578
2023-03-20 11:00:12,26,28,1902,3578
2023-03-20 11:00:14,25,28,1902,3578
2023-03-20 11:00:14,26,28,1902,3578
2023-03-20 11:00:19,25,28,1902,3578
2023-03-20 11:00:19,25,27,1902,3578
2023-03-20 11:00:22,25,28,1902,3578
2023-03-20 11:00:22,27,28,1902,3578
2023-03-20 11:00:32,25,28,1902,3578
2023-03-20 11:00:32,27,28,1902,3578
2023-03-20 11:00:36,25,28,1902,3578
2023-03-20 11:00:36,27,28,1902,3578
2023-03-20 11:00:40,25,28,1902,3578
2023-03-20 11:00:40,27,28,1902,3578
2023-03-20 11:00:50,25,28,1902,3578
2023-03-20 11:00:50,27,28,1902,3578
2023-03-20 11:00:58,28,29,1902,3582
2023-03-20 11:01:04,26,29,1902,3582
2023-03-20 11:01:04,27,29,1902,3582
2023-03-20 11:01:08,26,29,1902,3582
2023-03-20 11:01:08,28,29,1902,3582
2023-03-20 11:01:19,26,29,1902,3582
2023-03-20 11:01:19,28,29,1902,3582
2023-03-20 11:01:20,26,29,1902,3582
2023-03-20 11:01:20,27,29,1902,3582
2023-03-20 11:01:25,25,29,1902,3582
2023-03-20 11:01:25,27,29,1902,3582
2023-03-20 11:01:27,25,29,1902,3582
2023-03-20 11:01:27,27,29,1902,3582
2023-03-20 11:01:42,25,29,1902,3582
2023-03-20 11:01:42,26,29,1902,3582
2023-03-20 11:01:57,25,29,1902,3582
2023-03-20 11:01:57,26,29,1902,3582
2023-03-20 11:02:00,25,29,1902,3582
2023-03-20 11:02:00,26,29,1902,3582
2023-03-20 11:02:02,26,28,1902,3582
2023-03-20 11:02:06,24,28,1902,3582
2023-03-20 11:02:07,25,28,1902,3582
2023-03-20 11:02:13,24,28,1902,3582
2023-03-20 11:02:13,25,28,1902,3582
2023-03-20 11:02:13,25,27,1902,3582
2023-03-20 11:02:17,24,27,1902,3582
2023-03-20 11:02:17,24,28,1902,3582
2023-03-20 11:02:17,24,27,1902,3582
2023-03-20 11:02:31,24,28,1902,3582
2023-03-20 11:02:31,25,28,1902,3582
2023-03-20 11:02:31,25,27,1902,3582
2023-03-20 11:02:34,24,27,1902,3582
2023-03-20 11:02:34,24,28,1902,3582
2023-03-20 11:02:34,24,27,1902,3582
2023-03-20 11:02:41,24,28,1902,3582
2023-03-20 11:02:41,24,27,1902,3582
2023-03-20 11:02:43,24,28,1902,3582
2023-03-20 11:02:43,24,27,1902,3582
2023-03-20 11:02:45,24,28,1902,3582
2023-03-20 11:02:45,24,27,1902,3582
2023-03-20 11:02:54,27,28,1902,3742
2023-03-20 11:02:56,27,29,1902,3742
2023-03-20 11:02:59,25,29,1902,3742
2023-03-20 11:02:59,25,28,1902,3742
2023-03-20 11:03:04,24,28,1902,3742
2023-03-20 11:03:04,24,29,1902,3742
2023-03-20 11:03:04,25,29,1902,3742
2023-03-20 11:03:04,25,28,1902,3742
2023-03-20 11:03:08,24,28,1902,3742
2023-03-20 11:03:08,24,29,1902,3742
2023-03-20 11:03:08,26,29,1902,3742
2023-03-20 11:03:12,26,28,1902,3742
2023-03-20 11:03:20,24,28,1902,3742
2023-03-20 11:03:20,26,28,1902,3742
2023-03-20 11:03:27,24,28,1902,3742
2023-03-20 11:03:27,26,28,1902,3742
2023-03-20 11:03:33,24,28,1902,3742
2023-03-20 11:03:33,26,28,1902,3742
2023-03-20 11:03:38,24,28,1902,3742
2023-03-20 11:03:38,26,28,1902,3742
2023-03-20 11:03:46,24,28,1902,3742
2023-03-20 11:03:46,25,28,1902,3742
2023-03-20 11:03:46,25,27,1902,3742
2023-03-20 11:03:49,24,27,1902,3742
2023-03-20 11:03:49,24,28,1902,3742
2023-03-20 11:03:49,26,28,1902,3742
2023-03-20 11:03:50,24,28,1902,3742
2023-03-20 11:03:50,25,28,1902,3742
2023-03-20 11:03:52,24,28,1902,3742
2023-03-20 11:03:52,25,28,1902,3742
2023-03-20 11:03:57,24,28,1902,3742
2023-03-20 11:03:57,25,28,1902,3742
2023-03-20 11:04:12,24,28,1902,3742
2023-03-20 11:04:13,25,28,1902,3742
2023-03-20 11:04:29,24,28,1902,3742
2023-03-20 11:04:29,25,28,1902,3742
2023-03-20 11:04:29,25,27,1902,3742
2023-03-20 11:04:44,24,27,1902,3742
2023-03-20 11:04:44,24,28,1902,3742
2023-03-20 11:04:45,25,28,1902,3742
2023-03-20 11:04:46,24,28,1902,3742
2023-03-20 11:04:46,24,27,1902,3742
2023-03-20 11:04:59,24,28,1902,3742
2023-03-20 11:04:59,25,28,1902,3742
2023-03-20 11:05:00,24,28,1902,3742
2023-03-20 11:05:01,25,28,1902,3742
2023-03-20 11:05:17,24,28,1902,3742
2023-03-20 11:05:17,25,28,1902,3742
2023-03-20 11:05:17,25,27,1902,3742
2023-03-20 11:05:19,24,27,1902,3742
2023-03-20 11:05:19,24,28,1902,3742
2023-03-20 11:05:19,24,27,1902,3742
2023-03-20 11:05:22,24,28,1902,3742
2023-03-20 11:05:22,24,27,1902,3742
2023-03-20 11:05:37,23,27,1902,3742
2023-03-20 11:05:37,24,27,1902,3742
2023-03-20 11:05:53,23,27,1902,3742
2023-03-20 11:05:53,24,27,1902,3742
2023-03-20 11:06:09,23,27,1902,3742
2023-03-20 11:06:10,24,27,1902,3742
2023-03-20 11:06:10,24,26,1902,3742
2023-03-20 11:06:18,23,26,1902,3742
2023-03-20 11:06:18,23,27,1902,3742
2023-03-20 11:06:18,24,27,1902,3742
2023-03-20 11:06:18,24,26,1902,3742
2023-03-20 11:06:20,23,26,1902,3742
2023-03-20 11:06:20,23,27,1902,3742
2023-03-20 11:06:21,24,27,1902,3742
2023-03-20 11:06:21,24,26,1902,3742
2023-03-20 11:06:22,24,27,1902,3742
2023-03-20 11:06:22,24,26,1902,3742
2023-03-20 11:06:25,24,27,1902,3742
2023-03-20 11:06:25,23,27,1902,3742
2023-03-20 11:06:25,24,27,1902,3742
2023-03-20 11:06:25,24,26,1902,3742
2023-03-20 11:06:34,26,27,1902,3822
2023-03-20 11:06:36,26,27,1902,3827
2023-03-20 11:06:42,25,27,1902,3827
2023-03-20 11:06:42,24,27,1902,3827
2023-03-20 11:06:55,25,27,1902,3827
2023-03-20 11:07:10,23,27,1902,3827
2023-03-20 11:07:10,24,27,1902,3827
2023-03-20 11:07:26,23,27,1902,3827
2023-03-20 11:07:26,24,27,1902,3827
2023-03-20 11:07:27,24,26,1902,3827
2023-03-20 11:07:42,23,26,1902,3827
2023-03-20 11:07:42,24,26,1902,3827
2023-03-20 11:07:44,24,27,1902,3827
2023-03-20 11:07:52,23,27,1902,3827
2023-03-20 11:07:52,24,27,1902,3827
2023-03-20 11:07:56,23,27,1902,3827
2023-03-20 11:07:56,25,27,1902,3827
2023-03-20 11:08:12,23,27,1902,3827
2023-03-20 11:08:12,25,27,1902,3827
2023-03-20 11:08:21,24,27,1902,3827
2023-03-20 11:08:21,25,27,1902,3827
2023-03-20 11:08:36,23,27,1902,3827
2023-03-20 11:08:36,24,27,1902,3827
2023-03-20 11:08:53,23,27,1902,3827
2023-03-20 11:08:53,25,27,1902,3827
2023-03-20 11:09:14,23,27,1862,3867
2023-03-20 11:09:14,23,26,1862,3867
2023-03-20 11:09:22,25,26,1862,3867
2023-03-20 11:09:22,26,27,1734,3995
2023-03-20 11:09:30,25,27,1734,3995
2023-03-20 11:09:31,23,27,1734,3995
2023-03-20 11:09:32,24,27,1734,3995
2023-03-20 11:09:33,25,27,1734,3995
2023-03-20 11:09:35,23,27,1734,3995
2023-03-20 11:09:35,25,27,1734,3995
2023-03-20 11:09:41,23,27,1734,3995
2023-03-20 11:09:41,25,27,1734,3995
2023-03-20 11:09:54,23,27,1734,3995
2023-03-20 11:09:54,25,27,1734,3995
2023-03-20 11:10:05,23,27,1734,3995
2023-03-20 11:10:05,25,27,1734,3995
2023-03-20 11:10:17,23,27,1734,3995
2023-03-20 11:10:17,25,27,1734,3995
2023-03-20 11:10:24,24,27,1734,3995
2023-03-20 11:10:24,26,27,1734,3995
2023-03-20 11:10:32,24,27,1734,3995
2023-03-20 11:10:32,26,27,1734,3995
2023-03-20 11:10:37,24,27,1654,4075
2023-03-20 11:10:37,24,28,1654,4075
2023-03-20 11:10:38,27,28,1654,4075
2023-03-20 11:10:40,27,29,1654,4075
2023-03-20 11:10:41,27,28,1654,4075
2023-03-20 11:10:43,25,28,1654,4075
2023-03-20 11:10:43,27,28,1654,4075
2023-03-20 11:10:45,25,28,1654,4075
2023-03-20 11:10:45,24,28,1654,4075
2023-03-20 11:10:45,24,29,1654,4075
2023-03-20 11:10:45,26,29,1654,4075
2023-03-20 11:10:45,28,29,1654,4075
2023-03-20 11:10:59,27,29,1654,4075
2023-03-20 11:10:59,25,29,1654,4075
2023-03-20 11:10:59,24,29,1654,4075
2023-03-20 11:11:00,26,29,1654,4075
2023-03-20 11:11:02,24,29,1654,4075
2023-03-20 11:11:02,27,29,1654,4075
2023-03-20 11:11:04,25,29,1654,4075
2023-03-20 11:11:04,24,29,1654,4075
2023-03-20 11:11:04,26,29,1654,4075
2023-03-20 11:11:11,24,29,1654,4075
2023-03-20 11:11:11,27,29,1654,4075
2023-03-20 11:11:21,26,29,1654,4075
2023-03-20 11:11:21,24,29,1654,4075
2023-03-20 11:11:21,26,29,1654,4075
2023-03-20 11:11:27,25,29,1654,4075
2023-03-20 11:11:27,27,29,1654,4075
2023-03-20 11:11:51,25,29,1654,4075
2023-03-20 11:11:51,27,29,1654,4075
2023-03-20 11:11:57,25,29,1654,4075
2023-03-20 11:11:57,27,29,1654,4075
2023-03-20 11:12:05,25,29,1654,4075
2023-03-20 11:12:06,26,29,1654,4075
2023-03-20 11:12:11,25,29,1654,4075
2023-03-20 11:12:11,27,29,1654,4075
2023-03-20 11:12:23,25,29,1654,4075
2023-03-20 11:12:23,26,29,1654,4075
2023-03-20 11:12:25,25,29,1654,4075
2023-03-20 11:12:25,26,29,1654,4075
2023-03-20 11:12:25,26,28,1654,4075
2023-03-20 11:12:35,25,28,1654,4075
2023-03-20 11:12:35,25,29,1654,4075
2023-03-20 11:12:35,26,29,1654,4075
2023-03-20 11:12:51,25,29,1654,4075
2023-03-20 11:12:51,26,29,1654,4075
2023-03-20 11:12:56,25,29,1654,4075
2023-03-20 11:12:57,26,29,1654,4075
2023-03-20 11:13:13,25,29,1654,4075
2023-03-20 11:13:13,26,29,1654,4075
2023-03-20 11:13:21,25,29,1654,4075
2023-03-20 11:13:21,27,29,1654,4075
2023-03-20 11:13:31,25,29,1654,4075
2023-03-20 11:13:31,26,29,1654,4075
2023-03-20 11:13:31,26,28,1654,4075
2023-03-20 11:13:33,28,29,1654,4115
2023-03-20 11:13:38,27,29,1654,4115
2023-03-20 11:13:41,28,29,1654,4115
2023-03-20 11:13:45,27,29,1654,4115
2023-03-20 11:13:45,26,29,1654,4115
2023-03-20 11:13:46,27,29,1654,4115
2023-03-20 11:13:55,26,29,1654,4115
2023-03-20 11:14:06,27,29,1654,4115
2023-03-20 11:14:25,27,28,1654,4115
2023-03-20 11:15:03,26,27,1655,4116
2023-03-20 11:15:04,27,28,1655,4125
2023-03-20 11:15:09,26,28,1655,4125
2023-03-20 11:15:09,26,29,1655,4125
2023-03-20 11:15:09,26,28,1655,4125
2023-03-20 11:15:18,26,29,1655,4125
2023-03-20 11:15:41,26,28,1655,4125
2023-03-20 11:15:46,26,29,1655,4125
2023-03-20 11:15:47,26,28,1655,4125
2023-03-20 11:15:54,26,29,1655,4125
2023-03-20 11:16:00,26,28,1655,4125
2023-03-20 11:16:10,26,29,1655,4125
2023-03-20 11:16:39,27,29,1655,4125
2023-03-20 11:16:56,26,29,1655,4125
2023-03-20 11:16:56,27,29,1655,4125
2023-03-20 11:17:24,26,29,1655,4125
2023-03-20 11:17:24,27,29,1655,4125
2023-03-20 11:18:00,27,28,1655,4125
2023-03-20 11:18:13,26,28,1655,4125
2023-03-20 11:19:00,26,27,1655,4125
2023-03-20 11:19:22,26,27,1656,4126
2023-03-20 11:20:04,26,27,1674,4144
2023-03-20 11:22:28,24,26,1674,4145
2023-03-20 11:22:28,23,26,1674,4145
2023-03-20 11:22:29,24,27,1674,4145
2023-03-20 11:22:32,24,26,1674,4145
2023-03-20 11:22:33,23,26,1674,4145
2023-03-20 11:22:33,23,27,1674,4145
2023-03-20 11:22:34,24,27,1674,4145
2023-03-20 11:22:34,24,26,1674,4145
2023-03-20 11:22:46,23,26,1674,4145
2023-03-20 11:22:46,23,27,1674,4145
2023-03-20 11:22:47,24,27,1674,4145
2023-03-20 11:22:55,23,27,1674,4145
2023-03-20 11:22:55,24,27,1674,4145
2023-03-20 11:23:00,23,27,1674,4145
2023-03-20 11:23:00,25,27,1674,4145
2023-03-20 11:23:04,23,27,1674,4145
2023-03-20 11:23:04,25,27,1674,4145
2023-03-20 11:23:13,23,27,1674,4145
2023-03-20 11:23:13,24,27,1674,4145
2023-03-20 11:23:25,23,27,1674,4145
2023-03-20 11:23:25,24,27,1674,4145
2023-03-20 11:23:28,25,27,1674,4145
2023-03-20 11:23:46,24,27,1674,4145
2023-03-20 11:23:51,23,27,1674,4145
2023-03-20 11:23:51,24,27,1674,4145
2023-03-20 11:23:53,23,27,1674,4145
2023-03-20 11:23:53,24,27,1674,4145
2023-03-20 11:23:55,23,27,1674,4145
2023-03-20 11:23:55,24,27,1674,4145
2023-03-20 11:23:56,23,27,1674,4145
2023-03-20 11:23:56,24,27,1674,4145
2023-03-20 11:24:06,23,27,1674,4145
2023-03-20 11:24:06,24,27,1674,4145
2023-03-20 11:24:13,23,27,1674,4145
2023-03-20 11:24:13,24,27,1674,4145
2023-03-20 11:24:15,23,27,1674,4145
2023-03-20 11:24:15,25,27,1674,4145
2023-03-20 11:24:24,25,27,1674,4154
2023-03-20 11:24:27,24,27,1674,4154
2023-03-20 11:24:27,25,27,1674,4154
2023-03-20 11:24:44,27,28,1546,4286
2023-03-20 11:24:52,26,29,1546,4286
2023-03-20 11:24:56,25,29,1546,4286
2023-03-20 11:24:56,25,30,1546,4286
2023-03-20 11:24:56,25,28,1546,4286
2023-03-20 11:25:11,25,30,1546,4286
2023-03-20 11:25:11,25,28,1546,4286
2023-03-20 11:25:17,25,30,1546,4286
2023-03-20 11:25:17,25,28,1546,4286
2023-03-20 11:25:19,25,27,1546,4286
2023-03-20 11:25:26,25,28,1546,4286
2023-03-20 11:25:26,25,29,1546,4286
2023-03-20 11:25:26,25,27,1546,4286
2023-03-20 11:25:33,24,27,1546,4286
2023-03-20 11:25:37,24,29,1546,4286
2023-03-20 11:25:37,24,27,1546,4286
2023-03-20 11:25:42,24,29,1546,4286
2023-03-20 11:25:42,24,27,1546,4286
2023-03-20 11:25:44,24,29,1546,4286
2023-03-20 11:25:44,24,27,1546,4286
2023-03-20 11:25:46,24,29,1546,4286
2023-03-20 11:25:47,24,27,1546,4286
2023-03-20 11:25:48,24,29,1546,4286
2023-03-20 11:25:48,24,27,1546,4286
2023-03-20 11:26:06,24,29,1546,4286
2023-03-20 11:26:06,24,27,1546,4286
2023-03-20 11:26:13,24,29,1546,4286
2023-03-20 11:26:13,24,28,1546,4286
2023-03-20 11:26:13,24,29,1546,4286
2023-03-20 11:26:13,24,27,1546,4286
2023-03-20 11:26:27,24,29,1546,4286
2023-03-20 11:26:27,24,28,1546,4286
2023-03-20 11:26:27,24,29,1546,4286
2023-03-20 11:26:28,24,27,1546,4286
2023-03-20 11:26:45,24,29,1546,4286
2023-03-20 11:26:45,24,27,1546,4286
2023-03-20 11:26:47,24,26,1546,4286
2023-03-20 11:26:50,24,27,1546,4286
2023-03-20 11:26:50,24,28,1546,4286
2023-03-20 11:26:50,24,30,1546,4286
2023-03-20 11:26:50,24,27,1546,4286
2023-03-20 11:27:14,24,28,1546,4286
2023-03-20 11:27:14,24,27,1546,4286
2023-03-20 11:27:17,24,28,1546,4286
2023-03-20 11:27:18,24,27,1546,4286
2023-03-20 11:27:20,24,28,1546,4286
2023-03-20 11:27:20,24,26,1546,4286
2023-03-20 11:27:25,23,26,1546,4286
2023-03-20 11:27:25,23,27,1546,4286
2023-03-20 11:27:25,24,27,1546,4286
2023-03-20 11:27:31,23,27,1546,4286
2023-03-20 11:27:32,24,27,1546,4286
2023-03-20 11:27:32,24,26,1546,4286
2023-03-20 11:27:37,24,27,1546,4286
2023-03-20 11:27:37,24,26,1546,4286
2023-03-20 11:27:43,23,26,1546,4286
2023-03-20 11:27:43,23,27,1546,4286
2023-03-20 11:27:43,23,26,1546,4286
2023-03-20 11:27:46,23,27,1546,4286
2023-03-20 11:27:46,23,26,1546,4286
2023-03-20 11:27:48,23,27,1546,4286
2023-03-20 11:27:48,24,27,1546,4286
2023-03-20 11:27:48,24,26,1546,4286
2023-03-20 11:27:55,23,26,1546,4286
2023-03-20 11:27:55,23,27,1546,4286
2023-03-20 11:27:55,24,27,1546,4286
2023-03-20 11:28:13,23,27,1546,4286
2023-03-20 11:28:13,23,26,1546,4286
2023-03-20 11:28:16,23,27,1546,4286
2023-03-20 11:28:17,23,26,1546,4286
2023-03-20 11:28:31,23,27,1546,4286
2023-03-20 11:28:31,24,27,1546,4286
2023-03-20 11:28:31,24,26,1546,4286
2023-03-20 11:28:35,23,26,1546,4286
2023-03-20 11:28:35,23,27,1546,4286
2023-03-20 11:28:35,24,27,1546,4286
2023-03-20 11:28:42,24,26,1546,4286
2023-03-20 11:28:43,21,26,1546,4286
2023-03-20 11:28:43,23,26,1546,4286
2023-03-20 11:28:44,23,25,1546,4286
2023-03-20 11:28:46,22,25,1546,4286
2023-03-20 11:28:55,21,25,1546,4286
2023-03-20 11:28:55,21,26,1546,4286
2023-03-20 11:28:55,22,26,1546,4286
2023-03-20 11:28:55,22,25,1546,4286
2023-03-20 11:28:57,21,25,1546,4286
2023-03-20 11:28:57,22,25,1546,4286
2023-03-20 11:29:06,21,25,1546,4286
2023-03-20 11:29:06,21,26,1546,4286
2023-03-20 11:29:06,22,26,1546,4286
2023-03-20 11:29:06,22,25,1546,4286
2023-03-20 11:29:07,21,25,1546,4286
2023-03-20 11:29:07,21,26,1546,4286
2023-03-20 11:29:08,22,26,1546,4286
2023-03-20 11:29:08,22,25,1546,4286
2023-03-20 11:29:13,22,24,1546,4286
2023-03-20 11:29:14,21,24,1546,4286
2023-03-20 11:29:14,22,24,1546,4286
2023-03-20 11:29:19,20,24,1546,4286
2023-03-20 11:29:19,21,24,1546,4286
2023-03-20 11:29:20,21,23,1546,4286
2023-03-20 11:29:20,20,23,1546,4526
2023-03-20 11:29:20,20,23,1546,4526
2023-03-20 11:29:26,20,22,1546,4526
2023-03-20 11:29:39,20,24,1546,4526
2023-03-20 11:29:39,20,23,1546,4526
2023-03-20 11:29:55,19,23,1546,4526
2023-03-20 11:29:55,20,23,1546,4526
2023-03-20 11:29:55,20,22,1546,4526
2023-03-20 11:29:57,19,22,1546,4526
2023-03-20 11:29:57,19,23,1546,4526
2023-03-20 11:29:57,19,22,1546,4526
2023-03-20 11:30:08,19,23,1546,4526
2023-03-20 11:30:09,19,22,1546,4526
2023-03-20 11:30:15,19,23,1546,4526
2023-03-20 11:30:16,19,22,1546,4526
2023-03-20 11:30:18,19,23,1546,4526
2023-03-20 11:30:18,19,22,1546,4526
2023-03-20 11:30:25,20,22,1546,4526
2023-03-20 11:30:38,19,22,1546,4526
2023-03-20 11:30:38,19,23,1546,4526
2023-03-20 11:30:38,19,22,1546,4526
2023-03-20 11:30:40,19,23,1546,4526
2023-03-20 11:30:40,19,22,1546,4526
2023-03-20 11:30:53,19,21,1546,4526
2023-03-20 11:31:09,19,22,1546,4526
2023-03-20 11:31:09,19,21,1546,4526
2023-03-20 11:31:19,21,22,1546,4606
2023-03-20 11:31:31,19,22,1546,4606
2023-03-20 11:31:31,20,22,1546,4606
2023-03-20 11:31:44,19,22,1546,4606
2023-03-20 11:32:01,20,22,1546,4606
2023-03-20 11:32:06,19,22,1546,4606
2023-03-20 11:32:08,20,22,1546,4606
2023-03-20 11:32:14,19,22,1546,4606
2023-03-20 11:32:14,20,22,1546,4606
2023-03-20 11:32:22,19,22,1546,4606
2023-03-20 11:32:22,20,22,1546,4606
2023-03-20 11:32:26,19,22,1546,4606
2023-03-20 11:32:27,20,22,1546,4606
2023-03-20 11:32:36,20,22,1546,4609
2023-03-20 11:32:43,20,23,1546,4609
2023-03-20 11:32:43,20,22,1546,4609
2023-03-20 11:32:46,20,23,1546,4609
2023-03-20 11:32:46,21,23,1546,4609
2023-03-20 11:32:54,20,23,1546,4609
2023-03-20 11:32:54,20,24,1546,4609
2023-03-20 11:32:54,20,23,1546,4609
2023-03-20 11:32:56,22,23,1546,4609
2023-03-20 11:32:58,20,23,1546,4609
2023-03-20 11:32:58,20,24,1546,4609
2023-03-20 11:32:58,21,24,1546,4609
2023-03-20 11:33:09,20,24,1546,4609
2023-03-20 11:33:10,23,24,1546,4609
2023-03-20 11:33:11,20,24,1546,4609
2023-03-20 11:33:12,22,24,1546,4609
2023-03-20 11:33:14,20,24,1546,4609
2023-03-20 11:33:14,22,24,1546,4609
2023-03-20 11:33:16,23,24,1546,4609
2023-03-20 11:33:20,23,26,1546,4609
2023-03-20 11:33:21,24,26,1546,4609
2023-03-20 11:33:39,22,26,1546,4609
2023-03-20 11:33:39,24,26,1546,4609
2023-03-20 11:33:46,22,26,1546,4609
2023-03-20 11:33:46,24,26,1546,4609
2023-03-20 11:33:48,22,26,1546,4609
2023-03-20 11:33:48,24,26,1546,4609
2023-03-20 11:33:56,24,26,1546,4610
2023-03-20 11:34:02,22,26,1546,4610
2023-03-20 11:34:02,24,26,1546,4610
2023-03-20 11:34:17,22,26,1546,4610
2023-03-20 11:34:17,24,26,1546,4610
2023-03-20 11:34:17,24,25,1546,4610
2023-03-20 11:34:19,22,25,1546,4610
2023-03-20 11:34:19,24,25,1546,4610
2023-03-20 11:34:21,22,25,1546,4610
2023-03-20 11:34:21,23,25,1546,4610
2023-03-20 11:34:24,22,25,1546,4610
2023-03-20 11:34:24,23,25,1546,4610
2023-03-20 11:34:35,22,25,1546,4610
2023-03-20 11:34:35,23,25,1546,4610
2023-03-20 11:34:39,22,25,1546,4610
2023-03-20 11:34:39,23,25,1546,4610
2023-03-20 11:34:57,22,25,1546,4610
2023-03-20 11:34:57,23,25,1546,4610
2023-03-20 11:35:17,22,25,1546,4610
2023-03-20 11:35:17,23,25,1546,4610
2023-03-20 11:35:34,22,25,1546,4610
2023-03-20 11:35:35,23,25,1546,4610
2023-03-20 11:35:37,22,25,1546,4610
2023-03-20 11:35:37,23,25,1546,4610
2023-03-20 11:35:50,22,25,1546,4610
2023-03-20 11:35:50,23,25,1546,4610
2023-03-20 11:35:58,23,24,1546,4610
2023-03-20 11:36:07,22,24,1546,4610
2023-03-20 11:36:07,23,24,1546,4610
2023-03-20 11:36:11,22,24,1546,4610
2023-03-20 11:36:21,24,25,1546,4611
2023-03-20 11:36:26,22,25,1546,4611
2023-03-20 11:36:26,23,25,1546,4611
2023-03-20 11:36:35,23,24,1546,4611
2023-03-20 11:36:36,23,24,1546,4612
2023-03-20 11:36:36,23,25,1546,4612
2023-03-20 11:36:42,22,25,1546,4612
2023-03-20 11:36:42,23,25,1546,4612
2023-03-20 11:36:56,22,25,1546,4612
2023-03-20 11:36:56,23,25,1546,4612
2023-03-20 11:37:09,22,25,1546,4612
2023-03-20 11:37:09,22,26,1546,4612
2023-03-20 11:37:09,24,26,1546,4612
2023-03-20 11:37:13,22,26,1546,4612
2023-03-20 11:37:13,24,26,1546,4612
2023-03-20 11:37:34,22,26,1546,4612
2023-03-20 11:37:34,24,26,1546,4612
2023-03-20 11:37:43,22,26,1546,4612
2023-03-20 11:37:43,24,26,1546,4612
2023-03-20 11:37:48,22,26,1546,4612
2023-03-20 11:37:49,24,26,1546,4612
2023-03-20 11:37:51,24,25,1546,4612
2023-03-20 11:37:52,22,25,1546,4612
2023-03-20 11:37:52,24,25,1546,4612
2023-03-20 11:37:55,22,25,1546,4612
2023-03-20 11:37:55,23,25,1546,4612
2023-03-20 11:37:56,23,26,1546,4612
2023-03-20 11:37:57,22,26,1546,4612
2023-03-20 11:37:57,23,26,1546,4612
2023-03-20 11:38:04,22,26,1546,4612
2023-03-20 11:38:04,23,26,1546,4612
2023-03-20 11:38:10,22,26,1546,4612
2023-03-20 11:38:10,24,26,1546,4612
2023-03-20 11:38:13,22,26,1546,4612
2023-03-20 11:38:13,23,26,1546,4612
2023-03-20 11:38:16,22,26,1546,4612
2023-03-20 11:38:16,24,26,1546,4612
2023-03-20 11:38:23,23,26,1546,4612
2023-03-20 11:38:27,24,26,1546,4612
2023-03-20 11:38:39,23,26,1546,4612
2023-03-20 11:38:40,24,26,1546,4612
2023-03-20 11:38:44,23,26,1546,4612
2023-03-20 11:38:44,24,26,1546,4612
2023-03-20 11:38:48,23,26,1546,4612
2023-03-20 11:38:48,24,26,1546,4612
2023-03-20 11:38:59,23,26,1546,4612
2023-03-20 11:38:59,24,26,1546,4612
2023-03-20 11:39:07,23,26,1546,4612
2023-03-20 11:39:07,24,26,1546,4612
2023-03-20 11:39:21,24,25,1546,4612
2023-03-20 11:39:24,22,25,1546,4612
2023-03-20 11:39:24,23,25,1546,4612
2023-03-20 11:39:43,22,25,1546,4612
2023-03-20 11:39:43,23,25,1546,4612
2023-03-20 11:39:56,22,25,1546,4612
2023-03-20 11:39:56,23,25,1546,4612
2023-03-20 11:40:05,22,25,1546,4612
2023-03-20 11:40:05,23,25,1546,4612
2023-03-20 11:40:15,22,25,1546,4612
2023-03-20 11:40:15,23,25,1546,4612
2023-03-20 11:40:26,22,25,1546,4612
2023-03-20 11:40:26,24,25,1546,4612
2023-03-20 11:40:39,22,25,1546,4612
2023-03-20 11:40:40,23,25,1546,4612
2023-03-20 11:40:42,22,25,1546,4612
2023-03-20 11:40:43,23,25,1546,4612
2023-03-20 11:40:52,22,25,1546,4612
2023-03-20 11:40:52,23,25,1546,4612
2023-03-20 11:41:05,23,24,1546,4612
2023-03-20 11:41:07,22,24,1546,4612
2023-03-20 11:41:08,23,24,1546,4612
2023-03-20 11:41:19,22,24,1546,4612
2023-03-20 11:41:20,23,24,1546,4612
2023-03-20 11:41:21,22,24,1546,4612
2023-03-20 11:41:25,22,24,1549,4623
2023-03-20 11:41:38,21,24,1549,4623
2023-03-20 11:41:38,22,24,1549,4623
2023-03-20 11:41:56,21,24,1549,4623
2023-03-20 11:41:56,23,24,1549,4623
2023-03-20 11:41:56,23,25,1549,4623
2023-03-20 11:41:58,21,25,1549,4623
2023-03-20 11:41:58,23,25,1549,4623
2023-03-20 11:42:02,21,25,1549,4623
2023-03-20 11:42:03,23,25,1549,4623
2023-03-20 11:42:09,21,25,1549,4623
2023-03-20 11:42:09,23,25,1549,4623
2023-03-20 11:42:23,21,25,1549,4623
2023-03-20 11:42:23,24,25,1549,4623
2023-03-20 11:42:27,22,25,1549,4623
2023-03-20 11:42:27,24,25,1549,4623
2023-03-20 11:42:43,24,25,1549,4626
2023-03-20 11:42:43,22,25,1549,4626
2023-03-20 11:42:43,24,25,1549,4626
2023-03-20 11:42:54,24,26,1549,4626
2023-03-20 11:42:56,21,26,1549,4626
2023-03-20 11:42:57,23,26,1549,4626
2023-03-20 11:42:58,21,26,1549,4626
2023-03-20 11:42:58,24,26,1549,4626
2023-03-20 11:43:05,22,26,1549,4626
2023-03-20 11:43:05,24,26,1549,4626
2023-03-20 11:43:07,22,26,1549,4626
2023-03-20 11:43:07,24,26,1549,4626
2023-03-20 11:43:09,25,26,1549,4626
2023-03-20 11:43:23,26,27,1422,4753
2023-03-20 11:43:26,26,28,1422,4753
2023-03-20 11:43:31,23,28,1422,4753
2023-03-20 11:43:31,25,28,1422,4753
2023-03-20 11:43:46,23,28,1422,4753
2023-03-20 11:43:47,26,28,1422,4753
2023-03-20 11:43:48,24,28,1422,4753
2023-03-20 11:43:48,26,28,1422,4753
2023-03-20 11:43:50,23,28,1422,4753
2023-03-20 11:43:50,25,28,1422,4753
2023-03-20 11:43:52,25,27,1422,4753
2023-03-20 11:43:54,25,28,1422,4753
2023-03-20 11:43:59,25,27,1422,4753
2023-03-20 11:44:06,24,27,1422,4753
2023-03-20 11:44:07,25,27,1422,4753
2023-03-20 11:44:08,24,27,1422,4753
2023-03-20 11:44:27,25,27,1422,4753
2023-03-20 11:44:41,24,27,1422,4753
2023-03-20 11:44:41,24,28,1422,4753
2023-03-20 11:44:41,25,28,1422,4753
2023-03-20 11:44:48,24,28,1422,4753
2023-03-20 11:44:49,25,28,1422,4753
2023-03-20 11:44:55,24,28,1422,4753
2023-03-20 11:44:56,26,28,1422,4753
2023-03-20 11:45:11,25,28,1422,4753
2023-03-20 11:45:11,26,28,1422,4753
2023-03-20 11:45:16,25,28,1422,4753
2023-03-20 11:45:16,26,28,1422,4753
2023-03-20 11:45:31,27,28,1422,4753
2023-03-20 11:45:32,27,29,1422,4753
2023-03-20 11:45:36,26,29,1422,4753
2023-03-20 11:45:36,26,30,1422,4753
2023-03-20 11:45:36,27,30,1422,4753
2023-03-20 11:45:38,26,30,1422,4753
2023-03-20 11:45:38,27,30,1422,4753
2023-03-20 11:45:41,26,30,1422,4753
2023-03-20 11:45:41,27,30,1422,4753
2023-03-20 11:45:44,27,29,1422,4753
2023-03-20 11:45:45,27,28,1422,4753
2023-03-20 11:45:47,27,29,1422,4753
2023-03-20 11:45:48,26,29,1422,4753
2023-03-20 11:45:48,26,28,1422,4753
2023-03-20 11:45:53,26,29,1422,4753
2023-03-20 11:45:59,26,28,1422,4753
2023-03-20 11:46:09,25,28,1422,4753
2023-03-20 11:46:19,25,29,1422,4753
2023-03-20 11:46:19,26,29,1422,4753
2023-03-20 11:46:19,26,28,1422,4753
2023-03-20 11:46:24,26,29,1422,4753
2023-03-20 11:46:36,26,30,1422,4753
2023-03-20 11:46:37,27,30,1422,4753
2023-03-20 11:46:46,26,30,1422,4753
2023-03-20 11:46:46,27,30,1422,4753
2023-03-20 11:47:00,26,30,1422,4753
2023-03-20 11:47:00,28,30,1422,4753
2023-03-20 11:47:13,26,30,1422,4753
2023-03-20 11:47:13,27,30,1422,4753
2023-03-20 11:47:19,26,30,1422,4753
2023-03-20 11:47:19,28,30,1422,4753
2023-03-20 11:47:27,26,30,1422,4753
2023-03-20 11:47:27,27,30,1422,4753
2023-03-20 11:47:34,26,30,1422,4753
2023-03-20 11:47:35,28,30,1422,4753
2023-03-20 11:47:40,28,31,1422,4753
2023-03-20 11:48:21,28,32,1422,4753
2023-03-20 11:49:04,30,32,1422,4753
2023-03-20 11:49:13,28,32,1422,4753
2023-03-20 11:49:59,30,32,1422,4753
2023-03-20 11:50:14,28,32,1422,4753
2023-03-20 11:50:14,30,32,1422,4753
2023-03-20 11:50:24,28,32,1422,4753
2023-03-20 11:50:24,30,32,1422,4753
2023-03-20 11:50:39,28,32,1422,4753
2023-03-20 11:50:39,30,32,1422,4753
2023-03-20 11:51:01,30,31,1422,4753
2023-03-20 11:51:04,28,31,1422,4753
2023-03-20 11:51:05,28,32,1422,4753
2023-03-20 11:51:06,28,31,1422,4753
2023-03-20 11:51:23,28,32,1422,4753
2023-03-20 11:51:26,30,32,1422,4753
2023-03-20 11:51:27,28,32,1422,4753
2023-03-20 11:51:27,30,32,1422,4753
2023-03-20 11:51:29,28,32,1422,4753
2023-03-20 11:51:29,30,32,1422,4753
2023-03-20 11:51:44,28,32,1422,4753
2023-03-20 11:51:44,30,32,1422,4753
2023-03-20 11:51:49,30,33,1422,4753
2023-03-20 11:52:00,28,33,1422,4753
2023-03-20 11:52:00,31,33,1422,4753
2023-03-20 11:52:06,28,33,1422,4753
2023-03-20 11:52:06,30,33,1422,4753
2023-03-20 11:52:25,28,33,1422,4753
2023-03-20 11:52:25,30,33,1422,4753
2023-03-20 11:52:29,28,33,1422,4753
2023-03-20 11:52:29,30,33,1422,4753
2023-03-20 11:52:46,28,33,1422,4753
2023-03-20 11:52:46,28,32,1422,4753
2023-03-20 11:52:52,28,33,1422,4753
2023-03-20 11:52:52,30,33,1422,4753
2023-03-20 11:52:56,29,33,1422,4753
2023-03-20 11:52:57,30,33,1422,4753
2023-03-20 11:52:59,29,33,1422,4753
2023-03-20 11:52:59,29,32,1422,4753
2023-03-20 11:53:06,29,33,1422,4753
2023-03-20 11:53:06,30,33,1422,4753
2023-03-20 11:53:08,30,34,1422,4753
2023-03-20 11:53:08,30,33,1422,4753
2023-03-20 11:53:11,29,33,1422,4753
2023-03-20 11:53:11,31,33,1422,4753
2023-03-20 11:53:12,29,33,1422,4753
2023-03-20 11:53:12,29,34,1422,4753
2023-03-20 11:53:13,31,34,1422,4753
2023-03-20 11:53:21,29,34,1422,4753
2023-03-20 11:53:21,32,34,1422,4753
2023-03-20 11:53:27,30,34,1422,4753
2023-03-20 11:53:27,31,34,1422,4753
2023-03-20 11:53:27,33,34,1422,4753
2023-03-20 11:53:32,32,34,1422,4753
2023-03-20 11:53:34,30,34,1422,4753
2023-03-20 11:53:35,32,34,1422,4753
2023-03-20 11:53:35,34,36,1422,4773
2023-03-20 11:53:37,32,36,1422,4773
2023-03-20 11:53:37,34,36,1422,4773
2023-03-20 11:53:39,35,36,1422,4773
2023-03-20 11:53:43,31,36,1422,4773
2023-03-20 11:53:43,33,36,1422,4773
2023-03-20 11:53:45,31,36,1422,4773
2023-03-20 11:53:45,30,36,1422,4773
2023-03-20 11:53:46,32,36,1422,4773
2023-03-20 11:53:46,32,35,1422,4773
2023-03-20 11:53:50,30,35,1422,4773
2023-03-20 11:53:50,30,36,1422,4773
2023-03-20 11:53:50,34,36,1422,4773
2023-03-20 11:54:07,32,36,1422,4773
2023-03-20 11:54:07,31,36,1422,4773
2023-03-20 11:54:07,33,36,1422,4773
2023-03-20 11:54:12,31,36,1422,4773
2023-03-20 11:54:12,33,36,1422,4773
2023-03-20 11:54:12,33,35,1422,4773
2023-03-20 11:54:16,32,35,1422,4773
2023-03-20 11:54:16,32,36,1422,4773
2023-03-20 11:54:16,32,35,1422,4773
2023-03-20 11:54:20,31,35,1422,4773
2023-03-20 11:54:20,31,36,1422,4773
2023-03-20 11:54:20,32,36,1422,4773
2023-03-20 11:54:20,32,35,1422,4773
2023-03-20 11:54:21,31,35,1422,4773
2023-03-20 11:54:21,31,36,1422,4773
2023-03-20 11:54:22,33,36,1422,4773
2023-03-20 11:54:38,31,36,1422,4773
2023-03-20 11:54:38,33,36,1422,4773
2023-03-20 11:55:09,31,36,1422,4773
2023-03-20 11:55:09,33,36,1422,4773
2023-03-20 11:55:19,31,36,1422,4773
2023-03-20 11:55:19,32,36,1422,4773
2023-03-20 11:55:19,32,35,1422,4773
2023-03-20 11:55:23,31,35,1422,4773
2023-03-20 11:55:23,32,35,1422,4773
2023-03-20 11:55:25,31,35,1422,4773
2023-03-20 11:55:25,32,35,1422,4773
2023-03-20 11:55:28,31,35,1422,4773
2023-03-20 11:55:29,33,35,1422,4773
2023-03-20 11:55:39,31,35,1422,4773
2023-03-20 11:55:39,32,35,1422,4773
2023-03-20 11:55:41,31,35,1422,4773
2023-03-20 11:55:41,32,35,1422,4773
2023-03-20 11:55:43,31,35,1422,4773
2023-03-20 11:55:43,32,35,1422,4773
2023-03-20 11:55:59,31,35,1422,4773
2023-03-20 11:55:59,32,35,1422,4773
2023-03-20 11:56:05,31,35,1422,4773
2023-03-20 11:56:05,32,35,1422,4773
2023-03-20 11:56:10,31,35,1422,4773
2023-03-20 11:56:10,33,35,1422,4773
2023-03-20 11:56:18,31,35,1422,4773
2023-03-20 11:56:18,32,35,1422,4773
2023-03-20 11:56:19,31,35,1422,4773
2023-03-20 11:56:19,32,35,1422,4773
2023-03-20 11:56:23,31,35,1422,4773
2023-03-20 11:56:23,33,35,1422,4773
2023-03-20 11:56:24,31,35,1422,4773
2023-03-20 11:56:25,33,35,1422,4773
2023-03-20 11:56:37,31,35,1422,4773
2023-03-20 11:56:37,33,35,1422,4773
2023-03-20 11:56:38,33,34,1422,4773
2023-03-20 11:56:49,31,34,1422,4773
2023-03-20 11:56:49,34,35,1422,4793
2023-03-20 11:56:51,32,35,1422,4793
2023-03-20 11:56:51,34,35,1422,4793
2023-03-20 11:57:00,34,36,1422,4793
2023-03-20 11:57:02,34,37,1422,4793
2023-03-20 11:57:04,32,37,1422,4793
2023-03-20 11:57:04,33,37,1422,4793
2023-03-20 11:57:04,35,37,1422,4793
2023-03-20 11:57:08,33,37,1422,4793
2023-03-20 11:57:08,35,37,1422,4793
2023-03-20 11:57:11,33,37,1422,4793
2023-03-20 11:57:11,32,37,1422,4793
2023-03-20 11:57:11,34,37,1422,4793
2023-03-20 11:57:13,32,37,1422,4793
2023-03-20 11:57:13,32,35,1422,4793
2023-03-20 11:57:15,32,37,1422,4793
2023-03-20 11:57:15,34,37,1422,4793
2023-03-20 11:57:16,32,37,1422,4793
2023-03-20 11:57:17,32,35,1422,4793
2023-03-20 11:57:28,32,37,1422,4793
2023-03-20 11:57:28,33,37,1422,4793
2023-03-20 11:57:28,33,36,1422,4793
2023-03-20 11:57:43,33,37,1422,4793
2023-03-20 11:57:43,33,35,1422,4793
2023-03-20 11:57:52,33,37,1422,4793
2023-03-20 11:57:53,34,37,1422,4793
2023-03-20 11:57:59,33,37,1422,4793
2023-03-20 11:58:00,33,36,1422,4793
2023-03-20 11:58:03,33,37,1422,4793
2023-03-20 11:58:04,34,37,1422,4793
2023-03-20 11:58:04,34,36,1422,4793
2023-03-20 11:58:07,34,35,1422,4793
2023-03-20 11:58:11,33,35,1422,4793
2023-03-20 11:58:11,33,37,1422,4793
2023-03-20 11:58:11,35,37,1422,4793
2023-03-20 11:58:16,33,37,1422,4793
2023-03-20 11:58:16,35,37,1422,4793
2023-03-20 11:58:25,33,37,1422,4793
2023-03-20 11:58:25,34,37,1422,4793
2023-03-20 11:58:25,36,37,1422,4793
2023-03-20 11:58:26,33,37,1422,4793
2023-03-20 11:58:26,33,36,1422,4793
2023-03-20 11:58:32,33,37,1422,4793
2023-03-20 11:58:32,33,35,1422,4793
2023-03-20 11:58:34,34,35,1422,4793
2023-03-20 11:58:37,33,35,1422,4793
2023-03-20 11:58:37,33,37,1422,4793
2023-03-20 11:58:37,35,37,1422,4793
2023-03-20 11:58:41,33,37,1422,4793
2023-03-20 11:58:41,33,36,1422,4793
2023-03-20 11:58:47,33,37,1422,4793
2023-03-20 11:58:47,35,37,1422,4793
2023-03-20 11:58:49,33,37,1422,4793
2023-03-20 11:58:49,35,37,1422,4793
2023-03-20 11:58:51,33,37,1422,4793
2023-03-20 11:58:51,33,35,1422,4793
2023-03-20 11:58:56,33,37,1422,4793
2023-03-20 11:58:56,34,37,1422,4793
2023-03-20 11:58:58,33,37,1422,4793
2023-03-20 11:58:58,33,35,1422,4793
2023-03-20 11:59:06,33,37,1422,4793
2023-03-20 11:59:06,33,36,1422,4793
2023-03-20 11:59:13,34,36,1422,4793
2023-03-20 11:59:16,34,38,1422,4793
2023-03-20 11:59:16,34,39,1422,4793
2023-03-20 11:59:16,34,36,1422,4793
2023-03-20 11:59:17,34,39,1422,4793
2023-03-20 11:59:17,34,37,1422,4793
2023-03-20 11:59:25,34,39,1422,4793
2023-03-20 11:59:25,34,37,1422,4793
2023-03-20 11:59:39,34,39,1422,4793
2023-03-20 11:59:39,34,36,1422,4793
2023-03-20 11:59:43,34,39,1422,4793
2023-03-20 11:59:43,34,35,1422,4793
2023-03-20 11:59:58,35,37,1422,4833
2023-03-20 11:59:59,35,39,1422,4833
2023-03-20 11:59:59,35,37,1422,4833
2023-03-20 12:00:01,35,39,1422,4833
2023-03-20 12:00:01,35,37,1422,4833
2023-03-20 12:00:06,34,37,1422,4833
2023-03-20 12:00:06,34,39,1422,4833
2023-03-20 12:00:06,34,36,1422,4833
2023-03-20 12:00:10,34,38,1422,4833
2023-03-20 12:00:10,34,39,1422,4833
2023-03-20 12:00:11,34,37,1422,4833
2023-03-20 12:00:12,34,39,1422,4833
2023-03-20 12:00:12,34,37,1422,4833
2023-03-20 12:00:20,34,39,1422,4833
2023-03-20 12:00:20,34,37,1422,4833
2023-03-20 12:00:32,34,39,1422,4833
2023-03-20 12:00:32,34,37,1422,4833
2023-03-20 12:00:34,34,39,1422,4833
2023-03-20 12:00:34,34,38,1422,4833
2023-03-20 12:00:34,34,36,1422,4833
2023-03-20 12:00:38,34,37,1422,4833
2023-03-20 12:00:40,34,38,1422,4833
2023-03-20 12:00:40,34,36,1422,4833
2023-03-20 12:00:43,34,38,1422,4833
2023-03-20 12:00:43,34,36,1422,4833
2023-03-20 12:00:52,34,38,1422,4833
2023-03-20 12:00:52,34,36,1422,4833
2023-03-20 12:00:56,34,35,1422,4833
2023-03-20 12:01:09,34,36,1422,4833
2023-03-20 12:01:09,34,38,1422,4833
2023-03-20 12:01:09,34,36,1422,4833
2023-03-20 12:01:16,34,38,1422,4833
2023-03-20 12:01:16,34,37,1422,4833
2023-03-20 12:01:23,34,38,1422,4833
2023-03-20 12:01:23,34,36,1422,4833
2023-03-20 12:01:33,34,38,1422,4833
2023-03-20 12:01:33,34,37,1422,4833
2023-03-20 12:01:45,34,38,1422,4833
2023-03-20 12:01:45,35,38,1422,4833
2023-03-20 12:01:45,35,37,1422,4833
2023-03-20 12:01:55,34,37,1422,4833
2023-03-20 12:01:55,34,38,1422,4833
2023-03-20 12:01:55,34,36,1422,4833
2023-03-20 12:01:57,34,38,1422,4833
2023-03-20 12:01:57,34,36,1422,4833
2023-03-20 12:01:58,33,36,1422,4833
2023-03-20 12:01:59,32,36,1422,4833
2023-03-20 12:01:59,32,38,1422,4833
2023-03-20 12:02:00,34,38,1422,4833
2023-03-20 12:02:00,34,37,1422,4833
2023-03-20 12:02:14,34,38,1422,4833
2023-03-20 12:02:14,34,36,1422,4833
2023-03-20 12:02:24,34,38,1422,4833
2023-03-20 12:02:24,34,37,1422,4833
2023-03-20 12:02:39,34,38,1422,4833
2023-03-20 12:02:39,34,37,1422,4833
2023-03-20 12:02:50,34,38,1422,4833
2023-03-20 12:02:50,34,36,1422,4833
2023-03-20 12:02:56,34,38,1422,4833
2023-03-20 12:02:57,34,37,1422,4833
2023-03-20 12:03:05,34,38,1422,4833
2023-03-20 12:03:05,34,36,1422,4833
2023-03-20 12:03:06,34,38,1422,4833
2023-03-20 12:03:07,34,36,1422,4833
2023-03-20 12:03:08,34,38,1422,4833
2023-03-20 12:03:08,34,36,1422,4833
2023-03-20 12:03:10,34,38,1422,4833
2023-03-20 12:03:12,36,38,1422,4833
2023-03-20 12:03:14,34,38,1422,4833
2023-03-20 12:03:14,34,36,1422,4833
2023-03-20 12:03:16,34,38,1422,4833
2023-03-20 12:03:16,34,37,1422,4833
2023-03-20 12:03:16,34,35,1422,4833
2023-03-20 12:03:24,34,38,1422,4833
2023-03-20 12:03:24,35,38,1422,4833
2023-03-20 12:03:26,34,38,1422,4833
2023-03-20 12:03:26,35,38,1422,4833
2023-03-20 12:03:33,34,38,1422,4833
2023-03-20 12:03:33,35,38,1422,4833
2023-03-20 12:03:33,37,38,1422,4833
2023-03-20 12:03:40,35,38,1422,4833
2023-03-20 12:03:40,34,38,1422,4833
2023-03-20 12:03:41,34,35,1422,4833
2023-03-20 12:03:52,34,36,1422,4833
2023-03-20 12:03:52,34,37,1422,4833
2023-03-20 12:03:52,34,38,1422,4833
2023-03-20 12:03:52,34,36,1422,4833
2023-03-20 12:03:59,34,38,1422,4833
2023-03-20 12:03:59,34,37,1422,4833
2023-03-20 12:03:59,34,35,1422,4833
2023-03-20 12:04:04,34,38,1422,4833
2023-03-20 12:04:04,34,36,1422,4833
2023-03-20 12:04:08,34,38,1422,4833
2023-03-20 12:04:08,34,36,1422,4833
2023-03-20 12:04:18,34,38,1422,4833
2023-03-20 12:04:18,34,36,1422,4833
2023-03-20 12:04:24,34,38,1422,4833
2023-03-20 12:04:24,34,36,1422,4833
2023-03-20 12:04:49,34,38,1422,4833
2023-03-20 12:04:49,34,36,1422,4833
2023-03-20 12:04:50,34,38,1422,4833
2023-03-20 12:04:51,34,36,1422,4833
2023-03-20 12:05:06,34,38,1422,4833
2023-03-20 12:05:07,34,36,1422,4833
2023-03-20 12:05:10,34,38,1422,4833
2023-03-20 12:05:10,34,37,1422,4833
2023-03-20 12:05:22,34,38,1422,4833
2023-03-20 12:05:22,34,36,1422,4833
2023-03-20 12:05:32,34,38,1422,4833
2023-03-20 12:05:33,34,36,1422,4833
2023-03-20 12:05:42,35,36,1422,4833
2023-03-20 12:05:43,34,36,1422,4833
2023-03-20 12:05:44,34,38,1422,4833
2023-03-20 12:05:44,35,38,1422,4833
2023-03-20 12:05:46,35,37,1422,4833
2023-03-20 12:05:47,34,37,1422,4833
2023-03-20 12:05:47,34,36,1422,4833
2023-03-20 12:05:49,33,36,1422,4833
2023-03-20 12:05:51,33,37,1422,4833
2023-03-20 12:05:51,33,36,1422,4833
2023-03-20 12:05:52,33,37,1422,4833
2023-03-20 12:05:53,33,37,1382,4873
2023-03-20 12:05:53,35,37,1382,4873
2023-03-20 12:05:54,33,37,1382,4873
2023-03-20 12:05:54,35,37,1382,4873
2023-03-20 12:05:58,33,37,1382,4873
2023-03-20 12:05:58,33,36,1382,4873
2023-03-20 12:05:59,33,37,1382,4873
2023-03-20 12:05:59,34,37,1382,4873
2023-03-20 12:06:00,36,37,1382,4873
2023-03-20 12:06:02,34,37,1382,4873
2023-03-20 12:06:02,36,37,1382,4873
2023-03-20 12:06:03,36,38,1382,4873
2023-03-20 12:06:04,36,38,1382,4913
2023-03-20 12:06:04,36,38,1382,4981
2023-03-20 12:06:08,34,38,1382,4981
2023-03-20 12:06:08,33,38,1382,4981
2023-03-20 12:06:08,33,37,1382,4981
2023-03-20 12:06:08,33,35,1382,4981
2023-03-20 12:06:10,34,35,1382,4981
2023-03-20 12:06:12,33,35,1382,4981
2023-03-20 12:06:15,35,37,1382,5021
2023-03-20 12:06:28,33,37,1382,5021
2023-03-20 12:06:28,33,38,1382,5021
2023-03-20 12:06:28,34,38,1382,5021
2023-03-20 12:06:28,34,37,1382,5021
2023-03-20 12:06:34,33,37,1382,5021
2023-03-20 12:06:34,33,38,1382,5021
2023-03-20 12:06:34,34,38,1382,5021
2023-03-20 12:06:34,34,37,1382,5021
2023-03-20 12:06:39,34,38,1382,5021
2023-03-20 12:06:39,34,36,1382,5021
2023-03-20 12:07:16,35,36,1382,5021
2023-03-20 12:07:22,34,36,1382,5021
2023-03-20 12:07:29,35,36,1382,5021
2023-03-20 12:07:33,34,36,1382,5021
2023-03-20 12:07:49,35,36,1382,5021
2023-03-20 12:07:51,34,36,1382,5021
2023-03-20 12:07:52,35,36,1382,5021
2023-03-20 12:08:18,35,38,1402,5041
2023-03-20 12:08:21,35,40,1402,5041
2023-03-20 12:08:21,35,38,1402,5041
2023-03-20 12:08:23,36,38,1402,5041
2023-03-20 12:08:39,35,38,1402,5041
2023-03-20 12:08:39,35,39,1402,5041
2023-03-20 12:08:39,35,40,1402,5041
2023-03-20 12:08:39,36,40,1402,5041
2023-03-20 12:08:39,36,39,1402,5041
2023-03-20 12:08:49,35,39,1402,5041
2023-03-20 12:08:49,35,40,1402,5041
2023-03-20 12:08:49,36,40,1402,5041
2023-03-20 12:08:50,36,39,1402,5041
2023-03-20 12:08:55,35,39,1402,5041
2023-03-20 12:08:55,35,40,1402,5041
2023-03-20 12:08:55,36,40,1402,5041
2023-03-20 12:08:55,36,39,1402,5041
2023-03-20 12:09:05,36,40,1402,5041
2023-03-20 12:09:06,37,40,1402,5041
2023-03-20 12:09:07,37,39,1402,5041
2023-03-20 12:09:12,36,39,1402,5041
2023-03-20 12:09:12,36,41,1402,5041
2023-03-20 12:09:13,36,39,1402,5041
2023-03-20 12:09:16,36,41,1402,5041
2023-03-20 12:09:17,37,41,1402,5041
2023-03-20 12:09:17,37,40,1402,5041
2023-03-20 12:09:28,36,40,1402,5041
2023-03-20 12:09:28,36,41,1402,5041
2023-03-20 12:09:28,36,39,1402,5041
2023-03-20 12:09:37,36,41,1402,5041
2023-03-20 12:09:38,36,39,1402,5041
2023-03-20 12:09:39,37,39,1402,5041
2023-03-20 12:09:42,37,41,1402,5041
2023-03-20 12:09:42,38,41,1402,5041
2023-03-20 12:09:52,37,41,1402,5041
2023-03-20 12:09:52,37,40,1402,5041
2023-03-20 12:10:09,37,41,1402,5041
2023-03-20 12:10:09,38,41,1402,5041
2023-03-20 12:10:24,37,41,1402,5041
2023-03-20 12:10:25,37,40,1402,5041
2023-03-20 12:10:35,37,41,1402,5041
2023-03-20 12:10:35,37,40,1402,5041
2023-03-20 12:10:40,37,41,1402,5041
2023-03-20 12:10:40,37,40,1402,5041
2023-03-20 12:10:41,37,41,1402,5041
2023-03-20 12:10:42,37,40,1402,5041
2023-03-20 12:11:06,37,41,1402,5041
2023-03-20 12:11:06,38,41,1402,5041
2023-03-20 12:11:06,38,40,1402,5041
2023-03-20 12:11:15,37,40,1402,5041
2023-03-20 12:11:15,37,41,1402,5041
2023-03-20 12:11:15,37,40,1402,5041
2023-03-20 12:11:18,37,41,1402,5041
2023-03-20 12:11:18,37,40,1402,5041
2023-03-20 12:11:30,37,41,1402,5041
2023-03-20 12:11:30,38,41,1402,5041
2023-03-20 12:11:52,38,40,1402,5041
2023-03-20 12:12:07,37,40,1402,5041
2023-03-20 12:12:08,37,41,1402,5041
2023-03-20 12:12:08,37,42,1402,5041
2023-03-20 12:12:08,38,42,1402,5041
2023-03-20 12:12:08,38,40,1402,5041
2023-03-20 12:12:11,37,40,1402,5041
2023-03-20 12:12:11,37,42,1402,5041
2023-03-20 12:12:11,38,42,1402,5041
2023-03-20 12:12:11,38,41,1402,5041
2023-03-20 12:12:13,37,41,1402,5041
2023-03-20 12:12:13,37,42,1402,5041
2023-03-20 12:12:13,39,42,1402,5041
2023-03-20 12:12:13,39,41,1402,5041
2023-03-20 12:12:17,37,41,1402,5041
2023-03-20 12:12:17,37,42,1402,5041
2023-03-20 12:12:18,37,39,1402,5041
2023-03-20 12:12:31,37,42,1402,5041
2023-03-20 12:12:31,37,40,1402,5041
2023-03-20 12:12:35,37,42,1402,5041
2023-03-20 12:12:35,37,41,1402,5041
2023-03-20 12:12:35,37,39,1402,5041
2023-03-20 12:12:48,37,41,1402,5041
2023-03-20 12:12:48,37,39,1402,5041
2023-03-20 12:12:53,37,42,1402,5041
2023-03-20 12:12:53,37,40,1402,5041
2023-03-20 12:12:58,38,40,1402,5041
2023-03-20 12:12:59,38,39,1402,5041
2023-03-20 12:13:01,38,40,1402,5041
2023-03-20 12:13:01,38,41,1402,5041
2023-03-20 12:13:01,38,39,1402,5041
2023-03-20 12:13:01,38,39,1442,5081
2023-03-20 12:13:02,37,39,1442,5081
2023-03-20 12:13:04,37,39,1482,5121
2023-03-20 12:13:09,37,41,1482,5121
2023-03-20 12:13:09,37,41,1562,5201
2023-03-20 12:13:09,37,39,1562,5201
2023-03-20 12:13:10,36,39,1562,5201
2023-03-20 12:13:13,36,42,1562,5201
2023-03-20 12:13:13,36,40,1562,5201
2023-03-20 12:13:13,36,38,1562,5201
2023-03-20 12:13:15,36,40,1562,5201
2023-03-20 12:13:15,36,42,1562,5201
2023-03-20 12:13:16,36,41,1562,5201
2023-03-20 12:13:16,36,39,1562,5201
2023-03-20 12:13:17,36,41,1562,5201
2023-03-20 12:13:17,36,42,1562,5201
2023-03-20 12:13:18,38,42,1562,5201
2023-03-20 12:13:18,38,41,1562,5201
2023-03-20 12:13:19,38,39,1562,5201
2023-03-20 12:13:34,36,39,1562,5201
2023-03-20 12:13:34,36,41,1562,5201
2023-03-20 12:13:34,36,42,1562,5201
2023-03-20 12:13:34,37,42,1562,5201
2023-03-20 12:13:34,37,40,1562,5201
2023-03-20 12:13:37,37,39,1562,5201
2023-03-20 12:13:46,36,39,1562,5201
2023-03-20 12:13:46,36,40,1562,5201
2023-03-20 12:13:46,36,42,1562,5201
2023-03-20 12:13:47,37,42,1562,5201
2023-03-20 12:13:47,39,42,1562,5201
2023-03-20 12:13:50,37,42,1562,5201
2023-03-20 12:13:50,36,42,1562,5201
2023-03-20 12:13:50,39,42,1562,5201
2023-03-20 12:13:54,37,42,1562,5201
2023-03-20 12:13:54,36,42,1562,5201
2023-03-20 12:13:55,37,42,1562,5201
2023-03-20 12:13:55,37,40,1562,5201
2023-03-20 12:13:56,37,39,1562,5201
2023-03-20 12:14:02,36,39,1562,5201
2023-03-20 12:14:02,36,42,1562,5201
2023-03-20 12:14:03,37,42,1562,5201
2023-03-20 12:14:03,39,42,1562,5201
2023-03-20 12:14:24,37,42,1562,5201
2023-03-20 12:14:24,39,42,1562,5201
2023-03-20 12:14:27,39,41,1562,5201
2023-03-20 12:14:34,38,41,1562,5201
2023-03-20 12:14:34,40,41,1562,5201
2023-03-20 12:14:36,38,40,1562,5241
2023-03-20 12:14:49,38,41,1562,5241
2023-03-20 12:14:49,36,41,1562,5241
2023-03-20 12:14:49,36,42,1562,5241
2023-03-20 12:14:50,38,42,1562,5241
2023-03-20 12:14:50,38,41,1562,5241
2023-03-20 12:14:54,36,41,1562,5241
2023-03-20 12:14:54,36,42,1562,5241
2023-03-20 12:14:54,37,42,1562,5241
2023-03-20 12:14:54,39,42,1562,5241
2023-03-20 12:15:01,36,42,1562,5241
2023-03-20 12:15:02,38,42,1562,5241
2023-03-20 12:15:02,38,41,1562,5241
2023-03-20 12:15:17,36,41,1562,5241
2023-03-20 12:15:17,36,42,1562,5241
2023-03-20 12:15:17,38,42,1562,5241
2023-03-20 12:15:17,38,41,1562,5241
2023-03-20 12:15:26,36,41,1562,5241
2023-03-20 12:15:26,38,41,1562,5241
2023-03-20 12:15:29,36,41,1562,5241
2023-03-20 12:15:29,37,41,1562,5241
2023-03-20 12:15:29,37,40,1562,5241
2023-03-20 12:15:33,36,40,1562,5241
2023-03-20 12:15:33,36,41,1562,5241
2023-03-20 12:15:33,37,41,1562,5241
2023-03-20 12:15:33,37,40,1562,5241
2023-03-20 12:15:35,36,40,1562,5241
2023-03-20 12:15:35,38,40,1562,5241
2023-03-20 12:15:37,36,40,1562,5241
2023-03-20 12:15:37,37,40,1562,5241
2023-03-20 12:15:41,36,40,1562,5241
2023-03-20 12:15:41,38,40,1562,5241
2023-03-20 12:15:56,36,40,1562,5241
2023-03-20 12:15:56,36,41,1562,5241
2023-03-20 12:15:56,38,41,1562,5241
2023-03-20 12:16:00,36,41,1562,5241
2023-03-20 12:16:00,37,41,1562,5241
2023-03-20 12:16:00,37,40,1562,5241
2023-03-20 12:16:02,37,39,1562,5241
2023-03-20 12:16:19,36,39,1562,5241
2023-03-20 12:16:19,38,39,1562,5241
2023-03-20 12:16:25,36,39,1562,5241
2023-03-20 12:16:25,37,39,1562,5241
2023-03-20 12:16:41,36,39,1562,5241
2023-03-20 12:16:41,38,39,1562,5241
2023-03-20 12:16:48,38,41,1562,5241
2023-03-20 12:16:53,38,40,1562,5241
2023-03-20 12:17:01,36,40,1562,5241
2023-03-20 12:17:01,37,40,1562,5241
2023-03-20 12:17:09,36,40,1562,5241
2023-03-20 12:17:09,38,40,1562,5241
2023-03-20 12:17:22,36,40,1562,5241
2023-03-20 12:17:22,38,40,1562,5241
2023-03-20 12:17:41,36,40,1562,5241
2023-03-20 12:17:41,37,40,1562,5241
2023-03-20 12:17:49,36,40,1562,5241
2023-03-20 12:17:49,38,40,1562,5241
2023-03-20 12:18:01,36,40,1562,5241
2023-03-20 12:18:02,37,40,1562,5241
2023-03-20 12:18:16,36,40,1562,5241
2023-03-20 12:18:16,37,40,1562,5241
2023-03-20 12:18:22,39,40,1562,5241
2023-03-20 12:18:34,37,40,1562,5241
2023-03-20 12:18:34,36,40,1562,5241
2023-03-20 12:18:35,38,40,1562,5241
2023-03-20 12:18:49,36,40,1562,5241
2023-03-20 12:18:50,37,40,1562,5241
2023-03-20 12:18:59,36,40,1562,5241
2023-03-20 12:19:00,38,40,1562,5241
2023-03-20 12:19:13,36,40,1562,5241
2023-03-20 12:19:13,38,40,1562,5241
2023-03-20 12:19:47,36,40,1562,5241
2023-03-20 12:19:47,37,40,1562,5241
2023-03-20 12:19:54,36,40,1562,5241
2023-03-20 12:19:54,37,40,1562,5241
2023-03-20 12:19:56,38,40,1562,5241
2023-03-20 12:20:01,37,40,1562,5241
2023-03-20 12:20:01,36,40,1562,5241
2023-03-20 12:20:01,37,40,1562,5241
2023-03-20 12:20:01,37,39,1562,5241
2023-03-20 12:20:07,36,39,1562,5241
2023-03-20 12:20:14,36,40,1562,5241
2023-03-20 12:20:14,37,40,1562,5241
2023-03-20 12:20:25,36,40,1562,5241
2023-03-20 12:20:25,37,40,1562,5241
2023-03-20 12:20:39,36,40,1562,5241
2023-03-20 12:20:39,38,40,1562,5241
2023-03-20 12:20:41,36,40,1562,5241
2023-03-20 12:20:41,38,40,1562,5241
2023-03-20 12:20:56,36,40,1562,5241
2023-03-20 12:20:57,37,40,1562,5241
2023-03-20 12:21:09,37,39,1562,5241
2023-03-20 12:21:24,36,39,1562,5241
2023-03-20 12:21:24,36,40,1562,5241
2023-03-20 12:21:24,38,40,1562,5241
2023-03-20 12:21:41,36,40,1562,5241
2023-03-20 12:21:41,37,40,1562,5241
2023-03-20 12:21:41,37,39,1562,5241
2023-03-20 12:21:49,36,39,1562,5241
2023-03-20 12:21:49,36,40,1562,5241
2023-03-20 12:21:49,37,40,1562,5241
2023-03-20 12:21:59,36,40,1562,5241
2023-03-20 12:22:00,38,40,1562,5241
2023-03-20 12:22:06,36,40,1562,5241
2023-03-20 12:22:06,37,40,1562,5241
2023-03-20 12:22:21,36,40,1562,5241
2023-03-20 12:22:21,36,39,1562,5241
2023-03-20 12:22:25,36,40,1562,5241
2023-03-20 12:22:25,37,40,1562,5241
2023-03-20 12:22:38,36,40,1562,5241
2023-03-20 12:22:38,37,40,1562,5241
2023-03-20 12:22:54,36,40,1562,5241
2023-03-20 12:22:54,37,40,1562,5241
2023-03-20 12:23:08,36,40,1562,5241
2023-03-20 12:23:08,37,40,1562,5241
2023-03-20 12:23:12,36,40,1562,5241
2023-03-20 12:23:12,36,39,1562,5241
2023-03-20 12:23:14,37,39,1562,5241
2023-03-20 12:23:17,37,40,1562,5241
2023-03-20 12:23:21,36,40,1562,5241
2023-03-20 12:23:21,37,40,1562,5241
2023-03-20 12:23:25,37,39,1562,5241
2023-03-20 12:23:40,36,39,1562,5241
2023-03-20 12:23:40,36,40,1562,5241
2023-03-20 12:23:40,37,40,1562,5241
2023-03-20 12:23:48,36,40,1562,5241
2023-03-20 12:23:49,37,40,1562,5241
2023-03-20 12:24:06,36,40,1562,5241
2023-03-20 12:24:06,36,39,1562,5241
2023-03-20 12:24:21,36,40,1562,5241
2023-03-20 12:24:21,37,40,1562,5241
2023-03-20 12:24:31,36,40,1562,5241
2023-03-20 12:24:31,36,39,1562,5241
2023-03-20 12:24:46,36,40,1562,5241
2023-03-20 12:24:46,37,40,1562,5241
2023-03-20 12:25:02,36,40,1562,5241
2023-03-20 12:25:03,36,39,1562,5241
2023-03-20 12:25:04,36,40,1562,5241
2023-03-20 12:25:04,37,40,1562,5241
2023-03-20 12:25:17,36,40,1562,5241
2023-03-20 12:25:17,36,39,1562,5241
2023-03-20 12:25:27,36,40,1562,5241
2023-03-20 12:25:27,37,40,1562,5241
2023-03-20 12:25:43,36,40,1562,5241
2023-03-20 12:25:43,36,39,1562,5241
2023-03-20 12:25:58,36,40,1562,5241
2023-03-20 12:25:58,37,40,1562,5241
2023-03-20 12:26:03,36,40,1562,5241
2023-03-20 12:26:03,36,39,1562,5241
2023-03-20 12:26:07,37,39,1562,5241
2023-03-20 12:26:12,38,39,1562,5241
2023-03-20 12:26:28,38,40,1562,5241
2023-03-20 12:26:36,36,40,1562,5241
2023-03-20 12:26:36,38,40,1562,5241
2023-03-20 12:26:43,36,40,1562,5241
2023-03-20 12:26:43,37,40,1562,5241
2023-03-20 12:26:47,38,40,1562,5241
2023-03-20 12:26:57,37,40,1562,5241
2023-03-20 12:26:57,36,40,1562,5241
2023-03-20 12:26:58,38,40,1562,5241
2023-03-20 12:27:09,36,40,1562,5241
2023-03-20 12:27:09,38,40,1562,5241
2023-03-20 12:27:22,36,40,1562,5241
2023-03-20 12:27:23,37,40,1562,5241
2023-03-20 12:27:27,36,40,1562,5241
2023-03-20 12:27:27,38,40,1562,5241
2023-03-20 12:27:34,36,40,1562,5241
2023-03-20 12:27:35,37,40,1562,5241
2023-03-20 12:27:46,36,40,1562,5241
2023-03-20 12:27:46,38,40,1562,5241
2023-03-20 12:27:59,36,40,1562,5241
2023-03-20 12:27:59,37,40,1562,5241
2023-03-20 12:28:15,36,40,1562,5241
2023-03-20 12:28:15,36,39,1562,5241
2023-03-20 12:28:18,36,40,1562,5241
2023-03-20 12:28:18,36,39,1562,5241
2023-03-20 12:28:20,36,40,1562,5241
2023-03-20 12:28:21,37,40,1562,5241
2023-03-20 12:28:28,36,40,1562,5241
2023-03-20 12:28:28,37,40,1562,5241
2023-03-20 12:28:35,37,39,1562,5241
2023-03-20 12:28:42,36,39,1562,5241
2023-03-20 12:28:42,36,40,1562,5241
2023-03-20 12:28:43,37,40,1562,5241
2023-03-20 12:29:08,36,40,1562,5241
2023-03-20 12:29:08,37,40,1562,5241
2023-03-20 12:29:26,36,40,1562,5241
2023-03-20 12:29:26,37,40,1562,5241
2023-03-20 12:29:29,36,40,1562,5241
2023-03-20 12:29:30,37,40,1562,5241
2023-03-20 12:29:32,36,40,1562,5241
2023-03-20 12:29:32,37,40,1562,5241
2023-03-20 12:29:56,36,40,1562,5241
2023-03-20 12:29:56,36,39,1562,5241
2023-03-20 12:30:11,36,40,1562,5241
2023-03-20 12:30:12,36,39,1562,5241
2023-03-20 12:30:26,36,40,1562,5241
2023-03-20 12:30:26,36,39,1562,5241
2023-03-20 12:30:36,36,40,1562,5241
2023-03-20 12:30:36,36,38,1562,5241
2023-03-20 12:30:38,36,40,1562,5241
2023-03-20 12:30:39,37,40,1562,5241
2023-03-20 12:30:50,36,40,1562,5241
2023-03-20 12:30:51,36,38,1562,5241
2023-03-20 12:30:58,36,40,1562,5241
2023-03-20 12:30:58,36,38,1562,5241
2023-03-20 12:31:00,35,38,1562,5241
2023-03-20 12:31:05,35,39,1562,5241
2023-03-20 12:31:05,36,39,1562,5241
2023-03-20 12:31:12,35,39,1562,5241
2023-03-20 12:31:13,35,38,1562,5241
2023-03-20 12:31:27,35,39,1562,5241
2023-03-20 12:31:28,36,39,1562,5241
2023-03-20 12:31:29,35,39,1562,5241
2023-03-20 12:31:29,36,39,1562,5241
2023-03-20 12:31:44,35,39,1562,5241
2023-03-20 12:31:44,37,39,1562,5241
2023-03-20 12:31:54,37,38,1562,5241
2023-03-20 12:32:09,35,38,1562,5241
2023-03-20 12:32:09,35,39,1562,5241
2023-03-20 12:32:10,36,39,1562,5241
2023-03-20 12:32:16,35,39,1562,5241
2023-03-20 12:32:17,37,39,1562,5241
2023-03-20 12:32:24,35,39,1562,5241
2023-03-20 12:32:24,36,39,1562,5241
2023-03-20 12:32:32,35,39,1562,5241
2023-03-20 12:32:32,36,39,1562,5241
2023-03-20 12:32:47,35,39,1562,5241
2023-03-20 12:32:47,37,39,1562,5241
2023-03-20 12:33:01,35,39,1562,5241
2023-03-20 12:33:01,36,39,1562,5241
2023-03-20 12:33:14,37,39,1562,5241
2023-03-20 12:33:27,36,39,1562,5241
2023-03-20 12:33:27,35,39,1562,5241
2023-03-20 12:33:27,37,39,1562,5241
2023-03-20 12:33:41,35,39,1562,5241
2023-03-20 12:33:41,37,39,1562,5241
2023-03-20 12:33:44,37,40,1562,5241
2023-03-20 12:33:54,36,40,1562,5241
2023-03-20 12:33:54,38,40,1562,5241
2023-03-20 12:34:19,36,40,1562,5241
2023-03-20 12:34:19,37,40,1562,5241
2023-03-20 12:34:34,36,40,1562,5241
2023-03-20 12:34:34,36,39,1562,5241
2023-03-20 12:34:42,36,40,1562,5241
2023-03-20 12:34:42,37,40,1562,5241
2023-03-20 12:34:59,36,40,1562,5241
2023-03-20 12:34:59,37,40,1562,5241
2023-03-20 12:35:15,36,40,1562,5241
2023-03-20 12:35:16,37,40,1562,5241
2023-03-20 12:35:29,38,40,1562,5241
2023-03-20 12:35:38,37,40,1562,5241
2023-03-20 12:35:38,36,40,1562,5241
2023-03-20 12:35:38,37,40,1562,5241
2023-03-20 12:35:54,36,40,1562,5241
2023-03-20 12:35:54,37,40,1562,5241
2023-03-20 12:36:11,36,40,1562,5241
2023-03-20 12:36:11,37,40,1562,5241
2023-03-20 12:36:26,36,40,1562,5241
2023-03-20 12:36:26,37,40,1562,5241
2023-03-20 12:36:43,36,40,1562,5241
2023-03-20 12:36:43,38,40,1562,5241
2023-03-20 12:36:54,36,40,1562,5241
2023-03-20 12:36:54,37,40,1562,5241
2023-03-20 12:37:10,36,40,1562,5241
2023-03-20 12:37:10,37,40,1562,5241
2023-03-20 12:37:24,36,40,1562,5241
2023-03-20 12:37:25,37,40,1562,5241
2023-03-20 12:37:27,36,40,1562,5241
2023-03-20 12:37:27,36,39,1562,5241
2023-03-20 12:37:29,36,40,1562,5241
2023-03-20 12:37:29,37,40,1562,5241
2023-03-20 12:37:43,36,40,1562,5241
2023-03-20 12:37:43,36,39,1562,5241
2023-03-20 12:37:47,36,40,1562,5241
2023-03-20 12:37:47,37,40,1562,5241
2023-03-20 12:37:52,36,40,1562,5241
2023-03-20 12:37:53,38,40,1562,5241
2023-03-20 12:38:27,38,39,1562,5241
2023-03-20 12:38:28,38,40,1562,5241
2023-03-20 12:38:28,38,39,1562,5241
2023-03-20 12:38:30,38,39,1602,5281
2023-03-20 12:38:32,38,40,1602,5281
2023-03-20 12:38:37,38,39,1602,5281
2023-03-20 12:38:49,38,40,1602,5281
2023-03-20 12:38:54,38,40,1662,5341
2023-03-20 12:38:59,36,40,1662,5341
2023-03-20 12:39:00,37,40,1662,5341
2023-03-20 12:39:06,36,40,1662,5341
2023-03-20 12:39:07,37,40,1662,5341
2023-03-20 12:39:18,36,40,1662,5341
2023-03-20 12:39:18,36,39,1662,5341
2023-03-20 12:39:24,36,40,1662,5341
2023-03-20 12:39:24,37,40,1662,5341
2023-03-20 12:39:26,36,40,1662,5341
2023-03-20 12:39:26,36,39,1662,5341
2023-03-20 12:40:09,36,40,1662,5341
2023-03-20 12:40:09,37,40,1662,5341
2023-03-20 12:40:22,36,40,1662,5341
2023-03-20 12:40:22,36,39,1662,5341
2023-03-20 12:40:45,36,40,1662,5341
2023-03-20 12:40:45,36,39,1662,5341
2023-03-20 12:40:59,36,40,1662,5341
2023-03-20 12:41:00,36,39,1662,5341
2023-03-20 12:41:25,36,40,1662,5341
2023-03-20 12:41:25,36,39,1662,5341
2023-03-20 12:41:34,36,40,1662,5341
2023-03-20 12:41:34,37,40,1662,5341
2023-03-20 12:41:52,36,40,1662,5341
2023-03-20 12:41:52,36,39,1662,5341
2023-03-20 12:42:18,36,40,1662,5341
2023-03-20 12:42:18,37,40,1662,5341
2023-03-20 12:42:22,37,39,1662,5341
2023-03-20 12:42:24,36,39,1662,5341
2023-03-20 12:42:28,36,40,1662,5341
2023-03-20 12:42:28,36,39,1662,5341
2023-03-20 12:42:33,36,40,1662,5341
2023-03-20 12:42:33,36,39,1662,5341
2023-03-20 12:42:35,37,39,1662,5341
2023-03-20 12:42:42,36,39,1662,5341
2023-03-20 12:43:01,36,40,1662,5341
2023-03-20 12:43:01,36,39,1662,5341
2023-03-20 12:43:25,36,40,1662,5341
2023-03-20 12:43:25,37,40,1662,5341
2023-03-20 12:43:38,36,40,1662,5341
2023-03-20 12:43:38,36,41,1662,5341
2023-03-20 12:43:38,38,41,1662,5341
2023-03-20 12:43:40,39,41,1662,5341
2023-03-20 12:43:42,38,41,1662,5341
2023-03-20 12:43:51,36,41,1662,5341
2023-03-20 12:43:51,38,41,1662,5341
2023-03-20 12:44:26,36,41,1662,5341
2023-03-20 12:44:26,38,41,1662,5341
2023-03-20 12:44:30,36,41,1662,5341
2023-03-20 12:44:30,37,41,1662,5341
2023-03-20 12:44:30,37,40,1662,5341
2023-03-20 12:44:49,36,40,1662,5341
2023-03-20 12:44:49,36,41,1662,5341
2023-03-20 12:44:49,37,41,1662,5341
2023-03-20 12:44:49,37,40,1662,5341
2023-03-20 12:44:53,36,40,1662,5341
2023-03-20 12:44:53,36,41,1662,5341
2023-03-20 12:44:53,37,41,1662,5341
2023-03-20 12:44:53,37,40,1662,5341
2023-03-20 12:45:02,36,40,1662,5341
2023-03-20 12:45:02,36,41,1662,5341
2023-03-20 12:45:03,37,41,1662,5341
2023-03-20 12:45:03,37,40,1662,5341
2023-03-20 12:45:13,37,41,1662,5341
2023-03-20 12:45:14,37,40,1662,5341
2023-03-20 12:45:27,37,42,1662,5341
2023-03-20 12:45:27,37,40,1662,5341
2023-03-20 12:45:33,36,40,1662,5341
2023-03-20 12:45:33,36,42,1662,5341
2023-03-20 12:45:33,37,42,1662,5341
2023-03-20 12:45:33,37,40,1662,5341
2023-03-20 12:45:48,37,42,1662,5341
2023-03-20 12:45:49,38,42,1662,5341
2023-03-20 12:45:49,38,41,1662,5341
2023-03-20 12:45:57,37,41,1662,5341
2023-03-20 12:45:57,37,42,1662,5341
2023-03-20 12:45:58,37,40,1662,5341
2023-03-20 12:45:59,38,40,1662,5341
2023-03-20 12:46:10,37,40,1662,5341
2023-03-20 12:46:10,37,42,1662,5341
2023-03-20 12:46:10,39,42,1662,5341
2023-03-20 12:46:14,37,42,1662,5341
2023-03-20 12:46:14,38,42,1662,5341
2023-03-20 12:46:15,38,41,1662,5341
2023-03-20 12:46:20,37,41,1662,5341
2023-03-20 12:46:20,37,42,1662,5341
2023-03-20 12:46:20,39,42,1662,5341
2023-03-20 12:46:22,39,41,1662,5341
2023-03-20 12:46:37,38,41,1662,5341
2023-03-20 12:46:37,37,41,1662,5341
2023-03-20 12:46:37,37,42,1662,5341
2023-03-20 12:46:38,38,42,1662,5341
2023-03-20 12:46:38,38,41,1662,5341
2023-03-20 12:46:41,38,42,1662,5341
2023-03-20 12:46:41,38,41,1662,5341
2023-03-20 12:46:48,37,41,1662,5341
2023-03-20 12:46:48,37,42,1662,5341
2023-03-20 12:46:48,37,40,1662,5341
2023-03-20 12:47:04,37,42,1662,5341
2023-03-20 12:47:04,38,42,1662,5341
2023-03-20 12:47:04,38,40,1662,5341
2023-03-20 12:47:12,37,40,1662,5341
2023-03-20 12:47:12,37,42,1662,5341
2023-03-20 12:47:13,37,39,1662,5341
2023-03-20 12:47:17,36,39,1662,5341
2023-03-20 12:47:17,36,40,1662,5341
2023-03-20 12:47:17,37,40,1662,5341
2023-03-20 12:47:18,36,40,1662,5341
2023-03-20 12:47:18,36,39,1662,5341
2023-03-20 12:47:27,36,40,1662,5341
2023-03-20 12:47:28,37,40,1662,5341
2023-03-20 12:47:48,36,40,1662,5341
2023-03-20 12:47:48,37,40,1662,5341
2023-03-20 12:47:50,36,40,1662,5341
2023-03-20 12:47:51,36,39,1662,5341
2023-03-20 12:47:56,36,40,1662,5341
2023-03-20 12:47:56,37,40,1662,5341
2023-03-20 12:48:05,37,39,1662,5341
2023-03-20 12:48:07,35,39,1662,5341
2023-03-20 12:48:07,36,39,1662,5341
2023-03-20 12:48:09,38,39,1662,5341
2023-03-20 12:48:09,38,39,1502,5501
2023-03-20 12:48:14,36,39,1502,5501
2023-03-20 12:48:14,35,39,1502,5501
2023-03-20 12:48:14,35,40,1502,5501
2023-03-20 12:48:14,35,38,1502,5501
2023-03-20 12:48:28,35,40,1502,5501
2023-03-20 12:48:29,35,38,1502,5501
2023-03-20 12:48:36,35,38,1505,5504
2023-03-20 12:48:41,37,38,1505,5504
2023-03-20 12:48:43,37,40,1505,5504
2023-03-20 12:48:43,37,38,1505,5504
2023-03-20 12:48:45,37,40,1505,5504
2023-03-20 12:48:45,37,38,1505,5504
2023-03-20 12:48:54,37,38,1540,5539
2023-03-20 12:48:56,37,40,1540,5539
2023-03-20 12:48:56,37,41,1540,5539
2023-03-20 12:48:56,37,39,1540,5539
2023-03-20 12:49:01,36,39,1540,5539
2023-03-20 12:49:06,35,39,1540,5539
2023-03-20 12:49:06,35,41,1540,5539
2023-03-20 12:49:06,35,40,1540,5539
2023-03-20 12:49:06,35,38,1540,5539
2023-03-20 12:49:16,36,38,1540,5539
2023-03-20 12:49:19,36,40,1540,5539
2023-03-20 12:49:19,36,38,1540,5539
2023-03-20 12:49:31,36,41,1540,5539
2023-03-20 12:49:32,36,38,1540,5539
2023-03-20 12:49:34,36,40,1540,5539
2023-03-20 12:49:34,36,38,1540,5539
2023-03-20 12:49:49,36,40,1540,5539
2023-03-20 12:49:49,36,38,1540,5539
2023-03-20 12:49:50,36,41,1540,5539
2023-03-20 12:49:50,36,39,1540,5539
2023-03-20 12:49:52,36,38,1540,5539
2023-03-20 12:49:59,36,39,1540,5539
2023-03-20 12:49:59,36,41,1540,5539
2023-03-20 12:50:00,36,39,1540,5539
2023-03-20 12:50:11,36,41,1540,5539
2023-03-20 12:50:12,36,40,1540,5539
2023-03-20 12:50:12,36,38,1540,5539
2023-03-20 12:50:18,36,40,1540,5539
2023-03-20 12:50:18,36,38,1540,5539
2023-03-20 12:50:19,35,38,1540,5539
2023-03-20 12:50:21,37,38,1540,5539
2023-03-20 12:50:24,37,39,1540,5539
2023-03-20 12:50:24,37,38,1540,5539
2023-03-20 12:50:40,35,38,1540,5539
2023-03-20 12:50:40,35,39,1540,5539
2023-03-20 12:50:40,35,40,1540,5539
2023-03-20 12:50:41,35,38,1540,5539
2023-03-20 12:50:50,34,38,1540,5539
2023-03-20 12:50:50,34,39,1540,5539
2023-03-20 12:50:50,37,39,1540,5539
2023-03-20 12:50:52,35,37,1540,5659
2023-03-20 12:50:58,35,38,1540,5659
2023-03-20 12:50:58,34,38,1540,5659
2023-03-20 12:50:58,34,39,1540,5659
2023-03-20 12:50:59,34,37,1540,5659
2023-03-20 12:51:07,34,39,1540,5659
2023-03-20 12:51:07,34,35,1540,5659
2023-03-20 12:51:07,35,39,1540,5675
2023-03-20 12:51:07,35,38,1540,5675
2023-03-20 12:51:12,34,38,1540,5675
2023-03-20 12:51:12,34,39,1540,5675
2023-03-20 12:51:12,35,39,1540,5675
2023-03-20 12:51:12,35,38,1540,5675
2023-03-20 12:51:15,35,37,1540,5675
2023-03-20 12:51:16,35,36,1540,5675
2023-03-20 12:51:17,35,37,1540,5675
2023-03-20 12:51:19,33,37,1540,5675
2023-03-20 12:51:19,32,37,1540,5675
2023-03-20 12:51:20,33,37,1540,5675
2023-03-20 12:51:20,33,36,1540,5675
2023-03-20 12:51:23,34,36,1540,5675
2023-03-20 12:51:24,34,35,1540,5675
2023-03-20 12:51:33,34,37,1540,5675
2023-03-20 12:51:34,32,37,1540,5675
2023-03-20 12:51:34,34,37,1540,5675
2023-03-20 12:51:37,34,37,1540,5687
2023-03-20 12:51:49,32,37,1540,5687
2023-03-20 12:51:49,34,37,1540,5687
2023-03-20 12:51:50,34,36,1540,5687
2023-03-20 12:51:58,33,36,1540,5687
2023-03-20 12:51:58,33,37,1540,5687
2023-03-20 12:51:58,33,36,1540,5687
2023-03-20 12:52:07,32,36,1540,5687
2023-03-20 12:52:08,33,36,1540,5687
2023-03-20 12:52:22,32,36,1540,5687
2023-03-20 12:52:22,33,36,1540,5687
2023-03-20 12:52:24,32,36,1540,5687
2023-03-20 12:52:24,33,36,1540,5687
2023-03-20 12:52:29,32,36,1540,5687
2023-03-20 12:52:29,32,37,1540,5687
2023-03-20 12:52:29,32,36,1540,5687
2023-03-20 12:52:29,32,37,1540,5687
2023-03-20 12:52:29,32,35,1540,5687
2023-03-20 12:52:33,33,35,1540,5687
2023-03-20 12:52:36,33,37,1540,5687
2023-03-20 12:52:36,34,37,1540,5687
2023-03-20 12:52:37,34,37,1540,5689
2023-03-20 12:52:44,33,37,1540,5689
2023-03-20 12:52:45,33,36,1540,5689
2023-03-20 12:52:51,33,37,1540,5689
2023-03-20 12:52:51,34,37,1540,5689
2023-03-20 12:53:02,34,37,1540,5690
2023-03-20 12:53:07,33,37,1540,5690
2023-03-20 12:53:07,33,36,1540,5690
2023-03-20 12:53:12,33,37,1540,5690
2023-03-20 12:53:12,34,37,1540,5690
2023-03-20 12:53:28,33,37,1540,5690
2023-03-20 12:53:28,33,36,1540,5690
2023-03-20 12:53:45,33,37,1540,5690
2023-03-20 12:53:45,34,37,1540,5690
2023-03-20 12:54:00,33,37,1540,5690
2023-03-20 12:54:00,34,37,1540,5690
2023-03-20 12:54:06,33,37,1540,5690
2023-03-20 12:54:06,33,36,1540,5690
2023-03-20 12:54:18,33,37,1540,5690
2023-03-20 12:54:19,33,36,1540,5690
2023-03-20 12:54:22,34,36,1540,5690
2023-03-20 12:54:37,33,36,1540,5690
2023-03-20 12:54:37,33,37,1540,5690
2023-03-20 12:54:38,34,37,1540,5690
2023-03-20 12:54:52,33,37,1540,5690
2023-03-20 12:54:52,34,37,1540,5690
2023-03-20 12:55:09,33,37,1540,5690
2023-03-20 12:55:09,34,37,1540,5690
2023-03-20 12:55:24,33,37,1540,5690
2023-03-20 12:55:24,34,37,1540,5690
2023-03-20 12:55:39,33,37,1540,5690
2023-03-20 12:55:39,34,37,1540,5690
2023-03-20 12:55:52,33,37,1540,5690
2023-03-20 12:55:52,33,36,1540,5690
2023-03-20 12:55:58,34,36,1540,5690
2023-03-20 12:56:01,34,38,1540,5690
2023-03-20 12:56:02,34,36,1540,5690
2023-03-20 12:56:04,33,36,1540,5690
2023-03-20 12:56:04,33,35,1540,5690
2023-03-20 12:56:09,32,35,1540,5690
2023-03-20 12:56:09,32,34,1540,5690
2023-03-20 12:56:29,31,34,1540,5690
2023-03-20 12:56:29,31,35,1540,5690
2023-03-20 12:56:29,31,34,1540,5690
2023-03-20 12:56:35,31,36,1540,5690
2023-03-20 12:56:36,32,36,1540,5690
2023-03-20 12:56:36,32,35,1540,5690
2023-03-20 12:56:49,31,35,1540,5690
2023-03-20 12:56:49,31,36,1540,5690
2023-03-20 12:56:50,32,36,1540,5690
2023-03-20 12:56:50,32,35,1540,5690
2023-03-20 12:57:06,31,35,1540,5690
2023-03-20 12:57:06,31,36,1540,5690
2023-03-20 12:57:06,32,36,1540,5690
2023-03-20 12:57:06,32,35,1540,5690
2023-03-20 12:57:08,32,34,1540,5690
2023-03-20 12:57:13,31,34,1540,5690
2023-03-20 12:57:13,31,35,1540,5690
2023-03-20 12:57:14,32,35,1540,5690
2023-03-20 12:57:39,32,36,1540,5690
2023-03-20 12:57:39,32,35,1540,5690
2023-03-20 12:57:52,32,37,1540,5690
2023-03-20 12:57:53,32,36,1540,5690
2023-03-20 12:57:53,33,36,1540,5690
2023-03-20 12:58:10,32,36,1540,5690
2023-03-20 12:58:10,32,37,1540,5690
2023-03-20 12:58:10,32,35,1540,5690
2023-03-20 12:58:13,33,35,1540,5690
2023-03-20 12:58:21,33,35,1540,5692
2023-03-20 12:58:25,33,37,1540,5692
2023-03-20 12:58:25,33,36,1540,5692
2023-03-20 12:58:27,33,37,1540,5692
2023-03-20 12:58:27,34,37,1540,5692
2023-03-20 12:58:31,33,37,1540,5692
2023-03-20 12:58:32,33,36,1540,5692
2023-03-20 12:58:41,33,35,1540,5692
2023-03-20 12:59:07,33,37,1540,5692
2023-03-20 12:59:07,33,36,1540,5692
2023-03-20 12:59:31,33,37,1540,5692
2023-03-20 12:59:31,33,36,1540,5692
2023-03-20 12:59:31,33,37,1540,5692
2023-03-20 12:59:32,33,35,1540,5692
2023-03-20 13:00:24,34,35,1540,5692
2023-03-20 13:01:31,33,35,1540,5692
2023-03-20 13:02:09,34,35,1540,5692
2023-03-20 13:02:19,33,35,1540,5692
2023-03-20 13:02:40,32,35,1540,5692
2023-03-20 13:02:52,33,35,1540,5692
2023-03-20 13:02:56,32,35,1540,5692
2023-03-20 13:03:00,33,35,1540,5692
2023-03-20 13:03:18,32,35,1540,5692
2023-03-20 13:03:18,33,35,1540,5692
2023-03-20 13:03:49,32,35,1540,5692
2023-03-20 13:03:49,33,35,1540,5692
2023-03-20 13:03:52,33,34,1540,5692
2023-03-20 13:03:52,33,34,1540,5737
2023-03-20 13:03:54,32,34,1540,5737
2023-03-20 13:03:56,32,35,1540,5737
2023-03-20 13:03:56,32,34,1540,5737
2023-03-20 13:04:08,32,35,1540,5737
2023-03-20 13:04:22,33,35,1540,5737
2023-03-20 13:04:47,33,36,1540,5737
2023-03-20 13:05:08,33,37,1540,5737
2023-03-20 13:05:08,33,36,1540,5737
2023-03-20 13:05:11,33,37,1540,5737
2023-03-20 13:05:11,33,36,1540,5737
2023-03-20 13:05:39,33,35,1540,5737
2023-03-20 13:06:05,32,35,1347,5930
2023-03-20 13:06:05,32,33,1347,5930
2023-03-20 13:06:05,32,33,1144,6280
2023-03-20 13:06:07,32,34,1144,6280
2023-03-20 13:06:07,30,32,1144,6521
2023-03-20 13:06:07,30,31,1144,6521
2023-03-20 13:06:09,28,31,1144,6521
2023-03-20 13:06:11,28,30,1144,6521
2023-03-20 13:06:11,28,30,1144,6559
2023-03-20 13:06:14,29,30,1144,6559
2023-03-20 13:06:14,29,30,1144,6597
2023-03-20 13:06:17,29,30,1144,6712
2023-03-20 13:06:19,29,30,1152,6789
2023-03-20 13:06:30,28,30,1152,6789
2023-03-20 13:06:30,28,30,1163,6800
2023-03-20 13:06:31,29,30,1163,6800
2023-03-20 13:06:32,29,33,1163,6800
2023-03-20 13:06:32,29,32,1163,6800
2023-03-20 13:06:32,29,31,1163,6800
2023-03-20 13:06:32,29,31,1240,6877
2023-03-20 13:06:33,29,31,1278,6915
2023-03-20 13:06:48,28,29,1291,6928
2023-03-20 13:06:52,29,30,1291,6992
2023-03-20 13:06:59,28,30,1291,6992
2023-03-20 13:07:00,29,30,1291,6992
2023-03-20 13:07:02,29,30,1291,7192
2023-03-20 13:07:05,29,30,1394,7392
2023-03-20 13:07:09,29,30,1594,7592
2023-03-20 13:07:12,30,31,1646,7644
2023-03-20 13:07:21,29,31,1646,7644
2023-03-20 13:07:22,29,33,1646,7644
2023-03-20 13:07:23,31,33,1646,7644
2023-03-20 13:07:25,32,33,1646,7644
2023-03-20 13:07:39,31,32,1455,7835
2023-03-20 13:07:47,31,33,1455,7835
2023-03-20 13:07:50,32,33,1455,7835
2023-03-20 13:08:05,32,33,1455,7836
2023-03-20 13:08:12,32,33,1291,8036
2023-03-20 13:08:15,32,33,1291,8236
2023-03-20 13:08:23,32,33,1291,8436
2023-03-20 13:08:26,32,33,1291,8437
2023-03-20 13:08:26,31,32,1304,8520
2023-03-20 13:08:27,30,32,1304,8520
2023-03-20 13:08:27,29,32,1304,8520
2023-03-20 13:08:34,30,32,1304,8520
2023-03-20 13:08:42,31,32,1304,8520
2023-03-20 13:08:42,31,34,1304,8520
2023-03-20 13:08:53,32,34,1304,8520
2023-03-20 13:09:02,32,35,1304,8520
2023-03-20 13:09:03,32,34,1304,8520
2023-03-20 13:09:06,32,35,1304,8520
2023-03-20 13:09:20,32,34,1304,8520
2023-03-20 13:09:36,32,36,1304,8520
2023-03-20 13:09:36,32,34,1304,8520
2023-03-20 13:09:51,32,36,1304,8520
2023-03-20 13:09:51,32,34,1304,8520
2023-03-20 13:10:10,32,36,1304,8520
2023-03-20 13:10:10,32,34,1304,8520
2023-03-20 13:10:18,31,34,1304,8520
2023-03-20 13:10:19,31,35,1304,8520
2023-03-20 13:10:19,31,34,1304,8520
2023-03-20 13:10:26,31,35,1304,8520
2023-03-20 13:10:26,31,33,1304,8520
2023-03-20 13:10:34,31,35,1304,8520
2023-03-20 13:10:34,31,34,1304,8520
2023-03-20 13:10:42,31,35,1304,8520
2023-03-20 13:10:42,31,33,1304,8520
2023-03-20 13:10:57,31,34,1304,8520
2023-03-20 13:10:57,31,33,1304,8520
2023-03-20 13:11:10,31,34,1304,8520
2023-03-20 13:11:10,31,33,1304,8520
2023-03-20 13:11:17,31,34,1304,8520
2023-03-20 13:11:17,31,33,1304,8520
2023-03-20 13:11:32,31,34,1304,8520
2023-03-20 13:11:32,31,33,1304,8520
2023-03-20 13:11:36,31,34,1304,8520
2023-03-20 13:11:36,31,33,1304,8520
2023-03-20 13:11:40,31,34,1304,8520
2023-03-20 13:11:40,31,33,1304,8520
2023-03-20 13:12:06,31,34,1304,8520
2023-03-20 13:12:06,31,33,1304,8520
2023-03-20 13:12:15,31,34,1304,8520
2023-03-20 13:12:15,31,33,1304,8520
2023-03-20 13:12:27,31,34,1304,8520
2023-03-20 13:12:27,31,33,1304,8520
2023-03-20 13:12:41,31,34,1304,8520
2023-03-20 13:12:41,31,33,1304,8520
2023-03-20 13:12:50,31,34,1304,8520
2023-03-20 13:12:50,31,33,1304,8520
2023-03-20 13:12:56,31,34,1304,8520
2023-03-20 13:12:56,31,33,1304,8520
2023-03-20 13:12:57,30,33,1304,8520
2023-03-20 13:13:07,29,33,1304,8520
2023-03-20 13:13:10,29,34,1304,8520
2023-03-20 13:13:10,29,32,1304,8520
2023-03-20 13:13:22,29,34,1304,8520
2023-03-20 13:13:23,29,32,1304,8520
2023-03-20 13:13:25,29,34,1304,8520
2023-03-20 13:13:25,29,33,1304,8520
2023-03-20 13:13:25,29,31,1304,8520
2023-03-20 13:13:27,29,34,1304,8520
2023-03-20 13:13:27,29,32,1304,8520
2023-03-20 13:13:43,29,34,1304,8520
2023-03-20 13:13:43,29,32,1304,8520
2023-03-20 13:13:59,29,34,1304,8520
2023-03-20 13:13:59,29,32,1304,8520
2023-03-20 13:14:13,29,33,1304,8520
2023-03-20 13:14:13,29,32,1304,8520
2023-03-20 13:14:14,29,33,1304,8520
2023-03-20 13:14:14,29,31,1304,8520
2023-03-20 13:14:29,29,33,1304,8520
2023-03-20 13:14:30,29,31,1304,8520
2023-03-20 13:14:45,29,33,1304,8520
2023-03-20 13:14:45,29,32,1304,8520
2023-03-20 13:15:02,29,33,1304,8520
2023-03-20 13:15:02,29,31,1304,8520
2023-03-20 13:15:10,28,31,1304,8520
2023-03-20 13:15:13,28,32,1304,8520
2023-03-20 13:15:13,28,31,1304,8520
2023-03-20 13:15:19,28,30,1304,8520
2023-03-20 13:15:21,27,30,1304,8520
2023-03-20 13:15:41,26,30,1304,8520
2023-03-20 13:15:43,26,29,1304,8520
2023-03-20 13:16:06,26,31,1304,8520
2023-03-20 13:16:06,26,29,1304,8520
2023-03-20 13:16:08,26,30,1304,8520
2023-03-20 13:16:09,26,29,1304,8520
2023-03-20 13:16:20,27,29,1304,8520
2023-03-20 13:16:24,27,30,1304,8520
2023-03-20 13:16:24,27,29,1304,8520
2023-03-20 13:16:50,27,30,1304,8520
2023-03-20 13:16:50,27,29,1304,8520
2023-03-20 13:16:59,27,30,1304,8520
2023-03-20 13:16:59,27,29,1304,8520
2023-03-20 13:17:15,27,30,1304,8520
2023-03-20 13:17:22,27,29,1304,8520
2023-03-20 13:17:24,27,30,1304,8520
2023-03-20 13:17:25,27,29,1304,8520
2023-03-20 13:17:29,27,30,1304,8520
2023-03-20 13:17:29,27,29,1304,8520
2023-03-20 13:17:38,27,30,1304,8520
2023-03-20 13:17:39,27,29,1304,8520
2023-03-20 13:17:46,27,30,1304,8520
2023-03-20 13:18:02,27,31,1304,8520
2023-03-20 13:18:07,29,31,1304,8520
2023-03-20 13:18:12,29,32,1304,8520
2023-03-20 13:18:25,28,32,1304,8520
2023-03-20 13:18:33,28,31,1304,8520
2023-03-20 13:18:38,27,31,1304,8520
2023-03-20 13:18:59,28,31,1304,8520
2023-03-20 13:19:06,28,32,1304,8520
2023-03-20 13:19:06,28,31,1304,8520
2023-03-20 13:19:18,28,32,1304,8520
2023-03-20 13:19:28,28,31,1304,8520
2023-03-20 13:19:43,28,32,1304,8520
2023-03-20 13:19:43,28,31,1304,8520
2023-03-20 13:19:50,28,32,1304,8520
2023-03-20 13:19:50,28,31,1304,8520
2023-03-20 13:19:53,28,32,1304,8520
2023-03-20 13:19:54,28,31,1304,8520
2023-03-20 13:20:06,28,32,1304,8520
2023-03-20 13:20:06,28,30,1304,8520
2023-03-20 13:20:14,28,32,1304,8520
2023-03-20 13:20:14,28,31,1304,8520
2023-03-20 13:20:28,28,32,1304,8520
2023-03-20 13:20:28,28,31,1304,8520
2023-03-20 13:20:43,28,32,1304,8520
2023-03-20 13:20:43,28,31,1304,8520
2023-03-20 13:20:48,28,32,1304,8520
2023-03-20 13:20:48,28,31,1304,8520
2023-03-20 13:20:50,28,32,1304,8520
2023-03-20 13:21:10,28,31,1304,8520
2023-03-20 13:21:14,28,32,1304,8520
2023-03-20 13:21:15,28,31,1304,8520
2023-03-20 13:21:16,28,32,1304,8520
2023-03-20 13:21:16,28,31,1304,8520
2023-03-20 13:21:19,28,32,1304,8520
2023-03-20 13:21:19,29,32,1304,8520
2023-03-20 13:21:37,29,33,1304,8520
2023-03-20 13:21:37,29,32,1304,8520
2023-03-20 13:22:05,29,33,1304,8520
2023-03-20 13:22:08,30,33,1304,8520
2023-03-20 13:22:15,29,33,1304,8520
2023-03-20 13:22:18,29,32,1304,8520
2023-03-20 13:22:25,29,33,1304,8520
2023-03-20 13:22:25,29,32,1304,8520
2023-03-20 13:22:52,29,33,1304,8520
2023-03-20 13:22:52,29,32,1304,8520
2023-03-20 13:23:06,29,33,1304,8520
2023-03-20 13:23:06,29,32,1304,8520
2023-03-20 13:23:23,29,33,1304,8520
2023-03-20 13:23:23,29,31,1304,8520
2023-03-20 13:23:49,29,33,1304,8520
2023-03-20 13:24:06,29,32,1304,8520
2023-03-20 13:24:35,29,33,1304,8520
2023-03-20 13:24:35,29,32,1304,8520
2023-03-20 13:24:52,29,31,1304,8520
2023-03-20 13:25:08,29,32,1304,8520
2023-03-20 13:25:08,29,31,1304,8520
2023-03-20 13:25:13,29,32,1304,8520
2023-03-20 13:25:13,29,31,1304,8520
2023-03-20 13:25:24,29,32,1304,8520
2023-03-20 13:25:24,29,31,1304,8520
2023-03-20 13:25:24,29,30,1304,8520
2023-03-20 13:25:38,29,31,1304,8520
2023-03-20 13:25:38,29,30,1304,8520
2023-03-20 13:25:47,29,31,1304,8520
2023-03-20 13:25:47,29,30,1304,8520
2023-03-20 13:25:54,29,31,1304,8520
2023-03-20 13:25:59,29,30,1304,8520
2023-03-20 13:26:01,29,31,1304,8520
2023-03-20 13:26:14,29,30,1304,8520
2023-03-20 13:26:20,29,31,1304,8520
2023-03-20 13:26:22,29,30,1304,8520
2023-03-20 13:26:26,29,31,1304,8520
2023-03-20 13:26:26,29,30,1304,8520
2023-03-20 13:26:51,29,31,1304,8520
2023-03-20 13:26:51,29,30,1304,8520
2023-03-20 13:26:54,29,31,1304,8520
2023-03-20 13:26:54,29,30,1304,8520
2023-03-20 13:26:57,29,31,1304,8520
2023-03-20 13:27:16,29,30,1304,8520
2023-03-20 13:27:35,29,31,1304,8520
2023-03-20 13:27:38,29,30,1304,8520
2023-03-20 13:27:42,29,31,1304,8520
2023-03-20 13:27:42,29,30,1304,8520
2023-03-20 13:27:46,29,31,1304,8520
2023-03-20 13:27:53,29,32,1304,8520
2023-03-20 13:27:53,29,31,1304,8520
2023-03-20 13:27:56,29,32,1304,8520
2023-03-20 13:27:56,29,31,1304,8520
2023-03-20 13:28:05,31,33,1291,8553
2023-03-20 13:28:07,31,32,1291,8553
2023-03-20 13:28:09,31,33,1291,8553
2023-03-20 13:28:11,30,33,1291,8553
2023-03-20 13:28:38,30,34,1291,8553
2023-03-20 13:28:42,31,34,1291,8553
2023-03-20 13:28:58,30,34,1291,8553
2023-03-20 13:29:00,30,33,1291,8553
2023-03-20 13:29:07,30,34,1291,8553
2023-03-20 13:29:10,30,33,1291,8553
2023-03-20 13:29:22,30,34,1291,8553
2023-03-20 13:29:22,30,33,1291,8553
2023-03-20 13:29:31,30,34,1291,8553
2023-03-20 13:29:31,30,32,1291,8553
2023-03-20 13:29:47,30,34,1291,8553
