datetime,bid,ask,open_interest,volume
2023-03-20 09:30:24,10,16,394,804
2023-03-20 09:30:51,12,16,394,804
2023-03-20 09:30:53,12,23,394,804
2023-03-20 09:31:03,15,23,394,804
2023-03-20 09:31:03,15,19,394,804
2023-03-20 09:31:11,12,19,394,804
2023-03-20 09:31:11,12,21,394,804
2023-03-20 09:33:59,17,19,394,804
2023-03-20 09:34:24,12,19,394,804
2023-03-20 09:34:24,12,21,394,804
2023-03-20 09:34:24,17,21,394,804
2023-03-20 09:35:12,17,21,479,889
2023-03-20 09:35:13,18,21,479,889
2023-03-20 09:35:18,18,21,641,1051
2023-03-20 09:35:19,19,21,641,1051
2023-03-20 09:35:19,19,23,641,1051
2023-03-20 09:36:46,20,23,641,1051
2023-03-20 09:37:03,20,22,641,1051
2023-03-20 09:37:16,20,23,641,1051
2023-03-20 09:38:10,20,22,641,1051
2023-03-20 09:38:25,20,23,641,1051
2023-03-20 09:38:29,20,22,641,1051
2023-03-20 09:38:40,19,22,641,1051
2023-03-20 09:38:47,19,23,641,1051
2023-03-20 09:38:47,19,22,641,1051
2023-03-20 09:38:59,19,23,641,1051
2023-03-20 09:38:59,19,22,641,1051
2023-03-20 09:39:08,19,21,641,1051
2023-03-20 09:39:30,18,21,641,1051
2023-03-20 09:39:47,18,20,641,1051
2023-03-20 09:40:32,18,21,641,1051
2023-03-20 09:40:37,18,20,641,1051
2023-03-20 09:40:48,18,21,641,1051
2023-03-20 09:40:48,18,20,641,1051
2023-03-20 09:40:54,18,21,641,1051
2023-03-20 09:40:54,18,20,641,1051
2023-03-20 09:40:57,18,21,641,1051
2023-03-20 09:40:57,18,20,641,1051
2023-03-20 09:41:02,18,21,641,1051
2023-03-20 09:41:02,18,20,641,1051
2023-03-20 09:41:08,18,21,641,1051
2023-03-20 09:41:09,18,20,641,1051
2023-03-20 09:41:19,18,21,641,1051
2023-03-20 09:41:19,18,20,641,1051
2023-03-20 09:41:28,18,21,641,1051
2023-03-20 09:41:28,18,20,641,1051
2023-03-20 09:41:29,17,20,641,1051
2023-03-20 09:41:29,17,21,641,1051
2023-03-20 09:41:30,17,19,641,1051
2023-03-20 09:41:34,17,21,641,1051
2023-03-20 09:41:35,17,19,641,1051
2023-03-20 09:41:44,17,21,641,1051
2023-03-20 09:41:44,17,20,641,1051
2023-03-20 09:41:59,17,21,641,1051
2023-03-20 09:41:59,17,20,641,1051
2023-03-20 09:42:05,17,21,641,1051
2023-03-20 09:42:05,17,19,641,1051
2023-03-20 09:42:13,17,21,641,1051
2023-03-20 09:42:14,17,20,641,1051
2023-03-20 09:42:15,17,19,641,1051
2023-03-20 09:42:21,18,19,641,1051
2023-03-20 09:42:21,18,20,641,1051
2023-03-20 09:42:21,18,21,641,1051
2023-03-20 09:42:22,18,20,641,1051
2023-03-20 09:42:48,18,21,641,1051
2023-03-20 09:42:49,18,20,641,1051
2023-03-20 09:42:52,18,21,641,1051
2023-03-20 09:42:52,18,20,641,1051
2023-03-20 09:42:54,18,21,641,1051
2023-03-20 09:42:56,18,20,641,1051
2023-03-20 09:43:02,18,21,641,1051
2023-03-20 09:43:04,19,21,641,1051
2023-03-20 09:43:07,19,23,641,1051
2023-03-20 09:43:07,19,22,641,1051
2023-03-20 09:43:09,19,21,641,1051
2023-03-20 09:43:10,20,21,641,1051
2023-03-20 09:43:15,20,22,641,1051
2023-03-20 09:43:15,20,23,641,1051
2023-03-20 09:43:15,20,22,641,1051
2023-03-20 09:43:17,20,23,641,1051
2023-03-20 09:43:17,20,22,641,1051
2023-03-20 09:43:22,20,23,641,1051
2023-03-20 09:43:22,20,22,641,1051
2023-03-20 09:43:37,20,23,641,1051
2023-03-20 09:43:37,20,22,641,1051
2023-03-20 09:43:42,21,22,641,1051
2023-03-20 09:43:47,21,23,641,1051
2023-03-20 09:44:11,21,22,641,1051
2023-03-20 09:44:20,21,23,641,1051
2023-03-20 09:44:20,21,22,641,1051
2023-03-20 09:44:30,21,23,641,1051
2023-03-20 09:45:11,21,22,641,1051
2023-03-20 09:45:14,21,23,641,1051
2023-03-20 09:45:14,21,22,641,1051
2023-03-20 09:45:29,21,23,641,1051
2023-03-20 09:45:29,21,22,641,1051
2023-03-20 09:45:38,21,23,641,1051
2023-03-20 09:45:38,21,23,641,1131
2023-03-20 09:45:41,21,22,641,1131
2023-03-20 09:45:43,21,23,641,1131
2023-03-20 09:45:43,21,22,641,1131
2023-03-20 09:45:51,21,23,641,1131
2023-03-20 09:45:51,21,22,641,1131
2023-03-20 09:45:53,21,23,641,1131
2023-03-20 09:46:23,21,23,639,1133
2023-03-20 09:46:35,22,23,639,1133
2023-03-20 09:47:14,21,23,639,1133
2023-03-20 09:47:22,21,23,639,1134
2023-03-20 09:48:06,22,23,639,1134
2023-03-20 09:48:26,23,24,637,1136
2023-03-20 09:48:29,23,26,637,1136
2023-03-20 09:48:29,23,24,637,1136
2023-03-20 09:48:35,23,26,637,1136
2023-03-20 09:48:35,23,25,637,1136
2023-03-20 09:48:46,23,26,637,1136
2023-03-20 09:48:46,23,25,637,1136
2023-03-20 09:48:58,23,26,637,1136
2023-03-20 09:48:58,23,25,637,1136
2023-03-20 09:49:05,23,26,637,1136
2023-03-20 09:49:06,23,24,637,1136
2023-03-20 09:49:10,23,26,637,1136
2023-03-20 09:49:10,23,25,637,1136
2023-03-20 09:49:13,23,24,637,1136
2023-03-20 09:49:17,23,26,637,1136
2023-03-20 09:49:17,23,24,637,1136
2023-03-20 09:49:21,23,26,637,1136
2023-03-20 09:49:22,23,24,637,1136
2023-03-20 09:49:22,22,24,637,1136
2023-03-20 09:49:29,22,25,637,1136
2023-03-20 09:49:29,22,24,637,1136
2023-03-20 09:49:31,22,25,637,1136
2023-03-20 09:49:32,22,23,637,1136
2023-03-20 09:49:38,22,25,637,1136
2023-03-20 09:49:38,22,23,637,1136
2023-03-20 09:49:41,22,25,637,1136
2023-03-20 09:49:41,22,23,637,1136
2023-03-20 09:49:49,21,23,637,1136
2023-03-20 09:49:53,21,24,637,1136
2023-03-20 09:49:53,21,23,637,1136
2023-03-20 09:49:55,21,24,637,1136
2023-03-20 09:49:55,21,23,637,1136
2023-03-20 09:50:03,21,24,637,1136
2023-03-20 09:50:03,21,23,637,1136
2023-03-20 09:50:15,21,24,637,1136
2023-03-20 09:50:15,21,23,637,1136
2023-03-20 09:50:20,21,24,637,1136
2023-03-20 09:50:20,21,23,637,1136
2023-03-20 09:50:23,21,24,637,1136
2023-03-20 09:50:23,21,23,637,1136
2023-03-20 09:50:26,21,24,637,1136
2023-03-20 09:50:28,21,23,637,1136
2023-03-20 09:50:43,21,24,637,1136
2023-03-20 09:50:43,21,23,637,1136
2023-03-20 09:50:45,21,24,637,1136
2023-03-20 09:50:45,21,23,637,1136
2023-03-20 09:50:47,21,24,637,1136
2023-03-20 09:50:47,21,23,637,1136
2023-03-20 09:50:53,21,24,637,1136
2023-03-20 09:50:53,21,23,637,1136
2023-03-20 09:51:12,21,24,637,1136
2023-03-20 09:51:12,21,23,637,1136
2023-03-20 09:51:21,20,23,637,1136
2023-03-20 09:51:27,20,22,637,1136
2023-03-20 09:51:40,20,21,637,1136
2023-03-20 09:51:51,20,22,637,1136
2023-03-20 09:52:07,19,22,637,1136
2023-03-20 09:52:12,19,21,637,1136
2023-03-20 09:52:16,20,21,637,1136
2023-03-20 09:52:18,20,22,637,1136
2023-03-20 09:53:07,21,22,637,1136
2023-03-20 09:53:36,21,22,637,1138
2023-03-20 09:54:07,20,21,637,1139
2023-03-20 09:54:12,20,22,637,1139
2023-03-20 09:54:13,21,22,637,1139
2023-03-20 09:54:28,21,22,637,1144
2023-03-20 09:54:55,21,22,552,1229
2023-03-20 09:55:05,21,22,552,1235
2023-03-20 09:59:11,21,22,552,1236
2023-03-20 10:00:39,20,21,552,1242
2023-03-20 10:00:44,20,22,552,1242
2023-03-20 10:01:11,20,21,552,1242
2023-03-20 10:01:14,20,22,552,1242
2023-03-20 10:01:15,20,21,552,1242
2023-03-20 10:01:17,20,22,552,1242
2023-03-20 10:01:21,20,21,552,1242
2023-03-20 10:01:29,19,20,552,1247
2023-03-20 10:01:39,19,22,552,1247
2023-03-20 10:01:39,19,21,552,1247
2023-03-20 10:01:41,19,22,552,1247
2023-03-20 10:01:42,19,21,552,1247
2023-03-20 10:02:01,19,22,552,1247
2023-03-20 10:02:01,19,21,552,1247
2023-03-20 10:02:07,19,22,552,1247
2023-03-20 10:02:07,19,21,552,1247
2023-03-20 10:02:09,19,20,552,1247
2023-03-20 10:02:16,19,21,552,1247
2023-03-20 10:02:35,19,22,552,1247
2023-03-20 10:02:36,19,21,552,1247
2023-03-20 10:02:38,19,20,552,1247
2023-03-20 10:02:41,19,21,552,1247
2023-03-20 10:02:41,19,22,552,1247
2023-03-20 10:02:41,19,20,552,1247
2023-03-20 10:02:42,19,22,552,1247
2023-03-20 10:02:42,19,21,552,1247
2023-03-20 10:02:47,19,21,486,1321
2023-03-20 10:02:57,19,22,486,1321
2023-03-20 10:02:57,19,21,486,1321
2023-03-20 10:03:17,19,22,486,1321
2023-03-20 10:03:17,19,21,486,1321
2023-03-20 10:03:20,19,22,486,1321
2023-03-20 10:03:20,19,21,486,1321
2023-03-20 10:03:22,19,22,486,1321
2023-03-20 10:03:22,19,21,486,1321
2023-03-20 10:03:29,19,22,486,1321
2023-03-20 10:03:29,19,21,486,1321
2023-03-20 10:03:33,19,20,486,1321
2023-03-20 10:03:48,19,21,486,1321
2023-03-20 10:03:48,19,22,486,1321
2023-03-20 10:03:48,19,20,486,1321
2023-03-20 10:03:59,19,22,486,1321
2023-03-20 10:03:59,19,21,486,1321
2023-03-20 10:03:59,18,21,486,1321
2023-03-20 10:03:59,18,20,486,1321
2023-03-20 10:04:01,18,21,486,1321
2023-03-20 10:04:01,18,20,486,1321
2023-03-20 10:04:05,18,21,486,1321
2023-03-20 10:04:05,18,19,486,1321
2023-03-20 10:04:09,18,21,486,1321
2023-03-20 10:04:09,18,20,486,1321
2023-03-20 10:04:14,18,21,486,1321
2023-03-20 10:04:14,18,20,486,1321
2023-03-20 10:04:22,18,21,486,1321
2023-03-20 10:04:22,18,20,486,1321
2023-03-20 10:04:32,18,21,486,1321
2023-03-20 10:04:32,18,20,486,1321
2023-03-20 10:04:37,18,21,486,1321
2023-03-20 10:04:37,18,20,486,1321
2023-03-20 10:04:50,18,21,486,1321
2023-03-20 10:04:50,18,20,486,1321
2023-03-20 10:05:07,18,21,486,1321
2023-03-20 10:05:07,18,20,486,1321
2023-03-20 10:05:11,18,21,486,1321
2023-03-20 10:05:11,18,20,486,1321
2023-03-20 10:05:18,18,21,486,1321
2023-03-20 10:05:18,18,20,486,1321
2023-03-20 10:05:20,18,19,486,1321
2023-03-20 10:05:24,18,21,486,1321
2023-03-20 10:05:25,18,19,486,1321
2023-03-20 10:05:41,18,21,486,1321
2023-03-20 10:05:41,18,19,486,1321
2023-03-20 10:05:48,18,20,486,1321
2023-03-20 10:05:48,18,19,486,1321
2023-03-20 10:05:54,17,18,601,1449
2023-03-20 10:05:59,17,19,601,1449
2023-03-20 10:06:01,17,20,601,1449
2023-03-20 10:06:01,17,19,601,1449
2023-03-20 10:06:07,17,20,601,1449
2023-03-20 10:06:11,17,21,601,1449
2023-03-20 10:06:11,17,20,601,1449
2023-03-20 10:06:16,17,21,601,1449
2023-03-20 10:06:16,17,20,601,1449
2023-03-20 10:06:23,17,21,601,1449
2023-03-20 10:06:23,17,20,601,1449
2023-03-20 10:06:26,17,21,601,1449
2023-03-20 10:06:26,17,20,601,1449
2023-03-20 10:06:34,17,21,601,1449
2023-03-20 10:06:34,17,20,601,1449
2023-03-20 10:06:49,18,20,601,1449
2023-03-20 10:06:50,18,21,601,1449
2023-03-20 10:06:51,18,20,601,1449
2023-03-20 10:07:02,19,20,601,1449
2023-03-20 10:07:06,19,22,601,1449
2023-03-20 10:07:06,19,21,601,1449
2023-03-20 10:07:08,19,22,601,1449
2023-03-20 10:07:13,19,21,601,1449
2023-03-20 10:07:16,19,22,601,1449
2023-03-20 10:07:16,19,21,601,1449
2023-03-20 10:07:28,19,22,601,1449
2023-03-20 10:07:29,19,21,601,1449
2023-03-20 10:07:42,19,22,601,1449
2023-03-20 10:07:42,19,21,601,1449
2023-03-20 10:07:43,19,22,601,1449
2023-03-20 10:07:43,19,21,601,1449
2023-03-20 10:07:52,19,22,601,1449
2023-03-20 10:08:20,21,22,601,1449
2023-03-20 10:12:43,19,22,601,1449
2023-03-20 10:13:11,19,21,601,1449
2023-03-20 10:13:27,19,22,601,1449
2023-03-20 10:13:30,19,21,601,1449
2023-03-20 10:13:41,19,22,601,1449
2023-03-20 10:13:41,19,21,601,1449
2023-03-20 10:13:51,19,22,601,1449
2023-03-20 10:13:51,19,21,601,1449
2023-03-20 10:14:08,19,22,601,1449
2023-03-20 10:14:08,19,21,601,1449
2023-03-20 10:14:16,19,22,601,1449
2023-03-20 10:14:27,21,22,601,1449
2023-03-20 10:16:09,19,22,601,1449
2023-03-20 10:17:03,18,22,601,1449
2023-03-20 10:17:03,21,22,601,1449
2023-03-20 10:17:12,22,23,572,1478
2023-03-20 10:17:20,21,23,572,1478
2023-03-20 10:18:56,20,23,572,1478
2023-03-20 10:18:56,23,24,560,1606
2023-03-20 10:18:57,23,26,560,1606
2023-03-20 10:18:57,23,25,560,1606
2023-03-20 10:18:59,23,26,560,1606
2023-03-20 10:19:00,23,24,560,1606
2023-03-20 10:19:02,23,26,560,1606
2023-03-20 10:19:02,23,24,560,1606
2023-03-20 10:19:04,23,26,560,1606
2023-03-20 10:19:05,23,25,560,1606
2023-03-20 10:19:14,23,26,560,1606
2023-03-20 10:19:14,23,24,560,1606
2023-03-20 10:19:16,23,26,560,1606
2023-03-20 10:19:16,23,25,560,1606
2023-03-20 10:19:18,23,26,560,1606
2023-03-20 10:19:18,23,24,560,1606
2023-03-20 10:19:21,23,26,560,1606
2023-03-20 10:19:21,23,24,560,1606
2023-03-20 10:19:23,23,26,560,1606
2023-03-20 10:19:23,23,25,560,1606
2023-03-20 10:19:25,23,26,560,1606
2023-03-20 10:19:25,23,25,560,1606
2023-03-20 10:19:29,23,26,560,1606
2023-03-20 10:19:30,23,24,560,1606
2023-03-20 10:19:36,23,26,560,1606
2023-03-20 10:19:36,23,25,560,1606
2023-03-20 10:19:36,23,24,560,1606
2023-03-20 10:19:41,23,26,560,1606
2023-03-20 10:19:41,23,24,560,1606
2023-03-20 10:19:44,23,26,560,1606
2023-03-20 10:19:44,23,25,560,1606
2023-03-20 10:19:46,23,26,560,1606
2023-03-20 10:19:46,23,25,560,1606
2023-03-20 10:20:03,23,26,560,1606
2023-03-20 10:20:03,23,25,560,1606
2023-03-20 10:20:10,23,26,560,1606
2023-03-20 10:20:10,23,25,560,1606
2023-03-20 10:20:12,23,26,560,1606
2023-03-20 10:20:13,23,24,560,1606
2023-03-20 10:20:18,23,26,560,1606
2023-03-20 10:20:18,23,24,560,1606
2023-03-20 10:20:21,23,26,560,1606
2023-03-20 10:20:21,23,25,560,1606
2023-03-20 10:20:24,23,26,560,1606
2023-03-20 10:20:24,23,25,560,1606
2023-03-20 10:20:26,23,27,560,1606
2023-03-20 10:20:26,23,25,560,1606
2023-03-20 10:20:28,23,27,560,1606
2023-03-20 10:20:28,23,25,560,1606
2023-03-20 10:20:30,23,27,560,1606
2023-03-20 10:20:30,23,25,560,1606
2023-03-20 10:20:33,23,27,560,1606
2023-03-20 10:20:33,23,25,560,1606
2023-03-20 10:20:37,23,27,560,1606
2023-03-20 10:20:37,23,25,560,1606
2023-03-20 10:20:48,23,27,560,1606
2023-03-20 10:20:48,23,25,560,1606
2023-03-20 10:20:50,23,26,560,1606
2023-03-20 10:20:50,23,25,560,1606
2023-03-20 10:20:53,23,26,560,1606
2023-03-20 10:20:53,23,25,560,1606
2023-03-20 10:20:55,23,26,560,1606
2023-03-20 10:20:56,23,24,560,1606
2023-03-20 10:20:58,23,26,560,1606
2023-03-20 10:20:58,23,25,560,1606
2023-03-20 10:21:03,23,25,560,1610
2023-03-20 10:21:07,23,26,560,1610
2023-03-20 10:21:07,23,25,560,1610
2023-03-20 10:21:12,23,26,560,1610
2023-03-20 10:21:12,23,25,560,1610
2023-03-20 10:21:15,23,26,560,1610
2023-03-20 10:21:15,23,25,560,1610
2023-03-20 10:21:19,23,26,560,1610
2023-03-20 10:21:19,23,25,560,1610
2023-03-20 10:21:23,23,26,560,1610
2023-03-20 10:21:23,23,24,560,1610
2023-03-20 10:21:25,23,26,560,1610
2023-03-20 10:21:25,23,25,560,1610
2023-03-20 10:21:28,23,26,560,1610
2023-03-20 10:21:29,23,24,560,1610
2023-03-20 10:21:32,23,26,560,1610
2023-03-20 10:21:32,23,24,560,1610
2023-03-20 10:21:34,23,26,560,1610
2023-03-20 10:21:34,23,24,560,1610
2023-03-20 10:21:47,23,26,560,1610
2023-03-20 10:21:47,23,25,560,1610
2023-03-20 10:21:54,23,26,560,1610
2023-03-20 10:21:54,23,25,560,1610
2023-03-20 10:21:57,23,26,560,1610
2023-03-20 10:21:57,23,25,560,1610
2023-03-20 10:22:03,23,26,560,1610
2023-03-20 10:22:03,23,25,560,1610
2023-03-20 10:22:06,23,26,560,1610
2023-03-20 10:22:06,23,24,560,1610
2023-03-20 10:22:07,23,26,560,1610
2023-03-20 10:22:07,23,24,560,1610
2023-03-20 10:22:09,21,24,560,1610
2023-03-20 10:22:13,21,25,560,1610
2023-03-20 10:22:13,21,24,560,1610
2023-03-20 10:22:17,21,25,560,1610
2023-03-20 10:22:17,21,24,560,1610
2023-03-20 10:22:24,21,25,560,1610
2023-03-20 10:22:24,21,24,560,1610
2023-03-20 10:22:26,21,25,560,1610
2023-03-20 10:22:26,21,24,560,1610
2023-03-20 10:22:28,21,25,560,1610
2023-03-20 10:22:28,21,24,560,1610
2023-03-20 10:22:35,21,25,560,1610
2023-03-20 10:22:35,21,24,560,1610
2023-03-20 10:22:43,21,25,560,1610
2023-03-20 10:22:43,21,24,560,1610
2023-03-20 10:22:53,21,25,560,1610
2023-03-20 10:22:53,21,24,560,1610
2023-03-20 10:23:08,21,25,560,1610
2023-03-20 10:23:08,21,24,560,1610
2023-03-20 10:23:12,21,25,560,1610
2023-03-20 10:23:12,21,24,560,1610
2023-03-20 10:23:14,21,25,560,1610
2023-03-20 10:23:14,21,24,560,1610
2023-03-20 10:23:16,21,25,560,1610
2023-03-20 10:23:17,21,24,560,1610
2023-03-20 10:23:22,21,25,560,1610
2023-03-20 10:23:22,21,24,560,1610
2023-03-20 10:23:30,21,23,560,1610
2023-03-20 10:23:38,21,24,560,1610
2023-03-20 10:23:38,21,23,560,1610
2023-03-20 10:23:53,21,24,560,1610
2023-03-20 10:23:53,21,23,560,1610
2023-03-20 10:23:56,21,24,560,1610
2023-03-20 10:23:56,21,23,560,1610
2023-03-20 10:24:02,21,24,560,1610
2023-03-20 10:24:02,21,23,560,1610
2023-03-20 10:24:05,21,24,560,1610
2023-03-20 10:24:05,21,23,560,1610
2023-03-20 10:24:09,21,24,560,1610
2023-03-20 10:24:09,21,23,560,1610
2023-03-20 10:24:21,21,24,560,1610
2023-03-20 10:24:21,21,22,560,1610
2023-03-20 10:24:25,19,22,560,1610
2023-03-20 10:24:32,19,21,560,1610
2023-03-20 10:24:37,19,22,560,1610
2023-03-20 10:24:38,19,21,560,1610
2023-03-20 10:24:40,19,22,560,1610
2023-03-20 10:24:41,19,21,560,1610
2023-03-20 10:24:47,19,22,560,1610
2023-03-20 10:24:47,19,21,560,1610
2023-03-20 10:24:54,18,21,560,1610
2023-03-20 10:24:58,18,20,560,1610
2023-03-20 10:25:05,18,21,560,1610
2023-03-20 10:25:05,18,20,560,1610
2023-03-20 10:25:09,18,21,560,1610
2023-03-20 10:25:10,18,20,560,1610
2023-03-20 10:25:16,18,21,560,1610
2023-03-20 10:25:16,18,20,560,1610
2023-03-20 10:25:29,18,21,560,1610
2023-03-20 10:25:29,18,20,560,1610
2023-03-20 10:25:32,18,21,560,1610
2023-03-20 10:25:42,18,20,560,1610
2023-03-20 10:25:46,18,21,560,1610
2023-03-20 10:25:46,18,20,560,1610
2023-03-20 10:25:47,18,21,560,1610
2023-03-20 10:25:48,18,20,560,1610
2023-03-20 10:25:51,18,21,560,1610
2023-03-20 10:25:51,18,20,560,1610
2023-03-20 10:25:52,18,21,560,1610
2023-03-20 10:25:52,18,20,560,1610
2023-03-20 10:26:10,18,21,560,1610
2023-03-20 10:26:14,18,20,560,1610
2023-03-20 10:26:18,18,21,560,1610
2023-03-20 10:26:18,18,20,560,1610
2023-03-20 10:26:22,18,21,560,1610
2023-03-20 10:26:22,18,20,560,1610
2023-03-20 10:26:24,18,21,560,1610
2023-03-20 10:26:24,18,20,560,1610
2023-03-20 10:26:25,18,21,560,1610
2023-03-20 10:26:26,18,20,560,1610
2023-03-20 10:26:42,18,21,560,1610
2023-03-20 10:27:10,19,21,560,1610
2023-03-20 10:27:13,19,22,560,1610
2023-03-20 10:27:13,19,21,560,1610
2023-03-20 10:27:18,19,22,560,1610
2023-03-20 10:27:18,19,21,560,1610
2023-03-20 10:27:22,19,22,560,1610
2023-03-20 10:27:22,19,21,560,1610
2023-03-20 10:27:37,19,22,560,1610
2023-03-20 10:27:37,19,21,560,1610
2023-03-20 10:27:42,19,22,560,1610
2023-03-20 10:27:42,19,21,560,1610
2023-03-20 10:27:46,19,22,560,1610
2023-03-20 10:27:46,19,21,560,1610
2023-03-20 10:27:47,19,22,560,1610
2023-03-20 10:27:47,19,21,560,1610
2023-03-20 10:28:07,19,22,560,1610
2023-03-20 10:28:07,19,21,560,1610
2023-03-20 10:28:15,18,21,560,1610
2023-03-20 10:28:16,18,20,560,1610
2023-03-20 10:28:19,18,21,560,1610
2023-03-20 10:28:20,18,20,560,1610
2023-03-20 10:28:25,18,21,560,1610
2023-03-20 10:28:25,18,20,560,1610
2023-03-20 10:28:30,18,21,560,1610
2023-03-20 10:28:30,18,20,560,1610
2023-03-20 10:28:48,18,21,560,1610
2023-03-20 10:28:48,18,20,560,1610
2023-03-20 10:28:53,18,19,560,1610
2023-03-20 10:30:19,17,18,561,1611
2023-03-20 10:30:33,17,19,561,1611
2023-03-20 10:30:40,17,19,565,1615
2023-03-20 10:30:48,17,20,565,1615
2023-03-20 10:30:48,17,19,565,1615
2023-03-20 10:30:57,17,20,565,1615
2023-03-20 10:30:57,17,19,565,1615
2023-03-20 10:31:06,17,18,565,1615
2023-03-20 10:31:25,17,19,565,1615
2023-03-20 10:31:25,17,18,565,1615
2023-03-20 10:31:38,17,19,565,1615
2023-03-20 10:31:38,17,18,565,1615
2023-03-20 10:31:56,17,18,567,1617
2023-03-20 10:32:10,17,19,567,1617
2023-03-20 10:32:10,17,18,567,1617
2023-03-20 10:32:22,17,19,567,1617
2023-03-20 10:32:22,17,18,567,1617
2023-03-20 10:32:26,17,19,567,1617
2023-03-20 10:32:26,17,18,567,1617
2023-03-20 10:32:30,17,19,567,1617
2023-03-20 10:32:30,17,18,567,1617
2023-03-20 10:32:41,18,19,567,1647
2023-03-20 10:32:46,17,19,567,1647
2023-03-20 10:32:57,17,20,567,1647
2023-03-20 10:33:11,17,21,567,1647
2023-03-20 10:33:11,17,20,567,1647
2023-03-20 10:33:24,17,21,567,1647
2023-03-20 10:33:24,17,20,567,1647
2023-03-20 10:34:03,17,19,567,1647
2023-03-20 10:34:07,17,20,567,1647
2023-03-20 10:34:12,17,19,567,1647
2023-03-20 10:34:36,17,18,567,1647
2023-03-20 10:34:38,17,19,567,1647
2023-03-20 10:34:38,17,18,567,1647
2023-03-20 10:34:55,17,19,567,1647
2023-03-20 10:34:55,17,18,567,1647
2023-03-20 10:35:09,17,19,567,1647
2023-03-20 10:35:10,15,19,567,1651
2023-03-20 10:35:10,15,18,567,1651
2023-03-20 10:35:17,15,17,567,1651
2023-03-20 10:35:37,15,18,567,1651
2023-03-20 10:36:03,15,17,567,1651
2023-03-20 10:36:04,15,17,604,1729
2023-03-20 10:36:11,15,18,604,1729
2023-03-20 10:36:16,17,18,604,1729
2023-03-20 10:36:16,17,19,604,1729
2023-03-20 10:36:17,17,18,604,1729
2023-03-20 10:36:18,18,19,668,1849
2023-03-20 10:36:28,17,19,668,1849
2023-03-20 10:36:33,17,20,668,1849
2023-03-20 10:36:41,17,19,668,1849
2023-03-20 10:36:56,17,20,668,1849
2023-03-20 10:37:10,17,19,668,1849
2023-03-20 10:37:25,17,20,668,1849
2023-03-20 10:37:25,17,19,668,1849
2023-03-20 10:37:27,17,20,668,1849
2023-03-20 10:37:27,17,19,668,1849
2023-03-20 10:37:40,17,20,668,1849
2023-03-20 10:38:23,19,20,668,1849
2023-03-20 10:38:24,19,21,668,1849
2023-03-20 10:41:38,19,20,668,1849
2023-03-20 10:41:44,17,20,668,1849
2023-03-20 10:41:50,17,19,668,1849
2023-03-20 10:41:52,17,20,668,1849
2023-03-20 10:42:33,17,19,668,1849
2023-03-20 10:43:53,19,21,673,1854
2023-03-20 10:44:33,19,20,673,1854
2023-03-20 10:44:38,19,21,673,1854
2023-03-20 10:45:43,19,20,673,1854
2023-03-20 10:46:02,17,20,673,1854
2023-03-20 10:46:06,17,21,673,1854
2023-03-20 10:46:07,17,20,673,1854
2023-03-20 10:46:33,19,20,673,1854
2023-03-20 10:46:53,19,21,673,1854
2023-03-20 10:47:02,17,21,673,1854
2023-03-20 10:47:06,17,20,673,1854
2023-03-20 10:47:29,17,19,673,1854
2023-03-20 10:48:06,16,19,673,1854
2023-03-20 10:48:15,16,18,673,1854
2023-03-20 10:48:17,15,18,673,1854
2023-03-20 10:48:21,15,17,673,1854
2023-03-20 10:49:00,15,18,673,1854
2023-03-20 10:49:01,15,17,673,1854
2023-03-20 10:49:03,15,18,673,1854
2023-03-20 10:49:04,15,17,673,1854
2023-03-20 10:49:20,15,17,673,1860
2023-03-20 10:49:59,15,16,673,1860
2023-03-20 10:50:01,13,15,695,1982
2023-03-20 10:50:08,13,16,695,1982
2023-03-20 10:50:08,13,15,695,1982
2023-03-20 10:50:13,13,16,695,1982
2023-03-20 10:50:13,13,15,695,1982
2023-03-20 10:50:15,13,16,695,1982
2023-03-20 10:50:15,13,15,695,1982
2023-03-20 10:50:23,13,16,695,1982
2023-03-20 10:50:23,13,15,695,1982
2023-03-20 10:50:24,13,16,695,1982
2023-03-20 10:50:46,13,17,695,1982
2023-03-20 10:50:58,14,17,695,1982
2023-03-20 10:51:21,15,17,695,1982
2023-03-20 10:52:02,15,16,695,1982
2023-03-20 10:52:08,14,16,695,1982
2023-03-20 10:54:01,14,17,695,1982
2023-03-20 10:54:01,15,17,695,1982
2023-03-20 10:54:59,14,17,695,1982
2023-03-20 10:55:08,14,16,695,1982
2023-03-20 10:55:09,14,17,695,1982
2023-03-20 10:55:24,14,16,695,1982
2023-03-20 10:56:13,14,15,695,1982
2023-03-20 10:56:41,13,15,823,2110
2023-03-20 10:57:20,13,14,823,2110
2023-03-20 10:57:48,13,14,825,2112
2023-03-20 10:58:15,12,13,825,2182
2023-03-20 10:58:25,12,13,827,2184
2023-03-20 11:00:12,12,13,907,2264
2023-03-20 11:00:22,12,13,947,2304
2023-03-20 11:01:13,12,13,1022,2507
2023-03-20 11:01:30,11,12,1022,2510
2023-03-20 11:01:42,11,13,1022,2510
2023-03-20 11:01:51,11,12,1022,2510
2023-03-20 11:02:06,9,11,1172,2660
2023-03-20 11:02:12,9,11,1178,2666
2023-03-20 11:03:04,10,11,1178,2666
2023-03-20 11:03:08,9,11,1178,2666
2023-03-20 11:04:16,9,11,1179,2667
2023-03-20 11:05:29,9,10,1179,2667
2023-03-20 11:05:39,9,10,1182,2670
2023-03-20 11:06:14,9,10,1183,2671
2023-03-20 11:07:00,9,10,1187,2675
2023-03-20 11:10:16,9,11,1187,2675
2023-03-20 11:10:37,11,12,1294,2835
2023-03-20 11:10:38,9,11,1334,2875
2023-03-20 11:10:40,9,12,1334,2875
2023-03-20 11:10:43,10,12,1334,2875
2023-03-20 11:10:45,9,12,1334,2875
2023-03-20 11:10:47,10,12,1334,2875
2023-03-20 11:10:59,9,12,1334,2875
2023-03-20 11:11:18,10,12,1334,2875
2023-03-20 11:12:13,9,12,1334,2875
2023-03-20 11:13:13,10,12,1334,2875
2023-03-20 11:13:21,9,12,1334,2875
2023-03-20 11:13:31,10,12,1334,2875
2023-03-20 11:13:35,11,12,1334,2875
2023-03-20 11:13:41,11,12,1271,2938
2023-03-20 11:13:44,9,12,1271,2938
2023-03-20 11:13:46,10,12,1271,2938
2023-03-20 11:13:55,9,12,1271,2938
2023-03-20 11:14:10,10,12,1271,2938
2023-03-20 11:14:27,10,11,1271,2938
2023-03-20 11:14:43,9,11,1271,2938
2023-03-20 11:15:12,10,11,1271,2938
2023-03-20 11:15:43,9,11,1271,2938
2023-03-20 11:16:48,10,11,1271,2938
2023-03-20 11:18:06,10,11,1277,2944
2023-03-20 11:18:16,10,11,1279,2946
2023-03-20 11:19:29,9,11,1279,2946
2023-03-20 11:19:31,9,10,1279,2946
2023-03-20 11:20:35,9,10,1285,2952
2023-03-20 11:22:29,9,10,1325,2992
2023-03-20 11:22:30,9,10,1365,3032
2023-03-20 11:23:54,9,10,1367,3034
2023-03-20 11:25:39,9,10,1371,3038
2023-03-20 11:26:53,8,9,1431,3098
2023-03-20 11:27:34,8,9,1461,3128
2023-03-20 11:28:42,8,9,1689,3356
2023-03-20 11:28:42,7,9,1689,3356
2023-03-20 11:28:55,7,8,1689,3356
2023-03-20 11:29:01,7,9,1689,3356
2023-03-20 11:29:01,6,7,1817,3484
2023-03-20 11:29:06,6,9,1817,3484
2023-03-20 11:29:06,6,8,1817,3484
2023-03-20 11:29:07,6,9,1817,3484
2023-03-20 11:29:08,6,8,1817,3484
2023-03-20 11:29:12,6,7,1817,3484
2023-03-20 11:29:15,6,7,1818,3485
2023-03-20 11:29:20,6,7,2058,3725
2023-03-20 11:29:21,4,7,2058,3734
2023-03-20 11:29:26,4,6,2058,3734
2023-03-20 11:29:29,4,7,2058,3734
2023-03-20 11:29:29,4,6,2058,3734
2023-03-20 11:29:35,4,6,2088,3764
2023-03-20 11:29:39,4,7,2088,3764
2023-03-20 11:29:55,4,6,2088,3764
2023-03-20 11:29:57,4,7,2088,3764
2023-03-20 11:29:57,4,6,2088,3764
2023-03-20 11:29:57,4,6,2088,3766
2023-03-20 11:30:08,4,7,2088,3766
2023-03-20 11:30:11,4,6,2088,3766
2023-03-20 11:30:15,4,7,2088,3766
2023-03-20 11:30:25,4,6,2088,3766
2023-03-20 11:30:38,4,7,2088,3766
2023-03-20 11:31:09,4,6,2088,3766
2023-03-20 11:31:20,4,6,2089,3767
2023-03-20 11:31:20,4,7,2089,3767
2023-03-20 11:31:21,4,6,2089,3767
2023-03-20 11:31:22,4,7,2089,3767
2023-03-20 11:31:44,4,6,2089,3767
2023-03-20 11:32:01,4,7,2089,3767
2023-03-20 11:32:01,4,6,2089,3767
2023-03-20 11:32:06,4,7,2089,3767
2023-03-20 11:32:06,4,6,2089,3767
2023-03-20 11:32:08,4,7,2089,3767
2023-03-20 11:32:14,4,6,2089,3767
2023-03-20 11:32:21,4,7,2089,3767
2023-03-20 11:32:27,4,6,2089,3767
2023-03-20 11:32:43,4,7,2089,3767
2023-03-20 11:32:43,4,6,2089,3767
2023-03-20 11:32:46,4,7,2089,3767
2023-03-20 11:33:10,5,7,2089,3767
2023-03-20 11:33:11,4,7,2089,3767
2023-03-20 11:33:11,5,7,2089,3767
2023-03-20 11:33:16,4,7,2089,3767
2023-03-20 11:33:16,5,7,2089,3767
2023-03-20 11:33:30,5,7,2089,3867
2023-03-20 11:36:48,5,7,2091,3869
2023-03-20 11:37:49,6,7,2091,3869
2023-03-20 11:37:52,5,7,2091,3869
2023-03-20 11:38:24,6,7,2091,3869
2023-03-20 11:38:29,5,7,2091,3869
2023-03-20 11:39:00,5,7,2099,3877
2023-03-20 11:40:51,5,7,2102,3880
2023-03-20 11:41:21,5,6,2102,3880
2023-03-20 11:41:23,5,7,2102,3880
2023-03-20 11:41:23,5,6,2102,3880
2023-03-20 11:41:38,5,7,2102,3880
2023-03-20 11:41:38,5,6,2102,3880
2023-03-20 11:41:56,5,7,2102,3880
2023-03-20 11:42:17,5,7,2105,3883
2023-03-20 11:42:26,6,7,2105,3883
2023-03-20 11:42:27,5,7,2105,3883
2023-03-20 11:42:57,6,7,2105,3883
2023-03-20 11:42:59,5,7,2105,3883
2023-03-20 11:43:00,6,7,2105,3883
2023-03-20 11:43:31,7,8,2105,4042
2023-03-20 11:43:44,6,7,2105,4043
2023-03-20 11:43:46,7,8,2105,4044
2023-03-20 11:43:48,6,8,2105,4044
2023-03-20 11:44:06,7,8,2105,4044
2023-03-20 11:44:08,6,8,2105,4044
2023-03-20 11:44:16,5,8,2105,4044
2023-03-20 11:44:16,6,8,2105,4044
2023-03-20 11:44:17,5,8,2105,4044
2023-03-20 11:44:17,6,8,2105,4044
2023-03-20 11:44:27,5,8,2105,4044
2023-03-20 11:44:27,6,8,2105,4044
2023-03-20 11:44:40,5,8,2105,4044
2023-03-20 11:44:41,6,8,2105,4044
2023-03-20 11:44:49,5,8,2105,4044
2023-03-20 11:44:49,6,8,2105,4044
2023-03-20 11:44:55,5,8,2105,4044
2023-03-20 11:44:56,6,8,2105,4044
2023-03-20 11:45:11,5,8,2105,4044
2023-03-20 11:45:11,6,8,2105,4044
2023-03-20 11:45:11,7,8,2105,4044
2023-03-20 11:45:16,6,8,2105,4044
2023-03-20 11:45:16,7,8,2105,4044
2023-03-20 11:45:18,7,9,2105,4044
2023-03-20 11:45:31,6,9,2105,4044
2023-03-20 11:45:31,7,9,2105,4044
2023-03-20 11:45:36,6,9,2105,4044
2023-03-20 11:45:36,7,9,2105,4044
2023-03-20 11:45:41,6,9,2105,4044
2023-03-20 11:45:41,7,9,2105,4044
2023-03-20 11:45:44,6,9,2105,4044
2023-03-20 11:45:44,7,9,2105,4044
2023-03-20 11:45:48,6,9,2105,4044
2023-03-20 11:45:48,7,9,2105,4044
2023-03-20 11:45:49,6,9,2105,4044
2023-03-20 11:45:49,7,9,2105,4044
2023-03-20 11:45:51,6,9,2105,4044
2023-03-20 11:45:59,7,9,2105,4044
2023-03-20 11:46:05,6,9,2105,4044
2023-03-20 11:46:05,7,9,2105,4044
2023-03-20 11:46:09,6,9,2105,4044
2023-03-20 11:46:19,7,9,2105,4044
2023-03-20 11:46:24,6,9,2105,4044
2023-03-20 11:46:37,7,9,2105,4044
2023-03-20 11:46:46,6,9,2105,4044
2023-03-20 11:46:46,7,9,2105,4044
2023-03-20 11:47:13,6,9,2105,4044
2023-03-20 11:47:13,7,9,2105,4044
2023-03-20 11:47:19,6,9,2105,4044
2023-03-20 11:47:19,7,9,2105,4044
2023-03-20 11:47:27,6,9,2105,4044
2023-03-20 11:47:27,7,9,2105,4044
2023-03-20 11:47:37,7,9,2105,4076
2023-03-20 11:47:39,8,9,2105,4076
2023-03-20 11:47:51,8,9,2105,4081
2023-03-20 11:47:51,7,9,2105,4081
2023-03-20 11:48:00,8,9,2105,4081
2023-03-20 11:48:11,7,9,2105,4081
2023-03-20 11:48:11,8,9,2105,4081
2023-03-20 11:48:15,7,9,2105,4081
2023-03-20 11:48:16,8,9,2105,4081
2023-03-20 11:48:32,7,9,2105,4081
2023-03-20 11:48:33,8,9,2105,4081
2023-03-20 11:49:04,7,9,2105,4081
2023-03-20 11:49:04,8,9,2105,4081
2023-03-20 11:49:13,7,9,2105,4081
2023-03-20 11:49:13,8,9,2105,4081
2023-03-20 11:49:23,7,9,2105,4081
2023-03-20 11:49:23,8,9,2105,4081
2023-03-20 11:49:24,7,9,2105,4081
2023-03-20 11:49:25,8,9,2105,4081
2023-03-20 11:49:42,7,9,2105,4081
2023-03-20 11:49:43,8,9,2105,4081
2023-03-20 11:49:59,7,9,2105,4081
2023-03-20 11:49:59,8,9,2105,4081
2023-03-20 11:50:08,8,9,2105,4088
2023-03-20 11:50:14,7,9,2105,4088
2023-03-20 11:50:14,8,9,2105,4088
2023-03-20 11:50:23,9,10,2105,4098
2023-03-20 11:50:39,7,10,2105,4098
2023-03-20 11:50:39,8,10,2105,4098
2023-03-20 11:50:44,8,11,2105,4098
2023-03-20 11:51:04,7,11,2105,4098
2023-03-20 11:51:04,8,11,2105,4098
2023-03-20 11:51:05,7,11,2105,4098
2023-03-20 11:51:17,7,10,2105,4098
2023-03-20 11:51:24,8,10,2105,4098
2023-03-20 11:51:26,7,10,2105,4098
2023-03-20 11:51:27,8,10,2105,4098
2023-03-20 11:51:29,7,10,2105,4098
2023-03-20 11:51:29,8,10,2105,4098
2023-03-20 11:51:44,7,10,2105,4098
2023-03-20 11:51:44,8,10,2105,4098
2023-03-20 11:52:00,7,10,2105,4098
2023-03-20 11:52:00,8,10,2105,4098
2023-03-20 11:52:06,9,10,2105,4098
2023-03-20 11:52:25,8,10,2105,4098
2023-03-20 11:52:29,7,10,2105,4098
2023-03-20 11:52:29,8,10,2105,4098
2023-03-20 11:52:46,7,10,2105,4098
2023-03-20 11:52:46,8,10,2105,4098
2023-03-20 11:52:52,7,10,2105,4098
2023-03-20 11:52:52,8,10,2105,4098
2023-03-20 11:52:59,9,10,2105,4098
2023-03-20 11:53:05,8,10,2105,4098
2023-03-20 11:53:11,9,10,2105,4098
2023-03-20 11:53:12,8,10,2105,4098
2023-03-20 11:53:20,10,11,2105,4103
2023-03-20 11:53:27,8,11,2105,4103
2023-03-20 11:53:29,9,11,2105,4103
2023-03-20 11:53:30,10,11,2105,4103
2023-03-20 11:53:32,11,13,2105,4113
2023-03-20 11:53:34,11,14,2105,4113
2023-03-20 11:53:37,10,14,2105,4113
2023-03-20 11:53:39,10,13,2105,4113
2023-03-20 11:53:43,10,14,2105,4113
2023-03-20 11:53:46,11,14,2105,4113
2023-03-20 11:53:50,10,14,2105,4113
2023-03-20 11:53:50,10,13,2105,4113
2023-03-20 11:53:58,10,12,2105,4113
2023-03-20 11:53:59,10,12,2105,4122
2023-03-20 11:54:11,9,12,2105,4122
2023-03-20 11:54:12,10,12,2105,4122
2023-03-20 11:54:16,9,12,2105,4122
2023-03-20 11:54:16,10,12,2105,4122
2023-03-20 11:54:20,9,12,2105,4122
2023-03-20 11:54:20,10,12,2105,4122
2023-03-20 11:54:21,9,12,2105,4122
2023-03-20 11:54:22,10,12,2105,4122
2023-03-20 11:54:38,9,12,2105,4122
2023-03-20 11:54:38,10,12,2105,4122
2023-03-20 11:55:09,9,12,2105,4122
2023-03-20 11:55:09,10,12,2105,4122
2023-03-20 11:55:19,9,12,2105,4122
2023-03-20 11:55:19,10,12,2105,4122
2023-03-20 11:55:23,9,12,2105,4122
2023-03-20 11:55:28,10,12,2105,4122
2023-03-20 11:55:39,9,12,2105,4122
2023-03-20 11:55:39,10,12,2105,4122
2023-03-20 11:55:41,9,12,2105,4122
2023-03-20 11:55:41,10,12,2105,4122
2023-03-20 11:55:43,9,12,2105,4122
2023-03-20 11:56:18,10,12,2105,4122
2023-03-20 11:56:19,9,12,2105,4122
2023-03-20 11:56:23,10,12,2105,4122
2023-03-20 11:56:24,9,12,2105,4122
2023-03-20 11:56:32,9,13,2105,4122
2023-03-20 11:56:37,10,13,2105,4122
2023-03-20 11:57:01,11,13,2105,4122
2023-03-20 11:57:09,11,14,2105,4122
2023-03-20 11:57:11,12,14,2105,4122
2023-03-20 11:57:13,11,14,2105,4122
2023-03-20 11:57:13,13,14,2105,4122
2023-03-20 11:57:15,12,14,2105,4122
2023-03-20 11:57:15,11,14,2105,4122
2023-03-20 11:57:15,12,14,2105,4122
2023-03-20 11:57:16,11,14,2105,4122
2023-03-20 11:57:17,12,14,2105,4122
2023-03-20 11:57:17,13,14,2105,4122
2023-03-20 11:57:28,12,14,2105,4122
2023-03-20 11:57:28,13,14,2105,4122
2023-03-20 11:57:43,12,14,2105,4122
2023-03-20 11:57:43,13,14,2105,4122
2023-03-20 11:57:52,13,14,2105,4130
2023-03-20 11:57:53,12,14,2105,4130
2023-03-20 11:57:56,12,15,2105,4130
2023-03-20 11:57:59,13,15,2105,4130
2023-03-20 11:58:03,12,15,2105,4130
2023-03-20 11:58:03,13,15,2105,4130
2023-03-20 11:58:09,13,15,2028,4207
2023-03-20 11:58:11,12,15,2028,4207
2023-03-20 11:58:11,12,14,2028,4207
2023-03-20 11:58:13,12,15,2028,4207
2023-03-20 11:58:14,12,14,2028,4207
2023-03-20 11:58:16,12,15,2028,4207
2023-03-20 11:58:16,12,14,2028,4207
2023-03-20 11:58:29,12,15,2028,4207
2023-03-20 11:58:33,13,15,2028,4207
2023-03-20 11:58:34,13,14,2028,4207
2023-03-20 11:58:37,12,14,2028,4207
2023-03-20 11:58:37,12,15,2028,4207
2023-03-20 11:58:39,13,15,2028,4207
2023-03-20 11:58:41,12,15,2028,4207
2023-03-20 11:58:41,13,15,2028,4207
2023-03-20 11:58:47,12,15,2028,4207
2023-03-20 11:58:51,13,15,2028,4207
2023-03-20 11:58:56,12,15,2028,4207
2023-03-20 11:58:56,13,15,2028,4207
2023-03-20 11:58:58,12,15,2028,4207
2023-03-20 11:58:58,13,15,2028,4207
2023-03-20 11:59:06,12,15,2028,4207
2023-03-20 11:59:07,13,15,2028,4207
2023-03-20 11:59:13,13,16,2028,4207
2023-03-20 11:59:17,14,16,2028,4207
2023-03-20 11:59:24,13,16,2028,4207
2023-03-20 11:59:33,13,15,2028,4207
2023-03-20 11:59:38,14,15,2028,4207
2023-03-20 11:59:53,14,16,2028,4207
2023-03-20 12:00:12,14,15,2028,4207
2023-03-20 12:00:14,14,16,2028,4207
2023-03-20 12:00:37,14,16,2030,4209
2023-03-20 12:01:58,14,17,2030,4209
2023-03-20 12:01:58,14,17,2038,4217
2023-03-20 12:03:01,14,17,2045,4224
2023-03-20 12:03:04,14,15,2045,4224
2023-03-20 12:03:06,14,15,2045,4275
2023-03-20 12:03:06,13,15,2045,4275
2023-03-20 12:03:12,13,14,2045,4275
2023-03-20 12:03:14,13,15,2045,4275
2023-03-20 12:03:33,13,14,2045,4275
2023-03-20 12:03:40,13,15,2045,4275
2023-03-20 12:03:40,13,14,2045,4275
2023-03-20 12:03:40,13,15,2045,4275
2023-03-20 12:04:13,13,14,2045,4275
2023-03-20 12:04:24,14,15,2045,4284
2023-03-20 12:04:33,13,15,2045,4284
2023-03-20 12:04:33,14,15,2045,4284
2023-03-20 12:04:49,13,15,2045,4284
2023-03-20 12:05:27,13,15,2045,4287
2023-03-20 12:05:33,14,15,2045,4287
2023-03-20 12:05:41,13,15,2045,4287
2023-03-20 12:05:53,13,14,2045,4287
2023-03-20 12:05:54,13,15,2045,4287
2023-03-20 12:05:59,13,14,2045,4287
2023-03-20 12:06:02,13,15,2045,4287
2023-03-20 12:06:02,13,14,2045,4287
2023-03-20 12:06:04,13,14,2045,4327
2023-03-20 12:06:04,13,14,2045,4395
2023-03-20 12:06:07,13,15,2045,4395
2023-03-20 12:06:13,14,15,2045,4395
2023-03-20 12:06:27,14,16,2045,4395
2023-03-20 12:07:08,13,16,2045,4395
2023-03-20 12:07:16,13,15,2045,4395
2023-03-20 12:07:22,13,16,2045,4395
2023-03-20 12:07:22,14,16,2045,4395
2023-03-20 12:07:29,13,16,2045,4395
2023-03-20 12:07:33,14,16,2045,4395
2023-03-20 12:08:19,15,16,2045,4395
2023-03-20 12:08:20,16,17,1956,4523
2023-03-20 12:08:21,16,18,1956,4523
2023-03-20 12:08:49,17,18,1956,4523
2023-03-20 12:08:54,16,18,1956,4523
2023-03-20 12:09:10,17,18,1956,4523
2023-03-20 12:09:13,18,20,2084,4651
2023-03-20 12:09:19,17,20,2084,4651
2023-03-20 12:09:24,17,20,2084,4660
2023-03-20 12:09:37,19,20,2084,4660
2023-03-20 12:09:38,19,21,2084,4660
2023-03-20 12:11:01,20,21,2084,4660
2023-03-20 12:11:15,19,21,2084,4660
2023-03-20 12:11:33,21,22,2081,4663
2023-03-20 12:11:33,22,23,2081,4703
2023-03-20 12:11:36,21,22,2031,4753
2023-03-20 12:11:47,21,23,2031,4753
2023-03-20 12:11:54,20,23,2031,4753
2023-03-20 12:12:02,22,23,2031,4753
2023-03-20 12:12:03,22,24,2029,4835
2023-03-20 12:12:07,22,25,2029,4835
2023-03-20 12:12:07,22,27,2029,4835
2023-03-20 12:12:08,22,26,2029,4835
2023-03-20 12:12:08,22,25,2029,4835
2023-03-20 12:12:08,22,23,2029,4835
2023-03-20 12:12:11,22,27,2029,4835
2023-03-20 12:12:11,22,26,2029,4835
2023-03-20 12:12:13,22,27,2029,4835
2023-03-20 12:12:13,23,27,2029,4835
2023-03-20 12:12:13,23,26,2029,4835
2023-03-20 12:12:18,22,26,2029,4835
2023-03-20 12:12:18,22,27,2029,4835
2023-03-20 12:12:18,23,27,2029,4835
2023-03-20 12:12:30,23,25,2029,4835
2023-03-20 12:12:48,23,27,2029,4835
2023-03-20 12:12:48,23,26,2029,4835
2023-03-20 12:12:53,23,27,2029,4835
2023-03-20 12:12:58,24,27,2029,4835
2023-03-20 12:13:02,25,27,2029,4835
2023-03-20 12:13:14,24,27,2029,4835
2023-03-20 12:13:15,23,27,2029,4835
2023-03-20 12:13:16,24,27,2029,4835
2023-03-20 12:13:40,24,26,2029,4835
2023-03-20 12:13:46,24,26,2019,4845
2023-03-20 12:14:05,23,26,2019,4845
2023-03-20 12:14:18,22,26,2019,4845
2023-03-20 12:14:24,22,25,2019,4845
2023-03-20 12:14:29,22,24,2019,4845
2023-03-20 12:14:45,22,23,2019,4845
2023-03-20 12:14:50,21,23,2019,4845
2023-03-20 12:14:54,20,23,2019,4845
2023-03-20 12:14:54,21,23,2019,4845
2023-03-20 12:14:56,21,24,2019,4845
2023-03-20 12:14:58,21,23,2019,4845
2023-03-20 12:14:59,21,23,2019,4861
2023-03-20 12:15:02,20,23,2019,4861
2023-03-20 12:15:56,20,22,2019,4861
2023-03-20 12:16:00,20,23,2019,4861
2023-03-20 12:16:00,20,22,2019,4861
2023-03-20 12:16:00,19,22,2019,4861
2023-03-20 12:16:05,19,21,2019,4861
2023-03-20 12:16:19,18,21,2019,4861
2023-03-20 12:17:30,19,21,2019,4861
2023-03-20 12:17:31,18,21,2019,4861
2023-03-20 12:17:37,19,21,2019,4861
2023-03-20 12:17:49,18,21,2019,4861
2023-03-20 12:17:49,19,21,2019,4861
2023-03-20 12:17:54,19,20,2019,4861
2023-03-20 12:18:01,18,20,2019,4861
2023-03-20 12:18:16,19,20,2019,4861
2023-03-20 12:18:33,19,22,2019,4861
2023-03-20 12:18:34,18,22,2019,4861
2023-03-20 12:18:35,19,22,2019,4861
2023-03-20 12:18:37,19,22,2019,4865
2023-03-20 12:18:57,19,23,2019,4865
2023-03-20 12:18:57,20,23,2019,4865
2023-03-20 12:19:07,21,23,2019,4865
2023-03-20 12:19:13,21,24,2019,4865
2023-03-20 12:19:54,21,23,2019,4865
2023-03-20 12:20:01,19,23,2019,4865
2023-03-20 12:20:01,20,23,2019,4865
2023-03-20 12:20:01,20,22,2019,4865
2023-03-20 12:20:04,20,23,2019,4865
2023-03-20 12:20:07,19,23,2019,4865
2023-03-20 12:20:07,19,22,2019,4865
2023-03-20 12:20:14,19,23,2019,4865
2023-03-20 12:20:24,20,23,2019,4865
2023-03-20 12:20:43,20,22,2019,4865
2023-03-20 12:20:59,20,21,2019,4865
2023-03-20 12:21:11,20,22,2019,4865
2023-03-20 12:21:14,20,22,2019,4867
2023-03-20 12:21:23,20,23,2019,4867
2023-03-20 12:22:04,20,22,2019,4867
2023-03-20 12:22:05,19,22,2019,4867
2023-03-20 12:22:21,18,22,2019,4867
2023-03-20 12:22:21,19,22,2019,4867
2023-03-20 12:22:21,19,21,2019,4867
2023-03-20 12:22:24,18,21,2019,4867
2023-03-20 12:24:04,18,22,2019,4867
2023-03-20 12:24:06,18,21,2019,4867
2023-03-20 12:24:31,18,22,2019,4867
2023-03-20 12:24:53,19,22,2019,4867
2023-03-20 12:24:56,18,22,2019,4867
2023-03-20 12:25:02,19,22,2019,4867
2023-03-20 12:25:04,18,22,2019,4867
2023-03-20 12:25:04,19,22,2019,4867
2023-03-20 12:25:16,18,22,2019,4867
2023-03-20 12:25:17,19,22,2019,4867
2023-03-20 12:25:36,19,21,2019,4867
2023-03-20 12:25:43,18,21,2019,4867
2023-03-20 12:25:43,19,21,2019,4867
2023-03-20 12:25:44,20,21,2019,4867
2023-03-20 12:25:58,20,22,2019,4867
2023-03-20 12:26:34,20,23,2019,4867
2023-03-20 12:26:39,21,23,2019,4867
2023-03-20 12:26:47,20,23,2019,4867
2023-03-20 12:27:27,21,23,2019,4867
2023-03-20 12:27:54,20,23,2019,4867
2023-03-20 12:28:06,20,22,2019,4867
2023-03-20 12:28:13,20,21,2019,4867
2023-03-20 12:28:27,18,20,2019,4877
2023-03-20 12:28:35,18,21,2019,4877
2023-03-20 12:29:13,18,21,2019,4878
2023-03-20 12:30:00,18,20,2019,4878
2023-03-20 12:30:05,17,20,2019,4878
2023-03-20 12:30:54,17,19,2019,4878
2023-03-20 12:30:58,16,19,2019,4878
2023-03-20 12:31:09,16,18,2019,4878
2023-03-20 12:31:09,15,18,2019,4878
2023-03-20 12:31:26,15,19,2019,4878
2023-03-20 12:31:27,16,19,2019,4878
2023-03-20 12:31:28,16,18,2019,4878
2023-03-20 12:31:29,16,19,2019,4878
2023-03-20 12:32:03,17,19,2019,4878
2023-03-20 12:32:09,17,20,2019,4878
2023-03-20 12:32:10,18,20,2019,4878
2023-03-20 12:32:16,17,20,2019,4878
2023-03-20 12:33:58,17,18,2019,4878
2023-03-20 12:34:34,16,18,2019,4878
2023-03-20 12:34:42,15,18,2019,4878
2023-03-20 12:34:42,16,18,2019,4878
2023-03-20 12:34:59,15,18,2019,4878
2023-03-20 12:35:16,16,18,2019,4878
2023-03-20 12:35:38,17,18,2019,4878
2023-03-20 12:35:54,16,18,2019,4878
2023-03-20 12:36:32,16,19,2019,4878
2023-03-20 12:36:38,16,18,2019,4878
2023-03-20 12:36:39,17,18,2019,4878
2023-03-20 12:39:16,16,17,2034,4893
2023-03-20 12:39:22,16,19,2034,4893
2023-03-20 12:39:39,16,17,2034,4893
2023-03-20 12:39:45,16,19,2034,4893
2023-03-20 12:39:49,16,19,2034,4905
2023-03-20 12:40:57,16,18,2034,4905
2023-03-20 12:40:59,15,18,2034,4905
2023-03-20 12:41:04,15,16,2034,4905
2023-03-20 12:41:31,16,19,2034,4907
2023-03-20 12:41:34,15,19,2034,4907
2023-03-20 12:41:37,15,18,2034,4907
2023-03-20 12:41:47,15,19,2034,4907
2023-03-20 12:42:03,15,18,2034,4907
2023-03-20 12:42:11,15,19,2034,4907
2023-03-20 12:42:22,16,19,2034,4907
2023-03-20 12:42:31,15,19,2034,4907
2023-03-20 12:42:31,16,19,2034,4907
2023-03-20 12:42:35,15,19,2034,4907
2023-03-20 12:42:42,16,19,2034,4907
2023-03-20 12:42:44,15,19,2034,4907
2023-03-20 12:42:44,16,19,2034,4907
2023-03-20 12:43:01,15,19,2034,4907
2023-03-20 12:43:01,16,19,2034,4907
2023-03-20 12:43:07,16,18,2034,4907
2023-03-20 12:43:15,16,19,2034,4907
2023-03-20 12:43:16,15,19,2034,4907
2023-03-20 12:43:17,15,18,2034,4907
2023-03-20 12:43:25,15,19,2034,4907
2023-03-20 12:43:25,16,19,2034,4907
2023-03-20 12:43:37,17,19,2034,4907
2023-03-20 12:43:38,17,20,2034,4907
2023-03-20 12:43:51,17,19,2034,4907
2023-03-20 12:45:48,17,20,2034,4907
2023-03-20 12:45:51,17,20,2034,4910
2023-03-20 12:46:02,18,20,2034,4910
2023-03-20 12:46:04,18,21,2034,4910
2023-03-20 12:46:10,18,21,2034,4911
2023-03-20 12:46:26,18,20,2034,4911
2023-03-20 12:46:27,17,20,2034,4911
2023-03-20 12:47:10,17,19,2034,4911
2023-03-20 12:47:16,16,19,2034,4911
2023-03-20 12:47:17,16,18,2034,4911
2023-03-20 12:48:03,15,18,2034,4911
2023-03-20 12:48:04,15,17,2034,4911
2023-03-20 12:48:07,14,17,2034,4911
2023-03-20 12:48:09,14,15,2034,4911
2023-03-20 12:48:14,14,16,2034,4911
2023-03-20 12:48:36,14,17,2034,4911
2023-03-20 12:48:38,14,16,2034,4911
2023-03-20 12:48:39,14,17,2034,4911
2023-03-20 12:48:45,14,17,2034,4912
2023-03-20 12:48:59,14,16,2034,4912
2023-03-20 12:49:10,14,17,2034,4912
2023-03-20 12:49:25,14,16,2034,4912
2023-03-20 12:49:27,14,17,2034,4912
2023-03-20 12:50:04,14,16,2034,4912
2023-03-20 12:50:05,14,17,2034,4912
2023-03-20 12:50:08,14,16,2034,4912
2023-03-20 12:50:19,14,15,2034,4912
2023-03-20 12:50:22,14,15,2034,4926
2023-03-20 12:50:24,13,15,2034,4926
2023-03-20 12:50:26,13,14,2034,4926
2023-03-20 12:50:38,13,15,2034,4926
2023-03-20 12:50:43,13,14,2034,4926
2023-03-20 12:50:47,13,14,2034,4955
2023-03-20 12:50:48,12,14,2034,4955
2023-03-20 12:50:50,11,14,2034,4955
2023-03-20 12:50:50,10,14,2034,4955
2023-03-20 12:50:50,10,13,2034,4955
2023-03-20 12:50:50,10,12,2034,4955
2023-03-20 12:50:59,10,13,2034,4955
2023-03-20 12:50:59,11,13,2034,4955
2023-03-20 12:51:01,11,14,2034,4955
2023-03-20 12:51:07,10,14,2034,4955
2023-03-20 12:51:07,10,15,2034,4955
2023-03-20 12:51:07,10,14,2034,4955
2023-03-20 12:51:07,10,13,2034,4955
2023-03-20 12:51:12,10,14,2034,4955
2023-03-20 12:51:12,10,13,2034,4955
2023-03-20 12:51:12,10,12,2034,4955
2023-03-20 12:51:23,10,13,2034,4955
2023-03-20 12:51:23,10,12,2034,4955
2023-03-20 12:51:34,10,13,2034,4955
2023-03-20 12:51:34,10,12,2034,4955
2023-03-20 12:51:45,10,12,2046,4967
2023-03-20 12:51:49,10,13,2046,4967
2023-03-20 12:51:49,10,12,2046,4967
2023-03-20 12:51:58,10,13,2046,4967
2023-03-20 12:51:58,10,12,2046,4967
2023-03-20 12:52:05,10,11,2046,4967
2023-03-20 12:52:30,10,11,2048,4969
2023-03-20 12:53:23,10,11,2077,5051
2023-03-20 12:54:45,10,11,2079,5053
2023-03-20 12:54:53,10,11,2100,5074
2023-03-20 12:56:14,8,10,2101,5075
2023-03-20 12:56:16,8,9,2101,5075
2023-03-20 12:56:33,8,9,2171,5145
2023-03-20 12:56:34,8,9,2172,5146
2023-03-20 12:57:52,9,11,2349,5323
2023-03-20 12:57:53,9,10,2349,5323
2023-03-20 12:58:10,8,10,2349,5323
2023-03-20 12:58:10,8,11,2349,5323
2023-03-20 12:58:13,8,10,2349,5323
2023-03-20 12:58:23,9,10,2349,5323
2023-03-20 12:58:25,9,12,2349,5323
2023-03-20 12:58:25,9,11,2349,5323
2023-03-20 12:58:25,9,10,2349,5323
2023-03-20 12:58:27,9,12,2349,5323
2023-03-20 12:58:27,9,11,2349,5323
2023-03-20 12:58:31,9,12,2349,5323
2023-03-20 12:58:32,9,11,2349,5323
2023-03-20 12:58:34,9,12,2349,5323
2023-03-20 12:58:34,9,11,2349,5323
2023-03-20 12:58:39,8,11,2349,5323
2023-03-20 12:58:41,8,12,2349,5323
2023-03-20 12:58:41,8,10,2349,5323
2023-03-20 12:58:58,8,12,2349,5323
2023-03-20 12:58:58,8,11,2349,5323
2023-03-20 12:59:04,9,11,2349,5323
2023-03-20 12:59:06,9,12,2349,5323
2023-03-20 12:59:07,9,10,2349,5323
2023-03-20 12:59:31,9,11,2349,5323
2023-03-20 12:59:31,9,12,2349,5323
2023-03-20 12:59:32,9,11,2349,5323
2023-03-20 12:59:51,9,12,2349,5323
2023-03-20 12:59:52,9,10,2349,5323
2023-03-20 13:02:14,8,10,2349,5323
2023-03-20 13:03:22,9,10,2349,5323
2023-03-20 13:03:49,8,10,2349,5323
2023-03-20 13:03:52,8,10,2394,5368
2023-03-20 13:03:53,7,10,2394,5368
2023-03-20 13:04:08,7,9,2394,5368
2023-03-20 13:04:14,7,10,2394,5368
2023-03-20 13:04:14,7,11,2394,5368
2023-03-20 13:04:14,7,10,2394,5368
2023-03-20 13:04:26,7,10,2395,5369
2023-03-20 13:04:51,7,11,2395,5369
2023-03-20 13:04:52,7,10,2395,5369
2023-03-20 13:05:08,7,11,2395,5369
2023-03-20 13:05:08,7,10,2395,5369
2023-03-20 13:05:11,7,11,2395,5369
2023-03-20 13:05:16,7,10,2395,5369
2023-03-20 13:05:31,7,11,2395,5369
2023-03-20 13:05:31,7,10,2395,5369
2023-03-20 13:06:07,7,9,2395,5369
2023-03-20 13:06:07,7,8,2395,5369
2023-03-20 13:06:09,6,8,2395,5369
2023-03-20 13:06:11,6,7,2395,5369
2023-03-20 13:06:14,6,10,2395,5369
2023-03-20 13:06:14,6,9,2395,5369
2023-03-20 13:06:14,6,8,2395,5369
2023-03-20 13:07:16,6,8,2396,5370
2023-03-20 13:07:21,6,9,2396,5370
2023-03-20 13:08:35,6,9,2397,5371
2023-03-20 13:08:48,7,9,2397,5371
2023-03-20 13:08:56,7,9,2397,5379
2023-03-20 13:09:02,6,9,2397,5379
2023-03-20 13:09:03,7,9,2397,5379
2023-03-20 13:09:06,6,9,2397,5379
2023-03-20 13:09:20,7,9,2397,5379
2023-03-20 13:09:36,6,9,2397,5379
2023-03-20 13:09:36,7,9,2397,5379
2023-03-20 13:09:51,6,9,2397,5379
2023-03-20 13:09:51,7,9,2397,5379
2023-03-20 13:10:10,6,9,2397,5379
2023-03-20 13:10:10,7,9,2397,5379
2023-03-20 13:10:19,6,9,2397,5379
2023-03-20 13:10:19,7,9,2397,5379
2023-03-20 13:10:26,6,9,2397,5379
2023-03-20 13:10:32,7,9,2397,5379
2023-03-20 13:10:33,6,9,2397,5379
2023-03-20 13:11:15,7,9,2397,5379
2023-03-20 13:11:16,7,9,2398,5380
2023-03-20 13:13:10,7,8,2398,5380
2023-03-20 13:13:22,7,9,2398,5380
2023-03-20 13:13:22,7,8,2398,5380
2023-03-20 13:13:25,7,9,2398,5380
2023-03-20 13:13:27,7,8,2398,5380
2023-03-20 13:13:43,7,9,2398,5380
2023-03-20 13:14:13,7,8,2398,5380
2023-03-20 13:15:04,6,7,2398,5398
2023-03-20 13:15:11,6,8,2398,5398
2023-03-20 13:15:24,6,7,2398,5398
2023-03-20 13:15:50,5,6,2524,5524
2023-03-20 13:15:50,4,6,2524,5524
2023-03-20 13:16:05,4,7,2524,5524
2023-03-20 13:16:06,4,8,2524,5524
2023-03-20 13:16:06,4,7,2524,5524
2023-03-20 13:16:09,4,8,2524,5524
2023-03-20 13:16:09,4,6,2524,5524
2023-03-20 13:16:17,4,6,2525,5525
2023-03-20 13:16:22,4,7,2525,5525
2023-03-20 13:16:24,4,8,2525,5525
2023-03-20 13:16:24,4,7,2525,5525
2023-03-20 13:16:50,4,8,2525,5525
2023-03-20 13:16:50,4,7,2525,5525
2023-03-20 13:16:59,4,8,2525,5525
2023-03-20 13:16:59,4,7,2525,5525
2023-03-20 13:17:05,4,8,2525,5525
2023-03-20 13:17:05,4,7,2525,5525
2023-03-20 13:17:22,4,6,2525,5525
2023-03-20 13:17:30,4,7,2525,5525
2023-03-20 13:17:43,4,8,2525,5525
2023-03-20 13:17:43,4,7,2525,5525
2023-03-20 13:17:46,4,8,2525,5525
2023-03-20 13:17:46,4,7,2525,5525
2023-03-20 13:18:02,4,8,2525,5525
2023-03-20 13:18:02,4,7,2525,5525
2023-03-20 13:21:37,5,7,2525,5525
2023-03-20 13:22:05,4,7,2525,5525
2023-03-20 13:22:30,5,7,2525,5525
2023-03-20 13:25:24,4,5,2530,5530
2023-03-20 13:25:29,4,6,2530,5530
2023-03-20 13:25:31,4,7,2530,5530
2023-03-20 13:25:31,4,6,2530,5530
2023-03-20 13:25:33,4,5,2530,5530
2023-03-20 13:25:38,4,6,2530,5530
2023-03-20 13:26:20,4,5,2530,5530
2023-03-20 13:26:24,4,6,2530,5530
2023-03-20 13:26:24,4,5,2530,5530
2023-03-20 13:26:26,4,6,2530,5530
2023-03-20 13:27:14,4,5,2530,5530
2023-03-20 13:27:16,4,6,2530,5530
2023-03-20 13:27:16,4,5,2530,5530
2023-03-20 13:27:28,4,6,2530,5530
2023-03-20 13:27:38,4,5,2530,5530
2023-03-20 13:27:42,4,6,2530,5530
2023-03-20 13:28:11,4,7,2530,5530
2023-03-20 13:28:38,5,7,2530,5530
2023-03-20 13:28:42,4,7,2530,5530
2023-03-20 13:28:42,5,7,2530,5530
2023-03-20 13:28:58,4,7,2530,5530
2023-03-20 13:28:58,5,7,2530,5530
2023-03-20 13:29:00,5,7,2530,5532
2023-03-20 13:29:07,4,7,2530,5532
2023-03-20 13:29:42,4,5,2530,5532
2023-03-20 13:29:54,5,7,2530,5533
2023-03-20 13:30:17,4,7,2530,5533
2023-03-20 13:30:27,5,7,2530,5533
2023-03-20 13:30:35,4,7,2530,5533
2023-03-20 13:30:35,5,7,2530,5533
2023-03-20 13:30:42,4,7,2530,5533
2023-03-20 13:30:45,5,7,2530,5533
2023-03-20 13:30:47,4,7,2530,5533
2023-03-20 13:30:50,4,6,2530,5533
2023-03-20 13:31:18,5,6,2530,5533
2023-03-20 13:31:30,4,6,2530,5533
2023-03-20 13:32:25,4,5,2530,5533
2023-03-20 13:32:37,4,6,2530,5533
2023-03-20 13:32:51,4,5,2530,5533
2023-03-20 13:32:55,4,6,2530,5533
2023-03-20 13:33:05,4,5,2530,5533
2023-03-20 13:33:08,4,6,2530,5533
2023-03-20 13:33:08,4,5,2530,5533
2023-03-20 13:33:11,4,6,2530,5533
2023-03-20 13:33:12,4,5,2530,5533
2023-03-20 13:34:18,4,6,2530,5533
2023-03-20 13:34:23,4,5,2530,5533
2023-03-20 13:34:24,4,6,2530,5533
2023-03-20 13:34:25,4,5,2530,5533
2023-03-20 13:34:27,4,6,2530,5533
2023-03-20 13:34:33,4,5,2530,5533
2023-03-20 13:34:47,4,6,2530,5533
2023-03-20 13:35:06,4,7,2530,5533
2023-03-20 13:35:29,5,7,2530,5533
2023-03-20 13:35:40,4,7,2530,5533
2023-03-20 13:35:52,5,7,2530,5533
2023-03-20 13:36:04,5,7,2530,5833
2023-03-20 13:36:10,4,7,2530,5833
2023-03-20 13:36:28,5,7,2530,5833
2023-03-20 13:36:32,5,8,2530,5833
2023-03-20 13:36:32,6,8,2530,5833
2023-03-20 13:36:50,5,8,2530,5833
2023-03-20 13:37:00,5,7,2530,5833
2023-03-20 13:38:17,6,7,2530,5833
2023-03-20 13:39:49,5,7,2530,5858
2023-03-20 13:39:55,5,6,2530,5858
2023-03-20 13:40:00,5,7,2530,5858
2023-03-20 13:40:08,4,5,2535,5863
2023-03-20 13:40:10,4,6,2535,5863
2023-03-20 13:40:10,4,5,2535,5863
2023-03-20 13:40:38,4,5,2537,5865
2023-03-20 13:40:42,4,6,2537,5865
2023-03-20 13:40:42,4,5,2537,5865
2023-03-20 13:40:47,4,6,2537,5865
2023-03-20 13:40:47,4,7,2537,5865
2023-03-20 13:40:47,4,6,2537,5865
2023-03-20 13:40:50,4,7,2537,5865
2023-03-20 13:40:50,4,5,2537,5865
2023-03-20 13:40:53,4,6,2537,5865
2023-03-20 13:40:53,4,5,2537,5865
2023-03-20 13:41:09,4,6,2537,5865
2023-03-20 13:41:09,4,5,2537,5865
2023-03-20 13:41:24,4,6,2537,5865
2023-03-20 13:41:24,4,5,2537,5865
2023-03-20 13:42:07,4,5,2553,5881
2023-03-20 13:43:38,4,5,2553,5901
2023-03-20 13:45:57,4,5,2556,5904
2023-03-20 13:46:34,4,5,2561,5909
2023-03-20 13:47:43,3,5,2789,6137
2023-03-20 13:47:43,3,4,2789,6137
2023-03-20 13:48:09,3,5,2789,6137
2023-03-20 13:50:05,3,5,2798,6146
2023-03-20 13:53:24,3,5,2800,6148
2023-03-20 13:54:59,3,5,2974,6322
2023-03-20 13:59:12,3,4,2974,6322
2023-03-20 14:00:33,3,4,3000,6348
2023-03-20 14:00:33,3,4,3026,6374
2023-03-20 14:00:40,3,5,3026,6374
2023-03-20 14:01:42,3,4,3026,6374
2023-03-20 14:05:55,4,5,3026,6376
2023-03-20 14:06:07,3,5,3026,6376
2023-03-20 14:08:32,2,5,3122,6472
2023-03-20 14:08:37,3,5,3122,6472
2023-03-20 14:08:59,2,5,3122,6472
2023-03-20 14:09:18,3,5,3122,6472
2023-03-20 14:09:21,3,6,3122,6472
2023-03-20 14:09:27,4,6,3122,6472
2023-03-20 14:09:27,4,6,3098,6496
2023-03-20 14:09:27,5,6,3098,6496
2023-03-20 14:09:43,3,6,3098,6496
2023-03-20 14:09:43,4,6,3098,6496
2023-03-20 14:09:43,5,6,3098,6496
2023-03-20 14:10:30,6,9,2994,6600
2023-03-20 14:10:33,5,6,2928,6666
2023-03-20 14:10:42,5,9,2928,6666
2023-03-20 14:10:43,3,9,2928,6666
2023-03-20 14:10:45,3,5,2928,6666
2023-03-20 14:11:20,3,7,2928,6666
2023-03-20 14:11:20,3,8,2928,6666
2023-03-20 14:11:21,5,8,2928,6666
2023-03-20 14:11:27,3,8,2928,6666
2023-03-20 14:11:27,3,7,2928,6666
2023-03-20 14:11:27,3,5,2928,6666
2023-03-20 14:11:39,3,8,2928,6666
2023-03-20 14:11:54,3,6,2928,6666
2023-03-20 14:13:53,3,5,2928,6666
2023-03-20 14:13:57,3,5,2931,6669
2023-03-20 14:13:58,3,6,2931,6669
2023-03-20 14:13:59,3,5,2931,6669
2023-03-20 14:13:59,3,6,2931,6669
2023-03-20 14:14:03,3,6,2934,6672
2023-03-20 14:14:09,3,6,2936,6674
2023-03-20 14:14:11,3,5,2936,6674
2023-03-20 14:14:14,3,6,2936,6674
2023-03-20 14:14:16,3,6,2936,6674
2023-03-20 14:14:43,3,5,2936,6674
2023-03-20 14:14:48,3,6,2936,6674
2023-03-20 14:14:51,3,6,2938,6676
2023-03-20 14:14:53,3,5,2938,6676
2023-03-20 14:14:54,3,6,2938,6676
2023-03-20 14:15:34,3,5,2938,6676
2023-03-20 14:15:39,3,5,2961,6699
2023-03-20 14:15:39,3,5,2984,6722
2023-03-20 14:15:39,3,6,2984,6722
2023-03-20 14:15:55,3,6,2986,6724
2023-03-20 14:16:20,3,5,2986,6724
2023-03-20 14:16:21,3,6,2986,6724
2023-03-20 14:16:21,3,5,2986,6724
2023-03-20 14:16:21,3,6,2986,6724
2023-03-20 14:17:06,3,5,2986,6724
2023-03-20 14:17:20,3,5,2987,6725
2023-03-20 14:17:27,3,6,2987,6725
2023-03-20 14:18:05,3,5,2987,6725
2023-03-20 14:19:36,2,5,3020,6758
2023-03-20 14:19:36,2,4,3020,6758
2023-03-20 14:19:38,2,5,3020,6758
2023-03-20 14:20:56,2,4,3020,6758
2023-03-20 14:21:55,1,4,3020,6758
2023-03-20 14:21:55,1,3,3020,6758
2023-03-20 14:24:43,1,3,3020,6801
2023-03-20 14:25:13,1,3,3020,6802
2023-03-20 14:25:19,1,3,3020,6803
2023-03-20 14:25:26,1,3,3020,6804
2023-03-20 14:25:32,1,3,3020,6805
2023-03-20 14:25:38,1,3,3020,6806
2023-03-20 14:25:45,1,3,3020,6807
2023-03-20 14:26:28,1,3,3020,6815
2023-03-20 14:30:28,1,2,3020,6815
2023-03-20 14:30:28,1,2,3020,6817
2023-03-20 14:30:46,1,3,3020,6817
2023-03-20 14:30:49,1,2,3020,6833
2023-03-20 14:30:49,1,2,3020,6849
2023-03-20 14:30:49,1,3,3020,6849
2023-03-20 14:30:52,1,3,3020,6855
2023-03-20 14:31:31,1,3,3020,6866
2023-03-20 14:31:44,2,3,3020,6866
2023-03-20 14:31:48,2,3,3020,6866
2023-03-20 14:31:48,2,3,3065,6911
2023-03-20 14:31:49,2,4,3148,6994
2023-03-20 14:31:49,2,4,3148,7105
2023-03-20 14:31:49,2,3,3148,7105
2023-03-20 14:31:49,2,4,3148,7105
2023-03-20 14:31:57,1,4,3148,7105
2023-03-20 14:36:12,1,3,3148,7105
2023-03-20 14:37:36,1,2,3148,7105
2023-03-20 14:37:55,1,4,3248,7205
2023-03-20 14:37:55,1,3,3248,7205
2023-03-20 14:37:57,1,4,3248,7205
2023-03-20 14:37:59,1,3,3248,7205
2023-03-20 14:38:02,1,4,3248,7205
2023-03-20 14:39:23,2,4,3248,7205
2023-03-20 14:39:42,2,3,3248,7205
2023-03-20 14:39:48,2,4,3248,7205
2023-03-20 14:40:04,2,4,3248,7230
2023-03-20 14:40:39,2,3,3248,7230
2023-03-20 14:41:09,2,3,3250,7232
2023-03-20 14:41:51,2,4,3250,7232
2023-03-20 14:42:50,2,3,3250,7232
2023-03-20 14:43:20,1,3,3323,7305
2023-03-20 14:43:20,1,3,3323,7360
2023-03-20 14:43:20,1,3,3323,7417
2023-03-20 14:43:20,1,3,3323,7474
2023-03-20 14:44:24,1,2,3323,7474
2023-03-20 14:47:54,1,2,3321,7476
2023-03-20 14:50:20,1,2,3262,7535
2023-03-20 14:50:40,1,2,3262,7565
2023-03-20 14:51:48,0,1,3262,7625
2023-03-20 14:54:48,0,1,3287,7650
2023-03-20 15:02:13,1,2,3287,7668
2023-03-20 15:02:46,1,2,3287,7679
2023-03-20 15:05:55,1,2,3213,7753
2023-03-20 15:08:15,1,2,3213,7770
2023-03-20 15:09:30,1,2,3213,7771
2023-03-20 15:10:18,1,2,3213,7824
2023-03-20 15:10:18,1,2,3213,7877
2023-03-20 15:11:06,0,2,3213,7878
2023-03-20 15:13:27,1,2,3213,7878
2023-03-20 15:15:32,1,5,3213,7878
2023-03-20 15:15:32,1,6,3213,7878
2023-03-20 15:15:32,1,4,3213,7878
2023-03-20 15:15:33,1,6,3213,7878
2023-03-20 15:19:02,1,7,3213,7878
2023-03-20 15:19:02,1,6,3213,7878
2023-03-20 15:19:04,1,7,3213,7878
2023-03-20 15:19:06,1,6,3213,7878
2023-03-20 15:19:32,1,7,3213,7878
2023-03-20 15:19:33,1,6,3213,7878
2023-03-20 15:19:33,1,7,3213,7878
2023-03-20 15:19:33,1,6,3213,7878
2023-03-20 15:20:03,1,7,3213,7878
2023-03-20 15:20:20,1,7,3213,7878
2023-03-20 15:20:20,1,6,3213,7878
2023-03-20 15:20:23,1,6,3213,7890
2023-03-20 15:20:45,1,7,3213,7890
2023-03-20 15:20:51,1,6,3213,7890
2023-03-20 15:21:04,1,7,3213,7890
2023-03-20 15:21:04,1,6,3213,7890
2023-03-20 15:21:05,1,7,3213,7890
2023-03-20 15:21:05,1,6,3213,7890
2023-03-20 15:21:07,1,7,3213,7890
2023-03-20 15:21:24,1,6,3213,7890
2023-03-20 15:21:32,1,5,3213,7890
2023-03-20 15:21:37,1,4,3213,7890
2023-03-20 15:22:28,1,3,3213,7890
2023-03-20 15:22:41,1,4,3213,7890
2023-03-20 15:23:54,1,4,3213,7942
2023-03-20 15:23:55,1,3,3213,7942
2023-03-20 15:23:57,1,4,3213,7942
2023-03-20 15:24:34,1,3,3213,7942
2023-03-20 15:24:39,1,4,3213,7942
2023-03-20 15:25:10,1,4,3213,7943
2023-03-20 15:25:11,1,3,3213,7943
2023-03-20 15:25:12,1,4,3213,7943
2023-03-20 15:26:41,1,4,3213,7951
2023-03-20 15:27:01,1,3,3213,7951
2023-03-20 15:27:02,1,3,3213,7961
2023-03-20 15:27:02,1,4,3213,7961
2023-03-20 15:27:03,1,4,3213,7962
2023-03-20 15:27:49,1,4,3213,7979
2023-03-20 15:28:03,1,3,3213,7979
2023-03-20 15:28:07,1,4,3213,7979
2023-03-20 15:28:23,1,4,3213,7980
2023-03-20 15:28:49,1,3,3213,7980
2023-03-20 15:28:51,1,4,3213,7980
2023-03-20 15:29:12,1,3,3213,7980
2023-03-20 15:29:16,1,4,3213,7980
2023-03-20 15:29:37,1,3,3213,7980
2023-03-20 15:29:38,1,4,3213,7980
2023-03-20 15:29:52,1,3,3213,7980
2023-03-20 15:30:00,1,4,3213,7980
2023-03-20 15:30:13,1,3,3213,7980
2023-03-20 15:30:16,1,4,3213,7980
2023-03-20 15:30:16,1,3,3213,7980
2023-03-20 15:30:35,1,4,3213,7980
2023-03-20 15:30:35,1,3,3213,7980
2023-03-20 15:30:37,1,4,3213,7980
2023-03-20 15:31:19,0,4,3213,8148
2023-03-20 15:31:22,0,3,3213,8148
2023-03-20 15:31:48,0,4,3213,8148
2023-03-20 15:32:06,0,3,3213,8148
2023-03-20 15:32:26,0,4,3213,8148
2023-03-20 15:32:30,0,4,3213,8148
2023-03-20 15:33:41,0,4,3213,8148
2023-03-20 15:33:42,0,3,3213,8148
2023-03-20 15:33:59,0,4,3213,8148
2023-03-20 15:33:59,0,3,3213,8148
2023-03-20 15:34:01,0,4,3213,8148
2023-03-20 15:34:03,0,3,3213,8148
2023-03-20 15:34:04,0,4,3213,8148
2023-03-20 15:34:04,0,3,3213,8148
2023-03-20 15:34:05,0,4,3213,8148
2023-03-20 15:34:05,0,3,3213,8148
2023-03-20 15:34:10,0,4,3213,8148
2023-03-20 15:34:12,0,4,3213,8148
2023-03-20 15:34:28,0,4,3213,8148
2023-03-20 15:34:57,0,3,3213,8148
2023-03-20 15:35:00,0,4,3213,8148
2023-03-20 15:35:18,1,4,3213,8148
2023-03-20 15:35:34,1,4,3213,8172
2023-03-20 15:35:34,1,4,3213,8196
2023-03-20 15:35:34,1,3,3213,8196
2023-03-20 15:35:34,1,4,3213,8196
2023-03-20 15:35:47,1,3,3213,8196
2023-03-20 15:35:49,1,4,3213,8196
2023-03-20 15:35:50,1,4,3213,8196
2023-03-20 15:35:50,1,4,3213,8196
2023-03-20 15:35:54,1,3,3213,8196
2023-03-20 15:36:14,1,4,3213,8196
2023-03-20 15:36:23,1,4,3213,8196
2023-03-20 15:36:24,1,3,3213,8196
2023-03-20 15:36:25,1,4,3213,8196
2023-03-20 15:36:26,1,4,3213,8196
2023-03-20 15:36:26,1,3,3213,8196
2023-03-20 15:36:55,1,4,3213,8196
2023-03-20 15:36:55,1,3,3213,8196
2023-03-20 15:37:10,1,4,3213,8196
2023-03-20 15:37:25,1,3,3213,8196
2023-03-20 15:37:41,1,4,3213,8196
2023-03-20 15:37:57,1,3,3213,8196
2023-03-20 15:38:14,1,4,3213,8196
2023-03-20 15:38:26,1,4,3213,8196
2023-03-20 15:38:28,1,3,3213,8196
2023-03-20 15:38:30,1,4,3213,8196
2023-03-20 15:38:31,0,3,3213,8198
2023-03-20 15:38:55,0,4,3213,8198
2023-03-20 15:39:25,0,4,3213,8198
2023-03-20 15:39:25,0,3,3213,8198
2023-03-20 15:39:29,0,4,3213,8198
2023-03-20 15:40:03,0,3,3213,8198
2023-03-20 15:40:09,0,4,3213,8198
2023-03-20 15:40:09,0,3,3213,8198
2023-03-20 15:41:05,0,4,3213,8198
2023-03-20 15:41:26,0,3,3213,8198
2023-03-20 15:41:42,0,4,3213,8198
2023-03-20 15:43:51,0,3,3213,8198
2023-03-20 15:43:53,0,4,3213,8198
2023-03-20 15:44:44,0,3,3213,8198
2023-03-20 15:44:48,0,4,3213,8198
2023-03-20 15:45:15,0,3,3213,8198
2023-03-20 15:45:41,0,4,3213,8198
2023-03-20 15:45:52,0,3,3213,8198
2023-03-20 15:46:02,0,1,3213,8198
2023-03-20 15:49:19,0,4,3213,8203
2023-03-20 15:49:19,0,3,3213,8203
2023-03-20 15:49:20,0,4,3213,8203
2023-03-20 15:49:20,0,3,3213,8203
2023-03-20 15:49:22,0,4,3213,8203
2023-03-20 15:49:22,0,3,3213,8203
2023-03-20 15:49:30,0,4,3213,8203
2023-03-20 15:49:39,0,4,3213,8203
2023-03-20 15:49:41,0,4,3213,8203
2023-03-20 15:49:41,0,2,3213,8203
2023-03-20 15:52:33,0,1,3213,8203
