datetime,bid,ask,open_interest,volume
2023-03-27 09:30:32,5,9,1149,1149
2023-03-27 09:31:02,5,8,1149,1149
2023-03-27 09:31:49,6,8,1149,1149
2023-03-27 09:31:49,6,10,1149,1149
2023-03-27 09:32:10,6,8,1149,1149
2023-03-27 09:32:16,6,10,1149,1149
2023-03-27 09:33:23,6,11,1149,1149
2023-03-27 09:33:43,7,8,1149,1149
2023-03-27 09:33:53,5,8,1149,1149
2023-03-27 09:34:13,5,8,1152,1152
2023-03-27 09:35:01,5,7,1152,1152
2023-03-27 09:35:43,5,8,1152,1152
2023-03-27 09:36:53,6,8,1152,1152
2023-03-27 09:38:27,6,9,1152,1152
2023-03-27 09:39:07,7,9,1152,1152
2023-03-27 09:39:24,7,10,1152,1152
2023-03-27 09:39:41,7,9,1152,1152
2023-03-27 09:39:43,7,10,1152,1152
2023-03-27 09:40:01,6,10,1152,1152
2023-03-27 09:40:11,6,8,1152,1152
2023-03-27 09:41:20,5,8,1152,1152
2023-03-27 09:41:50,5,7,1152,1152
2023-03-27 09:42:11,5,6,1152,1152
2023-03-27 09:43:47,5,6,1159,1159
2023-03-27 09:43:47,5,6,1166,1166
2023-03-27 09:43:54,4,5,1169,1169
2023-03-27 09:44:04,4,5,1180,1180
2023-03-27 09:44:04,4,5,1191,1191
2023-03-27 09:44:05,3,5,1191,1191
2023-03-27 09:44:05,3,4,1191,1191
2023-03-27 09:44:06,3,4,1217,1217
2023-03-27 09:44:06,3,4,1243,1243
2023-03-27 09:46:31,3,4,1269,1269
2023-03-27 09:48:34,3,4,1294,1294
2023-03-27 09:48:34,3,4,1319,1319
2023-03-27 09:51:36,3,4,1322,1322
2023-03-27 09:53:51,3,4,1372,1372
2023-03-27 09:54:06,3,4,1422,1422
2023-03-27 09:57:12,3,4,1499,1499
2023-03-27 09:58:01,3,6,1499,1499
2023-03-27 09:59:08,3,5,1499,1499
2023-03-27 10:00:12,3,4,1499,1499
2023-03-27 10:17:13,3,5,1499,1499
2023-03-27 10:17:39,3,6,1499,1499
2023-03-27 10:18:52,3,5,1499,1499
2023-03-27 10:19:16,3,6,1499,1499
2023-03-27 10:19:17,3,5,1499,1499
2023-03-27 10:19:38,3,6,1499,1499
2023-03-27 10:19:38,3,5,1499,1499
2023-03-27 10:19:49,3,6,1499,1499
2023-03-27 10:19:49,3,5,1499,1499
2023-03-27 10:19:54,3,5,1595,1595
2023-03-27 10:20:16,3,6,1595,1595
2023-03-27 10:21:29,3,5,1595,1595
2023-03-27 10:22:36,3,4,1595,1595
2023-03-27 10:26:07,3,5,1595,1595
2023-03-27 10:29:17,4,5,1595,1595
2023-03-27 10:29:28,3,5,1595,1595
2023-03-27 10:29:28,4,5,1595,1595
2023-03-27 10:29:41,3,5,1595,1595
2023-03-27 10:29:41,4,5,1595,1595
2023-03-27 10:29:51,3,5,1595,1595
2023-03-27 10:29:51,4,5,1595,1595
2023-03-27 10:30:15,5,6,1496,1723
2023-03-27 10:30:17,5,7,1496,1723
2023-03-27 10:30:18,5,8,1496,1723
2023-03-27 10:30:19,5,7,1496,1723
2023-03-27 10:30:29,4,7,1496,1723
2023-03-27 10:30:41,3,7,1496,1723
2023-03-27 10:30:41,3,8,1496,1723
2023-03-27 10:30:42,5,8,1496,1723
2023-03-27 10:32:49,6,8,1496,1723
2023-03-27 10:33:16,5,8,1496,1723
2023-03-27 10:33:50,6,8,1496,1723
2023-03-27 10:34:15,5,8,1496,1723
2023-03-27 10:34:15,6,8,1496,1723
2023-03-27 10:34:27,5,8,1496,1723
2023-03-27 10:34:27,6,8,1496,1723
2023-03-27 10:34:39,5,8,1496,1723
2023-03-27 10:34:40,6,8,1496,1723
2023-03-27 10:34:41,7,8,1496,1723
2023-03-27 10:35:37,7,9,1496,1723
2023-03-27 10:35:40,7,10,1496,1723
2023-03-27 10:35:40,7,9,1496,1723
2023-03-27 10:35:49,7,10,1496,1723
2023-03-27 10:36:40,7,9,1496,1723
2023-03-27 10:36:50,7,10,1496,1723
2023-03-27 10:36:50,7,9,1496,1723
2023-03-27 10:37:16,7,10,1496,1723
2023-03-27 10:37:28,7,9,1496,1723
2023-03-27 10:37:33,7,8,1496,1723
2023-03-27 10:38:18,7,9,1496,1723
2023-03-27 10:38:26,7,10,1496,1723
2023-03-27 10:39:17,7,9,1496,1723
2023-03-27 10:39:28,7,10,1496,1723
2023-03-27 10:39:28,7,9,1496,1723
2023-03-27 10:39:40,7,10,1496,1723
2023-03-27 10:39:40,7,9,1496,1723
2023-03-27 10:39:44,7,8,1496,1723
2023-03-27 10:40:00,6,8,1496,1723
2023-03-27 10:40:54,5,6,1521,1748
2023-03-27 10:40:55,5,6,1686,1948
2023-03-27 10:40:57,6,8,1717,1979
2023-03-27 10:41:03,5,8,1717,1979
2023-03-27 10:41:28,6,8,1717,1979
2023-03-27 10:41:39,5,8,1717,1979
2023-03-27 10:42:15,5,7,1717,1979
2023-03-27 10:42:25,6,7,1717,1979
2023-03-27 10:44:46,5,7,1767,2029
2023-03-27 10:45:10,7,8,1767,2049
2023-03-27 10:45:19,5,8,1767,2049
2023-03-27 10:45:19,5,9,1767,2049
2023-03-27 10:45:19,5,10,1767,2049
2023-03-27 10:45:19,6,10,1767,2049
2023-03-27 10:45:29,5,10,1767,2049
2023-03-27 10:45:29,6,10,1767,2049
2023-03-27 10:45:29,6,9,1767,2049
2023-03-27 10:45:39,5,9,1767,2049
2023-03-27 10:45:39,5,10,1767,2049
2023-03-27 10:45:39,6,10,1767,2049
2023-03-27 10:45:39,6,9,1767,2049
2023-03-27 10:45:51,5,9,1767,2049
2023-03-27 10:45:51,5,10,1767,2049
2023-03-27 10:45:51,6,10,1767,2049
2023-03-27 10:45:51,6,9,1767,2049
2023-03-27 10:46:14,6,10,1767,2049
2023-03-27 10:46:15,6,9,1767,2049
2023-03-27 10:46:26,5,9,1767,2049
2023-03-27 10:46:26,5,10,1767,2049
2023-03-27 10:46:26,6,10,1767,2049
2023-03-27 10:46:26,6,9,1767,2049
2023-03-27 10:46:38,5,9,1767,2049
2023-03-27 10:46:38,5,10,1767,2049
2023-03-27 10:46:38,6,10,1767,2049
2023-03-27 10:46:38,6,9,1767,2049
2023-03-27 10:46:50,5,9,1767,2049
2023-03-27 10:46:50,5,10,1767,2049
2023-03-27 10:46:50,6,10,1767,2049
2023-03-27 10:46:50,6,9,1767,2049
2023-03-27 10:47:02,6,8,1767,2049
2023-03-27 10:47:13,5,8,1767,2049
2023-03-27 10:48:23,5,7,1767,2049
2023-03-27 10:48:27,6,7,1767,2049
2023-03-27 10:56:46,3,6,1767,2074
2023-03-27 10:57:15,3,7,1767,2074
2023-03-27 10:57:15,3,6,1767,2074
2023-03-27 10:57:26,3,7,1767,2074
2023-03-27 10:57:51,4,7,1767,2074
2023-03-27 10:58:16,3,7,1767,2074
2023-03-27 10:58:17,4,7,1767,2074
2023-03-27 10:58:25,5,7,1767,2074
2023-03-27 10:58:37,4,7,1767,2074
2023-03-27 10:58:37,5,7,1767,2074
2023-03-27 10:58:49,3,7,1767,2074
2023-03-27 10:58:49,4,7,1767,2074
2023-03-27 10:58:58,5,7,1767,2074
2023-03-27 10:59:06,5,8,1767,2129
2023-03-27 10:59:21,5,9,1767,2129
2023-03-27 10:59:27,5,10,1767,2129
2023-03-27 10:59:28,6,10,1767,2129
2023-03-27 10:59:28,6,9,1767,2129
2023-03-27 10:59:38,6,10,1767,2129
2023-03-27 10:59:38,6,9,1767,2129
2023-03-27 10:59:50,5,9,1767,2129
2023-03-27 10:59:50,5,10,1767,2129
2023-03-27 10:59:50,6,10,1767,2129
2023-03-27 10:59:50,6,9,1767,2129
2023-03-27 11:00:04,7,9,1767,2129
2023-03-27 11:00:17,7,10,1767,2129
2023-03-27 11:00:32,7,9,1767,2129
2023-03-27 11:04:02,9,10,1767,2154
2023-03-27 11:04:18,8,10,1767,2154
2023-03-27 11:04:40,8,11,1767,2154
2023-03-27 11:05:06,9,11,1767,2154
2023-03-27 11:05:56,9,12,1767,2154
2023-03-27 11:06:12,9,11,1767,2154
2023-03-27 11:07:17,11,12,1817,2204
2023-03-27 11:07:25,9,12,1817,2204
2023-03-27 11:07:44,10,12,1817,2204
2023-03-27 11:07:55,10,11,1817,2204
2023-03-27 11:09:01,10,12,1817,2204
2023-03-27 11:09:24,11,12,1817,2204
2023-03-27 11:09:26,11,13,1817,2204
2023-03-27 11:09:26,11,13,1817,2238
2023-03-27 11:09:26,11,12,1817,2238
2023-03-27 11:09:30,11,13,1817,2238
2023-03-27 11:09:32,11,12,1817,2238
2023-03-27 11:09:42,11,13,1817,2238
2023-03-27 11:09:43,11,12,1817,2238
2023-03-27 11:09:57,12,13,1848,2269
2023-03-27 11:09:58,12,13,1879,2300
2023-03-27 11:09:58,12,13,1942,2363
2023-03-27 11:09:58,12,13,1973,2394
2023-03-27 11:10:04,11,13,1973,2394
2023-03-27 11:10:22,11,14,2126,2547
2023-03-27 11:10:25,13,14,2126,2547
2023-03-27 11:10:41,12,14,2126,2547
2023-03-27 11:10:41,13,14,2126,2547
2023-03-27 11:10:49,13,16,2126,2547
2023-03-27 11:11:05,13,15,2126,2547
2023-03-27 11:11:10,12,15,2126,2547
2023-03-27 11:11:10,13,15,2126,2547
2023-03-27 11:11:22,12,15,2126,2547
2023-03-27 11:11:22,13,15,2126,2547
2023-03-27 11:11:28,12,15,2126,2547
2023-03-27 11:11:28,13,15,2126,2547
2023-03-27 11:11:38,12,15,2126,2547
2023-03-27 11:11:38,13,15,2126,2547
2023-03-27 11:11:52,12,15,2126,2547
2023-03-27 11:12:12,12,14,2126,2547
2023-03-27 11:12:23,11,14,2126,2547
2023-03-27 11:12:23,12,14,2126,2547
2023-03-27 11:12:27,12,13,2126,2547
2023-03-27 11:12:31,11,13,2126,2547
2023-03-27 11:12:31,12,13,2126,2547
2023-03-27 11:12:46,11,13,2126,2547
2023-03-27 11:13:04,11,12,2126,2547
2023-03-27 11:13:05,10,12,2126,2547
2023-03-27 11:13:05,11,12,2126,2547
2023-03-27 11:13:19,10,12,2126,2547
2023-03-27 11:14:24,10,12,2101,2572
2023-03-27 11:14:59,11,12,2101,2572
2023-03-27 11:15:51,10,12,2101,2572
2023-03-27 11:15:56,10,11,2101,2572
2023-03-27 11:16:29,10,12,2101,2572
2023-03-27 11:16:45,11,12,2101,2572
2023-03-27 11:17:00,10,12,2101,2572
2023-03-27 11:17:00,11,12,2101,2572
2023-03-27 11:17:16,10,12,2101,2572
2023-03-27 11:17:16,11,12,2101,2572
2023-03-27 11:17:30,10,12,2101,2572
2023-03-27 11:17:30,11,12,2101,2572
2023-03-27 11:17:41,10,12,2101,2572
2023-03-27 11:17:41,11,12,2101,2572
2023-03-27 11:17:56,10,12,2101,2572
2023-03-27 11:18:51,10,12,2102,2573
2023-03-27 11:18:52,11,12,2102,2573
2023-03-27 11:19:27,10,12,2102,2573
2023-03-27 11:19:27,11,12,2102,2573
2023-03-27 11:19:28,11,12,2102,2608
2023-03-27 11:19:28,11,12,2102,2639
2023-03-27 11:19:33,12,13,2102,2766
2023-03-27 11:19:48,11,13,2102,2766
2023-03-27 11:19:52,11,14,2102,2766
2023-03-27 11:19:52,11,13,2102,2766
2023-03-27 11:19:52,11,14,2102,2766
2023-03-27 11:20:37,11,15,2102,2766
2023-03-27 11:20:37,11,14,2102,2766
2023-03-27 11:20:46,11,13,2102,2766
2023-03-27 11:21:12,10,13,2102,2766
2023-03-27 11:21:44,10,12,2102,2766
2023-03-27 11:24:21,10,13,2102,2766
2023-03-27 11:25:09,10,12,2102,2766
2023-03-27 11:26:52,10,13,2102,2766
2023-03-27 11:27:14,11,13,2102,2766
2023-03-27 11:27:23,10,13,2102,2766
2023-03-27 11:29:08,10,12,2102,2766
2023-03-27 11:29:17,10,11,2102,2766
2023-03-27 11:29:26,10,12,2102,2766
2023-03-27 11:29:26,10,11,2102,2766
2023-03-27 11:31:58,9,11,2102,2791
2023-03-27 11:32:36,9,12,2102,2791
2023-03-27 11:32:45,9,11,2102,2791
2023-03-27 11:32:59,8,11,2102,2791
2023-03-27 11:33:06,8,10,2102,2791
2023-03-27 11:33:27,8,11,2102,2791
2023-03-27 11:33:27,8,10,2102,2791
2023-03-27 11:33:42,8,11,2102,2791
2023-03-27 11:33:58,8,10,2102,2791
2023-03-27 11:34:07,8,11,2102,2791
2023-03-27 11:34:46,9,11,2102,2791
2023-03-27 11:35:02,8,11,2102,2791
2023-03-27 11:36:19,8,11,2102,2794
2023-03-27 11:36:19,9,11,2102,2794
2023-03-27 11:37:04,9,12,2102,2794
2023-03-27 11:37:06,9,11,2102,2794
2023-03-27 11:37:21,9,12,2102,2794
2023-03-27 11:38:39,9,13,2102,2794
2023-03-27 11:38:39,9,12,2102,2794
2023-03-27 11:38:47,11,12,2102,2794
2023-03-27 11:38:55,11,13,2102,2794
2023-03-27 11:38:55,11,12,2102,2794
2023-03-27 11:39:05,11,13,2102,2794
2023-03-27 11:39:05,11,12,2102,2794
2023-03-27 11:39:19,9,12,2102,2794
2023-03-27 11:39:21,10,13,2102,2794
2023-03-27 11:39:21,10,12,2102,2794
2023-03-27 11:39:37,10,13,2102,2794
2023-03-27 11:39:37,10,12,2102,2794
2023-03-27 11:39:52,10,13,2102,2794
2023-03-27 11:39:52,10,12,2102,2794
2023-03-27 11:40:12,10,13,2102,2794
2023-03-27 11:40:12,10,12,2102,2794
2023-03-27 11:40:28,10,13,2102,2794
2023-03-27 11:40:28,10,12,2102,2794
2023-03-27 11:40:39,11,12,2102,2794
2023-03-27 11:40:42,11,13,2102,2794
2023-03-27 11:40:42,11,12,2102,2794
2023-03-27 11:40:57,11,13,2102,2794
2023-03-27 11:41:20,11,12,2102,2794
2023-03-27 11:41:28,11,13,2102,2794
2023-03-27 11:41:54,12,13,2102,2794
2023-03-27 11:42:12,12,14,2102,2794
2023-03-27 11:42:12,12,13,2102,2794
2023-03-27 11:42:21,11,13,2102,2922
2023-03-27 11:42:21,11,12,2102,2922
2023-03-27 11:42:21,12,14,2133,2953
2023-03-27 11:42:21,12,13,2133,2953
2023-03-27 11:42:21,12,13,2166,2986
2023-03-27 11:42:21,12,14,2166,2986
2023-03-27 11:42:23,12,15,2166,2986
2023-03-27 11:42:23,12,14,2166,2986
2023-03-27 11:42:30,11,14,2166,2986
2023-03-27 11:42:30,12,14,2166,2986
2023-03-27 11:42:35,13,14,2166,2986
2023-03-27 11:43:05,13,14,2141,3011
2023-03-27 11:43:42,13,14,2141,3042
2023-03-27 11:43:42,13,14,2141,3073
2023-03-27 11:44:17,12,14,2141,3073
2023-03-27 11:44:26,11,14,2141,3073
2023-03-27 11:44:51,11,13,2141,3073
2023-03-27 11:45:07,11,14,2141,3073
2023-03-27 11:45:08,11,13,2141,3073
2023-03-27 11:45:22,11,14,2141,3073
2023-03-27 11:45:22,11,13,2141,3073
2023-03-27 11:45:38,11,14,2141,3073
2023-03-27 11:45:52,11,13,2141,3073
2023-03-27 11:46:00,11,14,2141,3073
2023-03-27 11:47:12,11,13,2141,3073
2023-03-27 11:47:20,11,14,2141,3073
2023-03-27 11:47:21,11,13,2141,3073
2023-03-27 11:47:28,11,14,2141,3073
2023-03-27 11:47:28,11,13,2141,3073
2023-03-27 11:47:35,11,14,2141,3073
2023-03-27 11:47:35,11,13,2141,3073
2023-03-27 11:47:48,11,14,2141,3073
2023-03-27 11:47:48,11,13,2141,3073
2023-03-27 11:47:54,11,14,2141,3073
2023-03-27 11:48:00,11,13,2141,3073
2023-03-27 11:48:16,11,14,2141,3073
2023-03-27 11:48:16,11,13,2141,3073
2023-03-27 11:48:29,11,14,2141,3073
2023-03-27 11:48:30,11,13,2141,3073
2023-03-27 11:48:37,11,14,2141,3073
2023-03-27 11:49:15,11,13,2141,3073
2023-03-27 11:49:26,11,14,2141,3073
2023-03-27 11:49:26,11,13,2141,3073
2023-03-27 11:49:47,11,14,2141,3073
2023-03-27 11:50:26,12,14,2141,3073
2023-03-27 11:50:57,11,14,2141,3073
2023-03-27 11:51:07,12,14,2141,3073
2023-03-27 11:51:21,11,14,2141,3073
2023-03-27 11:51:22,12,14,2141,3073
2023-03-27 11:51:31,13,14,2141,3073
2023-03-27 11:51:53,11,14,2141,3073
2023-03-27 11:52:05,11,13,2141,3073
2023-03-27 11:52:35,12,13,2141,3073
2023-03-27 11:52:35,12,14,2141,3073
2023-03-27 11:52:37,13,14,2141,3073
2023-03-27 11:53:31,14,15,2166,3098
2023-03-27 11:53:46,13,15,2166,3098
2023-03-27 11:53:46,14,15,2166,3098
2023-03-27 11:53:48,15,16,2171,3123
2023-03-27 11:53:48,15,17,2171,3123
2023-03-27 11:53:48,15,16,2171,3123
2023-03-27 11:54:09,15,18,2171,3123
2023-03-27 11:54:09,15,19,2171,3123
2023-03-27 11:54:09,15,17,2171,3123
2023-03-27 11:54:16,15,18,2171,3123
2023-03-27 11:54:16,15,17,2171,3123
2023-03-27 11:54:31,15,18,2171,3123
2023-03-27 11:54:31,15,17,2171,3123
2023-03-27 11:54:46,15,18,2171,3123
2023-03-27 11:54:47,15,17,2171,3123
2023-03-27 11:55:05,15,19,2171,3123
2023-03-27 11:55:05,15,18,2171,3123
2023-03-27 11:55:11,17,18,2171,3123
2023-03-27 11:55:13,17,20,2171,3123
2023-03-27 11:55:13,17,18,2171,3123
2023-03-27 11:55:19,17,20,2171,3123
2023-03-27 11:55:20,17,18,2171,3123
2023-03-27 11:55:38,17,21,2171,3123
2023-03-27 11:55:38,17,19,2171,3123
2023-03-27 11:55:39,18,19,2171,3123
2023-03-27 11:55:42,18,21,2171,3123
2023-03-27 11:55:43,18,19,2171,3123
2023-03-27 11:55:49,18,21,2171,3123
2023-03-27 11:55:49,18,20,2171,3123
2023-03-27 11:55:50,18,19,2171,3123
2023-03-27 11:55:50,18,20,2171,3123
2023-03-27 11:55:51,19,20,2171,3123
2023-03-27 11:55:52,19,20,2196,3148
2023-03-27 11:55:52,19,20,2221,3173
2023-03-27 11:55:53,19,20,2246,3198
2023-03-27 11:55:58,19,21,2246,3198
2023-03-27 11:55:58,19,20,2246,3198
2023-03-27 11:56:09,19,21,2246,3198
2023-03-27 11:56:09,19,20,2246,3198
2023-03-27 11:56:18,19,22,2246,3198
2023-03-27 11:56:18,19,21,2246,3198
2023-03-27 11:56:22,20,21,2246,3198
2023-03-27 11:56:24,19,21,2246,3198
2023-03-27 11:56:24,21,23,2486,3438
2023-03-27 11:56:30,21,24,2486,3438
2023-03-27 11:56:30,21,23,2486,3438
2023-03-27 11:56:30,21,22,2486,3438
2023-03-27 11:56:49,21,24,2486,3438
2023-03-27 11:56:49,21,23,2486,3438
2023-03-27 11:56:49,21,24,2486,3438
2023-03-27 11:56:49,21,22,2486,3438
2023-03-27 11:56:59,19,22,2486,3438
2023-03-27 11:57:04,19,23,2486,3438
2023-03-27 11:57:04,19,22,2486,3438
2023-03-27 11:57:04,19,21,2486,3438
2023-03-27 11:57:19,19,22,2486,3438
2023-03-27 11:57:19,19,21,2486,3438
2023-03-27 11:57:28,19,22,2486,3438
2023-03-27 11:57:28,19,21,2486,3438
2023-03-27 11:57:38,19,20,2486,3438
2023-03-27 11:57:39,19,20,2486,3448
2023-03-27 11:57:40,18,20,2486,3448
2023-03-27 11:57:42,19,20,2486,3448
2023-03-27 11:57:45,19,21,2486,3448
2023-03-27 11:58:11,20,21,2486,3448
2023-03-27 11:58:24,21,22,2566,3528
2023-03-27 11:58:24,21,22,2589,3551
2023-03-27 11:58:26,21,24,2589,3551
2023-03-27 11:58:26,21,23,2589,3551
2023-03-27 11:58:41,21,22,2589,3551
2023-03-27 11:58:43,21,23,2589,3551
2023-03-27 11:58:43,21,22,2589,3551
2023-03-27 11:58:47,19,22,2589,3551
2023-03-27 11:58:48,19,23,2589,3551
2023-03-27 11:58:48,19,22,2589,3551
2023-03-27 11:58:55,19,22,2589,3601
2023-03-27 11:58:59,20,22,2589,3601
2023-03-27 11:59:03,20,23,2589,3601
2023-03-27 11:59:03,20,22,2589,3601
2023-03-27 11:59:12,20,21,2589,3601
2023-03-27 11:59:24,20,22,2589,3601
2023-03-27 11:59:24,20,23,2589,3601
2023-03-27 11:59:25,21,23,2589,3601
2023-03-27 11:59:39,21,22,2589,3601
2023-03-27 11:59:44,21,23,2589,3601
2023-03-27 11:59:44,21,22,2589,3601
2023-03-27 11:59:45,21,22,2612,3624
2023-03-27 11:59:45,21,22,2669,3681
2023-03-27 11:59:45,21,22,2692,3704
2023-03-27 11:59:45,21,22,2715,3727
2023-03-27 11:59:45,21,23,2715,3727
2023-03-27 12:00:15,21,24,2715,3727
2023-03-27 12:00:16,21,23,2715,3727
2023-03-27 12:00:29,21,24,2715,3727
2023-03-27 12:00:29,21,23,2715,3727
2023-03-27 12:00:30,20,23,2715,3727
2023-03-27 12:00:39,19,23,2715,3727
2023-03-27 12:00:40,19,22,2715,3727
2023-03-27 12:00:47,19,23,2715,3727
2023-03-27 12:00:48,19,22,2715,3727
2023-03-27 12:00:48,21,22,2715,3727
2023-03-27 12:00:59,21,23,2715,3727
2023-03-27 12:00:59,21,22,2715,3727
2023-03-27 12:01:07,21,22,2715,3750
2023-03-27 12:01:08,21,22,2715,3790
2023-03-27 12:01:13,21,23,2715,3790
2023-03-27 12:01:13,21,22,2715,3790
2023-03-27 12:01:14,21,23,2715,3790
2023-03-27 12:01:14,21,22,2715,3790
2023-03-27 12:01:24,21,24,2715,3790
2023-03-27 12:01:24,21,23,2715,3790
2023-03-27 12:01:24,21,22,2715,3790
2023-03-27 12:01:46,21,23,2715,3790
2023-03-27 12:01:46,21,22,2715,3790
2023-03-27 12:01:53,21,24,2715,3790
2023-03-27 12:01:53,21,22,2715,3790
2023-03-27 12:02:01,21,24,2715,3790
2023-03-27 12:02:01,21,23,2715,3790
2023-03-27 12:02:01,21,24,2715,3790
2023-03-27 12:02:01,21,23,2715,3790
2023-03-27 12:02:06,21,22,2715,3790
2023-03-27 12:02:21,21,23,2715,3790
2023-03-27 12:02:42,22,23,2715,3790
2023-03-27 12:02:42,22,24,2715,3790
2023-03-27 12:02:42,22,23,2715,3790
2023-03-27 12:02:45,22,25,2715,3790
2023-03-27 12:02:45,22,24,2715,3790
2023-03-27 12:03:03,22,25,2715,3790
2023-03-27 12:03:03,22,24,2715,3790
2023-03-27 12:03:03,22,25,2715,3790
2023-03-27 12:03:03,22,24,2715,3790
2023-03-27 12:03:11,22,24,2715,3812
2023-03-27 12:03:12,21,24,2715,3812
2023-03-27 12:03:19,21,24,2715,3834
2023-03-27 12:03:19,21,24,2715,3856
2023-03-27 12:03:21,22,24,2715,3856
2023-03-27 12:03:21,22,24,2737,3878
2023-03-27 12:03:32,22,23,2737,3878
2023-03-27 12:03:36,22,23,2759,3900
2023-03-27 12:03:36,22,23,2781,3922
2023-03-27 12:03:36,22,24,2781,3922
2023-03-27 12:03:39,23,24,2781,3922
2023-03-27 12:03:44,22,23,2781,3988
2023-03-27 12:03:44,22,23,2803,4010
2023-03-27 12:03:49,22,24,2803,4010
2023-03-27 12:04:03,22,24,2825,4032
2023-03-27 12:04:03,22,24,2847,4054
2023-03-27 12:04:03,22,23,2847,4054
2023-03-27 12:04:04,21,22,2847,4076
2023-03-27 12:04:09,21,23,2847,4076
2023-03-27 12:04:09,21,22,2847,4076
2023-03-27 12:04:17,21,22,2837,4086
2023-03-27 12:04:25,21,23,2837,4086
2023-03-27 12:04:25,21,22,2837,4086
2023-03-27 12:04:43,21,22,2807,4116
2023-03-27 12:04:44,20,21,2673,4250
2023-03-27 12:04:45,19,21,2673,4250
2023-03-27 12:04:53,18,22,2673,4250
2023-03-27 12:04:53,19,22,2673,4250
2023-03-27 12:04:53,19,21,2673,4250
2023-03-27 12:05:09,19,22,2673,4250
2023-03-27 12:05:11,21,22,2673,4250
2023-03-27 12:05:13,19,21,2676,4253
2023-03-27 12:05:13,21,22,2713,4290
2023-03-27 12:05:14,21,23,2713,4290
2023-03-27 12:05:18,19,23,2713,4290
2023-03-27 12:05:18,19,24,2713,4290
2023-03-27 12:05:18,20,24,2713,4290
2023-03-27 12:05:18,20,23,2713,4290
2023-03-27 12:05:24,19,23,2713,4290
2023-03-27 12:05:24,19,24,2713,4290
2023-03-27 12:05:24,21,24,2713,4290
2023-03-27 12:05:55,20,24,2713,4290
2023-03-27 12:05:55,21,24,2713,4290
2023-03-27 12:06:00,20,24,2713,4290
2023-03-27 12:06:00,21,24,2713,4290
2023-03-27 12:06:00,21,23,2713,4290
2023-03-27 12:06:06,20,23,2713,4290
2023-03-27 12:06:06,20,24,2713,4290
2023-03-27 12:06:06,20,25,2713,4290
2023-03-27 12:06:07,21,25,2713,4290
2023-03-27 12:06:07,21,24,2713,4290
2023-03-27 12:06:11,21,25,2713,4290
2023-03-27 12:06:40,21,24,2713,4290
2023-03-27 12:07:36,20,24,2713,4290
2023-03-27 12:07:39,22,24,2713,4290
2023-03-27 12:07:53,20,24,2713,4290
2023-03-27 12:07:53,21,24,2713,4290
2023-03-27 12:07:53,21,23,2713,4290
2023-03-27 12:08:00,20,23,2713,4290
2023-03-27 12:08:00,20,24,2713,4290
2023-03-27 12:08:00,20,23,2713,4290
2023-03-27 12:08:00,21,23,2713,4290
2023-03-27 12:08:00,21,24,2713,4290
2023-03-27 12:08:21,20,24,2713,4290
2023-03-27 12:08:21,20,25,2713,4290
2023-03-27 12:08:21,22,25,2713,4290
2023-03-27 12:08:21,22,24,2713,4290
2023-03-27 12:08:27,21,24,2713,4290
2023-03-27 12:08:27,21,25,2713,4290
2023-03-27 12:08:27,22,25,2713,4290
2023-03-27 12:08:27,22,24,2713,4290
2023-03-27 12:08:27,22,25,2713,4290
2023-03-27 12:08:42,23,25,2713,4290
2023-03-27 12:08:58,21,25,2713,4290
2023-03-27 12:08:58,21,26,2713,4290
2023-03-27 12:08:58,21,25,2713,4290
2023-03-27 12:08:58,21,26,2713,4290
2023-03-27 12:08:59,21,25,2713,4290
2023-03-27 12:08:59,23,25,2713,4290
2023-03-27 12:09:04,23,26,2713,4290
2023-03-27 12:09:06,23,25,2713,4290
2023-03-27 12:09:09,23,26,2713,4290
2023-03-27 12:09:13,21,26,2713,4290
2023-03-27 12:09:14,21,25,2713,4290
2023-03-27 12:09:21,21,26,2713,4290
2023-03-27 12:09:26,21,25,2713,4290
2023-03-27 12:09:34,22,25,2713,4290
2023-03-27 12:09:39,22,26,2713,4290
2023-03-27 12:09:45,22,25,2713,4290
2023-03-27 12:10:02,22,24,2713,4290
2023-03-27 12:10:26,22,23,2713,4290
2023-03-27 12:10:43,22,24,2713,4290
2023-03-27 12:11:20,20,24,2713,4290
2023-03-27 12:11:24,20,23,2713,4290
2023-03-27 12:11:29,20,24,2713,4290
2023-03-27 12:11:33,21,24,2713,4290
2023-03-27 12:12:40,22,24,2713,4290
2023-03-27 12:12:53,21,24,2713,4290
2023-03-27 12:13:04,21,23,2713,4290
2023-03-27 12:13:14,21,24,2713,4290
2023-03-27 12:13:14,21,23,2713,4290
2023-03-27 12:13:30,21,24,2713,4290
2023-03-27 12:13:30,21,23,2713,4290
2023-03-27 12:13:30,21,24,2713,4290
2023-03-27 12:13:44,21,23,2713,4290
2023-03-27 12:13:53,21,22,2713,4290
2023-03-27 12:14:00,19,22,2774,4351
2023-03-27 12:14:00,18,22,2774,4351
2023-03-27 12:14:00,20,22,2774,4351
2023-03-27 12:14:27,18,22,2774,4351
2023-03-27 12:14:27,20,22,2774,4351
2023-03-27 12:14:53,18,22,2774,4351
2023-03-27 12:14:53,20,22,2774,4351
2023-03-27 12:15:08,18,22,2774,4351
2023-03-27 12:15:08,19,22,2774,4351
2023-03-27 12:15:23,18,22,2774,4351
2023-03-27 12:15:23,20,22,2774,4351
2023-03-27 12:15:40,18,22,2774,4351
2023-03-27 12:15:40,20,22,2774,4351
2023-03-27 12:15:55,18,22,2774,4351
2023-03-27 12:15:55,19,22,2774,4351
2023-03-27 12:15:57,19,21,2774,4351
2023-03-27 12:15:59,18,21,2774,4351
2023-03-27 12:16:03,18,20,2774,4351
2023-03-27 12:16:41,17,20,2774,4351
2023-03-27 12:16:42,16,20,2774,4351
2023-03-27 12:16:42,16,19,2774,4351
2023-03-27 12:16:51,16,20,2774,4351
2023-03-27 12:16:52,16,19,2774,4351
2023-03-27 12:16:57,16,18,2774,4351
2023-03-27 12:16:59,16,19,2774,4351
2023-03-27 12:17:03,15,19,2774,4351
2023-03-27 12:17:03,15,20,2774,4351
2023-03-27 12:17:03,16,20,2774,4351
2023-03-27 12:17:03,16,19,2774,4351
2023-03-27 12:17:14,15,19,2774,4351
2023-03-27 12:17:14,15,20,2774,4351
2023-03-27 12:17:15,17,20,2774,4351
2023-03-27 12:17:23,17,19,2774,4351
2023-03-27 12:17:26,15,19,2774,4351
2023-03-27 12:17:26,16,19,2774,4351
2023-03-27 12:17:48,17,19,2774,4351
2023-03-27 12:18:05,15,19,2774,4351
2023-03-27 12:18:05,17,19,2774,4351
2023-03-27 12:18:14,15,19,2774,4351
2023-03-27 12:18:14,17,19,2774,4351
2023-03-27 12:18:24,15,19,2774,4351
2023-03-27 12:18:24,16,19,2774,4351
2023-03-27 12:18:44,15,19,2774,4351
2023-03-27 12:18:44,16,19,2774,4351
2023-03-27 12:18:52,15,19,2774,4351
2023-03-27 12:18:52,17,19,2774,4351
2023-03-27 12:19:03,15,19,2774,4351
2023-03-27 12:19:03,15,18,2774,4351
2023-03-27 12:19:11,15,17,2774,4351
2023-03-27 12:19:27,15,18,2774,4351
2023-03-27 12:20:54,15,17,2774,4351
2023-03-27 12:21:10,15,18,2774,4351
2023-03-27 12:21:10,15,17,2774,4351
2023-03-27 12:21:25,15,16,2774,4351
2023-03-27 12:21:37,15,17,2774,4351
2023-03-27 12:22:43,15,16,2774,4351
2023-03-27 12:22:59,15,17,2774,4351
2023-03-27 12:23:06,15,16,2774,4351
2023-03-27 12:23:40,15,16,2814,4391
2023-03-27 12:23:48,15,16,2894,4471
2023-03-27 12:24:21,14,15,2934,4511
2023-03-27 12:24:47,14,16,2934,4511
2023-03-27 12:24:47,14,15,2934,4511
2023-03-27 12:24:47,14,15,2934,4533
2023-03-27 12:24:50,13,15,2934,4533
2023-03-27 12:26:07,13,15,2934,4627
2023-03-27 12:26:08,15,17,3040,4733
2023-03-27 12:26:08,15,16,3040,4733
2023-03-27 12:26:08,15,17,3040,4733
2023-03-27 12:26:08,15,17,3120,4813
2023-03-27 12:26:08,13,17,3134,4835
2023-03-27 12:26:08,13,16,3134,4835
2023-03-27 12:26:08,13,15,3134,4835
2023-03-27 12:26:14,15,17,3134,4843
2023-03-27 12:26:20,13,17,3134,4843
2023-03-27 12:26:29,13,16,3134,4843
2023-03-27 12:26:40,13,17,3134,4843
2023-03-27 12:26:41,13,16,3134,4843
2023-03-27 12:26:47,12,16,3134,4843
2023-03-27 12:26:47,12,15,3134,4843
2023-03-27 12:27:36,14,15,3134,4843
2023-03-27 12:27:53,12,15,3134,4843
2023-03-27 12:27:53,13,15,3134,4843
2023-03-27 12:28:09,12,15,3134,4843
2023-03-27 12:28:17,13,15,3134,4843
2023-03-27 12:28:37,13,14,3134,4843
2023-03-27 12:28:39,12,14,3134,4843
2023-03-27 12:28:39,13,14,3134,4843
2023-03-27 12:28:53,12,14,3134,4843
2023-03-27 12:28:53,11,14,3134,4843
2023-03-27 12:28:53,12,14,3134,4843
2023-03-27 12:29:15,11,14,3134,4843
2023-03-27 12:29:33,11,13,3134,4843
2023-03-27 12:29:49,11,14,3134,4843
2023-03-27 12:30:18,11,13,3134,4843
2023-03-27 12:30:33,11,13,3154,4863
2023-03-27 12:31:09,12,13,3154,4863
2023-03-27 12:31:17,12,14,3154,4863
2023-03-27 12:31:25,11,14,3154,4863
2023-03-27 12:31:25,12,14,3154,4863
2023-03-27 12:31:37,11,14,3154,4863
2023-03-27 12:31:38,12,14,3154,4863
2023-03-27 12:31:39,12,15,3154,4863
2023-03-27 12:31:44,13,15,3154,4863
2023-03-27 12:31:50,12,15,3154,4863
2023-03-27 12:31:50,13,15,3154,4863
2023-03-27 12:32:05,12,15,3154,4863
2023-03-27 12:32:05,13,15,3154,4863
2023-03-27 12:32:20,14,15,3154,4863
2023-03-27 12:32:28,14,16,3154,4863
2023-03-27 12:32:34,14,15,3154,4863
2023-03-27 12:32:37,13,15,3154,4863
2023-03-27 12:32:37,13,15,3154,4903
2023-03-27 12:32:41,14,15,3154,4903
2023-03-27 12:32:57,13,15,3154,4903
2023-03-27 12:32:57,15,16,3154,4991
2023-03-27 12:33:12,15,17,3154,4991
2023-03-27 12:33:19,15,17,2914,5231
2023-03-27 12:33:51,14,17,2914,5231
2023-03-27 12:33:51,15,17,2914,5231
2023-03-27 12:34:05,14,17,2914,5231
2023-03-27 12:34:24,15,17,2914,5231
2023-03-27 12:34:44,15,18,2914,5231
2023-03-27 12:34:44,15,17,2914,5231
2023-03-27 12:34:59,15,18,2914,5231
2023-03-27 12:34:59,15,17,2914,5231
2023-03-27 12:35:21,15,18,2914,5231
2023-03-27 12:35:21,15,17,2914,5231
2023-03-27 12:35:24,16,17,2914,5231
2023-03-27 12:35:28,15,17,2914,5231
2023-03-27 12:35:31,15,18,2914,5231
2023-03-27 12:35:31,15,17,2914,5231
2023-03-27 12:35:46,15,18,2914,5231
2023-03-27 12:35:46,15,17,2914,5231
2023-03-27 12:35:56,15,18,2914,5231
2023-03-27 12:35:56,15,17,2914,5231
2023-03-27 12:35:57,15,18,2914,5231
2023-03-27 12:35:57,15,17,2914,5231
2023-03-27 12:36:04,15,18,2914,5231
2023-03-27 12:36:06,16,18,2914,5231
2023-03-27 12:36:06,15,18,2914,5231
2023-03-27 12:36:07,16,18,2914,5231
2023-03-27 12:36:14,15,18,2914,5231
2023-03-27 12:36:29,15,19,2914,5231
2023-03-27 12:36:29,16,19,2914,5231
2023-03-27 12:36:43,16,18,2914,5231
2023-03-27 12:36:46,15,18,2914,5231
2023-03-27 12:36:46,15,19,2914,5231
2023-03-27 12:36:46,15,18,2914,5231
2023-03-27 12:37:02,15,17,2914,5231
2023-03-27 12:37:22,15,19,2914,5231
2023-03-27 12:37:22,15,18,2914,5231
2023-03-27 12:37:26,16,18,2914,5231
2023-03-27 12:37:27,15,18,2914,5231
2023-03-27 12:37:28,16,18,2914,5231
2023-03-27 12:37:30,15,18,2914,5231
2023-03-27 12:37:30,15,19,2914,5231
2023-03-27 12:37:31,15,18,2914,5231
2023-03-27 12:37:32,16,18,2914,5231
2023-03-27 12:37:41,16,19,2914,5231
2023-03-27 12:38:06,17,19,2914,5231
2023-03-27 12:38:08,17,20,2914,5231
2023-03-27 12:38:08,18,20,2914,5231
2023-03-27 12:38:13,17,20,2914,5311
2023-03-27 12:38:21,17,19,2914,5311
2023-03-27 12:38:52,17,20,2914,5311
2023-03-27 12:39:03,17,19,2914,5311
2023-03-27 12:39:05,16,19,2914,5311
2023-03-27 12:39:12,16,18,2914,5311
2023-03-27 12:39:39,17,18,2914,5311
2023-03-27 12:39:58,17,19,2914,5311
2023-03-27 12:40:15,17,20,2914,5311
2023-03-27 12:40:17,18,20,2914,5311
2023-03-27 12:41:01,19,20,2914,5311
2023-03-27 12:41:19,19,22,2914,5311
2023-03-27 12:41:35,20,22,2914,5311
2023-03-27 12:41:45,20,23,3154,5551
2023-03-27 12:41:48,21,23,3154,5551
2023-03-27 12:42:01,21,23,3154,5658
2023-03-27 12:42:02,22,23,3154,5658
2023-03-27 12:42:17,22,25,3154,5658
2023-03-27 12:42:18,23,25,3154,5658
2023-03-27 12:42:45,23,24,3154,5658
2023-03-27 12:42:49,22,24,2954,5858
2023-03-27 12:43:11,20,24,2954,5858
2023-03-27 12:43:11,21,24,2954,5858
2023-03-27 12:43:26,20,24,2954,5858
2023-03-27 12:43:26,20,23,2954,5858
2023-03-27 12:43:47,20,24,2954,5858
2023-03-27 12:43:47,20,23,2954,5858
2023-03-27 12:43:47,20,24,2954,5858
2023-03-27 12:43:47,20,23,2954,5858
2023-03-27 12:44:05,20,24,2954,5858
2023-03-27 12:44:05,20,23,2954,5858
2023-03-27 12:44:35,20,22,2954,5858
2023-03-27 12:44:50,20,21,2954,5858
2023-03-27 12:45:03,20,21,2954,5977
2023-03-27 12:45:04,19,20,2793,6138
2023-03-27 12:45:06,17,20,2793,6138
2023-03-27 12:45:10,17,21,2793,6138
2023-03-27 12:45:12,17,20,2793,6138
2023-03-27 12:45:19,17,19,2793,6138
2023-03-27 12:45:35,17,18,2793,6138
2023-03-27 12:45:37,18,19,2833,6178
2023-03-27 12:45:44,17,19,2833,6178
2023-03-27 12:45:55,17,20,2833,6178
2023-03-27 12:45:56,17,19,2833,6178
2023-03-27 12:46:11,17,20,2833,6178
2023-03-27 12:46:11,17,19,2833,6178
2023-03-27 12:46:28,18,19,2833,6178
2023-03-27 12:46:57,18,20,2833,6178
2023-03-27 12:46:57,18,21,2833,6178
2023-03-27 12:46:58,18,20,2833,6178
2023-03-27 12:46:58,18,21,2833,6178
2023-03-27 12:46:58,18,19,2833,6178
2023-03-27 12:47:13,18,21,2833,6178
2023-03-27 12:47:13,18,20,2833,6178
2023-03-27 12:47:13,18,21,2833,6178
2023-03-27 12:47:43,18,22,2833,6178
2023-03-27 12:47:43,18,21,2833,6178
2023-03-27 12:47:45,19,21,2833,6178
2023-03-27 12:47:58,19,22,2833,6178
2023-03-27 12:47:58,19,21,2833,6178
2023-03-27 12:48:31,19,22,2833,6178
2023-03-27 12:48:31,19,21,2833,6178
2023-03-27 12:48:31,19,20,2833,6178
2023-03-27 12:48:43,18,20,2833,6178
2023-03-27 12:48:43,18,22,2833,6178
2023-03-27 12:48:43,18,21,2833,6178
2023-03-27 12:48:59,18,19,2833,6178
2023-03-27 12:49:02,17,19,2833,6178
2023-03-27 12:49:06,17,20,2833,6178
2023-03-27 12:49:06,17,18,2833,6178
2023-03-27 12:49:19,16,18,2833,6178
2023-03-27 12:49:36,16,19,2833,6178
2023-03-27 12:49:36,16,18,2833,6178
2023-03-27 12:50:21,15,18,2833,6178
2023-03-27 12:50:22,15,17,2833,6178
2023-03-27 12:50:27,14,17,2833,6178
2023-03-27 12:50:52,14,16,2833,6178
2023-03-27 12:51:07,14,17,2833,6178
2023-03-27 12:51:07,14,16,2833,6178
2023-03-27 12:51:24,14,15,2833,6178
2023-03-27 12:52:04,14,16,2833,6178
2023-03-27 12:52:04,15,16,2833,6178
2023-03-27 12:52:07,14,16,2833,6178
2023-03-27 12:52:08,14,15,2833,6178
2023-03-27 12:52:22,14,16,2833,6178
2023-03-27 12:52:22,14,15,2833,6178
2023-03-27 12:52:31,14,18,2833,6178
2023-03-27 12:52:31,14,16,2833,6178
2023-03-27 12:52:46,14,18,2833,6178
2023-03-27 12:52:46,14,16,2833,6178
2023-03-27 12:53:10,15,16,2833,6178
2023-03-27 12:53:15,15,18,2833,6178
2023-03-27 12:53:15,15,17,2833,6178
2023-03-27 12:53:29,15,18,2833,6178
2023-03-27 12:53:29,15,16,2833,6178
2023-03-27 12:53:37,15,18,2833,6178
2023-03-27 12:53:37,15,17,2833,6178
2023-03-27 12:53:52,15,18,2833,6178
2023-03-27 12:53:52,15,17,2833,6178
2023-03-27 12:54:00,15,18,2833,6178
2023-03-27 12:54:00,15,17,2833,6178
2023-03-27 12:54:12,15,18,2833,6178
2023-03-27 12:54:24,14,18,2833,6178
2023-03-27 12:54:27,14,17,2833,6178
2023-03-27 12:54:41,14,18,2833,6178
2023-03-27 12:54:41,14,17,2833,6178
2023-03-27 12:54:57,14,18,2833,6178
2023-03-27 12:54:57,14,17,2833,6178
2023-03-27 12:55:11,15,17,2833,6178
2023-03-27 12:55:27,15,18,2833,6178
2023-03-27 12:55:27,15,17,2833,6178
2023-03-27 12:55:43,15,18,2833,6178
2023-03-27 12:55:55,15,17,2833,6178
2023-03-27 12:56:12,15,18,2833,6178
2023-03-27 12:56:12,15,17,2833,6178
2023-03-27 12:56:27,15,18,2833,6178
2023-03-27 12:56:27,15,17,2833,6178
2023-03-27 12:56:41,15,18,2833,6178
2023-03-27 12:56:41,15,17,2833,6178
2023-03-27 12:56:46,14,17,2833,6178
2023-03-27 12:56:49,14,18,2833,6178
2023-03-27 12:56:49,14,17,2833,6178
2023-03-27 12:57:05,14,18,2833,6178
2023-03-27 12:57:06,14,17,2833,6178
2023-03-27 12:57:20,14,18,2833,6178
2023-03-27 12:57:20,14,16,2833,6178
2023-03-27 12:57:29,16,18,2873,6218
2023-03-27 12:57:36,16,19,2873,6218
2023-03-27 12:57:36,16,18,2873,6218
2023-03-27 12:57:36,16,17,2873,6218
2023-03-27 12:57:39,14,17,2873,6218
2023-03-27 12:57:52,14,19,2873,6218
2023-03-27 12:57:52,14,18,2873,6218
2023-03-27 12:57:57,15,18,2873,6218
2023-03-27 12:58:04,15,17,2873,6218
2023-03-27 12:58:14,15,19,2873,6218
2023-03-27 12:58:14,15,18,2873,6218
2023-03-27 12:58:25,15,19,2873,6218
2023-03-27 12:58:25,16,19,2873,6218
2023-03-27 12:58:37,16,18,2873,6218
2023-03-27 12:58:46,15,18,2873,6218
2023-03-27 12:58:57,15,19,2873,6218
2023-03-27 12:58:57,15,18,2873,6218
2023-03-27 12:59:29,15,19,2873,6218
2023-03-27 12:59:29,15,18,2873,6218
2023-03-27 12:59:38,15,19,2873,6218
2023-03-27 12:59:38,15,18,2873,6218
2023-03-27 12:59:44,15,17,2873,6218
2023-03-27 13:00:00,14,17,2873,6218
2023-03-27 13:00:00,14,18,2873,6218
2023-03-27 13:00:01,14,17,2873,6218
2023-03-27 13:00:12,14,16,2873,6218
2023-03-27 13:00:22,14,17,2873,6218
2023-03-27 13:00:22,14,16,2873,6218
2023-03-27 13:00:39,14,17,2873,6218
2023-03-27 13:00:39,14,16,2873,6218
2023-03-27 13:00:59,14,18,2873,6218
2023-03-27 13:00:59,14,17,2873,6218
2023-03-27 13:01:11,15,17,2873,6218
2023-03-27 13:01:14,15,18,2873,6218
2023-03-27 13:01:14,15,17,2873,6218
2023-03-27 13:01:30,15,19,2873,6218
2023-03-27 13:01:30,15,17,2873,6218
2023-03-27 13:01:46,15,18,2873,6218
2023-03-27 13:01:52,15,17,2873,6218
2023-03-27 13:01:57,14,17,2873,6218
2023-03-27 13:01:57,14,18,2873,6218
2023-03-27 13:01:58,14,17,2873,6218
2023-03-27 13:02:06,14,16,2873,6218
2023-03-27 13:02:08,14,15,2873,6218
2023-03-27 13:02:14,14,17,2873,6218
2023-03-27 13:02:14,14,16,2873,6218
2023-03-27 13:02:20,14,17,2873,6218
2023-03-27 13:02:20,14,16,2873,6218
2023-03-27 13:02:25,16,18,2991,6336
2023-03-27 13:02:25,16,19,2991,6336
2023-03-27 13:02:25,16,18,2991,6336
2023-03-27 13:02:25,16,17,2991,6336
2023-03-27 13:02:30,14,17,2991,6336
2023-03-27 13:02:34,17,19,3148,6493
2023-03-27 13:02:34,17,18,3148,6493
2023-03-27 13:02:35,17,19,3148,6493
2023-03-27 13:02:37,17,20,3148,6493
2023-03-27 13:02:37,17,19,3148,6493
2023-03-27 13:02:41,16,19,3148,6493
2023-03-27 13:02:42,16,18,3148,6493
2023-03-27 13:02:47,15,18,3148,6493
2023-03-27 13:03:08,15,17,3148,6493
2023-03-27 13:03:10,14,17,3148,6493
2023-03-27 13:03:10,14,16,3148,6493
2023-03-27 13:03:26,14,15,3148,6493
2023-03-27 13:03:44,14,16,3148,6493
2023-03-27 13:03:54,13,16,3148,6493
2023-03-27 13:03:55,12,16,3148,6493
2023-03-27 13:03:56,13,16,3148,6493
2023-03-27 13:03:58,12,16,3148,6493
2023-03-27 13:04:01,12,15,3148,6493
2023-03-27 13:04:02,12,14,3148,6493
2023-03-27 13:04:02,11,14,3148,6493
2023-03-27 13:04:06,11,15,3148,6493
2023-03-27 13:05:13,11,17,3148,6493
2023-03-27 13:05:13,11,16,3148,6493
2023-03-27 13:05:13,13,16,3148,6493
2023-03-27 13:05:14,13,17,3148,6493
2023-03-27 13:05:48,13,16,3148,6493
2023-03-27 13:06:54,13,15,3148,6493
2023-03-27 13:07:37,13,14,3148,6493
2023-03-27 13:07:38,13,15,3148,6493
2023-03-27 13:07:38,13,15,3148,6515
2023-03-27 13:07:41,11,15,3148,6515
2023-03-27 13:08:00,11,13,3148,6515
2023-03-27 13:09:02,11,14,3148,6515
2023-03-27 13:09:46,11,15,3148,6515
2023-03-27 13:09:46,12,15,3148,6515
2023-03-27 13:10:04,12,16,3148,6515
2023-03-27 13:10:51,13,16,3148,6515
2023-03-27 13:11:04,13,17,3148,6515
2023-03-27 13:11:06,13,18,3148,6515
2023-03-27 13:11:13,14,18,3148,6515
2023-03-27 13:11:21,14,19,3148,6515
2023-03-27 13:11:25,16,20,3148,6515
2023-03-27 13:11:30,17,20,3148,6515
2023-03-27 13:11:35,17,21,3148,6515
2023-03-27 13:11:43,17,22,3148,6515
2023-03-27 13:11:47,19,22,3148,6515
2023-03-27 13:12:19,19,21,3148,6515
2023-03-27 13:12:20,17,21,3148,6515
2023-03-27 13:12:20,17,20,3148,6515
2023-03-27 13:12:22,17,21,3148,6515
2023-03-27 13:12:22,17,22,3148,6515
2023-03-27 13:12:36,17,21,3148,6515
2023-03-27 13:12:43,17,20,3148,6515
2023-03-27 13:12:53,16,20,3148,6515
2023-03-27 13:13:29,18,20,3148,6515
2023-03-27 13:13:57,18,21,3148,6515
2023-03-27 13:14:12,17,21,3148,6515
2023-03-27 13:15:25,18,21,3148,6515
2023-03-27 13:16:09,18,22,3148,6515
2023-03-27 13:16:15,18,23,3148,6515
2023-03-27 13:16:19,19,23,3148,6515
2023-03-27 13:17:15,19,24,3148,6515
2023-03-27 13:17:31,19,23,3148,6515
2023-03-27 13:18:10,19,22,3148,6515
2023-03-27 13:18:50,18,22,3148,6515
2023-03-27 13:18:56,18,21,3148,6515
2023-03-27 13:19:11,18,20,3148,6515
2023-03-27 13:19:11,17,20,3148,6515
2023-03-27 13:19:44,16,20,3148,6515
2023-03-27 13:19:50,16,19,3148,6515
2023-03-27 13:20:22,15,19,3148,6515
2023-03-27 13:20:43,15,18,3148,6515
2023-03-27 13:20:52,14,18,3148,6515
2023-03-27 13:21:07,14,17,3148,6515
2023-03-27 13:21:39,14,16,3148,6515
2023-03-27 13:21:39,13,16,3148,6515
2023-03-27 13:22:00,13,15,3148,6515
2023-03-27 13:22:06,13,14,3148,6515
2023-03-27 13:22:08,11,13,3148,6615
2023-03-27 13:23:54,11,12,3148,6615
2023-03-27 13:24:04,11,13,3148,6615
2023-03-27 13:24:11,11,12,3148,6615
2023-03-27 13:24:29,11,12,3171,6638
2023-03-27 13:24:33,11,13,3171,6638
2023-03-27 13:25:25,12,13,3171,6638
2023-03-27 13:25:25,12,13,3162,6775
2023-03-27 13:25:37,11,13,3162,6775
2023-03-27 13:26:24,12,13,3162,6775
2023-03-27 13:27:52,11,13,3034,6903
2023-03-27 13:30:29,11,12,3034,6903
2023-03-27 13:30:39,11,12,3100,6969
2023-03-27 13:30:52,10,11,3100,7010
2023-03-27 13:31:21,10,11,3155,7274
2023-03-27 13:31:25,10,11,3552,7671
2023-03-27 13:31:53,10,13,3552,7671
2023-03-27 13:32:01,10,13,3552,7711
2023-03-27 13:32:01,10,12,3552,7711
2023-03-27 13:32:02,10,13,3552,7711
2023-03-27 13:32:04,10,11,3552,7711
2023-03-27 13:32:24,10,11,3545,7776
2023-03-27 13:32:55,9,11,3545,7776
2023-03-27 13:32:55,10,11,3545,7776
2023-03-27 13:33:31,10,12,3545,8003
2023-03-27 13:33:31,11,12,3545,8003
2023-03-27 13:33:52,10,12,3545,8003
2023-03-27 13:33:52,9,12,3545,8003
2023-03-27 13:34:02,10,12,3545,8003
2023-03-27 13:34:18,10,11,3545,8003
2023-03-27 13:34:46,9,11,3545,8003
2023-03-27 13:35:42,9,10,3545,8003
2023-03-27 13:36:06,8,10,3695,8153
2023-03-27 13:36:23,9,10,3695,8153
2023-03-27 13:36:39,8,10,3695,8153
2023-03-27 13:36:40,9,10,3695,8153
2023-03-27 13:37:01,8,10,3695,8153
2023-03-27 13:37:01,9,10,3695,8153
2023-03-27 13:37:16,8,10,3695,8153
2023-03-27 13:40:06,7,10,3695,8153
2023-03-27 13:40:19,7,9,3695,8153
2023-03-27 13:40:20,6,9,3695,8153
2023-03-27 13:43:08,7,9,3695,8153
2023-03-27 13:43:24,6,9,3695,8153
2023-03-27 13:43:24,7,9,3695,8153
2023-03-27 13:43:38,6,9,3695,8153
2023-03-27 13:43:38,7,9,3695,8153
2023-03-27 13:44:22,6,9,3695,8153
2023-03-27 13:44:22,7,9,3695,8153
2023-03-27 13:45:03,6,9,3695,8153
2023-03-27 13:45:10,6,8,3695,8153
2023-03-27 13:46:54,6,7,3695,8153
2023-03-27 13:47:49,6,7,3719,8177
2023-03-27 13:48:13,5,6,3719,8353
2023-03-27 13:48:21,5,7,3719,8353
2023-03-27 13:48:55,5,7,3719,8378
2023-03-27 13:48:59,5,7,3719,8400
2023-03-27 13:48:59,5,6,3719,8400
2023-03-27 13:49:34,3,6,3719,8506
2023-03-27 13:49:36,4,6,3719,8506
2023-03-27 13:49:37,4,7,3720,8531
2023-03-27 13:50:06,4,6,3720,8531
2023-03-27 13:50:12,4,7,3720,8531
2023-03-27 13:50:18,3,7,3720,8531
2023-03-27 13:50:18,4,7,3720,8531
2023-03-27 13:50:52,4,7,3720,8553
2023-03-27 13:50:53,4,6,3720,8553
2023-03-27 13:50:57,4,7,3720,8553
2023-03-27 13:51:01,5,7,3720,8553
2023-03-27 13:51:01,5,7,3720,8573
2023-03-27 13:51:02,5,6,3720,8573
2023-03-27 13:51:02,5,7,3720,8573
2023-03-27 13:51:17,3,7,3720,8573
2023-03-27 13:51:18,4,7,3720,8573
2023-03-27 13:51:18,5,7,3720,8573
2023-03-27 13:52:05,4,7,3720,8573
2023-03-27 13:52:05,3,7,3720,8573
2023-03-27 13:52:05,5,7,3720,8573
2023-03-27 13:52:57,4,7,3720,8573
2023-03-27 13:52:57,3,7,3720,8573
2023-03-27 13:52:58,5,7,3720,8573
2023-03-27 13:53:02,5,8,5148,10500
2023-03-27 13:53:11,6,8,5148,10500
2023-03-27 13:53:26,5,8,5148,10500
2023-03-27 13:53:26,6,8,5148,10500
2023-03-27 13:53:41,5,8,5148,10500
2023-03-27 13:53:41,6,8,5148,10500
2023-03-27 13:54:26,7,8,5148,10500
2023-03-27 13:54:37,7,8,5148,10562
2023-03-27 13:54:37,7,8,5148,10582
2023-03-27 13:54:56,6,8,5148,10582
2023-03-27 13:55:03,6,9,5404,10838
2023-03-27 13:55:07,7,9,5404,10838
2023-03-27 13:55:07,8,9,5404,10838
2023-03-27 13:55:19,7,9,5404,10838
2023-03-27 13:55:19,8,9,5404,10838
2023-03-27 13:55:36,7,9,5404,10838
2023-03-27 13:56:21,6,9,5404,10838
2023-03-27 13:57:17,7,9,5404,10838
2023-03-27 13:57:33,6,9,5404,10838
2023-03-27 13:57:33,7,9,5404,10838
2023-03-27 13:57:35,7,9,5404,10927
2023-03-27 13:57:39,7,8,5404,10927
2023-03-27 13:57:39,6,8,5404,10927
2023-03-27 13:57:40,7,8,5404,10927
2023-03-27 13:57:41,7,9,5404,10928
2023-03-27 13:58:10,8,9,5404,10928
2023-03-27 13:58:34,6,9,5404,10928
2023-03-27 13:58:34,5,9,5404,10928
2023-03-27 13:58:34,7,9,5404,10928
2023-03-27 13:58:47,6,9,5404,10928
2023-03-27 13:58:47,7,9,5404,10928
2023-03-27 13:59:19,8,9,5404,10928
2023-03-27 13:59:36,7,9,5404,10928
2023-03-27 13:59:36,8,9,5404,10928
2023-03-27 13:59:50,7,9,5404,10928
2023-03-27 13:59:50,8,9,5404,10928
2023-03-27 13:59:51,8,10,5404,11056
2023-03-27 13:59:51,9,10,5404,11056
2023-03-27 14:00:09,7,10,5404,11056
2023-03-27 14:00:09,8,10,5404,11056
2023-03-27 14:00:14,8,10,5404,11140
2023-03-27 14:00:39,9,10,5404,11140
2023-03-27 14:00:46,9,10,5404,11245
2023-03-27 14:00:47,8,10,5404,11245
2023-03-27 14:00:55,9,10,5404,11245
2023-03-27 14:01:00,8,10,5404,11245
2023-03-27 14:01:03,9,10,5404,11245
2023-03-27 14:01:38,9,10,5404,11323
2023-03-27 14:01:45,10,11,5404,11373
2023-03-27 14:02:15,9,11,5404,11373
2023-03-27 14:02:15,10,11,5404,11373
2023-03-27 14:02:30,9,11,5404,11373
2023-03-27 14:02:30,10,11,5404,11373
2023-03-27 14:02:41,10,11,5404,11415
2023-03-27 14:03:03,9,11,5404,11415
2023-03-27 14:03:03,10,11,5404,11415
2023-03-27 14:03:03,10,11,5404,11467
2023-03-27 14:03:50,9,11,5404,11467
2023-03-27 14:03:51,11,13,5404,11543
2023-03-27 14:03:51,12,13,5404,11543
2023-03-27 14:03:51,13,14,5404,11671
2023-03-27 14:03:56,12,13,5403,11672
2023-03-27 14:03:57,12,13,5403,11686
2023-03-27 14:03:57,12,13,5203,11886
2023-03-27 14:03:59,11,12,5159,11930
2023-03-27 14:04:00,11,12,5060,12046
2023-03-27 14:04:05,11,14,5060,12046
2023-03-27 14:04:05,11,13,5060,12046
2023-03-27 14:04:19,10,13,5060,12046
2023-03-27 14:04:19,10,12,5060,12046
2023-03-27 14:04:19,10,11,5060,12046
2023-03-27 14:04:32,10,12,5060,12060
2023-03-27 14:04:32,10,11,5060,12060
2023-03-27 14:04:44,10,12,5060,12074
2023-03-27 14:04:44,10,11,5060,12074
2023-03-27 14:04:49,10,12,5060,12074
2023-03-27 14:04:49,10,11,5060,12074
2023-03-27 14:04:50,10,12,5060,12088
2023-03-27 14:04:50,10,11,5060,12088
2023-03-27 14:05:01,10,12,5060,12102
2023-03-27 14:05:02,11,12,5060,12102
2023-03-27 14:05:02,11,12,5060,12116
2023-03-27 14:05:03,11,14,5060,12116
2023-03-27 14:05:03,11,13,5060,12116
2023-03-27 14:05:03,11,14,5060,12116
2023-03-27 14:05:03,11,13,5060,12116
2023-03-27 14:05:03,11,12,5060,12116
2023-03-27 14:05:04,11,12,5060,12129
2023-03-27 14:05:14,11,12,5060,12185
2023-03-27 14:05:19,11,12,5060,12193
2023-03-27 14:05:26,11,12,5060,12268
2023-03-27 14:05:44,11,12,5060,12342
2023-03-27 14:05:44,11,12,5060,12355
2023-03-27 14:05:45,10,11,4532,12883
2023-03-27 14:05:59,10,12,4532,12883
2023-03-27 14:06:00,9,12,4532,12883
2023-03-27 14:06:00,7,12,4532,12883
2023-03-27 14:06:00,7,13,4532,12883
2023-03-27 14:06:00,8,13,4532,12883
2023-03-27 14:06:00,9,13,4532,12883
2023-03-27 14:06:00,9,12,4532,12883
2023-03-27 14:06:00,9,11,4532,12883
2023-03-27 14:06:15,9,12,4532,12883
2023-03-27 14:06:46,10,12,4532,12883
2023-03-27 14:07:02,10,12,4532,12936
2023-03-27 14:07:03,9,12,4532,12936
2023-03-27 14:07:03,9,13,4532,12936
2023-03-27 14:07:03,9,14,4532,12936
2023-03-27 14:07:03,10,14,4532,12936
2023-03-27 14:07:03,10,13,4532,12936
2023-03-27 14:07:17,10,12,4532,12936
2023-03-27 14:07:41,10,12,4432,13036
2023-03-27 14:08:08,7,12,4432,13036
2023-03-27 14:08:08,7,13,4432,13036
2023-03-27 14:08:08,8,13,4432,13036
2023-03-27 14:08:08,9,13,4432,13036
2023-03-27 14:08:08,9,12,4432,13036
2023-03-27 14:08:08,9,11,4432,13036
2023-03-27 14:08:27,9,10,4432,13036
2023-03-27 14:08:32,9,11,4432,13060
2023-03-27 14:08:59,7,11,4432,13060
2023-03-27 14:08:59,7,12,4432,13060
2023-03-27 14:08:59,8,12,4432,13060
2023-03-27 14:08:59,8,13,4432,13060
2023-03-27 14:08:59,9,13,4432,13060
2023-03-27 14:08:59,9,11,4432,13060
2023-03-27 14:10:10,7,11,4432,13060
2023-03-27 14:10:10,7,13,4432,13060
2023-03-27 14:10:10,8,13,4432,13060
2023-03-27 14:10:10,9,13,4432,13060
2023-03-27 14:10:10,9,12,4432,13060
2023-03-27 14:10:10,9,11,4432,13060
2023-03-27 14:10:29,9,10,4432,13060
2023-03-27 14:10:45,8,10,4408,13084
2023-03-27 14:11:01,7,10,4408,13084
2023-03-27 14:11:01,6,10,4408,13084
2023-03-27 14:11:01,6,11,4408,13084
2023-03-27 14:11:01,7,11,4408,13084
2023-03-27 14:11:01,7,10,4408,13084
2023-03-27 14:11:01,7,9,4408,13084
2023-03-27 14:11:42,8,9,4408,13084
2023-03-27 14:11:58,8,10,4408,13084
2023-03-27 14:12:12,8,10,4408,13108
2023-03-27 14:12:14,6,10,4408,13108
2023-03-27 14:12:14,6,11,4408,13108
2023-03-27 14:12:14,7,11,4408,13108
2023-03-27 14:12:14,7,10,4408,13108
2023-03-27 14:12:29,7,9,4408,13108
2023-03-27 14:12:45,7,8,4408,13108
2023-03-27 14:12:56,5,8,4408,13108
2023-03-27 14:12:56,5,10,4408,13108
2023-03-27 14:12:56,6,10,4408,13108
2023-03-27 14:12:56,6,9,4408,13108
2023-03-27 14:12:56,6,8,4408,13108
2023-03-27 14:13:12,6,7,4408,13108
2023-03-27 14:13:27,5,7,4408,13108
2023-03-27 14:13:46,5,6,4408,13108
2023-03-27 14:13:47,5,7,4408,13109
2023-03-27 14:13:59,4,7,4408,13109
2023-03-27 14:13:59,4,8,4408,13109
2023-03-27 14:14:00,5,8,4408,13109
2023-03-27 14:14:00,5,7,4408,13109
2023-03-27 14:14:31,4,7,4408,13109
2023-03-27 14:14:31,4,6,4408,13109
2023-03-27 14:14:58,4,8,4408,13109
2023-03-27 14:14:58,4,7,4408,13109
2023-03-27 14:15:06,3,7,4408,13109
2023-03-27 14:15:06,4,7,4408,13109
2023-03-27 14:15:06,4,6,4408,13109
2023-03-27 14:15:27,3,6,4408,13109
2023-03-27 14:15:27,3,7,4408,13109
2023-03-27 14:15:27,3,8,4408,13109
2023-03-27 14:15:27,4,8,4408,13109
2023-03-27 14:15:27,4,6,4408,13109
2023-03-27 14:15:42,4,7,4408,13109
2023-03-27 14:15:59,4,6,4408,13109
2023-03-27 14:16:25,6,7,4408,13132
2023-03-27 14:16:30,3,7,4408,13132
2023-03-27 14:16:30,3,6,4408,13132
2023-03-27 14:17:26,4,6,4408,13132
2023-03-27 14:17:26,5,6,4408,13132
2023-03-27 14:17:43,4,6,4408,13132
2023-03-27 14:17:43,3,6,4408,13132
2023-03-27 14:17:43,3,5,4408,13132
2023-03-27 14:17:44,3,6,4408,13154
2023-03-27 14:18:13,3,5,4408,13154
2023-03-27 14:18:15,3,5,4408,13186
2023-03-27 14:18:44,3,6,4408,13186
2023-03-27 14:19:26,3,5,4408,13186
2023-03-27 14:20:07,3,4,4408,13186
2023-03-27 14:20:08,3,5,4408,13230
2023-03-27 14:21:00,3,6,4408,13230
2023-03-27 14:22:13,3,5,4408,13230
2023-03-27 14:22:16,3,6,4408,13230
2023-03-27 14:22:39,3,7,4408,13230
2023-03-27 14:22:40,3,4,4408,13311
2023-03-27 14:25:21,3,4,4409,13312
2023-03-27 14:25:23,3,4,4481,13384
2023-03-27 14:25:23,3,4,4508,13411
2023-03-27 14:25:24,3,4,4509,13412
2023-03-27 14:25:32,3,4,4510,13413
2023-03-27 14:25:32,3,4,4511,13414
2023-03-27 14:26:21,3,4,4512,13415
2023-03-27 14:26:21,3,4,4583,13486
2023-03-27 14:26:22,3,4,4584,13487
2023-03-27 14:26:22,3,4,4585,13488
2023-03-27 14:26:26,3,4,4586,13489
2023-03-27 14:26:27,3,4,4587,13490
2023-03-27 14:26:27,3,4,4588,13491
2023-03-27 14:26:36,3,4,4589,13492
2023-03-27 14:26:36,3,4,4590,13493
2023-03-27 14:26:47,3,4,4591,13494
2023-03-27 14:26:47,3,4,4592,13495
2023-03-27 14:26:52,3,4,4593,13496
2023-03-27 14:30:29,3,4,4594,13497
2023-03-27 14:30:30,3,4,4595,13498
2023-03-27 14:30:43,3,4,4596,13499
2023-03-27 14:31:53,3,4,4597,13500
2023-03-27 14:32:36,3,4,4598,13501
2023-03-27 14:32:46,2,4,4611,13514
2023-03-27 14:32:46,2,3,4611,13514
2023-03-27 14:33:20,2,3,4611,13515
2023-03-27 14:33:22,2,3,4614,13552
2023-03-27 14:33:22,2,3,4615,13553
2023-03-27 14:34:52,2,3,4616,13554
2023-03-27 14:35:09,2,3,4625,13563
2023-03-27 14:35:20,2,3,4634,13572
2023-03-27 14:36:36,2,3,4635,13573
2023-03-27 14:37:06,2,3,4636,13574
2023-03-27 14:37:18,2,3,4637,13575
2023-03-27 14:37:37,2,3,4638,13576
2023-03-27 14:38:05,3,4,4638,13589
2023-03-27 14:38:06,2,4,4638,13589
2023-03-27 14:38:06,2,3,4639,13590
2023-03-27 14:38:08,2,4,4639,13590
2023-03-27 14:38:13,2,3,4639,13590
2023-03-27 14:38:15,2,4,4639,13590
2023-03-27 14:38:16,2,3,4639,13590
2023-03-27 14:38:16,2,4,4639,13590
2023-03-27 14:38:21,2,3,4639,13590
2023-03-27 14:38:36,2,4,4639,13590
2023-03-27 14:38:58,2,3,4639,13590
2023-03-27 14:38:58,2,3,4640,13591
2023-03-27 14:38:58,2,3,4641,13592
2023-03-27 14:39:04,2,3,4642,13593
2023-03-27 14:39:05,2,3,4643,13594
2023-03-27 14:39:07,2,4,4643,13594
2023-03-27 14:39:13,2,3,4643,13594
2023-03-27 14:39:32,2,3,4714,13665
2023-03-27 14:39:32,2,3,4715,13666
2023-03-27 14:39:32,2,4,4715,13666
2023-03-27 14:39:36,2,4,4915,13866
2023-03-27 14:39:40,2,3,4915,13866
2023-03-27 14:39:41,2,3,4961,13956
2023-03-27 14:39:41,2,3,4981,14046
2023-03-27 14:39:41,2,4,4981,14046
2023-03-27 14:40:24,3,4,4981,14046
2023-03-27 14:40:31,3,4,4981,14081
2023-03-27 14:40:33,3,4,4961,14101
2023-03-27 14:40:42,3,4,4961,14102
2023-03-27 14:40:42,3,4,4961,14136
2023-03-27 14:40:43,3,4,4961,14137
2023-03-27 14:40:47,2,4,4963,14174
2023-03-27 14:40:47,2,3,4963,14174
2023-03-27 14:40:49,2,3,4964,14175
2023-03-27 14:40:49,2,3,4965,14176
2023-03-27 14:41:03,2,3,4966,14177
2023-03-27 14:43:41,1,3,5057,14268
2023-03-27 14:44:40,1,3,5058,14269
2023-03-27 14:44:40,1,2,5058,14269
2023-03-27 14:44:45,1,3,5058,14269
2023-03-27 14:44:54,1,2,5058,14269
2023-03-27 14:44:59,1,2,5060,14271
2023-03-27 14:45:01,1,2,5140,14351
2023-03-27 14:45:01,1,2,5157,14446
2023-03-27 14:45:02,1,3,5157,14447
2023-03-27 14:45:02,1,3,5157,14492
2023-03-27 14:48:21,2,3,5157,14492
2023-03-27 14:49:06,1,3,5157,14492
2023-03-27 14:51:24,1,2,5157,14492
2023-03-27 15:00:29,1,2,5157,14496
2023-03-27 15:00:30,1,2,5157,14500
2023-03-27 15:00:44,1,2,5157,14504
2023-03-27 15:01:04,1,2,5157,14508
2023-03-27 15:01:04,1,2,5157,14512
2023-03-27 15:01:32,1,2,5157,14516
2023-03-27 15:01:43,1,2,5157,14520
2023-03-27 15:01:50,1,2,5157,14524
2023-03-27 15:02:23,1,2,5157,14536
2023-03-27 15:02:23,1,2,5157,14548
2023-03-27 15:02:24,1,2,5157,14560
2023-03-27 15:02:29,1,2,5157,14610
2023-03-27 15:02:29,1,2,5157,14614
2023-03-27 15:02:30,1,2,5157,14664
2023-03-27 15:02:31,1,2,5157,14714
2023-03-27 15:02:32,1,2,5157,14727
2023-03-27 15:03:21,0,2,5121,14763
2023-03-27 15:04:20,0,1,5121,14763
2023-03-27 15:04:23,0,2,5121,14763
2023-03-27 15:06:15,0,1,5121,14763
2023-03-27 15:06:18,0,2,5121,14763
2023-03-27 15:06:22,0,1,5121,14763
2023-03-27 15:06:28,0,2,5121,14763
2023-03-27 15:07:14,0,3,5189,14891
2023-03-27 15:07:14,0,2,5189,14891
2023-03-27 15:07:18,0,3,5189,14891
2023-03-27 15:07:25,0,2,5189,14891
2023-03-27 15:07:25,1,2,5189,14891
2023-03-27 15:07:26,1,3,5189,14891
2023-03-27 15:07:32,1,2,5189,14891
2023-03-27 15:07:36,1,3,5189,14891
2023-03-27 15:08:54,1,3,5193,14895
2023-03-27 15:09:15,1,3,5195,14897
2023-03-27 15:09:15,1,2,5195,14897
2023-03-27 15:09:20,1,3,5195,14897
2023-03-27 15:09:22,1,3,5197,14899
2023-03-27 15:09:24,1,2,5241,14943
2023-03-27 15:09:24,1,2,5243,14945
2023-03-27 15:09:34,1,2,5245,14947
2023-03-27 15:09:39,1,3,5245,14947
2023-03-27 15:11:00,1,3,5247,14949
2023-03-27 15:11:00,1,2,5247,14949
2023-03-27 15:11:00,1,2,5249,14951
2023-03-27 15:11:22,1,2,5299,15001
2023-03-27 15:11:22,1,2,5383,15085
2023-03-27 15:11:22,1,2,5385,15087
2023-03-27 15:11:22,1,3,5385,15087
2023-03-27 15:11:41,1,3,5427,15129
2023-03-27 15:15:02,1,2,5427,15129
2023-03-27 15:15:02,1,2,5428,15130
2023-03-27 15:15:03,1,3,5428,15130
2023-03-27 15:16:39,1,3,5429,15131
2023-03-27 15:16:39,1,2,5429,15131
2023-03-27 15:16:44,1,3,5429,15131
2023-03-27 15:17:37,1,2,5429,15131
2023-03-27 15:17:52,1,3,5429,15131
2023-03-27 15:17:59,1,2,5429,15131
2023-03-27 15:18:05,1,2,5431,15133
2023-03-27 15:18:08,1,2,5449,15151
2023-03-27 15:18:11,1,3,5449,15151
2023-03-27 15:18:14,1,2,5449,15151
2023-03-27 15:18:28,1,3,5449,15151
2023-03-27 15:18:28,1,2,5449,15151
2023-03-27 15:18:29,1,2,5451,15153
2023-03-27 15:18:48,1,2,5453,15155
2023-03-27 15:18:50,1,2,5454,15156
2023-03-27 15:18:51,1,2,5456,15158
2023-03-27 15:18:51,1,2,5458,15160
2023-03-27 15:18:55,1,2,5460,15162
2023-03-27 15:18:55,1,2,5462,15164
2023-03-27 15:18:55,1,3,5462,15164
2023-03-27 15:18:56,1,2,5462,15164
2023-03-27 15:18:57,1,2,5464,15166
2023-03-27 15:18:57,1,2,5466,15168
2023-03-27 15:19:00,1,2,5467,15169
2023-03-27 15:19:00,1,2,5468,15170
2023-03-27 15:19:02,1,3,5468,15170
2023-03-27 15:20:58,1,2,5468,15170
2023-03-27 15:20:58,1,3,5468,15170
2023-03-27 15:21:57,2,3,5468,15170
2023-03-27 15:22:06,2,3,5470,15172
2023-03-27 15:23:08,1,3,5470,15172
2023-03-27 15:23:20,1,2,5470,15172
2023-03-27 15:24:09,1,2,5472,15174
2023-03-27 15:24:09,1,2,5491,15193
2023-03-27 15:24:09,1,2,5493,15195
2023-03-27 15:24:26,1,2,5495,15197
2023-03-27 15:24:53,1,2,5497,15199
2023-03-27 15:25:00,1,2,5499,15201
2023-03-27 15:25:03,1,2,5501,15203
2023-03-27 15:25:11,1,2,5516,15218
2023-03-27 15:25:13,1,2,5546,15248
2023-03-27 15:25:14,1,2,5548,15250
2023-03-27 15:25:14,1,2,5623,15325
2023-03-27 15:25:14,1,2,5665,15367
2023-03-27 15:25:14,1,2,5667,15369
2023-03-27 15:28:07,1,2,5667,15371
2023-03-27 15:29:08,1,2,5717,15421
2023-03-27 15:29:09,1,2,5767,15471
2023-03-27 15:29:10,1,2,5795,15499
2023-03-27 15:29:35,1,2,5811,15538
2023-03-27 15:29:53,1,2,5811,15546
2023-03-27 15:29:59,1,2,5811,15554
2023-03-27 15:31:03,1,2,5811,15558
2023-03-27 15:31:55,1,2,5811,15565
2023-03-27 15:32:15,1,2,5811,15572
2023-03-27 15:32:20,1,2,5811,15579
2023-03-27 15:32:27,1,2,5811,15586
2023-03-27 15:33:17,1,2,5811,15593
2023-03-27 15:34:32,0,2,5811,15606
2023-03-27 15:34:32,0,1,5811,15606
2023-03-27 15:36:30,0,2,5836,15631
2023-03-27 15:37:15,1,2,5836,15631
2023-03-27 15:37:31,1,2,5838,15633
2023-03-27 15:37:33,1,2,5840,15635
2023-03-27 15:37:33,1,2,5842,15637
2023-03-27 15:37:36,1,2,5892,15687
2023-03-27 15:37:36,1,2,6014,15809
2023-03-27 15:38:32,1,2,6038,15833
2023-03-27 15:39:01,1,2,6059,15854
2023-03-27 15:42:07,1,2,6061,15856
2023-03-27 15:42:23,1,2,6063,15858
2023-03-27 15:42:24,1,2,6113,15908
2023-03-27 15:42:24,1,2,6214,16009
2023-03-27 15:42:25,0,1,6553,16348
2023-03-27 15:42:30,0,2,6553,16348
2023-03-27 15:42:48,0,1,6553,16348
2023-03-27 15:50:28,1,2,6559,16354
2023-03-27 15:50:29,1,2,6567,16362
2023-03-27 15:50:29,1,2,6575,16370
2023-03-27 15:50:45,1,2,6581,16376
2023-03-27 15:50:46,1,2,6587,16382
2023-03-27 15:50:46,1,2,6597,16392
2023-03-27 15:50:46,1,2,6601,16396
2023-03-27 15:50:47,1,2,6611,16406
2023-03-27 15:50:47,1,2,6615,16410
2023-03-27 15:50:47,1,2,6621,16416
2023-03-27 15:50:49,1,2,6631,16426
2023-03-27 15:50:49,1,2,6641,16436
2023-03-27 15:51:35,1,3,6641,17112
2023-03-27 15:53:02,1,2,6641,17112
2023-03-27 15:53:02,1,2,6642,17113
2023-03-27 15:53:02,1,3,6642,17113
2023-03-27 15:53:11,0,3,6642,17113
2023-03-27 15:55:13,0,4,6667,17138
2023-03-27 15:55:44,0,3,6667,17138
2023-03-27 15:55:44,0,4,6667,17138
2023-03-27 15:55:49,0,3,6667,17138
2023-03-27 15:55:50,0,4,6667,17138
2023-03-27 15:55:55,0,3,6667,17138
2023-03-27 15:56:12,0,4,6667,17138
2023-03-27 15:56:35,0,3,6667,17138
2023-03-27 15:56:37,0,4,6667,17138
2023-03-27 15:56:37,0,3,6667,17138
2023-03-27 15:56:45,0,4,6667,17138
2023-03-27 15:57:20,0,3,6667,17138
2023-03-27 15:57:22,0,4,6667,17138
2023-03-27 15:57:24,0,3,6667,17138
2023-03-27 15:57:43,0,4,6667,17138
2023-03-27 15:57:46,0,3,6667,17138
2023-03-27 15:57:52,0,4,6667,17138
2023-03-27 15:58:15,0,3,6667,17138
2023-03-27 15:59:08,0,4,6667,17138
2023-03-27 15:59:14,0,3,6667,17138
2023-03-27 15:59:16,0,4,6667,17138
2023-03-27 15:59:17,0,3,6667,17138
2023-03-27 15:59:20,0,4,6667,17138
2023-03-27 15:59:21,0,3,6667,17138
2023-03-27 15:59:22,0,4,6667,17138
2023-03-27 15:59:26,0,3,6667,17138
2023-03-27 15:59:34,0,1,6667,17138
