datetime,bid,ask,open_interest,volume
2023-08-31 09:30:13,16,23,0,0
2023-08-31 09:30:13,15,23,0,0
2023-08-31 09:30:15,17,23,0,0
2023-08-31 09:30:45,15,23,0,0
2023-08-31 09:30:49,16,23,0,0
2023-08-31 09:31:00,15,23,0,0
2023-08-31 09:31:00,15,19,0,0
2023-08-31 09:31:00,16,19,0,0
2023-08-31 09:31:00,16,18,0,0
2023-08-31 09:31:00,15,18,250,250
2023-08-31 09:31:08,16,18,250,250
2023-08-31 09:31:10,15,18,250,250
2023-08-31 09:31:12,15,17,250,250
2023-08-31 09:31:33,15,16,250,250
2023-08-31 09:31:52,13,15,250,450
2023-08-31 09:32:12,14,15,250,450
2023-08-31 09:32:22,13,15,250,450
2023-08-31 09:33:13,14,15,250,450
2023-08-31 09:33:19,14,17,310,510
2023-08-31 09:33:22,14,16,310,510
2023-08-31 09:33:23,13,16,310,510
2023-08-31 09:33:43,13,15,310,510
2023-08-31 09:33:43,13,15,412,612
2023-08-31 09:33:44,12,15,412,612
2023-08-31 09:33:44,12,14,412,612
2023-08-31 09:34:01,12,13,412,612
2023-08-31 09:34:05,12,14,412,612
2023-08-31 09:34:39,13,14,412,612
2023-08-31 09:34:39,13,14,472,672
2023-08-31 09:34:41,13,16,472,672
2023-08-31 09:34:54,14,16,472,672
2023-08-31 09:34:58,14,17,472,672
2023-08-31 09:34:59,15,17,472,672
2023-08-31 09:35:09,14,17,472,672
2023-08-31 09:35:10,14,16,472,672
2023-08-31 09:35:14,14,17,472,672
2023-08-31 09:35:33,14,16,472,672
2023-08-31 09:35:42,14,17,472,672
2023-08-31 09:36:02,15,17,472,672
2023-08-31 09:36:08,14,17,472,672
2023-08-31 09:36:08,15,17,472,672
2023-08-31 09:36:23,16,17,472,672
2023-08-31 09:36:36,15,17,472,672
2023-08-31 09:37:29,15,16,472,672
2023-08-31 09:37:37,15,17,472,672
2023-08-31 09:37:37,15,16,472,672
2023-08-31 09:38:05,13,15,500,862
2023-08-31 09:38:06,13,16,500,862
2023-08-31 09:38:36,14,16,500,862
2023-08-31 09:38:46,13,16,500,862
2023-08-31 09:39:04,13,15,500,862
2023-08-31 09:39:22,12,15,500,862
2023-08-31 09:39:33,12,14,500,862
2023-08-31 09:40:01,12,15,500,862
2023-08-31 09:40:05,12,14,500,862
2023-08-31 09:40:36,12,15,500,862
2023-08-31 09:40:41,13,15,500,862
2023-08-31 09:40:42,13,16,500,862
2023-08-31 09:40:49,14,16,500,862
2023-08-31 09:41:02,13,16,500,862
2023-08-31 09:41:07,13,15,500,862
2023-08-31 09:41:12,12,15,500,862
2023-08-31 09:41:15,13,15,500,862
2023-08-31 09:41:19,12,15,500,862
2023-08-31 09:41:46,13,15,500,862
2023-08-31 09:41:49,12,15,500,862
2023-08-31 09:41:53,13,15,500,862
2023-08-31 09:41:58,12,15,500,862
2023-08-31 09:41:59,13,15,500,862
2023-08-31 09:42:01,13,16,500,862
2023-08-31 09:42:02,14,16,500,862
2023-08-31 09:42:07,13,16,500,862
2023-08-31 09:42:08,14,16,500,862
2023-08-31 09:42:11,14,17,500,862
2023-08-31 09:42:16,15,17,500,862
2023-08-31 09:42:18,15,16,500,862
2023-08-31 09:42:20,14,16,500,862
2023-08-31 09:42:21,15,17,500,862
2023-08-31 09:42:43,14,17,500,862
2023-08-31 09:42:46,14,16,500,862
2023-08-31 09:42:51,14,17,500,862
2023-08-31 09:43:08,14,16,500,862
2023-08-31 09:43:15,14,17,500,862
2023-08-31 09:43:46,14,16,500,862
2023-08-31 09:43:53,14,17,500,862
2023-08-31 09:44:59,14,16,500,862
2023-08-31 09:45:03,13,16,500,862
2023-08-31 09:45:12,13,15,500,862
2023-08-31 09:45:19,12,15,500,862
2023-08-31 09:45:24,12,14,500,862
2023-08-31 09:45:29,12,13,500,862
2023-08-31 09:45:33,12,13,610,972
2023-08-31 09:45:35,12,13,710,1072
2023-08-31 09:45:40,12,13,830,1192
2023-08-31 09:45:57,11,13,830,1192
2023-08-31 09:46:32,11,14,830,1192
2023-08-31 09:46:33,12,14,830,1192
2023-08-31 09:46:46,12,15,830,1192
2023-08-31 09:46:47,13,15,830,1192
2023-08-31 09:46:49,13,16,830,1192
2023-08-31 09:46:49,13,16,872,1262
2023-08-31 09:46:56,14,16,872,1262
2023-08-31 09:47:02,15,16,872,1262
2023-08-31 09:47:03,15,17,872,1262
2023-08-31 09:47:05,16,17,872,1262
2023-08-31 09:47:09,15,17,872,1262
2023-08-31 09:47:10,16,17,872,1262
2023-08-31 09:47:12,16,18,872,1262
2023-08-31 09:47:22,15,18,872,1262
2023-08-31 09:47:27,15,17,872,1262
2023-08-31 09:48:06,14,17,872,1262
2023-08-31 09:48:06,14,16,872,1262
2023-08-31 09:48:13,14,17,872,1262
2023-08-31 09:48:24,15,17,872,1262
2023-08-31 09:48:36,15,18,872,1262
2023-08-31 09:49:02,15,17,872,1262
2023-08-31 09:49:12,15,18,872,1262
2023-08-31 09:49:13,15,17,872,1262
2023-08-31 09:49:17,15,18,872,1262
2023-08-31 09:49:19,15,17,872,1262
2023-08-31 09:49:20,15,18,872,1262
2023-08-31 09:49:26,15,17,872,1262
2023-08-31 09:49:43,15,18,872,1262
2023-08-31 09:49:48,15,17,872,1262
2023-08-31 09:50:01,14,17,872,1262
2023-08-31 09:50:07,14,16,872,1262
2023-08-31 09:50:13,13,16,872,1262
2023-08-31 09:50:15,13,15,872,1262
2023-08-31 09:50:18,13,16,872,1262
2023-08-31 09:50:28,14,16,872,1262
2023-08-31 09:50:38,14,17,872,1262
2023-08-31 09:50:49,15,17,872,1262
2023-08-31 09:50:55,15,18,872,1262
2023-08-31 09:51:05,15,17,872,1262
2023-08-31 09:51:13,15,18,872,1262
2023-08-31 09:51:19,15,17,872,1262
2023-08-31 09:51:44,14,17,872,1262
2023-08-31 09:52:03,14,16,872,1262
2023-08-31 09:52:34,13,16,872,1262
2023-08-31 09:52:36,13,15,872,1262
2023-08-31 09:52:43,13,16,872,1262
2023-08-31 09:53:12,13,15,872,1262
2023-08-31 09:53:34,13,14,872,1262
2023-08-31 09:53:40,13,14,992,1382
2023-08-31 09:53:53,12,14,992,1382
2023-08-31 09:54:34,12,13,992,1382
2023-08-31 09:54:47,12,13,1042,1432
2023-08-31 09:54:49,12,13,1092,1482
2023-08-31 09:54:49,12,13,1142,1532
2023-08-31 09:55:00,12,14,1142,1532
2023-08-31 09:55:06,12,13,1142,1532
2023-08-31 09:55:08,12,14,1142,1532
2023-08-31 09:55:53,12,13,1142,1532
2023-08-31 09:56:01,12,14,1142,1532
2023-08-31 09:56:03,12,13,1142,1532
2023-08-31 09:56:28,12,14,1142,1532
2023-08-31 09:56:32,12,13,1142,1532
2023-08-31 09:56:50,12,14,1142,1532
2023-08-31 09:57:04,12,13,1142,1532
2023-08-31 09:57:17,11,12,1142,1632
2023-08-31 09:57:41,10,12,1142,1632
2023-08-31 09:57:44,10,11,1142,1632
2023-08-31 09:57:46,10,12,1142,1632
2023-08-31 09:57:51,10,11,1142,1632
2023-08-31 09:57:52,10,12,1142,1632
2023-08-31 09:57:55,10,11,1142,1632
2023-08-31 09:57:58,10,12,1142,1632
2023-08-31 09:58:10,10,11,1142,1632
2023-08-31 09:58:11,10,12,1142,1632
2023-08-31 09:58:12,10,11,1142,1632
2023-08-31 09:58:15,10,12,1142,1632
2023-08-31 09:59:55,10,11,1142,1632
2023-08-31 09:59:56,9,11,1142,1632
2023-08-31 10:00:20,9,10,1142,1632
2023-08-31 10:02:02,9,10,1202,1692
2023-08-31 10:02:02,9,10,1262,1752
2023-08-31 10:05:31,9,10,1462,1952
2023-08-31 10:05:41,9,10,1662,2152
2023-08-31 10:05:46,9,10,1912,2402
2023-08-31 10:05:48,9,10,2162,2652
2023-08-31 10:05:51,9,10,2412,2902
2023-08-31 10:06:03,9,10,2662,3152
2023-08-31 10:06:04,9,10,2862,3352
2023-08-31 10:06:04,9,10,3062,3552
2023-08-31 10:06:05,9,13,3262,3752
2023-08-31 10:06:05,10,13,3262,3752
2023-08-31 10:06:07,11,13,3262,3752
2023-08-31 10:06:08,10,13,3262,3752
2023-08-31 10:06:08,10,12,3262,3752
2023-08-31 10:06:21,10,13,3262,3752
2023-08-31 10:06:22,10,12,3262,3752
2023-08-31 10:06:26,10,13,3262,3752
2023-08-31 10:06:36,10,12,3262,3752
2023-08-31 10:06:41,9,12,3262,3752
2023-08-31 10:07:23,9,11,3262,3752
2023-08-31 10:07:44,9,12,3262,3752
2023-08-31 10:08:01,9,11,3262,3752
2023-08-31 10:08:31,9,10,3262,3752
2023-08-31 10:10:15,8,9,3262,3882
2023-08-31 10:10:16,8,10,3262,3882
2023-08-31 10:10:52,8,11,3262,3882
2023-08-31 10:10:55,9,11,3262,3882
2023-08-31 10:11:16,9,12,3262,3882
2023-08-31 10:11:25,9,11,3262,3882
2023-08-31 10:11:34,9,12,3262,3882
2023-08-31 10:11:37,9,11,3262,3882
2023-08-31 10:11:40,9,12,3262,3882
2023-08-31 10:11:41,9,11,3262,3882
2023-08-31 10:11:52,9,12,3262,3882
2023-08-31 10:11:56,9,11,3262,3882
2023-08-31 10:12:03,8,11,3262,3882
2023-08-31 10:12:07,9,11,3262,3882
2023-08-31 10:12:08,8,11,3262,3882
2023-08-31 10:12:21,8,10,3262,3882
2023-08-31 10:13:15,7,10,3262,3882
2023-08-31 10:13:19,7,9,3262,3882
2023-08-31 10:13:23,7,8,3262,3882
2023-08-31 10:13:36,6,8,3262,3882
2023-08-31 10:14:37,6,7,3262,3882
2023-08-31 10:16:31,6,8,3262,3882
2023-08-31 10:16:34,6,7,3262,3882
2023-08-31 10:16:37,6,8,3262,3882
2023-08-31 10:17:16,6,7,3262,3882
2023-08-31 10:17:36,6,8,3262,3882
2023-08-31 10:18:14,6,7,3262,3882
2023-08-31 10:19:51,6,7,3262,4082
2023-08-31 10:21:32,5,6,3262,4132
2023-08-31 10:23:19,5,7,3262,4132
2023-08-31 10:23:45,5,8,3262,4132
2023-08-31 10:24:32,5,7,3262,4132
2023-08-31 10:24:55,5,8,3262,4132
2023-08-31 10:24:56,5,7,3262,4132
2023-08-31 10:25:15,5,8,3262,4132
2023-08-31 10:25:18,5,7,3262,4132
2023-08-31 10:25:19,5,8,3262,4132
2023-08-31 10:25:32,5,7,3262,4132
2023-08-31 10:25:35,5,8,3262,4132
2023-08-31 10:25:45,5,7,3262,4132
2023-08-31 10:26:38,5,6,3262,4132
2023-08-31 10:26:53,5,7,3262,4132
2023-08-31 10:26:54,5,6,3262,4132
2023-08-31 10:26:55,5,7,3262,4132
2023-08-31 10:27:01,5,6,3262,4132
2023-08-31 10:28:07,5,7,3262,4132
2023-08-31 10:28:15,5,6,3262,4132
2023-08-31 10:29:27,4,6,3262,4132
2023-08-31 10:29:29,5,6,3262,4132
2023-08-31 10:29:33,4,6,3262,4132
2023-08-31 10:29:43,5,6,3262,4132
2023-08-31 10:29:48,4,6,3262,4132
2023-08-31 10:31:22,4,5,3262,4132
2023-08-31 10:32:01,3,5,3432,4382
2023-08-31 10:33:06,3,4,3432,4382
2023-08-31 10:33:24,3,5,3432,4382
2023-08-31 10:34:09,3,4,3432,4382
2023-08-31 10:37:00,3,4,3482,4432
2023-08-31 10:37:07,3,4,3610,4560
2023-08-31 10:37:09,3,4,3652,4602
2023-08-31 10:37:27,3,4,3682,4632
2023-08-31 10:39:28,3,4,3683,4633
2023-08-31 10:39:47,2,3,3683,4715
2023-08-31 10:40:12,2,4,3683,4715
2023-08-31 10:40:13,3,4,3683,4715
2023-08-31 10:40:14,2,4,3683,4715
2023-08-31 10:45:03,3,4,3683,4715
2023-08-31 10:45:08,3,5,3683,4715
2023-08-31 10:45:24,2,5,3683,4715
2023-08-31 10:45:25,3,5,3683,4715
2023-08-31 10:45:38,4,5,3683,4715
2023-08-31 10:45:41,3,5,3683,4715
2023-08-31 10:46:55,2,5,3683,4715
2023-08-31 10:47:02,3,5,3683,4715
2023-08-31 10:47:30,2,5,3683,4715
2023-08-31 10:47:35,3,5,3683,4715
2023-08-31 10:47:40,2,5,3683,4715
2023-08-31 10:47:41,3,5,3683,4715
2023-08-31 10:47:43,2,5,3683,4715
2023-08-31 10:47:54,2,4,3683,4715
2023-08-31 10:48:37,2,5,3683,4715
2023-08-31 10:48:37,3,5,3683,4715
2023-08-31 10:48:53,2,5,3683,4715
2023-08-31 10:48:55,2,4,3683,4715
2023-08-31 10:48:58,2,5,3683,4715
2023-08-31 10:48:58,3,5,3683,4715
2023-08-31 10:49:54,4,5,3683,4715
2023-08-31 10:50:02,3,5,3683,4715
2023-08-31 10:50:17,4,5,3683,4715
2023-08-31 10:50:44,4,5,3743,4775
2023-08-31 10:50:47,3,5,3743,4775
2023-08-31 10:51:21,4,5,3743,4775
2023-08-31 10:52:12,5,7,3744,4776
2023-08-31 10:52:20,6,7,3744,4776
2023-08-31 10:52:21,6,7,3744,5026
2023-08-31 10:52:23,6,8,3744,5176
2023-08-31 10:52:44,6,7,3744,5176
2023-08-31 10:53:48,5,7,3744,5176
2023-08-31 10:54:35,4,7,3744,5176
2023-08-31 10:55:49,5,7,3744,5176
2023-08-31 10:56:04,4,7,3744,5176
2023-08-31 10:57:11,5,7,3744,5176
2023-08-31 10:57:12,4,7,3744,5176
2023-08-31 10:58:43,4,6,3744,5176
2023-08-31 10:59:19,3,6,3744,5176
2023-08-31 10:59:39,3,5,3744,5176
2023-08-31 11:01:28,3,6,3744,5176
2023-08-31 11:01:34,4,6,3744,5176
2023-08-31 11:01:44,3,6,3744,5176
2023-08-31 11:01:46,4,6,3744,5176
2023-08-31 11:01:55,3,6,3744,5176
2023-08-31 11:01:56,4,6,3744,5176
2023-08-31 11:02:02,3,6,3744,5176
2023-08-31 11:02:08,4,6,3744,5176
2023-08-31 11:03:22,3,6,3744,5176
2023-08-31 11:05:17,4,6,3744,5176
2023-08-31 11:05:36,5,6,3744,5176
2023-08-31 11:05:39,4,6,3744,5176
2023-08-31 11:09:16,3,6,3744,5176
2023-08-31 11:09:58,3,5,3744,5176
2023-08-31 11:11:06,3,4,3744,5176
2023-08-31 11:14:01,3,5,3744,5176
2023-08-31 11:20:21,4,5,3744,5176
2023-08-31 11:20:23,3,5,3744,5176
2023-08-31 11:20:29,4,5,3744,5176
2023-08-31 11:20:30,3,5,3744,5176
2023-08-31 11:20:31,3,6,3744,5176
2023-08-31 11:20:31,4,6,3744,5176
2023-08-31 11:23:49,5,6,3744,5176
2023-08-31 11:24:08,4,6,3744,5176
2023-08-31 11:25:07,5,6,3744,5176
2023-08-31 11:25:17,5,6,3994,5426
2023-08-31 11:25:19,5,6,4244,5676
2023-08-31 11:25:20,5,6,4444,5876
2023-08-31 11:25:21,5,6,4644,6076
2023-08-31 11:25:21,5,6,4894,6326
2023-08-31 11:25:22,5,6,5144,6576
2023-08-31 11:25:25,5,6,5394,6826
2023-08-31 11:25:26,5,6,5644,7076
2023-08-31 11:25:27,5,7,5744,7176
2023-08-31 11:25:27,5,8,5745,7377
2023-08-31 11:25:37,5,7,5745,7377
2023-08-31 11:25:59,4,7,5745,7377
2023-08-31 11:26:00,4,6,5745,7377
2023-08-31 11:26:02,4,7,5745,7377
2023-08-31 11:26:08,4,6,5745,7377
2023-08-31 11:26:59,3,6,5745,7377
2023-08-31 11:27:27,3,5,5745,7377
2023-08-31 11:28:43,3,6,5745,7377
2023-08-31 11:28:47,3,5,5745,7377
2023-08-31 11:29:01,3,6,5745,7377
2023-08-31 11:29:13,3,5,5745,7377
2023-08-31 11:30:23,3,6,5745,7377
2023-08-31 11:31:06,3,5,5745,7377
2023-08-31 11:31:26,3,4,5745,7377
2023-08-31 11:31:50,3,5,5745,7577
2023-08-31 11:33:12,3,6,5745,7577
2023-08-31 11:33:42,4,6,5745,7577
2023-08-31 11:33:57,5,6,5745,7577
2023-08-31 11:34:01,5,7,5745,7577
2023-08-31 11:35:12,5,8,5745,7577
2023-08-31 11:35:13,6,8,5745,7577
2023-08-31 11:37:02,5,8,5745,7577
2023-08-31 11:37:37,5,7,5745,7577
2023-08-31 11:37:39,5,8,5745,7577
2023-08-31 11:37:40,5,7,5745,7577
2023-08-31 11:38:27,4,7,5745,7577
2023-08-31 11:38:27,4,6,5745,7577
2023-08-31 11:38:29,4,6,5745,7777
2023-08-31 11:40:16,3,6,5745,7777
2023-08-31 11:40:17,4,6,5745,7777
2023-08-31 11:40:19,3,6,5745,7777
2023-08-31 11:40:20,4,6,5745,7777
2023-08-31 11:41:10,3,6,5745,7777
2023-08-31 11:41:38,4,6,5745,7777
2023-08-31 11:41:41,3,6,5745,7777
2023-08-31 11:41:52,4,6,5745,7777
2023-08-31 11:41:53,3,6,5745,7777
2023-08-31 11:41:55,4,6,5745,7777
2023-08-31 11:42:07,3,6,5745,7777
2023-08-31 11:42:08,4,6,5745,7777
2023-08-31 11:42:09,3,6,5745,7777
2023-08-31 11:43:37,3,5,5745,7777
2023-08-31 11:44:35,4,5,5745,7777
2023-08-31 11:44:46,3,5,5745,7777
2023-08-31 11:44:47,4,5,5745,7777
2023-08-31 11:44:48,3,5,5745,7777
2023-08-31 11:44:57,4,5,5745,7777
2023-08-31 11:45:08,4,6,5745,7777
2023-08-31 11:45:10,4,5,5745,7777
2023-08-31 11:45:24,4,6,5745,7777
2023-08-31 11:45:33,4,5,5745,7777
2023-08-31 11:45:38,3,5,5745,7777
2023-08-31 11:46:52,3,4,5745,7777
2023-08-31 12:02:47,3,5,5840,7977
2023-08-31 12:02:57,4,5,5840,7977
2023-08-31 12:02:57,3,5,5999,8136
2023-08-31 12:02:58,3,6,5999,8136
2023-08-31 12:02:58,4,6,5999,8136
2023-08-31 12:02:58,3,6,6132,8269
2023-08-31 12:02:59,4,6,6132,8269
2023-08-31 12:02:59,3,6,6227,8364
2023-08-31 12:03:00,4,6,6227,8364
2023-08-31 12:03:00,3,6,6340,8477
2023-08-31 12:03:01,4,6,6340,8477
2023-08-31 12:03:01,3,6,6434,8571
2023-08-31 12:03:02,4,6,6434,8571
2023-08-31 12:03:02,3,6,6549,8686
2023-08-31 12:03:03,4,6,6549,8686
2023-08-31 12:03:03,3,6,6646,8783
2023-08-31 12:03:04,4,6,6646,8783
2023-08-31 12:03:05,3,6,6782,8919
2023-08-31 12:03:06,4,6,6782,8919
2023-08-31 12:03:06,3,6,6928,9065
2023-08-31 12:03:07,4,6,6928,9065
2023-08-31 12:03:07,3,6,7066,9203
2023-08-31 12:03:08,4,6,7066,9203
2023-08-31 12:03:08,3,6,7241,9378
2023-08-31 12:03:09,4,6,7241,9378
2023-08-31 12:03:09,4,6,7277,9414
2023-08-31 12:03:25,3,6,7277,9414
2023-08-31 12:03:25,3,5,7277,9414
2023-08-31 12:03:26,3,6,7277,9414
2023-08-31 12:03:27,4,6,7277,9414
2023-08-31 12:03:43,3,6,7277,9414
2023-08-31 12:03:44,4,6,7277,9414
2023-08-31 12:03:48,3,6,7277,9414
2023-08-31 12:03:56,3,5,7277,9414
2023-08-31 12:05:13,3,4,7277,9414
2023-08-31 12:09:31,3,4,7477,9614
2023-08-31 12:09:57,2,4,7527,9664
2023-08-31 12:10:02,2,3,7527,9664
2023-08-31 12:13:44,2,4,7527,9664
2023-08-31 12:16:31,3,4,7527,9664
2023-08-31 12:16:31,2,4,7650,9787
2023-08-31 12:16:33,3,4,7650,9787
2023-08-31 12:16:33,2,4,7786,9923
2023-08-31 12:16:38,3,4,7786,9923
2023-08-31 12:16:38,2,4,7920,10057
2023-08-31 12:17:20,2,5,7920,10057
2023-08-31 12:17:30,3,5,7920,10057
2023-08-31 12:17:52,3,5,8120,10257
2023-08-31 12:18:06,4,5,8120,10257
2023-08-31 12:18:11,4,6,8120,10257
2023-08-31 12:20:08,5,6,8120,10257
2023-08-31 12:21:08,4,6,8120,10257
2023-08-31 12:21:15,5,6,8120,10257
2023-08-31 12:21:18,5,7,8120,10257
2023-08-31 12:21:19,6,7,8120,10257
2023-08-31 12:21:50,6,8,8120,10257
2023-08-31 12:22:13,7,8,8120,10257
2023-08-31 12:22:21,7,9,8120,10257
2023-08-31 12:23:06,8,9,8120,10257
2023-08-31 12:23:08,8,10,8120,10257
2023-08-31 12:23:26,8,11,8120,10257
2023-08-31 12:23:26,9,11,8120,10257
2023-08-31 12:23:58,10,11,8120,10257
2023-08-31 12:23:59,10,12,8120,10257
2023-08-31 12:24:20,9,12,8120,10257
2023-08-31 12:24:34,9,11,8120,10257
2023-08-31 12:24:35,9,12,8120,10257
2023-08-31 12:24:46,10,12,8120,10257
2023-08-31 12:24:54,9,12,8120,10257
2023-08-31 12:24:55,10,12,8120,10257
2023-08-31 12:25:14,9,12,8120,10257
2023-08-31 12:25:14,9,11,8120,10257
2023-08-31 12:25:15,9,12,8120,10257
2023-08-31 12:25:16,9,11,8120,10257
2023-08-31 12:25:17,9,12,8120,10257
2023-08-31 12:25:17,9,10,8120,10257
2023-08-31 12:25:18,9,12,8120,10257
2023-08-31 12:25:18,9,11,8120,10257
2023-08-31 12:25:19,9,10,8120,10257
2023-08-31 12:25:20,9,11,8120,10257
2023-08-31 12:25:20,9,12,8120,10257
2023-08-31 12:25:21,9,11,8120,10257
2023-08-31 12:25:22,9,12,8120,10257
2023-08-31 12:25:22,9,10,8120,10257
2023-08-31 12:25:23,9,12,8120,10257
2023-08-31 12:25:24,9,11,8120,10257
2023-08-31 12:25:25,9,12,8120,10257
2023-08-31 12:25:26,9,11,8120,10257
2023-08-31 12:25:27,9,12,8120,10257
2023-08-31 12:25:27,9,10,8120,10257
2023-08-31 12:25:28,9,12,8120,10257
2023-08-31 12:25:29,9,11,8120,10257
2023-08-31 12:25:30,9,12,8120,10257
2023-08-31 12:25:30,9,11,8120,10257
2023-08-31 12:25:30,8,10,7920,10457
2023-08-31 12:25:31,8,11,7920,10457
2023-08-31 12:25:32,8,10,7920,10457
2023-08-31 12:25:33,8,11,7920,10457
2023-08-31 12:25:34,8,10,7920,10457
2023-08-31 12:25:35,8,11,7920,10457
2023-08-31 12:25:36,8,10,7920,10457
2023-08-31 12:25:37,8,11,7920,10457
2023-08-31 12:25:38,8,10,7920,10457
2023-08-31 12:25:39,8,11,7920,10457
2023-08-31 12:25:40,8,10,7920,10457
2023-08-31 12:25:41,8,11,7920,10457
2023-08-31 12:25:42,8,10,7920,10457
2023-08-31 12:25:43,8,11,7920,10457
2023-08-31 12:25:44,8,10,7920,10457
2023-08-31 12:25:45,8,11,7920,10457
2023-08-31 12:25:46,8,10,7920,10457
2023-08-31 12:25:47,8,11,7920,10457
2023-08-31 12:25:48,8,10,7920,10457
2023-08-31 12:25:49,8,11,7920,10457
2023-08-31 12:25:50,8,10,7920,10457
2023-08-31 12:25:51,8,11,7920,10457
2023-08-31 12:25:52,8,10,7920,10457
2023-08-31 12:25:53,8,11,7920,10457
2023-08-31 12:25:54,8,10,7920,10457
2023-08-31 12:25:55,8,11,7920,10457
2023-08-31 12:25:56,8,10,7920,10457
2023-08-31 12:26:11,8,9,7920,10457
2023-08-31 12:26:12,8,10,7920,10457
2023-08-31 12:26:13,8,9,7920,10457
2023-08-31 12:26:14,8,10,7920,10457
2023-08-31 12:26:15,8,9,7920,10457
2023-08-31 12:26:16,8,10,7920,10457
2023-08-31 12:26:17,8,9,7920,10457
2023-08-31 12:26:18,8,10,7920,10457
2023-08-31 12:26:19,8,9,7920,10457
2023-08-31 12:26:20,8,10,7920,10457
2023-08-31 12:26:21,7,10,7920,10457
2023-08-31 12:26:21,7,9,7920,10457
2023-08-31 12:26:22,7,10,7920,10457
2023-08-31 12:26:23,7,9,7920,10457
2023-08-31 12:26:24,7,10,7920,10457
2023-08-31 12:26:25,7,9,7920,10457
2023-08-31 12:26:26,7,10,7920,10457
2023-08-31 12:26:31,7,11,7920,10457
2023-08-31 12:26:31,7,10,7920,10457
2023-08-31 12:26:32,7,11,7920,10457
2023-08-31 12:26:33,7,10,7920,10457
2023-08-31 12:26:34,7,11,7920,10457
2023-08-31 12:26:34,7,10,7920,10457
2023-08-31 12:26:47,7,11,7920,10457
2023-08-31 12:26:47,7,10,7920,10457
2023-08-31 12:26:48,7,11,7920,10457
2023-08-31 12:26:49,7,10,7920,10457
2023-08-31 12:26:50,7,11,7920,10457
2023-08-31 12:26:51,7,10,7920,10457
2023-08-31 12:26:52,7,11,7920,10457
2023-08-31 12:26:53,7,10,7920,10457
2023-08-31 12:26:57,7,9,7920,10457
2023-08-31 12:26:58,7,10,7920,10457
2023-08-31 12:26:59,7,9,7920,10457
2023-08-31 12:27:00,7,10,7920,10457
2023-08-31 12:27:01,7,9,7920,10457
2023-08-31 12:27:02,7,10,7920,10457
2023-08-31 12:27:03,7,9,7920,10457
2023-08-31 12:27:04,7,10,7920,10457
2023-08-31 12:27:05,7,9,7920,10457
2023-08-31 12:27:06,7,10,7920,10457
2023-08-31 12:27:30,7,9,7920,10457
2023-08-31 12:27:31,7,10,7920,10457
2023-08-31 12:27:34,7,9,7920,10457
2023-08-31 12:27:35,7,10,7920,10457
2023-08-31 12:27:36,7,9,7920,10457
2023-08-31 12:27:37,7,10,7920,10457
2023-08-31 12:27:38,7,9,7920,10457
2023-08-31 12:27:39,7,10,7920,10457
2023-08-31 12:27:44,7,9,7920,10457
2023-08-31 12:27:45,7,10,7920,10457
2023-08-31 12:27:46,7,9,7920,10457
2023-08-31 12:27:47,7,10,7920,10457
2023-08-31 12:27:48,7,9,7920,10457
2023-08-31 12:27:49,7,10,7920,10457
2023-08-31 12:27:50,7,9,7920,10457
2023-08-31 12:27:51,7,10,7920,10457
2023-08-31 12:27:52,7,9,7920,10457
2023-08-31 12:27:53,7,10,7920,10457
2023-08-31 12:27:55,7,9,7920,10457
2023-08-31 12:27:56,7,10,7920,10457
2023-08-31 12:27:57,7,9,7920,10457
2023-08-31 12:27:58,7,10,7920,10457
2023-08-31 12:28:07,7,9,7920,10457
2023-08-31 12:28:08,7,10,7920,10457
2023-08-31 12:28:09,7,9,7920,10457
2023-08-31 12:28:10,7,10,7920,10457
2023-08-31 12:28:11,7,9,7920,10457
2023-08-31 12:28:12,7,10,7920,10457
2023-08-31 12:28:14,7,9,7920,10457
2023-08-31 12:28:15,7,10,7920,10457
2023-08-31 12:28:18,7,9,7920,10457
2023-08-31 12:28:19,7,10,7920,10457
2023-08-31 12:28:20,7,9,7920,10457
2023-08-31 12:28:21,7,10,7920,10457
2023-08-31 12:28:22,7,9,7920,10457
2023-08-31 12:28:23,7,10,7920,10457
2023-08-31 12:28:24,7,9,7920,10457
2023-08-31 12:28:25,7,10,7920,10457
2023-08-31 12:28:26,7,9,7920,10457
2023-08-31 12:28:27,7,10,7920,10457
2023-08-31 12:28:54,7,9,7920,10457
2023-08-31 12:28:55,7,10,7920,10457
2023-08-31 12:28:56,7,9,7920,10457
2023-08-31 12:28:57,7,10,7920,10457
2023-08-31 12:28:58,7,9,7920,10457
2023-08-31 12:28:59,7,10,7920,10457
2023-08-31 12:29:00,7,9,7920,10457
2023-08-31 12:29:01,7,10,7920,10457
2023-08-31 12:29:05,7,9,7920,10457
2023-08-31 12:29:06,7,10,7920,10457
2023-08-31 12:29:07,7,9,7920,10457
2023-08-31 12:29:08,7,10,7920,10457
2023-08-31 12:29:09,7,9,7920,10457
2023-08-31 12:29:10,7,10,7920,10457
2023-08-31 12:29:38,7,9,7920,10457
2023-08-31 12:29:39,7,10,7920,10457
2023-08-31 12:29:40,7,9,7920,10457
2023-08-31 12:29:41,7,10,7920,10457
2023-08-31 12:29:46,7,9,7920,10457
2023-08-31 12:29:47,7,10,7920,10457
2023-08-31 12:29:48,7,9,7920,10457
2023-08-31 12:29:49,7,10,7920,10457
2023-08-31 12:29:55,7,9,7920,10457
2023-08-31 12:30:08,7,10,7920,10457
2023-08-31 12:30:09,7,9,7920,10457
2023-08-31 12:30:19,7,10,7920,10457
2023-08-31 12:31:02,7,9,7920,10457
2023-08-31 12:31:03,6,9,7920,10457
2023-08-31 12:31:25,6,8,7920,10457
2023-08-31 12:34:04,6,9,7920,10457
2023-08-31 12:34:22,7,9,7920,10457
2023-08-31 12:34:31,6,9,7920,10457
2023-08-31 12:34:32,7,9,7920,10457
2023-08-31 12:34:40,6,9,7920,10457
2023-08-31 12:34:50,7,9,7920,10457
2023-08-31 12:34:51,6,9,7920,10457
2023-08-31 12:34:52,7,9,7920,10457
2023-08-31 12:34:58,6,9,7920,10457
2023-08-31 12:35:22,6,8,7920,10457
2023-08-31 12:35:23,6,9,7920,10457
2023-08-31 12:35:24,6,8,7920,10457
2023-08-31 12:35:25,6,9,7920,10457
2023-08-31 12:35:26,6,8,7920,10457
2023-08-31 12:35:27,6,9,7920,10457
2023-08-31 12:36:36,6,8,7920,10457
2023-08-31 12:36:37,6,9,7920,10457
2023-08-31 12:36:38,6,8,7920,10457
2023-08-31 12:36:39,6,9,7920,10457
2023-08-31 12:36:40,6,8,7920,10457
2023-08-31 12:36:41,6,9,7920,10457
2023-08-31 12:36:42,6,8,7920,10457
2023-08-31 12:36:43,6,9,7920,10457
2023-08-31 12:36:44,6,8,7920,10457
2023-08-31 12:36:45,6,9,7920,10457
2023-08-31 12:36:46,6,8,7920,10457
2023-08-31 12:36:47,6,9,7920,10457
2023-08-31 12:36:48,6,8,7920,10457
2023-08-31 12:36:49,6,9,7920,10457
2023-08-31 12:36:50,6,8,7920,10457
2023-08-31 12:36:51,6,9,7920,10457
2023-08-31 12:36:52,6,8,7920,10457
2023-08-31 12:36:53,6,9,7920,10457
2023-08-31 12:36:54,6,8,7920,10457
2023-08-31 12:36:55,6,9,7920,10457
2023-08-31 12:37:16,7,9,7920,10457
2023-08-31 12:38:19,6,9,7920,10457
2023-08-31 12:38:22,7,9,7920,10457
2023-08-31 12:38:27,6,9,7920,10457
2023-08-31 12:38:33,6,8,7920,10457
2023-08-31 12:40:43,5,8,7920,10457
2023-08-31 12:40:43,5,7,7920,10457
2023-08-31 12:42:02,5,8,7920,10457
2023-08-31 12:42:40,5,7,7920,10457
2023-08-31 12:43:04,5,8,7920,10457
2023-08-31 12:43:13,6,8,7920,10457
2023-08-31 12:43:44,6,9,7920,10457
2023-08-31 12:44:25,7,9,7920,10457
2023-08-31 12:44:31,6,9,7920,10457
2023-08-31 12:44:32,7,9,7920,10457
2023-08-31 12:44:33,6,9,7920,10457
2023-08-31 12:44:35,7,9,7920,10457
2023-08-31 12:44:36,6,9,7920,10457
2023-08-31 12:44:37,7,9,7920,10457
2023-08-31 12:44:47,8,9,7920,10457
2023-08-31 12:45:26,9,11,7920,10458
2023-08-31 12:45:26,9,11,8020,10558
2023-08-31 12:45:30,10,11,8020,10558
2023-08-31 12:45:33,10,12,8020,10558
2023-08-31 12:45:47,11,12,8020,10558
2023-08-31 12:45:49,11,13,8020,10558
2023-08-31 12:45:55,10,13,8020,10558
2023-08-31 12:45:59,10,12,8020,10558
2023-08-31 12:46:02,9,12,8020,10558
2023-08-31 12:46:13,10,12,8020,10558
2023-08-31 12:46:19,10,13,8020,10558
2023-08-31 12:46:23,11,13,8020,10558
2023-08-31 12:46:24,11,14,8020,10558
2023-08-31 12:46:26,12,14,8020,10558
2023-08-31 12:46:39,12,13,8020,10558
2023-08-31 12:46:51,13,14,8020,10559
2023-08-31 12:47:02,12,14,8020,10559
2023-08-31 12:47:16,12,13,8020,10559
2023-08-31 12:47:17,12,14,8020,10559
2023-08-31 12:47:18,12,13,8020,10559
2023-08-31 12:47:19,12,14,8020,10559
2023-08-31 12:47:20,12,13,8020,10559
2023-08-31 12:47:23,12,14,8020,10559
2023-08-31 12:47:24,12,13,8020,10559
2023-08-31 12:47:25,12,14,8020,10559
2023-08-31 12:47:26,12,13,8020,10559
2023-08-31 12:47:27,12,14,8020,10559
2023-08-31 12:47:28,12,13,8020,10559
2023-08-31 12:47:29,12,14,8020,10559
2023-08-31 12:47:30,12,13,8020,10559
2023-08-31 12:47:31,12,14,8020,10559
2023-08-31 12:47:32,12,13,8020,10559
2023-08-31 12:47:33,12,14,8020,10559
2023-08-31 12:47:34,12,13,8020,10559
2023-08-31 12:47:35,12,14,8020,10559
2023-08-31 12:47:36,12,13,8020,10559
2023-08-31 12:47:37,12,14,8020,10559
2023-08-31 12:47:38,12,13,8020,10559
2023-08-31 12:47:39,12,14,8020,10559
2023-08-31 12:47:40,12,13,8020,10559
2023-08-31 12:47:41,12,14,8020,10559
2023-08-31 12:47:42,12,13,8020,10559
2023-08-31 12:47:43,12,14,8020,10559
2023-08-31 12:47:44,12,13,8020,10559
2023-08-31 12:47:45,12,14,8020,10559
2023-08-31 12:47:46,12,13,8020,10559
2023-08-31 12:47:47,12,14,8020,10559
2023-08-31 12:47:48,12,13,8020,10559
2023-08-31 12:47:49,12,14,8020,10559
2023-08-31 12:47:50,12,13,8020,10559
2023-08-31 12:47:51,12,14,8020,10559
2023-08-31 12:48:29,13,14,8020,10559
2023-08-31 12:48:47,13,16,8220,10759
2023-08-31 12:48:47,14,16,8220,10759
2023-08-31 12:48:49,14,15,8220,10759
2023-08-31 12:48:50,14,16,8220,10759
2023-08-31 12:48:51,14,15,8220,10759
2023-08-31 12:48:52,14,16,8220,10759
2023-08-31 12:48:53,14,15,8220,10759
2023-08-31 12:48:54,14,16,8220,10759
2023-08-31 12:48:55,14,15,8220,10759
2023-08-31 12:48:56,14,16,8220,10759
2023-08-31 12:49:23,15,16,8220,10759
2023-08-31 12:49:38,16,18,8220,10760
2023-08-31 12:49:38,16,17,8220,10760
2023-08-31 12:49:39,16,17,8220,10957
2023-08-31 12:49:39,16,18,8220,10957
2023-08-31 12:49:39,16,18,8220,11060
2023-08-31 12:49:40,15,18,8220,11060
2023-08-31 12:49:44,16,18,8220,11060
2023-08-31 12:49:49,15,18,8220,11060
2023-08-31 12:49:53,15,17,8220,11060
2023-08-31 12:49:54,15,18,8220,11060
2023-08-31 12:49:55,15,17,8220,11060
2023-08-31 12:49:56,15,18,8220,11060
2023-08-31 12:49:57,15,17,8220,11060
2023-08-31 12:49:58,15,18,8220,11060
2023-08-31 12:50:02,15,17,8220,11060
2023-08-31 12:50:03,15,18,8220,11060
2023-08-31 12:50:04,15,17,8220,11060
2023-08-31 12:50:05,15,18,8220,11060
2023-08-31 12:50:05,15,17,8220,11060
2023-08-31 12:50:07,14,17,8220,11060
2023-08-31 12:50:08,14,16,8220,11060
2023-08-31 12:50:09,14,17,8220,11060
2023-08-31 12:50:10,14,16,8220,11060
2023-08-31 12:50:11,14,17,8220,11060
2023-08-31 12:50:12,14,16,8220,11060
2023-08-31 12:50:15,14,17,8220,11060
2023-08-31 12:50:16,14,16,8220,11060
2023-08-31 12:50:17,14,17,8220,11060
2023-08-31 12:50:18,14,16,8220,11060
2023-08-31 12:50:19,14,17,8220,11060
2023-08-31 12:50:20,14,16,8220,11060
2023-08-31 12:50:21,14,17,8220,11060
2023-08-31 12:50:30,14,16,8220,11060
2023-08-31 12:50:31,14,17,8220,11060
2023-08-31 12:50:32,14,16,8220,11060
2023-08-31 12:50:33,14,17,8220,11060
2023-08-31 12:50:34,14,16,8220,11060
2023-08-31 12:50:35,14,17,8220,11060
2023-08-31 12:50:36,14,16,8220,11060
2023-08-31 12:50:37,13,16,8220,11060
2023-08-31 12:50:37,13,15,8220,11060
2023-08-31 12:50:38,13,16,8220,11060
2023-08-31 12:50:39,13,15,8220,11060
2023-08-31 12:50:40,13,16,8220,11060
2023-08-31 12:50:41,13,15,8220,11060
2023-08-31 12:50:42,13,14,8220,11060
2023-08-31 12:50:43,13,15,8220,11060
2023-08-31 12:50:44,13,14,8220,11060
2023-08-31 12:50:45,13,15,8220,11060
2023-08-31 12:50:46,13,14,8220,11060
2023-08-31 12:50:47,13,15,8220,11060
2023-08-31 12:50:47,13,14,8220,11060
2023-08-31 12:50:52,12,14,8220,11060
2023-08-31 12:50:58,12,13,8220,11060
2023-08-31 12:50:59,12,14,8220,11060
2023-08-31 12:51:00,12,13,8220,11060
2023-08-31 12:51:01,12,14,8220,11060
2023-08-31 12:51:05,12,15,8220,11060
2023-08-31 12:51:06,12,14,8220,11060
2023-08-31 12:51:07,12,15,8220,11060
2023-08-31 12:51:08,12,14,8220,11060
2023-08-31 12:51:09,12,15,8220,11060
2023-08-31 12:51:10,12,14,8220,11060
2023-08-31 12:51:11,12,15,8220,11060
2023-08-31 12:51:12,12,14,8220,11060
2023-08-31 12:51:13,12,15,8220,11060
2023-08-31 12:51:15,12,16,8220,11060
2023-08-31 12:51:16,12,15,8220,11060
2023-08-31 12:51:18,12,14,8220,11060
2023-08-31 12:51:19,12,15,8220,11060
2023-08-31 12:51:27,12,16,8220,11060
2023-08-31 12:51:28,12,15,8220,11060
2023-08-31 12:51:28,13,15,8220,11060
2023-08-31 12:51:29,13,16,8220,11060
2023-08-31 12:51:30,13,15,8220,11060
2023-08-31 12:51:31,13,16,8220,11060
2023-08-31 12:51:32,13,15,8220,11060
2023-08-31 12:51:33,13,16,8220,11060
2023-08-31 12:51:34,13,15,8220,11060
2023-08-31 12:51:35,13,16,8220,11060
2023-08-31 12:51:36,13,15,8220,11060
2023-08-31 12:51:37,13,16,8220,11060
2023-08-31 12:51:38,13,15,8220,11060
2023-08-31 12:51:39,13,16,8220,11060
2023-08-31 12:51:40,13,15,8220,11060
2023-08-31 12:51:41,13,16,8220,11060
2023-08-31 12:51:41,13,14,8220,11060
2023-08-31 12:51:42,13,16,8220,11060
2023-08-31 12:51:42,13,15,8220,11060
2023-08-31 12:51:43,13,14,8220,11060
2023-08-31 12:51:43,12,14,8220,11060
2023-08-31 12:51:44,12,15,8220,11060
2023-08-31 12:51:45,12,14,8220,11060
2023-08-31 12:51:46,12,15,8220,11060
2023-08-31 12:51:47,12,14,8220,11060
2023-08-31 12:51:48,12,15,8220,11060
2023-08-31 12:51:49,12,14,8220,11060
2023-08-31 12:51:50,12,15,8220,11060
2023-08-31 12:51:51,12,14,8220,11060
2023-08-31 12:51:52,12,15,8220,11060
2023-08-31 12:51:53,12,14,8220,11060
2023-08-31 12:51:54,12,15,8220,11060
2023-08-31 12:51:58,12,16,8220,11060
2023-08-31 12:51:59,12,15,8220,11060
2023-08-31 12:52:00,12,16,8220,11060
2023-08-31 12:52:00,12,15,8220,11060
2023-08-31 12:52:01,12,14,8220,11060
2023-08-31 12:52:02,12,15,8220,11060
2023-08-31 12:52:03,12,14,8220,11060
2023-08-31 12:52:04,12,15,8220,11060
2023-08-31 12:52:07,12,14,8220,11060
2023-08-31 12:52:08,12,15,8220,11060
2023-08-31 12:52:09,12,14,8220,11060
2023-08-31 12:52:10,12,15,8220,11060
2023-08-31 12:52:13,12,16,8220,11060
2023-08-31 12:52:15,12,15,8220,11060
2023-08-31 12:52:16,12,16,8220,11060
2023-08-31 12:52:17,12,15,8220,11060
2023-08-31 12:52:18,12,16,8220,11060
2023-08-31 12:52:19,12,15,8220,11060
2023-08-31 12:52:20,12,16,8220,11060
2023-08-31 12:52:21,12,15,8220,11060
2023-08-31 12:52:22,12,16,8220,11060
2023-08-31 12:52:23,12,15,8220,11060
2023-08-31 12:52:24,12,16,8220,11060
2023-08-31 12:52:25,12,15,8220,11060
2023-08-31 12:52:26,12,16,8220,11060
2023-08-31 12:52:26,13,16,8220,11060
2023-08-31 12:52:27,13,15,8220,11060
2023-08-31 12:52:28,13,16,8220,11060
2023-08-31 12:52:29,13,15,8220,11060
2023-08-31 12:52:30,13,16,8220,11060
2023-08-31 12:52:31,13,15,8220,11060
2023-08-31 12:52:32,13,16,8220,11060
2023-08-31 12:52:33,13,15,8220,11060
2023-08-31 12:52:34,13,16,8220,11060
2023-08-31 12:52:35,13,15,8220,11060
2023-08-31 12:52:36,13,16,8220,11060
2023-08-31 12:52:37,13,15,8220,11060
2023-08-31 12:52:38,13,16,8220,11060
2023-08-31 12:52:39,13,15,8220,11060
2023-08-31 12:52:40,13,16,8220,11060
2023-08-31 12:52:41,13,15,8220,11060
2023-08-31 12:52:42,13,16,8220,11060
2023-08-31 12:52:43,13,15,8220,11060
2023-08-31 12:52:44,13,16,8220,11060
2023-08-31 12:52:44,13,14,8220,11060
2023-08-31 12:52:45,13,16,8220,11060
2023-08-31 12:52:45,12,16,8220,11060
2023-08-31 12:52:46,12,15,8220,11060
2023-08-31 12:52:47,12,16,8220,11060
2023-08-31 12:52:47,12,14,8220,11060
2023-08-31 12:52:48,12,16,8220,11060
2023-08-31 12:52:49,12,15,8220,11060
2023-08-31 12:52:50,12,16,8220,11060
2023-08-31 12:52:50,12,15,8220,11060
2023-08-31 12:52:51,12,14,8220,11060
2023-08-31 12:52:52,12,15,8220,11060
2023-08-31 12:52:53,12,16,8220,11060
2023-08-31 12:52:53,12,14,8220,11060
2023-08-31 12:52:54,12,16,8220,11060
2023-08-31 12:52:55,12,15,8220,11060
2023-08-31 12:52:56,12,16,8220,11060
2023-08-31 12:52:57,12,15,8220,11060
2023-08-31 12:52:58,12,16,8220,11060
2023-08-31 12:52:59,12,15,8220,11060
2023-08-31 12:53:00,12,16,8220,11060
2023-08-31 12:53:01,12,15,8220,11060
2023-08-31 12:53:02,12,16,8220,11060
2023-08-31 12:53:03,12,15,8220,11060
2023-08-31 12:53:05,12,14,8220,11060
2023-08-31 12:53:06,12,15,8220,11060
2023-08-31 12:53:07,12,14,8220,11060
2023-08-31 12:53:08,12,15,8220,11060
2023-08-31 12:53:08,12,13,8220,11060
2023-08-31 12:53:09,12,15,8220,11060
2023-08-31 12:53:09,12,14,8220,11060
2023-08-31 12:53:10,11,14,8220,11060
2023-08-31 12:53:12,11,13,8220,11060
2023-08-31 12:53:13,11,14,8220,11060
2023-08-31 12:53:14,11,13,8220,11060
2023-08-31 12:53:15,11,14,8220,11060
2023-08-31 12:53:16,11,13,8220,11060
2023-08-31 12:53:17,11,14,8220,11060
2023-08-31 12:53:18,11,13,8220,11060
2023-08-31 12:53:19,11,14,8220,11060
2023-08-31 12:53:19,11,12,8220,11060
2023-08-31 12:53:19,11,14,8220,11182
2023-08-31 12:53:20,11,13,8220,11182
2023-08-31 12:53:21,11,12,8220,11182
2023-08-31 12:53:22,11,13,8220,11310
2023-08-31 12:53:23,11,12,8220,11310
2023-08-31 12:53:27,11,13,8220,11310
2023-08-31 12:53:43,11,14,8220,11310
2023-08-31 12:53:48,11,13,8220,11310
2023-08-31 12:53:49,11,14,8220,11310
2023-08-31 12:53:53,11,13,8220,11310
2023-08-31 12:54:03,11,14,8220,11310
2023-08-31 12:54:13,11,13,8220,11310
2023-08-31 12:54:20,11,14,8220,11310
2023-08-31 12:54:21,11,13,8220,11310
2023-08-31 12:54:37,10,13,8220,11310
2023-08-31 12:55:41,10,11,8220,11310
2023-08-31 12:55:41,9,11,8220,11310
2023-08-31 12:55:57,8,11,8220,11310
2023-08-31 12:56:00,8,10,8220,11310
2023-08-31 12:56:13,8,11,8220,11310
2023-08-31 12:56:35,8,10,8220,11310
2023-08-31 12:56:36,8,11,8220,11310
2023-08-31 12:56:37,8,10,8220,11310
2023-08-31 12:56:38,8,11,8220,11310
2023-08-31 12:56:40,8,10,8220,11310
2023-08-31 12:56:42,8,11,8220,11310
2023-08-31 12:56:44,8,10,8220,11310
2023-08-31 12:57:25,8,9,8220,11310
2023-08-31 12:57:26,7,9,8220,11310
2023-08-31 12:58:05,7,10,8220,11310
2023-08-31 12:58:30,7,9,8220,11310
2023-08-31 12:58:34,7,10,8220,11310
2023-08-31 12:58:41,7,9,8220,11310
2023-08-31 12:58:43,7,10,8220,11310
2023-08-31 12:58:47,7,9,8220,11310
2023-08-31 12:59:04,7,10,8220,11310
2023-08-31 12:59:10,7,9,8220,11310
2023-08-31 12:59:13,7,10,8220,11310
2023-08-31 12:59:14,7,9,8220,11310
2023-08-31 12:59:19,7,10,8220,11310
2023-08-31 12:59:38,7,9,8220,11310
2023-08-31 13:00:25,7,10,8220,11310
2023-08-31 13:00:30,8,10,8220,11310
2023-08-31 13:00:30,8,10,8250,11340
2023-08-31 13:01:05,7,10,8250,11340
2023-08-31 13:01:23,7,9,8250,11340
2023-08-31 13:01:24,7,9,8250,11374
2023-08-31 13:01:47,7,10,8250,11374
2023-08-31 13:02:29,7,9,8250,11374
2023-08-31 13:03:46,6,9,8250,11374
2023-08-31 13:03:47,6,8,8250,11374
2023-08-31 13:05:00,6,7,8250,11374
2023-08-31 13:05:04,5,7,8250,11374
2023-08-31 13:06:21,5,6,8250,11374
2023-08-31 13:06:22,4,6,8250,11374
2023-08-31 13:07:35,4,6,8372,11554
2023-08-31 13:07:36,4,5,8372,11554
2023-08-31 13:09:30,3,5,8372,11554
2023-08-31 13:09:31,3,4,8372,11554
2023-08-31 13:11:37,2,4,8372,11554
2023-08-31 13:11:38,2,3,8372,11554
2023-08-31 13:19:44,2,3,8450,11754
2023-08-31 13:26:27,2,3,8650,11954
2023-08-31 13:30:33,1,2,8750,12054
2023-08-31 14:09:21,0,2,8750,12054
2023-08-31 14:20:35,0,1,8750,12054
