datetime,bid,ask,open_interest,volume
2023-05-25 09:30:19,27,28,3274,5399
2023-05-25 09:30:19,26,27,3277,5407
2023-05-25 09:30:19,26,28,3277,5407
2023-05-25 09:30:20,9,26,3277,5412
2023-05-25 09:30:20,9,28,3277,5412
2023-05-25 09:30:26,9,100,3277,5412
2023-05-25 09:30:26,9,99,3277,5412
2023-05-25 09:30:33,9,98,3277,5412
2023-05-25 09:30:34,9,97,3277,5412
2023-05-25 09:30:34,9,96,3277,5412
2023-05-25 09:30:34,9,95,3277,5412
2023-05-25 09:30:35,9,94,3277,5412
2023-05-25 09:30:35,9,93,3277,5412
2023-05-25 09:30:36,9,92,3277,5412
2023-05-25 09:30:36,9,91,3277,5412
2023-05-25 09:30:37,9,92,3277,5412
2023-05-25 09:30:37,9,90,3277,5412
2023-05-25 09:30:37,9,89,3277,5412
2023-05-25 09:30:38,9,88,3277,5412
2023-05-25 09:30:38,9,87,3277,5412
2023-05-25 09:30:39,9,86,3277,5412
2023-05-25 09:30:39,9,85,3277,5412
2023-05-25 09:30:40,9,84,3277,5412
2023-05-25 09:30:40,9,83,3277,5412
2023-05-25 09:30:41,9,82,3277,5412
2023-05-25 09:30:41,9,81,3277,5412
2023-05-25 09:30:43,9,80,3277,5412
2023-05-25 09:30:44,9,79,3277,5412
2023-05-25 09:30:44,9,80,3277,5412
2023-05-25 09:30:44,9,78,3277,5412
2023-05-25 09:30:45,9,77,3277,5412
2023-05-25 09:30:46,9,76,3277,5412
2023-05-25 09:30:46,9,75,3277,5412
2023-05-25 09:30:47,9,74,3277,5412
2023-05-25 09:30:47,9,73,3277,5412
2023-05-25 09:30:48,9,82,3277,5412
2023-05-25 09:30:48,9,72,3277,5412
2023-05-25 09:30:48,9,71,3277,5412
2023-05-25 09:30:48,9,72,3277,5412
2023-05-25 09:30:50,9,71,3277,5412
2023-05-25 09:30:51,9,70,3277,5412
2023-05-25 09:30:51,9,69,3277,5412
2023-05-25 09:30:51,9,70,3277,5412
2023-05-25 09:30:55,9,69,3277,5412
2023-05-25 09:30:55,9,68,3277,5412
2023-05-25 09:30:55,9,67,3277,5412
2023-05-25 09:30:56,9,66,3277,5412
2023-05-25 09:30:56,9,65,3277,5412
2023-05-25 09:30:56,9,66,3277,5412
2023-05-25 09:30:57,9,65,3277,5412
2023-05-25 09:30:58,9,64,3277,5412
2023-05-25 09:30:58,9,63,3277,5412
2023-05-25 09:30:58,9,64,3277,5412
2023-05-25 09:31:01,9,63,3277,5412
2023-05-25 09:31:01,9,62,3277,5412
2023-05-25 09:31:04,25,62,3277,5412
2023-05-25 09:31:04,25,27,3277,5412
2023-05-25 09:31:09,25,28,3277,5412
2023-05-25 09:31:10,25,27,3277,5412
2023-05-25 09:31:23,25,26,3277,5412
2023-05-25 09:31:24,23,26,3277,5412
2023-05-25 09:31:31,25,26,3277,5412
2023-05-25 09:31:31,25,26,3464,5612
2023-05-25 09:31:32,25,26,3664,5812
2023-05-25 09:31:33,25,26,3864,6012
2023-05-25 09:31:34,25,27,4064,6212
2023-05-25 09:31:35,25,27,4264,6412
2023-05-25 09:31:36,25,27,4464,6612
2023-05-25 09:31:37,25,27,4664,6812
2023-05-25 09:31:38,25,28,4864,7012
2023-05-25 09:31:41,25,28,5064,7212
2023-05-25 09:31:42,25,43,5264,7412
2023-05-25 09:31:42,25,42,5264,7412
2023-05-25 09:31:43,26,42,5264,7412
2023-05-25 09:32:12,26,41,5264,7412
2023-05-25 09:32:12,26,40,5264,7412
2023-05-25 09:32:13,26,39,5264,7412
2023-05-25 09:32:13,26,38,5264,7412
2023-05-25 09:32:14,26,37,5264,7412
2023-05-25 09:32:14,26,36,5264,7412
2023-05-25 09:32:15,26,35,5264,7412
2023-05-25 09:32:16,26,42,5264,7412
2023-05-25 09:32:16,26,41,5264,7412
2023-05-25 09:32:17,26,40,5264,7412
2023-05-25 09:32:17,26,39,5264,7412
2023-05-25 09:32:18,26,38,5264,7412
2023-05-25 09:32:18,26,37,5264,7412
2023-05-25 09:32:19,27,37,5264,7412
2023-05-25 09:32:19,27,36,5264,7412
2023-05-25 09:32:19,26,36,5064,7612
2023-05-25 09:32:19,26,35,5064,7612
2023-05-25 09:32:20,26,29,5064,7612
2023-05-25 09:32:20,26,28,5064,7612
2023-05-25 09:32:21,27,28,5064,7612
2023-05-25 09:32:21,27,29,5064,7612
2023-05-25 09:32:22,26,29,5064,7612
2023-05-25 09:32:24,26,28,5064,7612
2023-05-25 09:32:25,26,28,4864,7812
2023-05-25 09:32:29,26,28,4664,8012
2023-05-25 09:32:30,26,28,4464,8212
2023-05-25 09:32:31,26,28,4264,8412
2023-05-25 09:32:33,25,28,4064,8612
2023-05-25 09:32:35,26,28,4064,8612
2023-05-25 09:32:36,25,28,3864,8812
2023-05-25 09:32:37,25,28,3664,9012
2023-05-25 09:32:38,25,27,3664,9012
2023-05-25 09:32:38,25,26,3664,9012
2023-05-25 09:32:39,25,27,3664,9012
2023-05-25 09:32:45,24,27,3664,9012
2023-05-25 09:32:48,24,26,3664,9012
2023-05-25 09:32:56,23,26,3664,9012
2023-05-25 09:32:56,23,25,3664,9012
2023-05-25 09:32:58,23,26,3664,9012
2023-05-25 09:33:00,23,25,3664,9012
2023-05-25 09:33:03,23,25,3464,9212
2023-05-25 09:33:04,23,25,3277,9412
2023-05-25 09:33:05,23,25,3477,9612
2023-05-25 09:33:07,23,25,3677,9812
2023-05-25 09:33:09,23,24,3677,9812
2023-05-25 09:33:10,23,24,3877,10012
2023-05-25 09:33:11,23,25,3877,10012
2023-05-25 09:33:17,23,24,3877,10012
2023-05-25 09:33:22,23,24,4077,10212
2023-05-25 09:33:23,22,23,4177,10312
2023-05-25 09:33:23,22,24,4177,10312
2023-05-25 09:33:24,22,24,4377,10512
2023-05-25 09:33:25,22,24,4577,10712
2023-05-25 09:33:26,21,24,4777,10912
2023-05-25 09:33:33,21,23,4777,10912
2023-05-25 09:33:41,21,22,4777,10912
2023-05-25 09:33:41,21,22,4977,11112
2023-05-25 09:33:42,21,22,4977,11212
2023-05-25 09:33:43,21,22,4977,11312
2023-05-25 09:33:46,21,22,5177,11512
2023-05-25 09:34:16,21,22,5177,11612
2023-05-25 09:34:17,22,23,5077,11717
2023-05-25 09:34:17,21,23,5077,11717
2023-05-25 09:34:17,21,22,5077,11717
2023-05-25 09:34:18,22,23,4977,11817
2023-05-25 09:34:18,21,23,4977,11817
2023-05-25 09:34:19,21,23,4777,12017
2023-05-25 09:34:22,21,22,4777,12017
2023-05-25 09:34:22,21,23,4577,12217
2023-05-25 09:34:25,21,23,4577,12322
2023-05-25 09:34:25,21,23,4577,12427
2023-05-25 09:34:25,21,22,4577,12427
2023-05-25 09:34:25,21,22,4377,12627
2023-05-25 09:34:26,22,23,4327,12677
2023-05-25 09:34:26,21,23,4327,12677
2023-05-25 09:34:26,21,22,4327,12677
2023-05-25 09:34:27,22,23,4327,12682
2023-05-25 09:34:27,21,23,4327,12682
2023-05-25 09:34:28,21,23,4132,12882
2023-05-25 09:34:29,21,24,3932,13082
2023-05-25 09:34:30,21,23,3932,13082
2023-05-25 09:34:30,23,24,3932,13087
2023-05-25 09:34:30,21,24,3932,13087
2023-05-25 09:34:31,21,24,3737,13287
2023-05-25 09:34:32,21,23,3737,13287
2023-05-25 09:34:32,23,24,3627,13482
2023-05-25 09:34:33,21,24,3627,13482
2023-05-25 09:34:33,21,23,3627,13482
2023-05-25 09:34:34,23,24,3627,13489
2023-05-25 09:34:34,21,24,3627,13489
2023-05-25 09:34:35,21,24,3427,13689
2023-05-25 09:34:37,21,24,3381,13889
2023-05-25 09:34:43,21,24,3481,14089
2023-05-25 09:34:50,22,24,3481,14089
2023-05-25 09:34:54,24,25,3486,14094
2023-05-25 09:34:54,22,25,3486,14094
2023-05-25 09:34:55,22,24,3486,14094
2023-05-25 09:34:55,23,24,3486,14094
2023-05-25 09:34:55,23,25,3686,14294
2023-05-25 09:34:56,22,25,3686,14294
2023-05-25 09:35:02,23,25,3686,14294
2023-05-25 09:35:03,23,25,3691,14299
2023-05-25 09:35:03,23,24,3691,14299
2023-05-25 09:35:12,24,25,3696,14304
2023-05-25 09:35:12,24,25,3896,14504
2023-05-25 09:35:43,24,25,3791,14704
2023-05-25 09:36:11,24,25,3676,14904
2023-05-25 09:36:25,23,24,3691,14979
2023-05-25 09:36:26,23,25,3691,14979
2023-05-25 09:36:27,23,25,3587,15129
2023-05-25 09:36:27,23,24,3587,15129
2023-05-25 09:36:27,22,23,3587,15259
2023-05-25 09:36:27,22,24,3587,15259
2023-05-25 09:36:29,22,25,3587,15259
2023-05-25 09:36:57,23,25,3587,15259
2023-05-25 09:36:57,23,25,3782,15459
2023-05-25 09:36:58,23,25,3982,15659
2023-05-25 09:36:59,23,25,3987,15859
2023-05-25 09:37:00,23,25,4066,16059
2023-05-25 09:37:02,24,25,4066,16059
2023-05-25 09:37:02,24,25,4211,16259
2023-05-25 09:37:04,23,25,4211,16259
2023-05-25 09:37:06,23,25,4335,16459
2023-05-25 09:37:07,25,26,4462,16586
2023-05-25 09:37:07,23,26,4462,16586
2023-05-25 09:37:07,23,25,4462,16586
2023-05-25 09:37:17,24,25,4462,16586
2023-05-25 09:37:18,23,24,4481,16605
2023-05-25 09:37:19,24,25,4662,16786
2023-05-25 09:37:19,23,25,4662,16786
2023-05-25 09:37:21,23,24,4662,16786
2023-05-25 09:37:21,23,25,4862,16986
2023-05-25 09:37:51,23,24,4862,16986
2023-05-25 09:37:52,23,25,4862,16986
2023-05-25 09:37:55,23,24,4862,16986
2023-05-25 09:37:56,23,25,4862,16986
2023-05-25 09:37:57,23,24,4862,16986
2023-05-25 09:38:01,23,24,4662,17186
2023-05-25 09:38:02,22,23,4633,17341
2023-05-25 09:38:02,22,24,4633,17341
2023-05-25 09:38:11,22,24,4587,17541
2023-05-25 09:38:21,21,24,4587,17621
2023-05-25 09:38:22,21,23,4587,17621
2023-05-25 09:38:26,21,23,4587,17954
2023-05-25 09:38:29,21,23,4457,18154
2023-05-25 09:38:31,21,23,4387,18354
2023-05-25 09:38:34,21,23,4387,18554
2023-05-25 09:38:39,21,22,4387,18554
2023-05-25 09:38:40,21,23,4387,18554
2023-05-25 09:38:46,21,22,4387,18554
2023-05-25 09:38:46,21,22,4187,18754
2023-05-25 09:38:48,21,23,4187,18754
2023-05-25 09:38:51,20,21,4187,18759
2023-05-25 09:38:51,20,23,4187,18759
2023-05-25 09:38:56,20,23,3987,18959
2023-05-25 09:38:57,20,22,3987,18959
2023-05-25 09:38:58,20,21,3987,18959
2023-05-25 09:39:00,20,21,3787,19159
2023-05-25 09:39:01,20,21,3587,19359
2023-05-25 09:39:02,20,21,3586,19559
2023-05-25 09:39:05,19,20,3591,19564
2023-05-25 09:39:05,19,21,3591,19564
2023-05-25 09:39:06,19,20,3591,19564
2023-05-25 09:39:06,19,20,3591,19764
2023-05-25 09:39:07,19,20,3591,19964
2023-05-25 09:39:09,19,20,3731,20164
2023-05-25 09:39:10,19,20,3931,20364
2023-05-25 09:39:26,19,20,3931,20464
2023-05-25 09:39:28,19,20,3931,20564
2023-05-25 09:39:29,19,20,3931,20664
2023-05-25 09:39:30,19,20,3931,20764
2023-05-25 09:39:31,19,20,3931,20864
2023-05-25 09:39:33,19,21,3931,20964
2023-05-25 09:39:34,20,21,3931,20964
2023-05-25 09:39:51,20,21,3754,21164
2023-05-25 09:39:53,20,21,3754,21364
2023-05-25 09:39:54,20,21,3654,21564
2023-05-25 09:39:55,20,22,3454,21764
2023-05-25 09:39:56,20,22,3414,21964
2023-05-25 09:39:57,20,22,3610,22164
2023-05-25 09:39:58,20,22,3810,22364
2023-05-25 09:39:59,20,22,4010,22564
2023-05-25 09:40:00,20,22,4210,22764
2023-05-25 09:40:01,20,22,4410,22964
2023-05-25 09:40:02,21,22,4410,22964
2023-05-25 09:40:06,21,22,4510,23164
2023-05-25 09:40:07,22,23,4360,23314
2023-05-25 09:40:07,22,23,4560,23514
2023-05-25 09:40:08,22,23,4760,23714
2023-05-25 09:40:09,22,24,4860,23814
2023-05-25 09:40:09,22,24,4860,23814
2023-05-25 09:40:10,22,24,5060,24014
2023-05-25 09:40:41,22,23,5060,24014
2023-05-25 09:40:44,22,24,5060,24014
2023-05-25 09:40:50,23,24,5060,24014
2023-05-25 09:40:54,22,24,4860,24214
2023-05-25 09:41:01,22,24,4660,24414
2023-05-25 09:41:02,22,24,4460,24614
2023-05-25 09:41:08,22,23,4460,24614
2023-05-25 09:41:09,22,23,4450,24814
2023-05-25 09:41:33,23,24,4450,24819
2023-05-25 09:42:06,23,24,4650,25019
2023-05-25 09:42:10,23,24,4700,25219
2023-05-25 09:42:45,22,23,4695,25324
2023-05-25 09:42:45,22,24,4695,25324
2023-05-25 09:42:53,22,23,4695,25324
2023-05-25 09:42:53,22,23,4495,25524
2023-05-25 09:42:54,22,24,4495,25524
2023-05-25 09:42:56,22,23,4495,25524
2023-05-25 09:42:57,22,24,4495,25524
2023-05-25 09:43:10,22,23,4495,25524
2023-05-25 09:43:11,22,24,4495,25524
2023-05-25 09:43:14,22,23,4495,25524
2023-05-25 09:43:14,22,23,4295,25724
2023-05-25 09:43:16,22,23,4095,25924
2023-05-25 09:43:17,22,23,3895,26124
2023-05-25 09:43:18,22,23,3785,26324
2023-05-25 09:43:19,22,23,3785,26524
2023-05-25 09:43:20,21,22,3780,26529
2023-05-25 09:43:20,21,23,3780,26529
2023-05-25 09:43:29,21,23,3794,26729
2023-05-25 09:43:59,22,23,3794,26729
2023-05-25 09:43:59,23,24,3794,26739
2023-05-25 09:43:59,22,24,3794,26739
2023-05-25 09:44:01,22,24,3795,26939
2023-05-25 09:44:02,22,25,3795,27139
2023-05-25 09:44:03,22,24,3795,27139
2023-05-25 09:44:03,24,25,3800,27144
2023-05-25 09:44:03,22,25,3800,27144
2023-05-25 09:44:07,22,25,3905,27344
2023-05-25 09:44:08,23,25,3905,27344
2023-05-25 09:44:08,24,25,3905,27344
2023-05-25 09:44:08,24,25,4105,27544
2023-05-25 09:44:09,24,25,4305,27744
2023-05-25 09:44:11,24,25,4354,27944
2023-05-25 09:44:12,25,26,4488,28143
2023-05-25 09:44:12,24,26,4488,28143
2023-05-25 09:44:14,24,26,4688,28343
2023-05-25 09:44:22,24,26,4888,28543
2023-05-25 09:44:23,24,26,5088,28743
2023-05-25 09:44:24,25,26,5088,28743
2023-05-25 09:44:27,25,26,5088,28812
2023-05-25 09:44:53,25,26,4949,29012
2023-05-25 09:44:54,25,26,4804,29212
2023-05-25 09:44:57,24,25,4799,29217
2023-05-25 09:44:57,24,26,4799,29217
2023-05-25 09:44:59,24,25,4799,29217
2023-05-25 09:45:00,24,26,4799,29217
2023-05-25 09:45:01,24,25,4799,29217
2023-05-25 09:45:03,24,25,4599,29417
2023-05-25 09:45:04,24,26,4599,29417
2023-05-25 09:45:05,24,25,4599,29417
2023-05-25 09:45:07,24,25,4399,29617
2023-05-25 09:45:08,24,26,4399,29617
2023-05-25 09:45:09,24,25,4399,29617
2023-05-25 09:45:09,24,25,4199,29817
2023-05-25 09:45:11,24,26,4199,29817
2023-05-25 09:45:15,23,24,4194,29822
2023-05-25 09:45:15,23,26,4194,29822
2023-05-25 09:45:17,23,26,3994,30022
2023-05-25 09:45:18,23,26,3898,30222
2023-05-25 09:45:19,23,25,3898,30222
2023-05-25 09:45:19,23,24,3898,30222
2023-05-25 09:45:19,23,24,3898,30422
2023-05-25 09:45:20,23,24,3898,30622
2023-05-25 09:45:21,23,24,3908,30822
2023-05-25 09:45:22,23,24,4108,31022
2023-05-25 09:45:23,23,24,4303,31222
2023-05-25 09:45:24,22,24,4503,31422
2023-05-25 09:45:24,23,24,4503,31422
2023-05-25 09:45:44,22,23,4503,31427
2023-05-25 09:45:44,22,24,4503,31427
2023-05-25 09:45:48,22,23,4503,31427
2023-05-25 09:45:50,22,23,4503,31627
2023-05-25 09:45:53,22,23,4503,31827
2023-05-25 09:45:55,22,23,4303,32027
2023-05-25 09:46:01,21,22,4203,32127
2023-05-25 09:46:03,21,22,4403,32327
2023-05-25 09:46:04,21,22,4603,32527
2023-05-25 09:46:05,21,22,4653,32727
2023-05-25 09:46:07,21,22,4815,32927
2023-05-25 09:46:39,21,22,4615,33127
2023-05-25 09:46:42,21,22,4415,33327
2023-05-25 09:46:43,21,22,4221,33527
2023-05-25 09:46:45,21,22,4021,33727
2023-05-25 09:46:49,22,23,3853,33895
2023-05-25 09:46:49,21,23,3853,33895
2023-05-25 09:46:50,21,23,3658,34095
2023-05-25 09:46:51,21,23,3554,34295
2023-05-25 09:46:52,21,23,3554,34495
2023-05-25 09:46:53,21,24,3554,34495
2023-05-25 09:46:54,21,23,3554,34495
2023-05-25 09:46:54,23,24,3554,34540
2023-05-25 09:46:54,21,24,3554,34540
2023-05-25 09:46:54,21,23,3554,34540
2023-05-25 09:46:58,22,23,3554,34540
2023-05-25 09:47:00,23,24,3554,34580
2023-05-25 09:47:00,22,24,3554,34580
2023-05-25 09:47:06,23,24,3554,34580
2023-05-25 09:47:06,23,24,3592,34780
2023-05-25 09:47:06,23,24,3597,34785
2023-05-25 09:47:07,22,24,3597,34785
2023-05-25 09:47:10,22,24,3597,34795
2023-05-25 09:47:11,21,24,3597,34795
2023-05-25 09:47:15,22,24,3597,34795
2023-05-25 09:47:18,22,24,3597,34995
2023-05-25 09:47:20,22,24,3597,35195
2023-05-25 09:47:44,23,24,3597,35195
2023-05-25 09:47:44,23,24,3797,35395
2023-05-25 09:47:45,23,24,3997,35595
2023-05-25 09:47:47,22,24,3997,35595
2023-05-25 09:47:47,23,24,3997,35595
2023-05-25 09:47:49,22,23,3992,35600
2023-05-25 09:47:51,22,24,3992,35600
2023-05-25 09:47:53,22,23,3992,35600
2023-05-25 09:48:01,23,24,3992,35608
2023-05-25 09:48:15,22,23,3987,35613
2023-05-25 09:48:17,22,24,3987,35613
2023-05-25 09:48:31,22,23,3987,35613
2023-05-25 09:48:31,22,23,3977,35813
2023-05-25 09:48:32,22,24,3977,35813
2023-05-25 09:48:33,22,23,3977,35813
2023-05-25 09:48:33,22,23,3887,36013
2023-05-25 09:48:34,21,23,3887,36013
2023-05-25 09:48:35,21,24,3887,36013
2023-05-25 09:48:36,21,23,3887,36013
2023-05-25 09:48:37,22,23,3887,36013
2023-05-25 09:48:37,22,24,3887,36013
2023-05-25 09:48:38,22,23,3887,36013
2023-05-25 09:48:39,22,24,3887,36013
2023-05-25 09:48:40,21,24,3887,36013
2023-05-25 09:48:53,21,23,3887,36013
2023-05-25 09:48:54,21,24,3887,36013
2023-05-25 09:48:54,21,23,3887,36013
2023-05-25 09:49:04,21,22,3887,36013
2023-05-25 09:49:14,20,21,3716,36193
2023-05-25 09:49:14,20,22,3716,36193
2023-05-25 09:49:15,20,22,3516,36393
2023-05-25 09:49:16,20,22,3453,36593
2023-05-25 09:49:17,20,22,3535,36793
2023-05-25 09:49:18,20,21,3535,36793
2023-05-25 09:49:22,20,22,3535,36793
2023-05-25 09:49:23,20,21,3535,36793
2023-05-25 09:49:24,19,21,3453,37125
2023-05-25 09:49:27,20,21,3453,37125
2023-05-25 09:49:39,20,21,3448,37130
2023-05-25 09:49:47,19,20,3453,37135
2023-05-25 09:49:47,19,21,3453,37135
2023-05-25 09:49:47,19,20,3453,37135
2023-05-25 09:49:47,19,21,3453,37135
2023-05-25 09:49:48,19,20,3453,37135
2023-05-25 09:49:48,19,20,3590,37335
2023-05-25 09:49:49,18,19,3635,37380
2023-05-25 09:49:49,18,20,3635,37380
2023-05-25 09:49:49,18,19,3635,37380
2023-05-25 09:50:01,18,19,3627,37388
2023-05-25 09:50:06,18,19,3827,37588
2023-05-25 09:50:14,18,19,4027,37788
2023-05-25 09:50:15,18,19,4227,37988
2023-05-25 09:50:16,17,18,4322,38083
2023-05-25 09:50:16,17,19,4322,38083
2023-05-25 09:50:17,17,19,4522,38283
2023-05-25 09:50:18,17,19,4722,38483
2023-05-25 09:50:19,17,18,4722,38483
2023-05-25 09:50:21,16,17,4767,38528
2023-05-25 09:50:21,16,18,4767,38528
2023-05-25 09:50:50,16,17,4767,38528
2023-05-25 09:51:01,16,17,4567,38728
2023-05-25 09:51:13,16,17,4367,38928
2023-05-25 09:51:17,17,18,4368,38955
2023-05-25 09:51:19,18,19,4368,39142
2023-05-25 09:51:19,17,19,4368,39142
2023-05-25 09:51:23,18,19,4368,39142
2023-05-25 09:51:24,17,19,4368,39142
2023-05-25 09:51:25,18,19,4368,39142
2023-05-25 09:51:25,18,19,4276,39342
2023-05-25 09:51:26,17,19,4276,39342
2023-05-25 09:51:27,18,19,4276,39342
2023-05-25 09:51:28,17,19,4276,39342
2023-05-25 09:51:29,18,19,4276,39342
2023-05-25 09:51:30,19,20,4276,39416
2023-05-25 09:51:30,18,20,4276,39416
2023-05-25 09:51:33,18,19,4276,39416
2023-05-25 09:51:35,18,20,4276,39416
2023-05-25 09:51:41,18,19,4276,39416
2023-05-25 09:51:55,18,19,4076,39616
2023-05-25 09:51:57,18,19,3881,39816
2023-05-25 09:51:58,19,20,3876,39821
2023-05-25 09:51:58,18,20,3876,39821
2023-05-25 09:51:58,18,19,3876,39821
2023-05-25 09:51:59,18,20,3676,40021
2023-05-25 09:51:59,18,19,3676,40021
2023-05-25 09:52:00,18,20,3476,40221
2023-05-25 09:52:00,18,19,3476,40221
2023-05-25 09:53:12,17,18,3476,40226
2023-05-25 09:53:12,17,19,3476,40226
2023-05-25 09:53:15,18,19,3476,40226
2023-05-25 09:53:15,17,19,3676,40426
2023-05-25 09:53:20,18,19,3676,40426
2023-05-25 09:53:30,19,20,3681,40431
2023-05-25 09:53:36,20,21,3726,40476
2023-05-25 09:53:38,19,20,3796,40546
2023-05-25 09:53:38,19,21,3796,40546
2023-05-25 09:53:39,19,21,3996,40746
2023-05-25 09:53:40,19,21,4196,40946
2023-05-25 09:53:41,19,21,4391,41146
2023-05-25 09:53:42,18,21,4591,41346
2023-05-25 09:53:52,18,20,4591,41346
2023-05-25 09:53:53,18,21,4591,41346
2023-05-25 09:53:53,18,20,4591,41346
2023-05-25 09:53:57,20,21,4610,41365
2023-05-25 09:54:03,20,23,4655,42440
2023-05-25 09:54:03,20,22,4655,42440
2023-05-25 09:54:04,20,23,4655,42440
2023-05-25 09:54:04,20,22,4655,42440
2023-05-25 09:54:05,20,23,4655,42440
2023-05-25 09:54:17,21,23,4655,42440
2023-05-25 09:54:24,21,22,4655,42440
2023-05-25 09:54:24,20,22,4855,42640
2023-05-25 09:54:25,20,22,5050,42840
2023-05-25 09:54:26,21,22,5050,42840
2023-05-25 09:54:26,20,21,5050,42845
2023-05-25 09:54:26,20,22,5050,42845
2023-05-25 09:54:27,20,22,5250,43045
2023-05-25 09:54:28,20,21,5250,43045
2023-05-25 09:54:28,19,21,5250,43045
2023-05-25 09:54:29,19,20,5250,43045
2023-05-25 09:54:39,20,22,5255,43065
2023-05-25 09:54:45,19,22,5255,43065
2023-05-25 09:54:47,20,22,5255,43065
2023-05-25 09:55:07,20,21,5255,43065
2023-05-25 09:55:07,19,20,5270,43085
2023-05-25 09:55:07,19,21,5270,43085
2023-05-25 09:55:08,20,21,5270,43085
2023-05-25 09:55:08,21,22,5289,43104
2023-05-25 09:55:10,20,21,5370,43185
2023-05-25 09:55:10,20,22,5370,43185
2023-05-25 09:55:23,20,23,5415,43245
2023-05-25 09:55:24,21,23,5415,43245
2023-05-25 09:55:25,20,23,5415,43245
2023-05-25 09:55:27,20,22,5415,43245
2023-05-25 09:55:43,21,22,5415,43245
2023-05-25 09:55:47,20,22,5415,43245
2023-05-25 09:56:16,21,22,5415,43245
2023-05-25 09:56:16,21,22,5215,43445
2023-05-25 09:56:18,21,22,5215,43460
2023-05-25 09:56:18,21,22,5015,43660
2023-05-25 09:56:20,20,21,5011,43664
2023-05-25 09:56:20,20,21,4992,43683
2023-05-25 09:56:20,21,22,4815,43875
2023-05-25 09:56:20,20,22,4815,43875
2023-05-25 09:56:22,21,22,4815,43875
2023-05-25 09:56:22,21,22,4630,44075
2023-05-25 09:56:23,20,22,4630,44075
2023-05-25 09:56:24,21,22,4630,44075
2023-05-25 09:56:26,20,22,4630,44075
2023-05-25 09:56:28,21,22,4630,44075
2023-05-25 09:56:36,22,23,4630,44080
2023-05-25 09:56:36,21,23,4630,44080
2023-05-25 09:56:40,22,23,4630,44080
2023-05-25 09:56:43,21,23,4630,44080
2023-05-25 09:56:44,21,23,4513,44280
2023-05-25 09:56:45,22,23,4513,44280
2023-05-25 09:57:02,22,23,4513,44480
2023-05-25 09:57:06,22,23,4513,44680
2023-05-25 09:57:10,23,24,4513,44725
2023-05-25 09:57:10,22,24,4513,44725
2023-05-25 09:57:10,22,24,4438,44800
2023-05-25 09:57:16,22,24,4438,44805
2023-05-25 09:57:21,22,23,4438,44805
2023-05-25 09:57:34,23,24,4388,44863
2023-05-25 09:57:43,23,24,4388,45063
2023-05-25 09:58:00,23,24,4388,45082
2023-05-25 09:58:01,23,24,4388,45101
2023-05-25 09:58:02,23,24,4388,45120
2023-05-25 09:58:03,23,24,4388,45139
2023-05-25 09:58:04,23,24,4388,45158
2023-05-25 09:58:05,23,24,4388,45177
2023-05-25 09:58:06,23,24,4388,45196
2023-05-25 09:58:07,23,24,4388,45215
2023-05-25 09:58:08,23,24,4388,45234
2023-05-25 09:58:09,22,24,4388,45239
2023-05-25 09:58:33,22,23,4388,45239
2023-05-25 09:58:34,22,23,4388,45439
2023-05-25 09:58:43,21,22,4383,45494
2023-05-25 09:58:46,20,21,4383,45499
2023-05-25 09:58:46,20,22,4383,45499
2023-05-25 09:58:48,20,22,4383,45699
2023-05-25 09:58:49,20,22,4579,45899
2023-05-25 09:58:50,20,22,4779,46099
2023-05-25 09:58:51,20,22,4979,46299
2023-05-25 09:58:52,20,21,4979,46299
2023-05-25 09:58:52,20,21,5179,46499
2023-05-25 09:58:53,20,21,5279,46699
2023-05-25 09:58:54,20,21,5279,46899
2023-05-25 09:58:55,20,22,5279,46899
2023-05-25 09:58:56,20,21,5279,46899
2023-05-25 09:58:56,20,22,5279,46904
2023-05-25 09:59:04,20,22,5129,47054
2023-05-25 09:59:24,21,22,5129,47054
2023-05-25 09:59:25,21,22,4929,47254
2023-05-25 09:59:26,20,22,4929,47254
2023-05-25 09:59:27,21,22,4929,47254
2023-05-25 09:59:27,21,22,4774,47454
2023-05-25 09:59:28,21,22,4574,47654
2023-05-25 09:59:29,22,23,4429,47799
2023-05-25 09:59:29,21,23,4429,47799
2023-05-25 09:59:30,20,23,4429,47799
2023-05-25 09:59:31,21,23,4429,47799
2023-05-25 09:59:54,22,23,4429,47799
2023-05-25 09:59:56,22,23,4233,47999
2023-05-25 09:59:57,22,23,4083,48199
2023-05-25 09:59:58,22,23,4033,48399
2023-05-25 09:59:59,22,23,4033,48599
2023-05-25 10:00:00,22,23,4033,48799
2023-05-25 10:00:01,23,24,4033,48814
2023-05-25 10:00:01,22,24,4033,48814
2023-05-25 10:00:01,22,23,4033,48814
2023-05-25 10:00:02,23,24,4033,48819
2023-05-25 10:00:02,22,24,4033,48819
2023-05-25 10:00:03,22,24,4193,49019
2023-05-25 10:00:04,22,24,4343,49219
2023-05-25 10:00:05,24,25,4393,49269
2023-05-25 10:00:05,22,25,4393,49269
2023-05-25 10:00:05,22,24,4393,49269
2023-05-25 10:00:06,24,25,4408,49284
2023-05-25 10:00:06,22,25,4408,49284
2023-05-25 10:00:07,22,25,4608,49484
2023-05-25 10:00:08,22,25,4808,49684
2023-05-25 10:00:09,23,25,4808,49684
2023-05-25 10:00:09,24,25,4808,49684
2023-05-25 10:00:09,24,25,5008,49884
2023-05-25 10:00:11,23,25,5008,49884
2023-05-25 10:00:13,24,25,5008,49884
2023-05-25 10:00:13,24,25,5142,50084
2023-05-25 10:00:14,24,25,5342,50284
2023-05-25 10:00:15,24,25,5542,50484
2023-05-25 10:00:17,24,25,5542,50489
2023-05-25 10:00:17,24,25,5542,50494
2023-05-25 10:00:23,25,26,5542,50539
2023-05-25 10:00:26,25,26,5542,50689
2023-05-25 10:00:28,24,25,5542,50749
2023-05-25 10:00:34,24,26,5497,50999
2023-05-25 10:00:35,25,26,5497,50999
2023-05-25 10:00:40,26,27,5492,51049
2023-05-25 10:00:42,26,27,5492,51050
2023-05-25 10:00:44,26,28,5492,51050
2023-05-25 10:00:45,26,27,5492,51050
2023-05-25 10:00:45,26,27,5292,51250
2023-05-25 10:00:46,26,27,5092,51450
2023-05-25 10:00:47,26,27,4907,51650
2023-05-25 10:00:48,25,27,4907,51650
2023-05-25 10:00:48,25,27,4707,51850
2023-05-25 10:00:49,26,27,4707,51850
2023-05-25 10:00:49,25,27,4507,52050
2023-05-25 10:00:50,25,27,4488,52100
2023-05-25 10:00:50,27,28,4488,52114
2023-05-25 10:00:50,27,28,4469,52133
2023-05-25 10:00:50,27,28,4269,52333
2023-05-25 10:00:51,27,28,4250,52352
2023-05-25 10:00:51,27,28,4158,52552
2023-05-25 10:01:02,25,27,4148,52610
2023-05-25 10:01:02,25,28,4148,52610
2023-05-25 10:01:03,25,28,4038,52810
2023-05-25 10:01:04,25,28,4038,53010
2023-05-25 10:01:05,25,28,4090,53210
2023-05-25 10:01:05,26,28,4090,53210
2023-05-25 10:01:06,26,27,4090,53210
2023-05-25 10:01:06,25,26,4205,53325
2023-05-25 10:01:06,25,27,4205,53325
2023-05-25 10:01:06,26,27,4205,53325
2023-05-25 10:01:07,25,27,4205,53325
2023-05-25 10:01:07,24,25,4220,53340
2023-05-25 10:01:07,24,27,4220,53340
2023-05-25 10:01:07,25,27,4220,53340
2023-05-25 10:01:08,24,25,4235,53355
2023-05-25 10:01:08,24,27,4235,53355
2023-05-25 10:01:09,24,27,4435,53555
2023-05-25 10:01:10,24,27,4635,53755
2023-05-25 10:01:11,24,26,4635,53755
2023-05-25 10:01:11,24,25,4635,53755
2023-05-25 10:01:11,24,25,4830,53955
2023-05-25 10:01:12,24,25,5030,54155
2023-05-25 10:01:13,23,24,5150,54275
2023-05-25 10:01:14,23,25,5150,54275
2023-05-25 10:01:14,24,25,5150,54275
2023-05-25 10:01:15,23,24,5165,54290
2023-05-25 10:01:15,23,25,5165,54290
2023-05-25 10:01:15,24,25,5165,54290
2023-05-25 10:01:16,23,24,5180,54305
2023-05-25 10:01:16,23,25,5180,54305
2023-05-25 10:01:17,23,25,5380,54505
2023-05-25 10:01:17,24,25,5380,54505
2023-05-25 10:01:18,23,24,5395,54520
2023-05-25 10:01:18,23,25,5395,54520
2023-05-25 10:01:19,24,25,5395,54520
2023-05-25 10:01:19,23,25,5595,54720
2023-05-25 10:01:20,24,25,5595,54720
2023-05-25 10:01:35,23,24,5590,54725
2023-05-25 10:02:14,23,24,5390,54925
2023-05-25 10:02:15,23,24,5190,55125
2023-05-25 10:02:16,24,25,5060,55260
2023-05-25 10:02:16,23,25,5060,55260
2023-05-25 10:02:18,23,25,4865,55460
2023-05-25 10:02:19,23,25,4665,55660
2023-05-25 10:02:20,23,25,4465,55860
2023-05-25 10:02:21,23,25,4423,56060
2023-05-25 10:02:22,25,26,4423,56080
2023-05-25 10:02:22,23,26,4423,56080
2023-05-25 10:02:23,23,25,4423,56080
2023-05-25 10:02:24,23,25,4423,56280
2023-05-25 10:02:25,23,25,4173,56530
2023-05-25 10:02:25,23,24,4173,56530
2023-05-25 10:02:26,24,25,4173,56545
2023-05-25 10:02:26,23,25,4173,56545
2023-05-25 10:02:26,23,24,4173,56545
2023-05-25 10:02:28,24,25,4173,56565
2023-05-25 10:02:28,23,25,4173,56565
2023-05-25 10:02:29,24,25,4173,56565
2023-05-25 10:02:53,25,26,4023,56760
2023-05-25 10:02:53,24,26,4023,56760
2023-05-25 10:02:53,25,26,4023,56760
2023-05-25 10:03:30,24,26,4023,56760
2023-05-25 10:03:40,25,26,4023,56760
2023-05-25 10:03:45,25,26,4023,56772
2023-05-25 10:04:27,26,27,4068,56817
2023-05-25 10:04:27,25,27,4073,56822
2023-05-25 10:04:27,25,26,4073,56822
2023-05-25 10:04:27,26,27,4073,56827
2023-05-25 10:04:28,25,27,4073,56855
2023-05-25 10:04:34,26,27,4073,56855
2023-05-25 10:04:34,25,27,4088,56870
2023-05-25 10:04:34,25,26,4088,56870
2023-05-25 10:04:36,26,27,4088,56885
2023-05-25 10:04:36,25,27,4088,56885
2023-05-25 10:04:36,26,27,4088,56885
2023-05-25 10:04:38,27,28,4038,56980
2023-05-25 10:04:38,26,28,4038,56980
2023-05-25 10:04:38,26,27,4038,56980
2023-05-25 10:04:39,27,28,4023,57065
2023-05-25 10:04:39,26,28,4023,57065
2023-05-25 10:04:42,26,28,4203,57265
2023-05-25 10:04:46,26,27,4203,57265
2023-05-25 10:04:47,26,28,4203,57265
2023-05-25 10:04:48,26,27,4203,57265
2023-05-25 10:05:08,27,28,4203,57270
2023-05-25 10:05:08,27,28,4203,57290
2023-05-25 10:05:14,27,28,4038,57490
2023-05-25 10:05:16,26,27,4038,57495
2023-05-25 10:05:16,26,28,4038,57495
2023-05-25 10:05:16,27,28,4038,57495
2023-05-25 10:05:17,26,27,4053,57510
2023-05-25 10:05:17,26,28,4053,57510
2023-05-25 10:05:18,27,28,4053,57510
2023-05-25 10:05:18,26,28,4053,57510
2023-05-25 10:05:19,26,28,4053,57710
2023-05-25 10:05:20,25,28,4053,57710
2023-05-25 10:05:20,25,27,4053,57710
2023-05-25 10:05:22,25,26,4053,57710
2023-05-25 10:05:35,25,26,4090,57910
2023-05-25 10:05:40,24,25,4095,57920
2023-05-25 10:05:40,24,26,4095,57920
2023-05-25 10:05:41,24,26,4290,58120
2023-05-25 10:05:45,24,25,4290,58120
2023-05-25 10:05:50,24,25,4490,58320
2023-05-25 10:05:54,24,25,4690,58520
2023-05-25 10:05:59,24,25,4690,58720
2023-05-25 10:05:59,24,25,4690,58750
2023-05-25 10:06:00,23,24,4685,58825
2023-05-25 10:06:00,22,24,4685,58825
2023-05-25 10:06:01,24,25,4700,58840
2023-05-25 10:06:04,22,24,4700,58875
2023-05-25 10:06:05,22,23,4700,58875
2023-05-25 10:06:05,22,23,4900,59075
2023-05-25 10:06:07,22,23,4895,59225
2023-05-25 10:06:13,21,22,4895,59320
2023-05-25 10:06:13,21,23,4895,59320
2023-05-25 10:06:22,21,22,4895,59320
2023-05-25 10:06:22,20,22,5095,59520
2023-05-25 10:06:23,20,22,5295,59720
2023-05-25 10:06:23,20,21,5295,59720
2023-05-25 10:06:23,20,21,5291,59724
2023-05-25 10:06:24,20,21,5491,59924
2023-05-25 10:06:25,21,22,5510,59954
2023-05-25 10:06:28,20,22,5510,59954
2023-05-25 10:06:54,21,22,5510,59954
2023-05-25 10:06:54,21,22,5315,60154
2023-05-25 10:06:56,20,22,5315,60154
2023-05-25 10:06:59,20,23,5115,60354
2023-05-25 10:06:59,20,22,5115,60354
2023-05-25 10:07:00,22,23,5115,60359
2023-05-25 10:07:00,20,23,5115,60359
2023-05-25 10:07:01,20,22,5115,60359
2023-05-25 10:07:01,20,22,4915,60559
2023-05-25 10:07:03,20,22,4730,60759
2023-05-25 10:07:04,20,23,4530,60959
2023-05-25 10:07:04,20,22,4530,60959
2023-05-25 10:07:08,21,22,4530,60959
2023-05-25 10:07:14,22,23,4530,60964
2023-05-25 10:07:14,21,23,4530,60964
2023-05-25 10:07:24,22,23,4530,60964
2023-05-25 10:07:44,21,22,4530,61044
2023-05-25 10:07:44,21,23,4530,61044
2023-05-25 10:07:45,21,23,4675,61244
2023-05-25 10:07:45,22,23,4675,61244
2023-05-25 10:07:46,21,22,4675,61259
2023-05-25 10:07:46,21,23,4675,61259
2023-05-25 10:07:56,21,22,4675,61259
2023-05-25 10:07:56,20,22,4875,61459
2023-05-25 10:07:57,20,22,5075,61659
2023-05-25 10:07:58,21,22,5075,61659
2023-05-25 10:07:58,21,22,5275,61859
2023-05-25 10:07:59,21,23,5275,61859
2023-05-25 10:08:05,22,23,5275,61859
2023-05-25 10:08:29,22,23,5075,62059
2023-05-25 10:08:30,22,23,4905,62259
2023-05-25 10:08:31,22,23,4720,62459
2023-05-25 10:08:32,22,24,4720,62459
2023-05-25 10:08:33,23,24,4720,62459
2023-05-25 10:08:41,22,24,4720,62479
2023-05-25 10:08:42,22,23,4720,62479
2023-05-25 10:08:45,23,24,4720,62483
2023-05-25 10:08:45,22,24,4720,62483
2023-05-25 10:08:47,22,24,4525,62683
2023-05-25 10:08:48,23,24,4525,62683
2023-05-25 10:08:49,24,25,4370,62878
2023-05-25 10:08:49,23,25,4370,62878
2023-05-25 10:08:50,23,24,4370,62878
2023-05-25 10:08:51,23,25,4170,63078
2023-05-25 10:08:52,23,25,4170,63097
2023-05-25 10:09:00,23,24,4170,63097
2023-05-25 10:09:14,24,25,4178,63105
2023-05-25 10:09:14,24,25,4183,63110
2023-05-25 10:09:24,25,26,4183,63155
2023-05-25 10:09:24,24,26,4183,63155
2023-05-25 10:09:32,24,25,4183,63155
2023-05-25 10:09:51,24,25,4242,63214
2023-05-25 10:09:51,24,25,4261,63233
2023-05-25 10:09:53,24,25,4280,63252
2023-05-25 10:09:53,24,25,4299,63271
2023-05-25 10:09:56,24,25,4318,63290
2023-05-25 10:09:57,24,25,4320,63295
2023-05-25 10:09:58,23,24,4320,63297
2023-05-25 10:10:01,24,25,4320,63300
2023-05-25 10:10:01,23,25,4320,63300
2023-05-25 10:10:01,23,24,4320,63300
2023-05-25 10:10:02,23,25,4253,63500
2023-05-25 10:10:02,23,24,4253,63500
2023-05-25 10:10:14,23,24,4058,63700
2023-05-25 10:10:23,23,24,3920,63900
2023-05-25 10:10:53,22,23,3915,63905
2023-05-25 10:10:53,22,24,3915,63905
2023-05-25 10:10:54,21,22,4053,64080
2023-05-25 10:10:54,21,24,4053,64080
2023-05-25 10:10:55,21,24,4090,64280
2023-05-25 10:10:56,21,23,4090,64280
2023-05-25 10:10:56,21,22,4090,64280
2023-05-25 10:10:56,20,22,4290,64480
2023-05-25 10:10:57,21,22,4290,64480
2023-05-25 10:10:58,21,22,4385,64680
2023-05-25 10:10:59,21,22,4585,64880
2023-05-25 10:11:00,20,21,4609,64904
2023-05-25 10:11:00,20,22,4609,64904
2023-05-25 10:11:01,20,22,4809,65104
2023-05-25 10:11:07,20,21,4809,65104
2023-05-25 10:11:07,20,21,5009,65304
2023-05-25 10:11:08,21,22,5028,65323
2023-05-25 10:11:13,20,21,5033,65328
2023-05-25 10:11:13,20,22,5033,65328
2023-05-25 10:11:19,20,21,5033,65328
2023-05-25 10:11:24,20,21,5233,65528
2023-05-25 10:11:25,20,21,5433,65728
2023-05-25 10:11:52,20,21,5433,65828
2023-05-25 10:11:53,20,21,5433,65928
2023-05-25 10:11:56,21,22,5433,66023
2023-05-25 10:11:59,21,22,5233,66223
2023-05-25 10:12:00,21,22,5048,66423
2023-05-25 10:12:01,21,23,5048,66423
2023-05-25 10:12:01,21,22,5048,66423
2023-05-25 10:12:24,20,21,5029,66447
2023-05-25 10:12:57,20,21,5029,66647
2023-05-25 10:13:04,20,21,5106,66847
2023-05-25 10:13:06,18,20,5106,66921
2023-05-25 10:13:06,19,20,5106,66921
2023-05-25 10:13:27,20,21,4996,67031
2023-05-25 10:13:27,19,21,4996,67031
2023-05-25 10:13:27,20,21,4996,67031
2023-05-25 10:13:32,19,21,4996,67031
2023-05-25 10:13:34,19,20,4996,67031
2023-05-25 10:13:49,19,20,4919,67231
2023-05-25 10:13:50,19,20,4904,67246
2023-05-25 10:13:51,19,20,4904,67346
2023-05-25 10:13:52,20,21,4904,67426
2023-05-25 10:14:02,20,21,5104,67626
2023-05-25 10:14:33,21,22,4955,67775
2023-05-25 10:14:33,20,22,4955,67775
2023-05-25 10:14:35,20,22,4755,67975
2023-05-25 10:14:36,20,22,4555,68175
2023-05-25 10:14:37,20,22,4370,68375
2023-05-25 10:14:37,21,22,4370,68375
2023-05-25 10:14:38,21,23,4370,68375
2023-05-25 10:14:38,21,22,4370,68375
2023-05-25 10:14:38,22,23,4365,68380
2023-05-25 10:14:39,21,22,4351,68394
2023-05-25 10:14:39,21,22,4332,68413
2023-05-25 10:14:39,22,23,4317,68595
2023-05-25 10:14:39,21,23,4317,68595
2023-05-25 10:14:40,21,22,4317,68595
2023-05-25 10:14:40,21,22,4313,68614
2023-05-25 10:14:40,22,23,4217,68710
2023-05-25 10:14:40,21,23,4217,68710
2023-05-25 10:14:41,21,22,4217,68710
2023-05-25 10:14:41,22,23,4212,68715
2023-05-25 10:14:42,21,22,4212,68729
2023-05-25 10:15:12,20,21,4217,68779
2023-05-25 10:15:12,20,22,4217,68779
2023-05-25 10:15:13,20,22,4417,68979
2023-05-25 10:15:14,20,22,4522,69179
2023-05-25 10:15:15,19,22,4651,69379
2023-05-25 10:15:16,19,22,4851,69579
2023-05-25 10:15:19,19,21,4851,69579
2023-05-25 10:15:19,19,20,4851,69579
2023-05-25 10:15:40,20,22,4870,69603
2023-05-25 10:15:40,20,22,4889,69622
2023-05-25 10:15:40,19,20,4946,69679
2023-05-25 10:15:40,19,22,4946,69679
2023-05-25 10:15:41,20,22,4946,69679
2023-05-25 10:15:41,19,20,4961,69694
2023-05-25 10:15:43,20,21,4965,69698
2023-05-25 10:15:43,20,22,4965,69698
2023-05-25 10:15:43,20,22,4965,69703
2023-05-25 10:15:44,20,22,4984,69722
2023-05-25 10:15:44,20,22,5184,69922
2023-05-25 10:15:45,20,22,5203,69941
2023-05-25 10:15:45,19,20,5399,70137
2023-05-25 10:15:45,19,22,5399,70137
2023-05-25 10:15:45,21,22,5399,70137
2023-05-25 10:15:46,21,22,5418,70156
2023-05-25 10:15:46,20,21,5499,70237
2023-05-25 10:15:46,20,22,5499,70237
2023-05-25 10:15:51,19,22,5499,70237
2023-05-25 10:15:51,20,22,5499,70237
2023-05-25 10:16:05,21,22,5499,70237
2023-05-25 10:16:16,21,22,5299,70437
2023-05-25 10:16:45,21,22,5099,70637
2023-05-25 10:16:52,21,22,5059,70837
2023-05-25 10:17:43,21,22,5059,71037
2023-05-25 10:17:48,21,22,5059,71237
2023-05-25 10:18:18,21,23,5059,71242
2023-05-25 10:18:19,22,23,5059,71242
2023-05-25 10:18:24,22,23,4940,71442
2023-05-25 10:18:25,22,23,4740,71642
2023-05-25 10:18:26,23,24,4700,71682
2023-05-25 10:18:26,22,24,4700,71682
2023-05-25 10:18:35,23,24,4700,71682
2023-05-25 10:18:41,23,24,4700,71882
2023-05-25 10:18:57,22,23,4800,71987
2023-05-25 10:18:57,22,24,4800,71987
2023-05-25 10:18:57,22,23,4800,71987
2023-05-25 10:18:58,21,22,4800,71992
2023-05-25 10:18:58,21,23,4800,71992
2023-05-25 10:18:59,21,23,4995,72192
2023-05-25 10:18:59,21,22,4995,72192
2023-05-25 10:19:00,21,22,5195,72392
2023-05-25 10:19:01,21,22,5395,72592
2023-05-25 10:19:16,20,21,5395,72597
2023-05-25 10:19:16,20,22,5395,72597
2023-05-25 10:19:17,20,22,5590,72797
2023-05-25 10:19:18,20,21,5590,72797
2023-05-25 10:19:18,20,21,5790,72997
2023-05-25 10:19:19,20,21,5934,73197
2023-05-25 10:19:20,20,21,6134,73397
2023-05-25 10:19:27,20,21,6131,73400
2023-05-25 10:19:51,20,21,5931,73600
2023-05-25 10:19:51,20,22,5931,73600
2023-05-25 10:19:52,20,22,5731,73800
2023-05-25 10:19:52,20,21,5731,73800
2023-05-25 10:19:53,20,21,5531,74000
2023-05-25 10:19:54,21,22,5531,74015
2023-05-25 10:19:54,20,22,5531,74015
2023-05-25 10:19:54,20,21,5531,74015
2023-05-25 10:19:54,20,22,5531,74015
2023-05-25 10:19:55,20,22,5331,74215
2023-05-25 10:19:55,20,21,5331,74215
2023-05-25 10:19:56,21,22,5242,74325
2023-05-25 10:19:56,20,22,5242,74325
2023-05-25 10:19:57,20,21,5242,74325
2023-05-25 10:19:58,21,22,5242,74435
2023-05-25 10:19:58,20,22,5242,74435
2023-05-25 10:19:58,20,21,5242,74435
2023-05-25 10:20:02,19,21,5197,74535
2023-05-25 10:20:09,19,20,5197,74535
2023-05-25 10:20:39,19,20,5242,74580
2023-05-25 10:20:42,18,19,5252,74590
2023-05-25 10:20:43,18,19,5257,74595
2023-05-25 10:20:46,17,18,5257,74640
2023-05-25 10:20:57,17,18,5186,74840
2023-05-25 10:21:00,17,18,5141,74885
2023-05-25 10:21:01,18,19,5141,74900
2023-05-25 10:21:04,17,19,5141,74900
2023-05-25 10:22:04,18,19,5141,74900
2023-05-25 10:22:06,17,19,5141,74900
2023-05-25 10:22:06,18,19,5141,74900
2023-05-25 10:23:11,19,20,5160,75069
2023-05-25 10:23:11,19,20,5179,75088
2023-05-25 10:23:11,18,19,5191,75100
2023-05-25 10:23:11,18,20,5191,75100
2023-05-25 10:23:12,18,19,5191,75100
2023-05-25 10:24:32,18,19,5191,75195
2023-05-25 10:24:33,18,19,5191,75290
2023-05-25 10:24:34,17,19,5191,75290
2023-05-25 10:24:39,16,17,5466,75565
2023-05-25 10:25:41,16,17,5666,75765
2023-05-25 10:26:22,17,18,5666,75860
2023-05-25 10:26:25,16,18,5666,75860
2023-05-25 10:26:25,17,18,5666,75860
2023-05-25 10:27:13,18,19,5571,75955
2023-05-25 10:27:13,17,19,5571,75955
2023-05-25 10:27:25,18,19,5571,75955
2023-05-25 10:27:34,19,20,5571,76000
2023-05-25 10:28:46,19,20,5771,76200
2023-05-25 10:29:02,20,21,5877,76395
2023-05-25 10:29:04,20,21,6077,76595
2023-05-25 10:29:05,19,20,6197,76720
2023-05-25 10:29:05,19,21,6197,76720
2023-05-25 10:29:06,20,21,6197,76720
2023-05-25 10:29:06,19,20,6317,76840
2023-05-25 10:29:06,19,21,6317,76840
2023-05-25 10:29:07,20,21,6317,76840
2023-05-25 10:29:07,19,20,6437,76960
2023-05-25 10:29:08,19,21,6437,76960
2023-05-25 10:29:08,20,21,6437,76960
2023-05-25 10:29:09,19,20,6452,76980
2023-05-25 10:29:09,19,21,6452,76980
2023-05-25 10:29:09,21,22,6516,77044
2023-05-25 10:29:10,21,22,6535,77063
2023-05-25 10:29:10,21,22,6735,77263
2023-05-25 10:29:14,21,22,6735,77363
2023-05-25 10:29:16,21,22,6735,77463
2023-05-25 10:29:17,21,22,6735,77563
2023-05-25 10:29:18,21,22,6735,77663
2023-05-25 10:29:20,22,23,6780,77708
2023-05-25 10:29:40,22,23,6580,77908
2023-05-25 10:29:41,22,23,6380,78108
2023-05-25 10:29:42,22,23,6180,78308
2023-05-25 10:29:43,22,23,5980,78508
2023-05-25 10:29:44,23,24,5960,78573
2023-05-25 10:29:44,22,24,5960,78573
2023-05-25 10:29:47,22,23,5960,78573
2023-05-25 10:29:47,23,24,5960,78588
2023-05-25 10:29:47,22,24,5960,78588
2023-05-25 10:30:00,23,24,5960,78588
2023-05-25 10:30:15,23,24,6085,78733
2023-05-25 10:30:15,23,24,6160,78808
2023-05-25 10:30:16,23,24,6235,78883
2023-05-25 10:30:17,22,23,6335,78983
2023-05-25 10:30:17,22,24,6335,78983
2023-05-25 10:30:18,22,24,6530,79183
2023-05-25 10:30:19,21,24,6530,79183
2023-05-25 10:30:19,21,24,6725,79383
2023-05-25 10:30:21,21,24,6925,79583
2023-05-25 10:30:22,21,24,7125,79783
2023-05-25 10:30:22,21,23,7125,79783
2023-05-25 10:30:24,21,22,7125,79783
2023-05-25 10:30:26,22,23,7125,79798
2023-05-25 10:30:29,21,23,7125,79798
2023-05-25 10:31:02,22,23,7125,79798
2023-05-25 10:31:02,22,23,6930,79998
2023-05-25 10:31:03,22,23,6730,80198
2023-05-25 10:31:04,22,23,6530,80398
2023-05-25 10:31:05,22,23,6330,80598
2023-05-25 10:31:06,22,23,6150,80798
2023-05-25 10:31:08,22,24,5950,80998
2023-05-25 10:31:09,22,23,5950,80998
2023-05-25 10:31:10,22,24,5750,81198
2023-05-25 10:31:40,22,23,5750,81198
2023-05-25 10:31:40,22,23,5945,81398
2023-05-25 10:31:41,21,22,5945,81413
2023-05-25 10:31:41,21,23,5945,81413
2023-05-25 10:31:42,21,23,5945,81613
2023-05-25 10:31:52,21,22,5945,81613
2023-05-25 10:31:53,21,22,5924,81813
2023-05-25 10:31:53,19,21,6024,81913
2023-05-25 10:32:09,19,20,6024,81913
2023-05-25 10:32:09,19,20,6224,82113
2023-05-25 10:32:31,19,20,6424,82313
2023-05-25 10:32:31,20,21,6443,82427
2023-05-25 10:32:40,20,21,6593,82627
2023-05-25 10:32:41,20,21,6593,82827
2023-05-25 10:32:41,21,23,6593,82897
2023-05-25 10:32:43,22,23,6593,82897
2023-05-25 10:32:53,22,24,6593,83342
2023-05-25 10:32:55,21,22,6763,83512
2023-05-25 10:32:55,21,24,6763,83512
2023-05-25 10:32:55,22,24,6763,83512
2023-05-25 10:32:56,21,22,6778,83527
2023-05-25 10:32:56,21,24,6778,83527
2023-05-25 10:32:56,22,24,6778,83527
2023-05-25 10:32:57,21,24,6778,83527
2023-05-25 10:32:57,21,24,6978,83727
2023-05-25 10:32:58,20,24,6978,83727
2023-05-25 10:32:58,20,24,7178,83927
2023-05-25 10:32:59,20,23,7178,83927
2023-05-25 10:33:05,21,23,7178,83927
2023-05-25 10:33:15,21,22,7178,83927
2023-05-25 10:33:29,22,23,7128,83977
2023-05-25 10:33:29,21,23,7128,83977
2023-05-25 10:33:30,21,23,6928,84177
2023-05-25 10:33:31,21,23,6729,84377
2023-05-25 10:33:35,21,23,6544,84577
2023-05-25 10:33:41,22,23,6544,84577
2023-05-25 10:34:03,22,23,6354,84777
2023-05-25 10:34:05,22,24,6354,84777
2023-05-25 10:34:16,23,24,6354,84777
2023-05-25 10:34:43,22,23,6504,84947
2023-05-25 10:34:43,22,24,6504,84947
2023-05-25 10:34:59,22,23,6504,84947
2023-05-25 10:34:59,22,23,6703,85147
2023-05-25 10:35:00,22,23,6898,85347
2023-05-25 10:35:01,21,22,6918,85367
2023-05-25 10:35:01,21,23,6918,85367
2023-05-25 10:35:01,22,23,6918,85367
2023-05-25 10:35:02,21,22,6933,85382
2023-05-25 10:35:02,21,23,6933,85382
2023-05-25 10:35:02,22,23,6933,85382
2023-05-25 10:35:03,21,22,6938,85387
2023-05-25 10:35:03,21,23,6938,85387
2023-05-25 10:35:04,21,23,7138,85587
2023-05-25 10:35:19,21,23,7138,85606
2023-05-25 10:35:20,23,24,7138,85662
2023-05-25 10:35:29,21,24,7138,85662
2023-05-25 10:35:42,21,23,7138,85662
2023-05-25 10:36:09,22,23,7138,85662
2023-05-25 10:36:09,23,24,7093,85712
2023-05-25 10:36:09,22,24,7093,85712
2023-05-25 10:36:10,22,24,6898,85912
2023-05-25 10:36:14,24,25,6848,85977
2023-05-25 10:36:14,22,25,6848,85977
2023-05-25 10:36:14,23,25,6848,85977
2023-05-25 10:36:15,24,25,6848,85977
2023-05-25 10:36:16,23,25,6848,85977
2023-05-25 10:36:17,24,25,6848,85977
2023-05-25 10:36:28,23,24,6848,85982
2023-05-25 10:36:45,22,23,6928,86077
2023-05-25 10:36:45,22,24,6928,86077
2023-05-25 10:36:46,22,24,7123,86277
2023-05-25 10:36:47,21,24,7123,86277
2023-05-25 10:36:57,22,24,7123,86277
2023-05-25 10:37:03,21,24,7123,86277
2023-05-25 10:37:16,22,24,7123,86277
2023-05-25 10:37:18,21,24,7123,86277
2023-05-25 10:37:37,22,24,7123,86277
2023-05-25 10:37:37,22,24,6923,86477
2023-05-25 10:37:38,22,24,6728,86677
2023-05-25 10:38:01,23,24,6728,86677
2023-05-25 10:38:05,24,25,6723,86687
2023-05-25 10:38:05,23,25,6723,86687
2023-05-25 10:38:06,23,24,6723,86687
2023-05-25 10:38:08,23,25,6723,86687
2023-05-25 10:38:12,24,25,6723,86687
2023-05-25 10:38:55,23,24,6878,86847
2023-05-25 10:38:55,23,25,6878,86847
2023-05-25 10:38:56,23,25,7078,87047
2023-05-25 10:39:07,24,25,7078,87047
2023-05-25 10:39:14,25,26,7078,87092
2023-05-25 10:39:27,25,26,6878,87292
2023-05-25 10:39:28,25,26,6678,87492
2023-05-25 10:39:29,26,27,6549,87662
2023-05-25 10:39:29,25,27,6549,87662
2023-05-25 10:39:54,26,27,6549,87662
2023-05-25 10:40:08,26,27,6644,87762
2023-05-25 10:40:13,27,28,6708,87901
2023-05-25 10:40:13,27,28,6708,87901
2023-05-25 10:40:13,27,29,6708,87901
2023-05-25 10:40:14,27,29,6772,87965
2023-05-25 10:40:15,27,28,6772,87965
2023-05-25 10:40:16,28,29,6791,87984
2023-05-25 10:40:17,28,29,6810,88003
2023-05-25 10:40:17,28,29,7010,88203
2023-05-25 10:40:18,28,29,7012,88205
2023-05-25 10:40:19,28,29,7212,88405
2023-05-25 10:40:20,27,28,7222,88420
2023-05-25 10:40:20,27,29,7222,88420
2023-05-25 10:40:21,26,29,7422,88620
2023-05-25 10:40:29,27,29,7422,88620
2023-05-25 10:40:53,28,29,7422,88620
2023-05-25 10:40:53,28,29,7422,88625
2023-05-25 10:40:56,28,29,7222,88825
2023-05-25 10:40:57,28,29,7222,88828
2023-05-25 10:40:58,28,29,7022,89028
2023-05-25 10:40:59,27,29,7022,89028
2023-05-25 10:41:08,28,29,7022,89028
2023-05-25 10:41:15,27,29,7022,89028
2023-05-25 10:41:32,27,28,7022,89028
2023-05-25 10:41:38,27,28,7022,89078
2023-05-25 10:42:13,27,28,6822,89278
2023-05-25 10:42:14,28,29,6797,89308
2023-05-25 10:42:14,27,29,6797,89308
2023-05-25 10:42:15,27,29,6642,89508
2023-05-25 10:43:24,28,29,6642,89508
2023-05-25 10:43:26,27,29,6642,89508
2023-05-25 10:44:01,28,29,6642,89508
2023-05-25 10:44:22,29,30,6642,89513
2023-05-25 10:44:22,28,30,6642,89513
2023-05-25 10:44:24,28,30,6442,89713
2023-05-25 10:44:41,29,30,6442,89713
2023-05-25 10:44:46,29,30,6242,89913
2023-05-25 10:45:03,30,31,6287,89958
2023-05-25 10:45:04,30,31,6287,90158
2023-05-25 10:45:04,30,31,6380,90251
2023-05-25 10:45:17,30,31,6575,90451
2023-05-25 10:45:18,30,31,6775,90651
2023-05-25 10:45:19,29,30,6955,90831
2023-05-25 10:45:19,29,31,6955,90831
2023-05-25 10:45:20,29,31,7155,91031
2023-05-25 10:45:21,31,32,7219,91095
2023-05-25 10:45:21,31,32,7238,91114
2023-05-25 10:45:21,29,31,7380,91256
2023-05-25 10:45:21,29,32,7380,91256
2023-05-25 10:45:22,29,30,7380,91256
2023-05-25 10:45:22,29,30,7575,91456
2023-05-25 10:45:24,29,31,7575,91456
2023-05-25 10:46:22,30,31,7575,91456
2023-05-25 10:46:22,30,31,7385,91656
2023-05-25 10:46:22,30,32,7385,91656
2023-05-25 10:46:23,30,32,7185,91856
2023-05-25 10:46:24,30,32,6985,92056
2023-05-25 10:46:25,32,33,6985,92101
2023-05-25 10:46:26,30,33,6985,92101
2023-05-25 10:46:32,31,33,6985,92101
2023-05-25 10:46:56,31,32,6985,92101
2023-05-25 10:46:56,31,32,7185,92301
2023-05-25 10:46:57,30,31,7185,92306
2023-05-25 10:46:57,30,32,7185,92306
2023-05-25 10:46:58,30,32,7385,92506
2023-05-25 10:46:59,30,32,7580,92706
2023-05-25 10:47:00,30,33,7580,92706
2023-05-25 10:47:02,30,32,7580,92706
2023-05-25 10:47:04,32,33,7580,92906
2023-05-25 10:47:30,32,33,7380,93106
2023-05-25 10:47:31,32,33,7180,93306
2023-05-25 10:47:32,33,34,7180,93351
2023-05-25 10:47:32,32,34,7180,93351
2023-05-25 10:47:41,32,34,6980,93551
2023-05-25 10:47:46,32,34,6780,93751
2023-05-25 10:47:47,34,35,6630,93946
2023-05-25 10:47:47,32,35,6630,93946
2023-05-25 10:47:50,33,35,6630,93946
2023-05-25 10:47:50,34,35,6630,93946
2023-05-25 10:47:51,33,35,6630,93946
2023-05-25 10:47:53,34,35,6630,93946
2023-05-25 10:48:01,32,35,6630,93946
2023-05-25 10:48:23,32,34,6630,93946
2023-05-25 10:48:23,32,34,6825,94146
2023-05-25 10:48:24,32,34,7025,94346
2023-05-25 10:48:25,32,34,7205,94546
2023-05-25 10:48:26,32,34,7205,94746
2023-05-25 10:48:27,32,34,7334,94946
2023-05-25 10:48:28,32,34,7534,95146
2023-05-25 10:48:29,31,34,7534,95146
2023-05-25 10:48:38,32,34,7534,95146
2023-05-25 10:49:00,32,33,7534,95146
2023-05-25 10:49:11,31,32,7534,95216
2023-05-25 10:49:28,31,32,7534,95416
2023-05-25 10:53:29,30,31,7539,95421
2023-05-25 10:53:41,29,30,7884,95766
2023-05-25 10:54:17,30,31,7884,95936
2023-05-25 10:54:22,29,31,7884,95936
2023-05-25 10:54:31,30,31,7884,95936
2023-05-25 10:54:47,31,32,7719,96101
2023-05-25 10:54:47,30,32,7719,96101
2023-05-25 10:54:48,31,32,7719,96101
2023-05-25 10:55:05,30,31,7874,96256
2023-05-25 10:55:18,30,31,8074,96456
2023-05-25 10:55:21,30,31,8174,96556
2023-05-25 10:55:22,30,31,8274,96656
2023-05-25 10:55:23,30,31,8374,96756
2023-05-25 10:55:24,30,31,8474,96856
2023-05-25 10:55:26,30,32,8569,96956
2023-05-25 10:55:27,31,32,8569,96956
2023-05-25 10:55:34,32,33,8720,97166
2023-05-25 10:55:34,32,33,8795,97241
2023-05-25 10:55:49,33,34,8795,97326
2023-05-25 10:55:49,32,34,8795,97326
2023-05-25 10:55:57,33,34,8795,97326
2023-05-25 10:55:58,32,34,8795,97326
2023-05-25 10:55:59,33,34,8795,97326
2023-05-25 10:56:07,32,33,8790,97331
2023-05-25 10:56:27,33,34,8790,97336
2023-05-25 10:56:27,32,34,8790,97336
2023-05-25 10:56:28,32,34,8590,97536
2023-05-25 10:56:29,32,34,8390,97736
2023-05-25 10:56:30,32,34,8235,97936
2023-05-25 10:56:31,32,35,8235,97936
2023-05-25 10:56:37,32,34,8235,97936
2023-05-25 10:56:44,32,35,8235,97936
2023-05-25 10:56:45,32,34,8235,97936
2023-05-25 10:57:00,32,33,8235,97936
2023-05-25 10:57:01,32,33,8435,98136
2023-05-25 10:57:02,32,33,8635,98336
2023-05-25 10:57:03,32,33,8775,98536
2023-05-25 10:58:04,33,34,8700,98616
2023-05-25 10:58:04,32,34,8700,98616
2023-05-25 10:58:04,33,34,8700,98616
2023-05-25 10:58:06,34,35,8700,98621
2023-05-25 10:58:06,33,35,8700,98621
2023-05-25 10:58:07,33,35,8500,98821
2023-05-25 10:58:18,33,34,8500,98821
2023-05-25 10:58:33,32,33,8495,98826
2023-05-25 10:58:38,32,33,8495,99026
2023-05-25 10:58:44,32,33,8495,99226
2023-05-25 10:59:44,32,33,8495,99426
2023-05-25 11:00:05,33,34,8540,99516
2023-05-25 11:02:07,34,35,8545,99521
2023-05-25 11:02:48,34,35,8545,99721
2023-05-25 11:04:15,35,36,8545,99766
2023-05-25 11:04:15,34,36,8545,99766
2023-05-25 11:04:15,35,36,8545,99766
2023-05-25 11:04:15,34,36,8545,99766
2023-05-25 11:04:40,35,36,8545,99766
2023-05-25 11:04:41,34,36,8545,99766
2023-05-25 11:04:57,34,36,8545,99969
2023-05-25 11:05:07,34,36,8345,100169
2023-05-25 11:05:08,35,36,8345,100169
2023-05-25 11:05:08,35,36,8380,100204
2023-05-25 11:05:08,35,36,8180,100404
2023-05-25 11:05:10,36,37,8083,100546
2023-05-25 11:05:10,35,37,8083,100546
2023-05-25 11:05:11,35,37,7899,100746
2023-05-25 11:05:12,35,37,7899,100946
2023-05-25 11:05:12,36,37,7899,100946
2023-05-25 11:05:13,37,38,7899,100961
2023-05-25 11:05:13,36,38,7899,100961
2023-05-25 11:05:14,36,38,7899,101161
2023-05-25 11:05:15,36,37,7899,101161
2023-05-25 11:05:22,36,37,7899,101316
2023-05-25 11:05:22,37,38,7899,101376
2023-05-25 11:05:22,37,38,7899,101442
2023-05-25 11:05:24,36,38,7749,101592
2023-05-25 11:06:02,35,38,7749,101597
2023-05-25 11:06:05,35,37,7749,101597
2023-05-25 11:06:07,35,38,7749,101597
2023-05-25 11:06:08,36,38,7749,101597
2023-05-25 11:06:08,36,37,7749,101597
2023-05-25 11:06:09,36,38,7749,101597
2023-05-25 11:06:10,36,37,7749,101597
2023-05-25 11:06:22,37,38,7749,101602
2023-05-25 11:06:22,37,38,7749,101607
2023-05-25 11:07:02,38,39,7784,101727
2023-05-25 11:07:03,37,39,7784,101727
2023-05-25 11:07:03,38,39,7784,101727
2023-05-25 11:07:05,38,39,7793,101736
2023-05-25 11:07:10,38,39,7799,101811
2023-05-25 11:07:20,39,40,7804,101906
2023-05-25 11:07:20,39,40,7875,101977
2023-05-25 11:07:21,38,39,7924,102026
2023-05-25 11:07:21,38,40,7924,102026
2023-05-25 11:07:26,38,40,7924,102226
2023-05-25 11:07:32,38,40,8062,102426
2023-05-25 11:07:33,38,40,8077,102441
2023-05-25 11:07:33,38,40,8277,102641
2023-05-25 11:07:35,38,40,8381,102745
2023-05-25 11:07:39,38,39,8381,102745
2023-05-25 11:08:04,39,40,8338,102803
2023-05-25 11:08:04,38,40,8338,102803
2023-05-25 11:08:05,38,39,8338,102803
2023-05-25 11:08:35,38,39,8138,103003
2023-05-25 11:08:36,39,40,8125,103016
2023-05-25 11:08:36,38,40,8125,103016
2023-05-25 11:08:39,38,40,7925,103216
2023-05-25 11:08:50,39,40,7925,103216
2023-05-25 11:09:03,39,40,7815,103416
2023-05-25 11:09:04,40,41,7770,103461
2023-05-25 11:09:04,39,41,7770,103461
2023-05-25 11:09:04,39,40,7770,103461
2023-05-25 11:09:05,40,41,7770,103616
2023-05-25 11:09:05,39,41,7770,103616
2023-05-25 11:09:05,40,41,7770,103616
2023-05-25 11:10:07,39,40,7775,103636
2023-05-25 11:10:07,39,41,7775,103636
2023-05-25 11:10:07,40,41,7775,103636
2023-05-25 11:10:08,39,40,7878,103739
2023-05-25 11:10:08,39,41,7878,103739
2023-05-25 11:10:09,38,39,8031,103892
2023-05-25 11:10:09,38,41,8031,103892
2023-05-25 11:10:10,38,40,8031,103892
2023-05-25 11:10:11,38,39,8031,103892
2023-05-25 11:10:11,38,39,8231,104092
2023-05-25 11:10:12,38,39,8383,104292
2023-05-25 11:10:13,38,39,8541,104492
2023-05-25 11:10:13,39,40,8560,104511
2023-05-25 11:10:13,38,40,8589,104540
2023-05-25 11:10:14,37,40,8589,104540
2023-05-25 11:10:14,37,39,8589,104540
2023-05-25 11:10:14,37,38,8589,104540
2023-05-25 11:10:14,37,39,8589,104540
2023-05-25 11:10:14,38,39,8589,104540
2023-05-25 11:10:15,37,38,8604,104555
2023-05-25 11:10:15,37,39,8604,104555
2023-05-25 11:10:15,38,39,8604,104555
2023-05-25 11:10:16,37,38,8619,104570
2023-05-25 11:10:16,37,39,8619,104570
2023-05-25 11:10:16,38,39,8619,104570
2023-05-25 11:10:17,39,40,8638,104589
2023-05-25 11:10:17,38,39,8638,104770
2023-05-25 11:10:17,37,38,8643,104775
2023-05-25 11:10:17,37,39,8643,104775
2023-05-25 11:10:18,37,39,8843,104975
2023-05-25 11:10:19,38,39,8843,104975
2023-05-25 11:10:19,37,38,8978,105110
2023-05-25 11:10:19,37,39,8978,105110
2023-05-25 11:10:20,38,39,8978,105110
2023-05-25 11:10:20,37,38,9113,105245
2023-05-25 11:10:20,37,39,9113,105245
2023-05-25 11:10:21,38,39,9113,105245
2023-05-25 11:11:10,38,39,9113,105445
2023-05-25 11:11:11,38,39,9113,105595
2023-05-25 11:11:41,38,39,8913,105795
2023-05-25 11:11:42,39,40,8845,105863
2023-05-25 11:11:42,38,40,8845,105863
2023-05-25 11:12:00,38,40,8835,106063
2023-05-25 11:12:01,40,41,8835,106187
2023-05-25 11:12:01,38,41,8835,106187
2023-05-25 11:12:11,39,41,8835,106187
2023-05-25 11:12:11,40,41,8835,106187
2023-05-25 11:12:12,40,41,8851,106203
2023-05-25 11:12:30,41,42,8851,106248
2023-05-25 11:12:30,40,42,8851,106248
2023-05-25 11:12:35,41,42,8851,106248
2023-05-25 11:12:36,40,42,8851,106248
2023-05-25 11:12:38,41,42,8851,106248
2023-05-25 11:13:34,41,42,8651,106448
2023-05-25 11:13:50,42,43,8651,106493
2023-05-25 11:13:50,41,43,8651,106493
2023-05-25 11:14:02,41,43,8466,106693
2023-05-25 11:14:03,42,43,8466,106693
2023-05-25 11:14:03,42,43,8266,106893
2023-05-25 11:14:04,42,43,8266,106897
2023-05-25 11:14:05,43,44,8251,106917
2023-05-25 11:14:06,42,44,8251,106917
2023-05-25 11:14:10,42,43,8251,106917
2023-05-25 11:14:11,42,44,8251,106917
2023-05-25 11:14:14,43,44,8251,106917
2023-05-25 11:14:14,43,44,8066,107117
2023-05-25 11:14:15,42,44,8066,107117
2023-05-25 11:14:37,43,44,8066,107117
2023-05-25 11:14:52,43,44,8066,107317
2023-05-25 11:14:56,43,44,8066,107517
2023-05-25 11:15:18,43,44,8066,107521
2023-05-25 11:15:21,43,44,8066,107525
2023-05-25 11:15:21,43,44,8066,107529
2023-05-25 11:15:21,43,44,8066,107551
2023-05-25 11:15:21,43,44,8069,107555
2023-05-25 11:15:22,43,44,8073,107559
2023-05-25 11:15:22,43,44,8080,107566
2023-05-25 11:15:32,43,44,7880,107766
2023-05-25 11:15:54,43,44,7711,107966
2023-05-25 11:16:32,43,44,7713,107999
2023-05-25 11:16:33,43,44,7795,108081
2023-05-25 11:16:33,43,44,7798,108084
2023-05-25 11:16:33,43,44,7948,108234
2023-05-25 11:16:37,43,44,7963,108249
2023-05-25 11:16:37,43,44,8073,108359
2023-05-25 11:16:38,42,43,8102,108388
2023-05-25 11:17:02,42,43,8302,108588
2023-05-25 11:17:02,42,43,8434,108720
2023-05-25 11:17:34,42,43,8315,108920
2023-05-25 11:17:40,42,43,8130,109120
2023-05-25 11:17:57,42,43,8134,109124
2023-05-25 11:17:59,42,43,8145,109135
2023-05-25 11:18:04,42,43,8164,109154
2023-05-25 11:18:10,42,43,8169,109159
2023-05-25 11:18:11,43,44,8067,109261
2023-05-25 11:18:11,42,44,8067,109261
2023-05-25 11:18:11,42,43,8067,109261
2023-05-25 11:18:11,42,43,8067,109276
2023-05-25 11:18:17,41,43,8067,109420
2023-05-25 11:18:22,42,43,8067,109420
2023-05-25 11:19:00,43,44,8054,109570
2023-05-25 11:19:00,42,44,8054,109570
2023-05-25 11:19:15,43,44,8054,109570
2023-05-25 11:19:15,43,44,8167,109770
2023-05-25 11:19:16,43,45,8367,109970
2023-05-25 11:19:16,43,44,8367,109970
2023-05-25 11:19:19,44,45,8370,109973
2023-05-25 11:19:19,43,45,8370,109973
2023-05-25 11:19:19,43,44,8370,109973
2023-05-25 11:19:20,44,45,8388,109991
2023-05-25 11:19:20,43,45,8388,109991
2023-05-25 11:19:20,43,44,8388,109991
2023-05-25 11:19:21,44,45,8391,109994
2023-05-25 11:19:21,43,45,8391,109994
2023-05-25 11:19:21,43,44,8391,109994
2023-05-25 11:19:52,42,43,8361,110029
2023-05-25 11:19:52,42,44,8361,110029
2023-05-25 11:19:58,42,43,8361,110029
2023-05-25 11:19:58,42,43,8161,110229
2023-05-25 11:19:59,42,43,8063,110429
2023-05-25 11:20:00,42,44,8063,110429
2023-05-25 11:20:01,42,43,8063,110429
2023-05-25 11:20:04,42,44,8063,110429
2023-05-25 11:20:04,42,43,8063,110429
2023-05-25 11:20:04,41,42,8103,110594
2023-05-25 11:20:04,41,43,8103,110594
2023-05-25 11:20:06,41,44,8103,110594
2023-05-25 11:20:10,41,43,8103,110594
2023-05-25 11:20:29,42,43,8103,110594
2023-05-25 11:21:21,42,43,8298,110789
2023-05-25 11:21:21,42,43,8493,110984
2023-05-25 11:21:21,41,43,8493,110984
2023-05-25 11:21:43,41,42,8493,110984
2023-05-25 11:21:45,41,42,8693,111184
2023-05-25 11:21:54,41,42,8893,111384
2023-05-25 11:23:03,41,42,9093,111584
2023-05-25 11:23:18,41,42,9293,111784
2023-05-25 11:24:13,40,41,9414,111905
2023-05-25 11:24:13,40,42,9414,111905
2023-05-25 11:24:37,41,42,9414,111905
2023-05-25 11:24:39,40,42,9414,111905
2023-05-25 11:25:05,41,42,9414,111905
2023-05-25 11:25:35,41,42,9214,112105
2023-05-25 11:25:36,41,42,9014,112305
2023-05-25 11:26:19,41,42,9214,112505
2023-05-25 11:27:15,41,42,9014,112705
2023-05-25 11:28:25,41,42,9214,112905
2023-05-25 11:28:26,41,42,9414,113105
2023-05-25 11:28:27,40,41,9439,113130
2023-05-25 11:28:27,40,42,9439,113130
2023-05-25 11:28:43,40,41,9439,113130
2023-05-25 11:28:58,40,41,9239,113330
2023-05-25 11:28:59,41,42,9174,113395
2023-05-25 11:28:59,40,42,9174,113395
2023-05-25 11:29:27,40,42,8974,113595
2023-05-25 11:29:31,40,42,8774,113795
2023-05-25 11:29:48,41,42,8774,113795
2023-05-25 11:30:16,41,42,8574,113995
2023-05-25 11:30:17,41,43,8574,113995
2023-05-25 11:31:14,42,43,8574,113995
2023-05-25 11:31:15,42,43,8453,114195
2023-05-25 11:31:16,42,43,8527,114395
2023-05-25 11:31:16,41,42,8527,114414
2023-05-25 11:31:16,41,42,8453,114529
2023-05-25 11:31:17,41,42,8453,114548
2023-05-25 11:31:17,42,43,8468,114610
2023-05-25 11:31:17,42,43,8468,114744
2023-05-25 11:31:17,41,43,8468,114744
2023-05-25 11:31:17,41,42,8468,114744
2023-05-25 11:31:18,42,43,8483,114759
2023-05-25 11:31:19,42,43,8629,114959
2023-05-25 11:31:20,41,42,8633,114963
2023-05-25 11:31:20,41,42,8652,114982
2023-05-25 11:31:20,42,43,8744,115074
2023-05-25 11:31:20,41,43,8744,115074
2023-05-25 11:31:20,41,42,8744,115074
2023-05-25 11:31:21,41,42,8763,115093
2023-05-25 11:31:21,42,43,8859,115189
2023-05-25 11:31:21,41,43,8859,115189
2023-05-25 11:31:23,41,42,8859,115189
2023-05-25 11:31:25,41,42,8800,115264
2023-05-25 11:31:47,41,42,8800,115364
2023-05-25 11:31:48,41,42,8800,115464
2023-05-25 11:31:50,41,42,8800,115564
2023-05-25 11:31:51,41,42,8800,115664
2023-05-25 11:31:52,40,41,8800,115689
2023-05-25 11:31:52,40,42,8800,115689
2023-05-25 11:31:55,41,42,8800,115689
2023-05-25 11:31:56,40,42,8800,115689
2023-05-25 11:31:56,40,41,8800,115689
2023-05-25 11:32:22,40,41,8513,116022
2023-05-25 11:32:28,40,41,8617,116222
2023-05-25 11:32:29,40,42,8817,116422
2023-05-25 11:32:45,41,42,8817,116422
2023-05-25 11:33:23,41,42,8757,116497
2023-05-25 11:33:30,40,41,8757,116532
2023-05-25 11:33:30,40,42,8757,116532
2023-05-25 11:33:31,39,40,8757,116592
2023-05-25 11:33:31,39,42,8757,116592
2023-05-25 11:33:31,40,42,8757,116592
2023-05-25 11:33:31,40,41,8757,116592
2023-05-25 11:33:32,39,40,8757,116607
2023-05-25 11:33:32,39,41,8757,116607
2023-05-25 11:33:55,39,40,8757,116607
2023-05-25 11:35:03,39,40,8757,116807
2023-05-25 11:35:04,39,40,8757,117007
2023-05-25 11:35:05,38,40,8757,117102
2023-05-25 11:35:05,38,39,8757,117102
2023-05-25 11:35:05,39,40,8757,117132
2023-05-25 11:35:32,38,39,8757,117257
2023-05-25 11:35:32,38,40,8757,117257
2023-05-25 11:35:33,38,40,8557,117457
2023-05-25 11:35:33,39,40,8557,117457
2023-05-25 11:36:39,39,40,8557,117657
2023-05-25 11:36:40,39,40,8557,117857
2023-05-25 11:36:44,40,41,8557,117902
2023-05-25 11:36:44,39,41,8557,117902
2023-05-25 11:36:44,39,40,8557,117902
2023-05-25 11:36:45,40,41,8557,117907
2023-05-25 11:36:45,39,41,8557,117907
2023-05-25 11:37:01,39,40,8557,117907
2023-05-25 11:37:33,38,40,8557,117962
2023-05-25 11:37:54,39,40,8557,117962
2023-05-25 11:38:10,40,41,8557,118012
2023-05-25 11:38:23,40,41,8662,118212
2023-05-25 11:38:24,41,42,8757,118397
2023-05-25 11:38:24,40,42,8757,118397
2023-05-25 11:38:30,40,41,8757,118397
2023-05-25 11:38:30,41,42,8772,118412
2023-05-25 11:38:30,40,42,8772,118412
2023-05-25 11:38:31,40,41,8772,118412
2023-05-25 11:38:32,41,42,8772,118417
2023-05-25 11:38:32,40,42,8772,118417
2023-05-25 11:38:38,40,41,8772,118417
2023-05-25 11:39:36,39,41,8757,118772
2023-05-25 11:39:37,39,40,8757,118772
2023-05-25 11:39:41,39,40,8757,118872
2023-05-25 11:40:11,38,39,8757,118917
2023-05-25 11:40:11,38,40,8757,118917
2023-05-25 11:40:11,38,39,8757,118917
2023-05-25 11:40:11,38,40,8757,118917
2023-05-25 11:40:19,38,39,8757,118917
2023-05-25 11:40:22,37,39,8757,119122
2023-05-25 11:40:25,37,39,8557,119322
2023-05-25 11:40:26,37,38,8557,119322
2023-05-25 11:40:28,36,38,8557,119322
2023-05-25 11:40:31,36,37,8557,119322
2023-05-25 11:40:31,35,37,8453,119522
2023-05-25 11:40:32,36,37,8453,119522
2023-05-25 11:40:33,35,36,8453,119642
2023-05-25 11:40:33,35,37,8453,119642
2023-05-25 11:40:34,35,37,8453,119842
2023-05-25 11:40:34,35,36,8453,119842
2023-05-25 11:40:35,34,35,8453,119857
2023-05-25 11:40:35,34,36,8453,119857
2023-05-25 11:40:37,35,36,8453,119857
2023-05-25 11:41:02,34,36,8453,119902
2023-05-25 11:41:05,33,35,8453,119902
2023-05-25 11:41:05,34,35,8453,119902
2023-05-25 11:41:06,35,36,8468,120032
2023-05-25 11:41:06,34,36,8468,120032
2023-05-25 11:41:06,34,35,8468,120032
2023-05-25 11:41:07,34,35,8468,120232
2023-05-25 11:41:08,35,36,8468,120282
2023-05-25 11:41:08,34,36,8468,120282
2023-05-25 11:41:21,34,35,8468,120282
2023-05-25 11:41:26,34,36,8468,120282
2023-05-25 11:41:39,35,36,8468,120282
2023-05-25 11:41:59,34,36,8453,120302
2023-05-25 11:41:59,34,36,8453,120302
2023-05-25 11:42:13,33,36,8453,120302
2023-05-25 11:42:20,34,36,8453,120302
2023-05-25 11:42:28,33,36,8453,120302
2023-05-25 11:42:34,34,36,8453,120302
2023-05-25 11:43:07,35,36,8453,120302
2023-05-25 11:45:21,34,35,8453,120307
2023-05-25 11:45:21,34,36,8453,120307
2023-05-25 11:45:26,33,34,8453,120402
2023-05-25 11:45:26,33,36,8453,120402
2023-05-25 11:45:26,33,35,8453,120402
2023-05-25 11:45:45,33,34,8453,120402
2023-05-25 11:45:48,34,35,8453,120417
2023-05-25 11:46:02,34,35,8453,120617
2023-05-25 11:46:18,33,34,8453,120622
2023-05-25 11:46:18,33,35,8453,120622
2023-05-25 11:46:37,34,35,8453,120622
2023-05-25 11:46:42,34,35,8453,120997
2023-05-25 11:46:53,34,36,8453,121197
2023-05-25 11:46:53,35,36,8453,121197
2023-05-25 11:47:09,35,36,8582,121397
2023-05-25 11:47:10,36,37,8677,121492
2023-05-25 11:47:10,35,37,8677,121492
2023-05-25 11:47:49,36,37,8677,121492
2023-05-25 11:47:51,36,37,8877,121692
2023-05-25 11:49:47,36,37,8677,121892
2023-05-25 11:49:48,36,37,8477,122092
2023-05-25 11:49:50,35,36,8453,122282
2023-05-25 11:49:50,35,37,8453,122282
2023-05-25 11:49:50,36,37,8453,122282
2023-05-25 11:49:51,35,36,8453,122297
2023-05-25 11:49:51,35,37,8453,122297
2023-05-25 11:49:58,35,37,8472,122487
2023-05-25 11:49:59,36,37,8472,122487
2023-05-25 11:50:14,36,37,8453,122687
2023-05-25 11:50:15,36,37,8453,122887
2023-05-25 11:50:16,36,37,8554,123087
2023-05-25 11:50:18,36,37,8754,123287
2023-05-25 11:50:19,35,36,8874,123407
2023-05-25 11:50:19,35,37,8874,123407
2023-05-25 11:50:19,35,36,8874,123407
2023-05-25 11:50:20,34,35,8894,123427
2023-05-25 11:50:20,34,36,8894,123427
2023-05-25 11:50:23,35,36,8894,123427
2023-05-25 11:50:28,34,36,9094,123627
2023-05-25 11:50:30,34,35,9094,123627
2023-05-25 11:50:31,34,36,9094,123627
2023-05-25 11:50:33,34,35,9094,123627
2023-05-25 11:50:35,34,36,9094,123627
2023-05-25 11:50:44,34,36,9094,123852
2023-05-25 11:51:07,34,35,9094,123852
2023-05-25 11:52:22,34,35,9094,123952
2023-05-25 11:52:23,34,35,9094,124052
2023-05-25 11:52:25,34,35,9094,124152
2023-05-25 11:52:25,35,36,9039,124207
2023-05-25 11:52:25,34,36,9039,124207
2023-05-25 11:52:25,35,36,9039,124207
2023-05-25 11:52:25,34,36,9039,124207
2023-05-25 11:52:36,34,36,8839,124407
2023-05-25 11:52:39,34,36,8688,124607
2023-05-25 11:52:42,34,36,8702,124807
2023-05-25 11:52:43,34,36,8902,125007
2023-05-25 11:52:44,34,36,8902,125207
2023-05-25 11:53:02,35,36,8902,125207
2023-05-25 11:53:03,36,37,8912,125217
2023-05-25 11:53:03,36,37,9112,125417
2023-05-25 11:53:04,37,38,9267,125572
2023-05-25 11:53:04,36,38,9267,125572
2023-05-25 11:53:04,37,38,9267,125572
2023-05-25 11:53:05,36,38,9267,125572
2023-05-25 11:53:07,37,38,9267,125572
2023-05-25 11:53:08,38,40,9412,125717
2023-05-25 11:53:08,37,40,9412,125717
2023-05-25 11:53:09,38,40,9412,125717
2023-05-25 11:53:15,38,39,9412,125717
2023-05-25 11:53:15,37,39,9412,125717
2023-05-25 11:53:16,38,39,9412,125717
2023-05-25 11:53:33,38,39,9412,125917
2023-05-25 11:53:34,39,40,9457,126062
2023-05-25 11:53:34,38,40,9457,126062
2023-05-25 11:53:35,38,40,9457,126262
2023-05-25 11:53:36,38,40,9481,126462
2023-05-25 11:53:56,39,40,9481,126462
2023-05-25 11:53:56,40,41,9671,126652
2023-05-25 11:53:56,39,41,9671,126652
2023-05-25 11:53:57,38,41,9671,126652
2023-05-25 11:54:16,38,40,9671,126652
2023-05-25 11:54:17,38,41,9671,126652
2023-05-25 11:54:17,38,40,9671,126652
2023-05-25 11:54:23,37,40,8552,127847
2023-05-25 11:54:23,37,39,8552,127847
2023-05-25 11:54:27,37,38,8552,127847
2023-05-25 11:54:31,36,37,8547,127852
2023-05-25 11:54:31,36,38,8547,127852
2023-05-25 11:55:03,36,37,8547,127852
2023-05-25 11:55:29,36,38,8592,127972
2023-05-25 11:55:29,36,37,8592,127972
2023-05-25 11:55:29,36,37,8453,128172
2023-05-25 11:55:32,36,38,8453,128172
2023-05-25 11:55:50,37,38,8453,128172
2023-05-25 11:55:51,36,38,8453,128372
2023-05-25 11:56:02,36,38,8453,128572
2023-05-25 11:56:04,36,37,8453,128572
2023-05-25 11:56:04,36,37,8453,128772
2023-05-25 11:56:05,35,36,8453,128887
2023-05-25 11:56:05,35,37,8453,128887
2023-05-25 11:56:05,37,38,8453,128926
2023-05-25 11:56:06,37,38,8453,128945
2023-05-25 11:56:06,37,38,8453,129145
2023-05-25 11:56:07,37,38,8453,129164
2023-05-25 11:56:07,35,37,8453,129262
2023-05-25 11:56:07,35,38,8453,129262
2023-05-25 11:56:07,37,38,8453,129262
2023-05-25 11:56:08,37,38,8453,129281
2023-05-25 11:56:08,35,37,8453,129347
2023-05-25 11:56:08,35,38,8453,129347
2023-05-25 11:56:09,35,36,8453,129347
2023-05-25 11:56:12,35,36,8453,129547
2023-05-25 11:56:13,35,36,8453,129747
2023-05-25 11:56:38,35,36,8453,129847
2023-05-25 11:56:39,35,36,8453,129947
2023-05-25 11:56:40,33,35,8453,130092
2023-05-25 11:57:44,34,35,8453,130092
2023-05-25 11:57:56,34,35,8453,130192
2023-05-25 11:58:12,34,35,8564,130392
2023-05-25 11:58:32,34,36,8564,130482
2023-05-25 11:58:32,35,36,8564,130482
2023-05-25 11:58:47,35,37,8564,130532
2023-05-25 11:58:51,35,36,8564,130532
2023-05-25 11:58:52,35,37,8564,130532
2023-05-25 11:58:58,35,36,8564,130532
2023-05-25 11:58:59,35,37,8564,130532
2023-05-25 11:58:59,35,36,8564,130532
2023-05-25 11:59:21,35,37,8564,130537
2023-05-25 11:59:22,35,36,8564,130537
2023-05-25 11:59:22,35,36,8579,130552
2023-05-25 11:59:23,35,37,8579,130552
2023-05-25 11:59:29,35,37,8779,130752
2023-05-25 11:59:33,35,37,8979,130952
2023-05-25 11:59:34,35,37,9179,131152
2023-05-25 11:59:43,35,36,9179,131152
2023-05-25 11:59:43,35,36,9379,131352
2023-05-25 11:59:45,34,35,9459,131432
2023-05-25 11:59:45,34,36,9459,131432
2023-05-25 11:59:53,35,36,9459,131432
2023-05-25 12:00:00,35,37,9459,131572
2023-05-25 12:00:01,35,37,9459,131572
2023-05-25 12:00:06,36,37,9459,131572
2023-05-25 12:00:30,36,37,9459,131672
2023-05-25 12:00:30,37,38,9459,131752
2023-05-25 12:00:30,37,38,9259,131952
2023-05-25 12:00:31,38,39,9159,132052
2023-05-25 12:00:31,37,39,9159,132052
2023-05-25 12:00:32,37,39,8959,132252
2023-05-25 12:00:34,37,39,8759,132452
2023-05-25 12:00:35,38,39,8759,132452
2023-05-25 12:00:35,39,40,8739,132472
2023-05-25 12:00:35,38,40,8739,132472
2023-05-25 12:00:37,39,40,8739,132472
2023-05-25 12:00:37,39,40,8539,132672
2023-05-25 12:00:38,39,40,8453,132872
2023-05-25 12:00:38,39,41,8453,132872
2023-05-25 12:00:38,39,40,8453,132872
2023-05-25 12:00:39,39,40,8453,133072
2023-05-25 12:00:40,40,41,8453,133097
2023-05-25 12:00:40,39,41,8453,133097
2023-05-25 12:00:41,39,41,8453,133297
2023-05-25 12:00:42,39,41,8642,133497
2023-05-25 12:00:43,39,41,8842,133697
2023-05-25 12:00:44,41,42,8857,133732
2023-05-25 12:00:44,39,42,8857,133732
2023-05-25 12:00:45,39,41,8857,133732
2023-05-25 12:00:45,41,42,8872,133747
2023-05-25 12:00:46,39,42,8872,133747
2023-05-25 12:00:47,39,42,9072,133947
2023-05-25 12:00:47,39,41,9072,133947
2023-05-25 12:00:48,41,42,9087,133962
2023-05-25 12:00:48,39,42,9087,133962
2023-05-25 12:00:48,40,42,9087,133962
2023-05-25 12:00:49,41,42,9087,133962
2023-05-25 12:00:50,40,41,9087,133986
2023-05-25 12:00:51,40,41,9087,134005
2023-05-25 12:00:51,41,42,9087,134062
2023-05-25 12:00:51,40,42,9087,134062
2023-05-25 12:00:52,41,42,9087,134062
2023-05-25 12:00:52,41,42,9287,134262
2023-05-25 12:00:53,40,41,9287,134281
2023-05-25 12:00:53,40,41,9287,134300
2023-05-25 12:00:53,41,42,9287,134362
2023-05-25 12:00:54,40,42,9287,134362
2023-05-25 12:00:55,41,42,9287,134362
2023-05-25 12:00:56,40,41,9287,134381
2023-05-25 12:00:57,40,41,9287,134400
2023-05-25 12:00:57,41,42,9287,134462
2023-05-25 12:00:57,40,42,9287,134462
2023-05-25 12:00:57,40,41,9287,134462
2023-05-25 12:00:58,41,42,9287,134467
2023-05-25 12:00:58,40,41,9287,134481
2023-05-25 12:00:59,40,41,9287,134500
2023-05-25 12:00:59,41,42,9287,134567
2023-05-25 12:00:59,40,42,9287,134567
2023-05-25 12:01:00,41,42,9287,134567
2023-05-25 12:01:00,41,42,9287,134617
2023-05-25 12:01:01,41,42,9187,134717
2023-05-25 12:01:05,41,42,9077,135017
2023-05-25 12:01:24,42,43,9077,135037
2023-05-25 12:01:43,41,42,9077,135097
2023-05-25 12:01:51,41,43,9077,135097
2023-05-25 12:03:11,42,43,9077,135097
2023-05-25 12:03:26,42,43,9152,135172
2023-05-25 12:03:29,42,43,9162,135182
2023-05-25 12:04:49,42,43,9162,135282
2023-05-25 12:07:32,43,44,9162,135302
2023-05-25 12:07:33,43,44,9212,135352
2023-05-25 12:08:42,43,44,9252,135552
2023-05-25 12:08:42,42,43,9252,135592
2023-05-25 12:09:25,42,43,9252,135692
2023-05-25 12:09:32,41,43,9252,135857
2023-05-25 12:10:12,42,43,9252,135857
2023-05-25 12:10:52,42,43,9057,136057
2023-05-25 12:10:52,41,43,9057,136057
2023-05-25 12:10:55,41,42,9057,136057
2023-05-25 12:11:00,41,43,9057,136057
2023-05-25 12:11:22,41,43,9207,136207
2023-05-25 12:12:14,42,43,9207,136207
2023-05-25 12:12:17,43,44,9217,136302
2023-05-25 12:12:17,42,44,9217,136302
2023-05-25 12:12:18,42,44,9417,136502
2023-05-25 12:12:19,43,44,9417,136502
2023-05-25 12:12:37,44,45,9417,136527
2023-05-25 12:12:52,44,45,9417,136627
2023-05-25 12:12:53,43,44,9417,136732
2023-05-25 12:12:53,43,45,9417,136732
2023-05-25 12:12:53,43,44,9417,136732
2023-05-25 12:13:22,43,44,9417,136932
2023-05-25 12:13:26,42,43,9417,136962
2023-05-25 12:13:26,42,44,9417,136962
2023-05-25 12:13:50,43,44,9417,136962
2023-05-25 12:14:04,44,45,9417,137007
2023-05-25 12:14:04,43,45,9417,137007
2023-05-25 12:14:33,43,45,9617,137207
2023-05-25 12:14:35,44,45,9617,137207
2023-05-25 12:16:34,45,46,9557,137267
2023-05-25 12:17:22,45,46,9557,137327
2023-05-25 12:17:34,46,47,9557,137347
2023-05-25 12:17:34,46,47,9702,137492
2023-05-25 12:19:36,46,47,9777,137567
2023-05-25 12:20:27,46,48,9777,137587
2023-05-25 12:21:19,47,48,9777,137587
2023-05-25 12:23:23,47,48,9777,137682
2023-05-25 12:23:24,47,48,9777,137707
2023-05-25 12:25:41,47,48,9777,137907
2023-05-25 12:25:42,46,47,9777,137922
2023-05-25 12:25:42,46,48,9777,137922
2023-05-25 12:25:54,47,48,9777,137922
2023-05-25 12:26:17,47,48,9582,138122
2023-05-25 12:26:18,46,48,9582,138122
2023-05-25 12:26:18,46,47,9582,138122
2023-05-25 12:26:18,46,48,9582,138122
2023-05-25 12:26:32,46,47,9582,138122
2023-05-25 12:26:50,47,48,9582,138167
2023-05-25 12:26:50,46,48,9582,138167
2023-05-25 12:26:54,46,48,9782,138367
2023-05-25 12:26:55,47,48,9782,138367
2023-05-25 12:26:55,47,48,9982,138567
2023-05-25 12:27:41,47,48,9782,138767
2023-05-25 12:28:12,48,49,9782,138817
2023-05-25 12:28:12,47,49,9782,138817
2023-05-25 12:28:17,48,49,9782,138817
2023-05-25 12:28:17,48,49,9982,139017
2023-05-25 12:28:18,47,49,9982,139017
2023-05-25 12:28:20,48,49,9982,139017
2023-05-25 12:30:06,47,49,10017,139417
2023-05-25 12:30:42,47,48,10017,139417
2023-05-25 12:30:42,47,48,9817,139617
2023-05-25 12:30:43,47,49,9817,139617
2023-05-25 12:30:43,47,48,9817,139617
2023-05-25 12:31:19,48,49,9817,139622
2023-05-25 12:33:00,47,48,9817,139737
2023-05-25 12:33:00,47,49,9817,139737
2023-05-25 12:34:10,47,48,9817,139737
2023-05-25 12:34:14,47,49,9817,139737
2023-05-25 12:34:16,47,48,9817,139737
2023-05-25 12:34:17,47,49,9817,139737
2023-05-25 12:34:21,47,49,9817,139937
2023-05-25 12:34:37,47,48,9817,139937
2023-05-25 12:35:28,46,48,9856,139976
2023-05-25 12:35:29,47,48,9856,139976
2023-05-25 12:35:30,47,48,9856,140176
2023-05-25 12:35:31,46,48,9880,140200
2023-05-25 12:35:32,47,48,9880,140200
2023-05-25 12:35:32,47,48,9880,140400
2023-05-25 12:35:33,46,48,9880,140400
2023-05-25 12:35:34,47,48,9880,140400
2023-05-25 12:35:35,48,49,9880,140475
2023-05-25 12:37:36,48,49,9955,140550
2023-05-25 12:39:37,48,49,10030,140625
2023-05-25 12:39:58,48,49,10255,140850
2023-05-25 12:42:32,48,49,10255,140854
2023-05-25 12:44:12,49,50,10139,140970
2023-05-25 12:44:13,48,50,10139,140970
2023-05-25 12:44:51,48,50,10289,141120
2023-05-25 12:44:51,49,50,10289,141120
2023-05-25 12:45:38,49,50,10089,141320
2023-05-25 12:45:57,48,49,10089,141475
2023-05-25 12:45:57,48,50,10089,141475
2023-05-25 12:46:07,49,50,10089,141475
2023-05-25 12:47:08,49,50,10089,141675
2023-05-25 12:47:20,49,50,10069,141875
2023-05-25 12:47:26,49,50,9884,142075
2023-05-25 12:51:12,50,51,9884,142135
2023-05-25 12:51:12,49,51,9884,142135
2023-05-25 12:51:28,49,51,10217,142468
2023-05-25 12:51:28,50,51,10217,142468
2023-05-25 12:52:00,50,51,10302,142553
2023-05-25 12:53:19,50,52,10302,142763
2023-05-25 12:53:26,51,52,10302,142763
2023-05-25 12:53:31,51,52,10502,142963
2023-05-25 12:53:36,51,52,10702,143163
2023-05-25 12:53:38,51,52,10902,143363
2023-05-25 12:54:18,51,52,10707,143563
2023-05-25 12:54:22,51,52,10507,143763
2023-05-25 12:54:24,50,52,10307,143963
2023-05-25 12:54:39,50,52,10107,144163
2023-05-25 12:54:40,50,52,9947,144363
2023-05-25 12:54:42,50,52,9907,144563
2023-05-25 12:54:42,50,51,9907,144563
2023-05-25 12:54:54,50,51,9780,144763
2023-05-25 12:55:30,51,52,9780,144898
2023-05-25 12:55:30,50,52,9780,144898
2023-05-25 12:55:48,50,51,9780,144898
2023-05-25 12:55:54,51,52,9780,144973
2023-05-25 12:55:54,50,52,9780,144973
2023-05-25 12:56:16,50,52,9887,145173
2023-05-25 12:56:16,51,52,9887,145173
2023-05-25 12:56:17,51,53,10087,145373
2023-05-25 12:56:23,51,53,10287,145573
2023-05-25 12:56:24,51,53,10487,145773
2023-05-25 12:56:25,51,53,10687,145973
2023-05-25 12:56:26,51,52,10687,145973
2023-05-25 12:56:27,52,53,10687,146123
2023-05-25 12:56:27,51,53,10687,146123
2023-05-25 12:56:51,52,53,10687,146123
2023-05-25 12:57:48,51,52,10657,146158
2023-05-25 12:57:48,51,53,10657,146158
2023-05-25 12:57:56,52,53,10657,146158
2023-05-25 12:57:59,51,52,10657,146308
2023-05-25 12:57:59,51,53,10657,146308
2023-05-25 12:57:59,52,53,10657,146308
2023-05-25 12:58:00,51,52,10657,146313
2023-05-25 12:58:00,51,53,10657,146313
2023-05-25 12:58:03,51,53,10462,146513
2023-05-25 12:58:04,51,53,10262,146713
2023-05-25 12:58:06,50,53,10062,146913
2023-05-25 12:58:18,50,52,10062,146913
2023-05-25 12:58:19,50,53,10062,146913
2023-05-25 12:59:01,50,52,10062,146913
2023-05-25 12:59:03,51,52,10062,146913
2023-05-25 12:59:04,51,52,10062,147113
2023-05-25 12:59:06,50,51,10062,147138
2023-05-25 12:59:06,50,52,10062,147138
2023-05-25 12:59:09,50,53,10062,147138
2023-05-25 12:59:13,50,52,10062,147138
2023-05-25 13:00:27,50,51,10062,147138
2023-05-25 13:01:32,51,52,10062,147308
2023-05-25 13:01:32,50,52,10062,147308
2023-05-25 13:02:11,50,51,10062,147308
2023-05-25 13:02:25,49,50,10062,147383
2023-05-25 13:02:25,49,51,10062,147383
2023-05-25 13:02:48,50,51,10062,147383
2023-05-25 13:03:19,50,51,10062,147583
2023-05-25 13:03:24,51,52,10062,147633
2023-05-25 13:04:34,51,52,10062,147651
2023-05-25 13:05:07,51,52,10042,147851
2023-05-25 13:06:38,52,53,10042,147871
2023-05-25 13:06:38,51,53,10042,147871
2023-05-25 13:07:08,51,52,10042,147871
2023-05-25 13:07:12,51,52,10042,148071
2023-05-25 13:07:13,50,51,10042,148149
2023-05-25 13:07:13,50,52,10042,148149
2023-05-25 13:07:14,51,52,10042,148149
2023-05-25 13:07:45,52,53,10042,148244
2023-05-25 13:07:45,51,53,10042,148244
2023-05-25 13:07:50,51,53,10222,148444
2023-05-25 13:07:57,51,53,10422,148644
2023-05-25 13:07:58,53,54,10422,148664
2023-05-25 13:07:58,51,54,10422,148664
2023-05-25 13:07:59,51,53,10422,148664
2023-05-25 13:09:15,51,53,10422,148864
2023-05-25 13:09:16,52,53,10422,148864
2023-05-25 13:09:16,53,54,10422,149044
2023-05-25 13:09:16,52,54,10422,149044
2023-05-25 13:09:17,52,53,10422,149044
2023-05-25 13:09:18,51,53,10422,149044
2023-05-25 13:09:34,52,53,10422,149044
2023-05-25 13:09:58,52,53,10422,149244
2023-05-25 13:11:36,52,53,10405,149261
2023-05-25 13:12:38,53,54,10383,149283
2023-05-25 13:12:39,52,54,10383,149283
2023-05-25 13:12:44,53,54,10383,149283
2023-05-25 13:15:57,54,55,10383,149453
2023-05-25 13:15:57,54,55,10403,149473
2023-05-25 13:15:58,54,55,10453,149523
2023-05-25 13:16:37,54,55,10653,149723
2023-05-25 13:16:46,54,55,10653,149923
2023-05-25 13:16:49,55,56,10653,149968
2023-05-25 13:16:50,54,56,10653,149968
2023-05-25 13:16:50,54,55,10653,149968
2023-05-25 13:16:51,55,56,10653,149973
2023-05-25 13:16:51,54,56,10653,149973
2023-05-25 13:17:23,54,56,10853,150173
2023-05-25 13:17:24,55,56,10853,150173
2023-05-25 13:17:35,55,56,11053,150373
2023-05-25 13:18:04,56,57,11053,150393
2023-05-25 13:19:02,56,57,11053,150593
2023-05-25 13:19:04,55,56,11038,150768
2023-05-25 13:19:04,55,57,11038,150768
2023-05-25 13:19:06,55,56,11038,150768
2023-05-25 13:19:09,55,56,10838,150968
2023-05-25 13:19:25,55,56,10643,151168
2023-05-25 13:21:01,56,57,10643,151173
2023-05-25 13:21:01,55,57,10643,151173
2023-05-25 13:22:33,55,56,10643,151173
2023-05-25 13:22:34,55,57,10643,151173
2023-05-25 13:23:57,55,57,10843,151373
2023-05-25 13:23:59,55,57,11001,151573
2023-05-25 13:24:00,55,58,11001,151573
2023-05-25 13:24:00,55,57,11001,151573
2023-05-25 13:24:01,57,58,11001,151723
2023-05-25 13:24:01,55,58,11001,151723
2023-05-25 13:24:02,55,57,11001,151723
2023-05-25 13:24:57,56,57,11001,151723
2023-05-25 13:26:05,57,58,11001,151743
2023-05-25 13:26:05,56,58,11001,151743
2023-05-25 13:26:42,57,58,11001,151743
2023-05-25 13:26:43,57,58,11001,151773
2023-05-25 13:26:43,57,58,11001,151788
2023-05-25 13:26:45,57,58,11201,151988
2023-05-25 13:28:16,57,58,11001,152188
2023-05-25 13:29:56,58,59,11001,152208
2023-05-25 13:29:56,57,59,11001,152208
2023-05-25 13:30:05,58,59,11001,152208
2023-05-25 13:30:05,58,59,11201,152408
2023-05-25 13:30:33,58,59,11201,152463
2023-05-25 13:32:23,58,59,11201,152498
2023-05-25 13:32:31,58,59,11201,152506
2023-05-25 13:32:52,58,59,11201,152547
2023-05-25 13:32:58,57,59,11211,152588
2023-05-25 13:32:59,58,59,11211,152588
2023-05-25 13:33:24,59,60,11211,152608
2023-05-25 13:33:24,59,60,11241,152638
2023-05-25 13:33:31,59,60,11271,152763
2023-05-25 13:33:32,59,60,11271,152778
2023-05-25 13:33:36,59,60,11271,152783
2023-05-25 13:34:57,59,60,11271,152824
2023-05-25 13:35:11,59,60,11271,152865
2023-05-25 13:35:14,59,60,11309,152906
2023-05-25 13:35:24,59,60,11350,152947
2023-05-25 13:35:37,59,60,11350,152988
2023-05-25 13:35:55,59,60,11350,153029
2023-05-25 13:36:48,59,60,11355,153070
2023-05-25 13:36:51,59,60,11355,153111
2023-05-25 13:37:01,59,60,11355,153152
2023-05-25 13:37:10,59,60,11396,153193
2023-05-25 13:37:20,59,60,11437,153234
2023-05-25 13:37:31,59,60,11478,153275
2023-05-25 13:37:41,59,60,11483,153316
2023-05-25 13:37:58,59,60,11483,153357
2023-05-25 13:38:08,59,60,11483,153398
2023-05-25 13:38:18,59,60,11483,153439
2023-05-25 13:38:24,59,60,11483,153480
2023-05-25 13:38:31,59,60,11483,153521
2023-05-25 13:38:41,59,60,11483,153562
2023-05-25 13:39:07,59,60,11483,153603
2023-05-25 13:41:18,60,61,12548,154688
2023-05-25 13:41:21,60,61,12568,154708
2023-05-25 13:41:26,60,61,12568,154908
2023-05-25 13:42:27,60,61,12768,155108
2023-05-25 13:46:46,60,62,12768,155128
2023-05-25 13:46:47,61,62,12768,155128
2023-05-25 13:48:15,62,63,12993,155373
2023-05-25 13:49:09,62,63,13326,155706
2023-05-25 13:50:30,62,64,13326,155726
2023-05-25 13:50:31,63,64,13326,155726
2023-05-25 13:50:31,62,64,13326,155741
2023-05-25 13:51:18,63,64,13326,155741
2023-05-25 13:52:24,63,64,13446,155861
2023-05-25 13:54:34,63,64,13451,156081
2023-05-25 13:54:36,63,64,13251,156281
2023-05-25 13:55:19,64,65,13251,156301
2023-05-25 13:55:19,63,65,13251,156301
2023-05-25 13:55:36,63,64,13251,156301
2023-05-25 13:56:18,63,64,13256,156321
2023-05-25 13:58:21,64,65,13256,156326
2023-05-25 13:58:21,63,65,13256,156326
2023-05-25 13:58:23,64,65,13256,156326
2023-05-25 13:59:29,65,66,13256,156346
2023-05-25 13:59:29,64,66,13256,156346
2023-05-25 14:00:08,64,66,13456,156546
2023-05-25 14:00:14,64,66,13456,156559
2023-05-25 14:00:14,64,66,13456,156574
2023-05-25 14:00:15,64,66,13456,156674
2023-05-25 14:00:16,64,66,13456,156689
2023-05-25 14:00:17,64,66,13456,156719
2023-05-25 14:00:18,64,65,13456,156719
2023-05-25 14:00:23,63,65,13461,156724
2023-05-25 14:00:23,63,64,13461,156724
2023-05-25 14:00:28,62,64,13461,156724
2023-05-25 14:00:28,62,63,13461,156724
2023-05-25 14:00:28,61,63,13456,156754
2023-05-25 14:00:39,62,63,13456,156754
2023-05-25 14:00:40,62,64,13456,156754
2023-05-25 14:00:45,62,63,13456,156754
2023-05-25 14:00:51,61,63,13458,156756
2023-05-25 14:00:51,61,63,13458,156774
2023-05-25 14:00:52,61,63,13458,156839
2023-05-25 14:00:53,61,63,13458,156923
2023-05-25 14:01:03,61,62,13458,156923
2023-05-25 14:01:03,60,62,13460,156925
2023-05-25 14:01:03,60,62,13538,157003
2023-05-25 14:01:04,60,63,13538,157003
2023-05-25 14:01:06,60,62,13538,157003
2023-05-25 14:01:18,60,62,13555,157064
2023-05-25 14:01:18,60,62,13555,157086
2023-05-25 14:01:19,60,61,13555,157086
2023-05-25 14:01:20,60,61,13570,157101
2023-05-25 14:01:25,58,61,13570,157101
2023-05-25 14:01:26,58,61,13570,157120
2023-05-25 14:01:34,58,60,13570,157120
2023-05-25 14:01:35,58,59,13570,157120
2023-05-25 14:01:35,58,59,13570,157135
2023-05-25 14:01:37,55,59,13615,157180
2023-05-25 14:01:37,55,58,13615,157180
2023-05-25 14:01:38,55,57,13615,157180
2023-05-25 14:01:44,55,58,13615,157180
2023-05-25 14:01:45,55,57,13615,157180
2023-05-25 14:01:47,55,57,13415,157380
2023-05-25 14:01:49,55,57,13313,157580
2023-05-25 14:01:50,54,57,13313,157580
2023-05-25 14:01:51,54,55,13313,157580
2023-05-25 14:01:53,54,55,13113,157780
2023-05-25 14:01:55,53,54,13113,157800
2023-05-25 14:01:55,53,55,13113,157800
2023-05-25 14:01:57,53,55,13037,158000
2023-05-25 14:01:57,52,55,13037,158000
2023-05-25 14:02:01,53,55,13037,158000
2023-05-25 14:02:06,54,55,13037,158000
2023-05-25 14:02:13,54,55,13370,158333
2023-05-25 14:02:38,55,57,13370,158335
2023-05-25 14:02:40,56,57,13370,158335
2023-05-25 14:02:53,56,57,13550,158535
2023-05-25 14:02:55,56,57,13750,158735
2023-05-25 14:02:59,56,57,13950,158935
2023-05-25 14:03:00,56,57,14350,159335
2023-05-25 14:03:03,56,57,14550,159535
2023-05-25 14:03:03,56,57,14950,159935
2023-05-25 14:03:03,57,58,15035,160022
2023-05-25 14:03:04,57,58,15035,160222
2023-05-25 14:03:04,57,60,15035,160222
2023-05-25 14:03:04,58,60,15035,160222
2023-05-25 14:03:04,59,60,15035,160222
2023-05-25 14:03:05,58,60,15035,160222
2023-05-25 14:03:06,58,59,15035,160222
2023-05-25 14:03:06,59,60,15035,160422
2023-05-25 14:03:17,58,59,15035,160461
2023-05-25 14:03:18,58,60,15035,160461
2023-05-25 14:03:19,58,59,15035,160461
2023-05-25 14:03:35,57,58,15035,160463
2023-05-25 14:03:58,57,58,15035,160535
2023-05-25 14:04:42,57,59,15035,160575
2023-05-25 14:04:59,57,59,15035,160646
2023-05-25 14:05:01,57,60,15035,160646
2023-05-25 14:05:04,58,60,15035,160646
2023-05-25 14:05:06,60,61,15035,160666
2023-05-25 14:05:31,60,61,15035,160737
2023-05-25 14:06:30,60,62,15035,160757
2023-05-25 14:07:04,61,62,15035,160757
2023-05-25 14:07:08,61,62,15020,160787
2023-05-25 14:08:11,61,62,15020,160856
2023-05-25 14:11:59,62,63,15020,160876
2023-05-25 14:13:11,63,64,15020,160896
2023-05-25 14:14:25,62,63,15020,160898
2023-05-25 14:15:35,62,63,15020,160939
2023-05-25 14:15:37,62,63,15020,161139
2023-05-25 14:15:40,61,62,15020,161141
2023-05-25 14:16:29,62,63,15020,161143
2023-05-25 14:16:30,61,62,15020,161151
2023-05-25 14:16:54,60,61,15020,161153
2023-05-25 14:17:24,59,60,15020,161155
2023-05-25 14:17:26,59,61,15020,161155
2023-05-25 14:17:59,61,62,15020,161159
2023-05-25 14:18:12,60,61,15020,161161
2023-05-25 14:19:14,61,62,15020,161163
2023-05-25 14:19:16,60,61,15020,161286
2023-05-25 14:19:17,60,62,15020,161286
2023-05-25 14:19:18,60,61,15020,161286
2023-05-25 14:19:52,60,62,15020,161288
2023-05-25 14:20:18,61,62,15020,161288
2023-05-25 14:20:35,62,63,15020,161290
2023-05-25 14:20:58,63,64,15020,161292
2023-05-25 14:22:19,63,64,15020,161302
2023-05-25 14:24:25,64,65,15020,161512
2023-05-25 14:24:26,64,65,15120,161612
2023-05-25 14:25:23,65,66,15120,161632
2023-05-25 14:25:52,66,67,15120,161652
2023-05-25 14:26:06,66,67,15120,161852
2023-05-25 14:26:07,65,66,15120,162006
2023-05-25 14:26:10,65,67,15120,162006
2023-05-25 14:26:41,66,67,15120,162006
2023-05-25 14:26:41,66,67,15120,162206
2023-05-25 14:26:43,65,67,15120,162206
2023-05-25 14:26:44,65,66,15120,162206
2023-05-25 14:27:10,64,65,15120,162208
2023-05-25 14:28:12,65,66,15120,162210
2023-05-25 14:29:02,64,65,15120,162212
2023-05-25 14:29:02,64,66,15120,162212
2023-05-25 14:29:03,64,66,15120,162412
2023-05-25 14:29:08,64,66,15120,162612
2023-05-25 14:29:09,63,64,15120,162629
2023-05-25 14:29:09,63,66,15120,162629
2023-05-25 14:29:10,63,65,15120,162629
2023-05-25 14:29:10,64,65,15120,162629
2023-05-25 14:29:10,63,65,15120,162829
2023-05-25 14:29:15,64,65,15120,162829
2023-05-25 14:29:41,65,66,15120,162846
2023-05-25 14:29:41,64,66,15120,162846
2023-05-25 14:29:47,65,66,15120,162846
2023-05-25 14:29:47,66,67,15120,163020
2023-05-25 14:29:47,65,67,15120,163020
2023-05-25 14:29:47,64,67,15320,163220
2023-05-25 14:29:49,65,67,15320,163220
2023-05-25 14:29:49,66,67,15320,163220
2023-05-25 14:29:49,65,67,15339,163239
2023-05-25 14:29:50,66,67,15339,163239
2023-05-25 14:29:51,66,67,15343,163243
2023-05-25 14:29:51,66,67,15350,163250
2023-05-25 14:29:52,66,67,15357,163257
2023-05-25 14:29:52,66,67,15357,163457
2023-05-25 14:29:54,66,67,15357,163657
2023-05-25 14:29:55,65,67,15357,163657
2023-05-25 14:30:22,66,67,15357,163657
2023-05-25 14:32:42,65,66,15357,163659
2023-05-25 14:33:24,64,65,15357,163661
2023-05-25 14:33:26,63,64,15357,163811
2023-05-25 14:33:26,63,65,15357,163811
2023-05-25 14:33:28,62,65,15357,163811
2023-05-25 14:33:29,63,65,15357,163811
2023-05-25 14:33:31,63,64,15357,163811
2023-05-25 14:33:33,61,63,15357,163961
2023-05-25 14:33:33,60,63,15357,163961
2023-05-25 14:33:35,61,63,15357,163961
2023-05-25 14:33:36,60,63,15357,163961
2023-05-25 14:33:46,61,63,15357,163961
2023-05-25 14:33:59,62,63,15357,163961
2023-05-25 14:34:19,61,62,15357,164060
2023-05-25 14:34:21,61,63,15357,164060
2023-05-25 14:34:22,61,62,15357,164060
2023-05-25 14:34:23,61,63,15357,164060
2023-05-25 14:34:40,62,63,15357,164060
2023-05-25 14:35:07,62,64,15357,164082
2023-05-25 14:35:20,62,63,15357,164082
2023-05-25 14:35:24,62,64,15357,164082
2023-05-25 14:35:31,61,64,15357,164082
2023-05-25 14:35:35,61,63,15357,164082
2023-05-25 14:35:35,61,62,15357,164082
2023-05-25 14:35:42,58,60,15357,164150
2023-05-25 14:36:32,59,60,15357,164150
2023-05-25 14:36:38,60,62,15357,164218
2023-05-25 14:36:40,60,63,15357,164218
2023-05-25 14:37:07,61,63,15357,164218
2023-05-25 14:37:16,60,63,15357,164218
2023-05-25 14:37:16,61,63,15357,164218
2023-05-25 14:38:07,62,63,15357,164218
2023-05-25 14:38:08,61,63,15357,164218
2023-05-25 14:38:09,62,63,15357,164218
2023-05-25 14:38:52,62,64,15357,164238
2023-05-25 14:39:35,62,63,15357,164238
2023-05-25 14:41:00,62,64,15357,164240
2023-05-25 14:41:23,62,65,15455,164442
2023-05-25 14:41:32,62,64,15455,164442
2023-05-25 14:42:42,62,63,15455,164442
2023-05-25 14:42:46,61,63,15455,164442
2023-05-25 14:42:53,61,62,15455,164442
2023-05-25 14:43:06,60,62,15455,164442
2023-05-25 14:43:12,60,61,15455,164442
2023-05-25 14:43:15,60,61,15500,164487
2023-05-25 14:43:19,57,61,15500,164487
2023-05-25 14:43:19,57,60,15500,164487
2023-05-25 14:43:23,57,61,15500,164487
2023-05-25 14:43:30,57,60,15500,164487
2023-05-25 14:43:36,57,61,15500,164487
2023-05-25 14:43:47,58,61,15500,164487
2023-05-25 14:43:51,56,57,15402,164937
2023-05-25 14:43:51,56,57,15402,165037
2023-05-25 14:43:52,56,57,15402,165062
2023-05-25 14:43:53,56,57,15402,165162
2023-05-25 14:43:54,56,57,15402,165262
2023-05-25 14:43:55,56,57,15402,165362
2023-05-25 14:43:57,56,57,15402,165462
2023-05-25 14:43:59,56,57,15402,165562
2023-05-25 14:44:00,56,57,15402,165662
2023-05-25 14:44:09,56,57,15402,165862
2023-05-25 14:44:11,56,57,15402,166099
2023-05-25 14:44:31,57,59,15402,166209
2023-05-25 14:44:31,57,60,15402,166209
2023-05-25 14:44:31,58,60,15402,166209
2023-05-25 14:44:32,57,60,15425,166232
2023-05-25 14:44:33,58,60,15425,166232
2023-05-25 14:45:01,58,59,15425,166232
2023-05-25 14:45:11,57,59,15425,166232
2023-05-25 14:45:45,57,58,15425,166232
2023-05-25 14:46:00,57,58,15425,166432
2023-05-25 14:46:10,56,57,15425,166490
2023-05-25 14:46:14,56,57,15425,166543
2023-05-25 14:46:14,55,56,15425,166553
2023-05-25 14:46:24,55,56,15425,166568
2023-05-25 14:46:36,52,54,15425,166639
2023-05-25 14:46:38,51,54,15425,166639
2023-05-25 14:46:38,52,54,15425,166639
2023-05-25 14:46:39,52,55,15425,166639
2023-05-25 14:46:40,53,55,15425,166639
2023-05-25 14:46:40,53,54,15425,166639
2023-05-25 14:47:11,53,54,15425,166868
2023-05-25 14:47:14,51,52,15425,167064
2023-05-25 14:47:14,49,52,15425,167064
2023-05-25 14:47:14,48,52,15425,167064
2023-05-25 14:47:14,50,52,15425,167064
2023-05-25 14:47:15,50,51,15425,167064
2023-05-25 14:47:15,50,51,15440,167079
2023-05-25 14:47:22,48,50,15440,167099
2023-05-25 14:47:22,48,51,15440,167099
2023-05-25 14:47:22,49,51,15440,167099
2023-05-25 14:47:26,50,51,15440,167099
2023-05-25 14:47:33,49,50,15425,167116
2023-05-25 14:47:33,49,51,15425,167116
2023-05-25 14:47:35,48,49,15425,167136
2023-05-25 14:47:35,48,51,15425,167136
2023-05-25 14:47:38,48,50,15425,167136
2023-05-25 14:47:38,48,50,15472,167183
2023-05-25 14:47:40,48,51,15472,167183
2023-05-25 14:47:50,49,51,15472,167183
2023-05-25 14:47:51,50,51,15472,167183
2023-05-25 14:47:54,50,51,15472,167193
2023-05-25 14:48:34,50,51,15472,167393
2023-05-25 14:48:38,51,52,15472,167493
2023-05-25 14:48:48,53,54,15472,167643
2023-05-25 14:48:49,53,54,15472,167668
2023-05-25 14:48:50,53,54,15472,167693
2023-05-25 14:48:53,53,54,15472,167718
2023-05-25 14:48:54,54,55,15472,167780
2023-05-25 14:49:01,55,56,15472,167830
2023-05-25 14:49:03,55,56,15472,167832
2023-05-25 14:49:20,55,56,15472,168032
2023-05-25 14:49:20,55,56,15472,168232
2023-05-25 14:49:21,54,55,15472,168324
2023-05-25 14:49:21,54,56,15472,168324
2023-05-25 14:49:23,54,55,15472,168324
2023-05-25 14:49:24,52,55,15472,168324
2023-05-25 14:49:25,52,54,15472,168324
2023-05-25 14:49:25,52,55,15472,168324
2023-05-25 14:49:25,52,53,15472,168324
2023-05-25 14:49:32,52,55,15472,168324
2023-05-25 14:49:32,52,54,15472,168324
2023-05-25 14:49:48,52,53,15472,168324
2023-05-25 14:50:26,53,54,15472,168415
2023-05-25 14:50:26,52,54,15472,168415
2023-05-25 14:50:26,53,54,15472,168415
2023-05-25 14:50:54,54,56,15472,168506
2023-05-25 14:50:55,55,56,15472,168506
2023-05-25 14:51:01,54,56,15472,168506
2023-05-25 14:51:02,55,56,15472,168506
2023-05-25 14:51:07,53,56,15472,168506
2023-05-25 14:51:08,53,55,15472,168506
2023-05-25 14:51:14,54,55,15472,168506
2023-05-25 14:51:14,54,56,15472,168506
2023-05-25 14:51:22,55,56,15472,168506
2023-05-25 14:52:00,54,56,15472,168506
2023-05-25 14:52:00,54,55,15472,168506
2023-05-25 14:52:11,54,56,15472,168506
2023-05-25 14:52:17,55,56,15472,168506
2023-05-25 14:52:46,56,57,15472,168508
2023-05-25 14:52:51,57,58,15472,168510
2023-05-25 14:53:21,56,57,15472,168627
2023-05-25 14:53:21,56,58,15472,168627
2023-05-25 14:53:21,56,57,15472,168627
2023-05-25 14:53:30,56,58,15472,168627
2023-05-25 14:53:30,56,57,15472,168627
2023-05-25 14:54:13,57,58,15472,168649
2023-05-25 14:54:13,56,58,15472,168649
2023-05-25 14:54:13,57,58,15472,168649
2023-05-25 14:54:28,58,59,15472,168808
2023-05-25 14:54:28,57,59,15472,168808
2023-05-25 14:54:28,57,58,15472,168808
2023-05-25 14:55:41,57,59,15472,168810
2023-05-25 14:55:50,57,58,15472,168810
2023-05-25 14:56:15,56,58,15472,168810
2023-05-25 14:56:15,56,57,15472,168810
2023-05-25 14:56:50,56,57,15472,168835
2023-05-25 14:56:50,56,57,15472,168910
2023-05-25 14:56:55,55,56,15472,168927
2023-05-25 14:57:00,53,56,15472,168927
2023-05-25 14:57:06,54,56,15472,168927
2023-05-25 14:57:08,55,56,15472,168927
2023-05-25 14:57:43,54,56,15472,168927
2023-05-25 14:57:55,54,55,15472,168927
2023-05-25 14:58:03,54,56,15472,168927
2023-05-25 14:58:08,53,56,15472,168927
2023-05-25 14:58:59,54,56,15472,168927
2023-05-25 14:59:00,54,57,15472,169020
2023-05-25 14:59:01,54,56,15472,169020
2023-05-25 14:59:05,54,57,15472,169020
2023-05-25 14:59:24,54,56,15472,169020
2023-05-25 14:59:25,54,57,15472,169020
2023-05-25 14:59:26,54,56,15472,169020
2023-05-25 14:59:29,54,57,15472,169020
2023-05-25 14:59:32,54,56,15472,169020
2023-05-25 14:59:37,54,57,15472,169020
2023-05-25 14:59:59,54,56,15472,169020
2023-05-25 15:00:04,54,57,15472,169020
2023-05-25 15:00:07,55,57,15472,169020
2023-05-25 15:00:12,56,57,15472,169020
2023-05-25 15:00:20,55,57,15472,169020
2023-05-25 15:00:30,55,56,15472,169020
2023-05-25 15:00:42,54,56,15472,169020
2023-05-25 15:00:59,55,56,15472,169020
2023-05-25 15:01:00,56,57,15472,169022
2023-05-25 15:01:07,56,58,15472,169115
2023-05-25 15:01:07,57,58,15472,169115
2023-05-25 15:01:22,58,59,15472,169155
2023-05-25 15:01:23,59,60,15510,169193
2023-05-25 15:01:23,59,60,15510,169266
2023-05-25 15:01:34,59,60,15510,169466
2023-05-25 15:01:39,56,59,15609,169621
2023-05-25 15:01:39,56,58,15609,169621
2023-05-25 15:01:41,56,59,15609,169621
2023-05-25 15:01:56,59,60,15609,169643
2023-05-25 15:01:57,59,61,15788,169824
2023-05-25 15:02:11,60,61,15788,169824
2023-05-25 15:02:13,60,63,15856,169896
2023-05-25 15:02:13,62,63,15856,169896
2023-05-25 15:02:15,62,63,15856,169996
2023-05-25 15:02:16,62,63,15856,170096
2023-05-25 15:02:17,62,63,15856,170196
2023-05-25 15:02:18,60,62,15856,170281
2023-05-25 15:02:32,60,61,15856,170281
2023-05-25 15:02:35,60,62,15856,170281
2023-05-25 15:02:52,60,62,15856,170481
2023-05-25 15:02:52,60,61,15856,170481
2023-05-25 15:02:53,59,60,15856,170662
2023-05-25 15:02:53,59,61,15856,170662
2023-05-25 15:03:00,58,61,15856,170662
2023-05-25 15:03:00,60,61,15856,170662
2023-05-25 15:03:00,62,63,15921,170764
2023-05-25 15:03:00,64,65,16151,171046
2023-05-25 15:03:00,64,65,16257,171152
2023-05-25 15:03:00,64,65,16282,171177
2023-05-25 15:03:01,64,66,16282,171177
2023-05-25 15:03:01,64,66,16307,171202
2023-05-25 15:03:01,62,66,16331,171226
2023-05-25 15:03:01,62,64,16331,171226
2023-05-25 15:03:01,62,63,16331,171226
2023-05-25 15:03:02,62,64,16331,171226
2023-05-25 15:03:03,62,63,16331,171226
2023-05-25 15:03:03,62,63,16331,171426
2023-05-25 15:03:04,61,62,16331,171482
2023-05-25 15:03:07,61,66,16462,171695
2023-05-25 15:03:07,64,66,16462,171695
2023-05-25 15:03:07,66,67,16561,171794
2023-05-25 15:03:07,66,67,16586,171819
2023-05-25 15:03:07,66,67,16586,171919
2023-05-25 15:03:08,64,66,16586,172050
2023-05-25 15:03:08,64,67,16586,172050
2023-05-25 15:03:08,64,66,16586,172050
2023-05-25 15:03:09,64,65,16586,172050
2023-05-25 15:03:09,64,65,16586,172250
2023-05-25 15:03:09,64,65,16586,172350
2023-05-25 15:03:10,63,64,16586,172407
2023-05-25 15:03:10,63,65,16586,172407
2023-05-25 15:03:10,63,64,16586,172407
2023-05-25 15:03:12,63,64,16486,172507
2023-05-25 15:03:14,61,63,16486,172509
2023-05-25 15:03:17,61,62,16486,172509
2023-05-25 15:03:19,61,63,16486,172509
2023-05-25 15:03:19,61,62,16486,172509
2023-05-25 15:03:22,61,67,16717,172863
2023-05-25 15:03:22,68,69,16746,172892
2023-05-25 15:03:22,68,69,16958,173104
2023-05-25 15:03:22,68,69,16973,173119
2023-05-25 15:03:22,68,69,16988,173134
2023-05-25 15:03:22,68,69,16988,173153
2023-05-25 15:03:22,68,69,16988,173353
2023-05-25 15:03:23,68,69,17013,173378
2023-05-25 15:03:23,68,70,17013,173378
2023-05-25 15:03:23,68,69,17013,173378
2023-05-25 15:03:23,68,69,17038,173403
2023-05-25 15:03:23,68,69,17039,173404
2023-05-25 15:03:24,68,69,17039,173423
2023-05-25 15:03:24,65,68,17039,173429
2023-05-25 15:03:24,65,69,17039,173429
2023-05-25 15:03:24,65,68,17039,173429
2023-05-25 15:03:24,65,68,17041,173431
2023-05-25 15:03:25,65,68,17022,173450
2023-05-25 15:03:25,63,65,16841,173631
2023-05-25 15:03:25,63,68,16841,173631
2023-05-25 15:03:26,63,69,16841,173631
2023-05-25 15:03:26,70,71,17081,173901
2023-05-25 15:03:26,70,72,17434,174254
2023-05-25 15:03:26,70,74,17681,174501
2023-05-25 15:03:26,63,68,17681,174584
2023-05-25 15:03:26,61,68,17481,174784
2023-05-25 15:03:27,61,68,17281,174984
2023-05-25 15:03:28,65,68,17081,175184
2023-05-25 15:03:29,63,68,17047,175384
2023-05-25 15:03:30,63,68,16947,175484
2023-05-25 15:03:31,63,68,16847,175584
2023-05-25 15:03:32,63,67,16847,175584
2023-05-25 15:03:32,61,67,16847,175584
2023-05-25 15:03:32,62,67,16847,175584
2023-05-25 15:03:32,63,67,16847,175584
2023-05-25 15:03:33,62,63,16847,175606
2023-05-25 15:03:35,62,63,16847,175806
2023-05-25 15:03:44,63,66,16817,175836
2023-05-25 15:03:44,62,66,16817,175836
2023-05-25 15:03:44,64,66,16817,175836
2023-05-25 15:03:45,64,65,16817,175836
2023-05-25 15:03:48,64,66,16817,175836
2023-05-25 15:03:48,63,66,16817,175836
2023-05-25 15:03:48,65,66,16817,175836
2023-05-25 15:03:49,65,66,16717,175936
2023-05-25 15:03:55,65,66,16610,176043
2023-05-25 15:04:07,65,66,16670,176243
2023-05-25 15:04:08,64,66,16670,176243
2023-05-25 15:04:11,65,66,16670,176243
2023-05-25 15:04:15,65,68,16670,176256
2023-05-25 15:04:15,66,68,16670,176256
2023-05-25 15:04:15,67,68,16670,176256
2023-05-25 15:04:28,67,68,16660,176266
2023-05-25 15:04:47,68,69,16623,176303
2023-05-25 15:04:48,67,69,16623,176303
2023-05-25 15:04:48,68,69,16623,176303
2023-05-25 15:04:49,69,72,16603,176323
2023-05-25 15:04:49,68,72,16603,176323
2023-05-25 15:04:49,69,72,16603,176323
2023-05-25 15:04:50,70,72,16603,176323
2023-05-25 15:04:52,69,72,16603,176323
2023-05-25 15:04:57,70,72,16603,176323
2023-05-25 15:05:01,70,72,16603,176523
2023-05-25 15:05:02,72,73,16583,176543
2023-05-25 15:05:03,71,73,16583,176543
2023-05-25 15:05:03,71,72,16583,176543
2023-05-25 15:05:03,71,72,16598,176558
2023-05-25 15:05:04,72,73,16598,176643
2023-05-25 15:05:04,71,73,16598,176643
2023-05-25 15:05:04,72,73,16598,176643
2023-05-25 15:05:06,72,73,16598,176843
2023-05-25 15:05:09,71,73,16598,176843
2023-05-25 15:05:22,72,73,16598,176843
2023-05-25 15:05:31,73,74,16594,176883
2023-05-25 15:05:31,72,74,16594,176883
2023-05-25 15:05:32,73,74,16594,176883
2023-05-25 15:05:33,73,75,16794,177083
2023-05-25 15:05:38,72,75,16794,177083
