datetime,bid,ask,open_interest,volume
2023-05-25 09:30:01,26,30,3841,5285
2023-05-25 09:30:01,26,99,3841,5285
2023-05-25 09:30:20,25,26,3841,5290
2023-05-25 09:30:20,25,99,3841,5290
2023-05-25 09:30:20,25,100,3841,5290
2023-05-25 09:30:20,25,99,3841,5290
2023-05-25 09:30:20,25,100,3841,5290
2023-05-25 09:30:20,25,100,3841,5290
2023-05-25 09:30:20,25,99,3841,5290
2023-05-25 09:30:21,0,25,3845,5419
2023-05-25 09:30:21,0,99,3845,5419
2023-05-25 09:30:21,0,100,3845,5419
2023-05-25 09:30:21,0,98,3845,5419
2023-05-25 09:30:22,0,97,3845,5419
2023-05-25 09:30:22,0,96,3845,5419
2023-05-25 09:30:23,0,95,3845,5419
2023-05-25 09:30:23,0,94,3845,5419
2023-05-25 09:30:24,0,93,3845,5419
2023-05-25 09:30:24,0,92,3845,5419
2023-05-25 09:30:25,0,28,3845,5419
2023-05-25 09:30:25,0,27,3845,5419
2023-05-25 09:30:32,27,28,3864,5438
2023-05-25 09:30:33,27,28,3883,5457
2023-05-25 09:30:33,0,27,3945,5519
2023-05-25 09:30:33,0,28,3945,5519
2023-05-25 09:30:34,0,27,3945,5519
2023-05-25 09:30:35,27,28,3964,5538
2023-05-25 09:30:35,27,28,3983,5557
2023-05-25 09:30:35,0,27,4045,5619
2023-05-25 09:30:35,0,28,4045,5619
2023-05-25 09:30:36,0,27,4045,5619
2023-05-25 09:30:38,27,28,4064,5638
2023-05-25 09:30:38,27,28,4109,5683
2023-05-25 09:30:41,0,27,4145,5719
2023-05-25 09:30:41,0,28,4145,5719
2023-05-25 09:30:47,0,27,4145,5719
2023-05-25 09:30:48,27,28,4164,5738
2023-05-25 09:30:48,27,28,4183,5757
2023-05-25 09:30:48,0,27,4245,5819
2023-05-25 09:30:48,0,28,4245,5819
2023-05-25 09:30:49,0,27,4245,5819
2023-05-25 09:30:50,27,28,4264,5838
2023-05-25 09:30:51,27,28,4283,5857
2023-05-25 09:30:51,0,27,4345,5919
2023-05-25 09:30:51,0,28,4345,5919
2023-05-25 09:30:52,0,27,4345,5919
2023-05-25 09:30:53,0,28,4345,5919
2023-05-25 09:30:54,0,27,4345,5919
2023-05-25 09:30:55,27,28,4409,5983
2023-05-25 09:30:56,0,27,4445,6019
2023-05-25 09:30:56,0,28,4445,6019
2023-05-25 09:30:57,27,28,4445,6019
2023-05-25 09:30:58,0,27,4445,6024
2023-05-25 09:30:58,0,28,4445,6024
2023-05-25 09:31:04,27,28,4445,6024
2023-05-25 09:31:05,27,29,4445,6024
2023-05-25 09:31:06,27,28,4445,6024
2023-05-25 09:31:06,26,28,4645,6224
2023-05-25 09:31:12,26,29,4645,6224
2023-05-25 09:31:19,26,28,4645,6224
2023-05-25 09:31:20,26,28,4845,6424
2023-05-25 09:31:22,26,29,4845,6424
2023-05-25 09:31:22,26,28,4845,6424
2023-05-25 09:31:24,28,29,4864,6443
2023-05-25 09:31:25,26,28,4945,6524
2023-05-25 09:31:25,26,29,4945,6524
2023-05-25 09:31:26,26,29,5145,6724
2023-05-25 09:32:13,26,28,5145,6724
2023-05-25 09:32:18,26,29,5145,6724
2023-05-25 09:32:43,27,29,5145,6724
2023-05-25 09:32:43,27,29,4945,6924
2023-05-25 09:33:02,28,29,4945,6924
2023-05-25 09:33:04,29,30,4945,6929
2023-05-25 09:33:04,28,30,4945,6929
2023-05-25 09:33:05,28,30,4745,7129
2023-05-25 09:33:07,28,30,4545,7329
2023-05-25 09:33:10,29,30,4545,7329
2023-05-25 09:33:11,28,30,4545,7329
2023-05-25 09:33:23,29,30,4545,7329
2023-05-25 09:33:24,29,30,4545,7529
2023-05-25 09:33:25,29,30,4545,7729
2023-05-25 09:33:27,28,30,4545,7729
2023-05-25 09:33:36,28,30,4545,7929
2023-05-25 09:33:50,30,31,4545,7934
2023-05-25 09:33:50,28,31,4545,7934
2023-05-25 09:34:08,29,31,4545,7934
2023-05-25 09:34:11,28,31,4545,7934
2023-05-25 09:34:14,29,31,4545,7934
2023-05-25 09:34:15,28,31,4545,7934
2023-05-25 09:34:25,28,31,4545,8039
2023-05-25 09:34:25,28,30,4545,8039
2023-05-25 09:34:25,28,30,4545,8144
2023-05-25 09:34:29,29,30,4545,8144
2023-05-25 09:34:33,28,30,4547,8146
2023-05-25 09:34:53,28,29,4547,8146
2023-05-25 09:34:54,28,29,4547,8346
2023-05-25 09:34:55,28,29,4547,8546
2023-05-25 09:34:56,28,30,4547,8546
2023-05-25 09:35:03,28,30,4547,8551
2023-05-25 09:35:12,28,29,4547,8551
2023-05-25 09:35:34,28,29,4347,8751
2023-05-25 09:36:10,29,30,4297,8806
2023-05-25 09:36:10,28,30,4297,8806
2023-05-25 09:36:26,29,30,4297,8806
2023-05-25 09:36:27,30,31,4147,8961
2023-05-25 09:36:27,29,31,4147,8961
2023-05-25 09:36:29,28,31,4147,8961
2023-05-25 09:36:58,28,30,4147,8961
2023-05-25 09:37:02,28,31,4147,8961
2023-05-25 09:37:03,28,30,4147,8961
2023-05-25 09:37:04,28,31,4147,8961
2023-05-25 09:37:07,28,31,4147,8965
2023-05-25 09:37:07,28,31,4147,8965
2023-05-25 09:37:38,28,31,4147,9165
2023-05-25 09:37:49,28,30,4147,9165
2023-05-25 09:37:51,28,31,4147,9165
2023-05-25 09:38:22,28,30,4147,9165
2023-05-25 09:38:51,29,30,4147,9165
2023-05-25 09:38:52,28,30,4147,9165
2023-05-25 09:39:20,29,30,4147,9165
2023-05-25 09:39:22,30,31,4097,9220
2023-05-25 09:39:22,29,31,4097,9220
2023-05-25 09:40:08,28,31,4097,9220
2023-05-25 09:40:19,29,31,4097,9220
2023-05-25 09:40:20,28,31,4097,9220
2023-05-25 09:40:22,29,31,4097,9220
2023-05-25 09:40:27,28,31,4097,9220
2023-05-25 09:41:30,29,31,4097,9220
2023-05-25 09:41:31,28,31,4097,9220
2023-05-25 09:41:33,29,31,4097,9220
2023-05-25 09:41:35,28,31,4097,9220
2023-05-25 09:41:39,29,31,4097,9220
2023-05-25 09:41:40,28,31,4097,9220
2023-05-25 09:41:46,29,31,4097,9220
2023-05-25 09:42:31,30,31,4097,9220
2023-05-25 09:42:32,29,31,4097,9220
2023-05-25 09:42:36,30,31,4097,9220
2023-05-25 09:42:41,30,31,4411,9534
2023-05-25 09:43:15,30,32,4426,9549
2023-05-25 09:43:15,31,32,4426,9549
2023-05-25 09:44:27,31,32,4426,9618
2023-05-25 09:45:24,31,32,4426,9818
2023-05-25 09:46:04,32,33,4547,10013
2023-05-25 09:46:04,31,33,4547,10013
2023-05-25 09:46:17,32,33,4547,10013
2023-05-25 09:46:18,31,33,4547,10013
2023-05-25 09:46:24,32,33,4547,10013
2023-05-25 09:46:24,32,33,4747,10213
2023-05-25 09:46:27,31,33,4747,10213
2023-05-25 09:46:40,32,33,4747,10213
2023-05-25 09:46:54,32,33,4747,10248
2023-05-25 09:47:06,32,33,4747,10253
2023-05-25 09:47:16,32,33,4947,10453
2023-05-25 09:48:51,32,33,4747,10653
2023-05-25 09:48:58,32,33,4547,10853
2023-05-25 09:50:21,33,34,4581,10958
2023-05-25 09:50:21,32,34,4581,10958
2023-05-25 09:51:12,32,34,4406,11158
2023-05-25 09:51:13,32,34,4400,11358
2023-05-25 09:51:14,32,34,4400,11558
2023-05-25 09:51:15,31,32,4420,11598
2023-05-25 09:51:15,32,34,4420,11758
2023-05-25 09:51:50,32,33,4420,11758
2023-05-25 09:53:29,32,33,4420,11787
2023-05-25 09:53:54,33,34,4399,11808
2023-05-25 09:54:11,33,34,4399,12008
2023-05-25 09:55:09,34,35,4384,12173
2023-05-25 09:55:09,33,35,4384,12173
2023-05-25 09:55:30,34,35,4384,12173
2023-05-25 09:56:18,34,35,4384,12188
2023-05-25 09:56:20,33,34,4449,12338
2023-05-25 09:56:20,33,35,4449,12338
2023-05-25 09:57:16,33,35,4449,12343
2023-05-25 09:57:29,34,35,4449,12343
2023-05-25 09:58:00,34,35,4449,12362
2023-05-25 09:58:01,34,35,4449,12381
2023-05-25 09:58:02,34,35,4449,12400
2023-05-25 09:58:03,34,35,4449,12419
2023-05-25 09:58:04,34,35,4465,12438
2023-05-25 09:58:05,34,35,4484,12457
2023-05-25 09:58:06,34,35,4503,12476
2023-05-25 09:58:07,34,35,4522,12495
2023-05-25 09:58:08,34,35,4541,12514
2023-05-25 09:58:09,34,35,4546,12519
2023-05-25 09:59:56,34,35,4591,12719
2023-05-25 09:59:57,34,35,4606,12919
2023-05-25 09:59:58,33,35,4606,12919
2023-05-25 09:59:58,34,35,4606,12919
2023-05-25 09:59:58,34,35,4606,13119
2023-05-25 09:59:59,33,34,4651,13164
2023-05-25 09:59:59,33,35,4651,13164
2023-05-25 10:00:00,33,35,4666,13364
2023-05-25 10:00:04,33,34,4666,13364
2023-05-25 10:00:05,33,34,4716,13564
2023-05-25 10:00:11,33,34,4682,13764
2023-05-25 10:00:12,34,35,4682,13773
2023-05-25 10:00:12,34,35,4701,13792
2023-05-25 10:00:12,33,34,4873,13964
2023-05-25 10:00:12,33,35,4873,13964
2023-05-25 10:00:13,33,34,4873,13964
2023-05-25 10:00:13,33,34,5073,14164
2023-05-25 10:00:14,33,35,5073,14164
2023-05-25 10:00:17,33,35,5078,14169
2023-05-25 10:00:17,33,35,5083,14174
2023-05-25 10:00:28,34,35,5083,14174
2023-05-25 10:00:34,33,35,5083,14174
2023-05-25 10:00:52,34,35,5083,14174
2023-05-25 10:00:53,34,35,4883,14374
2023-05-25 10:00:56,33,35,4883,14374
2023-05-25 10:01:26,34,35,4883,14374
2023-05-25 10:01:28,33,35,4883,14374
2023-05-25 10:01:29,34,35,4883,14374
2023-05-25 10:01:30,33,35,4883,14374
2023-05-25 10:01:31,34,35,4883,14374
2023-05-25 10:01:33,33,35,4883,14374
2023-05-25 10:01:34,34,35,4883,14374
2023-05-25 10:02:08,35,36,4788,14559
2023-05-25 10:02:08,34,36,4788,14559
2023-05-25 10:02:26,34,36,4793,14564
2023-05-25 10:02:48,35,36,4793,14564
2023-05-25 10:02:49,34,36,4793,14564
2023-05-25 10:03:04,35,36,4793,14564
2023-05-25 10:03:11,35,36,4593,14764
2023-05-25 10:03:45,35,36,4593,14776
2023-05-25 10:03:52,35,36,4581,14976
2023-05-25 10:04:27,35,36,4581,14981
2023-05-25 10:04:27,35,36,4581,14986
2023-05-25 10:04:28,35,36,4581,15014
2023-05-25 10:04:34,35,36,4581,15029
2023-05-25 10:04:34,35,36,4581,15044
2023-05-25 10:04:38,34,36,4641,15114
2023-05-25 10:04:42,35,36,4641,15114
2023-05-25 10:05:08,35,36,4661,15134
2023-05-25 10:05:08,34,35,4686,15159
2023-05-25 10:05:08,34,36,4686,15159
2023-05-25 10:05:22,35,36,4686,15159
2023-05-25 10:05:34,34,35,4746,15219
2023-05-25 10:05:34,34,36,4746,15219
2023-05-25 10:06:08,35,36,4746,15219
2023-05-25 10:06:13,35,36,4746,15419
2023-05-25 10:06:18,35,36,4546,15619
2023-05-25 10:07:14,35,36,4546,15819
2023-05-25 10:07:16,35,36,4558,16019
2023-05-25 10:08:13,36,37,4503,16074
2023-05-25 10:08:13,35,37,4503,16074
2023-05-25 10:08:26,36,37,4503,16074
2023-05-25 10:08:28,35,37,4503,16074
2023-05-25 10:08:29,36,37,4503,16074
2023-05-25 10:08:41,36,37,4523,16094
2023-05-25 10:08:42,36,37,4527,16098
2023-05-25 10:08:52,36,37,4546,16117
2023-05-25 10:09:14,36,37,4551,16122
2023-05-25 10:09:14,35,36,4558,16129
2023-05-25 10:09:14,35,37,4558,16129
2023-05-25 10:09:15,35,37,4758,16329
2023-05-25 10:09:38,35,36,4758,16329
2023-05-25 10:09:51,35,36,4817,16388
2023-05-25 10:09:51,35,36,4836,16407
2023-05-25 10:09:53,35,36,4855,16426
2023-05-25 10:09:53,35,36,4874,16445
2023-05-25 10:09:56,35,36,4893,16464
2023-05-25 10:09:57,35,36,4898,16469
2023-05-25 10:09:58,35,36,4903,16474
2023-05-25 10:10:05,34,35,4903,16489
2023-05-25 10:10:08,34,36,4903,16489
2023-05-25 10:11:48,35,36,4903,16489
2023-05-25 10:11:50,35,36,4703,16689
2023-05-25 10:11:57,34,36,4703,16689
2023-05-25 10:12:20,35,36,4703,16689
2023-05-25 10:12:22,34,36,4703,16689
2023-05-25 10:12:51,34,35,4703,16689
2023-05-25 10:12:54,34,36,4703,16689
2023-05-25 10:13:11,34,35,4703,16689
2023-05-25 10:13:41,35,36,4698,16694
2023-05-25 10:13:41,34,36,4698,16694
2023-05-25 10:13:50,36,37,4596,16849
2023-05-25 10:13:50,34,37,4596,16849
2023-05-25 10:13:53,35,37,4596,16849
2023-05-25 10:13:53,36,37,4596,16849
2023-05-25 10:13:56,35,37,4596,16849
2023-05-25 10:15:01,35,36,4596,16849
2023-05-25 10:15:01,35,36,4743,17049
2023-05-25 10:15:55,35,37,4762,17133
2023-05-25 10:15:55,35,36,4762,17133
2023-05-25 10:15:56,35,37,4762,17133
2023-05-25 10:16:16,35,36,4762,17133
2023-05-25 10:16:32,35,37,4762,17133
2023-05-25 10:16:47,36,37,4762,17133
2023-05-25 10:16:48,36,37,4562,17333
2023-05-25 10:16:49,36,37,4550,17533
2023-05-25 10:16:51,36,37,4550,17733
2023-05-25 10:16:58,36,37,4550,17933
2023-05-25 10:16:59,36,37,4468,18133
2023-05-25 10:17:12,37,38,4468,18193
2023-05-25 10:17:12,36,38,4468,18193
2023-05-25 10:18:02,36,37,4468,18193
2023-05-25 10:18:02,36,37,4468,18393
2023-05-25 10:18:03,36,37,4468,18593
2023-05-25 10:18:04,36,37,4568,18793
2023-05-25 10:18:05,36,37,4633,18993
2023-05-25 10:18:05,35,37,4633,18993
2023-05-25 10:18:05,36,37,4633,18993
2023-05-25 10:18:06,35,37,4755,19193
2023-05-25 10:18:07,35,37,4902,19393
2023-05-25 10:18:08,36,37,4902,19393
2023-05-25 10:18:08,35,36,5042,19533
2023-05-25 10:18:08,35,37,5042,19533
2023-05-25 10:18:09,36,37,5042,19533
2023-05-25 10:18:09,35,36,5182,19673
2023-05-25 10:18:09,35,37,5182,19673
2023-05-25 10:18:29,35,36,5182,19673
2023-05-25 10:19:06,35,36,5182,19773
2023-05-25 10:19:59,36,37,5067,19888
2023-05-25 10:19:59,35,37,5067,19888
2023-05-25 10:20:00,35,37,5057,20088
2023-05-25 10:20:02,35,37,4902,20288
2023-05-25 10:20:03,36,37,4902,20288
2023-05-25 10:20:09,35,37,4902,20288
2023-05-25 10:20:09,36,37,4902,20288
2023-05-25 10:20:39,36,37,4902,20333
2023-05-25 10:20:46,35,37,4740,20583
2023-05-25 10:20:53,36,37,4740,20583
2023-05-25 10:20:56,35,37,4740,20583
2023-05-25 10:21:27,35,36,4740,20583
2023-05-25 10:21:28,35,36,4940,20783
2023-05-25 10:21:31,35,37,4940,20783
2023-05-25 10:21:38,35,36,4940,20783
2023-05-25 10:22:59,36,37,4845,20878
2023-05-25 10:22:59,35,37,4845,20878
2023-05-25 10:23:01,35,37,4645,21078
2023-05-25 10:23:28,36,37,4645,21078
2023-05-25 10:23:30,35,37,4645,21078
2023-05-25 10:23:31,36,37,4645,21078
2023-05-25 10:23:31,36,37,4640,21278
2023-05-25 10:23:32,36,37,4630,21478
2023-05-25 10:23:35,37,38,4580,21543
2023-05-25 10:23:35,36,38,4580,21543
2023-05-25 10:23:35,36,37,4580,21543
2023-05-25 10:23:36,37,38,4530,21593
2023-05-25 10:23:36,36,38,4530,21593
2023-05-25 10:23:36,36,37,4530,21593
2023-05-25 10:24:18,36,37,4530,21670
2023-05-25 10:25:03,36,37,4707,21870
2023-05-25 10:25:04,35,36,4735,22048
2023-05-25 10:25:04,35,37,4735,22048
2023-05-25 10:25:05,35,37,4935,22248
2023-05-25 10:25:05,35,36,4935,22248
2023-05-25 10:25:26,35,36,5135,22448
2023-05-25 10:26:28,35,36,4935,22648
2023-05-25 10:26:29,36,37,4835,22748
2023-05-25 10:26:29,35,37,4835,22748
2023-05-25 10:26:35,35,37,4825,22948
2023-05-25 10:26:36,37,38,4825,23033
2023-05-25 10:26:36,35,38,4825,23033
2023-05-25 10:26:37,36,38,4825,23033
2023-05-25 10:26:38,37,38,4825,23033
2023-05-25 10:27:32,37,38,4825,23233
2023-05-25 10:27:33,37,38,4875,23433
2023-05-25 10:27:34,37,38,4972,23633
2023-05-25 10:27:35,36,37,5157,23818
2023-05-25 10:27:35,36,38,5157,23818
2023-05-25 10:27:36,36,38,5357,24018
2023-05-25 10:27:37,36,38,5557,24218
2023-05-25 10:27:38,35,38,5557,24218
2023-05-25 10:27:59,35,37,5557,24218
2023-05-25 10:28:08,36,37,5557,24218
2023-05-25 10:28:08,37,38,5447,24328
2023-05-25 10:28:08,36,38,5447,24328
2023-05-25 10:28:10,36,38,5247,24528
2023-05-25 10:28:12,36,38,5047,24728
2023-05-25 10:28:14,36,38,4847,24928
2023-05-25 10:28:25,37,38,4847,24928
2023-05-25 10:28:25,38,39,4837,25023
2023-05-25 10:28:25,37,39,4837,25023
2023-05-25 10:28:44,38,39,4837,25023
2023-05-25 10:30:15,37,39,4897,25168
2023-05-25 10:30:15,38,39,4897,25168
2023-05-25 10:30:15,37,39,4972,25243
2023-05-25 10:30:16,37,38,4972,25243
2023-05-25 10:30:19,37,38,5172,25443
2023-05-25 10:30:20,37,38,5372,25643
2023-05-25 10:30:21,37,38,5572,25843
2023-05-25 10:30:22,37,38,5772,26043
2023-05-25 10:30:23,36,38,5972,26243
2023-05-25 10:30:34,36,38,6047,26393
2023-05-25 10:31:09,37,38,6047,26393
2023-05-25 10:31:09,38,39,5912,26528
2023-05-25 10:31:09,37,39,5912,26528
2023-05-25 10:31:13,37,39,5712,26728
2023-05-25 10:31:15,37,39,5512,26928
2023-05-25 10:31:17,37,39,5312,27128
2023-05-25 10:31:18,39,40,5307,27148
2023-05-25 10:31:18,37,40,5307,27148
2023-05-25 10:31:18,38,40,5307,27148
2023-05-25 10:31:49,38,39,5307,27148
2023-05-25 10:31:49,37,38,5362,27218
2023-05-25 10:31:49,37,39,5362,27218
2023-05-25 10:31:50,37,39,5562,27418
2023-05-25 10:31:51,37,40,5562,27418
2023-05-25 10:31:52,37,39,5562,27418
2023-05-25 10:31:53,36,39,5812,27668
2023-05-25 10:31:53,37,39,5812,27668
2023-05-25 10:32:09,37,38,5812,27668
2023-05-25 10:32:09,36,37,5932,27788
2023-05-25 10:32:09,36,38,5932,27788
2023-05-25 10:32:10,36,38,6132,27988
2023-05-25 10:32:12,36,39,6132,27988
2023-05-25 10:32:12,36,38,6132,27988
2023-05-25 10:32:31,37,38,6132,27988
2023-05-25 10:32:41,38,39,5937,28183
2023-05-25 10:32:41,37,39,5937,28183
2023-05-25 10:32:42,37,39,5737,28383
2023-05-25 10:32:43,37,39,5537,28583
2023-05-25 10:32:44,37,39,5522,28783
2023-05-25 10:32:50,37,39,5322,28983
2023-05-25 10:33:50,39,40,5227,29083
2023-05-25 10:33:50,37,40,5227,29083
2023-05-25 10:33:52,37,39,5227,29083
2023-05-25 10:33:52,37,40,5027,29283
2023-05-25 10:34:08,38,40,5027,29283
2023-05-25 10:35:29,38,39,5027,29283
2023-05-25 10:35:29,38,39,5037,29483
2023-05-25 10:35:30,38,39,5237,29683
2023-05-25 10:35:31,38,40,5237,29683
2023-05-25 10:36:00,39,40,5237,29683
2023-05-25 10:36:06,38,40,5237,29683
2023-05-25 10:36:18,39,40,5237,29683
2023-05-25 10:36:18,39,40,5037,29883
2023-05-25 10:36:20,38,40,5037,29883
2023-05-25 10:36:23,39,40,5037,29883
2023-05-25 10:36:24,38,40,5037,29883
2023-05-25 10:36:25,39,40,5037,29883
2023-05-25 10:36:28,38,40,5037,29883
2023-05-25 10:36:29,39,40,5037,29883
2023-05-25 10:36:39,39,40,4950,30083
2023-05-25 10:36:40,39,40,4950,30283
2023-05-25 10:36:44,38,39,4950,30328
2023-05-25 10:37:29,39,40,4825,30453
2023-05-25 10:37:30,38,40,4825,30453
2023-05-25 10:38:08,39,40,4825,30453
2023-05-25 10:38:11,38,40,4825,30453
2023-05-25 10:38:38,39,40,4825,30453
2023-05-25 10:38:50,39,40,4825,30653
2023-05-25 10:40:08,39,40,4875,30753
2023-05-25 10:40:08,39,40,4942,30953
2023-05-25 10:40:12,39,40,4957,31153
2023-05-25 10:40:13,40,41,4957,31243
2023-05-25 10:40:13,39,41,4957,31243
2023-05-25 10:40:14,38,41,5021,31307
2023-05-25 10:40:14,39,41,5021,31307
2023-05-25 10:40:16,39,40,5021,31307
2023-05-25 10:40:23,39,40,5099,31507
2023-05-25 10:40:53,38,40,5104,31512
2023-05-25 10:40:57,39,40,5104,31512
2023-05-25 10:40:57,39,40,5104,31515
2023-05-25 10:41:08,39,40,5279,31715
2023-05-25 10:41:32,40,41,5249,31745
2023-05-25 10:41:38,39,41,5254,31795
2023-05-25 10:42:00,39,40,5254,31795
2023-05-25 10:42:00,39,40,5054,31995
2023-05-25 10:42:01,38,39,5054,32040
2023-05-25 10:42:01,38,40,5054,32040
2023-05-25 10:42:02,38,40,4899,32240
2023-05-25 10:42:03,38,40,4719,32440
2023-05-25 10:42:04,38,40,4788,32640
2023-05-25 10:42:05,38,40,4988,32840
2023-05-25 10:42:06,38,40,5038,33040
2023-05-25 10:42:07,38,40,5195,33240
2023-05-25 10:42:08,38,40,5395,33440
2023-05-25 10:42:09,38,40,5595,33640
2023-05-25 10:42:11,37,38,5770,33815
2023-05-25 10:42:11,37,40,5770,33815
2023-05-25 10:42:12,37,40,5970,34015
2023-05-25 10:42:13,37,40,6170,34215
2023-05-25 10:42:14,37,40,6370,34415
2023-05-25 10:42:34,37,39,6370,34415
2023-05-25 10:42:54,37,38,6370,34415
2023-05-25 10:43:01,38,39,6355,34430
2023-05-25 10:43:01,37,39,6355,34430
2023-05-25 10:43:01,37,38,6355,34430
2023-05-25 10:43:02,37,38,6155,34630
2023-05-25 10:43:03,38,39,6070,34715
2023-05-25 10:43:03,37,39,6070,34715
2023-05-25 10:43:04,37,39,5985,34915
2023-05-25 10:43:05,37,40,5985,35115
2023-05-25 10:43:27,38,40,5985,35115
2023-05-25 10:43:28,38,40,5785,35315
2023-05-25 10:43:29,38,40,5715,35515
2023-05-25 10:43:33,39,40,5715,35515
2023-05-25 10:43:43,39,40,5585,35715
2023-05-25 10:43:44,39,40,5510,35915
2023-05-25 10:45:04,39,40,5310,36115
2023-05-25 10:45:04,39,40,5310,36208
2023-05-25 10:45:04,39,40,5110,36408
2023-05-25 10:45:09,39,40,5095,36438
2023-05-25 10:45:21,38,39,4918,36615
2023-05-25 10:46:08,38,39,4833,36815
2023-05-25 10:46:31,38,39,5033,37015
2023-05-25 10:46:33,37,38,5133,37115
2023-05-25 10:46:33,37,39,5133,37115
2023-05-25 10:46:34,37,39,5333,37315
2023-05-25 10:46:35,37,39,5533,37515
2023-05-25 10:46:36,36,39,5733,37715
2023-05-25 10:46:37,36,39,5733,37915
2023-05-25 10:47:04,37,39,5733,37915
2023-05-25 10:49:04,38,39,5733,37915
2023-05-25 10:49:25,38,39,5533,38115
2023-05-25 10:49:27,38,39,5333,38315
2023-05-25 10:49:48,38,39,5133,38515
2023-05-25 10:49:50,38,39,4933,38715
2023-05-25 10:49:54,39,40,4923,38755
2023-05-25 10:49:54,38,40,4923,38755
2023-05-25 10:49:56,38,39,4923,38755
2023-05-25 10:50:00,38,39,4923,38955
2023-05-25 10:50:47,39,40,4964,39000
2023-05-25 10:50:47,38,40,4964,39000
2023-05-25 10:51:05,38,39,4964,39000
2023-05-25 10:51:28,37,38,4959,39005
2023-05-25 10:51:28,37,39,4959,39005
2023-05-25 10:51:29,38,39,4959,39005
2023-05-25 10:51:29,37,39,5113,39205
2023-05-25 10:51:30,36,37,5223,39315
2023-05-25 10:51:30,36,39,5223,39315
2023-05-25 10:51:31,36,39,5223,39515
2023-05-25 10:51:43,37,39,5223,39515
2023-05-25 10:51:59,37,38,5223,39515
2023-05-25 10:51:59,37,38,5368,39715
2023-05-25 10:52:00,36,37,5368,39720
2023-05-25 10:52:00,36,38,5368,39720
2023-05-25 10:52:01,36,38,5568,39920
2023-05-25 10:52:03,36,38,5768,40120
2023-05-25 10:52:04,36,38,5923,40320
2023-05-25 10:52:05,35,38,6123,40520
2023-05-25 10:52:35,36,38,6123,40520
2023-05-25 10:52:35,36,38,5923,40720
2023-05-25 10:52:39,36,38,5723,40920
2023-05-25 10:52:43,36,38,5568,41120
2023-05-25 10:52:44,38,39,5568,41165
2023-05-25 10:52:44,36,39,5568,41165
2023-05-25 10:52:47,37,39,5568,41165
2023-05-25 10:53:08,38,39,5568,41165
2023-05-25 10:53:09,37,39,5568,41165
2023-05-25 10:53:09,38,39,5568,41165
2023-05-25 10:53:16,37,39,5568,41165
2023-05-25 10:53:17,38,39,5568,41165
2023-05-25 10:53:25,37,39,5568,41165
2023-05-25 10:53:27,38,39,5568,41165
2023-05-25 10:53:33,38,39,5413,41365
2023-05-25 10:54:05,38,39,5218,41565
2023-05-25 10:54:20,37,38,5213,41570
2023-05-25 10:54:48,38,39,5278,41775
2023-05-25 10:55:19,37,38,5373,41875
2023-05-25 10:55:23,36,37,5373,41880
2023-05-25 10:55:24,36,38,5373,41880
2023-05-25 10:55:25,36,38,5413,42080
2023-05-25 10:55:26,36,38,5608,42280
2023-05-25 10:55:27,36,38,5808,42480
2023-05-25 10:55:28,36,38,6008,42680
2023-05-25 10:55:29,35,36,6163,42840
2023-05-25 10:55:29,35,38,6163,42840
2023-05-25 10:55:34,36,38,6163,42840
2023-05-25 10:55:35,35,36,6313,42990
2023-05-25 10:55:35,35,38,6313,42990
2023-05-25 10:55:45,36,38,6313,42990
2023-05-25 10:55:47,35,38,6313,42990
2023-05-25 10:55:49,36,38,6313,42990
2023-05-25 10:55:58,36,37,6313,42990
2023-05-25 10:55:58,36,37,6513,43190
2023-05-25 10:55:59,35,36,6513,43195
2023-05-25 10:55:59,35,37,6513,43195
2023-05-25 10:56:02,36,37,6513,43195
2023-05-25 10:56:02,35,37,6713,43395
2023-05-25 10:56:03,35,38,6713,43395
2023-05-25 10:56:07,36,38,6713,43395
2023-05-25 10:56:16,35,38,6713,43395
2023-05-25 10:56:35,36,38,6713,43395
2023-05-25 10:56:36,37,38,6713,43395
2023-05-25 10:56:37,36,38,6713,43395
2023-05-25 10:57:17,37,38,6713,43395
2023-05-25 10:57:17,37,38,6513,43595
2023-05-25 10:57:18,37,38,6318,43795
2023-05-25 10:57:19,37,38,6158,43995
2023-05-25 10:57:20,37,38,5958,44195
2023-05-25 10:57:21,38,39,5943,44210
2023-05-25 10:57:21,37,39,5943,44210
2023-05-25 10:57:25,38,39,5943,44210
2023-05-25 10:57:56,37,38,6018,44290
2023-05-25 10:57:56,37,39,6018,44290
2023-05-25 10:57:57,36,39,6218,44490
2023-05-25 10:57:58,36,39,6418,44690
2023-05-25 10:57:59,36,39,6618,44890
2023-05-25 10:58:00,36,38,6618,44890
2023-05-25 10:58:33,37,38,6618,44890
2023-05-25 11:00:05,37,38,6618,45090
2023-05-25 11:04:16,37,38,6463,45290
2023-05-25 11:04:18,37,38,6278,45490
2023-05-25 11:04:19,37,39,6278,45490
2023-05-25 11:04:29,38,39,6278,45490
2023-05-25 11:04:29,38,39,6123,45690
2023-05-25 11:04:30,38,39,6098,45890
2023-05-25 11:04:31,38,39,6098,46090
2023-05-25 11:04:32,38,40,6098,46090
2023-05-25 11:04:35,38,40,6293,46285
2023-05-25 11:05:08,37,40,6293,46320
2023-05-25 11:05:08,37,39,6293,46320
2023-05-25 11:05:22,39,40,6293,46365
2023-05-25 11:05:22,37,40,6293,46365
2023-05-25 11:05:22,37,39,6293,46365
2023-05-25 11:05:22,37,39,6354,46431
2023-05-25 11:05:24,37,38,6354,46431
2023-05-25 11:05:32,37,38,6154,46631
2023-05-25 11:06:02,38,39,5979,46811
2023-05-25 11:06:02,37,39,5979,46811
2023-05-25 11:06:02,37,38,5979,46811
2023-05-25 11:06:22,36,38,5979,46816
2023-05-25 11:06:24,36,37,5979,46816
2023-05-25 11:07:05,36,37,5979,46825
2023-05-25 11:07:09,35,36,5978,46826
2023-05-25 11:07:10,35,36,5978,46901
2023-05-25 11:07:20,35,36,5978,46972
2023-05-25 11:07:33,35,36,5978,46987
2023-05-25 11:07:35,34,36,5978,47091
2023-05-25 11:08:04,35,36,5978,47091
2023-05-25 11:09:04,34,36,6038,47246
2023-05-25 11:09:11,34,35,6038,47246
2023-05-25 11:10:13,34,35,6067,47275
2023-05-25 11:11:11,34,35,6067,47350
2023-05-25 11:12:02,34,35,6267,47550
2023-05-25 11:12:07,33,34,6268,47551
2023-05-25 11:12:07,33,35,6268,47551
2023-05-25 11:12:08,33,34,6268,47551
2023-05-25 11:12:12,32,33,6348,47631
2023-05-25 11:12:12,32,34,6348,47631
2023-05-25 11:12:12,32,33,6348,47631
2023-05-25 11:12:12,32,34,6348,47631
2023-05-25 11:12:15,31,33,6348,47831
2023-05-25 11:12:15,32,33,6348,47831
2023-05-25 11:12:25,31,32,6353,47836
2023-05-25 11:12:28,31,33,6353,47836
2023-05-25 11:12:30,31,32,6353,47836
2023-05-25 11:12:34,31,32,6553,48036
2023-05-25 11:12:35,30,31,6633,48116
2023-05-25 11:12:35,30,32,6633,48116
2023-05-25 11:12:35,30,31,6633,48116
2023-05-25 11:13:47,29,30,6693,48176
2023-05-25 11:13:47,29,31,6693,48176
2023-05-25 11:13:50,29,30,6693,48176
2023-05-25 11:13:50,29,31,6693,48176
2023-05-25 11:13:59,29,31,6693,48376
2023-05-25 11:14:00,29,31,6693,48576
2023-05-25 11:14:01,29,30,6693,48576
2023-05-25 11:14:04,28,29,6698,48581
2023-05-25 11:14:04,28,29,6701,48585
2023-05-25 11:14:07,28,29,6901,48785
2023-05-25 11:14:10,27,28,6901,48790
2023-05-25 11:15:18,27,28,6905,48794
2023-05-25 11:15:21,27,28,6909,48798
2023-05-25 11:15:21,27,28,6920,48809
2023-05-25 11:15:21,27,28,6924,48813
2023-05-25 11:15:21,27,28,6928,48817
2023-05-25 11:15:22,27,28,6943,48832
2023-05-25 11:15:22,27,28,6950,48839
2023-05-25 11:15:24,26,28,6981,48870
2023-05-25 11:15:31,26,27,6981,48870
2023-05-25 11:15:35,25,26,6981,48875
2023-05-25 11:15:59,25,26,6781,49075
2023-05-25 11:16:00,25,26,6781,49175
2023-05-25 11:16:02,26,28,6697,49314
2023-05-25 11:16:16,27,28,6697,49314
2023-05-25 11:16:31,27,28,6756,49414
2023-05-25 11:16:32,27,28,7020,49814
2023-05-25 11:16:32,28,30,6981,50053
2023-05-25 11:16:32,27,30,6981,50053
2023-05-25 11:16:32,27,28,6981,50053
2023-05-25 11:16:32,27,28,6996,50068
2023-05-25 11:16:33,28,32,7014,50086
2023-05-25 11:16:33,27,32,7096,50168
2023-05-25 11:16:33,27,31,7096,50168
2023-05-25 11:16:33,28,31,7096,50168
2023-05-25 11:16:33,28,30,7096,50168
2023-05-25 11:16:33,29,30,7096,50168
2023-05-25 11:16:33,29,30,7099,50171
2023-05-25 11:16:33,28,30,7099,50171
2023-05-25 11:16:33,28,29,7099,50171
2023-05-25 11:16:33,28,29,7249,50321
2023-05-25 11:16:35,28,30,7249,50321
2023-05-25 11:16:37,28,30,7249,50396
2023-05-25 11:16:37,29,30,7249,50396
2023-05-25 11:16:37,28,30,7264,50411
2023-05-25 11:16:37,28,30,7350,50521
2023-05-25 11:16:37,28,29,7350,50521
2023-05-25 11:16:37,28,30,7350,50521
2023-05-25 11:16:38,28,30,7460,50631
2023-05-25 11:16:51,29,30,7460,50631
2023-05-25 11:16:51,30,31,7505,50676
2023-05-25 11:16:59,30,31,7530,50776
2023-05-25 11:17:02,31,32,7482,50844
2023-05-25 11:17:02,30,32,7482,50844
2023-05-25 11:17:02,30,31,7482,50844
2023-05-25 11:17:16,30,32,7619,50994
2023-05-25 11:17:16,31,32,7619,50994
2023-05-25 11:17:57,31,32,7619,50998
2023-05-25 11:17:58,31,32,7432,51198
2023-05-25 11:17:59,32,33,7432,51230
2023-05-25 11:17:59,31,33,7432,51230
2023-05-25 11:17:59,31,32,7432,51230
2023-05-25 11:17:59,31,32,7443,51241
2023-05-25 11:17:59,31,33,7443,51241
2023-05-25 11:18:00,32,33,7443,51241
2023-05-25 11:18:00,33,34,7432,51252
2023-05-25 11:18:00,32,34,7432,51252
2023-05-25 11:18:00,32,33,7432,51252
2023-05-25 11:18:00,32,34,7432,51252
2023-05-25 11:18:01,33,34,7432,51252
2023-05-25 11:18:02,33,34,7232,51452
2023-05-25 11:18:03,32,34,7232,51452
2023-05-25 11:18:04,33,34,7232,51452
2023-05-25 11:18:04,32,34,7232,51471
2023-05-25 11:18:09,32,33,7232,51471
2023-05-25 11:18:10,30,33,7232,51476
2023-05-25 11:18:10,31,33,7232,51476
2023-05-25 11:18:11,31,33,7232,51492
2023-05-25 11:18:11,31,32,7232,51492
2023-05-25 11:18:11,31,33,7232,51492
2023-05-25 11:18:11,30,33,7232,51492
2023-05-25 11:18:23,30,32,7232,51492
2023-05-25 11:18:23,30,33,7232,51492
2023-05-25 11:18:26,30,32,7232,51492
2023-05-25 11:19:01,30,31,7232,51492
2023-05-25 11:19:06,30,32,7232,51492
2023-05-25 11:19:15,30,31,7232,51492
2023-05-25 11:19:19,30,31,7232,51495
2023-05-25 11:19:20,30,31,7233,51498
2023-05-25 11:19:21,30,31,7236,51501
2023-05-25 11:19:21,30,32,7275,51540
2023-05-25 11:19:22,30,31,7275,51540
2023-05-25 11:19:25,29,31,7275,51540
2023-05-25 11:19:25,30,31,7275,51540
2023-05-25 11:20:21,31,32,7320,51585
2023-05-25 11:20:41,30,32,7320,51585
2023-05-25 11:20:43,30,31,7320,51585
2023-05-25 11:20:46,30,32,7320,51585
2023-05-25 11:21:06,30,31,7320,51585
2023-05-25 11:21:21,31,32,7325,51590
2023-05-25 11:21:21,30,32,7520,51785
2023-05-25 11:21:21,30,31,7520,51785
2023-05-25 11:21:32,30,31,7620,51885
2023-05-25 11:21:33,31,32,7720,51985
2023-05-25 11:22:11,30,32,7720,51985
2023-05-25 11:22:14,30,31,7720,51985
2023-05-25 11:22:15,30,32,7720,51985
2023-05-25 11:22:16,30,31,7720,51985
2023-05-25 11:22:48,31,32,7725,51990
2023-05-25 11:22:51,30,32,7725,51990
2023-05-25 11:23:07,30,31,7725,51990
2023-05-25 11:24:00,30,31,7726,51991
2023-05-25 11:24:20,29,30,7721,51996
2023-05-25 11:24:45,28,30,7721,51996
2023-05-25 11:25:08,28,29,7721,51996
2023-05-25 11:25:25,27,28,7676,52041
2023-05-25 11:26:25,28,29,7686,52051
2023-05-25 11:26:29,27,29,7686,52051
2023-05-25 11:27:09,28,29,7686,52051
2023-05-25 11:27:14,28,29,7686,52251
2023-05-25 11:27:51,29,30,7731,52296
2023-05-25 11:27:58,30,31,7776,52341
2023-05-25 11:30:18,30,31,7966,52541
2023-05-25 11:31:15,31,32,8030,52605
2023-05-25 11:31:23,31,32,8035,52805
2023-05-25 11:31:36,31,32,8035,52905
2023-05-25 11:31:38,32,34,8040,52915
2023-05-25 11:32:55,32,34,8040,53202
2023-05-25 11:33:23,34,35,8085,53360
2023-05-25 11:34:37,34,36,8130,53405
2023-05-25 11:35:03,35,36,8130,53405
2023-05-25 11:35:05,36,37,8175,53450
2023-05-25 11:36:22,35,36,8165,53460
2023-05-25 11:36:24,35,37,8165,53460
2023-05-25 11:36:24,35,36,8165,53460
2023-05-25 11:37:19,35,37,8165,53470
2023-05-25 11:37:58,35,36,8165,53470
2023-05-25 11:39:31,35,36,8170,53570
2023-05-25 11:39:37,36,37,8175,53630
2023-05-25 11:39:41,36,37,8175,53705
2023-05-25 11:40:08,36,38,8175,53795
2023-05-25 11:40:10,37,38,8175,53795
2023-05-25 11:40:30,38,39,8225,53920
2023-05-25 11:40:35,39,40,8225,54075
2023-05-25 11:40:35,38,40,8225,54075
2023-05-25 11:40:36,38,39,8225,54075
2023-05-25 11:41:02,38,40,8225,54075
2023-05-25 11:41:02,39,40,8225,54075
2023-05-25 11:41:06,39,40,8225,54150
2023-05-25 11:41:07,39,41,8225,54150
2023-05-25 11:42:54,40,41,8225,54150
2023-05-25 11:42:55,39,41,8225,54150
2023-05-25 11:43:58,39,40,8225,54150
2023-05-25 11:44:02,39,41,8225,54150
2023-05-25 11:45:01,40,41,8225,54150
2023-05-25 11:45:08,40,41,8225,54225
2023-05-25 11:45:47,41,42,8225,54270
2023-05-25 11:45:47,40,42,8225,54270
2023-05-25 11:45:48,40,41,8225,54270
2023-05-25 11:46:02,41,42,8225,54275
2023-05-25 11:46:02,40,42,8225,54275
2023-05-25 11:46:40,40,41,8225,54275
2023-05-25 11:47:28,39,40,8220,54355
2023-05-25 11:47:33,39,41,8220,54355
2023-05-25 11:47:42,39,40,8220,54355
2023-05-25 11:48:18,38,40,8220,54355
2023-05-25 11:48:45,39,40,8220,54355
2023-05-25 11:50:44,39,40,8225,54430
2023-05-25 11:51:07,41,42,8235,54440
2023-05-25 11:51:30,40,41,8313,54585
2023-05-25 11:51:30,39,41,8313,54585
2023-05-25 11:51:30,40,41,8313,54585
2023-05-25 11:51:31,40,42,8313,54585
2023-05-25 11:51:31,39,42,8313,54585
2023-05-25 11:51:32,40,42,8313,54585
2023-05-25 11:51:32,40,41,8313,54585
2023-05-25 11:53:02,39,40,8313,54590
2023-05-25 11:53:03,38,39,8313,54595
2023-05-25 11:53:07,37,38,8313,54600
2023-05-25 11:53:07,36,38,8313,54600
2023-05-25 11:53:08,36,37,8313,54600
2023-05-25 11:53:14,36,38,8313,54600
2023-05-25 11:53:14,36,37,8313,54600
2023-05-25 11:54:16,37,38,8313,54605
2023-05-25 11:54:47,38,39,8313,54610
2023-05-25 11:54:58,38,41,8318,54615
2023-05-25 11:55:00,39,41,8318,54615
2023-05-25 11:55:29,39,40,8318,54615
2023-05-25 11:55:37,38,40,8768,55070
2023-05-25 11:56:05,38,39,8768,55070
2023-05-25 11:56:28,38,39,8680,55265
2023-05-25 11:56:34,39,40,8685,55270
2023-05-25 11:56:43,40,41,8685,55275
2023-05-25 11:56:43,39,41,8685,55275
2023-05-25 11:56:43,40,41,8685,55275
2023-05-25 11:57:45,40,41,8503,55475
2023-05-25 11:58:32,39,40,8503,55480
2023-05-25 11:58:36,40,41,8708,55685
2023-05-25 11:58:39,40,41,8718,55695
2023-05-25 11:58:42,39,41,8728,55705
2023-05-25 11:58:45,39,40,8728,55705
2023-05-25 11:58:50,38,40,8728,55710
2023-05-25 12:00:00,38,39,8728,55710
2023-05-25 12:00:06,37,39,8728,55715
2023-05-25 12:00:07,38,39,8728,55715
2023-05-25 12:00:25,38,39,8928,55915
2023-05-25 12:00:29,38,39,8928,56015
2023-05-25 12:00:29,37,39,8928,56020
2023-05-25 12:00:29,37,38,8928,56020
2023-05-25 12:00:34,36,37,8883,56065
2023-05-25 12:00:38,37,38,8902,56139
2023-05-25 12:00:39,36,37,8903,56140
2023-05-25 12:00:40,36,38,8903,56140
2023-05-25 12:00:41,36,37,8903,56140
2023-05-25 12:01:00,36,37,8903,56190
2023-05-25 12:01:01,35,36,8903,56235
2023-05-25 12:01:01,35,37,8903,56235
2023-05-25 12:01:05,36,37,8903,56235
2023-05-25 12:01:08,35,36,8978,56310
2023-05-25 12:01:08,35,37,8978,56310
2023-05-25 12:01:10,35,36,8978,56310
2023-05-25 12:01:12,35,37,8978,56310
2023-05-25 12:01:12,35,36,8978,56310
2023-05-25 12:01:17,35,36,8878,56410
2023-05-25 12:01:18,34,35,8833,56455
2023-05-25 12:01:23,34,35,8833,56555
2023-05-25 12:01:25,33,34,8783,56605
2023-05-25 12:04:07,33,34,8783,56805
2023-05-25 12:05:49,34,35,8783,56810
2023-05-25 12:07:33,33,35,8783,56860
2023-05-25 12:08:42,34,35,8783,56860
2023-05-25 12:08:42,33,35,8920,57060
2023-05-25 12:08:42,34,35,8920,57060
2023-05-25 12:08:42,33,34,8935,57075
2023-05-25 12:09:01,33,34,8935,57090
2023-05-25 12:09:05,33,34,8935,57105
2023-05-25 12:09:17,34,35,9110,57280
2023-05-25 12:09:20,35,36,9115,57285
2023-05-25 12:10:12,35,36,9115,57485
2023-05-25 12:10:33,35,36,9203,57685
2023-05-25 12:10:33,35,36,9203,57700
2023-05-25 12:10:33,33,35,9158,57775
2023-05-25 12:10:49,34,35,9158,57775
2023-05-25 12:10:55,35,36,9158,57785
2023-05-25 12:11:03,35,36,9158,57795
2023-05-25 12:11:48,34,35,9158,57805
2023-05-25 12:11:57,33,34,9383,58040
2023-05-25 12:12:11,33,34,9383,58050
2023-05-25 12:12:29,32,33,9383,58135
2023-05-25 12:12:49,32,33,9515,58335
2023-05-25 12:13:00,32,33,9715,58535
2023-05-25 12:13:19,32,34,9865,58685
2023-05-25 12:13:21,33,34,9865,58685
2023-05-25 12:13:53,32,33,9865,58690
2023-05-25 12:14:43,31,32,9940,58870
2023-05-25 12:16:51,30,31,9940,58875
2023-05-25 12:16:51,30,32,9940,58875
2023-05-25 12:16:56,30,31,9940,58875
2023-05-25 12:17:01,30,31,9935,59075
2023-05-25 12:17:12,30,31,10135,59275
2023-05-25 12:17:22,28,31,10190,59335
2023-05-25 12:17:29,28,30,10190,59335
2023-05-25 12:17:34,28,29,10190,59335
2023-05-25 12:17:34,28,29,10335,59480
2023-05-25 12:19:36,27,28,10330,59493
2023-05-25 12:20:33,26,27,10480,59680
2023-05-25 12:20:33,26,28,10480,59680
2023-05-25 12:20:37,25,28,10480,59680
2023-05-25 12:20:38,25,27,10480,59680
2023-05-25 12:20:56,26,27,10480,59680
2023-05-25 12:21:41,25,26,10480,59762
2023-05-25 12:21:41,25,27,10480,59762
2023-05-25 12:21:47,25,26,10480,59762
2023-05-25 12:22:35,25,26,10358,59962
2023-05-25 12:22:35,25,26,10558,60162
2023-05-25 12:22:39,23,25,10590,60194
2023-05-25 12:22:45,23,24,10590,60194
2023-05-25 12:22:48,23,24,10790,60394
2023-05-25 12:23:03,23,24,10715,60469
2023-05-25 12:23:13,22,23,10786,60689
2023-05-25 12:23:23,22,23,10881,60784
2023-05-25 12:23:24,20,23,11014,60984
2023-05-25 12:23:24,20,22,11014,60984
2023-05-25 12:23:24,20,21,11014,60984
2023-05-25 12:23:24,20,21,11014,61009
2023-05-25 12:24:52,20,21,10906,61409
2023-05-25 12:24:53,21,23,10906,61554
2023-05-25 12:25:16,21,22,10906,61554
2023-05-25 12:25:43,22,23,10906,61594
2023-05-25 12:25:54,23,24,10950,61644
2023-05-25 12:26:02,22,24,10950,61644
2023-05-25 12:27:27,22,23,10950,61644
2023-05-25 12:27:31,22,24,10950,61644
2023-05-25 12:27:31,22,23,10950,61644
2023-05-25 12:27:42,23,24,10970,61664
2023-05-25 12:29:44,22,23,10960,61674
2023-05-25 12:30:00,21,22,10955,61754
2023-05-25 12:30:01,21,23,10955,61754
2023-05-25 12:30:08,21,22,10955,61754
2023-05-25 12:30:42,21,22,10975,61954
2023-05-25 12:30:43,21,22,10975,62054
2023-05-25 12:30:44,22,23,10975,62454
2023-05-25 12:30:46,21,23,10975,62454
2023-05-25 12:30:46,21,22,10975,62454
2023-05-25 12:31:19,22,23,10995,62474
2023-05-25 12:33:10,23,24,11015,62569
2023-05-25 12:34:09,24,25,11035,62589
2023-05-25 12:34:22,24,25,11235,62789
2023-05-25 12:34:36,24,25,11235,62989
2023-05-25 12:34:37,24,25,11385,63139
2023-05-25 12:34:39,24,25,11385,63339
2023-05-25 12:34:43,25,28,11385,63379
2023-05-25 12:34:43,24,28,11385,63379
2023-05-25 12:34:43,25,28,11385,63379
2023-05-25 12:34:43,26,28,11385,63379
2023-05-25 12:34:47,27,28,11385,63379
2023-05-25 12:34:50,28,30,11405,63399
2023-05-25 12:34:51,28,29,11405,63399
2023-05-25 12:35:28,28,29,11444,63438
2023-05-25 12:35:31,28,29,11468,63462
2023-05-25 12:35:32,28,29,11468,63662
2023-05-25 12:35:35,26,27,11463,63667
2023-05-25 12:37:36,25,26,11458,63672
2023-05-25 12:37:39,24,26,11458,63672
2023-05-25 12:37:59,25,26,11458,63672
2023-05-25 12:38:03,24,26,11458,63672
2023-05-25 12:38:04,25,26,11458,63672
2023-05-25 12:38:29,25,26,11458,63772
2023-05-25 12:38:30,25,26,11458,63872
2023-05-25 12:38:31,25,26,11463,63972
2023-05-25 12:38:32,26,27,11468,63977
2023-05-25 12:39:54,25,26,11458,63987
2023-05-25 12:39:58,24,25,11453,63992
2023-05-25 12:40:26,23,24,11453,64022
2023-05-25 12:40:27,23,25,11453,64022
2023-05-25 12:40:29,23,24,11453,64022
2023-05-25 12:40:32,22,23,11453,64027
2023-05-25 12:40:32,22,24,11453,64027
2023-05-25 12:40:32,22,23,11453,64027
2023-05-25 12:43:27,22,23,11633,64227
2023-05-25 12:43:30,21,22,11678,64272
2023-05-25 12:43:30,21,23,11678,64272
2023-05-25 12:43:32,21,22,11678,64272
2023-05-25 12:43:59,19,20,12353,65002
2023-05-25 12:44:07,19,20,12453,65102
2023-05-25 12:44:08,19,20,12553,65202
2023-05-25 12:44:10,19,20,12653,65302
2023-05-25 12:44:11,19,20,12753,65402
2023-05-25 12:44:12,19,20,12853,65502
2023-05-25 12:44:17,19,20,12953,65602
2023-05-25 12:44:19,19,20,13053,65702
2023-05-25 12:44:20,19,20,13153,65802
2023-05-25 12:44:21,19,20,13253,65902
2023-05-25 12:44:23,19,20,13353,66002
2023-05-25 12:44:24,19,20,13453,66102
2023-05-25 12:44:26,19,20,13553,66202
2023-05-25 12:44:36,20,21,13643,66292
2023-05-25 12:44:51,21,22,13663,66327
2023-05-25 12:45:08,21,22,13703,66427
2023-05-25 12:45:09,22,23,13703,66517
2023-05-25 12:46:05,23,24,13703,66537
2023-05-25 12:46:06,22,24,13703,66537
2023-05-25 12:46:07,23,24,13703,66537
2023-05-25 12:46:24,23,25,13723,66632
2023-05-25 12:46:38,23,24,13723,66632
2023-05-25 12:48:45,24,25,13723,66637
2023-05-25 12:48:45,23,25,13723,66637
2023-05-25 12:49:12,23,24,13723,66637
2023-05-25 12:49:38,24,25,13723,66642
2023-05-25 12:49:38,23,25,13723,66642
2023-05-25 12:50:27,23,25,13723,66742
2023-05-25 12:51:11,23,24,13723,66742
2023-05-25 12:52:18,22,23,13718,66747
2023-05-25 12:54:33,22,23,13523,66947
2023-05-25 12:54:34,23,24,13493,66977
2023-05-25 12:54:34,22,24,13493,66977
2023-05-25 12:54:34,23,24,13493,66977
2023-05-25 12:54:43,24,25,13493,66982
2023-05-25 12:54:43,23,25,13493,66982
2023-05-25 12:55:03,23,25,13303,67182
2023-05-25 12:55:03,24,25,13303,67182
2023-05-25 12:55:06,24,27,13303,67182
2023-05-25 12:55:06,25,27,13303,67182
2023-05-25 12:55:27,25,26,13303,67182
2023-05-25 12:55:44,25,26,13303,67382
2023-05-25 12:55:48,23,25,13293,67392
2023-05-25 12:56:21,23,24,13293,67392
2023-05-25 12:56:26,22,23,13288,67397
2023-05-25 12:58:05,23,24,13293,67402
2023-05-25 12:59:02,23,24,13293,67602
2023-05-25 12:59:03,24,25,13298,67607
2023-05-25 12:59:06,25,26,13298,67612
2023-05-25 12:59:06,24,26,13298,67612
2023-05-25 12:59:14,24,26,13303,67712
2023-05-25 12:59:14,26,28,13333,67947
2023-05-25 12:59:15,27,28,13333,67947
2023-05-25 12:59:16,27,29,13333,67947
2023-05-25 13:00:03,27,28,13333,67947
2023-05-25 13:00:06,26,27,13328,67952
2023-05-25 13:00:27,26,27,13353,68177
2023-05-25 13:00:28,26,28,13353,68177
2023-05-25 13:00:34,26,27,13353,68177
2023-05-25 13:00:42,25,26,13348,68182
2023-05-25 13:00:43,25,27,13348,68182
2023-05-25 13:00:51,26,27,13348,68182
2023-05-25 13:01:34,27,28,13348,68187
2023-05-25 13:01:34,26,28,13348,68187
2023-05-25 13:01:35,27,28,13348,68187
2023-05-25 13:02:11,27,28,13348,68192
2023-05-25 13:02:13,28,29,13348,68207
2023-05-25 13:02:13,27,29,13348,68207
2023-05-25 13:02:15,28,29,13348,68207
2023-05-25 13:02:22,29,30,13348,68227
2023-05-25 13:02:22,28,30,13348,68227
2023-05-25 13:02:24,28,30,13148,68427
2023-05-25 13:02:54,28,29,13148,68427
2023-05-25 13:03:16,28,30,13153,68432
2023-05-25 13:03:17,28,29,13153,68432
2023-05-25 13:03:24,27,28,13148,68437
2023-05-25 13:03:29,26,27,13143,68442
2023-05-25 13:03:30,26,28,13143,68442
2023-05-25 13:03:34,26,27,13143,68442
2023-05-25 13:03:38,26,27,13176,68642
2023-05-25 13:05:06,27,28,13176,68657
2023-05-25 13:05:08,26,28,13176,68657
2023-05-25 13:05:11,27,28,13176,68657
2023-05-25 13:05:21,28,30,13176,68662
2023-05-25 13:05:21,28,29,13176,68662
2023-05-25 13:05:21,28,30,13176,68662
2023-05-25 13:05:27,28,29,13176,68662
2023-05-25 13:05:48,29,30,13163,68817
2023-05-25 13:05:54,28,30,13163,68817
2023-05-25 13:05:54,29,30,13163,68817
2023-05-25 13:06:15,28,29,13158,68822
2023-05-25 13:07:55,27,28,13233,68902
2023-05-25 13:07:55,27,29,13233,68902
2023-05-25 13:09:15,26,27,13383,69062
2023-05-25 13:09:15,26,29,13383,69062
2023-05-25 13:09:16,27,29,13383,69062
2023-05-25 13:09:16,27,28,13383,69062
2023-05-25 13:09:16,27,29,13383,69062
2023-05-25 13:09:34,28,29,13383,69062
2023-05-25 13:11:32,27,29,13383,69062
2023-05-25 13:12:44,27,28,13383,69062
2023-05-25 13:12:57,27,29,13383,69062
2023-05-25 13:13:07,26,27,13378,69067
2023-05-25 13:14:04,27,29,13383,69072
2023-05-25 13:15:57,27,29,13403,69092
2023-05-25 13:15:57,27,28,13403,69092
2023-05-25 13:15:57,27,29,13403,69092
2023-05-25 13:15:58,27,28,13403,69092
2023-05-25 13:15:58,27,28,13453,69142
2023-05-25 13:15:58,27,29,13453,69142
2023-05-25 13:16:01,27,28,13453,69142
2023-05-25 13:16:04,26,27,13443,69152
2023-05-25 13:16:07,25,26,13447,69161
2023-05-25 13:16:07,25,27,13447,69161
2023-05-25 13:16:35,25,26,13447,69161
2023-05-25 13:16:38,25,26,13647,69361
2023-05-25 13:16:50,23,25,13822,69551
2023-05-25 13:16:50,23,26,13822,69551
2023-05-25 13:16:52,23,25,13822,69551
2023-05-25 13:18:02,23,25,14022,69751
2023-05-25 13:18:04,22,23,13977,69796
2023-05-25 13:18:08,22,23,13977,69820
2023-05-25 13:19:09,22,23,13777,70020
2023-05-25 13:19:11,23,25,13746,70056
2023-05-25 13:19:11,22,25,13746,70056
2023-05-25 13:19:11,23,25,13746,70056
2023-05-25 13:20:01,23,24,13746,70056
2023-05-25 13:20:08,22,23,13656,70146
2023-05-25 13:21:25,22,23,13456,70346
2023-05-25 13:21:27,23,24,13461,70351
2023-05-25 13:23:20,24,25,13466,70356
2023-05-25 13:23:21,25,26,13486,70376
2023-05-25 13:23:21,25,26,13506,70396
2023-05-25 13:23:59,25,26,13706,70596
2023-05-25 13:24:00,23,25,13701,70601
2023-05-25 13:24:31,24,25,13701,70601
2023-05-25 13:24:32,23,25,13701,70601
2023-05-25 13:25:27,24,25,13701,70601
2023-05-25 13:26:00,23,24,13696,70630
2023-05-25 13:26:42,22,23,13691,70635
2023-05-25 13:26:42,22,23,13699,70835
2023-05-25 13:26:43,22,23,13729,70865
2023-05-25 13:26:43,22,23,13744,70880
2023-05-25 13:26:43,20,23,13744,70880
2023-05-25 13:26:44,20,22,13744,70880
2023-05-25 13:26:45,20,22,13744,71322
2023-05-25 13:29:31,20,21,13744,71322
2023-05-25 13:30:07,19,20,13894,71507
2023-05-25 13:30:07,19,21,13894,71507
2023-05-25 13:30:32,19,20,13894,71507
2023-05-25 13:30:33,18,20,13894,71562
2023-05-25 13:30:36,18,20,13807,72004
2023-05-25 13:31:37,18,19,13807,72004
2023-05-25 13:32:00,17,18,13817,72014
2023-05-25 13:32:00,17,19,13817,72014
2023-05-25 13:32:19,17,18,13817,72014
2023-05-25 13:32:23,17,18,13817,72089
2023-05-25 13:32:23,17,18,13852,72124
2023-05-25 13:32:31,16,18,13860,72132
2023-05-25 13:33:24,17,18,13860,72132
2023-05-25 13:33:24,17,18,13890,72162
2023-05-25 13:33:31,18,19,13890,72237
2023-05-25 13:33:31,17,19,14015,72362
2023-05-25 13:33:32,18,19,14015,72362
2023-05-25 13:33:32,17,19,14030,72377
2023-05-25 13:33:33,18,19,14030,72377
2023-05-25 13:33:36,19,20,14059,72452
2023-05-25 13:33:36,19,20,14064,72457
2023-05-25 13:34:09,19,20,14074,72467
2023-05-25 13:34:31,19,20,14074,72667
2023-05-25 13:34:37,18,19,14069,72691
2023-05-25 13:35:41,18,20,14089,72726
2023-05-25 13:37:40,19,20,14089,72726
2023-05-25 13:38:43,20,21,14199,72836
2023-05-25 13:41:19,21,22,14219,73006
2023-05-25 13:41:21,22,24,14259,73046
2023-05-25 13:41:21,22,23,14259,73046
2023-05-25 13:41:21,22,23,14279,73066
2023-05-25 13:42:24,23,24,14319,73106
2023-05-25 13:42:51,22,23,14314,73146
2023-05-25 13:43:05,21,22,14309,73151
2023-05-25 13:43:21,20,22,14304,73156
2023-05-25 13:43:49,20,21,14304,73156
2023-05-25 13:46:05,19,21,14259,73470
2023-05-25 13:46:05,19,20,14259,73470
2023-05-25 13:46:06,18,20,14259,73470
2023-05-25 13:46:12,20,21,14259,73485
2023-05-25 13:47:13,18,21,14259,73485
2023-05-25 13:47:16,19,21,14259,73485
2023-05-25 13:47:16,19,20,14259,73485
2023-05-25 13:48:05,18,19,14334,73595
2023-05-25 13:48:05,18,20,14334,73595
2023-05-25 13:48:16,18,19,14334,73595
2023-05-25 13:48:54,17,19,14264,73665
2023-05-25 13:49:49,17,18,14264,73665
2023-05-25 13:50:06,17,18,14264,73765
2023-05-25 13:50:19,17,18,14254,73840
2023-05-25 13:50:31,17,18,14254,73855
2023-05-25 13:54:00,16,17,14275,73950
2023-05-25 13:54:10,17,18,14284,73965
2023-05-25 13:54:15,16,18,14284,73965
2023-05-25 13:54:16,17,18,14284,73965
2023-05-25 13:54:20,18,19,14289,73970
2023-05-25 13:54:28,18,19,14314,73995
2023-05-25 13:54:33,19,20,14349,74180
2023-05-25 13:54:34,20,21,14354,74185
2023-05-25 13:54:34,19,21,14574,74405
2023-05-25 13:54:36,20,21,14574,74405
2023-05-25 13:54:36,21,22,14509,74470
2023-05-25 13:54:36,20,22,14509,74470
2023-05-25 13:54:38,19,22,14509,74470
2023-05-25 13:54:43,20,22,14509,74470
2023-05-25 13:54:45,19,20,14524,74485
2023-05-25 13:54:45,20,22,14529,74490
2023-05-25 13:54:50,20,21,14529,74490
2023-05-25 13:54:59,19,21,14529,74490
2023-05-25 13:54:59,19,22,14529,74490
2023-05-25 13:54:59,19,20,14529,74490
2023-05-25 13:55:33,20,21,14549,74510
2023-05-25 13:56:18,21,22,14569,74530
2023-05-25 13:56:18,21,22,14589,74550
2023-05-25 13:58:25,21,22,14584,74565
2023-05-25 13:58:28,20,22,14584,74565
2023-05-25 13:58:28,19,20,14574,74575
2023-05-25 13:59:09,18,19,14649,74685
2023-05-25 13:59:17,18,19,14649,74885
2023-05-25 13:59:51,17,18,14610,74950
2023-05-25 14:00:07,17,18,14588,75350
2023-05-25 14:00:07,16,17,14588,75420
2023-05-25 14:00:09,15,17,14738,75620
2023-05-25 14:00:11,15,16,14738,75620
2023-05-25 14:00:14,15,16,14751,75633
2023-05-25 14:00:14,15,16,14766,75648
2023-05-25 14:00:15,15,16,14866,75748
2023-05-25 14:00:16,15,16,14881,75763
2023-05-25 14:00:17,15,16,15081,75963
2023-05-25 14:00:17,12,15,15240,76122
2023-05-25 14:00:18,12,14,15240,76122
2023-05-25 14:00:23,12,13,15240,76122
2023-05-25 14:00:23,12,13,15245,76127
2023-05-25 14:00:26,12,13,15245,76227
2023-05-25 14:00:26,9,11,15410,76392
2023-05-25 14:00:40,10,11,15410,76392
2023-05-25 14:00:41,10,12,15410,76392
2023-05-25 14:00:44,10,11,15410,76392
2023-05-25 14:00:51,10,11,15412,76394
2023-05-25 14:00:51,9,11,15430,76412
2023-05-25 14:00:52,9,11,15495,76477
2023-05-25 14:00:53,9,11,15579,76561
2023-05-25 14:01:00,9,10,15579,76561
2023-05-25 14:01:03,9,10,15581,76563
2023-05-25 14:01:03,9,10,15659,76641
2023-05-25 14:01:18,8,10,15720,76702
2023-05-25 14:01:18,8,10,15720,76724
2023-05-25 14:01:20,8,10,15720,76739
2023-05-25 14:01:26,8,10,15720,76758
2023-05-25 14:01:35,8,9,15720,76758
2023-05-25 14:01:35,8,9,15720,76773
2023-05-25 14:01:36,7,8,15740,76793
2023-05-25 14:01:37,7,8,15740,76838
2023-05-25 14:02:31,7,8,15740,76863
2023-05-25 14:02:38,8,9,15663,76940
2023-05-25 14:02:39,7,9,15663,76940
2023-05-25 14:02:40,8,9,15663,76940
2023-05-25 14:03:00,8,9,15279,77340
2023-05-25 14:03:03,8,9,15079,77540
2023-05-25 14:03:04,8,11,15015,77695
2023-05-25 14:03:04,9,11,15015,77695
2023-05-25 14:03:04,9,10,15015,77695
2023-05-25 14:03:10,10,11,14869,77841
2023-05-25 14:03:10,9,11,14869,77841
2023-05-25 14:03:11,9,11,14778,78041
2023-05-25 14:03:27,9,10,14778,78041
2023-05-25 14:03:58,10,11,14818,78081
2023-05-25 14:03:58,10,12,14818,78081
2023-05-25 14:04:59,11,12,14818,78081
2023-05-25 14:05:06,12,14,14858,78121
2023-05-25 14:05:31,13,14,14858,78121
2023-05-25 14:06:08,14,15,14858,78141
2023-05-25 14:06:09,14,15,14888,78443
2023-05-25 14:06:17,14,17,14888,78463
2023-05-25 14:06:37,15,17,14888,78463
2023-05-25 14:06:52,15,18,14888,78483
2023-05-25 14:07:23,15,17,14888,78483
2023-05-25 14:08:11,16,17,14888,78483
2023-05-25 14:08:11,16,18,14957,78552
2023-05-25 14:08:47,16,19,14957,78572
2023-05-25 14:08:55,17,19,14957,78572
2023-05-25 14:08:56,18,19,14957,78572
2023-05-25 14:08:59,19,20,14821,78731
2023-05-25 14:09:00,18,20,14821,78731
2023-05-25 14:09:00,19,20,14821,78731
2023-05-25 14:09:02,21,22,14821,78781
2023-05-25 14:09:11,19,21,14976,78939
2023-05-25 14:09:11,19,21,14976,78941
2023-05-25 14:09:12,19,22,14976,78941
2023-05-25 14:09:12,19,21,14976,78941
2023-05-25 14:09:34,19,20,14976,78941
2023-05-25 14:10:08,17,19,15114,79081
2023-05-25 14:10:08,17,20,15114,79081
2023-05-25 14:10:14,17,19,15114,79081
2023-05-25 14:10:16,17,18,15114,79081
2023-05-25 14:12:03,17,19,15114,79083
2023-05-25 14:12:06,18,19,15114,79083
2023-05-25 14:12:31,18,19,15116,79093
2023-05-25 14:12:44,17,18,15116,79095
2023-05-25 14:12:44,17,19,15116,79095
2023-05-25 14:13:07,17,18,15116,79095
2023-05-25 14:13:09,17,18,15314,79295
2023-05-25 14:13:10,15,18,15314,79295
2023-05-25 14:13:11,15,17,15314,79295
2023-05-25 14:13:57,15,16,15314,79295
2023-05-25 14:13:58,14,15,15312,79297
2023-05-25 14:14:25,12,14,15444,79447
2023-05-25 14:15:28,12,13,15444,79447
2023-05-25 14:15:37,11,12,15444,79597
2023-05-25 14:15:39,10,12,15444,79597
2023-05-25 14:15:39,10,11,15444,79597
2023-05-25 14:16:59,10,11,15420,79661
2023-05-25 14:18:12,9,10,15420,79707
2023-05-25 14:20:35,10,11,15420,79729
2023-05-25 14:21:00,11,12,15380,79769
2023-05-25 14:21:01,10,12,15380,79769
2023-05-25 14:21:01,11,12,15380,79769
2023-05-25 14:24:26,12,13,15296,79869
2023-05-25 14:24:26,11,13,15296,79969
2023-05-25 14:24:26,12,13,15296,79969
2023-05-25 14:24:26,11,13,15296,79969
2023-05-25 14:24:29,11,14,15296,79969
2023-05-25 14:24:29,12,14,15296,79969
2023-05-25 14:24:29,12,13,15296,79969
2023-05-25 14:25:26,13,14,15316,79989
2023-05-25 14:25:54,14,15,15336,80009
2023-05-25 14:26:04,14,15,15536,80209
2023-05-25 14:26:08,13,14,15610,80287
2023-05-25 14:26:09,13,15,15610,80287
2023-05-25 14:26:09,13,14,15610,80287
2023-05-25 14:26:14,11,14,15610,80287
2023-05-25 14:26:44,11,13,15610,80287
2023-05-25 14:27:10,11,12,15610,80287
2023-05-25 14:28:15,12,13,15610,80289
2023-05-25 14:28:16,11,13,15610,80289
2023-05-25 14:28:18,12,13,15610,80289
2023-05-25 14:28:56,11,12,15606,80293
2023-05-25 14:29:16,12,13,15497,80404
2023-05-25 14:29:17,11,13,15497,80404
2023-05-25 14:29:45,12,13,15497,80404
2023-05-25 14:29:47,13,15,15499,80406
2023-05-25 14:29:47,13,14,15499,80406
2023-05-25 14:29:47,13,14,15699,80606
2023-05-25 14:29:49,13,14,15718,80625
2023-05-25 14:29:51,12,14,15722,80629
2023-05-25 14:29:51,13,14,15722,80629
2023-05-25 14:29:51,13,14,15722,80636
2023-05-25 14:29:52,13,14,15722,80643
2023-05-25 14:29:55,12,14,15722,80643
2023-05-25 14:29:55,13,14,15722,80643
2023-05-25 14:30:22,14,16,15726,80647
2023-05-25 14:30:22,14,15,15726,80647
2023-05-25 14:30:56,14,16,15558,80855
2023-05-25 14:30:57,14,17,15558,80855
2023-05-25 14:30:59,15,17,15558,80855
2023-05-25 14:31:12,16,17,15558,80855
2023-05-25 14:31:13,16,17,15358,81055
2023-05-25 14:31:17,17,18,15398,81095
2023-05-25 14:31:55,18,19,15398,81135
2023-05-25 14:31:56,18,21,15398,81135
2023-05-25 14:31:57,19,21,15398,81135
2023-05-25 14:31:57,19,22,15398,81135
2023-05-25 14:31:57,19,21,15398,81135
2023-05-25 14:31:59,19,22,15398,81135
2023-05-25 14:32:02,18,22,15398,81135
2023-05-25 14:32:03,18,21,15398,81135
2023-05-25 14:32:29,19,21,15398,81135
2023-05-25 14:32:30,20,21,15398,81135
2023-05-25 14:32:42,21,22,15398,81155
2023-05-25 14:33:24,23,24,15398,81195
2023-05-25 14:33:26,23,24,15358,81235
2023-05-25 14:33:31,24,25,15368,81275
2023-05-25 14:33:32,25,29,15368,81285
2023-05-25 14:33:32,25,30,15368,81285
2023-05-25 14:33:33,26,30,15368,81285
2023-05-25 14:33:33,27,30,15368,81285
2023-05-25 14:33:49,27,29,15368,81285
2023-05-25 14:34:19,28,29,15368,81285
2023-05-25 14:34:51,27,28,15366,81287
2023-05-25 14:34:53,25,28,15366,81287
2023-05-25 14:35:08,26,28,15366,81287
2023-05-25 14:35:10,27,28,15366,81287
2023-05-25 14:35:23,27,28,15406,81327
2023-05-25 14:35:35,29,30,15446,81382
2023-05-25 14:35:39,30,33,15466,81402
2023-05-25 14:35:42,30,34,15466,81402
2023-05-25 14:35:42,30,33,15466,81402
2023-05-25 14:35:42,32,33,15466,81402
2023-05-25 14:35:45,31,33,15466,81402
2023-05-25 14:35:46,32,33,15466,81402
2023-05-25 14:35:56,33,34,15506,81442
2023-05-25 14:36:33,32,33,15504,81444
2023-05-25 14:36:36,31,32,15502,81446
2023-05-25 14:36:42,28,31,15500,81448
2023-05-25 14:37:07,28,30,15500,81448
2023-05-25 14:37:10,28,31,15500,81448
2023-05-25 14:37:21,29,31,15500,81448
2023-05-25 14:37:26,28,31,15500,81448
2023-05-25 14:37:54,28,30,15500,81448
2023-05-25 14:38:06,26,30,15500,81448
2023-05-25 14:38:07,26,29,15500,81448
2023-05-25 14:38:08,26,30,15500,81448
2023-05-25 14:39:15,26,29,15500,81448
2023-05-25 14:39:19,26,30,15500,81448
2023-05-25 14:40:25,26,29,15500,81448
2023-05-25 14:40:27,26,28,15500,81448
2023-05-25 14:40:33,26,27,15500,81448
2023-05-25 14:40:35,25,26,15464,81484
2023-05-25 14:40:40,25,28,15464,81484
2023-05-25 14:40:41,25,26,15464,81484
2023-05-25 14:41:36,26,28,15468,81488
2023-05-25 14:42:28,27,28,15468,81488
2023-05-25 14:42:36,28,29,15470,81490
2023-05-25 14:42:46,30,31,15472,81492
2023-05-25 14:43:12,31,33,15474,81494
2023-05-25 14:43:13,32,33,15474,81494
2023-05-25 14:43:15,33,34,15476,81496
2023-05-25 14:43:15,32,34,15521,81541
2023-05-25 14:43:15,33,34,15521,81541
2023-05-25 14:43:46,32,34,15521,81541
2023-05-25 14:44:20,31,34,15521,81541
2023-05-25 14:44:41,31,33,15521,81541
2023-05-25 14:46:00,32,33,15521,81541
2023-05-25 14:46:02,33,34,15523,81543
2023-05-25 14:46:06,34,35,15543,81563
2023-05-25 14:46:11,35,36,15563,81583
2023-05-25 14:46:18,36,38,15583,81603
2023-05-25 14:46:29,37,38,15583,81603
2023-05-25 14:46:35,37,38,15593,81613
2023-05-25 14:46:38,39,40,15603,81623
2023-05-25 14:46:39,39,40,15563,81663
2023-05-25 14:46:40,39,41,15563,81663
2023-05-25 14:46:42,39,40,15563,81663
2023-05-25 14:47:14,40,42,15623,81860
2023-05-25 14:47:14,41,42,15623,81860
2023-05-25 14:47:18,41,44,15573,81910
2023-05-25 14:47:18,42,44,15573,81910
2023-05-25 14:47:19,43,44,15573,81910
2023-05-25 14:47:21,43,44,15536,81947
2023-05-25 14:47:21,43,45,15536,81947
2023-05-25 14:47:21,43,44,15536,81947
2023-05-25 14:47:56,41,42,15532,81996
2023-05-25 14:48:01,41,43,15532,81996
2023-05-25 14:48:03,41,44,15532,81996
2023-05-25 14:48:06,41,43,15532,81996
2023-05-25 14:48:34,41,43,15530,82196
2023-05-25 14:48:34,41,42,15530,82196
2023-05-25 14:48:42,37,42,15530,82196
2023-05-25 14:48:42,39,42,15530,82196
2023-05-25 14:48:42,39,41,15530,82196
2023-05-25 14:48:45,39,40,15530,82196
2023-05-25 14:48:48,39,40,15707,82396
2023-05-25 14:48:48,37,40,15729,82420
2023-05-25 14:48:48,39,40,15729,82420
2023-05-25 14:48:49,37,39,15729,82422
2023-05-25 14:48:49,37,40,15729,82422
2023-05-25 14:48:50,37,39,15729,82422
2023-05-25 14:48:50,35,39,15729,82422
2023-05-25 14:48:51,36,39,15729,82422
2023-05-25 14:48:51,36,37,15729,82422
2023-05-25 14:49:20,38,39,15641,82542
2023-05-25 14:49:22,38,40,15641,82542
2023-05-25 14:49:22,38,42,15641,82542
2023-05-25 14:49:22,36,42,15641,82542
2023-05-25 14:49:22,37,42,15641,82542
2023-05-25 14:49:22,38,42,15641,82542
2023-05-25 14:49:22,37,38,15626,82557
2023-05-25 14:49:23,37,38,15624,82559
2023-05-25 14:49:24,37,38,15592,82591
2023-05-25 14:49:24,37,38,15583,82615
2023-05-25 14:49:26,38,39,15583,82615
2023-05-25 14:49:30,37,39,15583,82615
2023-05-25 14:49:30,38,39,15583,82615
2023-05-25 14:49:32,37,39,15583,82615
2023-05-25 14:50:00,38,39,15583,82615
2023-05-25 14:50:02,39,40,15585,82617
2023-05-25 14:50:04,40,42,15587,82619
2023-05-25 14:50:05,40,44,15587,82619
2023-05-25 14:50:05,40,41,15587,82619
2023-05-25 14:50:08,38,41,15587,82619
2023-05-25 14:50:10,38,40,15587,82619
2023-05-25 14:50:25,38,39,15587,82619
2023-05-25 14:50:36,37,39,15587,82619
2023-05-25 14:50:41,37,38,15587,82619
2023-05-25 14:51:06,34,38,15587,82619
2023-05-25 14:51:06,34,37,15587,82619
2023-05-25 14:51:06,34,38,15587,82619
2023-05-25 14:51:07,35,38,15587,82619
2023-05-25 14:51:09,34,38,15587,82619
2023-05-25 14:51:10,35,38,15587,82619
2023-05-25 14:51:12,34,38,15587,82619
2023-05-25 14:51:14,34,37,15587,82619
2023-05-25 14:51:15,34,38,15587,82619
2023-05-25 14:51:15,34,36,15587,82619
2023-05-25 14:51:16,36,37,15587,82634
2023-05-25 14:51:21,34,37,15587,82634
2023-05-25 14:51:58,36,37,15587,82634
2023-05-25 14:51:59,37,38,15589,82636
2023-05-25 14:52:04,38,40,15591,82638
2023-05-25 14:52:09,36,40,15591,82638
2023-05-25 14:52:09,38,40,15591,82638
2023-05-25 14:52:12,34,40,15591,82638
2023-05-25 14:52:22,34,39,15591,82638
2023-05-25 14:52:40,34,38,15591,82638
2023-05-25 14:52:42,35,38,15591,82638
2023-05-25 14:52:46,35,37,15591,82638
2023-05-25 14:52:47,35,36,15591,82638
2023-05-25 14:52:58,34,36,15591,82638
2023-05-25 14:53:01,34,35,15591,82638
2023-05-25 14:53:05,34,36,15591,82638
2023-05-25 14:53:06,33,36,15591,82638
2023-05-25 14:53:20,34,36,15591,82638
2023-05-25 14:53:23,35,36,15591,82638
2023-05-25 14:54:12,33,35,15715,82814
2023-05-25 14:54:20,32,35,15715,82814
2023-05-25 14:54:21,33,35,15715,82814
2023-05-25 14:54:24,34,35,15715,82814
2023-05-25 14:54:39,33,34,15756,82903
2023-05-25 14:55:04,32,33,15756,82951
2023-05-25 14:55:08,32,33,15856,83051
2023-05-25 14:55:09,32,33,15956,83151
2023-05-25 14:55:11,32,33,16056,83251
2023-05-25 14:55:12,32,33,16156,83351
2023-05-25 14:55:12,32,33,16156,83551
2023-05-25 14:55:14,32,33,16256,83651
2023-05-25 14:55:50,32,33,16356,83751
2023-05-25 14:55:51,32,33,16456,83851
2023-05-25 14:55:53,32,33,16556,83951
2023-05-25 14:55:54,32,33,16656,84051
2023-05-25 14:55:56,32,33,16799,84251
2023-05-25 14:55:58,33,34,16801,84253
2023-05-25 14:55:59,34,37,16803,84255
2023-05-25 14:56:01,35,37,16803,84255
2023-05-25 14:56:04,34,37,16803,84255
2023-05-25 14:56:05,34,36,16803,84255
2023-05-25 14:56:08,34,37,16803,84255
2023-05-25 14:56:09,34,36,16803,84255
2023-05-25 14:56:10,34,35,16803,84255
2023-05-25 14:56:26,34,35,17136,84588
2023-05-25 14:56:48,35,36,17136,84675
2023-05-25 14:56:48,34,36,17136,84675
2023-05-25 14:56:48,35,36,17136,84675
2023-05-25 14:56:52,36,38,17156,84695
2023-05-25 14:56:53,37,38,17156,84695
2023-05-25 14:56:53,37,40,17156,84695
2023-05-25 14:56:54,37,39,17156,84695
2023-05-25 14:56:55,37,40,17156,84695
2023-05-25 14:57:07,37,39,17156,84695
2023-05-25 14:57:13,37,38,17156,84695
2023-05-25 14:57:18,37,39,17156,84695
2023-05-25 14:57:18,37,38,17156,84695
2023-05-25 14:57:26,35,38,17154,84854
2023-05-25 14:57:30,36,38,17154,84854
2023-05-25 14:57:34,37,38,17154,84854
2023-05-25 14:57:55,38,40,17174,84874
2023-05-25 14:58:56,37,40,17174,84874
2023-05-25 14:58:56,35,40,17174,84874
2023-05-25 14:58:59,37,40,17174,84874
2023-05-25 15:00:03,38,40,17174,84874
2023-05-25 15:00:07,38,39,17174,84874
2023-05-25 15:00:09,37,38,17324,85024
2023-05-25 15:00:09,37,39,17324,85024
2023-05-25 15:00:11,36,37,17324,85026
2023-05-25 15:00:11,36,39,17324,85026
2023-05-25 15:00:12,36,38,17324,85026
2023-05-25 15:00:12,36,37,17324,85026
2023-05-25 15:00:13,34,36,17436,85138
2023-05-25 15:00:13,34,37,17436,85138
2023-05-25 15:00:14,36,37,17436,85138
2023-05-25 15:00:20,34,37,17436,85138
2023-05-25 15:00:23,35,37,17436,85138
2023-05-25 15:00:23,36,37,17436,85138
2023-05-25 15:00:37,38,39,17438,85140
2023-05-25 15:01:05,36,38,17434,85144
2023-05-25 15:01:08,36,37,17434,85144
2023-05-25 15:01:09,33,37,17434,85144
2023-05-25 15:01:09,34,37,17434,85144
2023-05-25 15:01:10,36,37,17434,85144
2023-05-25 15:01:22,34,36,17432,85146
2023-05-25 15:01:23,32,36,17432,85146
2023-05-25 15:01:23,31,36,17432,85146
2023-05-25 15:01:23,32,36,17432,85146
2023-05-25 15:01:34,33,36,17432,85146
2023-05-25 15:01:34,34,36,17432,85146
2023-05-25 15:01:35,35,36,17432,85146
2023-05-25 15:01:51,36,39,17434,85148
2023-05-25 15:01:53,35,39,17434,85148
2023-05-25 15:01:57,35,38,17434,85148
2023-05-25 15:02:13,35,37,17434,85148
2023-05-25 15:02:13,34,35,17432,85150
2023-05-25 15:02:52,35,37,17398,85186
2023-05-25 15:02:52,34,37,17398,85186
2023-05-25 15:03:00,34,39,17398,85186
2023-05-25 15:03:00,34,38,17398,85186
2023-05-25 15:03:00,33,34,17377,85222
2023-05-25 15:03:01,33,34,17377,85322
2023-05-25 15:03:01,34,36,17371,85328
2023-05-25 15:03:02,34,36,17371,85330
2023-05-25 15:03:04,34,35,17371,85330
2023-05-25 15:03:04,33,35,17371,85330
2023-05-25 15:03:05,33,36,17371,85330
2023-05-25 15:03:05,33,34,17371,85330
2023-05-25 15:03:06,31,33,17355,85546
2023-05-25 15:03:07,31,33,17355,85581
2023-05-25 15:03:07,32,33,17355,85581
2023-05-25 15:03:08,32,33,17355,85681
2023-05-25 15:03:10,33,35,17355,85720
2023-05-25 15:03:13,33,35,17357,85820
2023-05-25 15:03:15,33,35,17357,85920
2023-05-25 15:03:22,30,31,17322,86165
2023-05-25 15:03:22,28,29,17322,86445
2023-05-25 15:03:22,27,29,17322,86480
2023-05-25 15:03:22,28,29,17322,86480
2023-05-25 15:03:22,28,29,17322,86505
2023-05-25 15:03:23,28,29,17322,86530
2023-05-25 15:03:23,28,31,17322,86554
2023-05-25 15:03:23,28,31,17303,86573
2023-05-25 15:03:23,29,31,17303,86573
2023-05-25 15:03:23,28,31,17303,86573
2023-05-25 15:03:23,29,31,17303,86573
2023-05-25 15:03:23,30,31,17303,86573
2023-05-25 15:03:25,30,31,17284,86592
2023-05-25 15:03:25,31,33,17213,86663
2023-05-25 15:03:25,30,33,17213,86663
2023-05-25 15:03:25,31,33,17213,86663
2023-05-25 15:03:26,31,33,17194,86682
2023-05-25 15:03:26,33,35,17013,86863
2023-05-25 15:03:26,31,35,17013,86863
2023-05-25 15:03:26,28,29,17013,87093
2023-05-25 15:03:26,26,27,17013,87423
2023-05-25 15:03:26,24,25,17013,87438
2023-05-25 15:03:27,24,29,17013,87538
2023-05-25 15:03:27,26,29,17013,87538
2023-05-25 15:03:27,26,29,17013,87563
2023-05-25 15:03:27,26,29,16994,87582
2023-05-25 15:03:27,29,32,16972,87604
2023-05-25 15:03:27,26,32,16972,87604
2023-05-25 15:03:28,27,32,16972,87604
2023-05-25 15:03:28,28,32,16972,87604
2023-05-25 15:03:28,29,32,16972,87604
2023-05-25 15:03:29,29,32,16953,87623
2023-05-25 15:03:29,32,34,16772,87804
2023-05-25 15:03:29,29,34,16772,87804
2023-05-25 15:03:30,33,34,16772,87804
2023-05-25 15:03:35,33,34,16772,87904
2023-05-25 15:03:36,34,35,16608,88070
2023-05-25 15:03:36,33,35,16608,88070
2023-05-25 15:03:43,33,34,16608,88070
2023-05-25 15:03:48,28,32,16592,88086
2023-05-25 15:03:48,27,32,16592,88086
2023-05-25 15:03:49,29,32,16592,88086
2023-05-25 15:03:49,29,32,16592,88186
2023-05-25 15:03:50,29,33,16592,88186
2023-05-25 15:03:50,32,33,16592,88186
2023-05-25 15:03:52,32,33,16594,88188
2023-05-25 15:03:55,26,32,16594,88188
2023-05-25 15:03:55,26,32,16580,88202
2023-05-25 15:03:55,26,31,16580,88202
2023-05-25 15:03:55,27,31,16580,88202
2023-05-25 15:03:56,31,32,16595,88217
2023-05-25 15:04:03,29,32,16595,88217
2023-05-25 15:04:06,29,31,16595,88217
2023-05-25 15:04:07,31,32,16595,88232
2023-05-25 15:04:07,29,32,16595,88232
2023-05-25 15:04:07,29,31,16595,88232
2023-05-25 15:04:13,29,30,16595,88232
2023-05-25 15:04:17,26,29,16581,88246
2023-05-25 15:04:28,27,29,16581,88246
2023-05-25 15:04:32,26,29,16581,88246
2023-05-25 15:04:44,26,28,16581,88246
2023-05-25 15:04:47,26,27,16581,88246
2023-05-25 15:04:48,23,26,16431,88396
2023-05-25 15:04:49,21,26,16431,88396
2023-05-25 15:04:49,22,26,16431,88396
2023-05-25 15:04:49,22,25,16431,88396
2023-05-25 15:04:52,22,26,16431,88396
2023-05-25 15:04:52,23,26,16431,88396
2023-05-25 15:04:56,21,26,16431,88396
2023-05-25 15:04:56,22,26,16431,88396
2023-05-25 15:04:56,22,25,16431,88396
2023-05-25 15:04:56,23,25,16431,88396
2023-05-25 15:04:56,23,26,16431,88396
2023-05-25 15:04:58,23,25,16431,88396
2023-05-25 15:05:00,23,24,16431,88396
2023-05-25 15:05:02,23,24,16431,88421
2023-05-25 15:05:02,23,24,16431,88446
2023-05-25 15:05:03,22,24,16431,88546
2023-05-25 15:05:03,22,23,16431,88546
2023-05-25 15:05:11,22,24,16431,88546
2023-05-25 15:05:12,21,24,16431,88546
2023-05-25 15:05:14,21,23,16431,88546
2023-05-25 15:05:21,21,22,16431,88546
2023-05-25 15:05:30,20,21,16429,88548
2023-05-25 15:05:32,19,20,16429,88550
2023-05-25 15:05:32,19,21,16429,88550
2023-05-25 15:05:32,19,20,16429,88550
2023-05-25 15:05:33,17,19,16429,88580
2023-05-25 15:05:33,17,20,16429,88580
2023-05-25 15:05:34,19,20,16429,88580
2023-05-25 15:05:34,17,19,16431,88582
2023-05-25 15:05:34,17,20,16431,88582
2023-05-25 15:05:36,16,20,16431,88582
2023-05-25 15:05:36,18,20,16431,88582
2023-05-25 15:05:48,19,20,16431,88582
2023-05-25 15:06:00,18,20,16515,88746
2023-05-25 15:06:26,18,19,16515,88746
2023-05-25 15:06:27,15,19,16515,88746
2023-05-25 15:06:34,15,18,16515,88746
2023-05-25 15:06:46,15,17,16515,88746
2023-05-25 15:06:47,15,16,16515,88746
2023-05-25 15:06:54,13,16,16515,88746
2023-05-25 15:07:16,13,15,16515,88746
2023-05-25 15:07:17,13,14,16515,88746
2023-05-25 15:07:28,13,15,16515,88746
2023-05-25 15:07:28,11,15,16515,88746
2023-05-25 15:07:29,11,16,16515,88746
2023-05-25 15:07:29,11,15,16515,88746
2023-05-25 15:07:30,11,14,16515,88746
2023-05-25 15:07:37,12,14,16515,88746
2023-05-25 15:08:04,13,14,16515,88746
2023-05-25 15:08:11,15,16,16515,88786
2023-05-25 15:08:12,15,16,16715,88986
2023-05-25 15:08:29,13,16,16715,88986
2023-05-25 15:08:32,13,15,16715,88986
2023-05-25 15:08:35,13,14,16715,88986
2023-05-25 15:08:52,10,13,16610,89131
2023-05-25 15:08:53,10,14,16610,89131
2023-05-25 15:08:56,11,14,16610,89131
2023-05-25 15:09:07,15,16,16625,89272
2023-05-25 15:09:08,15,16,16625,89372
2023-05-25 15:09:09,15,16,16738,89572
2023-05-25 15:09:09,15,16,16938,89772
2023-05-25 15:09:09,15,16,16938,89872
2023-05-25 15:09:10,15,16,17138,90072
2023-05-25 15:09:11,13,15,17138,90133
2023-05-25 15:09:14,11,15,17138,90133
2023-05-25 15:09:14,12,15,17138,90133
2023-05-25 15:09:33,13,15,17138,90133
2023-05-25 15:09:38,15,16,17172,90169
2023-05-25 15:09:39,15,16,17218,90215
2023-05-25 15:09:39,15,16,17237,90234
2023-05-25 15:09:39,15,16,17437,90434
2023-05-25 15:09:42,15,16,17483,90480
2023-05-25 15:09:42,15,16,17483,90580
2023-05-25 15:09:44,15,16,17683,90780
2023-05-25 15:09:44,15,16,17683,90880
2023-05-25 15:09:45,15,16,17683,90980
2023-05-25 15:09:47,15,16,17683,91080
2023-05-25 15:09:47,15,16,17733,91130
2023-05-25 15:09:48,12,15,17733,91135
2023-05-25 15:09:51,12,14,17733,91135
2023-05-25 15:09:51,11,14,17733,91135
2023-05-25 15:10:04,11,13,17733,91135
2023-05-25 15:10:06,10,11,17733,91213
2023-05-25 15:10:11,10,13,17733,91213
2023-05-25 15:10:14,10,12,17733,91213
2023-05-25 15:10:16,10,11,17733,91213
2023-05-25 15:10:20,9,10,17733,91233
2023-05-25 15:10:25,9,12,17733,91233
2023-05-25 15:10:26,9,10,17733,91233
2023-05-25 15:11:26,9,12,17733,91275
2023-05-25 15:11:29,9,11,17733,91275
2023-05-25 15:11:47,9,10,17733,91275
2023-05-25 15:13:01,8,9,17755,91297
2023-05-25 15:13:41,9,10,17733,91319
2023-05-25 15:15:21,10,11,17693,91359
2023-05-25 15:15:28,11,12,17673,91379
2023-05-25 15:15:35,12,13,17669,91399
2023-05-25 15:15:40,13,15,17669,91419
2023-05-25 15:15:40,14,15,17669,91419
2023-05-25 15:16:04,13,15,17669,91419
2023-05-25 15:16:08,12,15,17669,91419
2023-05-25 15:16:13,12,14,17669,91419
2023-05-25 15:16:21,12,13,17669,91419
2023-05-25 15:16:24,12,14,17669,91419
2023-05-25 15:16:25,12,13,17669,91419
2023-05-25 15:17:37,11,12,17669,91451
2023-05-25 15:17:48,10,12,17757,91573
2023-05-25 15:18:01,9,10,17997,91813
2023-05-25 15:18:28,6,7,18179,92300
2023-05-25 15:20:45,6,7,18284,92500
2023-05-25 15:20:47,5,7,18379,92595
2023-05-25 15:21:15,4,5,18439,92655
2023-05-25 15:23:52,3,4,18484,92700
2023-05-25 15:24:16,3,4,18524,92740
2023-05-25 15:25:07,4,5,18367,92897
2023-05-25 15:25:08,3,5,18367,92897
2023-05-25 15:26:07,4,5,18367,92897
2023-05-25 15:26:58,4,5,18150,93184
2023-05-25 15:27:16,3,4,18177,93472
2023-05-25 15:28:05,3,4,18327,93672
2023-05-25 15:28:07,1,3,18607,93952
2023-05-25 15:28:08,1,4,18607,93952
2023-05-25 15:30:05,1,4,18607,93962
2023-05-25 15:30:17,2,4,18607,93962
2023-05-25 15:30:27,1,4,18607,93962
2023-05-25 15:31:29,1,3,18607,93962
2023-05-25 15:32:01,1,2,18607,93962
2023-05-25 15:33:37,2,3,18607,93996
2023-05-25 15:38:41,2,3,18807,94196
2023-05-25 15:38:43,1,3,18827,94216
2023-05-25 15:39:10,1,3,18827,94226
2023-05-25 15:39:34,0,3,18837,94236
2023-05-25 15:41:01,1,3,18837,94236
2023-05-25 15:41:02,0,3,18837,94236
2023-05-25 15:41:03,1,3,18837,94236
2023-05-25 15:41:04,1,3,18837,94322
2023-05-25 15:41:05,0,3,18837,94322
2023-05-25 15:41:19,0,1,18837,94322
2023-05-25 15:41:39,0,3,18841,94368
2023-05-25 15:41:48,1,3,18841,94368
2023-05-25 15:45:02,1,3,18847,94374
2023-05-25 15:47:25,1,3,19047,94574
2023-05-25 15:47:28,1,3,19109,94636
2023-05-25 15:49:18,2,3,19109,94636
2023-05-25 15:49:23,2,3,19109,94736
2023-05-25 15:49:24,1,3,19109,94736
2023-05-25 15:49:26,2,3,19109,94736
2023-05-25 15:49:36,1,3,19109,94736
2023-05-25 15:49:37,2,3,19109,94736
2023-05-25 15:49:38,1,3,19109,94736
2023-05-25 15:50:00,1,3,18959,94936
2023-05-25 15:50:02,1,4,18959,94936
2023-05-25 15:50:37,1,3,18959,94936
2023-05-25 15:51:02,0,3,18985,94977
2023-05-25 15:51:34,0,1,18985,94977
2023-05-25 15:51:54,0,1,18985,95177
2023-05-25 15:52:02,0,1,18985,95377
2023-05-25 15:52:12,1,3,19085,95527
2023-05-25 15:52:17,1,2,19085,95527
2023-05-25 15:54:29,0,2,19087,95529
2023-05-25 15:54:41,1,2,19087,95529
2023-05-25 15:54:44,0,2,19087,95529
2023-05-25 15:54:49,1,2,19087,95529
2023-05-25 15:55:02,2,3,19063,95634
2023-05-25 15:55:03,1,3,19063,95634
2023-05-25 15:55:56,0,3,19265,95836
2023-05-25 15:56:08,0,1,19265,95836
