datetime,bid,ask,open_interest,volume
2023-02-13 09:30:02,2,7,3578,4513
2023-02-13 09:30:02,2,4,3578,4513
2023-02-13 09:30:43,3,4,3578,4513
2023-02-13 09:31:08,3,7,3578,4513
2023-02-13 09:34:10,3,6,3578,4513
2023-02-13 09:37:58,3,5,3578,4513
2023-02-13 09:39:57,3,6,3596,4531
2023-02-13 09:42:36,3,6,3678,4631
2023-02-13 09:42:56,3,4,3678,4631
2023-02-13 09:43:23,3,6,3828,4781
2023-02-13 09:44:19,4,6,3828,4781
2023-02-13 09:44:46,3,6,3828,4781
2023-02-13 09:45:56,4,6,3828,4781
2023-02-13 09:46:20,3,6,3828,4781
2023-02-13 09:46:48,4,6,3828,4781
2023-02-13 09:48:22,3,6,3828,4781
2023-02-13 09:50:53,4,6,3828,4781
2023-02-13 09:52:48,3,6,3828,4781
2023-02-13 09:55:05,4,6,3828,4781
2023-02-13 09:56:07,4,7,3828,4781
2023-02-13 09:56:07,4,8,3828,4781
2023-02-13 09:57:49,5,8,3828,4781
2023-02-13 09:57:49,5,9,3828,4781
2023-02-13 09:58:50,6,9,3828,4781
2023-02-13 09:58:52,6,10,3828,4781
2023-02-13 09:59:22,7,10,3828,4781
2023-02-13 10:00:01,10,11,3882,5289
2023-02-13 10:00:16,8,11,3882,5289
2023-02-13 10:04:06,7,8,3864,5307
2023-02-13 10:04:07,8,11,3864,5339
2023-02-13 10:04:17,7,11,3864,5339
2023-02-13 10:04:24,7,8,3864,5339
2023-02-13 10:04:30,8,11,3864,5364
2023-02-13 10:04:51,7,11,3864,5364
2023-02-13 10:04:51,8,11,3864,5364
2023-02-13 10:04:57,8,11,3864,5414
2023-02-13 10:05:11,8,11,3864,5439
2023-02-13 10:05:29,7,11,3864,5439
2023-02-13 10:05:51,7,10,3864,5439
2023-02-13 10:06:19,6,10,3864,5439
2023-02-13 10:06:19,5,10,3864,5439
2023-02-13 10:06:20,6,10,3864,5439
2023-02-13 10:06:22,6,7,3864,5439
2023-02-13 10:06:29,7,9,3914,5489
2023-02-13 10:06:35,6,9,3914,5489
2023-02-13 10:07:20,6,10,3914,6489
2023-02-13 10:07:31,10,11,2969,7434
2023-02-13 10:07:31,10,11,2969,7448
2023-02-13 10:07:31,10,11,2969,7462
2023-02-13 10:07:45,7,11,2969,7462
2023-02-13 10:07:53,8,11,2969,7462
2023-02-13 10:09:14,8,10,2969,7462
2023-02-13 10:09:18,8,11,2969,7462
2023-02-13 10:09:27,8,10,2969,7462
2023-02-13 10:09:27,7,10,2951,8043
2023-02-13 10:09:37,7,11,2951,8043
2023-02-13 10:09:52,7,10,2951,8043
2023-02-13 10:10:24,7,11,2951,8043
2023-02-13 10:10:51,7,10,2951,8043
2023-02-13 10:11:51,7,11,2951,8043
2023-02-13 10:11:54,7,10,2951,8043
2023-02-13 10:11:54,6,10,2951,8043
2023-02-13 10:12:51,6,9,2951,8043
2023-02-13 10:13:14,6,10,2951,8043
2023-02-13 10:13:51,6,9,2951,8043
2023-02-13 10:14:19,6,10,2951,8043
2023-02-13 10:15:51,6,9,2951,8043
2023-02-13 10:17:51,6,10,2951,8043
2023-02-13 10:18:05,6,9,2951,8043
2023-02-13 10:18:19,5,9,2951,8043
2023-02-13 10:19:02,6,9,2951,8043
2023-02-13 10:19:18,6,10,2951,8043
2023-02-13 10:20:53,7,10,2951,8043
2023-02-13 10:21:21,6,10,2951,8043
2023-02-13 10:21:46,7,10,2951,8043
2023-02-13 10:22:19,7,11,2951,8043
2023-02-13 10:22:26,7,10,2951,8043
2023-02-13 10:22:29,7,11,2951,8043
2023-02-13 10:22:47,7,10,2951,8043
2023-02-13 10:22:52,6,10,2951,8043
2023-02-13 10:24:11,6,9,2951,8043
2023-02-13 10:25:22,6,10,2951,8043
2023-02-13 10:25:22,7,10,2951,8043
2023-02-13 10:25:26,6,10,2951,8043
2023-02-13 10:25:43,6,9,2951,8043
2023-02-13 10:26:06,6,10,2951,8043
2023-02-13 10:26:52,7,10,2951,8043
2023-02-13 10:27:18,7,11,2951,8043
2023-02-13 10:27:38,8,11,2951,8043
2023-02-13 10:27:41,7,11,2951,8043
2023-02-13 10:28:23,8,11,2951,8043
2023-02-13 10:29:18,7,11,2951,8043
2023-02-13 10:29:38,7,11,2987,8143
2023-02-13 10:29:42,7,11,2987,8243
2023-02-13 10:29:45,7,11,2987,8343
2023-02-13 10:29:48,8,11,2987,8343
2023-02-13 10:29:49,8,12,2987,8343
2023-02-13 10:29:50,11,12,2987,8343
2023-02-13 10:30:01,9,12,2987,8343
2023-02-13 10:30:22,9,13,2377,8953
2023-02-13 10:30:22,9,12,2377,8953
2023-02-13 10:34:16,9,11,2377,8953
2023-02-13 10:34:20,9,12,2377,8953
2023-02-13 10:37:48,10,12,2377,8953
2023-02-13 10:39:18,9,12,2377,8953
2023-02-13 10:39:30,9,11,2377,8953
2023-02-13 10:40:27,8,11,2377,8953
2023-02-13 10:41:08,8,12,2377,8953
2023-02-13 10:41:35,8,11,2377,8953
2023-02-13 10:41:36,8,12,2377,8953
2023-02-13 10:41:39,8,11,2377,8953
2023-02-13 10:42:08,8,12,2377,8953
2023-02-13 10:42:10,8,11,2377,8953
2023-02-13 10:42:23,8,12,2377,8953
2023-02-13 10:42:35,8,11,2377,8953
2023-02-13 10:43:56,9,11,2377,8953
2023-02-13 10:44:25,8,11,2377,8953
2023-02-13 10:44:55,9,11,2377,8953
2023-02-13 10:46:07,8,11,2377,8953
2023-02-13 10:46:35,8,12,2377,8953
2023-02-13 10:46:57,8,13,2207,9523
2023-02-13 10:46:57,9,13,2207,9523
2023-02-13 10:46:58,10,13,2207,9523
2023-02-13 10:49:12,11,13,2207,9523
2023-02-13 10:49:27,13,14,2227,9543
2023-02-13 10:49:30,12,14,2227,9543
2023-02-13 10:49:40,12,15,2777,10093
2023-02-13 10:49:53,13,15,2777,10093
2023-02-13 10:50:09,14,15,2777,10093
2023-02-13 10:50:11,15,16,2777,10093
2023-02-13 10:50:26,14,16,2777,10093
2023-02-13 10:50:42,14,18,2777,10093
2023-02-13 10:51:16,14,16,2777,10093
2023-02-13 10:51:19,14,18,2777,10093
2023-02-13 10:51:23,14,16,2777,10093
2023-02-13 10:51:27,14,18,2777,10093
2023-02-13 10:51:28,14,16,2777,10093
2023-02-13 10:51:30,14,18,2777,10093
2023-02-13 10:51:47,15,18,2777,10093
2023-02-13 10:53:22,14,18,2777,10093
2023-02-13 10:53:23,16,18,2777,10093
2023-02-13 10:53:40,16,18,2777,10103
2023-02-13 10:53:41,16,18,2777,10114
2023-02-13 10:53:42,16,17,2777,10114
2023-02-13 10:53:45,16,18,2777,10114
2023-02-13 10:53:51,14,18,2777,10114
2023-02-13 10:53:53,15,18,2777,10114
2023-02-13 10:54:21,14,18,2777,10114
2023-02-13 10:54:26,15,18,2777,10114
2023-02-13 10:54:38,14,18,2777,10114
2023-02-13 10:54:52,14,19,2777,10114
2023-02-13 10:55:24,14,18,2777,10114
2023-02-13 10:55:32,16,18,2777,10114
2023-02-13 10:55:50,16,18,2777,10431
2023-02-13 10:55:56,17,18,2777,10431
2023-02-13 10:56:06,17,18,2777,10449
2023-02-13 10:56:25,17,20,2777,10449
2023-02-13 10:56:26,16,20,2777,10449
2023-02-13 10:57:09,16,19,2777,10449
2023-02-13 10:57:58,16,18,2777,10449
2023-02-13 10:58:00,16,19,2777,10449
2023-02-13 10:58:21,14,19,2777,10449
2023-02-13 10:58:21,15,19,2777,10449
2023-02-13 10:59:46,15,17,2777,10449
2023-02-13 11:00:02,15,20,3471,11143
2023-02-13 11:00:02,15,19,3471,11143
2023-02-13 11:00:02,15,18,3471,11143
2023-02-13 11:00:03,17,18,3471,11143
2023-02-13 11:00:03,17,20,3471,11143
2023-02-13 11:00:04,17,19,3471,11143
2023-02-13 11:00:08,17,20,3489,11161
2023-02-13 11:00:09,17,19,3489,11161
2023-02-13 11:00:15,17,20,3527,11199
2023-02-13 11:00:20,17,19,3527,11199
2023-02-13 11:00:28,16,19,3527,11199
2023-02-13 11:00:59,17,19,3527,11199
2023-02-13 11:01:16,16,19,3527,11199
2023-02-13 11:01:37,17,19,3527,11199
2023-02-13 11:01:40,16,19,3527,11199
2023-02-13 11:01:53,16,20,3527,11199
2023-02-13 11:02:12,17,20,3527,11199
2023-02-13 11:02:24,17,19,3527,11199
2023-02-13 11:02:26,16,19,3527,11199
2023-02-13 11:03:08,18,19,3527,11199
2023-02-13 11:03:15,16,19,3527,11199
2023-02-13 11:03:16,17,19,3527,11199
2023-02-13 11:03:17,18,19,3527,11199
2023-02-13 11:03:25,18,20,3527,11199
2023-02-13 11:03:49,17,20,3527,11199
2023-02-13 11:04:27,18,20,3527,11199
2023-02-13 11:04:42,18,19,3527,11199
2023-02-13 11:05:07,17,19,3527,11199
2023-02-13 11:05:14,18,19,3527,11199
2023-02-13 11:05:15,17,19,3527,11199
2023-02-13 11:05:24,18,19,3527,11199
2023-02-13 11:05:31,17,19,3527,11199
2023-02-13 11:05:33,18,19,3527,11199
2023-02-13 11:05:41,17,19,3527,11199
2023-02-13 11:05:43,18,19,3527,11199
2023-02-13 11:05:49,17,19,3527,11199
2023-02-13 11:06:19,18,19,3527,11199
2023-02-13 11:07:14,17,19,3527,11199
2023-02-13 11:07:38,16,19,3527,11199
2023-02-13 11:07:54,15,16,3471,11255
2023-02-13 11:08:03,15,19,3471,11255
2023-02-13 11:08:11,15,18,3471,11255
2023-02-13 11:08:18,14,18,3471,11255
2023-02-13 11:08:33,15,18,3471,11255
2023-02-13 11:09:18,15,19,3471,11255
2023-02-13 11:09:40,15,18,3471,11255
2023-02-13 11:10:23,14,18,3471,11255
2023-02-13 11:10:50,15,18,3471,11255
2023-02-13 11:11:19,14,18,3471,11255
2023-02-13 11:11:47,15,18,3471,11255
2023-02-13 11:11:59,14,18,3471,11255
2023-02-13 11:12:48,14,17,3471,11255
2023-02-13 11:12:48,13,17,3471,11255
2023-02-13 11:13:17,13,18,3471,11255
2023-02-13 11:13:19,15,18,3471,11255
2023-02-13 11:13:47,15,19,3471,11255
2023-02-13 11:14:22,14,19,2806,11920
2023-02-13 11:14:22,14,18,2806,11920
2023-02-13 11:14:38,15,18,2806,11920
2023-02-13 11:14:41,16,18,2806,11920
2023-02-13 11:15:03,16,20,2806,11920
2023-02-13 11:15:11,16,19,2806,11920
2023-02-13 11:15:20,17,19,2806,11920
2023-02-13 11:15:40,17,19,2806,11938
2023-02-13 11:15:50,18,19,2806,11938
2023-02-13 11:16:18,17,19,2806,11938
2023-02-13 11:16:47,18,19,2806,11938
2023-02-13 11:17:10,18,20,2806,11938
2023-02-13 11:17:17,17,20,2806,11938
2023-02-13 11:17:27,17,18,2806,11938
2023-02-13 11:17:47,16,18,2806,11938
2023-02-13 11:21:04,16,19,2806,11938
2023-02-13 11:21:09,16,18,2806,11938
2023-02-13 11:22:11,16,18,2806,11956
2023-02-13 11:22:18,14,18,2806,11956
2023-02-13 11:22:18,15,18,2806,11956
2023-02-13 11:22:20,15,19,2806,11956
2023-02-13 11:23:10,15,17,2806,11956
2023-02-13 11:23:15,15,18,2806,11956
2023-02-13 11:23:18,14,18,2806,11956
2023-02-13 11:23:46,13,18,2806,11956
2023-02-13 11:24:18,14,18,2806,11956
2023-02-13 11:25:47,14,17,2806,11956
2023-02-13 11:26:47,13,17,2806,11956
2023-02-13 11:28:11,13,18,2806,11956
2023-02-13 11:28:19,13,17,2806,11956
2023-02-13 11:28:45,13,16,2806,11956
2023-02-13 11:29:16,14,16,2806,11956
2023-02-13 11:29:23,15,16,2806,11956
2023-02-13 11:30:14,14,16,2806,11956
2023-02-13 11:30:26,14,16,2806,11971
2023-02-13 11:31:46,13,16,2806,11971
2023-02-13 11:32:51,12,16,2806,11971
2023-02-13 11:32:52,12,15,2806,11971
2023-02-13 11:32:52,11,15,2806,11971
2023-02-13 11:34:18,11,16,2806,11971
2023-02-13 11:34:20,11,15,2806,11971
2023-02-13 11:34:29,11,14,2806,11971
2023-02-13 11:36:43,12,14,2806,11971
2023-02-13 11:37:20,12,15,2806,11971
2023-02-13 11:37:47,12,14,2806,11971
2023-02-13 11:38:47,12,13,2806,11971
2023-02-13 11:39:50,12,14,2806,11971
2023-02-13 11:40:24,12,15,2806,11971
2023-02-13 11:41:19,12,16,2806,11971
2023-02-13 11:41:52,13,16,2806,11971
2023-02-13 11:43:09,14,16,2806,11971
2023-02-13 11:43:10,15,16,2806,11971
2023-02-13 11:43:17,15,16,2788,11989
2023-02-13 11:43:36,15,16,2788,12007
2023-02-13 11:43:44,15,18,3267,12486
2023-02-13 11:43:50,16,18,3267,12486
2023-02-13 11:44:02,17,18,3267,12486
2023-02-13 11:44:02,18,20,3252,12501
2023-02-13 11:44:04,17,20,3252,12501
2023-02-13 11:44:18,18,20,3252,12501
2023-02-13 11:44:19,18,19,3252,12501
2023-02-13 11:44:34,18,20,3252,12501
2023-02-13 11:44:35,17,20,2870,12883
2023-02-13 11:44:48,18,20,2870,12883
2023-02-13 11:45:06,18,20,2875,12983
2023-02-13 11:45:18,20,21,2893,13055
2023-02-13 11:45:19,20,22,2893,13055
2023-02-13 11:45:30,20,22,2904,13066
2023-02-13 11:45:30,20,21,2904,13066
2023-02-13 11:45:41,20,23,2954,13116
2023-02-13 11:45:42,20,22,2954,13116
2023-02-13 11:45:52,20,23,2954,13116
2023-02-13 11:45:53,20,22,2954,13116
2023-02-13 11:46:32,20,23,2954,13116
2023-02-13 11:46:41,21,23,2954,13116
2023-02-13 11:46:41,22,23,2954,13116
2023-02-13 11:47:11,22,23,2954,13134
2023-02-13 11:47:15,22,23,3071,13251
2023-02-13 11:48:09,22,25,3071,13251
2023-02-13 11:48:09,22,24,3071,13251
2023-02-13 11:48:29,21,24,3071,13251
2023-02-13 11:48:32,22,24,3071,13251
2023-02-13 11:48:36,21,24,3071,13251
2023-02-13 11:48:39,22,24,3071,13251
2023-02-13 11:48:40,21,24,3071,13251
2023-02-13 11:48:41,22,24,3071,13251
2023-02-13 11:48:42,23,24,3071,13251
2023-02-13 11:48:43,23,24,3080,13260
2023-02-13 11:48:43,22,24,3086,13266
2023-02-13 11:48:45,21,24,3086,13266
2023-02-13 11:49:31,20,24,3086,13266
2023-02-13 11:50:17,20,23,3086,13266
2023-02-13 11:50:22,20,22,3086,13266
2023-02-13 11:50:44,21,22,3086,13266
2023-02-13 11:50:55,19,22,3086,13266
2023-02-13 11:51:05,19,21,3086,13266
2023-02-13 11:51:17,18,21,3086,13266
2023-02-13 11:52:41,17,21,3086,13280
2023-02-13 11:52:45,16,21,3086,13280
2023-02-13 11:52:56,16,20,3086,13280
2023-02-13 11:53:06,16,19,3086,13280
2023-02-13 11:53:18,15,19,3086,13280
2023-02-13 11:53:24,15,20,3086,13280
2023-02-13 11:54:17,15,19,3086,13280
2023-02-13 11:55:06,15,18,3086,13280
2023-02-13 11:55:10,15,19,3086,13280
2023-02-13 11:55:22,15,19,3078,13288
2023-02-13 11:55:27,15,18,3078,13288
2023-02-13 11:55:49,14,18,3078,13288
2023-02-13 11:55:50,14,17,3078,13288
2023-02-13 11:57:17,14,18,3078,13288
2023-02-13 11:57:26,15,18,3078,13288
2023-02-13 11:58:22,15,19,3078,13288
2023-02-13 11:58:22,15,18,3078,13288
2023-02-13 11:58:50,15,19,3078,13288
2023-02-13 11:59:12,16,19,3078,13288
2023-02-13 12:00:24,16,20,3078,13288
2023-02-13 12:00:52,17,20,3078,13288
2023-02-13 12:01:17,16,20,3078,13288
2023-02-13 12:01:49,16,19,3078,13288
2023-02-13 12:02:17,16,21,3078,13288
2023-02-13 12:02:17,16,20,3078,13288
2023-02-13 12:02:40,17,20,3078,13288
2023-02-13 12:02:54,18,20,3078,13288
2023-02-13 12:02:57,17,20,3078,13288
2023-02-13 12:03:20,16,20,3078,13288
2023-02-13 12:03:31,16,21,3078,13288
2023-02-13 12:03:31,17,21,3078,13288
2023-02-13 12:03:49,17,20,3078,13288
2023-02-13 12:04:18,17,21,3078,13288
2023-02-13 12:04:37,16,21,3078,13288
2023-02-13 12:04:42,16,20,3078,13288
2023-02-13 12:05:25,17,20,3078,13288
2023-02-13 12:05:34,16,20,3078,13288
2023-02-13 12:06:04,17,20,3078,13288
2023-02-13 12:06:51,17,21,3078,13288
2023-02-13 12:08:05,18,21,3078,13288
2023-02-13 12:08:47,18,22,3078,13288
2023-02-13 12:08:47,19,22,3078,13288
2023-02-13 12:09:04,18,22,3078,13288
2023-02-13 12:09:18,19,22,3078,13288
2023-02-13 12:09:31,19,23,3078,13288
2023-02-13 12:09:47,18,23,3078,13288
2023-02-13 12:09:58,18,22,3078,13288
2023-02-13 12:10:02,18,21,3078,13288
2023-02-13 12:10:11,18,22,3078,13288
2023-02-13 12:10:46,18,21,3078,13288
2023-02-13 12:10:53,18,22,3078,13288
2023-02-13 12:11:05,18,20,3078,13288
2023-02-13 12:11:20,17,20,3078,13288
2023-02-13 12:11:34,18,20,3078,13288
2023-02-13 12:11:53,18,22,3078,13288
2023-02-13 12:11:59,18,21,3078,13288
2023-02-13 12:12:47,19,21,3078,13288
2023-02-13 12:13:18,18,21,3078,13288
2023-02-13 12:13:48,18,20,3078,13288
2023-02-13 12:13:51,17,20,3078,13288
2023-02-13 12:14:03,16,17,3078,13921
2023-02-13 12:14:19,16,17,3078,13939
2023-02-13 12:14:21,16,19,3078,13939
2023-02-13 12:14:47,16,21,3078,13939
2023-02-13 12:14:48,16,20,3078,13939
2023-02-13 12:15:08,17,20,3078,13939
2023-02-13 12:15:15,18,20,3078,13939
2023-02-13 12:15:20,18,22,3078,13939
2023-02-13 12:15:20,18,21,3078,13939
2023-02-13 12:15:44,19,21,3078,13939
2023-02-13 12:15:48,19,23,3078,13939
2023-02-13 12:15:49,19,22,3078,13939
2023-02-13 12:15:49,19,23,3078,13939
2023-02-13 12:15:49,19,22,3078,13939
2023-02-13 12:16:18,19,23,3078,13939
2023-02-13 12:16:19,19,21,3078,13939
2023-02-13 12:16:26,18,21,3078,13939
2023-02-13 12:16:26,18,22,3078,13939
2023-02-13 12:16:33,18,20,3078,13939
2023-02-13 12:16:42,18,22,3078,13939
2023-02-13 12:16:48,18,21,3078,13939
2023-02-13 12:17:12,18,22,3078,13939
2023-02-13 12:17:46,18,21,3078,13939
2023-02-13 12:18:22,17,21,3078,13939
2023-02-13 12:18:39,19,21,3078,13939
2023-02-13 12:19:11,19,22,3078,13939
2023-02-13 12:19:17,19,23,3078,13939
2023-02-13 12:19:18,19,22,3078,13939
2023-02-13 12:19:18,19,23,3078,13939
2023-02-13 12:20:13,18,23,3078,13939
2023-02-13 12:20:25,18,22,3078,13939
2023-02-13 12:20:37,18,21,3078,13939
2023-02-13 12:21:13,18,22,3078,13939
2023-02-13 12:21:23,17,22,3078,13939
2023-02-13 12:21:48,17,21,3078,13939
2023-02-13 12:22:18,18,21,3078,13939
2023-02-13 12:22:19,18,22,3078,13939
2023-02-13 12:22:33,18,22,3078,13944
2023-02-13 12:22:36,19,22,3078,13944
2023-02-13 12:22:52,19,23,3078,13944
2023-02-13 12:23:31,19,22,3078,13944
2023-02-13 12:23:48,18,22,3078,13944
2023-02-13 12:23:56,19,22,3078,13944
2023-02-13 12:24:13,20,22,3078,13944
2023-02-13 12:24:13,20,23,3078,13944
2023-02-13 12:24:44,19,23,3078,13944
2023-02-13 12:24:50,20,23,3078,13944
2023-02-13 12:25:19,20,22,3078,13944
2023-02-13 12:25:21,18,22,3078,13944
2023-02-13 12:25:21,19,22,3078,13944
2023-02-13 12:25:48,17,22,3078,13944
2023-02-13 12:27:43,17,21,3078,13944
2023-02-13 12:27:55,17,20,3078,13944
2023-02-13 12:28:09,17,21,3078,13944
2023-02-13 12:28:24,16,21,3078,13944
2023-02-13 12:28:41,16,20,3078,13944
2023-02-13 12:29:03,17,20,3078,13944
2023-02-13 12:29:17,17,19,3078,13944
2023-02-13 12:29:45,18,19,3078,13944
2023-02-13 12:29:47,17,19,3078,13944
2023-02-13 12:29:47,17,20,3078,13944
2023-02-13 12:30:25,17,22,3078,13944
2023-02-13 12:30:26,17,21,3078,13944
2023-02-13 12:30:40,17,20,3078,13944
2023-02-13 12:30:40,16,20,3078,13944
2023-02-13 12:30:43,16,21,3078,13944
2023-02-13 12:30:47,17,21,3078,13944
2023-02-13 12:31:10,18,21,3078,13944
2023-02-13 12:31:23,18,20,3078,13944
2023-02-13 12:31:30,16,20,3078,13944
2023-02-13 12:32:20,16,19,3078,13944
2023-02-13 12:32:23,16,20,3078,13944
2023-02-13 12:32:28,16,19,3078,13944
2023-02-13 12:32:31,16,18,3078,13944
2023-02-13 12:32:33,16,19,3078,13944
2023-02-13 12:32:41,16,18,3078,13944
2023-02-13 12:32:47,16,19,3078,13944
2023-02-13 12:32:48,15,19,3078,13944
2023-02-13 12:33:06,16,19,3078,13944
2023-02-13 12:33:12,15,19,3078,13944
2023-02-13 12:33:41,16,19,3078,13944
2023-02-13 12:33:53,15,19,3078,13944
2023-02-13 12:34:16,15,21,3078,13944
2023-02-13 12:34:16,15,20,3078,13944
2023-02-13 12:34:25,17,20,3078,13944
2023-02-13 12:34:47,17,21,3078,13944
2023-02-13 12:35:04,16,21,3078,13944
2023-02-13 12:35:05,16,20,3078,13944
2023-02-13 12:35:10,16,19,3078,13944
2023-02-13 12:35:12,16,20,3078,13944
2023-02-13 12:35:20,17,20,3078,13944
2023-02-13 12:35:21,17,21,3078,13944
2023-02-13 12:35:22,16,21,3078,13944
2023-02-13 12:35:49,16,20,3078,13944
2023-02-13 12:36:47,15,20,3078,13944
2023-02-13 12:37:19,16,20,3078,13944
2023-02-13 12:37:48,16,21,3078,13944
2023-02-13 12:39:13,18,21,3078,13944
2023-02-13 12:39:45,18,22,3078,13944
2023-02-13 12:40:22,18,23,3078,13944
2023-02-13 12:40:46,18,22,3078,13944
2023-02-13 12:41:48,18,23,3078,13944
2023-02-13 12:42:17,19,23,3078,13944
2023-02-13 12:43:02,20,23,3078,13944
2023-02-13 12:43:13,19,23,3078,13944
2023-02-13 12:43:47,18,23,3078,13944
2023-02-13 12:43:47,18,22,3078,13944
2023-02-13 12:44:07,19,22,3078,13944
2023-02-13 12:44:07,19,23,3078,13944
2023-02-13 12:44:17,19,22,3078,13944
2023-02-13 12:44:45,19,23,3078,13944
2023-02-13 12:45:54,18,23,3078,13944
2023-02-13 12:46:05,20,23,3078,13944
2023-02-13 12:46:06,18,23,3078,13944
2023-02-13 12:46:06,19,23,3078,13944
2023-02-13 12:46:08,20,23,3078,13944
2023-02-13 12:46:10,21,23,3078,13944
2023-02-13 12:46:16,20,23,3078,13944
2023-02-13 12:46:18,21,23,3078,13944
2023-02-13 12:46:27,20,23,3078,13944
2023-02-13 12:46:47,20,25,3078,13944
2023-02-13 12:46:58,20,24,3078,13944
2023-02-13 12:47:02,20,25,3078,13944
2023-02-13 12:47:03,21,25,3078,13944
2023-02-13 12:47:22,20,25,3078,13944
2023-02-13 12:47:58,20,24,3078,13944
2023-02-13 12:48:14,20,25,3078,13944
2023-02-13 12:48:18,20,24,3078,13944
2023-02-13 12:48:34,21,24,3078,13944
2023-02-13 12:48:36,20,24,3078,13944
2023-02-13 12:48:40,19,24,3078,13944
2023-02-13 12:48:40,19,23,3078,13944
2023-02-13 12:48:48,20,23,3078,13944
2023-02-13 12:49:19,19,23,3078,13944
2023-02-13 12:50:24,20,23,3078,13944
2023-02-13 12:50:24,20,24,3078,13944
2023-02-13 12:50:54,19,24,3078,13944
2023-02-13 12:51:48,19,23,3078,13944
2023-02-13 12:51:49,18,23,3078,13944
2023-02-13 12:52:15,18,22,3078,13944
2023-02-13 12:52:47,18,23,3078,13944
2023-02-13 12:53:48,19,23,3078,13944
2023-02-13 12:54:16,19,24,3078,13944
2023-02-13 12:54:46,18,24,3078,13944
2023-02-13 12:54:46,19,24,3078,13944
2023-02-13 12:55:19,19,23,3078,13944
2023-02-13 12:55:19,18,23,3078,13944
2023-02-13 12:55:43,18,22,3078,13944
2023-02-13 12:55:45,18,21,3078,13944
2023-02-13 12:56:04,18,22,3078,13944
2023-02-13 12:56:11,18,21,3078,13944
2023-02-13 12:56:16,17,21,3078,13944
2023-02-13 12:56:47,17,20,3078,13944
2023-02-13 12:56:48,16,20,3078,13944
2023-02-13 12:57:15,17,20,3078,13944
2023-02-13 12:58:10,16,20,3078,13944
2023-02-13 12:58:19,16,21,3078,13944
2023-02-13 12:58:35,16,21,3078,13994
2023-02-13 12:58:35,16,20,3078,13994
2023-02-13 12:58:40,16,19,3078,13994
2023-02-13 12:59:19,16,18,3078,13994
2023-02-13 12:59:20,15,18,3078,13994
2023-02-13 12:59:40,15,19,3078,13994
2023-02-13 13:00:42,15,18,3078,13994
2023-02-13 13:00:46,15,17,3078,13994
2023-02-13 13:00:54,14,17,3078,13994
2023-02-13 13:02:03,16,17,3078,13994
2023-02-13 13:02:04,16,19,3078,13994
2023-02-13 13:02:16,17,19,3078,13994
2023-02-13 13:02:39,16,19,3078,13994
2023-02-13 13:02:47,16,20,3078,13994
2023-02-13 13:03:54,16,19,3078,13994
2023-02-13 13:03:54,15,19,3078,13994
2023-02-13 13:04:12,15,18,3078,13994
2023-02-13 13:04:18,14,18,3078,13994
2023-02-13 13:04:27,14,17,3078,13994
2023-02-13 13:04:30,14,18,3078,13994
2023-02-13 13:05:08,14,17,3078,13994
2023-02-13 13:05:25,13,17,3078,13994
2023-02-13 13:05:49,13,16,3078,13994
2023-02-13 13:06:06,12,16,3078,13994
2023-02-13 13:06:20,12,15,3078,13994
2023-02-13 13:06:23,12,16,3078,13994
2023-02-13 13:06:32,12,15,3078,13994
2023-02-13 13:06:46,11,15,3078,13994
2023-02-13 13:07:17,11,14,3078,13994
2023-02-13 13:07:34,12,14,3078,13994
2023-02-13 13:07:51,11,14,3078,13994
2023-02-13 13:07:52,11,15,3078,13994
2023-02-13 13:08:18,11,14,3078,13994
2023-02-13 13:09:52,10,14,3078,13994
2023-02-13 13:10:23,10,13,3078,13994
2023-02-13 13:10:25,11,13,3078,13994
2023-02-13 13:10:58,10,13,3078,13994
2023-02-13 13:11:17,10,14,3078,13994
2023-02-13 13:11:46,10,13,3078,13994
2023-02-13 13:12:30,9,13,3078,13994
2023-02-13 13:13:17,9,12,3078,13994
2023-02-13 13:13:46,9,13,3078,13994
2023-02-13 13:13:54,10,13,3078,13994
2023-02-13 13:14:47,11,13,3078,13994
2023-02-13 13:15:21,11,14,3078,13994
2023-02-13 13:16:09,12,14,3078,13994
2023-02-13 13:16:48,12,15,3078,13994
2023-02-13 13:17:16,12,14,3078,13994
2023-02-13 13:17:16,13,14,3078,13994
2023-02-13 13:17:46,13,15,3078,13994
2023-02-13 13:17:47,13,16,3078,13994
2023-02-13 13:17:50,14,16,3078,13994
2023-02-13 13:18:04,13,16,3078,13994
2023-02-13 13:18:21,13,17,3078,13994
2023-02-13 13:19:17,13,16,3078,13994
2023-02-13 13:19:52,13,17,3078,13994
2023-02-13 13:20:25,13,18,3078,13994
2023-02-13 13:20:25,13,16,3078,13994
2023-02-13 13:20:55,12,16,3078,13994
2023-02-13 13:21:16,12,15,3078,13994
2023-02-13 13:21:25,13,15,3078,13994
2023-02-13 13:21:42,12,15,3078,13994
2023-02-13 13:23:18,12,18,3078,13994
2023-02-13 13:23:18,12,16,3078,13994
2023-02-13 13:23:20,13,16,3078,13994
2023-02-13 13:24:33,12,16,3078,13994
2023-02-13 13:24:47,12,15,3078,13994
2023-02-13 13:25:21,13,15,3078,13994
2023-02-13 13:25:22,14,15,3078,13994
2023-02-13 13:25:47,14,17,3078,13994
2023-02-13 13:25:55,15,17,3078,13994
2023-02-13 13:26:03,16,17,3078,13994
2023-02-13 13:26:13,16,17,3078,14012
2023-02-13 13:26:19,15,17,3078,14012
2023-02-13 13:26:29,16,17,3078,14012
2023-02-13 13:26:46,16,19,3078,14012
2023-02-13 13:27:07,16,20,3078,14012
2023-02-13 13:27:09,16,19,3078,14012
2023-02-13 13:28:10,17,19,3078,14012
2023-02-13 13:28:19,17,21,3078,14012
2023-02-13 13:28:22,17,20,3078,14012
2023-02-13 13:28:30,16,20,3078,14012
2023-02-13 13:28:42,16,19,3078,14012
2023-02-13 13:28:48,16,20,3078,14012
2023-02-13 13:29:29,17,20,3078,14012
2023-02-13 13:29:36,16,20,3078,14012
2023-02-13 13:29:39,16,19,3078,14012
2023-02-13 13:30:02,16,20,3078,14012
2023-02-13 13:30:19,18,20,3078,14012
2023-02-13 13:30:47,18,22,3078,14012
2023-02-13 13:31:02,19,22,3078,14012
2023-02-13 13:31:17,19,23,3078,14012
2023-02-13 13:32:04,19,24,3078,14012
2023-02-13 13:32:28,19,22,3078,14012
2023-02-13 13:32:45,19,23,3078,14012
2023-02-13 13:32:49,20,23,3078,14012
2023-02-13 13:33:03,20,22,3078,14012
2023-02-13 13:33:06,20,23,3078,14012
2023-02-13 13:33:27,21,23,3078,14012
2023-02-13 13:33:27,21,24,3078,14012
2023-02-13 13:33:28,21,25,3078,14012
2023-02-13 13:33:33,21,24,3078,14012
2023-02-13 13:33:36,21,23,3078,14012
2023-02-13 13:33:37,21,24,3078,14012
2023-02-13 13:33:47,22,24,3078,14012
2023-02-13 13:33:51,22,24,3078,14030
2023-02-13 13:33:56,22,23,3078,14030
2023-02-13 13:33:58,22,23,3078,14048
2023-02-13 13:34:03,22,23,3078,14066
2023-02-13 13:34:08,22,24,3078,14066
2023-02-13 13:34:16,21,24,3078,14066
2023-02-13 13:34:22,20,24,3078,14066
2023-02-13 13:34:52,20,23,3078,14066
2023-02-13 13:34:52,19,23,3078,14066
2023-02-13 13:35:14,19,22,3078,14066
2023-02-13 13:35:20,18,22,3078,14066
2023-02-13 13:35:37,19,22,3078,14066
2023-02-13 13:35:47,19,21,3078,14066
2023-02-13 13:36:03,20,21,3078,14066
2023-02-13 13:36:10,19,21,3078,14066
2023-02-13 13:36:12,18,21,3078,14066
2023-02-13 13:36:53,19,21,3078,14066
2023-02-13 13:36:55,18,21,3078,14066
2023-02-13 13:37:03,19,21,3078,14066
2023-02-13 13:37:17,19,20,3078,14066
2023-02-13 13:37:33,18,20,3078,14066
2023-02-13 13:37:54,19,20,3078,14066
2023-02-13 13:39:24,18,20,3078,14066
2023-02-13 13:39:36,19,20,3078,14066
2023-02-13 13:39:51,18,20,3078,14066
2023-02-13 13:40:21,19,20,3078,14066
2023-02-13 13:40:24,19,23,3078,14084
2023-02-13 13:40:24,19,21,3078,14084
2023-02-13 13:40:25,19,20,3078,14084
2023-02-13 13:40:25,19,21,3078,14084
2023-02-13 13:40:25,18,21,3078,14084
2023-02-13 13:40:44,17,21,3078,14084
2023-02-13 13:40:49,17,20,3078,14084
2023-02-13 13:41:16,16,20,3078,14084
2023-02-13 13:41:22,16,19,3078,14084
2023-02-13 13:41:22,15,19,3078,14084
2023-02-13 13:41:35,15,18,3078,14084
2023-02-13 13:42:24,16,18,3078,14084
2023-02-13 13:42:49,16,19,3078,14084
2023-02-13 13:43:11,17,19,3078,14084
2023-02-13 13:43:31,17,18,3078,14084
2023-02-13 13:43:32,17,19,3078,14084
2023-02-13 13:43:50,17,20,3078,14084
2023-02-13 13:43:50,17,19,3078,14084
2023-02-13 13:44:04,16,19,3078,14084
2023-02-13 13:45:18,15,19,3078,14084
2023-02-13 13:45:23,14,19,3078,14084
2023-02-13 13:45:33,15,19,3078,14084
2023-02-13 13:45:39,16,19,3078,14084
2023-02-13 13:45:52,16,18,3078,14084
2023-02-13 13:46:03,17,18,3078,14084
2023-02-13 13:46:04,17,18,3078,14102
2023-02-13 13:46:51,16,18,3078,14102
2023-02-13 13:46:52,16,20,3078,14102
2023-02-13 13:47:02,17,20,3078,14102
2023-02-13 13:47:39,18,20,3078,14102
2023-02-13 13:47:41,17,20,3078,14102
2023-02-13 13:47:47,17,21,3078,14102
2023-02-13 13:47:55,17,20,3078,14102
2023-02-13 13:48:20,18,20,3078,14102
2023-02-13 13:48:21,18,21,3078,14102
2023-02-13 13:48:41,19,21,3078,14102
2023-02-13 13:49:16,19,22,3078,14102
2023-02-13 13:49:17,19,21,3078,14102
2023-02-13 13:49:24,18,21,3078,14102
2023-02-13 13:49:46,17,21,3078,14102
2023-02-13 13:51:23,18,21,3078,14102
2023-02-13 13:51:25,17,21,3078,14102
2023-02-13 13:51:41,18,21,3078,14102
2023-02-13 13:51:42,19,21,3078,14102
2023-02-13 13:51:57,19,23,3506,14530
2023-02-13 13:52:05,18,23,3506,14530
2023-02-13 13:52:08,18,22,3506,14530
2023-02-13 13:52:16,18,21,3506,14530
2023-02-13 13:52:16,17,21,3506,14530
2023-02-13 13:52:18,20,21,3506,14530
2023-02-13 13:52:37,20,23,3506,14530
2023-02-13 13:52:37,20,22,3506,14530
2023-02-13 13:52:38,20,23,3506,14530
2023-02-13 13:52:57,19,23,3506,14530
2023-02-13 13:53:19,19,22,3506,14530
2023-02-13 13:53:44,19,21,3506,14530
2023-02-13 13:53:47,17,21,3506,14530
2023-02-13 13:53:47,18,21,3506,14530
2023-02-13 13:54:17,17,21,3506,14530
2023-02-13 13:54:45,17,20,3506,14530
2023-02-13 13:54:47,17,21,3506,14530
2023-02-13 13:55:02,17,22,3506,14530
2023-02-13 13:55:02,18,22,3506,14530
2023-02-13 13:55:02,18,21,3506,14530
2023-02-13 13:55:03,18,22,3506,14530
2023-02-13 13:55:15,19,22,3506,14530
2023-02-13 13:55:20,19,23,3506,14530
2023-02-13 13:55:21,19,22,3506,14530
2023-02-13 13:55:21,19,21,3506,14530
2023-02-13 13:55:37,20,21,3506,14530
2023-02-13 13:55:47,20,23,3506,14530
2023-02-13 13:55:47,20,24,3506,14530
2023-02-13 13:55:48,20,23,3506,14530
2023-02-13 13:55:56,19,23,3506,14530
2023-02-13 13:56:01,20,23,3506,14530
2023-02-13 13:56:03,19,23,3506,14530
2023-02-13 13:56:06,20,23,3506,14530
2023-02-13 13:56:08,19,23,3506,14530
2023-02-13 13:56:32,20,23,3506,14530
2023-02-13 13:57:03,19,23,3506,14530
2023-02-13 13:57:18,20,23,3506,14530
2023-02-13 13:58:49,21,23,3506,14530
2023-02-13 13:59:29,21,25,3506,14530
2023-02-13 13:59:29,21,24,3506,14530
2023-02-13 14:00:03,22,24,3506,14530
2023-02-13 14:00:03,22,25,3506,14530
2023-02-13 14:00:05,22,24,3506,14530
2023-02-13 14:00:11,21,24,3506,14530
2023-02-13 14:00:13,21,25,3506,14530
2023-02-13 14:00:14,22,25,3506,14530
2023-02-13 14:00:25,22,24,3506,14530
2023-02-13 14:00:32,22,23,3506,14530
2023-02-13 14:00:32,21,23,3506,14530
2023-02-13 14:00:34,21,24,3506,14530
2023-02-13 14:00:41,21,25,3506,14530
2023-02-13 14:00:41,21,24,3506,14530
2023-02-13 14:01:07,23,24,3506,14530
2023-02-13 14:01:12,23,25,3506,14530
2023-02-13 14:01:44,24,25,3506,14530
2023-02-13 14:01:50,23,25,3506,14548
2023-02-13 14:01:59,23,24,3506,14548
2023-02-13 14:02:04,22,23,3511,14553
2023-02-13 14:02:04,22,23,3511,14558
2023-02-13 14:02:04,22,23,3511,14571
2023-02-13 14:02:20,22,25,3511,14571
2023-02-13 14:02:48,23,25,3511,14571
2023-02-13 14:02:51,23,24,3511,14571
2023-02-13 14:02:54,23,24,3511,14589
2023-02-13 14:03:19,21,24,3511,14589
2023-02-13 14:03:19,22,24,3511,14589
2023-02-13 14:03:37,22,23,3511,14589
2023-02-13 14:03:45,22,23,3516,14594
2023-02-13 14:03:47,22,24,3516,14594
2023-02-13 14:04:10,22,23,3516,14594
2023-02-13 14:04:20,21,23,3516,14594
2023-02-13 14:04:30,21,24,3516,14594
2023-02-13 14:05:00,21,23,3516,14594
2023-02-13 14:05:07,21,24,3516,14594
2023-02-13 14:05:13,21,23,3516,14594
2023-02-13 14:05:35,21,22,3516,14594
2023-02-13 14:05:40,21,22,3531,14609
2023-02-13 14:05:45,21,24,3531,14609
2023-02-13 14:05:47,20,24,3531,14609
2023-02-13 14:05:48,20,23,3531,14609
2023-02-13 14:06:03,20,24,3531,14609
2023-02-13 14:06:48,19,24,3531,14609
2023-02-13 14:07:08,19,22,3531,14609
2023-02-13 14:07:23,18,22,3140,15000
2023-02-13 14:07:24,17,22,3140,15000
2023-02-13 14:07:24,17,21,3140,15000
2023-02-13 14:07:29,17,20,3140,15000
2023-02-13 14:07:31,17,21,3140,15000
2023-02-13 14:07:47,17,20,3140,15000
2023-02-13 14:08:05,17,21,3140,15000
2023-02-13 14:08:21,16,21,3140,15000
2023-02-13 14:08:22,16,20,3140,15000
2023-02-13 14:09:46,16,21,3140,15000
2023-02-13 14:10:04,18,21,3140,15000
2023-02-13 14:10:06,17,21,3140,15000
2023-02-13 14:10:14,16,21,3140,15000
2023-02-13 14:10:14,16,20,3140,15000
2023-02-13 14:10:31,17,20,3140,15000
2023-02-13 14:10:31,17,21,3140,15000
2023-02-13 14:10:33,18,21,3140,15000
2023-02-13 14:10:38,17,21,3140,15018
2023-02-13 14:10:38,16,21,3140,15018
2023-02-13 14:10:38,16,20,3140,15018
2023-02-13 14:10:52,15,20,3140,15018
2023-02-13 14:11:13,15,18,3140,15018
2023-02-13 14:11:16,16,18,3140,15018
2023-02-13 14:11:31,14,18,3140,15388
2023-02-13 14:11:49,14,17,3140,15388
2023-02-13 14:11:56,13,17,3140,15388
2023-02-13 14:12:32,14,17,3140,15388
2023-02-13 14:12:32,14,18,3140,15388
2023-02-13 14:12:32,15,18,3140,15388
2023-02-13 14:12:34,14,18,3140,15388
2023-02-13 14:12:39,14,17,3140,15388
2023-02-13 14:12:39,13,17,3140,15388
2023-02-13 14:13:13,13,16,3140,15388
2023-02-13 14:13:13,13,15,3140,15388
2023-02-13 14:13:17,13,16,3140,15388
2023-02-13 14:13:47,12,16,3140,15388
2023-02-13 14:13:56,11,16,3140,15388
2023-02-13 14:13:56,11,15,3140,15388
2023-02-13 14:13:58,11,14,3140,15388
2023-02-13 14:14:09,11,13,3140,15388
2023-02-13 14:14:11,11,14,3140,15388
2023-02-13 14:14:35,11,15,3140,15388
2023-02-13 14:14:46,11,14,3140,15388
2023-02-13 14:15:04,11,15,3140,15388
2023-02-13 14:15:25,11,14,3140,15388
2023-02-13 14:16:13,11,15,3140,15388
2023-02-13 14:16:18,11,14,3140,15388
2023-02-13 14:16:47,11,15,3140,15388
2023-02-13 14:17:07,12,15,3140,15388
2023-02-13 14:17:24,12,16,3458,15706
2023-02-13 14:17:38,12,17,3458,15706
2023-02-13 14:17:38,13,16,3458,15706
2023-02-13 14:17:44,13,15,3458,15706
2023-02-13 14:18:50,12,15,3458,15706
2023-02-13 14:21:45,13,15,3458,15706
2023-02-13 14:21:58,12,15,3458,15706
2023-02-13 14:23:08,11,15,3458,15706
2023-02-13 14:23:15,12,15,3458,15706
2023-02-13 14:23:47,11,15,3458,15706
2023-02-13 14:24:52,11,14,3458,15706
2023-02-13 14:25:21,10,14,3458,15706
2023-02-13 14:25:37,11,14,3458,15706
2023-02-13 14:25:47,11,13,3458,15706
2023-02-13 14:26:15,10,13,3458,15706
2023-02-13 14:26:15,10,14,3458,15706
2023-02-13 14:26:45,10,13,3458,15706
2023-02-13 14:27:16,10,12,3458,15706
2023-02-13 14:27:41,9,12,3458,15706
2023-02-13 14:28:05,10,12,3458,15706
2023-02-13 14:28:06,9,12,3458,15706
2023-02-13 14:28:45,8,12,3458,15706
2023-02-13 14:29:19,8,11,3458,15706
2023-02-13 14:29:48,8,10,3458,15706
2023-02-13 14:29:49,7,10,3458,15706
2023-02-13 14:30:03,6,10,3163,16001
2023-02-13 14:30:07,7,10,3163,16001
2023-02-13 14:30:10,6,10,3163,16001
2023-02-13 14:30:24,6,9,3163,16001
2023-02-13 14:30:25,6,8,3163,16001
2023-02-13 14:30:47,6,9,3163,16001
2023-02-13 14:31:16,6,8,3163,16001
2023-02-13 14:32:16,6,9,3163,16001
2023-02-13 14:33:18,6,8,3163,16001
2023-02-13 14:33:47,6,7,3163,16001
2023-02-13 14:34:19,5,6,3163,16019
2023-02-13 14:34:39,3,6,3133,16049
2023-02-13 14:34:47,3,5,3133,16049
2023-02-13 14:35:18,3,6,3133,16049
2023-02-13 14:36:18,3,7,3133,16049
2023-02-13 14:36:46,3,8,3133,16049
2023-02-13 14:36:47,4,8,3133,16049
2023-02-13 14:37:04,5,8,3133,16049
2023-02-13 14:37:07,4,8,3133,16049
2023-02-13 14:37:15,4,9,3133,16049
2023-02-13 14:37:15,5,9,3133,16049
2023-02-13 14:38:21,5,8,3133,16049
2023-02-13 14:38:48,4,8,3133,16049
2023-02-13 14:39:16,4,7,3133,16049
2023-02-13 14:40:27,3,7,3133,16049
2023-02-13 14:40:49,3,6,3133,16049
2023-02-13 14:42:18,3,7,3133,16049
2023-02-13 14:42:19,3,6,3133,16049
2023-02-13 14:42:52,3,5,3133,16049
2023-02-13 14:43:18,3,4,3133,16049
2023-02-13 14:43:50,3,5,3133,16049
2023-02-13 14:43:51,3,6,3133,16049
2023-02-13 14:44:47,3,5,3133,16049
2023-02-13 14:45:46,3,6,3133,16049
2023-02-13 14:46:17,3,5,3133,16049
2023-02-13 14:47:44,3,6,3133,16049
2023-02-13 14:54:17,3,5,3133,16049
2023-02-13 14:56:16,3,4,3133,16049
2023-02-13 14:57:16,3,6,3133,16049
2023-02-13 14:57:16,3,5,3133,16049
2023-02-13 14:58:18,3,6,3133,16049
2023-02-13 14:58:18,3,5,3133,16049
2023-02-13 14:59:16,3,4,3133,16049
2023-02-13 14:59:46,3,5,3133,16049
2023-02-13 14:59:46,3,6,3133,16049
2023-02-13 15:00:31,4,6,3133,16049
2023-02-13 15:00:47,4,6,3406,16322
2023-02-13 15:00:48,4,5,3406,16322
2023-02-13 15:00:54,3,5,3406,16322
2023-02-13 15:01:36,3,6,3406,16322
2023-02-13 15:01:39,3,5,3406,16322
2023-02-13 15:01:52,3,6,3406,16322
2023-02-13 15:01:53,3,5,3406,16322
2023-02-13 15:01:56,3,6,3406,16322
2023-02-13 15:01:57,3,5,3406,16322
2023-02-13 15:04:17,1,5,3574,16490
2023-02-13 15:06:07,1,4,3574,16490
2023-02-13 15:07:45,1,5,4574,17490
2023-02-13 15:11:46,1,4,4574,17490
2023-02-13 15:14:44,1,5,4574,17490
2023-02-13 15:17:57,1,4,4574,17490
2023-02-13 15:18:53,1,5,4574,17490
2023-02-13 15:21:08,1,6,4574,17490
2023-02-13 15:21:41,1,5,4574,17490
2023-02-13 15:21:42,1,6,4574,17490
2023-02-13 15:21:47,1,5,4574,17490
2023-02-13 15:22:28,3,5,4574,17490
2023-02-13 15:23:16,1,5,4574,17490
2023-02-13 15:25:58,1,5,4584,17500
2023-02-13 15:26:53,1,5,4584,17510
2023-02-13 15:26:54,0,5,4584,17510
2023-02-13 15:26:56,0,1,4584,17510
2023-02-13 15:26:56,0,5,4684,17610
2023-02-13 15:26:58,1,5,4684,17610
2023-02-13 15:27:01,0,5,4684,17610
2023-02-13 15:27:03,1,5,4684,17610
2023-02-13 15:27:06,0,5,4684,17610
2023-02-13 15:27:08,1,5,4684,17610
2023-02-13 15:27:10,0,5,4684,17610
2023-02-13 15:27:13,1,5,4684,17610
2023-02-13 15:27:15,0,5,4684,17610
2023-02-13 15:27:18,1,5,4684,17610
2023-02-13 15:27:21,0,5,4684,17610
2023-02-13 15:27:23,1,5,4684,17610
2023-02-13 15:27:26,0,5,4684,17610
2023-02-13 15:27:28,1,5,4684,17610
2023-02-13 15:27:30,0,5,4684,17610
2023-02-13 15:27:33,1,5,4684,17610
2023-02-13 15:27:35,0,5,4684,17610
2023-02-13 15:27:38,1,5,4684,17610
2023-02-13 15:27:40,0,5,4684,17610
2023-02-13 15:27:42,1,5,4684,17610
2023-02-13 15:27:45,0,5,4684,17610
2023-02-13 15:27:47,1,5,4684,17610
2023-02-13 15:27:49,0,5,4684,17610
2023-02-13 15:27:52,1,5,4684,17610
2023-02-13 15:27:54,0,5,4684,17610
2023-02-13 15:27:57,1,5,4684,17610
2023-02-13 15:27:59,0,5,4684,17610
2023-02-13 15:28:17,0,6,4684,17610
2023-02-13 15:28:20,1,6,4684,17610
2023-02-13 15:28:22,0,6,4684,17610
2023-02-13 15:28:24,1,6,4684,17610
2023-02-13 15:28:27,0,6,4684,17610
2023-02-13 15:28:29,1,6,4684,17610
2023-02-13 15:28:32,0,6,4684,17610
2023-02-13 15:28:33,0,5,4684,17610
2023-02-13 15:28:34,1,5,4684,17610
2023-02-13 15:28:37,0,5,4684,17610
2023-02-13 15:28:39,1,5,4684,17610
2023-02-13 15:28:41,0,5,4684,17610
2023-02-13 15:28:44,1,5,4684,17610
2023-02-13 15:28:46,0,5,4684,17610
2023-02-13 15:28:49,1,5,4684,17610
2023-02-13 15:28:51,0,5,4684,17610
2023-02-13 15:29:08,0,4,4684,17610
2023-02-13 15:29:56,0,5,4684,17610
2023-02-13 15:30:09,1,5,4684,17610
2023-02-13 15:30:11,0,5,4684,17610
2023-02-13 15:30:14,1,5,4684,17610
2023-02-13 15:30:16,0,5,4684,17610
2023-02-13 15:30:18,1,5,4684,17610
2023-02-13 15:30:21,0,5,4684,17610
2023-02-13 15:30:23,1,5,4684,17610
2023-02-13 15:30:26,0,5,4684,17610
2023-02-13 15:30:28,1,5,4684,17610
2023-02-13 15:30:30,0,5,4684,17610
2023-02-13 15:30:33,1,5,4684,17610
2023-02-13 15:30:35,0,5,4684,17610
2023-02-13 15:30:38,1,5,4684,17610
2023-02-13 15:30:40,0,5,4684,17610
2023-02-13 15:30:45,1,5,4684,17610
2023-02-13 15:30:46,1,4,4684,17610
2023-02-13 15:30:48,0,4,4684,17610
2023-02-13 15:30:50,1,4,4684,17610
2023-02-13 15:30:52,0,4,4684,17610
2023-02-13 15:30:55,1,4,4684,17610
2023-02-13 15:30:57,0,4,4684,17610
2023-02-13 15:30:58,0,5,4694,17620
2023-02-13 15:31:00,1,5,4694,17620
2023-02-13 15:31:02,0,5,4694,17620
2023-02-13 15:31:04,1,5,4694,17620
2023-02-13 15:31:06,1,6,4694,17620
2023-02-13 15:31:06,1,5,4694,17620
2023-02-13 15:31:32,1,6,4694,17620
2023-02-13 15:31:32,1,7,4694,17620
2023-02-13 15:31:41,1,6,4694,17620
2023-02-13 15:32:05,1,5,4694,17620
2023-02-13 15:32:16,1,6,4694,17620
2023-02-13 15:32:21,1,5,4694,17620
2023-02-13 15:32:27,1,6,4694,17620
2023-02-13 15:32:29,1,5,4694,17620
2023-02-13 15:32:29,1,6,4694,17620
2023-02-13 15:33:42,1,5,4694,17620
2023-02-13 15:33:43,1,6,4694,17620
2023-02-13 15:33:54,1,5,4694,17620
2023-02-13 15:34:11,1,4,4694,17620
2023-02-13 15:36:03,1,5,4694,17620
2023-02-13 15:36:46,1,4,4694,17620
2023-02-13 15:38:43,1,3,4694,17620
2023-02-13 15:39:14,1,3,4684,17630
2023-02-13 15:39:21,0,3,4684,17630
2023-02-13 15:39:23,1,3,4684,17630
2023-02-13 15:39:25,0,3,4684,17630
2023-02-13 15:39:27,1,3,4684,17630
2023-02-13 15:39:30,0,3,4684,17630
2023-02-13 15:39:32,1,3,4684,17630
2023-02-13 15:39:35,0,3,4684,17630
2023-02-13 15:39:37,1,3,4684,17630
2023-02-13 15:39:39,0,3,4684,17630
2023-02-13 15:39:42,1,3,4684,17630
2023-02-13 15:39:44,0,3,4684,17630
2023-02-13 15:39:47,1,3,4684,17630
2023-02-13 15:39:49,0,3,4684,17630
2023-02-13 15:39:52,1,3,4684,17630
2023-02-13 15:39:54,0,3,4684,17630
2023-02-13 15:39:57,1,3,4684,17630
2023-02-13 15:39:59,0,3,4684,17630
2023-02-13 15:40:02,1,3,4684,17630
2023-02-13 15:40:04,0,3,4684,17630
2023-02-13 15:40:06,1,3,4684,17630
2023-02-13 15:40:09,0,3,4684,17630
2023-02-13 15:40:11,1,3,4684,17630
2023-02-13 15:40:14,0,3,4684,17630
2023-02-13 15:40:16,1,3,4684,17630
2023-02-13 15:40:18,0,3,4684,17630
2023-02-13 15:40:19,0,4,4684,17630
2023-02-13 15:40:21,1,4,4684,17630
2023-02-13 15:40:23,0,4,4684,17630
2023-02-13 15:40:26,1,4,4684,17630
2023-02-13 15:40:28,0,4,4684,17630
2023-02-13 15:40:28,3,4,4684,17630
2023-02-13 15:40:28,3,4,4649,17665
2023-02-13 15:45:24,0,4,4649,17680
2023-02-13 15:46:51,0,2,4649,17680
2023-02-13 15:46:58,0,4,4649,17680
2023-02-13 15:47:38,0,3,4649,17680
2023-02-13 15:48:12,0,4,4649,17680
2023-02-13 15:50:39,0,1,4649,17680
