datetime,bid,ask,open_interest,volume
2023-07-05 09:30:06,34,42,432,432
2023-07-05 09:31:00,46,49,510,510
2023-07-05 09:31:38,46,48,510,510
2023-07-05 09:34:31,47,48,510,510
2023-07-05 09:34:46,46,48,510,510
2023-07-05 09:34:47,46,48,535,610
2023-07-05 09:34:48,46,49,535,610
2023-07-05 09:34:54,48,49,535,610
2023-07-05 09:35:16,46,49,535,610
2023-07-05 09:35:16,48,49,535,610
2023-07-05 09:35:26,46,49,535,610
2023-07-05 09:35:40,47,49,535,610
2023-07-05 09:36:01,47,48,535,610
2023-07-05 09:36:22,46,48,535,610
2023-07-05 09:37:45,46,49,552,630
2023-07-05 09:37:52,46,48,552,630
2023-07-05 09:39:58,45,48,552,630
2023-07-05 09:39:58,46,48,552,630
2023-07-05 09:40:08,46,48,802,880
2023-07-05 09:40:09,46,49,802,880
2023-07-05 09:40:11,46,48,802,880
2023-07-05 09:40:12,46,49,1002,1080
2023-07-05 09:40:16,46,48,1002,1080
2023-07-05 09:40:19,46,49,1202,1280
2023-07-05 09:40:20,46,48,1202,1280
2023-07-05 09:40:22,46,49,1206,1284
2023-07-05 09:40:24,46,49,1456,1534
2023-07-05 09:40:25,47,49,1456,1534
2023-07-05 09:40:26,47,49,1706,1784
2023-07-05 09:41:02,48,49,1706,1784
2023-07-05 09:41:02,48,49,1656,1834
2023-07-05 09:41:12,48,49,1606,1884
2023-07-05 09:41:15,47,49,1606,1884
2023-07-05 09:41:19,47,48,1606,1884
2023-07-05 09:41:19,47,48,1606,1899
2023-07-05 09:41:20,48,49,1456,2049
2023-07-05 09:41:20,47,49,1456,2114
2023-07-05 09:41:20,47,49,1406,2164
2023-07-05 09:41:21,46,49,1406,2299
2023-07-05 09:41:21,46,48,1406,2299
2023-07-05 09:41:21,48,49,1406,2364
2023-07-05 09:41:21,48,49,1406,2429
2023-07-05 09:41:22,47,48,1374,2499
2023-07-05 09:41:23,46,48,1374,2499
2023-07-05 09:41:28,47,48,1374,2499
2023-07-05 09:41:28,47,49,1374,2499
2023-07-05 09:41:28,47,48,1374,2499
2023-07-05 09:41:29,46,48,1374,2499
2023-07-05 09:41:30,47,48,1374,2499
2023-07-05 09:41:31,46,48,1374,2499
2023-07-05 09:41:32,47,48,1374,2499
2023-07-05 09:41:36,46,48,1374,2499
2023-07-05 09:41:38,46,49,1374,2499
2023-07-05 09:41:43,47,49,1374,2499
2023-07-05 09:41:43,46,49,1374,2699
2023-07-05 09:41:46,47,49,1374,2699
2023-07-05 09:41:46,46,49,1374,2899
2023-07-05 09:41:48,47,49,1374,2899
2023-07-05 09:41:52,46,49,1386,2949
2023-07-05 09:41:54,47,49,1386,2949
2023-07-05 09:41:55,46,49,1386,2949
2023-07-05 09:41:58,46,48,1386,2949
2023-07-05 09:42:03,47,48,1386,2949
2023-07-05 09:42:03,46,48,1538,3149
2023-07-05 09:42:35,46,47,1538,3149
2023-07-05 09:42:39,47,48,1576,3199
2023-07-05 09:42:40,46,48,1576,3199
2023-07-05 09:42:51,46,47,1576,3199
2023-07-05 09:42:56,45,47,1576,3199
2023-07-05 09:43:00,44,47,1576,3199
2023-07-05 09:43:00,44,48,1576,3199
2023-07-05 09:43:00,44,47,1576,3199
2023-07-05 09:43:03,44,46,1576,3199
2023-07-05 09:43:09,44,47,1576,3199
2023-07-05 09:43:10,45,47,1576,3199
2023-07-05 09:43:16,44,47,1576,3199
2023-07-05 09:43:17,45,47,1576,3199
2023-07-05 09:43:35,46,47,1576,3199
2023-07-05 09:44:31,45,47,1576,3232
2023-07-05 09:44:44,45,46,1576,3232
2023-07-05 09:44:54,44,46,1576,3265
2023-07-05 09:45:03,45,46,1576,3265
2023-07-05 09:45:06,44,46,1576,3265
2023-07-05 09:45:12,45,46,1576,3265
2023-07-05 09:45:15,45,46,1761,3450
2023-07-05 09:45:27,44,46,1761,3450
2023-07-05 09:45:52,44,46,1761,3470
2023-07-05 09:46:09,44,46,1723,3720
2023-07-05 09:46:09,43,46,1723,3720
2023-07-05 09:46:10,43,45,1723,3720
2023-07-05 09:46:12,43,46,1723,3720
2023-07-05 09:46:20,44,46,1723,3720
2023-07-05 09:46:24,43,46,1723,3720
2023-07-05 09:46:24,44,46,1723,3720
2023-07-05 09:46:28,43,46,1773,3770
2023-07-05 09:46:32,44,46,1773,3770
2023-07-05 09:47:06,43,46,1773,3770
2023-07-05 09:47:06,44,46,1773,3770
2023-07-05 09:47:29,45,46,1773,3770
2023-07-05 09:47:45,46,47,1803,3800
2023-07-05 09:47:45,46,47,1833,3830
2023-07-05 09:47:45,46,47,1863,3860
2023-07-05 09:47:51,46,47,1883,3880
2023-07-05 09:48:47,47,48,1893,3890
2023-07-05 09:49:04,46,48,1893,3890
2023-07-05 09:49:08,47,48,1893,3890
2023-07-05 09:49:34,47,48,1933,3930
2023-07-05 09:49:38,46,48,1933,3930
2023-07-05 09:49:50,45,48,1933,3930
2023-07-05 09:49:57,45,47,1933,3930
2023-07-05 09:50:06,44,47,1933,3930
2023-07-05 09:50:06,45,47,1933,3930
2023-07-05 09:50:13,45,46,1933,3930
2023-07-05 09:50:20,44,45,1903,3960
2023-07-05 09:50:20,43,45,1903,3960
2023-07-05 09:50:20,44,45,1903,3960
2023-07-05 09:50:22,43,45,1903,3960
2023-07-05 09:50:39,43,46,1903,3960
2023-07-05 09:50:41,44,46,1903,3960
2023-07-05 09:50:56,45,46,1903,3960
2023-07-05 09:51:08,44,46,1903,3960
2023-07-05 09:51:58,44,45,1903,3960
2023-07-05 09:52:01,44,46,1903,3960
2023-07-05 09:52:45,45,46,1903,3960
2023-07-05 09:52:50,44,46,1903,3960
2023-07-05 09:53:16,44,45,1903,3960
2023-07-05 09:53:27,43,45,1903,3990
2023-07-05 09:54:11,42,45,1953,4070
2023-07-05 09:54:12,42,44,1953,4070
2023-07-05 09:54:27,43,44,1953,4070
2023-07-05 09:54:33,44,45,1983,4100
2023-07-05 09:54:48,43,45,1983,4100
2023-07-05 09:55:18,44,45,1983,4100
2023-07-05 09:55:39,43,45,1983,4100
2023-07-05 09:55:39,44,45,1983,4100
2023-07-05 09:55:49,43,45,1983,4100
2023-07-05 09:55:51,44,45,1983,4100
2023-07-05 09:56:07,43,45,1983,4100
2023-07-05 09:56:08,44,45,1983,4100
2023-07-05 09:56:15,43,45,1983,4100
2023-07-05 09:56:24,42,45,1983,4100
2023-07-05 09:56:24,43,45,1983,4100
2023-07-05 09:56:25,43,44,1983,4100
2023-07-05 09:56:26,43,45,1983,4100
2023-07-05 09:56:26,42,45,1983,4100
2023-07-05 09:56:33,43,45,1983,4100
2023-07-05 09:56:37,44,45,1983,4100
2023-07-05 09:56:40,42,45,1983,4100
2023-07-05 09:56:40,43,45,1983,4100
2023-07-05 09:56:48,42,45,1983,4100
2023-07-05 09:56:49,43,45,1983,4100
2023-07-05 09:57:29,44,45,1983,4100
2023-07-05 09:57:32,43,45,1983,4100
2023-07-05 09:57:32,44,45,1983,4100
2023-07-05 09:57:58,45,46,2013,4130
2023-07-05 09:58:07,44,46,2013,4130
2023-07-05 09:58:07,45,46,2013,4130
2023-07-05 09:58:25,44,46,2013,4130
2023-07-05 09:58:25,45,46,2013,4130
2023-07-05 09:58:26,44,46,2013,4130
2023-07-05 09:58:58,45,46,2013,4130
2023-07-05 09:59:20,44,46,2013,4130
2023-07-05 09:59:35,43,46,2013,4130
2023-07-05 09:59:35,44,46,2013,4130
2023-07-05 09:59:44,45,46,2013,4130
2023-07-05 09:59:57,43,46,2013,4130
2023-07-05 09:59:57,44,46,2013,4130
2023-07-05 10:00:01,42,46,2013,4130
2023-07-05 10:00:01,44,46,2013,4130
2023-07-05 10:00:24,43,46,2013,4130
2023-07-05 10:00:24,45,46,2013,4130
2023-07-05 10:00:51,44,46,2013,4130
2023-07-05 10:00:51,45,46,2013,4130
2023-07-05 10:00:58,44,46,2013,4130
2023-07-05 10:00:58,45,46,2013,4130
2023-07-05 10:01:07,43,46,2013,4130
2023-07-05 10:01:07,44,46,2013,4130
2023-07-05 10:01:19,43,46,2013,4130
2023-07-05 10:01:19,44,46,2013,4130
2023-07-05 10:01:26,43,46,2013,4130
2023-07-05 10:01:26,45,46,2013,4130
2023-07-05 10:01:32,44,46,2013,4130
2023-07-05 10:01:32,45,46,2013,4130
2023-07-05 10:01:36,44,46,2013,4130
2023-07-05 10:01:36,45,46,2013,4130
2023-07-05 10:01:49,45,46,2238,4355
2023-07-05 10:01:55,44,46,2238,4355
2023-07-05 10:01:56,45,46,2238,4355
2023-07-05 10:01:57,44,46,2238,4355
2023-07-05 10:01:59,44,46,2313,4430
2023-07-05 10:02:03,45,46,2313,4430
2023-07-05 10:02:06,44,46,2313,4430
2023-07-05 10:02:11,45,46,2313,4430
2023-07-05 10:02:13,43,46,2313,4430
2023-07-05 10:02:13,44,46,2313,4430
2023-07-05 10:02:23,42,46,2313,4430
2023-07-05 10:02:23,43,46,2313,4430
2023-07-05 10:02:26,43,45,2313,4430
2023-07-05 10:02:28,43,44,2313,4430
2023-07-05 10:02:29,42,44,2313,4430
2023-07-05 10:02:29,43,44,2313,4430
2023-07-05 10:02:31,42,44,2313,4430
2023-07-05 10:02:35,43,44,2313,4430
2023-07-05 10:02:43,42,44,2313,4430
2023-07-05 10:02:43,43,44,2313,4430
2023-07-05 10:02:55,44,46,2321,4438
2023-07-05 10:03:05,43,46,2321,4438
2023-07-05 10:03:12,43,45,2321,4438
2023-07-05 10:04:11,43,44,2321,4438
2023-07-05 10:04:30,43,45,2321,4438
2023-07-05 10:04:34,43,44,2321,4438
2023-07-05 10:04:35,43,45,2321,4438
2023-07-05 10:04:37,43,44,2321,4438
2023-07-05 10:04:38,43,45,2321,4438
2023-07-05 10:04:51,44,45,2321,4438
2023-07-05 10:04:58,43,45,2321,4438
2023-07-05 10:05:05,44,45,2321,4438
2023-07-05 10:05:07,43,45,2321,4438
2023-07-05 10:05:07,44,45,2321,4438
2023-07-05 10:05:32,43,45,2321,4438
2023-07-05 10:05:32,44,45,2321,4438
2023-07-05 10:06:01,45,46,2325,4442
2023-07-05 10:06:22,43,46,2325,4442
2023-07-05 10:06:23,44,46,2325,4442
2023-07-05 10:06:58,43,46,2325,4442
2023-07-05 10:07:12,43,45,2325,4442
2023-07-05 10:07:16,43,44,2325,4442
2023-07-05 10:07:17,43,45,2325,4442
2023-07-05 10:07:19,43,44,2325,4442
2023-07-05 10:07:20,43,45,2325,4442
2023-07-05 10:07:22,43,44,2325,4442
2023-07-05 10:07:30,43,45,2325,4442
2023-07-05 10:08:09,43,46,2325,4442
2023-07-05 10:08:19,43,45,2325,4442
2023-07-05 10:08:32,43,44,2325,4442
2023-07-05 10:08:33,43,45,2325,4442
2023-07-05 10:08:38,43,44,2325,4442
2023-07-05 10:09:06,43,45,2325,4442
2023-07-05 10:09:50,43,46,2325,4442
2023-07-05 10:09:50,44,46,2325,4442
2023-07-05 10:09:55,45,46,2325,4442
2023-07-05 10:10:10,44,46,2325,4442
2023-07-05 10:10:31,45,46,2325,4442
2023-07-05 10:10:45,45,46,2725,4842
2023-07-05 10:10:46,45,47,2725,5202
2023-07-05 10:10:47,46,47,2725,5202
2023-07-05 10:10:49,46,48,2725,5202
2023-07-05 10:10:51,46,47,2725,5202
2023-07-05 10:10:52,47,48,2755,5232
2023-07-05 10:11:07,45,47,2755,5352
2023-07-05 10:11:08,45,48,2755,5352
2023-07-05 10:11:12,46,48,2755,5352
2023-07-05 10:11:15,45,48,2755,5352
2023-07-05 10:11:22,46,48,2755,5352
2023-07-05 10:11:22,47,48,2755,5352
2023-07-05 10:11:31,46,48,2755,5352
2023-07-05 10:11:34,47,48,2755,5352
2023-07-05 10:11:50,46,48,2755,5352
2023-07-05 10:11:50,47,48,2755,5352
2023-07-05 10:11:57,46,47,2755,5502
2023-07-05 10:11:58,46,48,2755,5502
2023-07-05 10:12:03,46,47,2755,5502
2023-07-05 10:12:05,45,47,2755,5502
2023-07-05 10:12:13,45,46,2755,5502
2023-07-05 10:12:18,45,47,2755,5502
2023-07-05 10:12:21,45,46,2755,5502
2023-07-05 10:12:42,45,47,2755,5502
2023-07-05 10:12:43,45,46,2755,5502
2023-07-05 10:13:02,44,45,2725,5607
2023-07-05 10:13:03,44,46,2725,5607
2023-07-05 10:13:21,44,47,2725,5607
2023-07-05 10:13:24,45,47,2725,5607
2023-07-05 10:13:54,45,46,2725,5607
2023-07-05 10:13:55,45,47,2725,5607
2023-07-05 10:14:05,45,46,2725,5607
2023-07-05 10:14:07,45,47,2725,5607
2023-07-05 10:14:31,45,46,2725,5607
2023-07-05 10:15:03,44,45,2695,5712
2023-07-05 10:15:04,44,46,2695,5712
2023-07-05 10:15:12,44,45,2695,5712
2023-07-05 10:15:14,44,46,2695,5712
2023-07-05 10:15:15,44,45,2695,5712
2023-07-05 10:15:18,44,46,2695,5712
2023-07-05 10:15:19,44,45,2695,5712
2023-07-05 10:15:20,44,46,2695,5712
2023-07-05 10:15:29,44,45,2695,5712
2023-07-05 10:15:37,44,46,2695,5712
2023-07-05 10:15:50,44,45,2695,5712
2023-07-05 10:16:07,43,45,2541,5912
2023-07-05 10:16:10,41,45,2541,5912
2023-07-05 10:16:10,42,45,2541,5912
2023-07-05 10:16:10,42,44,2541,5912
2023-07-05 10:16:13,42,43,2541,5912
2023-07-05 10:16:14,40,42,2541,6062
2023-07-05 10:16:15,40,43,2541,6062
2023-07-05 10:16:16,41,43,2541,6062
2023-07-05 10:16:25,40,43,2616,6137
2023-07-05 10:16:31,41,43,2616,6137
2023-07-05 10:16:39,41,42,2616,6137
2023-07-05 10:16:48,41,42,2841,6362
2023-07-05 10:16:55,41,42,3041,6562
2023-07-05 10:17:00,41,43,3041,6667
2023-07-05 10:17:02,41,43,3116,6742
2023-07-05 10:17:07,41,43,3341,6967
2023-07-05 10:17:10,42,43,3341,6967
2023-07-05 10:17:28,41,43,3341,6967
2023-07-05 10:17:28,42,43,3341,6967
2023-07-05 10:17:31,41,43,3341,6967
2023-07-05 10:18:13,42,43,3341,6967
2023-07-05 10:18:26,41,43,3341,6967
2023-07-05 10:18:26,42,43,3341,6967
2023-07-05 10:18:48,41,43,3341,6967
2023-07-05 10:18:48,42,43,3341,6967
2023-07-05 10:19:07,41,43,3341,6967
2023-07-05 10:19:31,41,42,3341,6967
2023-07-05 10:20:32,40,42,3341,6997
2023-07-05 10:20:54,41,42,3341,6997
2023-07-05 10:21:37,40,42,3341,6997
2023-07-05 10:21:43,40,41,3341,6997
2023-07-05 10:22:33,40,41,3441,7157
2023-07-05 10:22:33,40,41,3591,7307
2023-07-05 10:22:53,39,41,3591,7307
2023-07-05 10:22:53,40,41,3591,7307
2023-07-05 10:23:17,39,41,3591,7307
2023-07-05 10:23:18,40,41,3591,7307
2023-07-05 10:23:32,39,41,3591,7307
2023-07-05 10:23:32,40,41,3591,7307
2023-07-05 10:23:41,39,41,3591,7307
2023-07-05 10:23:41,40,41,3591,7307
2023-07-05 10:24:02,39,41,3591,7307
2023-07-05 10:24:02,41,42,3706,7422
2023-07-05 10:24:18,40,42,3706,7422
2023-07-05 10:24:18,41,42,3706,7422
2023-07-05 10:24:27,42,43,3736,7452
2023-07-05 10:24:31,41,43,3736,7452
2023-07-05 10:24:31,41,43,3766,7527
2023-07-05 10:24:48,42,43,3766,7527
2023-07-05 10:24:57,41,43,3766,7527
2023-07-05 10:24:57,41,42,3766,7527
2023-07-05 10:25:25,42,43,3766,7582
2023-07-05 10:25:48,41,43,3766,7582
2023-07-05 10:26:23,42,43,3766,7582
2023-07-05 10:26:24,41,43,3766,7582
2023-07-05 10:27:03,41,42,3766,7582
2023-07-05 10:27:14,40,41,3736,7612
2023-07-05 10:27:15,40,42,3736,7612
2023-07-05 10:27:26,40,41,3736,7612
2023-07-05 10:27:45,40,41,4111,7987
2023-07-05 10:28:04,40,41,4261,8137
2023-07-05 10:28:08,40,41,4561,8437
2023-07-05 10:28:17,40,41,4636,8512
2023-07-05 10:28:20,41,43,4736,8612
2023-07-05 10:28:26,42,43,4736,8612
2023-07-05 10:28:32,41,43,4736,8612
2023-07-05 10:28:32,42,43,4736,8612
2023-07-05 10:28:36,41,43,4736,8612
2023-07-05 10:28:39,42,43,4736,8612
2023-07-05 10:28:43,41,43,4736,8612
2023-07-05 10:29:03,42,43,4736,8612
2023-07-05 10:29:05,42,44,4736,8616
2023-07-05 10:29:21,41,44,4736,8616
2023-07-05 10:29:21,42,44,4736,8616
2023-07-05 10:29:51,41,44,4736,8616
2023-07-05 10:30:04,41,43,4736,8616
2023-07-05 10:30:09,41,42,4736,8616
2023-07-05 10:30:11,41,43,4736,8616
2023-07-05 10:30:24,41,42,4736,8616
2023-07-05 10:30:32,41,43,4736,8616
2023-07-05 10:30:34,41,42,4736,8616
2023-07-05 10:30:36,40,41,4702,8650
2023-07-05 10:30:36,40,41,4702,8680
2023-07-05 10:32:07,40,41,4705,8683
2023-07-05 10:32:57,39,41,4705,8687
2023-07-05 10:33:07,39,40,4705,8687
2023-07-05 10:34:52,40,41,4725,8707
2023-07-05 10:34:57,39,41,4725,8707
2023-07-05 10:35:06,39,40,4725,8707
2023-07-05 10:35:07,39,41,4725,8707
2023-07-05 10:35:08,39,40,4725,8707
2023-07-05 10:35:22,38,39,4665,8767
2023-07-05 10:35:23,38,40,4665,8767
2023-07-05 10:35:25,38,39,4665,8767
2023-07-05 10:35:52,37,39,4765,8887
2023-07-05 10:35:56,37,38,4765,8887
2023-07-05 10:35:56,36,38,4815,8937
2023-07-05 10:36:03,37,38,4815,8937
2023-07-05 10:36:03,37,38,4978,9100
2023-07-05 10:36:05,37,39,4978,9100
2023-07-05 10:36:36,38,39,4978,9100
2023-07-05 10:37:00,36,39,4978,9100
2023-07-05 10:37:00,37,39,4978,9100
2023-07-05 10:37:03,37,38,4978,9100
2023-07-05 10:37:10,36,38,4978,9100
2023-07-05 10:37:10,37,38,4978,9100
2023-07-05 10:37:25,38,39,4998,9120
2023-07-05 10:37:33,36,39,4998,9120
2023-07-05 10:37:33,37,39,4998,9120
2023-07-05 10:37:49,37,38,4998,9120
2023-07-05 10:38:03,38,39,5001,9123
2023-07-05 10:38:32,36,39,5001,9123
2023-07-05 10:38:32,37,39,5001,9123
2023-07-05 10:38:41,37,38,5001,9123
2023-07-05 10:38:51,35,38,5001,9123
2023-07-05 10:38:51,36,38,5001,9123
2023-07-05 10:38:55,36,37,5001,9123
2023-07-05 10:38:59,35,37,5001,9123
2023-07-05 10:39:00,36,37,5001,9123
2023-07-05 10:39:18,36,38,5001,9123
2023-07-05 10:39:26,37,38,5001,9123
2023-07-05 10:39:32,36,38,5001,9123
2023-07-05 10:39:32,38,39,5004,9126
2023-07-05 10:39:32,38,39,5040,9162
2023-07-05 10:39:49,36,39,5040,9162
2023-07-05 10:39:49,37,39,5040,9162
2023-07-05 10:39:54,37,38,5040,9162
2023-07-05 10:39:56,37,39,5040,9162
2023-07-05 10:40:14,37,38,5040,9162
2023-07-05 10:40:22,36,38,5040,9162
2023-07-05 10:40:22,37,38,5040,9162
2023-07-05 10:40:35,36,38,5040,9162
2023-07-05 10:40:35,37,38,5040,9162
2023-07-05 10:41:32,36,38,5040,9162
2023-07-05 10:41:36,37,38,5040,9162
2023-07-05 10:41:47,36,38,5040,9162
2023-07-05 10:41:47,38,39,5043,9165
2023-07-05 10:41:58,37,39,5043,9165
2023-07-05 10:41:59,38,39,5043,9165
2023-07-05 10:42:20,37,39,5043,9165
2023-07-05 10:42:20,37,39,5063,9315
2023-07-05 10:42:24,38,39,5063,9315
2023-07-05 10:42:28,38,40,5063,9315
2023-07-05 10:42:31,38,39,5063,9315
2023-07-05 10:42:37,37,39,5063,9315
2023-07-05 10:42:37,38,39,5063,9315
2023-07-05 10:43:26,38,40,5066,9318
2023-07-05 10:43:38,39,40,5066,9318
2023-07-05 10:43:43,38,40,5066,9318
2023-07-05 10:43:43,39,40,5066,9318
2023-07-05 10:43:49,38,40,5066,9318
2023-07-05 10:43:49,39,40,5066,9318
2023-07-05 10:44:05,39,41,5086,9338
2023-07-05 10:44:07,40,41,5086,9338
2023-07-05 10:44:18,39,41,5086,9338
2023-07-05 10:44:18,40,41,5086,9338
2023-07-05 10:44:22,40,42,5086,9358
2023-07-05 10:44:22,41,42,5086,9358
2023-07-05 10:44:23,41,43,5086,9358
2023-07-05 10:44:26,40,43,5086,9358
2023-07-05 10:44:26,42,43,5086,9358
2023-07-05 10:44:33,41,43,5086,9358
2023-07-05 10:44:34,42,43,5086,9358
2023-07-05 10:44:40,40,43,5086,9358
2023-07-05 10:44:40,41,43,5086,9358
2023-07-05 10:44:41,41,42,5086,9358
2023-07-05 10:44:41,41,43,5053,9391
2023-07-05 10:44:42,41,42,5053,9391
2023-07-05 10:44:44,40,42,5053,9391
2023-07-05 10:44:44,41,42,5053,9391
2023-07-05 10:45:08,40,42,5053,9391
2023-07-05 10:45:08,41,42,5053,9391
2023-07-05 10:45:36,40,42,5053,9391
2023-07-05 10:46:11,41,42,5053,9391
2023-07-05 10:46:18,41,43,5053,9411
2023-07-05 10:46:18,42,43,5053,9411
2023-07-05 10:46:52,42,45,5050,9434
2023-07-05 10:46:52,43,45,5050,9434
2023-07-05 10:46:53,43,46,5050,9434
2023-07-05 10:46:53,43,45,5050,9434
2023-07-05 10:46:55,44,45,5050,9434
2023-07-05 10:46:59,43,45,5050,9434
2023-07-05 10:46:59,44,45,5050,9434
2023-07-05 10:47:01,44,47,5050,9454
2023-07-05 10:47:32,45,47,5050,9454
2023-07-05 10:47:44,46,47,5050,9454
2023-07-05 10:47:45,46,48,5050,9494
2023-07-05 10:47:48,46,49,4825,9719
2023-07-05 10:47:52,45,49,4825,9719
2023-07-05 10:47:53,45,48,4825,9719
2023-07-05 10:48:05,47,48,4825,9719
2023-07-05 10:48:09,46,48,4825,9719
2023-07-05 10:48:09,48,49,4845,9739
2023-07-05 10:48:09,48,49,4895,9789
2023-07-05 10:48:10,48,50,4895,9789
2023-07-05 10:48:16,48,50,4931,9825
2023-07-05 10:48:17,47,50,4931,9825
2023-07-05 10:48:17,49,50,4931,9825
2023-07-05 10:48:22,47,50,4931,9825
2023-07-05 10:48:22,46,50,4931,9825
2023-07-05 10:48:22,48,50,4931,9825
2023-07-05 10:48:25,47,50,4931,9825
2023-07-05 10:48:25,49,50,4931,9825
2023-07-05 10:48:31,49,50,4971,9865
2023-07-05 10:48:32,47,50,4971,9865
2023-07-05 10:48:32,49,50,4971,9865
2023-07-05 10:48:48,47,50,4971,9865
2023-07-05 10:48:48,48,50,4971,9865
2023-07-05 10:48:57,47,50,4971,9865
2023-07-05 10:48:57,48,50,4971,9865
2023-07-05 10:49:19,47,50,4971,9865
2023-07-05 10:49:26,47,49,4971,9865
2023-07-05 10:49:27,46,49,4971,9865
2023-07-05 10:49:28,47,49,4971,9865
2023-07-05 10:49:41,46,49,4971,9865
2023-07-05 10:49:41,46,48,4971,9865
2023-07-05 10:50:02,46,49,4971,9865
2023-07-05 10:50:02,46,48,4971,9865
2023-07-05 10:50:05,46,49,4971,9865
2023-07-05 10:50:14,46,48,4971,9865
2023-07-05 10:50:42,44,46,4951,10035
2023-07-05 10:50:42,45,46,4951,10035
2023-07-05 10:50:44,45,47,4951,10035
2023-07-05 10:51:02,45,48,4951,10035
2023-07-05 10:51:02,45,46,4951,10035
2023-07-05 10:51:06,45,47,4951,10035
2023-07-05 10:51:06,45,46,4951,10035
2023-07-05 10:51:06,45,46,4951,10055
2023-07-05 10:51:06,43,45,4951,10085
2023-07-05 10:51:08,44,45,4951,10085
2023-07-05 10:51:58,43,45,4951,10085
2023-07-05 10:51:58,44,45,4951,10085
2023-07-05 10:52:05,45,48,4974,10108
2023-07-05 10:52:05,45,47,4974,10108
2023-07-05 10:52:17,43,47,4974,10108
2023-07-05 10:52:17,44,47,4974,10108
2023-07-05 10:52:39,43,47,4974,10108
2023-07-05 10:52:39,44,47,4974,10108
2023-07-05 10:52:39,44,46,4974,10108
2023-07-05 10:52:47,44,47,4974,10108
2023-07-05 10:52:47,45,47,4974,10108
2023-07-05 10:52:52,44,47,4974,10108
2023-07-05 10:52:52,44,46,4974,10108
2023-07-05 10:52:55,44,47,4974,10108
2023-07-05 10:53:16,45,47,4974,10108
2023-07-05 10:53:32,44,47,4974,10108
2023-07-05 10:53:38,43,47,4974,10108
2023-07-05 10:53:39,44,47,4974,10108
2023-07-05 10:53:39,44,46,4974,10108
2023-07-05 10:54:38,43,46,4974,10108
2023-07-05 10:54:38,44,46,4974,10108
2023-07-05 10:54:52,43,46,4974,10108
2023-07-05 10:54:52,43,45,4974,10108
2023-07-05 10:55:27,43,44,4974,10108
2023-07-05 10:55:39,43,45,4974,10108
2023-07-05 10:55:43,43,44,4974,10108
2023-07-05 10:55:50,42,44,4961,10121
2023-07-05 10:55:51,42,43,4961,10121
2023-07-05 10:55:56,40,43,4961,10121
2023-07-05 10:56:12,40,44,4961,10121
2023-07-05 10:56:12,41,44,4961,10121
2023-07-05 10:56:15,41,43,4961,10121
2023-07-05 10:56:36,41,44,4961,10121
2023-07-05 10:56:37,41,43,4961,10121
2023-07-05 10:56:47,41,44,4961,10121
2023-07-05 10:56:54,41,43,4961,10121
2023-07-05 10:57:33,40,43,4961,10121
2023-07-05 10:57:33,40,41,4961,10121
2023-07-05 10:57:33,40,43,4961,10121
2023-07-05 10:57:39,40,42,4961,10121
2023-07-05 10:57:41,40,41,4961,10121
2023-07-05 10:57:51,39,41,4961,10161
2023-07-05 10:58:33,39,40,4961,10161
2023-07-05 10:58:39,38,40,4961,10211
2023-07-05 10:58:54,38,39,4961,10211
2023-07-05 10:58:54,37,39,4961,10251
2023-07-05 10:58:59,36,39,4961,10251
2023-07-05 10:59:22,37,39,4961,10251
2023-07-05 10:59:22,37,40,4961,10251
2023-07-05 10:59:22,37,39,4961,10251
2023-07-05 10:59:25,37,40,4961,10251
2023-07-05 10:59:25,38,40,4961,10251
2023-07-05 10:59:30,37,40,5036,10326
2023-07-05 10:59:31,37,39,5036,10326
2023-07-05 10:59:46,37,40,5036,10326
2023-07-05 10:59:46,38,40,5036,10326
2023-07-05 10:59:59,37,40,5036,10349
2023-07-05 11:00:00,37,39,5036,10349
2023-07-05 11:00:02,36,39,5336,10672
2023-07-05 11:00:12,36,38,5336,10672
2023-07-05 11:00:26,36,39,5336,10672
2023-07-05 11:00:36,36,38,5336,10672
2023-07-05 11:01:02,36,39,5336,10672
2023-07-05 11:01:12,37,39,5336,10672
2023-07-05 11:01:20,38,39,5336,10672
2023-07-05 11:01:31,39,42,5376,10712
2023-07-05 11:01:31,39,41,5376,10712
2023-07-05 11:01:36,40,41,5376,10712
2023-07-05 11:02:03,39,41,5376,10712
2023-07-05 11:02:15,38,41,5376,10712
2023-07-05 11:02:23,38,40,5376,10712
2023-07-05 11:02:24,37,40,5376,10712
2023-07-05 11:02:24,38,40,5376,10712
2023-07-05 11:02:32,37,40,5376,10712
2023-07-05 11:02:42,37,39,5376,10712
2023-07-05 11:02:44,37,40,5376,10712
2023-07-05 11:02:45,37,39,5376,10712
2023-07-05 11:02:54,37,40,5376,10712
2023-07-05 11:02:54,38,40,5376,10712
2023-07-05 11:03:00,37,40,5376,10712
2023-07-05 11:03:01,37,39,5376,10712
2023-07-05 11:03:12,37,40,5376,10712
2023-07-05 11:03:12,38,40,5376,10712
2023-07-05 11:04:06,39,40,5376,10712
2023-07-05 11:04:36,38,40,5376,10712
2023-07-05 11:04:41,37,40,5376,10712
2023-07-05 11:04:51,38,40,5376,10712
2023-07-05 11:05:02,39,40,5376,10712
2023-07-05 11:05:07,38,40,5376,10712
2023-07-05 11:05:37,37,40,5376,10712
2023-07-05 11:05:40,37,39,5376,10712
2023-07-05 11:06:10,37,40,5376,10712
2023-07-05 11:06:10,37,39,5376,10712
2023-07-05 11:06:22,38,39,5376,10712
2023-07-05 11:06:32,37,39,5376,10712
2023-07-05 11:07:18,37,38,5376,10712
2023-07-05 11:07:31,37,39,5376,10712
2023-07-05 11:07:31,37,38,5376,10712
2023-07-05 11:07:50,37,39,5376,10712
2023-07-05 11:08:07,37,38,5376,10712
2023-07-05 11:08:24,36,38,5376,10752
2023-07-05 11:08:33,36,37,5376,10752
2023-07-05 11:09:03,36,39,5376,10752
2023-07-05 11:09:04,36,38,5376,10752
2023-07-05 11:09:24,36,39,5376,10752
2023-07-05 11:09:24,36,38,5376,10752
2023-07-05 11:09:24,37,38,5376,10752
2023-07-05 11:09:29,37,39,5376,10752
2023-07-05 11:09:29,38,39,5376,10752
2023-07-05 11:09:58,37,39,5376,10752
2023-07-05 11:10:03,38,39,5376,10752
2023-07-05 11:10:10,39,40,5379,10755
2023-07-05 11:10:16,40,42,5399,10775
2023-07-05 11:10:23,39,42,5399,10775
2023-07-05 11:10:26,39,41,5399,10775
2023-07-05 11:11:01,38,41,5399,10775
2023-07-05 11:11:01,38,40,5399,10775
2023-07-05 11:11:21,38,39,5399,10775
2023-07-05 11:11:25,37,39,5399,10795
2023-07-05 11:11:26,35,39,5399,10795
2023-07-05 11:11:27,36,39,5399,10795
2023-07-05 11:11:27,36,38,5399,10795
2023-07-05 11:11:44,36,39,5399,10795
2023-07-05 11:11:52,36,38,5399,10795
2023-07-05 11:11:58,36,39,5399,10795
2023-07-05 11:12:01,37,39,5399,10795
2023-07-05 11:12:04,37,40,5399,10795
2023-07-05 11:12:15,38,40,5399,10795
2023-07-05 11:12:58,38,41,5399,10795
2023-07-05 11:12:59,39,41,5399,10795
2023-07-05 11:13:11,40,41,5399,10795
2023-07-05 11:13:21,41,43,5419,10815
2023-07-05 11:13:24,40,43,5419,10815
2023-07-05 11:13:32,40,42,5419,10815
2023-07-05 11:13:33,39,42,5419,10815
2023-07-05 11:13:33,40,42,5419,10815
2023-07-05 11:13:36,39,42,5419,10815
2023-07-05 11:13:42,39,43,5419,10815
2023-07-05 11:13:47,40,43,5419,10815
2023-07-05 11:14:19,41,43,5419,10815
2023-07-05 11:14:25,40,43,5419,10815
2023-07-05 11:14:31,39,43,5419,10815
2023-07-05 11:14:31,40,43,5419,10815
2023-07-05 11:14:40,40,42,5419,10815
2023-07-05 11:14:44,39,42,5419,10815
2023-07-05 11:14:44,39,41,5419,10815
2023-07-05 11:14:52,39,40,5419,10815
2023-07-05 11:15:02,38,40,5419,10815
2023-07-05 11:15:14,38,41,5419,10815
2023-07-05 11:15:14,38,40,5419,10815
2023-07-05 11:15:21,38,41,5419,10815
2023-07-05 11:15:21,39,41,5419,10815
2023-07-05 11:15:32,39,42,5419,10815
2023-07-05 11:15:32,39,41,5419,10815
2023-07-05 11:15:40,40,41,5419,10815
2023-07-05 11:15:41,40,42,5419,10815
2023-07-05 11:15:53,39,42,5419,10815
2023-07-05 11:15:53,40,42,5419,10815
2023-07-05 11:16:06,39,42,5419,10815
2023-07-05 11:16:06,39,41,5419,10815
2023-07-05 11:16:33,39,40,5419,10815
2023-07-05 11:16:43,39,41,5419,10815
2023-07-05 11:16:43,39,40,5419,10815
2023-07-05 11:17:01,39,42,5419,10815
2023-07-05 11:17:01,39,41,5419,10815
2023-07-05 11:17:06,39,42,5419,10815
2023-07-05 11:17:16,40,42,5419,10815
2023-07-05 11:17:24,41,42,5419,10815
2023-07-05 11:17:27,42,43,5439,10835
2023-07-05 11:17:43,43,45,5459,10855
2023-07-05 11:17:49,44,45,5459,10855
2023-07-05 11:17:53,44,46,5479,10885
2023-07-05 11:17:55,44,47,5479,10885
2023-07-05 11:17:55,44,46,5479,10885
2023-07-05 11:18:01,43,46,5479,10885
2023-07-05 11:18:02,44,46,5479,10885
2023-07-05 11:18:07,43,46,5479,10885
2023-07-05 11:18:07,43,45,5479,10885
2023-07-05 11:18:17,42,45,5479,10885
2023-07-05 11:18:39,42,44,5479,10885
2023-07-05 11:18:45,43,44,5479,10885
2023-07-05 11:18:52,43,46,5479,10885
2023-07-05 11:18:52,44,46,5479,10885
2023-07-05 11:18:59,42,46,5479,10885
2023-07-05 11:18:59,43,46,5479,10885
2023-07-05 11:19:04,44,46,5479,10885
2023-07-05 11:19:08,43,46,5479,10885
2023-07-05 11:19:08,45,46,5479,10885
2023-07-05 11:19:18,46,47,5499,10905
2023-07-05 11:19:28,44,47,5499,10905
2023-07-05 11:19:28,45,47,5499,10905
2023-07-05 11:19:40,44,47,5499,10905
2023-07-05 11:19:51,44,46,5499,10905
2023-07-05 11:19:56,44,45,5499,10905
2023-07-05 11:20:06,44,47,5499,10905
2023-07-05 11:20:28,45,47,5499,10905
2023-07-05 11:20:30,44,47,5499,10905
2023-07-05 11:20:30,45,47,5499,10905
2023-07-05 11:20:34,44,47,5499,10905
2023-07-05 11:20:37,45,47,5499,10905
2023-07-05 11:20:47,44,47,5499,10905
2023-07-05 11:20:47,46,47,5499,10905
2023-07-05 11:20:51,44,47,5499,10905
2023-07-05 11:20:51,45,47,5499,10905
2023-07-05 11:21:02,44,47,5499,10905
2023-07-05 11:21:09,44,46,5499,10905
2023-07-05 11:21:18,44,45,5499,10905
2023-07-05 11:21:26,44,45,5499,10915
2023-07-05 11:21:52,44,46,5499,10915
2023-07-05 11:21:53,44,45,5499,10915
2023-07-05 11:22:25,43,45,5499,10915
2023-07-05 11:22:28,43,44,5499,10915
2023-07-05 11:22:54,42,44,5499,10915
2023-07-05 11:23:02,42,45,5499,10915
2023-07-05 11:23:03,42,44,5499,10915
2023-07-05 11:23:46,42,45,5499,10915
2023-07-05 11:23:46,42,44,5499,10915
2023-07-05 11:23:46,42,45,5499,10915
2023-07-05 11:23:53,42,45,5499,10915
2023-07-05 11:23:53,42,44,5499,10915
2023-07-05 11:24:02,42,45,5499,10915
2023-07-05 11:24:02,42,44,5499,10915
2023-07-05 11:24:59,42,45,5499,10915
2023-07-05 11:24:59,42,44,5499,10915
2023-07-05 11:25:08,42,45,5499,10915
2023-07-05 11:25:08,43,45,5499,10915
2023-07-05 11:25:14,42,45,5499,10915
2023-07-05 11:25:14,42,44,5499,10915
2023-07-05 11:25:20,42,45,5499,10915
2023-07-05 11:25:20,43,45,5499,10915
2023-07-05 11:25:32,43,46,5499,10915
2023-07-05 11:25:34,43,45,5499,10915
2023-07-05 11:25:47,43,44,5499,10915
2023-07-05 11:26:01,43,45,5499,10915
2023-07-05 11:26:06,43,46,5499,10915
2023-07-05 11:26:06,44,46,5499,10915
2023-07-05 11:26:06,44,45,5499,10915
2023-07-05 11:26:06,44,45,5504,10920
2023-07-05 11:26:06,44,45,5509,10925
2023-07-05 11:26:06,44,46,5509,10925
2023-07-05 11:26:13,43,46,5509,10925
2023-07-05 11:26:13,43,45,5509,10925
2023-07-05 11:26:23,43,46,5509,10925
2023-07-05 11:26:24,44,46,5509,10925
2023-07-05 11:26:53,44,45,5509,10925
2023-07-05 11:26:53,43,45,5509,10925
2023-07-05 11:27:51,43,44,5509,10925
2023-07-05 11:27:53,43,44,5509,10935
2023-07-05 11:27:54,42,44,5489,10955
2023-07-05 11:28:09,42,43,5489,10955
2023-07-05 11:28:19,41,43,5489,10955
2023-07-05 11:28:19,41,44,5489,10955
2023-07-05 11:28:27,41,43,5489,10955
2023-07-05 11:28:39,41,44,5489,10955
2023-07-05 11:28:41,41,43,5489,10955
2023-07-05 11:28:54,41,44,5489,10955
2023-07-05 11:29:06,42,44,5489,10955
2023-07-05 11:29:21,41,44,5489,10955
2023-07-05 11:29:29,41,43,5489,10955
2023-07-05 11:29:52,41,44,5489,10955
2023-07-05 11:29:57,42,44,5489,10955
2023-07-05 11:30:12,43,44,5489,10955
2023-07-05 11:30:13,42,44,5489,10955
2023-07-05 11:30:34,41,44,5489,10955
2023-07-05 11:30:37,42,44,5489,10955
2023-07-05 11:30:46,41,44,5489,10955
2023-07-05 11:30:52,41,43,5489,10955
2023-07-05 11:31:09,41,42,5489,10955
2023-07-05 11:31:13,40,41,5439,11005
2023-07-05 11:31:22,39,41,5514,11120
2023-07-05 11:31:23,39,40,5514,11120
2023-07-05 11:31:26,37,40,5514,11120
2023-07-05 11:32:08,37,39,5514,11120
2023-07-05 11:32:42,37,40,5514,11120
2023-07-05 11:32:42,38,40,5514,11120
2023-07-05 11:33:55,38,39,5514,11120
2023-07-05 11:34:01,38,40,5514,11120
2023-07-05 11:34:10,38,41,5514,11120
2023-07-05 11:34:51,38,40,5514,11120
2023-07-05 11:35:04,39,40,5514,11120
2023-07-05 11:35:14,38,40,5589,11205
2023-07-05 11:35:47,38,41,5589,11205
2023-07-05 11:35:47,39,41,5589,11205
2023-07-05 11:35:47,40,41,5589,11205
2023-07-05 11:36:06,40,43,5589,11208
2023-07-05 11:36:06,41,43,5589,11208
2023-07-05 11:36:06,42,43,5589,11208
2023-07-05 11:36:13,41,43,5589,11208
2023-07-05 11:36:21,42,43,5589,11208
2023-07-05 11:36:26,41,43,5589,11208
2023-07-05 11:36:34,40,43,5589,11208
2023-07-05 11:36:41,39,43,5589,11208
2023-07-05 11:36:47,41,43,5589,11208
2023-07-05 11:36:51,39,43,5589,11208
2023-07-05 11:36:51,42,43,5589,11208
2023-07-05 11:37:15,39,43,5589,11208
2023-07-05 11:37:15,41,43,5589,11208
2023-07-05 11:37:15,41,42,5589,11208
2023-07-05 11:37:30,39,42,5589,11208
2023-07-05 11:37:30,41,42,5589,11208
2023-07-05 11:37:37,40,42,5589,11208
2023-07-05 11:37:37,42,43,5609,11228
2023-07-05 11:37:49,40,43,5609,11228
2023-07-05 11:37:49,41,43,5609,11228
2023-07-05 11:38:03,40,43,5609,11228
2023-07-05 11:38:03,42,43,5609,11228
2023-07-05 11:38:36,40,43,5609,11228
2023-07-05 11:38:36,42,43,5609,11228
2023-07-05 11:38:57,41,43,5609,11228
2023-07-05 11:38:57,42,43,5609,11228
2023-07-05 11:39:55,41,43,5609,11228
2023-07-05 11:39:58,42,43,5609,11228
2023-07-05 11:40:10,41,43,5609,11228
2023-07-05 11:40:26,40,43,5609,11228
2023-07-05 11:40:28,41,43,5609,11228
2023-07-05 11:40:36,42,43,5609,11228
2023-07-05 11:40:44,40,43,5659,11278
2023-07-05 11:40:46,39,43,5659,11278
2023-07-05 11:40:46,41,43,5659,11278
2023-07-05 11:40:48,41,42,5659,11278
2023-07-05 11:40:48,39,42,5709,11328
2023-07-05 11:40:53,39,40,5709,11328
2023-07-05 11:41:00,38,40,5709,11328
2023-07-05 11:41:00,38,41,5709,11328
2023-07-05 11:41:00,39,41,5709,11328
2023-07-05 11:41:00,39,40,5709,11328
2023-07-05 11:41:09,38,40,5759,11410
2023-07-05 11:41:21,39,40,5759,11410
2023-07-05 11:41:54,38,40,5884,11535
2023-07-05 11:41:56,37,40,5884,11535
2023-07-05 11:41:57,39,40,5884,11535
2023-07-05 11:41:58,37,40,5909,11560
2023-07-05 11:42:00,38,40,5909,11560
2023-07-05 11:42:04,39,40,5909,11560
2023-07-05 11:42:06,39,40,5929,11580
2023-07-05 11:42:10,39,41,5929,11630
2023-07-05 11:42:20,40,41,5929,11630
2023-07-05 11:42:36,41,43,5949,11650
2023-07-05 11:43:30,40,43,5949,11650
2023-07-05 11:43:30,40,41,5949,11650
2023-07-05 11:43:38,39,41,5949,11650
2023-07-05 11:43:38,39,42,5949,11650
2023-07-05 11:43:38,40,42,5949,11650
2023-07-05 11:43:38,40,41,5949,11650
2023-07-05 11:43:53,41,43,5952,11653
2023-07-05 11:44:06,41,42,5952,11653
2023-07-05 11:44:06,39,42,5952,11653
2023-07-05 11:44:06,40,42,5952,11653
2023-07-05 11:44:06,40,41,5952,11653
2023-07-05 11:44:17,39,41,5952,11653
2023-07-05 11:44:17,40,41,5952,11653
2023-07-05 11:44:22,39,41,5952,11653
2023-07-05 11:44:22,39,40,5952,11653
2023-07-05 11:44:32,39,41,5952,11653
2023-07-05 11:44:32,39,40,5952,11653
2023-07-05 11:44:36,39,41,5952,11653
2023-07-05 11:44:36,39,40,5952,11653
2023-07-05 11:44:56,39,41,5952,11653
2023-07-05 11:44:56,39,40,5952,11653
2023-07-05 11:45:24,38,39,5929,11676
2023-07-05 11:46:14,37,38,5909,11696
2023-07-05 11:46:23,37,40,5909,11696
2023-07-05 11:46:23,38,40,5909,11696
2023-07-05 11:46:23,38,39,5909,11696
2023-07-05 11:46:33,37,39,5909,11696
2023-07-05 11:46:33,38,39,5909,11696
2023-07-05 11:46:37,37,39,5909,11696
2023-07-05 11:46:37,39,41,5929,11716
2023-07-05 11:46:37,39,40,5929,11716
2023-07-05 11:46:38,37,40,5979,11766
2023-07-05 11:46:39,37,39,5979,11766
2023-07-05 11:46:43,37,40,5979,11766
2023-07-05 11:46:47,37,38,5979,11766
2023-07-05 11:47:11,37,39,5979,11766
2023-07-05 11:47:11,37,41,5979,11766
2023-07-05 11:47:11,37,40,5979,11766
2023-07-05 11:47:11,37,41,5979,11766
2023-07-05 11:47:11,38,41,5979,11766
2023-07-05 11:47:11,38,39,5979,11766
2023-07-05 11:47:54,37,39,5979,11766
2023-07-05 11:47:54,39,41,5982,11769
2023-07-05 11:47:54,39,40,5982,11769
2023-07-05 11:47:56,37,40,5982,11769
2023-07-05 11:47:56,38,40,5982,11769
2023-07-05 11:47:56,38,39,5982,11769
2023-07-05 11:48:01,39,41,5985,11772
2023-07-05 11:48:01,39,40,5985,11772
2023-07-05 11:48:10,40,41,6005,11792
2023-07-05 11:48:20,38,41,6005,11792
2023-07-05 11:48:20,39,41,6005,11792
2023-07-05 11:48:20,39,40,6005,11792
2023-07-05 11:49:02,40,41,6008,11795
2023-07-05 11:49:05,39,41,6008,11795
2023-07-05 11:49:05,40,41,6008,11795
2023-07-05 11:49:19,41,43,6028,11815
2023-07-05 11:49:39,40,43,6028,11815
2023-07-05 11:49:39,41,43,6028,11815
2023-07-05 11:49:53,39,43,6028,11815
2023-07-05 11:49:53,40,43,6028,11815
2023-07-05 11:49:53,40,41,6028,11815
2023-07-05 11:50:27,41,43,6031,11818
2023-07-05 11:50:33,40,43,6031,11818
2023-07-05 11:50:33,42,43,6031,11818
2023-07-05 11:50:52,41,43,6031,11818
2023-07-05 11:50:53,42,43,6031,11818
2023-07-05 11:51:18,42,44,6051,11838
2023-07-05 11:51:35,43,44,6051,11838
2023-07-05 11:51:38,43,45,6051,11858
2023-07-05 11:51:38,44,45,6051,11858
2023-07-05 11:51:53,43,45,6051,11858
2023-07-05 11:51:59,44,45,6051,11858
2023-07-05 11:52:03,44,46,6051,11878
2023-07-05 11:52:53,43,46,6051,11878
2023-07-05 11:53:32,43,45,6051,11878
2023-07-05 11:54:02,43,46,6051,11878
2023-07-05 11:55:23,44,46,6051,11878
2023-07-05 11:55:43,43,46,6051,11878
2023-07-05 11:55:43,44,46,6051,11878
2023-07-05 11:55:43,44,45,6051,11878
2023-07-05 11:55:51,43,45,6051,11878
2023-07-05 11:55:51,43,46,6051,11878
2023-07-05 11:55:51,45,46,6051,11878
2023-07-05 11:56:18,44,46,6051,11878
2023-07-05 11:56:18,45,46,6051,11878
2023-07-05 11:56:28,46,47,6071,11898
2023-07-05 11:56:42,46,48,6001,11988
2023-07-05 11:56:43,47,48,6001,11988
2023-07-05 11:56:52,45,48,6001,11988
2023-07-05 11:56:52,46,48,6001,11988
2023-07-05 11:56:52,46,47,6001,11988
2023-07-05 11:56:59,47,48,6004,12026
2023-07-05 11:56:59,47,48,6029,12051
2023-07-05 11:56:59,47,48,6054,12076
2023-07-05 11:57:04,47,50,6074,12111
2023-07-05 11:57:05,47,50,6074,12146
2023-07-05 11:57:14,48,50,6074,12146
2023-07-05 11:57:16,50,51,6094,12166
2023-07-05 11:57:24,50,53,6094,12166
2023-07-05 11:57:24,51,53,6094,12166
2023-07-05 11:57:24,51,52,6094,12166
2023-07-05 11:57:25,50,52,6094,12166
2023-07-05 11:57:25,50,53,6094,12166
2023-07-05 11:57:25,52,53,6094,12166
2023-07-05 11:57:26,52,53,6114,12186
2023-07-05 11:57:31,49,53,6114,12186
2023-07-05 11:57:31,52,53,6114,12186
2023-07-05 11:57:35,49,53,6114,12186
2023-07-05 11:57:36,49,52,6114,12186
2023-07-05 11:57:38,48,52,6114,12186
2023-07-05 11:57:45,48,51,6114,12186
2023-07-05 11:58:03,48,50,6114,12186
2023-07-05 11:58:32,48,51,6114,12186
2023-07-05 11:58:38,50,51,6114,12186
2023-07-05 11:58:50,48,51,6114,12186
2023-07-05 11:58:50,48,52,6114,12186
2023-07-05 11:58:50,51,52,6114,12186
2023-07-05 11:58:57,50,52,6114,12291
2023-07-05 11:58:57,50,51,6114,12291
2023-07-05 11:59:13,50,53,6114,12291
2023-07-05 11:59:13,50,53,6094,12311
2023-07-05 11:59:15,49,53,6094,12311
2023-07-05 11:59:15,51,53,6094,12311
2023-07-05 11:59:15,51,52,6094,12311
2023-07-05 11:59:37,49,52,6094,12311
2023-07-05 11:59:38,51,52,6094,12311
2023-07-05 11:59:49,49,52,6094,12311
2023-07-05 11:59:49,51,52,6094,12311
2023-07-05 12:00:06,50,52,6094,12311
2023-07-05 12:00:06,52,53,6114,12331
2023-07-05 12:00:10,50,53,6114,12331
2023-07-05 12:00:10,51,53,6114,12331
2023-07-05 12:00:10,51,52,6114,12331
2023-07-05 12:00:33,54,55,6137,12404
2023-07-05 12:00:40,52,55,6137,12436
2023-07-05 12:00:48,53,55,6137,12436
2023-07-05 12:00:49,55,56,6157,12456
2023-07-05 12:00:51,53,56,6157,12506
2023-07-05 12:00:52,55,56,6157,12506
2023-07-05 12:00:53,55,56,6202,12551
2023-07-05 12:00:53,53,56,6202,12576
2023-07-05 12:00:56,55,56,6202,12576
2023-07-05 12:01:01,53,56,6202,12681
2023-07-05 12:01:02,55,56,6202,12681
2023-07-05 12:01:06,53,56,6202,12716
2023-07-05 12:01:07,54,56,6202,12716
2023-07-05 12:01:07,54,55,6202,12716
2023-07-05 12:01:18,53,55,6202,12716
2023-07-05 12:01:18,53,56,6202,12716
2023-07-05 12:01:19,54,56,6202,12716
2023-07-05 12:01:19,54,55,6202,12716
2023-07-05 12:01:25,53,55,6202,12716
2023-07-05 12:01:25,54,55,6202,12716
2023-07-05 12:01:36,53,55,6202,12716
2023-07-05 12:01:36,54,55,6202,12716
2023-07-05 12:01:41,54,56,6062,12859
2023-07-05 12:01:49,53,56,6062,12859
2023-07-05 12:01:49,54,56,6062,12859
2023-07-05 12:01:49,54,55,6062,12859
2023-07-05 12:01:57,53,55,6062,12859
2023-07-05 12:01:57,53,54,6062,12859
2023-07-05 12:02:02,53,55,5922,12999
2023-07-05 12:02:03,53,54,5922,12999
2023-07-05 12:02:06,53,55,5922,12999
2023-07-05 12:02:06,54,55,5922,12999
2023-07-05 12:02:09,53,55,5922,12999
2023-07-05 12:02:10,53,54,5922,12999
2023-07-05 12:02:15,53,55,5887,13034
2023-07-05 12:02:22,53,56,5887,13037
2023-07-05 12:02:29,55,56,5887,13037
2023-07-05 12:02:35,53,56,5887,13037
2023-07-05 12:02:36,55,56,5887,13037
2023-07-05 12:02:46,53,56,5887,13037
2023-07-05 12:02:46,55,56,5887,13037
2023-07-05 12:02:59,53,56,5887,13107
2023-07-05 12:02:59,53,55,5887,13107
2023-07-05 12:02:59,53,54,5887,13107
2023-07-05 12:03:01,54,55,5957,13177
2023-07-05 12:03:04,53,55,5957,13177
2023-07-05 12:03:04,54,55,5957,13177
2023-07-05 12:03:04,54,55,5977,13197
2023-07-05 12:03:10,53,55,5977,13212
2023-07-05 12:03:18,53,54,5977,13212
2023-07-05 12:03:27,51,54,5977,13317
2023-07-05 12:03:33,52,54,5977,13317
2023-07-05 12:03:33,52,53,5977,13317
2023-07-05 12:03:52,52,53,5951,13353
2023-07-05 12:03:53,51,52,5951,13378
2023-07-05 12:03:54,51,53,5951,13378
2023-07-05 12:03:54,51,52,5951,13378
2023-07-05 12:03:56,51,52,5905,13424
2023-07-05 12:03:56,51,52,5940,13459
2023-07-05 12:04:13,50,52,5940,13459
2023-07-05 12:04:13,52,54,5960,13479
2023-07-05 12:04:15,50,54,5960,13494
2023-07-05 12:04:22,51,54,5960,13494
2023-07-05 12:04:26,52,54,5960,13494
2023-07-05 12:04:26,52,53,5960,13494
2023-07-05 12:04:40,51,53,5960,13494
2023-07-05 12:04:41,53,54,5980,13514
2023-07-05 12:04:41,51,54,5980,13529
2023-07-05 12:04:53,52,54,5980,13529
2023-07-05 12:04:53,52,53,5980,13529
2023-07-05 12:04:56,50,53,5980,13529
2023-07-05 12:04:57,51,53,5980,13529
2023-07-05 12:04:57,51,52,5980,13529
2023-07-05 12:05:13,51,53,5980,13529
2023-07-05 12:05:13,51,52,5980,13529
2023-07-05 12:05:18,51,53,5980,13529
2023-07-05 12:05:18,51,52,5980,13529
2023-07-05 12:05:24,51,53,5980,13529
2023-07-05 12:05:24,51,52,5980,13529
2023-07-05 12:05:28,51,53,5980,13529
2023-07-05 12:05:28,52,53,5980,13529
2023-07-05 12:05:40,51,53,5980,13529
2023-07-05 12:05:40,51,52,5980,13529
2023-07-05 12:05:55,51,53,5980,13529
2023-07-05 12:05:55,52,53,5980,13529
2023-07-05 12:06:08,51,53,5980,13599
2023-07-05 12:06:09,51,52,5980,13599
2023-07-05 12:06:25,51,53,5980,13599
2023-07-05 12:06:25,51,52,5980,13599
2023-07-05 12:06:30,51,53,5980,13599
2023-07-05 12:06:31,52,53,5980,13599
2023-07-05 12:06:35,51,53,5980,13599
2023-07-05 12:06:36,51,52,5980,13599
2023-07-05 12:06:49,51,53,5980,13599
2023-07-05 12:06:49,51,52,5980,13599
2023-07-05 12:07:06,51,53,5980,13599
2023-07-05 12:07:06,51,52,5980,13599
2023-07-05 12:07:15,51,53,5980,13599
2023-07-05 12:07:15,50,51,5960,13619
2023-07-05 12:07:29,50,53,5960,13619
2023-07-05 12:07:29,50,52,5960,13619
2023-07-05 12:07:29,52,53,6000,13659
2023-07-05 12:07:46,50,53,6000,13669
2023-07-05 12:07:49,51,53,6000,13669
2023-07-05 12:07:49,51,52,6000,13669
2023-07-05 12:07:53,50,52,6000,13669
2023-07-05 12:07:53,50,53,6000,13669
2023-07-05 12:07:53,50,51,6000,13669
2023-07-05 12:07:59,50,52,6000,13669
2023-07-05 12:07:59,50,51,6000,13669
2023-07-05 12:08:21,50,53,6000,13669
2023-07-05 12:08:22,51,53,6000,13669
2023-07-05 12:08:22,51,52,6000,13669
2023-07-05 12:08:32,50,52,6000,13669
2023-07-05 12:08:32,50,53,6000,13669
2023-07-05 12:08:32,51,53,6000,13669
2023-07-05 12:08:32,51,52,6000,13669
2023-07-05 12:08:46,51,53,6000,13669
2023-07-05 12:08:46,52,53,6000,13669
2023-07-05 12:08:52,51,53,6000,13669
2023-07-05 12:08:53,51,52,6000,13669
2023-07-05 12:09:31,51,53,6000,13669
2023-07-05 12:09:31,51,52,6000,13669
2023-07-05 12:10:03,51,53,6000,13669
2023-07-05 12:10:04,51,52,6000,13669
2023-07-05 12:10:21,51,53,6000,13669
2023-07-05 12:10:21,52,53,6000,13669
2023-07-05 12:11:14,51,53,6000,13669
2023-07-05 12:11:14,52,53,6000,13669
2023-07-05 12:11:21,51,53,6000,13669
2023-07-05 12:11:21,52,53,6000,13669
2023-07-05 12:11:27,51,53,6000,13669
2023-07-05 12:11:27,52,53,6000,13669
2023-07-05 12:11:43,53,54,6003,13672
2023-07-05 12:11:52,53,54,6023,13748
2023-07-05 12:11:58,52,54,6023,13748
2023-07-05 12:11:58,52,55,6023,13748
2023-07-05 12:11:58,53,55,6023,13748
2023-07-05 12:11:58,53,54,6023,13748
2023-07-05 12:12:05,52,54,6023,13748
2023-07-05 12:12:05,54,55,6026,13751
2023-07-05 12:12:31,52,55,6026,13751
2023-07-05 12:12:31,54,55,6026,13751
2023-07-05 12:12:45,52,55,6026,13751
2023-07-05 12:12:45,53,55,6026,13751
2023-07-05 12:12:45,53,54,6026,13751
2023-07-05 12:13:01,54,55,6029,13754
2023-07-05 12:13:09,55,56,6119,13844
2023-07-05 12:13:23,53,56,6119,13844
2023-07-05 12:13:23,54,56,6119,13844
2023-07-05 12:13:23,54,55,6119,13844
2023-07-05 12:13:38,53,55,6119,13844
2023-07-05 12:13:38,53,56,6119,13844
2023-07-05 12:13:38,55,56,6119,13844
2023-07-05 12:13:46,53,56,6119,13844
2023-07-05 12:13:46,54,56,6119,13844
2023-07-05 12:13:46,54,55,6119,13844
2023-07-05 12:13:58,53,55,6119,13844
2023-07-05 12:13:58,53,56,6119,13844
2023-07-05 12:13:58,54,56,6119,13844
2023-07-05 12:13:58,54,55,6119,13844
2023-07-05 12:14:04,53,55,6119,13844
2023-07-05 12:14:05,54,55,6119,13844
2023-07-05 12:14:12,53,55,6119,13844
2023-07-05 12:14:12,54,55,6119,13844
2023-07-05 12:14:28,52,55,6119,13844
2023-07-05 12:14:28,53,55,6119,13844
2023-07-05 12:14:28,53,54,6119,13844
2023-07-05 12:15:01,53,55,6119,13844
2023-07-05 12:15:01,54,55,6119,13844
2023-07-05 12:15:07,53,55,6119,13844
2023-07-05 12:15:07,53,54,6119,13844
2023-07-05 12:15:09,53,55,6119,13844
2023-07-05 12:15:09,54,55,6119,13844
2023-07-05 12:15:15,53,55,6119,13844
2023-07-05 12:15:16,53,54,6119,13844
2023-07-05 12:15:24,52,53,6099,13864
2023-07-05 12:15:44,52,54,6099,13864
2023-07-05 12:15:44,52,53,6099,13864
2023-07-05 12:15:52,50,53,6199,14010
2023-07-05 12:16:11,50,52,6199,14010
2023-07-05 12:16:32,51,52,6199,14010
2023-07-05 12:16:37,51,52,6449,14260
2023-07-05 12:16:41,50,52,6699,14510
2023-07-05 12:16:55,51,52,6699,14510
2023-07-05 12:16:58,51,52,6702,14513
2023-07-05 12:17:03,50,52,6702,14513
2023-07-05 12:17:03,50,51,6702,14513
2023-07-05 12:17:16,50,52,6702,14513
2023-07-05 12:17:16,51,52,6702,14513
2023-07-05 12:17:23,49,50,6696,14519
2023-07-05 12:17:25,49,52,6696,14519
2023-07-05 12:17:25,50,52,6696,14519
2023-07-05 12:17:25,50,51,6696,14519
2023-07-05 12:17:27,49,51,6696,14519
2023-07-05 12:17:27,49,52,6696,14519
2023-07-05 12:17:27,51,52,6696,14519
2023-07-05 12:17:31,49,52,6696,14519
2023-07-05 12:18:13,50,52,6696,14519
2023-07-05 12:18:18,49,52,6696,14519
2023-07-05 12:18:40,50,52,6696,14519
2023-07-05 12:18:40,51,52,6696,14519
2023-07-05 12:18:57,49,52,6696,14519
2023-07-05 12:18:57,50,52,6696,14519
2023-07-05 12:18:57,50,51,6696,14519
2023-07-05 12:18:59,50,52,6696,14619
2023-07-05 12:19:43,51,52,6696,14619
2023-07-05 12:19:51,50,52,6696,14619
2023-07-05 12:19:51,51,52,6696,14619
2023-07-05 12:20:12,51,52,6820,14819
2023-07-05 12:20:12,52,55,6746,14893
2023-07-05 12:20:12,51,55,6746,14893
2023-07-05 12:20:12,51,54,6746,14893
2023-07-05 12:20:13,51,55,6746,14893
2023-07-05 12:20:23,54,55,6746,14893
2023-07-05 12:20:33,52,55,6746,14893
2023-07-05 12:20:33,54,55,6746,14893
2023-07-05 12:20:52,53,55,6746,14893
2023-07-05 12:21:05,52,55,6746,14893
2023-07-05 12:21:21,53,55,6746,14893
2023-07-05 12:21:24,53,55,6746,14943
2023-07-05 12:21:28,53,56,6926,15143
2023-07-05 12:21:28,54,56,6926,15143
2023-07-05 12:21:31,54,56,6976,15193
2023-07-05 12:21:34,55,56,6976,15193
2023-07-05 12:22:01,54,56,6976,15193
2023-07-05 12:22:01,54,55,6976,15193
2023-07-05 12:22:36,55,56,6979,15196
2023-07-05 12:23:18,56,57,6999,15216
2023-07-05 12:23:18,55,57,7029,15246
2023-07-05 12:23:19,55,58,7029,15246
2023-07-05 12:23:19,55,57,7029,15246
2023-07-05 12:23:26,54,57,7029,15246
2023-07-05 12:23:26,56,57,7029,15246
2023-07-05 12:23:26,56,57,7029,15266
2023-07-05 12:23:26,56,58,7029,15266
2023-07-05 12:23:28,56,57,7029,15266
2023-07-05 12:24:24,55,57,7029,15266
2023-07-05 12:24:24,55,56,7029,15266
2023-07-05 12:24:25,55,56,7029,15313
2023-07-05 12:24:32,54,56,7029,15313
2023-07-05 12:24:32,54,55,7029,15313
2023-07-05 12:25:23,53,55,7009,15433
2023-07-05 12:25:30,52,53,6823,15619
2023-07-05 12:25:30,51,53,6823,15619
2023-07-05 12:25:31,51,55,6823,15619
2023-07-05 12:25:31,53,55,6823,15619
2023-07-05 12:25:31,53,54,6823,15619
2023-07-05 12:25:37,53,54,6843,15639
2023-07-05 12:25:37,53,54,6903,15699
2023-07-05 12:25:52,52,54,6903,15699
2023-07-05 12:25:53,53,54,6903,15699
2023-07-05 12:26:06,52,54,6903,15699
2023-07-05 12:26:06,53,54,6903,15699
2023-07-05 12:26:12,52,54,6903,15699
2023-07-05 12:26:12,53,54,6903,15699
2023-07-05 12:26:22,52,54,6903,15699
2023-07-05 12:26:22,53,54,6903,15699
2023-07-05 12:27:20,52,54,6903,15699
2023-07-05 12:27:57,52,53,6903,15699
2023-07-05 12:28:31,51,53,6903,15699
2023-07-05 12:28:31,52,53,6903,15699
2023-07-05 12:28:46,50,53,6903,15699
2023-07-05 12:28:46,51,53,6903,15699
2023-07-05 12:28:46,51,52,6903,15699
2023-07-05 12:28:50,51,53,6903,15699
2023-07-05 12:28:50,53,54,6923,15719
2023-07-05 12:28:53,51,54,6923,15719
2023-07-05 12:28:53,53,54,6923,15719
2023-07-05 12:28:59,51,54,6923,15719
2023-07-05 12:28:59,52,54,6923,15719
2023-07-05 12:28:59,52,53,6923,15719
2023-07-05 12:29:15,51,53,6923,15719
2023-07-05 12:29:15,53,54,6926,15722
2023-07-05 12:29:29,51,54,6926,15722
2023-07-05 12:29:29,52,54,6926,15722
2023-07-05 12:29:29,52,53,6926,15722
2023-07-05 12:29:42,51,53,6926,15722
2023-07-05 12:29:42,53,54,6929,15725
2023-07-05 12:29:58,52,54,6929,15725
2023-07-05 12:29:58,53,54,6929,15725
2023-07-05 12:30:06,52,54,6929,15725
2023-07-05 12:30:07,53,54,6929,15725
2023-07-05 12:30:15,51,54,6929,15725
2023-07-05 12:30:15,52,54,6929,15725
2023-07-05 12:30:15,52,53,6929,15725
2023-07-05 12:30:47,50,53,6929,15725
2023-07-05 12:30:47,52,53,6929,15725
2023-07-05 12:31:03,50,53,6929,15725
2023-07-05 12:31:17,51,53,6929,15725
2023-07-05 12:31:42,50,51,6929,15751
2023-07-05 12:31:47,50,53,6933,15755
2023-07-05 12:31:48,50,51,6933,15755
2023-07-05 12:31:49,51,53,6953,15775
2023-07-05 12:31:49,51,52,6953,15775
2023-07-05 12:31:52,50,52,6953,15775
2023-07-05 12:31:52,50,53,6953,15775
2023-07-05 12:31:52,50,51,6953,15775
2023-07-05 12:32:00,50,51,6927,15801
2023-07-05 12:32:22,50,51,6967,15841
2023-07-05 12:32:26,49,51,6967,15841
2023-07-05 12:32:28,49,53,6967,15841
2023-07-05 12:32:28,50,53,6967,15841
2023-07-05 12:32:28,50,51,6967,15841
2023-07-05 12:32:58,49,51,6967,15841
2023-07-05 12:32:59,50,51,6967,15841
2023-07-05 12:33:08,49,51,6967,15841
2023-07-05 12:33:08,51,53,6987,15861
2023-07-05 12:33:11,51,52,6987,15861
2023-07-05 12:33:14,49,52,6987,15861
2023-07-05 12:33:14,50,52,6987,15861
2023-07-05 12:33:14,50,51,6987,15861
2023-07-05 12:33:25,49,51,6987,15861
2023-07-05 12:33:25,51,53,6990,15864
2023-07-05 12:33:25,51,52,6990,15864
2023-07-05 12:33:46,49,52,6990,15864
2023-07-05 12:33:46,51,52,6990,15864
2023-07-05 12:34:07,50,52,6990,15864
2023-07-05 12:34:07,52,53,7010,15884
2023-07-05 12:34:13,52,53,7030,15904
2023-07-05 12:34:24,52,54,7080,16104
2023-07-05 12:34:24,52,56,6830,16354
2023-07-05 12:34:25,52,55,6830,16354
2023-07-05 12:34:25,53,55,6830,16354
2023-07-05 12:34:25,53,56,6830,16645
2023-07-05 12:34:26,54,56,6830,16645
2023-07-05 12:34:26,53,56,6830,16645
2023-07-05 12:34:26,54,56,6830,16645
2023-07-05 12:34:26,53,56,6830,16645
2023-07-05 12:34:26,55,56,6830,16645
2023-07-05 12:34:30,56,57,6830,16745
2023-07-05 12:34:33,53,57,6800,16875
2023-07-05 12:34:33,55,57,6800,16875
2023-07-05 12:34:38,56,57,6800,16875
2023-07-05 12:34:38,56,58,6800,16895
2023-07-05 12:34:39,56,59,6800,17145
2023-07-05 12:34:40,56,59,7000,17345
2023-07-05 12:34:40,57,59,7000,17345
2023-07-05 12:34:59,57,59,7100,17445
2023-07-05 12:34:59,59,60,7320,17665
2023-07-05 12:34:59,59,60,7357,17702
2023-07-05 12:35:05,57,60,7357,17702
2023-07-05 12:35:11,57,59,7357,17702
2023-07-05 12:35:14,57,58,7357,17702
2023-07-05 12:35:20,57,60,7357,17702
2023-07-05 12:35:20,57,59,7357,17702
2023-07-05 12:35:40,57,58,7357,17702
2023-07-05 12:36:00,56,57,7337,17722
2023-07-05 12:36:01,56,58,7337,17722
2023-07-05 12:36:04,56,58,7337,17822
2023-07-05 12:36:04,57,58,7337,17822
2023-07-05 12:36:04,57,59,7337,17822
2023-07-05 12:36:04,57,60,7337,17822
2023-07-05 12:36:04,57,59,7337,17822
2023-07-05 12:36:04,57,60,7337,17822
2023-07-05 12:36:05,58,60,7337,17822
2023-07-05 12:36:05,58,60,7357,18022
2023-07-05 12:36:05,58,61,7249,18342
2023-07-05 12:36:06,59,61,7249,18342
2023-07-05 12:36:06,60,61,7249,18342
2023-07-05 12:36:06,60,63,7276,18419
2023-07-05 12:36:07,59,63,7276,18419
2023-07-05 12:36:09,60,63,7276,18419
2023-07-05 12:36:10,61,63,7276,18419
2023-07-05 12:36:22,61,63,7273,18422
2023-07-05 12:36:27,61,62,7273,18422
2023-07-05 12:36:28,61,63,7273,18422
2023-07-05 12:36:33,61,62,7273,18422
2023-07-05 12:36:40,61,63,7273,18422
2023-07-05 12:36:43,61,62,7273,18422
2023-07-05 12:36:50,62,63,7273,18442
2023-07-05 12:36:59,63,64,7273,18462
2023-07-05 12:37:40,63,64,7107,18712
2023-07-05 12:37:43,62,64,7107,18922
2023-07-05 12:37:48,62,65,7147,19362
2023-07-05 12:38:02,63,65,7147,19362
2023-07-05 12:38:02,63,66,7147,19362
2023-07-05 12:38:02,63,65,7147,19362
2023-07-05 12:38:07,63,66,7147,19362
2023-07-05 12:38:08,62,66,7147,19362
2023-07-05 12:38:09,63,66,7147,19362
2023-07-05 12:38:14,63,65,7147,19362
2023-07-05 12:38:15,63,66,7147,19362
2023-07-05 12:38:20,63,66,7467,19764
2023-07-05 12:38:28,63,66,7467,20014
2023-07-05 12:38:30,62,66,7467,20104
2023-07-05 12:38:37,62,65,7467,20104
2023-07-05 12:38:38,62,64,7467,20104
2023-07-05 12:38:43,62,65,7467,20104
2023-07-05 12:38:43,62,64,7467,20104
2023-07-05 12:38:49,62,65,7467,20104
2023-07-05 12:38:49,62,64,7467,20104
2023-07-05 12:38:51,62,64,7667,20304
2023-07-05 12:38:51,62,65,7667,20304
2023-07-05 12:38:51,62,64,7667,20304
2023-07-05 12:38:52,62,65,7667,20304
2023-07-05 12:38:59,62,64,7667,20304
2023-07-05 12:39:23,62,63,7667,20304
2023-07-05 12:39:24,61,63,7667,20304
2023-07-05 12:39:32,61,64,7667,20304
2023-07-05 12:39:50,61,63,7667,20304
2023-07-05 12:40:19,61,64,7667,20304
2023-07-05 12:40:22,61,63,7667,20304
2023-07-05 12:40:36,61,62,7667,20304
2023-07-05 12:40:47,60,62,7667,20304
2023-07-05 12:40:51,60,61,7667,20304
2023-07-05 12:40:56,60,63,7667,20304
2023-07-05 12:40:56,60,62,7667,20304
2023-07-05 12:42:16,60,63,7667,20304
2023-07-05 12:42:16,60,62,7667,20304
2023-07-05 12:42:58,60,63,7667,20304
2023-07-05 12:43:05,60,64,7667,20304
2023-07-05 12:43:05,60,63,7667,20304
2023-07-05 12:43:13,60,64,7667,20304
2023-07-05 12:43:16,60,63,7667,20304
2023-07-05 12:44:03,60,64,7667,20304
2023-07-05 12:44:07,61,64,7667,20304
2023-07-05 12:44:08,60,64,7667,20304
2023-07-05 12:44:19,61,64,7667,20304
2023-07-05 12:44:20,60,64,7667,20304
2023-07-05 12:44:23,61,64,7667,20304
2023-07-05 12:44:27,60,64,7667,20304
2023-07-05 12:44:52,61,64,7667,20304
2023-07-05 12:44:54,60,64,7667,20304
2023-07-05 12:44:55,61,64,7667,20304
2023-07-05 12:45:05,62,64,7667,20304
2023-07-05 12:45:05,62,65,7667,20304
2023-07-05 12:45:05,62,64,7667,20304
2023-07-05 12:45:14,63,64,7667,20304
2023-07-05 12:45:14,63,64,7717,20354
2023-07-05 12:45:14,63,64,7767,20404
2023-07-05 12:45:18,63,65,7767,20404
2023-07-05 12:45:22,62,65,7767,20404
2023-07-05 12:45:27,63,65,7767,20404
2023-07-05 12:45:28,62,65,7767,20404
2023-07-05 12:45:28,62,64,7767,20404
2023-07-05 12:45:31,62,65,7767,20404
2023-07-05 12:45:31,62,64,7767,20404
2023-07-05 12:45:43,62,65,7767,20404
2023-07-05 12:45:43,62,64,7767,20404
2023-07-05 12:46:08,62,65,7767,20404
2023-07-05 12:46:19,63,65,7767,20404
2023-07-05 12:46:24,63,66,7767,20404
2023-07-05 12:46:24,63,65,7767,20404
2023-07-05 12:46:30,64,65,7767,20404
2023-07-05 12:46:30,64,65,7817,20454
2023-07-05 12:46:31,63,65,7817,20454
2023-07-05 12:46:33,63,66,7817,20454
2023-07-05 12:47:10,63,65,7817,20454
2023-07-05 12:47:53,63,66,7817,20454
2023-07-05 12:47:53,63,65,7817,20454
2023-07-05 12:48:27,63,66,7817,20454
2023-07-05 12:48:27,63,65,7817,20454
2023-07-05 12:48:29,64,65,7817,20454
2023-07-05 12:48:33,63,65,7817,20454
2023-07-05 12:48:39,63,66,7817,20454
2023-07-05 12:48:39,63,65,7817,20454
2023-07-05 12:48:46,63,64,7817,20454
2023-07-05 12:48:50,62,64,7817,20474
2023-07-05 12:49:18,61,64,7817,20474
2023-07-05 12:49:19,61,63,7817,20474
2023-07-05 12:49:20,61,64,7817,20474
2023-07-05 12:49:22,61,63,7817,20474
2023-07-05 12:49:53,61,62,7817,20474
2023-07-05 12:50:14,60,62,7817,20474
2023-07-05 12:50:20,59,60,7767,20524
2023-07-05 12:50:28,59,61,7767,20524
2023-07-05 12:50:30,59,62,7767,20524
2023-07-05 12:50:30,59,61,7767,20524
2023-07-05 12:50:31,59,62,7767,20524
2023-07-05 12:50:36,60,62,7767,20524
2023-07-05 12:50:43,61,62,7767,20524
2023-07-05 12:50:54,62,64,7787,20544
2023-07-05 12:51:25,61,64,7787,20544
2023-07-05 12:51:43,60,64,7787,20544
2023-07-05 12:51:46,60,63,7787,20544
2023-07-05 12:52:09,61,63,7787,20544
2023-07-05 12:52:25,60,63,7787,20544
2023-07-05 12:54:27,60,62,7787,20544
2023-07-05 12:54:41,60,63,7787,20544
2023-07-05 12:55:12,60,62,7787,20544
2023-07-05 12:56:20,60,61,7787,20544
2023-07-05 12:56:21,59,61,7787,20544
2023-07-05 12:56:39,58,61,7787,20544
2023-07-05 12:56:41,58,60,7787,20544
2023-07-05 12:56:57,58,59,7787,20544
2023-07-05 12:57:08,57,59,7787,20544
2023-07-05 12:57:21,57,58,7787,20544
2023-07-05 12:57:25,56,57,7757,20574
2023-07-05 12:58:30,56,58,7757,20577
2023-07-05 12:58:37,56,59,7757,20597
2023-07-05 13:00:12,57,59,7757,20597
2023-07-05 13:00:14,56,59,7757,20597
2023-07-05 13:00:42,57,59,7757,20597
2023-07-05 13:00:47,56,59,7757,20597
2023-07-05 13:01:19,56,58,7757,20597
2023-07-05 13:01:21,56,57,7757,20597
2023-07-05 13:01:45,55,57,7727,20627
2023-07-05 13:04:24,56,57,7727,20627
2023-07-05 13:05:03,55,57,7727,20627
2023-07-05 13:05:14,55,56,7727,20627
2023-07-05 13:05:39,55,57,7727,20627
2023-07-05 13:08:36,55,58,7727,20627
2023-07-05 13:08:47,55,57,7727,20627
2023-07-05 13:08:58,55,56,7727,20627
2023-07-05 13:09:12,55,57,7727,20627
2023-07-05 13:09:15,55,56,7727,20627
2023-07-05 13:09:18,55,57,7727,20627
2023-07-05 13:10:12,56,57,7727,20627
2023-07-05 13:10:13,56,59,7727,20627
2023-07-05 13:10:15,55,59,7727,20627
2023-07-05 13:10:15,56,59,7727,20627
2023-07-05 13:10:35,57,59,7727,20627
2023-07-05 13:10:36,58,59,7727,20627
2023-07-05 13:10:36,58,60,7747,20647
2023-07-05 13:10:37,58,61,7747,20647
2023-07-05 13:10:38,59,61,7747,20647
2023-07-05 13:10:41,59,63,7747,20647
2023-07-05 13:10:42,59,61,7747,20647
2023-07-05 13:10:46,60,61,7747,20647
2023-07-05 13:11:10,59,61,7747,20647
2023-07-05 13:11:10,60,61,7747,20647
2023-07-05 13:11:25,59,61,7747,20647
2023-07-05 13:11:32,58,61,7747,20647
2023-07-05 13:11:45,59,61,7747,20647
2023-07-05 13:11:55,58,61,7747,20647
2023-07-05 13:11:55,59,61,7747,20647
2023-07-05 13:12:58,60,61,7747,20647
2023-07-05 13:13:02,59,61,7747,20647
2023-07-05 13:13:17,58,61,7747,20647
2023-07-05 13:13:17,59,61,7747,20647
2023-07-05 13:14:50,58,61,7747,20647
2023-07-05 13:14:55,59,61,7747,20647
2023-07-05 13:15:09,60,61,7747,20647
2023-07-05 13:15:27,59,61,7747,20647
2023-07-05 13:15:46,58,61,7747,20647
2023-07-05 13:16:29,59,61,7747,20647
2023-07-05 13:17:23,60,61,7747,20647
2023-07-05 13:17:38,59,61,7747,20647
2023-07-05 13:17:41,60,61,7747,20647
2023-07-05 13:17:53,59,61,7747,20647
2023-07-05 13:18:11,58,61,7747,20647
2023-07-05 13:18:34,57,61,7747,20647
2023-07-05 13:18:36,58,61,7747,20647
2023-07-05 13:18:55,59,61,7747,20647
2023-07-05 13:19:39,58,61,7747,20647
2023-07-05 13:20:06,58,60,7747,20647
2023-07-05 13:20:06,57,60,7747,20647
2023-07-05 13:20:25,58,60,7747,20647
2023-07-05 13:20:37,57,60,7747,20647
2023-07-05 13:21:59,57,59,7747,20647
2023-07-05 13:22:04,57,58,7747,20647
2023-07-05 13:22:21,55,58,7667,20847
2023-07-05 13:22:22,55,57,7667,20847
2023-07-05 13:22:24,55,56,7667,20847
2023-07-05 13:22:30,53,56,7634,20880
2023-07-05 13:22:33,52,56,7634,20880
2023-07-05 13:22:38,52,55,7634,20880
2023-07-05 13:24:04,53,55,7634,20880
2023-07-05 13:24:23,52,55,7634,20880
2023-07-05 13:25:11,53,55,7634,20880
2023-07-05 13:25:16,54,55,7634,20880
2023-07-05 13:25:33,54,56,7634,20900
2023-07-05 13:25:51,55,56,7634,20900
2023-07-05 13:25:51,55,56,7636,20902
2023-07-05 13:26:04,54,56,7636,20902
2023-07-05 13:26:21,53,56,7636,20902
2023-07-05 13:26:24,53,55,7636,20902
2023-07-05 13:26:49,54,55,7636,20902
2023-07-05 13:27:24,55,56,7636,20902
2023-07-05 13:27:29,56,57,7656,20922
2023-07-05 13:27:30,56,58,7676,20942
2023-07-05 13:27:31,57,58,7676,20942
2023-07-05 13:27:33,57,59,7676,20942
2023-07-05 13:27:33,57,58,7676,20942
2023-07-05 13:27:36,57,59,7676,20962
2023-07-05 13:27:36,58,59,7676,20962
2023-07-05 13:27:36,57,59,7676,20962
2023-07-05 13:27:36,58,59,7676,20962
2023-07-05 13:27:40,59,60,7746,21032
2023-07-05 13:27:42,59,62,7746,21032
2023-07-05 13:27:42,59,61,7746,21032
2023-07-05 13:27:46,60,61,7746,21032
2023-07-05 13:28:04,59,61,7746,21032
2023-07-05 13:28:13,58,61,7746,21032
2023-07-05 13:28:13,59,61,7746,21032
2023-07-05 13:28:19,59,60,7746,21032
2023-07-05 13:28:21,58,60,7746,21032
2023-07-05 13:28:36,59,60,7746,21032
2023-07-05 13:28:52,58,60,7746,21032
2023-07-05 13:28:52,59,60,7746,21032
2023-07-05 13:29:18,58,60,7746,21032
2023-07-05 13:30:30,59,60,7746,21032
2023-07-05 13:30:38,58,60,7746,21032
2023-07-05 13:30:44,58,61,7744,21054
2023-07-05 13:32:46,59,61,7744,21054
2023-07-05 13:33:22,60,61,7744,21054
2023-07-05 13:33:28,60,62,7744,21074
2023-07-05 13:33:47,59,62,7744,21074
2023-07-05 13:33:47,60,62,7744,21074
2023-07-05 13:34:31,59,62,7744,21074
2023-07-05 13:34:32,60,62,7744,21074
2023-07-05 13:35:09,59,62,7744,21074
2023-07-05 13:35:55,60,62,7744,21074
2023-07-05 13:36:25,61,62,7744,21074
2023-07-05 13:36:33,60,62,7744,21074
2023-07-05 13:36:57,61,62,7744,21074
2023-07-05 13:37:03,61,63,7744,21094
2023-07-05 13:37:19,62,63,7744,21094
2023-07-05 13:37:23,62,64,7744,21114
2023-07-05 13:37:53,61,64,7744,21114
2023-07-05 13:37:59,61,63,7744,21114
2023-07-05 13:38:25,61,62,7744,21114
2023-07-05 13:38:27,59,62,7744,21114
2023-07-05 13:38:48,59,61,7744,21114
2023-07-05 13:39:01,59,60,7744,21114
2023-07-05 13:39:05,57,60,7744,21114
2023-07-05 13:39:08,58,60,7744,21114
2023-07-05 13:39:12,58,62,7744,21114
2023-07-05 13:39:12,58,61,7744,21114
2023-07-05 13:39:16,59,61,7744,21114
2023-07-05 13:39:16,59,62,7744,21114
2023-07-05 13:39:43,59,61,7744,21114
2023-07-05 13:39:51,59,62,7744,21114
2023-07-05 13:39:52,59,61,7744,21114
2023-07-05 13:40:16,59,62,7744,21114
2023-07-05 13:41:44,59,61,7744,21114
2023-07-05 13:42:28,58,61,7744,21114
2023-07-05 13:43:09,58,60,7744,21114
2023-07-05 13:43:34,58,59,7744,21114
2023-07-05 13:43:36,57,59,7744,21114
2023-07-05 13:43:59,57,60,7744,21114
2023-07-05 13:44:06,57,61,7744,21114
2023-07-05 13:44:46,57,60,7744,21114
2023-07-05 13:45:02,58,60,7744,21114
2023-07-05 13:45:04,57,60,7744,21114
2023-07-05 13:45:04,57,61,7744,21114
2023-07-05 13:45:26,58,61,7744,21114
2023-07-05 13:45:38,57,61,7744,21114
2023-07-05 13:45:42,58,61,7744,21114
2023-07-05 13:45:44,57,61,7744,21114
2023-07-05 13:45:50,57,60,7744,21114
2023-07-05 13:46:21,57,59,7744,21114
2023-07-05 13:46:57,57,58,7744,21114
2023-07-05 13:47:06,57,59,7744,21114
2023-07-05 13:47:10,57,58,7744,21114
2023-07-05 13:47:11,56,58,7744,21114
2023-07-05 13:47:37,55,58,7744,21114
2023-07-05 13:48:25,55,57,7744,21114
2023-07-05 13:48:27,55,58,7744,21114
2023-07-05 13:48:55,55,57,7744,21114
2023-07-05 13:49:02,55,57,7744,21161
2023-07-05 13:49:12,55,56,7744,21161
2023-07-05 13:49:13,54,56,7741,21164
2023-07-05 13:49:37,53,56,7691,21214
2023-07-05 13:50:07,53,57,7691,21214
2023-07-05 13:50:07,53,56,7691,21214
2023-07-05 13:50:35,53,57,7691,21214
2023-07-05 13:50:36,53,56,7691,21214
2023-07-05 13:51:02,53,57,7691,21214
2023-07-05 13:51:07,54,57,7691,21214
2023-07-05 13:51:30,54,58,7691,21214
2023-07-05 13:51:30,55,58,7691,21214
2023-07-05 13:51:32,55,57,7691,21214
2023-07-05 13:52:00,55,56,7691,21214
2023-07-05 13:52:07,54,56,7691,21214
2023-07-05 13:53:04,54,57,7691,21214
2023-07-05 13:53:25,54,56,7691,21214
2023-07-05 13:53:36,54,57,7691,21214
2023-07-05 13:54:28,54,58,7691,21214
2023-07-05 13:54:28,54,57,7691,21214
2023-07-05 13:55:01,55,57,7691,21214
2023-07-05 13:55:03,55,57,7791,21314
2023-07-05 13:55:18,55,56,7791,21314
2023-07-05 13:55:37,54,56,7741,21364
2023-07-05 13:55:37,54,55,7741,21364
2023-07-05 13:56:34,54,57,7741,21364
2023-07-05 13:56:34,54,56,7741,21364
2023-07-05 13:56:54,55,56,7741,21364
2023-07-05 13:56:55,55,57,7741,21364
2023-07-05 13:56:55,55,58,7741,21364
2023-07-05 13:56:56,55,57,7741,21364
2023-07-05 13:56:57,56,57,7741,21364
2023-07-05 13:59:37,55,56,7711,21394
2023-07-05 13:59:39,54,56,7711,21394
2023-07-05 13:59:41,54,55,7711,21394
2023-07-05 14:00:32,54,56,7641,21484
2023-07-05 14:00:34,54,55,7641,21484
2023-07-05 14:00:36,53,55,7641,21484
2023-07-05 14:00:37,53,54,7641,21484
2023-07-05 14:00:37,51,54,7591,21534
2023-07-05 14:00:38,51,53,7591,21534
2023-07-05 14:00:38,49,53,7591,21534
2023-07-05 14:00:38,49,52,7591,21534
2023-07-05 14:00:40,49,53,7591,21534
2023-07-05 14:00:43,49,52,7591,21534
2023-07-05 14:00:47,48,52,7591,21534
2023-07-05 14:00:47,48,51,7591,21534
2023-07-05 14:00:48,49,51,7591,21534
2023-07-05 14:01:01,49,52,7591,21534
2023-07-05 14:01:04,50,52,7591,21534
2023-07-05 14:01:07,49,52,7591,21534
2023-07-05 14:01:23,49,51,7591,21534
2023-07-05 14:01:30,49,50,7591,21534
2023-07-05 14:01:30,48,50,7591,21534
2023-07-05 14:01:34,48,49,7591,21534
2023-07-05 14:01:38,47,48,7551,21574
2023-07-05 14:01:53,47,49,7551,21574
2023-07-05 14:01:59,47,50,7551,21574
2023-07-05 14:02:04,47,51,7551,21574
2023-07-05 14:02:06,48,51,7551,21574
2023-07-05 14:02:07,48,52,7551,21574
2023-07-05 14:02:07,49,52,7551,21574
2023-07-05 14:02:08,49,53,7551,21574
2023-07-05 14:02:08,49,54,7551,21574
2023-07-05 14:02:08,49,52,7551,21574
2023-07-05 14:02:08,49,54,7551,21574
2023-07-05 14:02:08,49,53,7551,21574
2023-07-05 14:02:08,50,53,7551,21574
2023-07-05 14:02:09,50,54,7551,21574
2023-07-05 14:02:10,51,54,7551,21574
2023-07-05 14:02:11,51,55,7601,21624
2023-07-05 14:02:14,52,55,7601,21624
2023-07-05 14:02:16,52,56,7901,21924
2023-07-05 14:02:16,54,56,7901,21924
2023-07-05 14:02:16,54,57,8201,22224
2023-07-05 14:02:28,53,57,8201,22224
2023-07-05 14:02:28,55,57,8201,22224
2023-07-05 14:02:32,53,57,8201,22224
2023-07-05 14:02:32,54,57,8201,22224
2023-07-05 14:02:53,53,57,8201,22224
2023-07-05 14:02:53,55,57,8201,22224
2023-07-05 14:03:14,53,57,8201,22224
2023-07-05 14:03:14,54,57,8201,22224
2023-07-05 14:03:25,53,57,8201,22224
2023-07-05 14:03:25,53,56,8201,22224
2023-07-05 14:03:25,52,56,8201,22224
2023-07-05 14:03:26,53,56,8201,22224
2023-07-05 14:03:27,52,56,8201,22224
2023-07-05 14:03:27,54,56,8201,22224
2023-07-05 14:03:28,54,57,8201,22224
2023-07-05 14:03:32,53,57,8201,22224
2023-07-05 14:03:32,55,57,8201,22224
2023-07-05 14:03:33,54,57,8201,22224
2023-07-05 14:03:33,56,57,8201,22224
2023-07-05 14:03:34,54,57,8201,22224
2023-07-05 14:03:34,56,57,8201,22224
2023-07-05 14:03:35,56,58,8216,22239
2023-07-05 14:03:35,57,58,8216,22239
2023-07-05 14:03:37,55,58,8216,22239
2023-07-05 14:03:37,56,58,8216,22239
2023-07-05 14:03:41,55,58,8216,22239
2023-07-05 14:03:41,54,58,8216,22239
2023-07-05 14:03:41,55,58,8216,22239
2023-07-05 14:03:44,53,58,8216,22239
2023-07-05 14:03:44,54,57,8216,22239
2023-07-05 14:03:46,54,58,8216,22572
2023-07-05 14:03:48,54,57,8216,22572
2023-07-05 14:03:58,54,58,8216,22572
2023-07-05 14:03:58,54,57,8216,22572
2023-07-05 14:04:00,54,58,8216,22572
2023-07-05 14:04:02,54,57,8216,22572
2023-07-05 14:04:15,54,56,8216,22572
2023-07-05 14:04:16,52,56,8186,22602
2023-07-05 14:04:16,53,56,8186,22602
2023-07-05 14:04:17,53,55,8186,22602
2023-07-05 14:04:18,53,54,8186,22602
2023-07-05 14:04:18,53,54,7786,23002
2023-07-05 14:04:18,51,54,7786,23002
2023-07-05 14:04:18,52,54,7786,23002
2023-07-05 14:04:21,53,54,7786,23002
2023-07-05 14:04:27,53,54,7438,23402
2023-07-05 14:04:27,51,54,7438,23520
2023-07-05 14:04:33,52,54,7438,23520
2023-07-05 14:04:34,53,54,7438,23520
2023-07-05 14:04:43,53,59,7438,23550
2023-07-05 14:04:43,53,58,7438,23550
2023-07-05 14:04:43,56,58,7438,23550
2023-07-05 14:05:07,57,58,7438,23550
2023-07-05 14:05:10,56,58,7438,23550
2023-07-05 14:05:28,56,58,7698,23950
2023-07-05 14:05:28,57,58,7698,23950
2023-07-05 14:05:31,57,59,7813,24065
2023-07-05 14:05:31,58,59,7813,24065
2023-07-05 14:05:34,59,60,7828,24080
2023-07-05 14:05:36,60,63,7851,24103
2023-07-05 14:05:36,60,62,7851,24103
2023-07-05 14:05:36,59,62,7878,24130
2023-07-05 14:05:36,60,62,7878,24130
2023-07-05 14:05:41,61,62,7878,24130
2023-07-05 14:05:41,61,62,7973,24225
2023-07-05 14:05:54,60,62,7973,24225
2023-07-05 14:05:55,60,62,7955,24258
2023-07-05 14:05:55,60,61,7955,24258
2023-07-05 14:05:56,60,63,7878,24335
2023-07-05 14:05:56,60,62,7878,24335
2023-07-05 14:05:57,59,62,7878,24335
2023-07-05 14:05:57,59,63,7878,24335
2023-07-05 14:05:57,59,61,7878,24335
2023-07-05 14:05:57,59,63,7878,24335
2023-07-05 14:05:57,59,62,7878,24335
2023-07-05 14:06:01,58,62,7878,24335
2023-07-05 14:06:10,58,61,7878,24335
2023-07-05 14:06:10,58,60,7878,24335
2023-07-05 14:06:43,58,61,7878,24335
2023-07-05 14:06:43,58,60,7878,24335
2023-07-05 14:06:55,59,60,7878,24335
2023-07-05 14:07:13,58,60,7863,24350
2023-07-05 14:07:39,58,59,7863,24350
2023-07-05 14:07:40,57,59,7863,24410
2023-07-05 14:08:03,55,57,7823,24450
2023-07-05 14:08:03,54,57,7823,24450
2023-07-05 14:08:04,55,57,7823,24450
2023-07-05 14:08:06,53,57,7823,24550
2023-07-05 14:08:06,53,56,7823,24550
2023-07-05 14:08:07,54,56,7823,24550
2023-07-05 14:08:13,53,56,7823,24550
2023-07-05 14:08:13,53,55,7823,24550
2023-07-05 14:08:13,53,54,7823,24550
2023-07-05 14:08:14,52,54,7823,24550
2023-07-05 14:08:14,52,55,7823,24550
2023-07-05 14:08:17,52,54,7823,24550
2023-07-05 14:08:26,51,54,7823,24650
2023-07-05 14:08:29,51,53,7823,24650
2023-07-05 14:08:29,51,52,7823,24650
2023-07-05 14:08:30,51,53,7823,24650
2023-07-05 14:08:30,51,52,7823,24650
2023-07-05 14:08:40,50,52,7823,24650
2023-07-05 14:08:44,49,52,7823,24650
2023-07-05 14:08:50,49,51,7823,24650
2023-07-05 14:08:53,49,52,7823,24650
2023-07-05 14:08:53,49,51,7823,24650
2023-07-05 14:08:56,48,51,7823,24650
2023-07-05 14:09:00,49,51,7823,24650
2023-07-05 14:09:09,48,51,7823,24650
2023-07-05 14:09:11,49,51,7823,24650
2023-07-05 14:09:17,48,51,7823,24650
2023-07-05 14:09:22,49,51,7823,24650
2023-07-05 14:09:26,50,51,7823,24650
2023-07-05 14:09:28,49,51,7823,24650
2023-07-05 14:09:50,50,51,7823,24650
2023-07-05 14:09:56,49,51,7823,24650
2023-07-05 14:10:00,50,51,7823,24650
2023-07-05 14:10:01,50,52,7838,24665
2023-07-05 14:10:01,51,52,7838,24665
2023-07-05 14:10:04,51,54,7797,24730
2023-07-05 14:10:04,51,53,7797,24730
2023-07-05 14:10:04,52,53,7797,24730
2023-07-05 14:10:04,52,54,7797,24730
2023-07-05 14:10:08,53,54,7797,24730
2023-07-05 14:10:11,53,55,7820,24753
2023-07-05 14:10:11,54,55,7820,24753
2023-07-05 14:10:11,54,56,7820,24803
2023-07-05 14:10:11,55,56,7820,24803
2023-07-05 14:10:12,55,57,7820,24803
2023-07-05 14:10:12,55,58,7820,24803
2023-07-05 14:10:12,55,56,7820,24803
2023-07-05 14:10:12,55,57,7820,24803
2023-07-05 14:10:24,56,57,7820,24803
2023-07-05 14:10:32,56,58,7835,24818
2023-07-05 14:10:53,55,58,7835,24818
2023-07-05 14:10:53,56,58,7835,24818
2023-07-05 14:11:11,56,60,8380,25363
2023-07-05 14:11:12,56,59,8380,25363
2023-07-05 14:11:12,57,59,8380,25363
2023-07-05 14:11:15,56,59,8380,25363
2023-07-05 14:11:16,55,59,8380,25363
2023-07-05 14:11:16,56,59,8380,25363
2023-07-05 14:11:16,57,59,8380,25363
2023-07-05 14:11:29,57,58,8380,25363
2023-07-05 14:11:55,56,58,8380,25363
2023-07-05 14:12:01,56,59,8380,25363
2023-07-05 14:12:50,57,59,8380,25363
2023-07-05 14:13:01,57,60,8380,25363
2023-07-05 14:13:12,57,59,8380,25363
2023-07-05 14:13:19,57,58,8380,25363
2023-07-05 14:13:25,57,59,8380,25363
2023-07-05 14:13:26,56,59,8380,25363
2023-07-05 14:13:32,56,60,8380,25363
2023-07-05 14:13:32,56,59,8380,25363
2023-07-05 14:13:59,56,58,8380,25363
2023-07-05 14:14:08,56,59,8380,25363
2023-07-05 14:14:08,56,58,8380,25363
2023-07-05 14:14:49,56,60,8380,25363
2023-07-05 14:14:49,56,59,8380,25363
2023-07-05 14:14:51,57,59,8380,25363
2023-07-05 14:14:53,58,59,8380,25363
2023-07-05 14:14:54,58,60,8380,25363
2023-07-05 14:15:04,60,61,8395,25428
2023-07-05 14:15:04,60,61,8410,25443
2023-07-05 14:15:05,60,61,8810,25843
2023-07-05 14:15:05,60,62,9035,26068
2023-07-05 14:15:06,60,62,9035,26468
2023-07-05 14:15:06,60,64,9035,26868
2023-07-05 14:15:07,60,63,9035,26868
2023-07-05 14:15:07,61,63,9035,26868
2023-07-05 14:15:08,61,62,9035,26868
2023-07-05 14:15:08,61,64,9050,26883
2023-07-05 14:15:08,61,63,9050,26883
2023-07-05 14:15:11,61,64,9200,27033
2023-07-05 14:15:11,62,64,9200,27033
2023-07-05 14:15:11,62,64,9200,27033
2023-07-05 14:15:11,62,65,9200,27033
2023-07-05 14:15:11,63,65,9200,27033
2023-07-05 14:15:11,62,65,9200,27033
2023-07-05 14:15:19,63,65,9200,27033
2023-07-05 14:15:19,63,67,9215,27048
2023-07-05 14:15:19,63,66,9215,27048
2023-07-05 14:15:22,64,66,9215,27048
2023-07-05 14:15:23,64,67,9255,27088
2023-07-05 14:15:24,64,68,9255,27088
2023-07-05 14:15:24,64,67,9255,27088
2023-07-05 14:15:24,64,68,9310,27143
2023-07-05 14:15:25,65,68,9310,27143
2023-07-05 14:15:25,65,69,9310,27143
2023-07-05 14:15:26,66,69,9310,27143
2023-07-05 14:15:30,65,69,9310,27143
2023-07-05 14:15:30,65,68,9310,27143
2023-07-05 14:15:30,64,68,9310,27143
2023-07-05 14:15:31,64,67,9310,27143
2023-07-05 14:15:32,64,67,9560,27393
2023-07-05 14:15:32,65,67,9560,27393
2023-07-05 14:15:34,65,68,9610,27443
2023-07-05 14:15:36,65,67,9610,27443
2023-07-05 14:15:36,65,67,9860,27693
2023-07-05 14:15:36,65,68,9860,27693
2023-07-05 14:15:38,65,69,10160,27993
2023-07-05 14:15:38,65,68,10160,27993
2023-07-05 14:15:40,65,69,11060,28893
2023-07-05 14:15:41,65,68,11060,28893
2023-07-05 14:15:48,65,70,11260,29093
2023-07-05 14:15:48,68,70,11260,29093
2023-07-05 14:15:48,68,69,11260,29093
2023-07-05 14:15:49,68,73,11314,29147
2023-07-05 14:15:49,69,73,11314,29147
2023-07-05 14:15:49,69,73,11368,29201
2023-07-05 14:15:49,69,72,11368,29201
2023-07-05 14:15:49,69,73,11368,29201
2023-07-05 14:15:49,69,72,11368,29201
2023-07-05 14:15:49,69,73,11370,29203
2023-07-05 14:15:50,70,73,11370,29203
2023-07-05 14:15:50,70,76,11376,29209
2023-07-05 14:15:50,70,74,11376,29209
2023-07-05 14:15:50,70,75,11676,29509
2023-07-05 14:15:51,71,75,11676,29509
2023-07-05 14:15:51,71,76,11676,29509
2023-07-05 14:15:51,71,77,11676,29509
2023-07-05 14:15:51,71,75,11676,29509
2023-07-05 14:15:51,71,76,11676,29509
2023-07-05 14:15:51,71,77,11676,29509
2023-07-05 14:15:51,71,75,11676,29509
2023-07-05 14:15:51,71,77,11676,29509
2023-07-05 14:15:51,71,77,11676,29509
2023-07-05 14:15:54,72,77,11676,29509
2023-07-05 14:15:56,72,76,11676,29509
2023-07-05 14:15:59,72,77,11676,29509
2023-07-05 14:16:00,76,77,11676,29509
2023-07-05 14:16:00,72,77,11876,29709
2023-07-05 14:16:02,72,76,11876,29709
2023-07-05 14:16:04,72,77,11876,29709
2023-07-05 14:16:04,72,75,11876,29709
2023-07-05 14:16:06,71,75,11876,29709
2023-07-05 14:16:06,73,75,11876,29709
2023-07-05 14:16:07,74,75,11876,29709
2023-07-05 14:16:07,74,75,11891,29724
2023-07-05 14:16:08,74,75,12091,29924
2023-07-05 14:16:08,74,77,12406,30239
2023-07-05 14:16:09,75,77,12406,30239
2023-07-05 14:16:09,75,77,12421,30254
2023-07-05 14:16:12,76,77,12421,30254
2023-07-05 14:16:15,77,79,12436,30269
2023-07-05 14:16:15,77,79,12536,30369
2023-07-05 14:16:15,77,78,12536,30369
2023-07-05 14:16:15,77,79,12536,30369
2023-07-05 14:16:16,78,79,12536,30369
2023-07-05 14:16:16,78,79,12581,30414
2023-07-05 14:16:16,78,79,12626,30459
2023-07-05 14:16:17,77,79,12626,30459
2023-07-05 14:16:20,75,79,12626,30459
2023-07-05 14:16:20,76,79,12626,30459
2023-07-05 14:16:21,76,79,12826,30659
2023-07-05 14:16:24,76,78,12826,30659
2023-07-05 14:16:25,76,77,12826,30659
2023-07-05 14:16:26,76,78,12826,30659
2023-07-05 14:16:37,76,77,12826,30659
2023-07-05 14:16:39,76,77,12650,30835
2023-07-05 14:16:39,74,77,12650,30835
2023-07-05 14:16:39,75,77,12650,30835
2023-07-05 14:16:41,75,76,12650,30835
2023-07-05 14:16:45,75,76,12650,30850
2023-07-05 14:16:49,75,77,12650,30850
2023-07-05 14:16:52,75,77,12400,31100
2023-07-05 14:16:56,75,77,12400,31350
2023-07-05 14:16:56,75,76,12400,31600
2023-07-05 14:16:56,75,77,12400,31600
2023-07-05 14:17:02,76,77,12400,31600
2023-07-05 14:17:04,76,77,12150,31850
2023-07-05 14:17:07,76,77,11900,32100
2023-07-05 14:17:09,76,78,11900,32100
2023-07-05 14:17:14,76,77,11900,32100
2023-07-05 14:17:14,75,77,11900,32100
2023-07-05 14:17:16,75,78,11900,32100
2023-07-05 14:17:17,76,78,11900,32100
2023-07-05 14:17:19,76,77,11900,32100
2023-07-05 14:17:19,75,77,11900,32100
2023-07-05 14:17:27,76,77,11900,32100
2023-07-05 14:17:33,75,77,11900,32100
2023-07-05 14:17:38,76,77,11900,32100
2023-07-05 14:17:43,76,77,11791,32350
2023-07-05 14:17:45,75,77,11562,32579
2023-07-05 14:17:47,75,76,11562,32579
2023-07-05 14:17:48,74,75,11547,32594
2023-07-05 14:17:48,73,75,11547,32594
2023-07-05 14:17:52,73,74,11547,32594
2023-07-05 14:17:54,72,74,11532,32794
2023-07-05 14:17:54,71,74,11532,32794
2023-07-05 14:17:58,70,74,11832,33094
2023-07-05 14:17:59,71,74,11832,33094
2023-07-05 14:17:59,71,73,11832,33094
2023-07-05 14:18:04,72,73,11832,33094
2023-07-05 14:18:12,71,73,11832,33094
2023-07-05 14:18:28,72,73,11832,33094
2023-07-05 14:19:01,73,75,11853,33115
2023-07-05 14:19:06,74,75,11853,33115
2023-07-05 14:19:15,74,76,11868,33315
2023-07-05 14:19:19,75,76,11868,33315
2023-07-05 14:19:35,73,76,11868,33315
2023-07-05 14:19:37,74,76,11868,33315
2023-07-05 14:19:43,75,76,11868,33315
2023-07-05 14:19:46,74,76,11868,33315
2023-07-05 14:19:55,75,76,11868,33315
2023-07-05 14:19:58,74,76,11868,33315
2023-07-05 14:19:59,75,76,11868,33315
2023-07-05 14:20:01,76,77,11898,33345
2023-07-05 14:20:01,75,77,11898,33345
2023-07-05 14:20:04,76,77,11898,33345
2023-07-05 14:20:12,76,77,11913,33545
2023-07-05 14:20:13,76,78,11913,33660
2023-07-05 14:20:13,75,78,11913,33660
2023-07-05 14:20:14,76,78,11913,33660
2023-07-05 14:20:17,75,78,11913,33660
2023-07-05 14:20:18,76,78,11913,33660
2023-07-05 14:20:20,77,78,11913,33660
2023-07-05 14:20:20,77,78,12028,33775
2023-07-05 14:20:26,76,78,12028,33775
2023-07-05 14:20:27,75,78,12028,33775
2023-07-05 14:20:29,76,78,12028,33775
2023-07-05 14:20:33,75,78,12028,33775
2023-07-05 14:21:09,76,78,12028,33775
2023-07-05 14:21:10,75,78,12028,33775
2023-07-05 14:21:10,76,78,12028,33775
2023-07-05 14:21:17,77,78,12028,33775
2023-07-05 14:21:23,78,79,12058,33805
2023-07-05 14:21:23,77,79,12228,33975
2023-07-05 14:21:27,76,79,12228,33975
2023-07-05 14:21:28,77,79,12228,33975
2023-07-05 14:21:30,76,79,12228,33975
2023-07-05 14:21:33,77,79,12228,33975
2023-07-05 14:21:35,77,79,12428,34175
2023-07-05 14:21:35,78,79,12508,34255
2023-07-05 14:21:35,78,79,12583,34330
2023-07-05 14:21:36,77,79,12583,34330
2023-07-05 14:21:55,76,79,12583,34330
2023-07-05 14:22:01,77,79,12583,34330
2023-07-05 14:22:03,78,79,12583,34330
2023-07-05 14:22:03,77,79,12783,34530
2023-07-05 14:22:06,79,80,12898,34645
2023-07-05 14:22:06,79,80,12923,34670
2023-07-05 14:22:06,79,80,12948,34695
2023-07-05 14:22:07,79,81,12948,34695
2023-07-05 14:22:07,79,81,13048,34795
2023-07-05 14:22:07,79,80,13048,34795
2023-07-05 14:22:09,79,80,13048,34895
2023-07-05 14:22:10,80,81,13048,34945
2023-07-05 14:22:10,79,81,13063,34960
2023-07-05 14:22:11,80,81,13063,34960
2023-07-05 14:22:11,80,81,13078,34975
2023-07-05 14:22:11,80,81,13093,34990
2023-07-05 14:22:11,79,81,13128,35025
2023-07-05 14:22:12,78,81,13128,35025
2023-07-05 14:22:12,78,80,13128,35025
2023-07-05 14:22:16,78,80,13236,35133
2023-07-05 14:22:16,78,80,13251,35148
2023-07-05 14:22:32,78,80,13256,35153
2023-07-05 14:22:41,78,79,13256,35153
2023-07-05 14:22:43,78,80,13115,35303
2023-07-05 14:22:44,78,80,13115,35353
2023-07-05 14:22:48,78,80,13115,35453
2023-07-05 14:22:52,77,80,13115,35453
2023-07-05 14:22:56,77,79,13115,35453
2023-07-05 14:23:01,77,78,13115,35453
2023-07-05 14:23:01,77,78,13515,35853
2023-07-05 14:24:18,77,78,13565,35903
2023-07-05 14:24:45,77,78,13615,35953
2023-07-05 14:25:02,77,78,13765,36103
2023-07-05 14:25:36,77,78,13815,36153
2023-07-05 14:25:44,76,77,13800,36168
2023-07-05 14:25:46,76,77,13800,36418
2023-07-05 14:25:47,75,76,13760,36458
2023-07-05 14:25:48,75,76,13760,36608
2023-07-05 14:25:49,75,76,13745,36808
2023-07-05 14:25:49,75,76,13745,36858
2023-07-05 14:25:54,73,76,13745,36858
2023-07-05 14:25:54,74,76,13745,36858
2023-07-05 14:25:54,74,76,13745,37008
2023-07-05 14:25:55,74,77,13745,37008
2023-07-05 14:25:59,74,75,13745,37008
2023-07-05 14:26:00,74,76,13745,37208
2023-07-05 14:26:01,75,76,13745,37208
2023-07-05 14:26:02,75,77,13745,37208
2023-07-05 14:26:02,75,77,13995,37458
2023-07-05 14:26:07,75,78,14045,37508
2023-07-05 14:26:08,75,77,14045,37508
2023-07-05 14:26:11,75,77,14295,37758
2023-07-05 14:26:11,75,78,14295,37758
2023-07-05 14:26:15,75,78,14545,38008
2023-07-05 14:26:18,75,79,14595,38058
2023-07-05 14:26:19,75,78,14595,38058
2023-07-05 14:26:21,75,78,14845,38308
2023-07-05 14:26:21,75,79,14845,38308
2023-07-05 14:26:26,75,78,14845,38308
2023-07-05 14:26:29,75,79,14845,38308
2023-07-05 14:26:34,75,77,14845,38308
2023-07-05 14:26:37,75,76,14845,38308
2023-07-05 14:26:38,75,76,14645,38508
2023-07-05 14:26:41,75,77,14645,38708
2023-07-05 14:26:49,75,76,14645,38708
2023-07-05 14:27:03,75,77,14645,38908
2023-07-05 14:27:11,74,77,14645,38908
2023-07-05 14:27:17,74,78,14645,38908
2023-07-05 14:27:17,74,77,14645,38908
2023-07-05 14:27:21,74,78,14645,38908
2023-07-05 14:27:27,75,78,14645,38908
2023-07-05 14:27:39,75,77,14645,38908
2023-07-05 14:27:43,75,76,14645,38908
2023-07-05 14:27:59,74,75,14635,38918
2023-07-05 14:28:00,74,76,14635,39118
2023-07-05 14:28:02,74,77,14635,39118
2023-07-05 14:28:02,74,75,14635,39118
2023-07-05 14:28:05,74,77,14635,39318
2023-07-05 14:28:14,74,75,14635,39318
2023-07-05 14:28:35,74,78,14635,39318
2023-07-05 14:28:35,74,76,14635,39318
2023-07-05 14:28:36,75,76,14635,39318
2023-07-05 14:28:51,75,79,14635,39318
2023-07-05 14:28:51,75,78,14635,39318
2023-07-05 14:28:51,75,77,14635,39318
2023-07-05 14:28:51,75,76,14635,39318
2023-07-05 14:28:51,76,77,14635,39331
2023-07-05 14:28:51,76,77,14635,39333
2023-07-05 14:28:56,75,77,14635,39333
2023-07-05 14:29:00,75,78,14635,39333
2023-07-05 14:29:01,75,76,14635,39333
2023-07-05 14:29:12,75,78,14635,39333
2023-07-05 14:29:12,75,76,14635,39333
2023-07-05 14:29:32,75,78,14635,39333
2023-07-05 14:29:33,75,76,14635,39333
2023-07-05 14:29:54,75,78,14635,39333
2023-07-05 14:29:54,75,79,14635,39333
2023-07-05 14:29:54,75,78,14635,39333
2023-07-05 14:29:54,75,77,14635,39333
2023-07-05 14:29:55,76,77,14635,39333
2023-07-05 14:30:05,75,77,14635,39333
2023-07-05 14:30:08,75,78,14635,39333
2023-07-05 14:30:08,75,76,14635,39333
2023-07-05 14:30:14,75,78,14635,39333
2023-07-05 14:30:14,75,77,14635,39333
2023-07-05 14:30:14,75,77,14535,39433
2023-07-05 14:30:32,75,76,14535,39433
2023-07-05 14:30:33,74,75,14530,39438
2023-07-05 14:30:40,74,75,14480,39488
2023-07-05 14:31:10,74,76,14483,39491
2023-07-05 14:31:11,75,76,14483,39491
2023-07-05 14:31:18,74,76,14483,39491
2023-07-05 14:31:18,73,76,14483,39491
2023-07-05 14:31:18,74,76,14483,39491
2023-07-05 14:31:22,74,75,14483,39491
2023-07-05 14:31:34,74,76,14483,39491
2023-07-05 14:31:34,74,75,14483,39491
2023-07-05 14:31:54,74,75,14333,39641
2023-07-05 14:33:56,74,76,14336,39644
2023-07-05 14:33:57,73,76,14336,39644
2023-07-05 14:33:57,75,76,14336,39644
2023-07-05 14:34:03,75,77,14361,39669
2023-07-05 14:34:04,74,77,14361,39669
2023-07-05 14:34:04,75,77,14361,39669
2023-07-05 14:34:04,76,77,14361,39669
2023-07-05 14:34:05,76,77,14361,39684
2023-07-05 14:34:10,76,77,14361,39704
2023-07-05 14:34:33,74,77,14361,39704
2023-07-05 14:34:33,75,77,14361,39704
2023-07-05 14:34:37,75,76,14361,39704
2023-07-05 14:34:59,73,76,14361,39704
2023-07-05 14:34:59,74,76,14361,39704
2023-07-05 14:35:00,74,75,14361,39704
2023-07-05 14:35:11,74,76,14361,39704
2023-07-05 14:35:12,75,76,14361,39704
2023-07-05 14:35:20,74,76,14361,39704
2023-07-05 14:35:29,75,76,14361,39704
2023-07-05 14:35:55,74,76,14361,39704
2023-07-05 14:36:01,75,76,14361,39704
2023-07-05 14:36:01,75,76,14211,39854
2023-07-05 14:36:14,76,77,14211,39872
2023-07-05 14:36:14,76,77,14211,39887
2023-07-05 14:36:28,75,77,14211,39887
2023-07-05 14:36:28,74,77,14211,39887
2023-07-05 14:36:29,74,75,14211,39887
2023-07-05 14:36:29,75,77,14011,40087
2023-07-05 14:36:29,74,77,14011,40087
2023-07-05 14:36:32,74,76,14011,40087
2023-07-05 14:36:38,74,75,14011,40087
2023-07-05 14:36:41,73,75,13981,40117
2023-07-05 14:36:43,73,74,13981,40117
2023-07-05 14:36:47,73,75,13981,40117
2023-07-05 14:36:47,72,73,13942,40156
2023-07-05 14:37:13,71,73,13942,40156
2023-07-05 14:37:13,70,73,13942,40156
2023-07-05 14:37:13,71,73,13942,40156
2023-07-05 14:37:16,71,72,13942,40156
2023-07-05 14:37:17,70,72,13942,40156
2023-07-05 14:37:17,69,72,13942,40156
2023-07-05 14:37:17,70,72,13942,40156
2023-07-05 14:37:18,70,71,13942,40156
2023-07-05 14:37:20,68,71,13942,40156
2023-07-05 14:37:20,69,71,13942,40156
2023-07-05 14:37:24,68,71,13942,40156
2023-07-05 14:37:24,70,71,13942,40156
2023-07-05 14:37:44,68,71,13942,40156
2023-07-05 14:37:44,69,71,13942,40156
2023-07-05 14:37:45,69,71,13742,40356
2023-07-05 14:37:52,68,71,13742,40356
2023-07-05 14:37:52,68,69,13742,40356
2023-07-05 14:37:52,66,69,13742,40356
2023-07-05 14:37:52,66,70,13746,40360
2023-07-05 14:37:53,67,70,13746,40360
2023-07-05 14:37:54,67,69,13746,40360
2023-07-05 14:37:56,66,69,13746,40360
2023-07-05 14:37:56,66,70,13746,40360
2023-07-05 14:37:56,66,69,13746,40360
2023-07-05 14:37:56,68,69,13746,40360
2023-07-05 14:38:03,68,71,13746,40360
2023-07-05 14:38:03,68,70,13746,40360
2023-07-05 14:38:03,69,70,13746,40360
2023-07-05 14:38:10,67,70,13746,40360
2023-07-05 14:38:10,68,70,13746,40360
2023-07-05 14:38:36,67,70,13746,40360
2023-07-05 14:38:36,69,70,13746,40360
2023-07-05 14:38:47,67,70,13746,40360
2023-07-05 14:38:47,68,70,13746,40360
2023-07-05 14:39:06,67,70,13746,40360
2023-07-05 14:39:06,66,70,13746,40360
2023-07-05 14:39:06,67,70,13746,40360
2023-07-05 14:39:07,67,69,13746,40360
2023-07-05 14:39:08,66,69,13746,40360
2023-07-05 14:39:08,65,69,13746,40360
2023-07-05 14:39:08,66,69,13746,40360
2023-07-05 14:39:10,66,68,13746,40360
2023-07-05 14:39:18,65,68,13746,40360
2023-07-05 14:39:18,64,68,13746,40360
2023-07-05 14:39:18,65,68,13746,40360
2023-07-05 14:39:20,65,67,13746,40360
2023-07-05 14:39:25,66,67,13746,40360
2023-07-05 14:39:27,65,67,13746,40372
2023-07-05 14:39:29,65,68,13746,40372
2023-07-05 14:39:44,65,67,13746,40372
2023-07-05 14:40:12,65,66,13746,40372
2023-07-05 14:40:12,64,65,13746,40387
2023-07-05 14:40:13,64,66,13746,40387
2023-07-05 14:40:13,64,65,13746,40387
2023-07-05 14:40:18,64,66,13746,40387
2023-07-05 14:40:26,62,65,13746,40387
2023-07-05 14:40:33,62,64,13746,40387
2023-07-05 14:40:33,62,63,13746,40387
2023-07-05 14:40:54,62,66,13746,40387
2023-07-05 14:40:54,62,63,13746,40387
2023-07-05 14:40:54,62,66,13746,40387
2023-07-05 14:40:54,62,66,13746,40387
2023-07-05 14:40:54,62,65,13746,40387
2023-07-05 14:40:55,63,65,13746,40387
2023-07-05 14:41:50,63,67,13746,40387
2023-07-05 14:41:50,63,66,13746,40387
2023-07-05 14:41:54,63,65,13746,40387
2023-07-05 14:41:56,63,64,13746,40387
2023-07-05 14:42:03,62,64,13731,40402
2023-07-05 14:42:04,62,63,13731,40402
2023-07-05 14:42:07,61,63,13731,40417
2023-07-05 14:42:07,59,62,13731,40432
2023-07-05 14:42:09,59,61,13731,40432
2023-07-05 14:42:12,59,60,13731,40432
2023-07-05 14:42:16,58,60,13731,40447
2023-07-05 14:42:17,59,60,13731,40447
2023-07-05 14:42:18,59,61,13731,40447
2023-07-05 14:42:22,60,61,13731,40447
2023-07-05 14:42:22,60,61,13761,40477
2023-07-05 14:42:26,59,61,13761,40477
2023-07-05 14:42:42,58,61,13761,40477
2023-07-05 14:42:44,58,60,13761,40477
2023-07-05 14:42:45,58,61,13761,40477
2023-07-05 14:42:48,59,61,13761,40477
2023-07-05 14:42:51,60,61,13761,40477
2023-07-05 14:42:59,60,62,13776,40492
2023-07-05 14:42:59,61,62,13776,40492
2023-07-05 14:43:28,60,62,13776,40492
2023-07-05 14:44:00,59,62,13776,40492
2023-07-05 14:44:05,59,61,13776,40492
2023-07-05 14:44:22,59,62,13776,40492
2023-07-05 14:44:26,59,61,13776,40492
2023-07-05 14:44:33,59,62,13776,40492
2023-07-05 14:44:33,59,61,13776,40492
2023-07-05 14:44:33,59,60,13776,40492
2023-07-05 14:44:45,57,59,13761,40507
2023-07-05 14:44:47,56,59,13761,40507
2023-07-05 14:44:49,56,58,13761,40507
2023-07-05 14:44:53,56,60,13761,40507
2023-07-05 14:44:53,56,59,13761,40507
2023-07-05 14:44:55,57,59,13761,40507
2023-07-05 14:44:59,57,60,13761,40507
2023-07-05 14:44:59,57,59,13761,40507
2023-07-05 14:45:01,57,60,13776,40522
2023-07-05 14:45:03,58,60,13776,40522
2023-07-05 14:45:04,58,61,13776,40522
2023-07-05 14:45:04,57,61,13776,40522
2023-07-05 14:45:04,57,59,13776,40522
2023-07-05 14:45:13,57,59,13776,40527
2023-07-05 14:45:15,56,59,13776,40527
2023-07-05 14:45:15,57,59,13776,40527
2023-07-05 14:45:16,57,58,13776,40527
2023-07-05 14:45:18,57,59,13776,40537
2023-07-05 14:45:22,56,59,13796,40572
2023-07-05 14:45:22,56,58,13796,40572
2023-07-05 14:45:33,56,59,13796,40572
2023-07-05 14:45:33,56,58,13796,40572
2023-07-05 14:45:33,56,57,13796,40572
2023-07-05 14:45:34,56,58,13796,40572
2023-07-05 14:45:34,56,58,13776,40592
2023-07-05 14:45:38,56,57,13776,40592
2023-07-05 14:45:50,54,57,13776,40592
2023-07-05 14:45:50,54,58,13776,40592
2023-07-05 14:46:00,54,57,13776,40592
2023-07-05 14:46:09,54,56,13776,40592
2023-07-05 14:46:14,54,55,13776,40592
2023-07-05 14:46:26,52,55,13776,40592
2023-07-05 14:46:31,52,56,13776,40592
2023-07-05 14:46:31,53,56,13776,40592
2023-07-05 14:46:39,53,57,13776,40592
2023-07-05 14:46:45,53,56,13776,40592
2023-07-05 14:46:46,53,57,13776,40592
2023-07-05 14:46:47,54,57,13776,40592
2023-07-05 14:46:48,55,57,13776,40592
2023-07-05 14:46:53,54,57,13776,40592
2023-07-05 14:46:59,54,56,13776,40592
2023-07-05 14:47:19,53,54,13751,40617
2023-07-05 14:47:20,53,55,13751,40792
2023-07-05 14:47:26,54,55,13751,40792
2023-07-05 14:47:30,54,57,13766,40807
2023-07-05 14:47:31,54,56,13766,40807
2023-07-05 14:47:33,55,56,13766,40807
2023-07-05 14:47:34,54,56,13766,40807
2023-07-05 14:47:34,54,57,13766,40807
2023-07-05 14:47:53,53,57,13766,40807
2023-07-05 14:47:53,53,56,13766,40807
2023-07-05 14:47:53,54,56,13766,40807
2023-07-05 14:47:58,53,56,13766,40807
2023-07-05 14:48:00,53,55,13766,40807
2023-07-05 14:48:27,53,56,13766,40807
2023-07-05 14:48:30,53,55,13766,40807
2023-07-05 14:48:42,53,56,13766,40807
2023-07-05 14:48:55,54,56,13766,40807
2023-07-05 14:49:01,53,56,13766,40807
2023-07-05 14:49:06,53,55,13766,40807
2023-07-05 14:49:11,53,56,13766,40807
2023-07-05 14:49:14,53,55,13766,40807
2023-07-05 14:49:52,53,56,13766,40807
2023-07-05 14:50:02,53,55,13766,40807
2023-07-05 14:50:05,53,56,13766,40807
2023-07-05 14:50:16,53,55,13766,40807
2023-07-05 14:50:27,53,54,13766,40807
2023-07-05 14:50:31,52,54,13741,40832
2023-07-05 14:51:44,52,53,13741,40832
2023-07-05 14:51:45,51,53,13701,40872
2023-07-05 14:51:47,51,54,13701,40872
2023-07-05 14:51:49,51,53,13701,40872
2023-07-05 14:51:56,51,55,13701,40872
2023-07-05 14:51:56,52,55,13701,40872
2023-07-05 14:51:56,52,54,13701,40872
2023-07-05 14:51:56,53,54,13701,40872
2023-07-05 14:52:02,53,55,13796,40967
2023-07-05 14:52:03,53,56,13796,40967
2023-07-05 14:52:08,53,55,13796,40967
2023-07-05 14:52:09,53,54,13796,40967
2023-07-05 14:52:11,52,54,13796,41267
2023-07-05 14:52:12,52,53,13796,41267
2023-07-05 14:52:14,51,53,13796,41417
2023-07-05 14:52:15,51,52,13796,41417
2023-07-05 14:52:20,50,52,13766,41447
2023-07-05 14:52:33,50,51,13766,41447
2023-07-05 14:52:49,50,52,13781,41462
2023-07-05 14:53:05,50,51,13781,41462
2023-07-05 14:53:10,50,52,13781,41462
2023-07-05 14:53:23,50,51,13781,41462
2023-07-05 14:53:28,50,52,13781,41462
2023-07-05 14:53:28,50,51,13781,41462
2023-07-05 14:53:31,50,52,13781,41462
2023-07-05 14:53:31,50,51,13781,41462
2023-07-05 14:53:37,49,51,13781,41462
2023-07-05 14:53:44,49,50,13781,41462
2023-07-05 14:53:56,48,50,13781,41462
2023-07-05 14:54:06,49,50,13781,41462
2023-07-05 14:54:06,49,52,13781,41462
2023-07-05 14:54:07,49,51,13781,41462
2023-07-05 14:54:13,50,51,13781,41462
2023-07-05 14:54:14,50,52,13781,41612
2023-07-05 14:54:18,50,54,13781,41642
2023-07-05 14:54:18,50,53,13781,41642
2023-07-05 14:54:34,50,52,13781,41642
2023-07-05 14:54:36,50,52,13781,41647
2023-07-05 14:54:38,50,53,13781,41647
2023-07-05 14:54:40,51,53,13781,41647
2023-07-05 14:55:03,51,52,13781,41647
2023-07-05 14:55:15,49,50,13736,41692
2023-07-05 14:55:15,49,50,13736,41694
2023-07-05 14:55:20,49,51,13736,41694
2023-07-05 14:55:21,49,51,13716,41714
2023-07-05 14:55:21,49,50,13716,41714
2023-07-05 14:55:28,49,50,13696,41734
2023-07-05 14:55:32,49,52,13711,41749
2023-07-05 14:55:32,50,52,13711,41749
2023-07-05 14:55:35,49,52,13711,41749
2023-07-05 14:55:35,49,53,13711,41749
2023-07-05 14:55:35,51,53,13711,41749
2023-07-05 14:55:36,49,53,13711,41749
2023-07-05 14:55:36,50,53,13711,41749
2023-07-05 14:55:36,52,53,13711,41749
2023-07-05 14:55:37,52,54,13711,41749
2023-07-05 14:55:38,52,55,13711,41749
2023-07-05 14:55:38,52,53,13711,41749
2023-07-05 14:55:38,52,55,13771,41889
2023-07-05 14:55:38,52,54,13771,41889
2023-07-05 14:55:38,52,55,13771,41889
2023-07-05 14:55:43,52,56,13771,41889
2023-07-05 14:55:43,53,56,13771,41889
2023-07-05 14:55:44,53,55,13771,41889
2023-07-05 14:55:44,53,56,13786,41904
2023-07-05 14:55:45,52,56,13786,41904
2023-07-05 14:55:45,54,56,13786,41904
2023-07-05 14:55:46,54,56,13786,41924
2023-07-05 14:55:50,53,56,13786,41924
2023-07-05 14:55:59,54,56,13786,41924
2023-07-05 14:56:02,54,56,14036,42174
2023-07-05 14:56:04,54,57,14101,42259
2023-07-05 14:56:05,54,56,14101,42259
2023-07-05 14:56:06,54,56,14121,42279
2023-07-05 14:56:07,54,56,14371,42529
2023-07-05 14:56:07,54,57,14371,42529
2023-07-05 14:56:10,54,58,14371,42549
2023-07-05 14:56:10,54,57,14371,42549
2023-07-05 14:56:10,55,57,14371,42549
2023-07-05 14:56:11,55,58,14401,42579
2023-07-05 14:56:11,54,58,14401,42579
2023-07-05 14:56:11,56,58,14401,42579
2023-07-05 14:56:14,56,58,14421,42599
2023-07-05 14:56:14,56,58,14671,42849
2023-07-05 14:56:15,58,59,14811,43049
2023-07-05 14:56:15,56,59,14811,43049
2023-07-05 14:56:15,56,58,14811,43049
2023-07-05 14:56:15,56,59,14841,43079
2023-07-05 14:56:18,57,59,14841,43079
2023-07-05 14:56:18,57,59,14861,43099
2023-07-05 14:56:22,56,59,14861,43099
2023-07-05 14:56:22,58,59,14861,43099
2023-07-05 14:56:26,58,61,14921,43159
2023-07-05 14:56:26,58,60,14921,43159
2023-07-05 14:56:26,58,61,14921,43159
2023-07-05 14:56:30,59,61,14921,43159
2023-07-05 14:56:30,59,61,14941,43179
2023-07-05 14:56:32,59,61,14961,43199
2023-07-05 14:56:32,59,62,14961,43199
2023-07-05 14:56:32,59,61,14961,43199
2023-07-05 14:56:35,59,62,14976,43214
2023-07-05 14:56:35,59,61,14976,43214
2023-07-05 14:56:58,59,61,14996,43234
2023-07-05 14:57:02,60,61,14996,43234
2023-07-05 14:57:05,59,61,14996,43274
2023-07-05 14:57:05,59,61,14981,43289
2023-07-05 14:57:05,57,61,15001,43329
2023-07-05 14:57:10,56,61,15001,43329
2023-07-05 14:57:10,58,61,15001,43329
2023-07-05 14:57:12,58,59,15001,43329
2023-07-05 14:57:14,57,59,15001,43329
2023-07-05 14:57:14,57,59,15021,43349
2023-07-05 14:57:14,58,59,15021,43349
2023-07-05 14:57:33,57,59,14961,43409
2023-07-05 14:57:33,56,59,14961,43439
2023-07-05 14:57:36,56,59,14941,43459
2023-07-05 14:57:38,56,59,14921,43479
2023-07-05 14:57:38,56,57,14921,43479
2023-07-05 14:57:48,56,57,14881,43519
2023-07-05 14:57:49,55,57,14881,43519
2023-07-05 14:57:51,55,56,14881,43519
2023-07-05 14:57:55,55,56,14961,43769
2023-07-05 14:57:56,55,57,14961,43769
2023-07-05 14:57:56,55,57,14881,43849
2023-07-05 14:57:58,55,57,14861,43869
2023-07-05 14:58:00,55,57,14841,43889
2023-07-05 14:58:04,55,56,14841,43889
2023-07-05 14:58:04,55,56,14841,43999
2023-07-05 14:58:09,55,56,14821,44019
2023-07-05 14:58:13,55,56,14571,44269
2023-07-05 14:58:22,55,56,14471,44369
2023-07-05 14:58:23,54,56,14508,44449
2023-07-05 14:58:24,53,56,14548,44489
2023-07-05 14:58:25,54,56,14548,44489
2023-07-05 14:58:31,55,56,14548,44489
2023-07-05 14:58:32,54,56,14568,44510
2023-07-05 14:58:32,54,56,14583,44529
2023-07-05 14:58:33,53,56,14583,44529
2023-07-05 14:58:33,53,55,14583,44529
2023-07-05 14:58:42,53,56,14583,44529
2023-07-05 14:58:42,53,54,14583,44529
2023-07-05 14:58:43,54,56,14583,44581
2023-07-05 14:58:43,54,55,14583,44581
2023-07-05 14:58:45,53,55,14583,44649
2023-07-05 14:58:48,52,55,14568,44664
2023-07-05 14:58:48,53,55,14568,44664
2023-07-05 14:58:49,53,54,14568,44664
2023-07-05 14:58:49,52,54,14568,44704
2023-07-05 14:59:06,52,53,14568,44704
2023-07-05 14:59:10,50,53,14553,44879
2023-07-05 14:59:14,50,54,14553,44879
2023-07-05 14:59:14,51,54,14553,44879
2023-07-05 14:59:14,51,52,14553,44879
2023-07-05 14:59:18,50,52,14553,44879
2023-07-05 14:59:18,50,54,14553,44879
2023-07-05 14:59:18,51,54,14553,44879
2023-07-05 14:59:18,51,52,14553,44879
2023-07-05 14:59:21,51,52,14568,44894
2023-07-05 14:59:28,50,52,14568,44894
2023-07-05 14:59:28,50,53,14568,44894
2023-07-05 14:59:28,51,53,14568,44894
2023-07-05 14:59:28,51,52,14568,44894
2023-07-05 14:59:33,50,52,14568,44894
2023-07-05 14:59:33,50,51,14568,44894
2023-07-05 14:59:43,50,52,14568,44894
2023-07-05 14:59:43,49,50,14553,44909
2023-07-05 14:59:47,47,50,14553,44989
2023-07-05 14:59:50,49,50,14553,44989
2023-07-05 14:59:50,47,50,14553,45089
2023-07-05 14:59:55,47,48,14553,45089
2023-07-05 15:00:06,47,51,14553,45089
2023-07-05 15:00:06,48,51,14553,45089
2023-07-05 15:00:06,48,49,14553,45089
2023-07-05 15:00:10,48,52,14553,45168
2023-07-05 15:00:11,48,51,14553,45168
2023-07-05 15:00:11,49,51,14553,45168
2023-07-05 15:00:11,49,50,14553,45168
2023-07-05 15:00:11,49,50,14573,45188
2023-07-05 15:00:16,48,50,14573,45188
2023-07-05 15:00:16,48,49,14573,45188
2023-07-05 15:00:21,48,51,14573,45207
2023-07-05 15:00:21,49,51,14573,45207
2023-07-05 15:00:21,49,51,14553,45247
2023-07-05 15:00:24,50,51,14553,45247
2023-07-05 15:00:34,49,51,14553,45247
2023-07-05 15:00:34,49,50,14553,45247
2023-07-05 15:00:36,49,51,14553,45326
2023-07-05 15:00:37,50,51,14553,45326
2023-07-05 15:00:43,48,51,14553,45326
2023-07-05 15:00:43,50,51,14553,45326
2023-07-05 15:00:45,48,51,14553,45326
2023-07-05 15:00:45,49,51,14553,45326
2023-07-05 15:00:45,49,50,14553,45326
2023-07-05 15:00:49,47,50,14553,45365
2023-07-05 15:00:52,47,48,14553,45365
2023-07-05 15:00:54,47,50,14553,45365
2023-07-05 15:00:54,48,50,14553,45365
2023-07-05 15:00:54,48,49,14553,45365
2023-07-05 15:00:56,47,49,14553,45365
2023-07-05 15:00:56,47,50,14553,45365
2023-07-05 15:00:56,47,48,14553,45365
2023-07-05 15:01:07,46,48,14523,45473
2023-07-05 15:01:14,47,48,14523,45473
2023-07-05 15:01:16,48,51,14538,45488
2023-07-05 15:01:16,48,49,14538,45488
2023-07-05 15:01:27,46,49,14538,45570
2023-07-05 15:01:27,48,49,14538,45570
2023-07-05 15:01:28,46,49,14538,45589
2023-07-05 15:01:31,47,49,14538,45589
2023-07-05 15:01:35,48,49,14538,45589
2023-07-05 15:01:39,48,50,14553,45662
2023-07-05 15:01:40,49,50,14553,45662
2023-07-05 15:01:40,48,50,14553,45700
2023-07-05 15:01:45,49,50,14553,45700
2023-07-05 15:01:45,48,50,14553,46000
2023-07-05 15:01:46,48,50,14476,46077
2023-07-05 15:01:46,48,51,14491,46092
2023-07-05 15:01:47,50,51,14491,46092
2023-07-05 15:01:47,48,51,14491,46130
2023-07-05 15:01:49,49,51,14491,46130
2023-07-05 15:01:51,48,51,14491,46130
2023-07-05 15:01:57,47,51,14491,46130
2023-07-05 15:01:57,47,50,14491,46130
2023-07-05 15:01:58,49,50,14491,46130
2023-07-05 15:02:00,47,50,14491,46149
2023-07-05 15:02:00,47,49,14491,46149
2023-07-05 15:02:01,46,49,14491,46149
2023-07-05 15:02:02,48,49,14491,46149
2023-07-05 15:02:18,46,49,14491,46187
2023-07-05 15:02:18,46,48,14491,46187
2023-07-05 15:02:24,47,48,14491,46187
2023-07-05 15:02:27,47,49,14491,46225
2023-07-05 15:02:29,49,50,14506,46240
2023-07-05 15:02:34,46,49,14506,46320
2023-07-05 15:02:35,46,50,14506,46540
2023-07-05 15:02:36,48,50,14506,46540
2023-07-05 15:02:36,48,49,14506,46540
2023-07-05 15:02:44,46,48,14544,46578
2023-07-05 15:02:46,47,48,14544,46578
2023-07-05 15:02:47,47,49,14601,46635
2023-07-05 15:02:48,48,49,14601,46635
2023-07-05 15:02:48,49,50,14604,46638
2023-07-05 15:02:54,49,50,14619,46653
2023-07-05 15:02:57,47,50,14619,46653
2023-07-05 15:02:57,47,51,14619,46653
2023-07-05 15:02:57,49,51,14619,46653
2023-07-05 15:02:57,49,50,14619,46653
2023-07-05 15:03:06,48,50,14619,46653
2023-07-05 15:03:06,48,49,14619,46653
2023-07-05 15:03:15,47,49,14619,46653
2023-07-05 15:03:15,47,50,14619,46653
2023-07-05 15:03:15,47,48,14619,46653
2023-07-05 15:03:31,47,50,14619,46653
2023-07-05 15:03:31,49,50,14619,46653
2023-07-05 15:03:44,47,50,14619,46653
2023-07-05 15:03:44,49,50,14619,46653
2023-07-05 15:03:46,47,50,14619,46653
2023-07-05 15:03:46,49,50,14619,46653
