datetime,bid,ask,open_interest,volume
2023-11-07 10:35:04,71,100,0,0
2023-11-07 10:35:05,71,81,0,0
2023-11-07 10:35:20,71,85,0,0
2023-11-07 10:35:20,71,89,0,0
2023-11-07 10:35:20,71,93,0,0
2023-11-07 10:35:20,71,100,0,0
2023-11-07 10:35:21,71,82,0,0
2023-11-07 10:35:23,71,86,0,0
2023-11-07 10:35:23,71,90,0,0
2023-11-07 10:35:23,71,94,0,0
2023-11-07 10:35:23,71,100,0,0
2023-11-07 10:35:34,71,81,0,0
2023-11-07 10:35:36,71,85,0,0
2023-11-07 10:35:36,71,89,0,0
2023-11-07 10:35:36,71,93,0,0
2023-11-07 10:35:36,71,100,0,0
2023-11-07 10:35:38,71,82,0,0
2023-11-07 10:36:07,71,86,0,0
2023-11-07 10:36:07,71,90,0,0
2023-11-07 10:36:07,71,94,0,0
2023-11-07 10:36:07,71,100,0,0
2023-11-07 10:36:08,71,83,0,0
2023-11-07 10:37:02,67,83,0,0
2023-11-07 10:37:43,74,83,0,0
2023-11-07 10:37:45,74,87,0,0
2023-11-07 10:37:45,74,91,0,0
2023-11-07 10:37:45,74,95,0,0
2023-11-07 10:37:45,74,100,0,0
2023-11-07 10:37:46,74,84,0,0
2023-11-07 10:37:55,74,88,0,0
2023-11-07 10:37:55,74,92,0,0
2023-11-07 10:37:55,74,96,0,0
2023-11-07 10:37:55,74,100,0,0
2023-11-07 10:37:56,74,85,0,0
2023-11-07 10:38:21,70,85,0,0
2023-11-07 10:38:21,66,85,0,0
2023-11-07 10:38:21,62,85,0,0
2023-11-07 10:38:21,1,85,0,0
2023-11-07 10:38:22,73,85,0,0
2023-11-07 10:38:23,69,85,0,0
2023-11-07 10:38:23,65,85,0,0
2023-11-07 10:38:23,61,85,0,0
2023-11-07 10:38:23,1,85,0,0
2023-11-07 10:38:38,73,85,0,0
2023-11-07 10:39:01,69,85,0,0
2023-11-07 10:39:01,65,85,0,0
2023-11-07 10:39:01,61,85,0,0
2023-11-07 10:39:01,1,85,0,0
2023-11-07 10:39:02,72,85,0,0
2023-11-07 10:39:21,72,100,0,0
2023-11-07 10:39:25,72,83,0,0
2023-11-07 10:39:28,72,87,0,0
2023-11-07 10:39:28,72,91,0,0
2023-11-07 10:39:28,72,95,0,0
2023-11-07 10:39:28,72,100,0,0
2023-11-07 10:39:29,72,84,0,0
2023-11-07 10:40:35,68,84,0,0
2023-11-07 10:40:41,74,84,0,0
2023-11-07 10:41:01,74,88,0,0
2023-11-07 10:41:01,74,92,0,0
2023-11-07 10:41:01,74,96,0,0
2023-11-07 10:41:01,74,100,0,0
2023-11-07 10:41:02,74,85,0,0
2023-11-07 10:42:27,66,85,0,0
2023-11-07 10:42:35,74,85,0,0
2023-11-07 10:42:45,74,89,0,0
2023-11-07 10:42:48,74,83,0,0
2023-11-07 10:42:52,74,87,0,0
2023-11-07 10:42:52,74,91,0,0
2023-11-07 10:42:52,74,95,0,0
2023-11-07 10:42:52,74,100,0,0
2023-11-07 10:42:53,74,84,0,0
2023-11-07 10:43:27,74,88,0,0
2023-11-07 10:43:27,74,92,0,0
2023-11-07 10:43:27,74,96,0,0
2023-11-07 10:43:27,74,100,0,0
2023-11-07 10:43:28,74,85,0,0
2023-11-07 10:44:31,70,85,0,0
2023-11-07 10:44:40,76,85,0,0
2023-11-07 10:44:44,72,85,0,0
2023-11-07 10:44:44,68,85,0,0
2023-11-07 10:44:44,64,85,0,0
2023-11-07 10:44:44,1,85,0,0
2023-11-07 10:44:45,75,85,0,0
2023-11-07 10:44:47,71,85,0,0
2023-11-07 10:44:47,67,85,0,0
2023-11-07 10:44:47,63,85,0,0
2023-11-07 10:44:47,1,85,0,0
2023-11-07 10:44:51,1,89,0,0
2023-11-07 10:44:54,75,100,0,0
2023-11-07 10:44:56,75,85,0,0
2023-11-07 10:45:02,71,85,0,0
2023-11-07 10:45:02,67,85,0,0
2023-11-07 10:45:02,63,85,0,0
2023-11-07 10:45:02,1,85,0,0
2023-11-07 10:45:03,74,85,0,0
2023-11-07 10:46:22,74,89,0,0
2023-11-07 10:46:33,74,85,0,0
2023-11-07 10:46:40,70,85,0,0
2023-11-07 10:46:49,1,89,0,0
2023-11-07 10:46:49,1,93,0,0
2023-11-07 10:46:49,1,97,0,0
2023-11-07 10:46:49,1,100,0,0
2023-11-07 10:46:50,1,85,0,0
2023-11-07 10:46:52,76,85,0,0
2023-11-07 10:46:55,76,89,0,0
2023-11-07 10:46:55,76,93,0,0
2023-11-07 10:46:55,76,97,0,0
2023-11-07 10:46:55,76,100,0,0
2023-11-07 10:46:55,76,87,0,0
2023-11-07 10:46:57,76,91,0,0
2023-11-07 10:46:57,76,95,0,0
2023-11-07 10:46:57,76,99,0,0
2023-11-07 10:46:57,76,100,0,0
2023-11-07 10:47:22,76,87,0,0
2023-11-07 10:47:28,76,91,0,0
2023-11-07 10:47:28,76,95,0,0
2023-11-07 10:47:28,76,99,0,0
2023-11-07 10:47:28,76,100,0,0
2023-11-07 10:47:29,76,87,0,0
2023-11-07 10:47:34,76,91,0,0
2023-11-07 10:47:34,76,95,0,0
2023-11-07 10:47:34,76,99,0,0
2023-11-07 10:47:34,76,100,0,0
2023-11-07 10:47:52,76,87,0,0
2023-11-07 10:48:01,76,91,0,0
2023-11-07 10:48:01,76,95,0,0
2023-11-07 10:48:01,76,99,0,0
2023-11-07 10:48:01,76,100,0,0
2023-11-07 10:48:03,76,89,0,0
2023-11-07 10:48:33,64,89,0,0
2023-11-07 10:48:39,78,89,0,0
2023-11-07 10:49:34,78,100,0,0
2023-11-07 10:49:43,78,90,0,0
2023-11-07 10:50:28,1,90,0,0
2023-11-07 10:50:38,80,90,0,0
2023-11-07 10:51:03,80,94,0,0
2023-11-07 10:51:03,80,98,0,0
2023-11-07 10:51:03,80,100,0,0
2023-11-07 10:51:04,80,92,0,0
2023-11-07 10:51:12,80,96,0,0
2023-11-07 10:51:12,80,100,0,0
2023-11-07 10:51:26,80,91,0,0
2023-11-07 10:52:19,76,91,0,0
2023-11-07 10:52:35,80,91,0,0
2023-11-07 10:52:54,80,95,0,0
2023-11-07 10:52:59,80,90,0,0
2023-11-07 10:53:11,80,94,0,0
2023-11-07 10:53:11,80,98,0,0
2023-11-07 10:53:11,80,100,0,0
2023-11-07 10:53:12,80,91,0,0
2023-11-07 10:53:14,80,95,0,0
2023-11-07 10:53:14,80,99,0,0
2023-11-07 10:53:14,80,100,0,0
2023-11-07 10:53:25,80,92,0,0
2023-11-07 10:53:57,80,96,0,0
2023-11-07 10:53:57,80,100,0,0
2023-11-07 10:53:58,80,93,0,0
2023-11-07 10:54:09,80,97,0,0
2023-11-07 10:54:09,80,100,0,0
2023-11-07 10:54:23,76,100,0,0
2023-11-07 10:54:23,1,93,0,0
2023-11-07 10:54:35,82,93,0,0
2023-11-07 10:55:19,82,97,0,0
2023-11-07 10:55:19,82,100,0,0
2023-11-07 10:55:20,82,94,0,0
2023-11-07 10:56:22,78,94,0,0
2023-11-07 10:56:28,82,94,0,0
2023-11-07 10:56:37,78,94,0,0
2023-11-07 10:56:37,74,94,0,0
2023-11-07 10:56:37,70,94,0,0
2023-11-07 10:56:37,1,94,0,0
2023-11-07 10:56:38,82,94,0,0
2023-11-07 10:56:41,78,94,0,0
2023-11-07 10:56:41,74,94,0,0
2023-11-07 10:56:41,70,94,0,0
2023-11-07 10:56:41,1,94,0,0
2023-11-07 10:56:48,81,94,0,0
2023-11-07 10:56:52,81,100,0,0
2023-11-07 10:56:57,77,100,0,0
2023-11-07 10:56:57,73,100,0,0
2023-11-07 10:56:57,69,100,0,0
2023-11-07 10:56:57,1,100,0,0
2023-11-07 10:56:58,81,100,0,0
2023-11-07 10:56:59,81,90,0,0
2023-11-07 10:57:15,77,90,0,0
2023-11-07 10:57:15,73,90,0,0
2023-11-07 10:57:15,69,90,0,0
2023-11-07 10:57:15,1,90,0,0
2023-11-07 10:57:16,81,90,0,0
2023-11-07 10:57:19,77,90,0,0
2023-11-07 10:57:19,73,90,0,0
2023-11-07 10:57:19,69,90,0,0
2023-11-07 10:57:19,1,90,0,0
2023-11-07 10:57:19,80,90,0,0
2023-11-07 10:57:21,76,90,0,0
2023-11-07 10:57:21,72,90,0,0
2023-11-07 10:57:21,68,90,0,0
2023-11-07 10:57:21,1,90,0,0
2023-11-07 10:57:34,79,90,0,0
2023-11-07 10:57:39,75,90,0,0
2023-11-07 10:57:39,71,90,0,0
2023-11-07 10:57:39,67,90,0,0
2023-11-07 10:57:39,1,90,0,0
2023-11-07 10:57:40,78,90,0,0
2023-11-07 10:58:54,78,94,0,0
2023-11-07 10:58:59,78,88,0,0
2023-11-07 10:59:16,74,88,0,0
2023-11-07 10:59:25,1,92,0,0
2023-11-07 10:59:25,1,96,0,0
2023-11-07 10:59:25,1,100,0,0
2023-11-07 10:59:25,80,100,0,0
2023-11-07 10:59:26,80,89,0,0
2023-11-07 10:59:27,76,89,0,0
2023-11-07 10:59:27,72,89,0,0
2023-11-07 10:59:27,68,89,0,0
2023-11-07 10:59:27,1,89,0,0
2023-11-07 10:59:29,80,89,0,0
2023-11-07 10:59:32,80,93,0,0
2023-11-07 10:59:32,80,97,0,0
2023-11-07 10:59:32,80,100,0,0
2023-11-07 10:59:44,80,90,0,0
2023-11-07 11:00:07,80,94,0,0
2023-11-07 11:00:07,80,98,0,0
2023-11-07 11:00:07,80,100,0,0
2023-11-07 11:00:08,80,90,0,0
2023-11-07 11:00:31,76,90,0,0
2023-11-07 11:00:31,72,90,0,0
2023-11-07 11:00:31,68,90,0,0
2023-11-07 11:00:31,1,90,0,0
2023-11-07 11:00:32,79,90,0,0
2023-11-07 11:00:47,75,90,0,0
2023-11-07 11:00:47,71,90,0,0
2023-11-07 11:00:47,67,90,0,0
2023-11-07 11:00:47,1,90,0,0
2023-11-07 11:00:48,78,90,0,0
2023-11-07 11:00:51,74,90,0,0
2023-11-07 11:00:51,70,90,0,0
2023-11-07 11:00:51,66,90,0,0
2023-11-07 11:00:51,1,90,0,0
2023-11-07 11:01:03,78,90,0,0
2023-11-07 11:01:34,78,94,0,0
2023-11-07 11:01:50,78,88,0,0
2023-11-07 11:01:58,74,88,0,0
2023-11-07 11:01:58,70,88,0,0
2023-11-07 11:01:58,66,88,0,0
2023-11-07 11:01:58,1,88,0,0
2023-11-07 11:02:00,77,88,0,0
2023-11-07 11:03:25,77,92,0,0
2023-11-07 11:03:33,77,88,0,0
2023-11-07 11:03:53,73,88,0,0
2023-11-07 11:04:05,78,88,0,0
2023-11-07 11:04:14,78,92,0,0
2023-11-07 11:04:14,78,96,0,0
2023-11-07 11:04:14,78,100,0,0
2023-11-07 11:04:16,78,89,0,0
2023-11-07 11:04:23,78,93,0,0
2023-11-07 11:04:23,78,97,0,0
2023-11-07 11:04:23,78,100,0,0
2023-11-07 11:04:47,78,88,0,0
2023-11-07 11:05:09,78,92,0,0
2023-11-07 11:05:09,78,96,0,0
2023-11-07 11:05:09,78,100,0,0
2023-11-07 11:05:10,78,89,0,0
2023-11-07 11:05:18,78,93,0,0
2023-11-07 11:05:18,78,97,0,0
2023-11-07 11:05:18,78,100,0,0
2023-11-07 11:05:25,78,89,0,0
2023-11-07 11:06:01,74,89,0,0
2023-11-07 11:06:11,79,89,0,0
2023-11-07 11:07:17,79,97,0,0
2023-11-07 11:07:27,79,89,0,0
2023-11-07 11:07:46,79,93,0,0
2023-11-07 11:07:46,79,97,0,0
2023-11-07 11:07:46,79,100,0,0
2023-11-07 11:07:47,79,90,0,0
2023-11-07 11:07:49,71,90,0,0
2023-11-07 11:07:49,1,94,0,0
2023-11-07 11:07:49,1,98,0,0
2023-11-07 11:07:49,1,100,0,0
2023-11-07 11:07:57,1,90,0,0
2023-11-07 11:07:59,80,90,0,0
2023-11-07 11:09:34,76,90,0,0
2023-11-07 11:09:34,72,90,0,0
2023-11-07 11:09:34,68,90,0,0
2023-11-07 11:09:34,1,90,0,0
2023-11-07 11:09:36,79,90,0,0
2023-11-07 11:09:37,75,90,0,0
2023-11-07 11:09:37,71,90,0,0
2023-11-07 11:09:37,67,90,0,0
2023-11-07 11:09:37,1,90,0,0
2023-11-07 11:09:48,1,98,0,0
2023-11-07 11:09:58,76,100,0,0
2023-11-07 11:10:17,76,87,0,0
2023-11-07 11:10:18,76,91,0,0
2023-11-07 11:10:18,76,95,0,0
2023-11-07 11:10:18,76,99,0,0
2023-11-07 11:10:18,76,100,0,0
2023-11-07 11:10:18,76,88,0,0
2023-11-07 11:10:43,76,92,0,0
2023-11-07 11:10:43,76,96,0,0
2023-11-07 11:10:43,76,100,0,0
2023-11-07 11:10:44,76,89,0,0
2023-11-07 11:10:56,76,93,0,0
2023-11-07 11:10:56,76,97,0,0
2023-11-07 11:10:56,76,100,0,0
2023-11-07 11:10:57,76,90,0,0
2023-11-07 11:11:56,68,90,0,0
2023-11-07 11:12:04,77,90,0,0
2023-11-07 11:12:38,77,94,0,0
2023-11-07 11:12:41,77,87,0,0
2023-11-07 11:12:57,73,87,0,0
2023-11-07 11:12:57,69,87,0,0
2023-11-07 11:12:57,65,87,0,0
2023-11-07 11:12:57,1,87,0,0
2023-11-07 11:12:59,76,87,0,0
2023-11-07 11:13:10,72,87,0,0
2023-11-07 11:13:10,68,87,0,0
2023-11-07 11:13:10,64,87,0,0
2023-11-07 11:13:10,1,87,0,0
2023-11-07 11:13:12,76,87,0,0
2023-11-07 11:14:27,76,100,0,0
2023-11-07 11:14:37,76,87,0,0
2023-11-07 11:14:52,68,87,0,0
2023-11-07 11:15:00,77,87,0,0
2023-11-07 11:15:07,73,87,0,0
2023-11-07 11:15:07,69,87,0,0
2023-11-07 11:15:07,65,87,0,0
2023-11-07 11:15:08,1,87,0,0
2023-11-07 11:15:09,76,87,0,0
2023-11-07 11:15:59,76,91,0,0
2023-11-07 11:15:59,76,95,0,0
2023-11-07 11:15:59,76,99,0,0
2023-11-07 11:15:59,76,100,0,0
2023-11-07 11:16:01,76,88,0,0
2023-11-07 11:16:09,76,92,0,0
2023-11-07 11:16:09,76,96,0,0
2023-11-07 11:16:09,76,100,0,0
2023-11-07 11:16:18,76,88,0,0
2023-11-07 11:16:43,72,88,0,0
2023-11-07 11:16:48,78,88,0,0
2023-11-07 11:17:02,74,88,0,0
2023-11-07 11:17:02,70,88,0,0
2023-11-07 11:17:02,66,88,0,0
2023-11-07 11:17:02,1,88,0,0
2023-11-07 11:17:03,77,88,0,0
2023-11-07 11:18:00,77,92,0,0
2023-11-07 11:18:00,77,96,0,0
2023-11-07 11:18:00,77,100,0,0
2023-11-07 11:18:02,77,89,0,0
2023-11-07 11:18:13,77,93,0,0
2023-11-07 11:18:13,77,97,0,0
2023-11-07 11:18:13,77,100,0,0
2023-11-07 11:18:27,77,89,0,0
2023-11-07 11:18:43,1,89,0,0
2023-11-07 11:18:58,78,89,0,0
2023-11-07 11:19:39,74,89,0,0
2023-11-07 11:19:39,70,89,0,0
2023-11-07 11:19:39,66,89,0,0
2023-11-07 11:19:39,1,89,0,0
2023-11-07 11:19:40,77,89,0,0
2023-11-07 11:19:42,73,89,0,0
2023-11-07 11:19:42,69,89,0,0
2023-11-07 11:19:42,65,89,0,0
2023-11-07 11:19:42,1,89,0,0
2023-11-07 11:19:50,76,89,0,0
2023-11-07 11:20:17,76,100,0,0
2023-11-07 11:20:23,76,87,0,0
2023-11-07 11:20:31,76,91,0,0
2023-11-07 11:20:31,76,95,0,0
2023-11-07 11:20:31,76,99,0,0
2023-11-07 11:20:31,76,100,0,0
2023-11-07 11:20:32,76,88,0,0
2023-11-07 11:21:43,68,88,0,0
2023-11-07 11:21:55,79,88,0,0
2023-11-07 11:21:58,79,92,0,0
2023-11-07 11:21:58,79,96,0,0
2023-11-07 11:21:58,79,100,0,0
2023-11-07 11:22:00,79,89,0,0
2023-11-07 11:22:01,79,93,0,0
2023-11-07 11:22:01,79,97,0,0
2023-11-07 11:22:01,79,100,0,0
2023-11-07 11:22:12,79,89,0,0
2023-11-07 11:23:34,79,93,0,0
2023-11-07 11:23:34,79,97,0,0
2023-11-07 11:23:34,79,100,0,0
2023-11-07 11:23:35,79,90,0,0
2023-11-07 11:23:46,75,90,0,0
2023-11-07 11:23:57,81,90,0,0
2023-11-07 11:24:06,77,90,0,0
2023-11-07 11:24:06,73,90,0,0
2023-11-07 11:24:06,69,90,0,0
2023-11-07 11:24:06,1,90,0,0
2023-11-07 11:24:07,79,90,0,0
2023-11-07 11:24:43,75,90,0,0
2023-11-07 11:24:43,71,90,0,0
2023-11-07 11:24:43,67,90,0,0
2023-11-07 11:24:43,1,90,0,0
2023-11-07 11:24:53,79,90,0,0
2023-11-07 11:25:09,79,94,0,0
2023-11-07 11:25:14,79,89,0,0
2023-11-07 11:25:17,79,93,0,0
2023-11-07 11:25:17,79,97,0,0
2023-11-07 11:25:17,79,100,0,0
2023-11-07 11:25:18,79,90,0,0
2023-11-07 11:25:26,79,94,0,0
2023-11-07 11:25:26,79,98,0,0
2023-11-07 11:25:26,79,100,0,0
2023-11-07 11:25:27,79,91,0,0
2023-11-07 11:26:29,75,91,0,0
2023-11-07 11:26:29,71,91,0,0
2023-11-07 11:26:29,67,91,0,0
2023-11-07 11:26:29,1,91,0,0
2023-11-07 11:26:31,77,91,0,0
2023-11-07 11:27:16,77,100,0,0
2023-11-07 11:27:21,77,88,0,0
2023-11-07 11:28:02,73,88,0,0
2023-11-07 11:28:04,1,92,0,0
2023-11-07 11:28:04,1,96,0,0
2023-11-07 11:28:04,1,100,0,0
2023-11-07 11:28:07,1,89,0,0
2023-11-07 11:28:11,80,89,0,0
2023-11-07 11:28:35,80,93,0,0
2023-11-07 11:28:35,80,97,0,0
2023-11-07 11:28:35,80,100,0,0
2023-11-07 11:28:37,80,90,0,0
2023-11-07 11:29:41,76,90,0,0
2023-11-07 11:29:44,80,90,0,0
2023-11-07 11:30:12,80,100,0,0
2023-11-07 11:30:17,80,90,0,0
2023-11-07 11:30:19,80,94,0,0
2023-11-07 11:30:20,80,98,0,0
2023-11-07 11:30:20,80,100,0,0
2023-11-07 11:30:22,80,91,0,0
2023-11-07 11:30:23,80,95,0,0
2023-11-07 11:30:23,80,99,0,0
2023-11-07 11:30:23,80,100,0,0
2023-11-07 11:30:31,80,91,0,0
2023-11-07 11:31:16,80,95,0,0
2023-11-07 11:31:16,80,99,0,0
2023-11-07 11:31:16,80,100,0,0
2023-11-07 11:31:17,80,92,0,0
2023-11-07 11:31:25,80,96,0,0
2023-11-07 11:31:25,80,100,0,0
2023-11-07 11:31:33,80,93,0,0
2023-11-07 11:31:42,76,93,0,0
2023-11-07 11:31:51,83,93,0,0
2023-11-07 11:33:19,83,97,0,0
2023-11-07 11:33:19,83,100,0,0
2023-11-07 11:33:21,83,94,0,0
2023-11-07 11:33:39,75,94,0,0
2023-11-07 11:33:56,85,94,0,0
2023-11-07 11:34:01,85,98,0,0
2023-11-07 11:34:01,85,100,0,0
2023-11-07 11:34:02,85,95,0,0
2023-11-07 11:34:05,85,99,0,0
2023-11-07 11:34:05,85,100,0,0
2023-11-07 11:34:17,85,96,0,0
2023-11-07 11:35:35,1,96,0,0
2023-11-07 11:35:47,85,96,0,0
2023-11-07 11:35:55,85,100,0,0
2023-11-07 11:36:01,85,95,0,0
2023-11-07 11:36:23,85,99,0,0
2023-11-07 11:36:23,85,100,0,0
2023-11-07 11:36:25,85,97,0,0
2023-11-07 11:37:19,81,97,0,0
2023-11-07 11:37:24,86,97,0,0
2023-11-07 11:38:17,86,100,0,0
2023-11-07 11:38:22,86,96,0,0
2023-11-07 11:38:52,82,96,0,0
2023-11-07 11:38:52,78,96,0,0
2023-11-07 11:38:52,74,96,0,0
2023-11-07 11:38:52,1,96,0,0
2023-11-07 11:38:54,85,96,0,0
2023-11-07 11:40:12,85,100,0,0
2023-11-07 11:40:20,85,94,0,0
2023-11-07 11:40:28,81,94,0,0
2023-11-07 11:40:32,1,98,0,0
2023-11-07 11:40:32,1,100,0,0
2023-11-07 11:40:32,1,95,0,0
2023-11-07 11:40:36,85,95,0,0
2023-11-07 11:41:01,85,99,0,0
2023-11-07 11:41:01,85,100,0,0
2023-11-07 11:41:03,85,96,0,0
2023-11-07 11:41:14,85,100,0,0
2023-11-07 11:41:16,85,97,0,0
2023-11-07 11:42:11,1,97,0,0
2023-11-07 11:42:18,87,97,0,0
2023-11-07 11:42:47,87,100,0,0
2023-11-07 11:43:01,87,97,0,0
2023-11-07 11:43:49,1,97,0,0
2023-11-07 11:43:55,88,97,0,0
2023-11-07 11:44:10,84,97,0,0
2023-11-07 11:44:10,80,97,0,0
2023-11-07 11:44:10,76,97,0,0
2023-11-07 11:44:10,1,97,0,0
2023-11-07 11:44:19,87,97,0,0
2023-11-07 11:44:42,83,97,0,0
2023-11-07 11:44:42,79,97,0,0
2023-11-07 11:44:42,75,97,0,0
2023-11-07 11:44:42,1,97,0,0
2023-11-07 11:44:43,86,97,0,0
2023-11-07 11:44:58,86,100,0,0
2023-11-07 11:45:01,82,100,0,0
2023-11-07 11:45:01,78,100,0,0
2023-11-07 11:45:01,74,100,0,0
2023-11-07 11:45:01,1,100,0,0
2023-11-07 11:45:02,85,100,0,0
2023-11-07 11:45:06,85,95,0,0
2023-11-07 11:46:03,81,95,0,0
2023-11-07 11:46:03,77,95,0,0
2023-11-07 11:46:03,73,95,0,0
2023-11-07 11:46:03,1,95,0,0
2023-11-07 11:46:05,83,95,0,0
2023-11-07 11:46:58,83,100,0,0
2023-11-07 11:47:08,83,95,0,0
2023-11-07 11:47:31,79,95,0,0
2023-11-07 11:47:31,75,95,0,0
2023-11-07 11:47:31,71,95,0,0
2023-11-07 11:47:31,1,95,0,0
2023-11-07 11:47:32,82,95,0,0
2023-11-07 11:47:40,78,95,0,0
2023-11-07 11:47:40,74,95,0,0
2023-11-07 11:47:40,70,95,0,0
2023-11-07 11:47:40,1,95,0,0
2023-11-07 11:47:56,76,95,0,0
2023-11-07 11:48:38,76,100,0,0
2023-11-07 11:48:43,76,89,0,0
2023-11-07 11:49:50,68,89,0,0
2023-11-07 11:50:07,78,89,0,0
2023-11-07 11:50:20,78,100,0,0
2023-11-07 11:50:23,74,100,0,0
2023-11-07 11:50:23,70,100,0,0
2023-11-07 11:50:23,66,100,0,0
2023-11-07 11:50:23,1,100,0,0
2023-11-07 11:50:24,77,100,0,0
2023-11-07 11:50:35,77,87,0,0
2023-11-07 11:51:08,77,91,0,0
2023-11-07 11:51:08,77,95,0,0
2023-11-07 11:51:08,77,99,0,0
2023-11-07 11:51:08,77,100,0,0
2023-11-07 11:51:09,77,87,0,0
2023-11-07 11:51:10,77,91,0,0
2023-11-07 11:51:10,77,95,0,0
2023-11-07 11:51:10,77,99,0,0
2023-11-07 11:51:10,77,100,0,0
2023-11-07 11:51:17,77,88,0,0
2023-11-07 11:51:43,77,92,0,0
2023-11-07 11:51:43,77,96,0,0
2023-11-07 11:51:43,77,100,0,0
2023-11-07 11:51:44,77,89,0,0
2023-11-07 11:51:45,77,93,0,0
2023-11-07 11:51:45,77,97,0,0
2023-11-07 11:51:45,77,100,0,0
2023-11-07 11:51:50,73,100,0,0
2023-11-07 11:51:55,1,87,0,0
2023-11-07 11:51:56,78,87,0,0
2023-11-07 11:52:08,74,87,0,0
2023-11-07 11:52:08,70,87,0,0
2023-11-07 11:52:08,66,87,0,0
2023-11-07 11:52:08,1,87,0,0
2023-11-07 11:52:17,77,87,0,0
2023-11-07 11:53:14,77,91,0,0
2023-11-07 11:53:14,77,95,0,0
2023-11-07 11:53:14,77,99,0,0
2023-11-07 11:53:14,77,100,0,0
2023-11-07 11:53:15,77,88,0,0
2023-11-07 11:53:54,73,88,0,0
2023-11-07 11:54:09,78,88,0,0
2023-11-07 11:54:10,74,88,0,0
2023-11-07 11:54:11,70,88,0,0
2023-11-07 11:54:11,66,88,0,0
2023-11-07 11:54:11,1,88,0,0
2023-11-07 11:54:12,77,88,0,0
2023-11-07 11:54:41,77,92,0,0
2023-11-07 11:54:41,77,96,0,0
2023-11-07 11:54:41,77,100,0,0
2023-11-07 11:54:42,77,89,0,0
2023-11-07 11:56:06,77,97,0,0
2023-11-07 11:56:08,65,100,0,0
2023-11-07 11:56:20,75,100,0,0
2023-11-07 11:56:22,75,87,0,0
2023-11-07 11:56:24,77,87,0,0
2023-11-07 11:56:48,77,91,0,0
2023-11-07 11:56:48,77,95,0,0
2023-11-07 11:56:48,77,99,0,0
2023-11-07 11:56:48,77,100,0,0
2023-11-07 11:56:51,77,88,0,0
2023-11-07 11:56:53,77,92,0,0
2023-11-07 11:56:53,77,96,0,0
2023-11-07 11:56:53,77,100,0,0
2023-11-07 11:57:05,77,88,0,0
2023-11-07 11:57:09,77,92,0,0
2023-11-07 11:57:09,77,96,0,0
2023-11-07 11:57:09,77,100,0,0
2023-11-07 11:57:10,77,90,0,0
2023-11-07 11:57:27,77,94,0,0
2023-11-07 11:57:27,77,98,0,0
2023-11-07 11:57:27,77,100,0,0
2023-11-07 11:57:27,77,92,0,0
2023-11-07 11:57:32,77,96,0,0
2023-11-07 11:57:32,77,100,0,0
2023-11-07 11:57:46,77,92,0,0
2023-11-07 11:57:58,77,96,0,0
2023-11-07 11:57:58,77,100,0,0
2023-11-07 11:57:59,77,93,0,0
2023-11-07 11:58:01,75,93,0,0
2023-11-07 11:58:12,82,93,0,0
2023-11-07 11:59:05,78,93,0,0
2023-11-07 11:59:05,75,93,0,0
2023-11-07 11:59:06,81,93,0,0
2023-11-07 11:59:08,77,93,0,0
2023-11-07 11:59:08,75,93,0,0
2023-11-07 11:59:18,80,93,0,0
2023-11-07 11:59:46,76,93,0,0
2023-11-07 11:59:46,75,93,0,0
2023-11-07 11:59:47,75,97,0,0
2023-11-07 11:59:47,80,100,0,0
2023-11-07 11:59:58,80,89,0,0
2023-11-07 12:00:03,76,89,0,0
2023-11-07 12:00:03,75,89,0,0
2023-11-07 12:00:05,78,89,0,0
2023-11-07 12:00:10,75,89,0,0
2023-11-07 12:00:28,76,89,0,0
2023-11-07 12:00:58,75,89,0,0
2023-11-07 12:01:51,75,93,0,0
2023-11-07 12:02:03,75,85,0,0
2023-11-07 12:04:00,75,97,0,0
2023-11-07 12:04:10,75,82,0,0
2023-11-07 12:05:13,1,82,70,70
2023-11-07 12:05:16,70,82,70,70
2023-11-07 12:05:33,70,86,70,70
2023-11-07 12:05:43,70,81,70,70
2023-11-07 12:05:44,70,85,70,70
2023-11-07 12:05:44,70,89,70,70
2023-11-07 12:05:44,70,93,70,70
2023-11-07 12:05:44,70,100,70,70
2023-11-07 12:05:44,70,81,70,70
2023-11-07 12:06:00,70,85,70,70
2023-11-07 12:06:00,70,89,70,70
2023-11-07 12:06:00,70,93,70,70
2023-11-07 12:06:00,70,100,70,70
2023-11-07 12:06:01,70,82,70,70
2023-11-07 12:06:34,70,86,70,70
2023-11-07 12:06:34,70,90,70,70
2023-11-07 12:06:34,70,94,70,70
2023-11-07 12:06:34,70,100,70,70
2023-11-07 12:06:42,70,82,70,70
2023-11-07 12:07:11,66,82,70,70
2023-11-07 12:07:14,72,82,70,70
2023-11-07 12:07:17,68,82,70,70
2023-11-07 12:07:17,64,82,70,70
2023-11-07 12:07:17,60,82,70,70
2023-11-07 12:07:17,1,82,70,70
2023-11-07 12:07:18,71,82,70,70
2023-11-07 12:07:37,71,86,70,70
2023-11-07 12:07:37,71,90,70,70
2023-11-07 12:07:37,71,94,70,70
2023-11-07 12:07:37,71,100,70,70
2023-11-07 12:07:39,71,83,70,70
2023-11-07 12:07:42,71,87,70,70
2023-11-07 12:07:42,71,91,70,70
2023-11-07 12:07:42,71,95,70,70
2023-11-07 12:07:42,71,100,70,70
2023-11-07 12:07:43,71,84,70,70
2023-11-07 12:07:44,71,88,70,70
2023-11-07 12:07:44,71,92,70,70
2023-11-07 12:07:44,71,96,70,70
2023-11-07 12:07:44,71,100,70,70
2023-11-07 12:08:17,71,84,70,70
2023-11-07 12:08:45,67,84,70,70
2023-11-07 12:08:53,74,84,70,70
2023-11-07 12:08:56,70,84,70,70
2023-11-07 12:08:56,66,84,70,70
2023-11-07 12:08:56,62,84,70,70
2023-11-07 12:08:56,1,84,70,70
2023-11-07 12:08:57,73,84,70,70
2023-11-07 12:09:46,73,100,70,70
2023-11-07 12:09:52,73,83,70,70
2023-11-07 12:10:42,1,83,70,70
2023-11-07 12:10:47,71,83,70,70
2023-11-07 12:11:02,67,83,70,70
2023-11-07 12:11:02,63,83,70,70
2023-11-07 12:11:02,59,83,70,70
2023-11-07 12:11:02,1,83,70,70
2023-11-07 12:11:11,70,83,70,70
2023-11-07 12:11:45,70,87,70,70
2023-11-07 12:11:51,70,81,70,70
2023-11-07 12:12:49,66,81,70,70
2023-11-07 12:13:03,71,81,70,70
2023-11-07 12:13:11,71,85,70,70
2023-11-07 12:13:11,71,89,70,70
2023-11-07 12:13:11,71,93,70,70
2023-11-07 12:13:11,71,100,70,70
2023-11-07 12:13:14,71,80,70,70
2023-11-07 12:13:15,71,84,70,70
2023-11-07 12:13:15,71,88,70,70
2023-11-07 12:13:15,71,92,70,70
2023-11-07 12:13:15,71,100,70,70
2023-11-07 12:13:16,71,81,70,70
2023-11-07 12:14:17,67,81,70,70
2023-11-07 12:14:17,63,81,70,70
2023-11-07 12:14:17,59,81,70,70
2023-11-07 12:14:17,1,81,70,70
2023-11-07 12:14:18,70,81,70,70
2023-11-07 12:14:20,66,81,70,70
2023-11-07 12:14:20,62,81,70,70
2023-11-07 12:14:20,58,81,70,70
2023-11-07 12:14:20,1,81,70,70
2023-11-07 12:14:25,70,81,70,70
2023-11-07 12:14:46,70,100,70,70
2023-11-07 12:14:50,70,79,70,70
2023-11-07 12:14:55,70,83,70,70
2023-11-07 12:14:55,70,87,70,70
2023-11-07 12:14:55,70,91,70,70
2023-11-07 12:14:55,70,100,70,70
2023-11-07 12:14:56,70,80,70,70
2023-11-07 12:15:01,66,80,70,70
2023-11-07 12:15:01,62,80,70,70
2023-11-07 12:15:01,58,80,70,70
2023-11-07 12:15:01,1,80,70,70
2023-11-07 12:15:03,68,80,70,70
2023-11-07 12:15:25,64,80,70,70
2023-11-07 12:15:25,60,80,70,70
2023-11-07 12:15:25,56,80,70,70
2023-11-07 12:15:25,1,80,70,70
2023-11-07 12:15:27,64,80,70,70
2023-11-07 12:15:36,60,80,70,70
2023-11-07 12:15:36,56,80,70,70
2023-11-07 12:15:36,52,80,70,70
2023-11-07 12:15:36,1,80,70,70
2023-11-07 12:15:37,63,80,70,70
2023-11-07 12:16:26,63,92,70,70
2023-11-07 12:16:36,63,73,70,70
2023-11-07 12:16:37,63,77,70,70
2023-11-07 12:16:37,63,81,70,70
2023-11-07 12:16:37,63,85,70,70
2023-11-07 12:16:37,63,100,70,70
2023-11-07 12:16:38,63,75,70,70
2023-11-07 12:17:03,63,79,70,70
2023-11-07 12:17:03,63,83,70,70
2023-11-07 12:17:03,63,87,70,70
2023-11-07 12:17:03,63,100,70,70
2023-11-07 12:17:04,63,76,70,70
2023-11-07 12:17:08,63,80,70,70
2023-11-07 12:17:08,63,84,70,70
2023-11-07 12:17:08,63,88,70,70
2023-11-07 12:17:08,63,100,70,70
2023-11-07 12:17:08,63,76,70,70
2023-11-07 12:17:09,63,80,70,70
2023-11-07 12:17:09,63,84,70,70
2023-11-07 12:17:09,63,88,70,70
2023-11-07 12:17:09,63,100,70,70
2023-11-07 12:17:13,63,77,70,70
2023-11-07 12:17:15,1,77,70,70
2023-11-07 12:17:21,1,81,70,70
2023-11-07 12:17:21,1,85,70,70
2023-11-07 12:17:21,1,89,70,70
2023-11-07 12:17:21,1,100,70,70
2023-11-07 12:17:23,1,78,70,70
2023-11-07 12:17:23,1,82,70,70
2023-11-07 12:17:23,1,86,70,70
2023-11-07 12:17:23,1,90,70,70
2023-11-07 12:17:23,1,100,70,70
2023-11-07 12:17:25,1,79,70,70
2023-11-07 12:17:26,1,83,70,70
2023-11-07 12:17:26,1,87,70,70
2023-11-07 12:17:26,1,91,70,70
2023-11-07 12:17:26,1,100,70,70
2023-11-07 12:17:27,1,80,70,70
2023-11-07 12:17:31,70,80,70,70
2023-11-07 12:17:48,70,84,70,70
2023-11-07 12:17:48,70,88,70,70
2023-11-07 12:17:48,70,92,70,70
2023-11-07 12:17:48,70,100,70,70
2023-11-07 12:17:50,70,80,70,70
2023-11-07 12:17:54,66,80,70,70
2023-11-07 12:17:54,62,80,70,70
2023-11-07 12:17:54,58,80,70,70
2023-11-07 12:17:54,1,80,70,70
2023-11-07 12:18:06,69,80,70,70
2023-11-07 12:18:29,65,80,70,70
2023-11-07 12:18:29,61,80,70,70
2023-11-07 12:18:29,57,80,70,70
2023-11-07 12:18:29,1,80,70,70
2023-11-07 12:18:30,68,80,70,70
2023-11-07 12:18:33,64,80,70,70
2023-11-07 12:18:33,60,80,70,70
2023-11-07 12:18:33,56,80,70,70
2023-11-07 12:18:33,1,80,70,70
2023-11-07 12:18:42,68,80,70,70
2023-11-07 12:19:46,68,88,70,70
2023-11-07 12:19:56,68,78,70,70
2023-11-07 12:20:11,68,82,70,70
2023-11-07 12:20:11,68,86,70,70
2023-11-07 12:20:11,68,90,70,70
2023-11-07 12:20:11,68,100,70,70
2023-11-07 12:20:12,68,79,70,70
2023-11-07 12:20:30,60,79,70,70
2023-11-07 12:20:47,69,79,70,70
2023-11-07 12:21:25,65,79,70,70
2023-11-07 12:21:25,61,79,70,70
2023-11-07 12:21:25,57,79,70,70
2023-11-07 12:21:26,1,79,70,70
2023-11-07 12:21:28,68,79,70,70
2023-11-07 12:21:35,64,79,70,70
2023-11-07 12:21:35,60,79,70,70
2023-11-07 12:21:35,56,79,70,70
2023-11-07 12:21:35,1,79,70,70
2023-11-07 12:21:46,1,87,70,70
2023-11-07 12:21:48,69,100,70,70
2023-11-07 12:21:49,65,100,70,70
2023-11-07 12:21:49,61,100,70,70
2023-11-07 12:21:49,57,100,70,70
2023-11-07 12:21:49,1,100,70,70
2023-11-07 12:21:51,68,100,70,70
2023-11-07 12:21:57,68,76,70,70
2023-11-07 12:22:04,68,80,70,70
2023-11-07 12:22:04,68,84,70,70
2023-11-07 12:22:04,68,88,70,70
2023-11-07 12:22:04,68,100,70,70
2023-11-07 12:22:04,68,78,70,70
2023-11-07 12:22:05,68,82,70,70
2023-11-07 12:22:05,68,86,70,70
2023-11-07 12:22:05,68,90,70,70
2023-11-07 12:22:05,68,100,70,70
2023-11-07 12:22:15,64,100,70,70
2023-11-07 12:22:15,60,100,70,70
2023-11-07 12:22:15,56,100,70,70
2023-11-07 12:22:15,1,100,70,70
2023-11-07 12:22:16,67,100,70,70
2023-11-07 12:22:17,67,77,70,70
2023-11-07 12:22:28,67,81,70,70
2023-11-07 12:22:28,67,85,70,70
2023-11-07 12:22:28,67,89,70,70
2023-11-07 12:22:28,67,100,70,70
2023-11-07 12:22:28,67,78,70,70
2023-11-07 12:23:38,1,78,70,70
2023-11-07 12:23:39,1,82,70,70
2023-11-07 12:23:39,1,86,70,70
2023-11-07 12:23:39,1,90,70,70
2023-11-07 12:23:39,1,100,70,70
2023-11-07 12:23:41,1,80,70,70
2023-11-07 12:23:47,1,84,70,70
2023-11-07 12:23:47,1,88,70,70
2023-11-07 12:23:47,1,92,70,70
2023-11-07 12:23:47,1,100,70,70
2023-11-07 12:24:09,71,100,70,70
2023-11-07 12:24:10,71,80,70,70
2023-11-07 12:24:21,71,84,70,70
2023-11-07 12:24:21,71,88,70,70
2023-11-07 12:24:21,71,92,70,70
2023-11-07 12:24:21,71,100,70,70
2023-11-07 12:24:22,71,82,70,70
2023-11-07 12:24:35,67,82,70,70
2023-11-07 12:24:35,63,82,70,70
2023-11-07 12:24:35,59,82,70,70
2023-11-07 12:24:35,1,82,70,70
2023-11-07 12:24:36,70,82,70,70
2023-11-07 12:25:29,70,86,70,70
2023-11-07 12:25:29,70,90,70,70
2023-11-07 12:25:29,70,94,70,70
2023-11-07 12:25:29,70,100,70,70
2023-11-07 12:25:30,70,83,70,70
2023-11-07 12:25:48,70,87,70,70
2023-11-07 12:25:48,70,91,70,70
2023-11-07 12:25:48,70,95,70,70
2023-11-07 12:25:48,70,100,70,70
2023-11-07 12:25:48,70,83,70,70
2023-11-07 12:25:49,70,87,70,70
2023-11-07 12:25:49,70,91,70,70
2023-11-07 12:25:49,70,95,70,70
2023-11-07 12:25:49,70,100,70,70
2023-11-07 12:25:50,70,84,70,70
2023-11-07 12:25:51,70,88,70,70
2023-11-07 12:25:51,70,92,70,70
2023-11-07 12:25:51,70,96,70,70
2023-11-07 12:25:51,70,100,70,70
2023-11-07 12:26:01,70,83,70,70
2023-11-07 12:26:16,70,87,70,70
2023-11-07 12:26:16,70,91,70,70
2023-11-07 12:26:16,70,95,70,70
2023-11-07 12:26:16,70,100,70,70
2023-11-07 12:26:17,70,84,70,70
2023-11-07 12:26:18,70,88,70,70
2023-11-07 12:26:18,70,92,70,70
2023-11-07 12:26:18,70,96,70,70
2023-11-07 12:26:18,70,100,70,70
2023-11-07 12:26:29,70,84,70,70
2023-11-07 12:26:31,62,84,70,70
2023-11-07 12:26:45,74,84,70,70
2023-11-07 12:27:22,70,84,70,70
2023-11-07 12:27:22,66,84,70,70
2023-11-07 12:27:22,62,84,70,70
2023-11-07 12:27:22,1,84,70,70
2023-11-07 12:27:23,74,84,70,70
2023-11-07 12:27:29,70,84,70,70
2023-11-07 12:27:29,66,84,70,70
2023-11-07 12:27:29,62,84,70,70
2023-11-07 12:27:29,1,84,70,70
2023-11-07 12:27:44,72,84,70,70
2023-11-07 12:27:53,68,84,70,70
2023-11-07 12:27:53,64,84,70,70
2023-11-07 12:27:53,60,84,70,70
2023-11-07 12:27:53,1,84,70,70
2023-11-07 12:27:55,69,84,70,70
2023-11-07 12:28:08,65,84,70,70
2023-11-07 12:28:08,61,84,70,70
2023-11-07 12:28:08,57,84,70,70
2023-11-07 12:28:08,1,84,70,70
2023-11-07 12:28:16,1,96,70,70
2023-11-07 12:28:20,67,100,70,70
2023-11-07 12:28:36,67,77,70,70
2023-11-07 12:28:44,67,81,70,70
2023-11-07 12:28:44,67,85,70,70
2023-11-07 12:28:44,67,89,70,70
2023-11-07 12:28:44,67,100,70,70
2023-11-07 12:28:45,67,79,70,70
2023-11-07 12:29:56,63,79,70,70
2023-11-07 12:30:07,68,79,70,70
2023-11-07 12:30:12,64,79,70,70
2023-11-07 12:30:12,60,79,70,70
2023-11-07 12:30:12,56,79,70,70
2023-11-07 12:30:12,1,79,70,70
2023-11-07 12:30:13,65,79,70,70
2023-11-07 12:30:15,61,79,70,70
2023-11-07 12:30:15,57,79,70,70
2023-11-07 12:30:15,53,79,70,70
2023-11-07 12:30:15,1,79,70,70
2023-11-07 12:30:24,65,79,70,70
2023-11-07 12:30:28,61,79,70,70
2023-11-07 12:30:28,57,79,70,70
2023-11-07 12:30:28,53,79,70,70
2023-11-07 12:30:28,1,79,70,70
2023-11-07 12:30:28,64,79,70,70
2023-11-07 12:30:32,60,79,70,70
2023-11-07 12:30:32,56,79,70,70
2023-11-07 12:30:32,52,79,70,70
2023-11-07 12:30:32,1,79,70,70
2023-11-07 12:30:42,1,83,70,70
2023-11-07 12:31:25,62,100,70,70
2023-11-07 12:31:26,58,100,70,70
2023-11-07 12:31:26,54,100,70,70
2023-11-07 12:31:26,50,100,70,70
2023-11-07 12:31:26,1,100,70,70
2023-11-07 12:31:27,61,100,70,70
2023-11-07 12:31:29,61,70,70,70
2023-11-07 12:31:38,61,74,70,70
2023-11-07 12:31:38,61,78,70,70
2023-11-07 12:31:38,61,82,70,70
2023-11-07 12:31:38,61,100,70,70
2023-11-07 12:31:39,61,70,70,70
2023-11-07 12:31:41,61,74,70,70
2023-11-07 12:31:41,61,78,70,70
2023-11-07 12:31:41,61,82,70,70
2023-11-07 12:31:41,61,100,70,70
2023-11-07 12:31:42,61,71,70,70
2023-11-07 12:31:46,61,75,70,70
2023-11-07 12:31:46,61,79,70,70
2023-11-07 12:31:46,61,83,70,70
2023-11-07 12:31:46,61,100,70,70
2023-11-07 12:31:47,61,71,70,70
2023-11-07 12:32:10,57,71,70,70
2023-11-07 12:32:10,53,71,70,70
2023-11-07 12:32:10,49,71,70,70
2023-11-07 12:32:10,1,71,70,70
2023-11-07 12:32:11,61,71,70,70
2023-11-07 12:32:13,57,71,70,70
2023-11-07 12:32:13,53,71,70,70
2023-11-07 12:32:13,49,71,70,70
2023-11-07 12:32:13,1,71,70,70
2023-11-07 12:32:22,59,71,70,70
2023-11-07 12:32:42,59,75,70,70
2023-11-07 12:32:42,59,79,70,70
2023-11-07 12:32:42,59,83,70,70
2023-11-07 12:32:42,59,100,70,70
2023-11-07 12:32:43,59,73,70,70
2023-11-07 12:32:49,59,77,70,70
2023-11-07 12:32:49,59,81,70,70
2023-11-07 12:32:49,59,85,70,70
2023-11-07 12:32:49,59,100,70,70
2023-11-07 12:32:58,59,73,70,70
2023-11-07 12:33:12,59,77,70,70
2023-11-07 12:33:12,59,81,70,70
2023-11-07 12:33:12,59,85,70,70
2023-11-07 12:33:12,59,100,70,70
2023-11-07 12:33:13,59,75,70,70
2023-11-07 12:33:15,59,79,70,70
2023-11-07 12:33:15,59,83,70,70
2023-11-07 12:33:15,59,87,70,70
2023-11-07 12:33:15,59,100,70,70
2023-11-07 12:33:16,59,75,70,70
2023-11-07 12:33:17,59,79,70,70
2023-11-07 12:33:17,59,83,70,70
2023-11-07 12:33:17,59,87,70,70
2023-11-07 12:33:17,59,100,70,70
2023-11-07 12:33:18,59,77,70,70
2023-11-07 12:33:20,59,81,70,70
2023-11-07 12:33:20,59,85,70,70
2023-11-07 12:33:20,59,89,70,70
2023-11-07 12:33:20,59,100,70,70
2023-11-07 12:33:36,59,79,70,70
2023-11-07 12:33:49,59,83,70,70
2023-11-07 12:33:49,59,87,70,70
2023-11-07 12:33:49,59,91,70,70
2023-11-07 12:33:49,59,100,70,70
2023-11-07 12:33:50,55,100,70,70
2023-11-07 12:33:50,1,79,70,70
2023-11-07 12:33:51,1,83,70,70
2023-11-07 12:33:51,1,87,70,70
2023-11-07 12:33:51,1,91,70,70
2023-11-07 12:33:51,1,100,70,70
2023-11-07 12:33:52,1,82,70,70
2023-11-07 12:34:41,69,82,70,70
2023-11-07 12:34:52,65,82,70,70
2023-11-07 12:34:52,61,82,70,70
2023-11-07 12:34:52,57,82,70,70
2023-11-07 12:34:52,1,82,70,70
2023-11-07 12:34:53,68,82,70,70
2023-11-07 12:35:02,64,82,70,70
2023-11-07 12:35:02,60,82,70,70
2023-11-07 12:35:02,56,82,70,70
2023-11-07 12:35:02,1,82,70,70
2023-11-07 12:35:03,67,82,70,70
2023-11-07 12:35:05,63,82,70,70
2023-11-07 12:35:05,59,82,70,70
2023-11-07 12:35:05,55,82,70,70
2023-11-07 12:35:05,1,82,70,70
2023-11-07 12:35:08,67,82,70,70
2023-11-07 12:35:38,67,100,70,70
2023-11-07 12:35:51,67,77,70,70
2023-11-07 12:35:55,67,81,70,70
2023-11-07 12:35:55,67,85,70,70
2023-11-07 12:35:55,67,89,70,70
2023-11-07 12:35:55,67,100,70,70
2023-11-07 12:35:56,67,78,70,70
2023-11-07 12:36:06,67,82,70,70
2023-11-07 12:36:06,67,86,70,70
2023-11-07 12:36:06,67,90,70,70
2023-11-07 12:36:06,67,100,70,70
2023-11-07 12:36:18,67,80,70,70
2023-11-07 12:36:55,63,80,70,70
2023-11-07 12:37:08,68,80,70,70
2023-11-07 12:37:10,64,80,70,70
2023-11-07 12:37:10,60,80,70,70
2023-11-07 12:37:10,56,80,70,70
2023-11-07 12:37:10,1,80,70,70
2023-11-07 12:37:11,67,80,70,70
2023-11-07 12:37:44,67,100,70,70
2023-11-07 12:37:54,67,79,70,70
2023-11-07 12:38:00,67,83,70,70
2023-11-07 12:38:00,67,87,70,70
2023-11-07 12:38:00,67,91,70,70
2023-11-07 12:38:00,67,100,70,70
2023-11-07 12:38:02,67,79,70,70
2023-11-07 12:38:03,67,83,70,70
2023-11-07 12:38:03,67,87,70,70
2023-11-07 12:38:03,67,91,70,70
2023-11-07 12:38:03,67,100,70,70
2023-11-07 12:38:04,67,79,70,70
2023-11-07 12:38:24,67,83,70,70
2023-11-07 12:38:24,67,87,70,70
2023-11-07 12:38:24,67,91,70,70
2023-11-07 12:38:24,67,100,70,70
2023-11-07 12:38:26,67,80,70,70
2023-11-07 12:38:29,67,84,70,70
2023-11-07 12:38:29,67,88,70,70
2023-11-07 12:38:29,67,92,70,70
2023-11-07 12:38:29,67,100,70,70
2023-11-07 12:38:36,67,82,70,70
2023-11-07 12:38:37,67,86,70,70
2023-11-07 12:38:37,67,90,70,70
2023-11-07 12:38:37,67,94,70,70
2023-11-07 12:38:37,67,100,70,70
2023-11-07 12:38:38,67,83,70,70
2023-11-07 12:38:45,59,83,70,70
2023-11-07 12:38:54,74,83,70,70
2023-11-07 12:38:57,70,83,70,70
2023-11-07 12:38:57,66,83,70,70
2023-11-07 12:38:57,62,83,70,70
2023-11-07 12:38:57,1,83,70,70
2023-11-07 12:38:58,73,83,70,70
2023-11-07 12:39:01,69,83,70,70
2023-11-07 12:39:01,65,83,70,70
2023-11-07 12:39:01,61,83,70,70
2023-11-07 12:39:01,1,83,70,70
2023-11-07 12:39:03,71,83,70,70
2023-11-07 12:39:22,67,83,70,70
2023-11-07 12:39:22,63,83,70,70
2023-11-07 12:39:22,59,83,70,70
2023-11-07 12:39:22,1,83,70,70
2023-11-07 12:39:24,70,83,70,70
2023-11-07 12:40:27,70,100,70,70
2023-11-07 12:40:32,66,100,70,70
2023-11-07 12:40:32,62,100,70,70
2023-11-07 12:40:32,58,100,70,70
2023-11-07 12:40:32,1,100,70,70
2023-11-07 12:40:35,1,78,70,70
2023-11-07 12:40:43,69,78,70,70
2023-11-07 12:40:50,65,78,70,70
2023-11-07 12:40:50,61,78,70,70
2023-11-07 12:40:50,57,78,70,70
2023-11-07 12:40:50,1,78,70,70
2023-11-07 12:41:01,69,78,70,70
2023-11-07 12:41:09,65,78,70,70
2023-11-07 12:41:09,61,78,70,70
2023-11-07 12:41:09,57,78,70,70
2023-11-07 12:41:09,65,78,70,70
2023-11-07 12:41:10,68,78,70,70
2023-11-07 12:41:37,65,78,70,70
2023-11-07 12:41:37,67,78,70,70
2023-11-07 12:42:00,67,82,70,70
2023-11-07 12:42:00,67,86,70,70
2023-11-07 12:42:00,67,90,70,70
2023-11-07 12:42:00,67,100,70,70
2023-11-07 12:42:14,67,79,70,70
2023-11-07 12:43:22,65,79,70,70
2023-11-07 12:43:34,68,79,70,70
2023-11-07 12:43:43,68,83,70,70
2023-11-07 12:43:50,68,78,70,70
2023-11-07 12:44:01,68,82,70,70
2023-11-07 12:44:01,68,86,70,70
2023-11-07 12:44:01,68,90,70,70
2023-11-07 12:44:01,68,100,70,70
2023-11-07 12:44:02,68,80,70,70
2023-11-07 12:44:03,68,84,70,70
2023-11-07 12:44:03,68,88,70,70
2023-11-07 12:44:03,68,92,70,70
2023-11-07 12:44:03,68,100,70,70
2023-11-07 12:44:22,68,80,70,70
2023-11-07 12:44:35,68,84,70,70
2023-11-07 12:44:35,68,88,70,70
2023-11-07 12:44:35,68,92,70,70
2023-11-07 12:44:35,68,100,70,70
2023-11-07 12:44:36,68,81,70,70
2023-11-07 12:44:37,68,85,70,70
2023-11-07 12:44:37,68,89,70,70
2023-11-07 12:44:37,68,93,70,70
2023-11-07 12:44:37,68,100,70,70
2023-11-07 12:44:45,68,81,70,70
2023-11-07 12:44:46,68,85,70,70
2023-11-07 12:44:46,68,89,70,70
2023-11-07 12:44:46,68,93,70,70
2023-11-07 12:44:46,68,100,70,70
2023-11-07 12:44:48,68,81,70,70
2023-11-07 12:44:50,68,85,70,70
2023-11-07 12:44:50,68,89,70,70
2023-11-07 12:44:50,68,93,70,70
2023-11-07 12:44:50,68,100,70,70
2023-11-07 12:45:00,68,81,70,70
2023-11-07 12:45:01,71,81,70,70
2023-11-07 12:45:10,68,81,70,70
2023-11-07 12:45:11,71,81,70,70
2023-11-07 12:45:38,71,85,70,70
2023-11-07 12:45:38,71,89,70,70
2023-11-07 12:45:38,71,93,70,70
2023-11-07 12:45:38,71,100,70,70
2023-11-07 12:45:39,71,83,70,70
2023-11-07 12:45:44,71,87,70,70
2023-11-07 12:45:44,71,91,70,70
2023-11-07 12:45:44,71,95,70,70
2023-11-07 12:45:44,71,100,70,70
2023-11-07 12:45:46,71,84,70,70
2023-11-07 12:45:47,71,88,70,70
2023-11-07 12:45:47,71,92,70,70
2023-11-07 12:45:47,71,96,70,70
2023-11-07 12:45:47,71,100,70,70
2023-11-07 12:45:48,71,85,70,70
2023-11-07 12:46:01,71,89,70,70
2023-11-07 12:46:01,71,93,70,70
2023-11-07 12:46:01,71,97,70,70
2023-11-07 12:46:01,71,100,70,70
2023-11-07 12:46:03,71,86,70,70
2023-11-07 12:46:20,71,90,70,70
2023-11-07 12:46:20,71,94,70,70
2023-11-07 12:46:20,71,98,70,70
2023-11-07 12:46:20,71,100,70,70
2023-11-07 12:46:21,71,87,70,70
2023-11-07 12:46:24,71,91,70,70
2023-11-07 12:46:24,71,95,70,70
2023-11-07 12:46:24,71,99,70,70
2023-11-07 12:46:24,71,100,70,70
2023-11-07 12:46:26,71,87,70,70
2023-11-07 12:46:45,68,87,70,70
2023-11-07 12:46:50,68,91,70,70
2023-11-07 12:46:50,68,95,70,70
2023-11-07 12:46:50,68,99,70,70
2023-11-07 12:46:50,68,100,70,70
2023-11-07 12:46:51,68,89,70,70
2023-11-07 12:46:53,68,93,70,70
2023-11-07 12:46:53,68,97,70,70
2023-11-07 12:46:53,68,100,70,70
2023-11-07 12:47:00,78,100,70,70
2023-11-07 12:47:04,74,100,70,70
2023-11-07 12:47:04,70,100,70,70
2023-11-07 12:47:04,68,100,70,70
2023-11-07 12:47:05,75,100,70,70
2023-11-07 12:47:10,71,100,70,70
2023-11-07 12:47:11,68,100,70,70
2023-11-07 12:47:13,68,85,70,70
2023-11-07 12:47:18,68,89,70,70
2023-11-07 12:47:18,68,93,70,70
2023-11-07 12:47:18,68,97,70,70
2023-11-07 12:47:18,68,100,70,70
2023-11-07 12:47:19,68,86,70,70
2023-11-07 12:47:26,77,86,70,70
2023-11-07 12:47:43,73,86,70,70
2023-11-07 12:47:43,69,86,70,70
2023-11-07 12:47:43,68,86,70,70
2023-11-07 12:47:44,76,86,70,70
2023-11-07 12:48:09,72,86,70,70
2023-11-07 12:48:09,68,86,70,70
2023-11-07 12:48:21,72,86,70,70
2023-11-07 12:48:22,68,86,70,70
2023-11-07 12:48:23,71,86,70,70
2023-11-07 12:48:41,68,86,70,70
2023-11-07 12:48:43,69,86,70,70
2023-11-07 12:48:47,68,86,70,70
2023-11-07 12:48:55,68,100,70,70
2023-11-07 12:49:07,68,76,70,70
2023-11-07 12:49:09,68,80,70,70
2023-11-07 12:49:09,68,84,70,70
2023-11-07 12:49:09,68,88,70,70
2023-11-07 12:49:09,68,100,70,70
2023-11-07 12:49:09,68,76,70,70
2023-11-07 12:49:12,68,80,70,70
2023-11-07 12:49:12,68,84,70,70
2023-11-07 12:49:12,68,88,70,70
2023-11-07 12:49:12,68,100,70,70
2023-11-07 12:49:13,68,77,70,70
2023-11-07 12:49:28,68,81,70,70
2023-11-07 12:49:28,68,85,70,70
2023-11-07 12:49:28,68,89,70,70
2023-11-07 12:49:28,68,100,70,70
2023-11-07 12:49:30,68,78,70,70
2023-11-07 12:49:42,68,82,70,70
2023-11-07 12:49:42,68,86,70,70
2023-11-07 12:49:42,68,90,70,70
2023-11-07 12:49:42,68,100,70,70
2023-11-07 12:49:42,68,79,70,70
2023-11-07 12:51:21,68,87,70,70
2023-11-07 12:51:30,68,79,70,70
2023-11-07 12:51:40,68,83,70,70
2023-11-07 12:51:40,68,87,70,70
2023-11-07 12:51:41,68,91,70,70
2023-11-07 12:51:41,68,100,70,70
2023-11-07 12:51:42,68,80,70,70
2023-11-07 12:52:01,68,84,70,70
2023-11-07 12:52:01,68,88,70,70
2023-11-07 12:52:01,68,92,70,70
2023-11-07 12:52:01,68,100,70,70
2023-11-07 12:52:02,68,81,70,70
2023-11-07 12:52:04,68,85,70,70
2023-11-07 12:52:04,68,89,70,70
2023-11-07 12:52:04,68,93,70,70
2023-11-07 12:52:04,68,100,70,70
2023-11-07 12:52:27,68,80,70,70
2023-11-07 12:52:28,68,84,70,70
2023-11-07 12:52:28,68,88,70,70
2023-11-07 12:52:28,68,92,70,70
2023-11-07 12:52:28,68,100,70,70
2023-11-07 12:52:29,68,80,70,70
2023-11-07 12:52:33,68,84,70,70
2023-11-07 12:52:33,68,88,70,70
2023-11-07 12:52:33,68,92,70,70
2023-11-07 12:52:33,68,100,70,70
2023-11-07 12:52:34,68,82,70,70
2023-11-07 12:52:42,71,82,70,70
2023-11-07 12:52:44,68,82,70,70
2023-11-07 12:52:45,70,82,70,70
2023-11-07 12:53:42,68,82,70,70
2023-11-07 12:53:43,69,82,70,70
2023-11-07 12:53:51,68,82,70,70
2023-11-07 12:54:24,68,90,70,70
2023-11-07 12:54:36,68,78,70,70
2023-11-07 12:54:54,68,82,70,70
2023-11-07 12:54:54,68,86,70,70
2023-11-07 12:54:54,68,90,70,70
2023-11-07 12:54:54,68,100,70,70
2023-11-07 12:54:56,68,80,70,70
2023-11-07 12:56:31,68,84,70,70
2023-11-07 12:56:35,68,81,70,70
2023-11-07 12:56:47,68,85,70,70
2023-11-07 12:56:47,68,89,70,70
2023-11-07 12:56:47,68,93,70,70
2023-11-07 12:56:47,68,100,70,70
2023-11-07 12:56:58,68,83,70,70
2023-11-07 12:57:08,68,87,70,70
2023-11-07 12:57:08,68,91,70,70
2023-11-07 12:57:08,68,95,70,70
2023-11-07 12:57:08,68,100,70,70
2023-11-07 12:57:09,68,84,70,70
2023-11-07 12:57:37,74,84,70,70
2023-11-07 12:58:03,70,84,70,70
2023-11-07 12:58:03,68,84,70,70
2023-11-07 12:58:13,74,84,70,70
2023-11-07 12:58:18,70,84,70,70
2023-11-07 12:58:18,68,84,70,70
2023-11-07 12:58:19,73,84,70,70
2023-11-07 12:58:21,69,84,70,70
2023-11-07 12:58:21,68,84,70,70
2023-11-07 12:58:28,74,84,70,70
2023-11-07 12:58:45,74,88,70,70
2023-11-07 12:58:45,74,92,70,70
2023-11-07 12:58:45,74,96,70,70
2023-11-07 12:58:45,74,100,70,70
2023-11-07 12:58:46,74,86,70,70
2023-11-07 12:58:51,74,90,70,70
2023-11-07 12:58:51,74,94,70,70
2023-11-07 12:58:51,74,98,70,70
2023-11-07 12:58:51,74,100,70,70
2023-11-07 12:58:59,74,86,70,70
2023-11-07 12:59:21,74,90,70,70
2023-11-07 12:59:21,74,94,70,70
2023-11-07 12:59:21,74,98,70,70
2023-11-07 12:59:21,74,100,70,70
2023-11-07 12:59:22,74,87,70,70
2023-11-07 12:59:26,74,91,70,70
2023-11-07 12:59:26,74,95,70,70
2023-11-07 12:59:26,74,99,70,70
2023-11-07 12:59:26,74,100,70,70
2023-11-07 12:59:44,74,88,70,70
2023-11-07 12:59:59,74,92,70,70
2023-11-07 12:59:59,74,96,70,70
2023-11-07 12:59:59,74,100,70,70
2023-11-07 13:00:00,74,89,70,70
2023-11-07 13:00:11,70,89,70,70
2023-11-07 13:00:31,76,89,70,70
2023-11-07 13:01:20,76,93,70,70
2023-11-07 13:01:20,76,97,70,70
2023-11-07 13:01:20,76,100,70,70
2023-11-07 13:01:20,76,90,70,70
2023-11-07 13:01:28,76,94,70,70
2023-11-07 13:01:28,76,98,70,70
2023-11-07 13:01:28,76,100,70,70
2023-11-07 13:01:40,76,89,70,70
2023-11-07 13:01:54,76,93,70,70
2023-11-07 13:01:54,76,97,70,70
2023-11-07 13:01:54,76,100,70,70
2023-11-07 13:01:55,76,91,70,70
2023-11-07 13:01:56,76,95,70,70
2023-11-07 13:01:56,76,99,70,70
2023-11-07 13:01:56,76,100,70,70
2023-11-07 13:02:07,76,91,70,70
2023-11-07 13:02:22,72,91,70,70
2023-11-07 13:02:24,68,95,70,70
2023-11-07 13:02:24,68,99,70,70
2023-11-07 13:02:24,68,100,70,70
2023-11-07 13:02:25,68,93,70,70
2023-11-07 13:02:29,68,97,70,70
2023-11-07 13:02:29,68,100,70,70
2023-11-07 13:02:31,84,100,70,70
2023-11-07 13:02:44,84,94,70,70
2023-11-07 13:03:46,80,94,70,70
2023-11-07 13:03:46,76,94,70,70
2023-11-07 13:03:46,72,94,70,70
2023-11-07 13:03:46,68,94,70,70
2023-11-07 13:03:48,84,94,70,70
2023-11-07 13:03:56,80,94,70,70
2023-11-07 13:03:56,76,94,70,70
2023-11-07 13:03:56,72,94,70,70
2023-11-07 13:03:56,68,94,70,70
2023-11-07 13:04:13,85,94,70,70
2023-11-07 13:04:32,85,98,70,70
2023-11-07 13:04:40,85,94,70,70
2023-11-07 13:04:57,81,94,70,70
2023-11-07 13:04:57,77,94,70,70
2023-11-07 13:04:57,73,94,70,70
2023-11-07 13:04:57,68,94,70,70
2023-11-07 13:04:58,84,94,70,70
2023-11-07 13:05:06,80,94,70,70
2023-11-07 13:05:06,76,94,70,70
2023-11-07 13:05:07,72,94,70,70
2023-11-07 13:05:07,68,94,70,70
2023-11-07 13:05:08,83,94,70,70
2023-11-07 13:05:10,79,94,70,70
2023-11-07 13:05:10,75,94,70,70
2023-11-07 13:05:10,71,94,70,70
2023-11-07 13:05:10,68,94,70,70
2023-11-07 13:05:19,84,94,70,70
2023-11-07 13:05:34,80,94,70,70
2023-11-07 13:05:34,76,94,70,70
2023-11-07 13:05:34,72,94,70,70
2023-11-07 13:05:34,68,94,70,70
2023-11-07 13:05:34,82,94,70,70
2023-11-07 13:05:37,78,94,70,70
2023-11-07 13:05:37,74,94,70,70
2023-11-07 13:05:37,70,94,70,70
2023-11-07 13:05:37,68,94,70,70
2023-11-07 13:05:44,83,94,70,70
2023-11-07 13:06:17,83,98,70,70
2023-11-07 13:06:17,83,100,70,70
2023-11-07 13:06:18,83,95,70,70
2023-11-07 13:06:23,83,99,70,70
2023-11-07 13:06:23,83,100,70,70
2023-11-07 13:06:31,83,94,70,70
2023-11-07 13:06:47,83,98,70,70
2023-11-07 13:06:47,83,100,70,70
2023-11-07 13:06:48,83,95,70,70
2023-11-07 13:07:08,79,95,70,70
2023-11-07 13:07:18,85,95,70,70
2023-11-07 13:07:41,85,99,70,70
2023-11-07 13:07:41,85,100,70,70
2023-11-07 13:07:42,85,95,70,70
2023-11-07 13:07:43,85,99,70,70
2023-11-07 13:07:43,85,100,70,70
2023-11-07 13:07:43,85,96,70,70
2023-11-07 13:08:54,85,100,70,70
2023-11-07 13:08:54,85,97,70,70
2023-11-07 13:08:58,85,100,70,70
2023-11-07 13:09:05,85,97,70,70
2023-11-07 13:09:10,68,97,70,70
2023-11-07 13:09:28,88,97,70,70
2023-11-07 13:09:50,88,100,70,70
2023-11-07 13:09:51,88,99,70,70
2023-11-07 13:10:08,84,99,70,70
2023-11-07 13:10:08,80,99,70,70
2023-11-07 13:10:08,76,99,70,70
2023-11-07 13:10:08,68,99,70,70
2023-11-07 13:10:09,87,99,70,70
2023-11-07 13:10:48,83,99,70,70
2023-11-07 13:10:48,79,99,70,70
2023-11-07 13:10:48,75,99,70,70
2023-11-07 13:10:48,68,99,70,70
2023-11-07 13:10:49,86,99,70,70
2023-11-07 13:11:34,86,100,70,70
2023-11-07 13:11:39,86,98,70,70
2023-11-07 13:11:45,86,100,70,70
2023-11-07 13:11:46,86,99,70,70
2023-11-07 13:12:42,82,99,70,70
2023-11-07 13:12:44,87,99,70,70
2023-11-07 13:13:12,87,100,70,70
2023-11-07 13:13:20,87,97,70,70
2023-11-07 13:13:25,87,100,70,70
2023-11-07 13:13:34,87,98,70,70
2023-11-07 13:14:23,68,98,70,70
2023-11-07 13:14:30,88,98,70,70
2023-11-07 13:15:06,84,98,70,70
2023-11-07 13:15:06,80,98,70,70
2023-11-07 13:15:06,76,98,70,70
2023-11-07 13:15:06,68,98,70,70
2023-11-07 13:15:06,87,98,70,70
2023-11-07 13:15:34,87,100,70,70
2023-11-07 13:15:38,87,97,70,70
2023-11-07 13:15:41,87,100,70,70
2023-11-07 13:15:42,87,98,70,70
2023-11-07 13:15:43,87,100,70,70
2023-11-07 13:16:22,87,99,70,70
2023-11-07 13:16:31,79,99,70,70
2023-11-07 13:16:46,88,99,70,70
2023-11-07 13:16:57,84,99,70,70
2023-11-07 13:16:57,80,99,70,70
2023-11-07 13:16:57,76,99,70,70
2023-11-07 13:16:57,68,99,70,70
2023-11-07 13:16:58,86,99,70,70
2023-11-07 13:18:02,86,100,70,70
2023-11-07 13:18:12,86,97,70,70
2023-11-07 13:18:35,78,97,70,70
2023-11-07 13:18:45,88,97,70,70
2023-11-07 13:18:46,88,100,70,70
2023-11-07 13:18:48,88,98,70,70
2023-11-07 13:19:34,88,100,70,70
2023-11-07 13:19:35,88,99,70,70
2023-11-07 13:19:38,88,100,70,70
2023-11-07 13:19:47,88,99,70,70
2023-11-07 13:20:26,68,99,70,70
2023-11-07 13:20:36,89,99,70,70
2023-11-07 13:21:23,89,100,70,70
2023-11-07 13:21:29,85,100,70,70
2023-11-07 13:21:29,81,100,70,70
2023-11-07 13:21:29,77,100,70,70
2023-11-07 13:21:29,68,100,70,70
2023-11-07 13:21:30,88,100,70,70
2023-11-07 13:21:37,88,98,70,70
2023-11-07 13:21:44,84,98,70,70
2023-11-07 13:21:44,80,98,70,70
2023-11-07 13:21:44,76,98,70,70
2023-11-07 13:21:44,68,98,70,70
2023-11-07 13:21:45,86,98,70,70
2023-11-07 13:21:47,82,98,70,70
2023-11-07 13:21:47,78,98,70,70
2023-11-07 13:21:47,74,98,70,70
2023-11-07 13:21:47,68,98,70,70
2023-11-07 13:21:57,86,98,70,70
2023-11-07 13:23:02,86,100,70,70
2023-11-07 13:23:30,86,98,70,70
2023-11-07 13:23:46,82,98,70,70
2023-11-07 13:23:58,88,98,70,70
2023-11-07 13:24:09,88,100,70,70
2023-11-07 13:24:11,88,99,70,70
2023-11-07 13:24:56,88,100,70,70
2023-11-07 13:25:13,88,99,70,70
2023-11-07 13:25:55,68,99,70,70
2023-11-07 13:26:08,89,99,70,70
2023-11-07 13:26:21,85,99,70,70
2023-11-07 13:26:21,81,99,70,70
2023-11-07 13:26:21,77,99,70,70
2023-11-07 13:26:21,68,99,70,70
2023-11-07 13:26:23,88,99,70,70
2023-11-07 13:27:02,88,100,70,70
2023-11-07 13:27:09,88,98,70,70
2023-11-07 13:27:17,88,100,70,70
2023-11-07 13:27:18,88,99,70,70
2023-11-07 13:28:23,80,99,70,70
2023-11-07 13:28:37,90,99,70,70
2023-11-07 13:29:05,86,99,70,70
2023-11-07 13:29:05,82,99,70,70
2023-11-07 13:29:05,78,99,70,70
2023-11-07 13:29:05,68,99,70,70
2023-11-07 13:29:06,89,99,70,70
2023-11-07 13:29:10,85,99,70,70
2023-11-07 13:29:10,81,99,70,70
2023-11-07 13:29:10,77,99,70,70
2023-11-07 13:29:10,68,99,70,70
2023-11-07 13:29:11,68,100,70,70
2023-11-07 13:29:17,89,100,70,70
2023-11-07 13:29:19,89,99,70,70
2023-11-07 13:29:54,85,99,70,70
2023-11-07 13:29:54,81,99,70,70
2023-11-07 13:29:54,77,99,70,70
2023-11-07 13:29:54,68,99,70,70
2023-11-07 13:29:56,88,99,70,70
2023-11-07 13:30:45,88,100,70,70
2023-11-07 13:31:01,88,99,70,70
2023-11-07 13:31:10,88,100,70,70
2023-11-07 13:31:20,84,100,70,70
2023-11-07 13:31:42,90,100,70,70
2023-11-07 13:33:08,86,100,70,70
2023-11-07 13:33:22,91,100,70,70
2023-11-07 13:34:58,68,100,70,70
2023-11-07 13:35:07,91,100,70,70
2023-11-07 13:36:59,68,100,70,70
2023-11-07 13:37:20,92,100,70,70
2023-11-07 13:37:53,88,100,70,70
2023-11-07 13:37:53,84,100,70,70
2023-11-07 13:37:53,80,100,70,70
2023-11-07 13:37:53,68,100,70,70
2023-11-07 13:37:56,91,100,70,70
2023-11-07 13:39:44,87,100,70,70
2023-11-07 13:40:00,93,100,70,70
2023-11-07 13:40:18,89,100,70,70
2023-11-07 13:40:19,85,100,70,70
2023-11-07 13:40:19,81,100,70,70
2023-11-07 13:40:19,68,100,70,70
2023-11-07 13:40:21,92,100,70,70
2023-11-07 13:41:57,68,100,70,70
2023-11-07 13:42:04,93,100,70,70
2023-11-07 13:42:23,89,100,70,70
2023-11-07 13:42:23,85,100,70,70
2023-11-07 13:42:23,81,100,70,70
2023-11-07 13:42:23,68,100,70,70
2023-11-07 13:42:25,92,100,70,70
2023-11-07 13:42:28,88,100,70,70
2023-11-07 13:42:28,84,100,70,70
2023-11-07 13:42:28,80,100,70,70
2023-11-07 13:42:28,68,100,70,70
2023-11-07 13:43:04,92,100,70,70
2023-11-07 13:43:18,88,100,70,70
2023-11-07 13:43:18,84,100,70,70
2023-11-07 13:43:18,80,100,70,70
2023-11-07 13:43:18,68,100,70,70
2023-11-07 13:43:32,92,100,70,70
2023-11-07 13:43:48,88,100,70,70
2023-11-07 13:43:48,84,100,70,70
2023-11-07 13:43:48,80,100,70,70
2023-11-07 13:43:48,68,100,70,70
2023-11-07 13:43:50,91,100,70,70
2023-11-07 13:43:55,87,100,70,70
2023-11-07 13:43:55,83,100,70,70
2023-11-07 13:43:55,79,100,70,70
2023-11-07 13:43:55,68,100,70,70
2023-11-07 13:44:09,91,100,70,70
2023-11-07 13:46:04,79,100,70,70
2023-11-07 13:46:15,92,100,70,70
2023-11-07 13:48:08,68,100,70,70
2023-11-07 13:48:17,93,100,70,70
2023-11-07 13:50:00,89,100,70,70
2023-11-07 13:50:11,93,100,70,70
2023-11-07 13:51:49,89,100,70,70
2023-11-07 13:51:55,94,100,70,70
2023-11-07 13:52:43,90,100,70,70
2023-11-07 13:52:43,86,100,70,70
2023-11-07 13:52:43,82,100,70,70
2023-11-07 13:52:43,68,100,70,70
2023-11-07 13:52:45,93,100,70,70
2023-11-07 13:53:17,89,100,70,70
2023-11-07 13:53:17,85,100,70,70
2023-11-07 13:53:17,81,100,70,70
2023-11-07 13:53:17,68,100,70,70
2023-11-07 13:53:18,92,100,70,70
2023-11-07 13:54:39,68,100,70,70
2023-11-07 13:54:51,92,100,70,70
2023-11-07 13:55:42,88,100,70,70
2023-11-07 13:55:42,84,100,70,70
2023-11-07 13:55:42,80,100,70,70
2023-11-07 13:55:42,68,100,70,70
2023-11-07 13:55:43,89,100,70,70
2023-11-07 13:55:44,89,99,70,70
2023-11-07 13:55:47,89,100,70,70
2023-11-07 13:57:38,68,100,70,70
2023-11-07 13:57:48,92,100,70,70
2023-11-07 13:59:41,88,100,70,70
2023-11-07 13:59:51,92,100,70,70
2023-11-07 14:01:19,88,100,70,70
2023-11-07 14:01:29,93,100,70,70
2023-11-07 14:02:50,89,100,70,70
2023-11-07 14:03:06,94,100,70,70
2023-11-07 14:04:37,90,100,70,70
2023-11-07 14:04:49,94,100,70,70
2023-11-07 14:05:12,90,100,70,70
2023-11-07 14:05:12,86,100,70,70
2023-11-07 14:05:12,82,100,70,70
2023-11-07 14:05:12,68,100,70,70
2023-11-07 14:05:14,93,100,70,70
2023-11-07 14:05:20,89,100,70,70
2023-11-07 14:05:20,85,100,70,70
2023-11-07 14:05:20,81,100,70,70
2023-11-07 14:05:20,68,100,70,70
2023-11-07 14:05:34,93,100,70,70
2023-11-07 14:05:47,89,100,70,70
2023-11-07 14:05:47,85,100,70,70
2023-11-07 14:05:47,81,100,70,70
2023-11-07 14:05:47,68,100,70,70
2023-11-07 14:06:02,93,100,70,70
2023-11-07 14:06:42,89,100,70,70
2023-11-07 14:06:42,85,100,70,70
2023-11-07 14:06:42,81,100,70,70
2023-11-07 14:06:42,68,100,70,70
2023-11-07 14:06:44,92,100,70,70
2023-11-07 14:06:48,88,100,70,70
2023-11-07 14:06:48,84,100,70,70
2023-11-07 14:06:48,80,100,70,70
2023-11-07 14:06:48,68,100,70,70
2023-11-07 14:06:58,91,100,70,70
2023-11-07 14:08:23,83,100,70,70
2023-11-07 14:08:53,93,100,70,70
2023-11-07 14:09:17,89,100,70,70
2023-11-07 14:09:17,85,100,70,70
2023-11-07 14:09:17,81,100,70,70
2023-11-07 14:09:17,68,100,70,70
2023-11-07 14:09:18,92,100,70,70
2023-11-07 14:10:58,68,100,70,70
2023-11-07 14:11:07,94,100,70,70
2023-11-07 14:11:23,90,100,70,70
2023-11-07 14:11:23,86,100,70,70
2023-11-07 14:11:23,82,100,70,70
2023-11-07 14:11:23,68,100,70,70
2023-11-07 14:11:24,93,100,70,70
2023-11-07 14:11:26,89,100,70,70
2023-11-07 14:11:26,85,100,70,70
2023-11-07 14:11:26,81,100,70,70
2023-11-07 14:11:26,68,100,70,70
2023-11-07 14:11:37,93,100,70,70
2023-11-07 14:12:59,89,100,70,70
2023-11-07 14:13:03,93,100,70,70
2023-11-07 14:14:57,89,100,70,70
2023-11-07 14:15:03,93,100,70,70
2023-11-07 14:16:53,89,100,70,70
2023-11-07 14:16:58,94,100,70,70
2023-11-07 14:18:25,86,100,70,70
2023-11-07 14:18:30,94,100,70,70
2023-11-07 14:19:55,68,100,70,70
2023-11-07 14:20:05,94,100,70,70
2023-11-07 14:21:41,68,100,70,70
2023-11-07 14:21:52,95,100,70,70
2023-11-07 14:23:25,68,100,70,70
2023-11-07 14:23:36,95,100,70,70
2023-11-07 14:25:13,91,100,70,70
2023-11-07 14:25:29,94,100,70,70
2023-11-07 14:26:53,68,100,70,70
2023-11-07 14:27:01,94,100,70,70
2023-11-07 14:28:31,90,100,70,70
2023-11-07 14:28:38,94,100,70,70
2023-11-07 14:30:33,90,100,70,70
2023-11-07 14:30:51,95,100,70,70
2023-11-07 14:32:17,91,100,70,70
2023-11-07 14:32:27,95,100,70,70
2023-11-07 14:34:25,87,100,70,70
2023-11-07 14:34:30,95,100,70,70
2023-11-07 14:36:12,87,100,70,70
2023-11-07 14:36:18,95,100,70,70
2023-11-07 14:37:33,91,100,70,70
2023-11-07 14:37:33,87,100,70,70
2023-11-07 14:37:33,83,100,70,70
2023-11-07 14:37:33,68,100,70,70
2023-11-07 14:37:34,94,100,70,70
2023-11-07 14:39:11,86,100,70,70
2023-11-07 14:39:20,94,100,70,70
2023-11-07 14:41:02,68,100,70,70
2023-11-07 14:41:13,94,100,70,70
2023-11-07 14:43:11,86,100,70,70
2023-11-07 14:43:21,94,100,70,70
2023-11-07 14:43:51,90,100,70,70
2023-11-07 14:43:51,86,100,70,70
2023-11-07 14:43:51,82,100,70,70
2023-11-07 14:43:51,68,100,70,70
2023-11-07 14:43:52,93,100,70,70
2023-11-07 14:44:08,89,100,70,70
2023-11-07 14:44:08,85,100,70,70
2023-11-07 14:44:08,81,100,70,70
2023-11-07 14:44:08,68,100,70,70
2023-11-07 14:44:23,91,100,70,70
2023-11-07 14:46:14,68,100,70,70
2023-11-07 14:46:24,94,100,70,70
2023-11-07 14:48:07,90,100,70,70
2023-11-07 14:48:22,93,100,70,70
2023-11-07 14:50:13,68,100,70,70
2023-11-07 14:50:19,94,100,70,70
2023-11-07 14:52:17,90,100,70,70
2023-11-07 14:52:29,93,100,70,70
2023-11-07 14:54:29,89,100,70,70
2023-11-07 14:54:38,94,100,70,70
2023-11-07 14:56:21,90,100,70,70
2023-11-07 14:56:21,86,100,70,70
2023-11-07 14:56:21,82,100,70,70
2023-11-07 14:56:21,68,100,70,70
2023-11-07 14:56:29,93,100,70,70
2023-11-07 14:58:21,89,100,70,70
2023-11-07 14:58:33,93,100,70,70
2023-11-07 14:59:36,89,100,70,70
2023-11-07 14:59:36,85,100,70,70
2023-11-07 14:59:36,81,100,70,70
2023-11-07 14:59:36,68,100,70,70
2023-11-07 14:59:37,92,100,70,70
2023-11-07 15:01:35,87,100,70,70
2023-11-07 15:01:44,94,100,70,70
2023-11-07 15:03:29,89,100,70,70
2023-11-07 15:03:33,94,100,70,70
2023-11-07 15:04:09,89,100,70,70
2023-11-07 15:04:09,84,100,70,70
2023-11-07 15:04:09,79,100,70,70
2023-11-07 15:04:09,68,100,70,70
2023-11-07 15:04:11,93,100,70,70
2023-11-07 15:04:19,88,100,70,70
2023-11-07 15:04:19,83,100,70,70
2023-11-07 15:04:19,78,100,70,70
2023-11-07 15:04:19,68,100,70,70
2023-11-07 15:04:52,92,100,70,70
2023-11-07 15:06:42,82,100,70,70
2023-11-07 15:06:48,93,100,70,70
2023-11-07 15:07:00,88,100,70,70
2023-11-07 15:07:00,83,100,70,70
2023-11-07 15:07:00,78,100,70,70
2023-11-07 15:07:00,68,100,70,70
2023-11-07 15:07:01,92,100,70,70
2023-11-07 15:07:10,87,100,70,70
2023-11-07 15:07:10,82,100,70,70
2023-11-07 15:07:10,77,100,70,70
2023-11-07 15:07:10,68,100,70,70
2023-11-07 15:07:16,91,100,70,70
2023-11-07 15:08:49,86,100,70,70
2023-11-07 15:08:57,92,100,70,70
2023-11-07 15:10:28,76,100,70,70
2023-11-07 15:10:43,92,100,70,70
2023-11-07 15:11:20,87,100,70,70
2023-11-07 15:11:20,82,100,70,70
2023-11-07 15:11:20,77,100,70,70
2023-11-07 15:11:20,76,100,70,70
2023-11-07 15:11:21,91,100,70,70
2023-11-07 15:11:24,86,100,70,70
2023-11-07 15:11:24,81,100,70,70
2023-11-07 15:11:24,76,100,70,70
2023-11-07 15:11:39,91,100,70,70
2023-11-07 15:13:14,76,100,70,70
2023-11-07 15:13:23,92,100,70,70
2023-11-07 15:15:00,76,100,70,70
2023-11-07 15:15:06,94,100,70,70
2023-11-07 15:17:04,89,100,70,70
2023-11-07 15:17:12,94,100,70,70
2023-11-07 15:19:01,76,100,70,70
2023-11-07 15:19:26,94,100,70,70
2023-11-07 15:21:08,76,100,70,70
2023-11-07 15:21:19,94,100,70,70
2023-11-07 15:22:57,79,100,70,70
2023-11-07 15:23:31,94,100,70,70
2023-11-07 15:25:05,89,100,70,70
