datetime,bid,ask,open_interest,volume
2023-10-09 09:30:07,7,10,2465,2490
2023-10-09 09:31:00,7,10,2465,2690
2023-10-09 09:31:00,9,10,2465,2690
2023-10-09 09:31:02,8,10,2465,2690
2023-10-09 09:31:02,9,10,2465,2690
2023-10-09 09:31:10,9,10,2465,2890
2023-10-09 09:31:29,8,10,2465,2890
2023-10-09 09:31:29,9,10,2465,2890
2023-10-09 09:31:31,8,10,2465,2890
2023-10-09 09:31:31,9,10,2465,2890
2023-10-09 09:32:29,8,10,2465,2890
2023-10-09 09:32:29,9,10,2465,2890
2023-10-09 09:32:47,8,10,2465,2890
2023-10-09 09:32:50,9,10,2465,2890
2023-10-09 09:33:01,8,10,2465,2890
2023-10-09 09:34:05,9,10,2465,2890
2023-10-09 09:35:21,8,10,2465,2890
2023-10-09 09:35:32,8,9,2465,2890
2023-10-09 09:35:38,8,10,2465,2890
2023-10-09 09:36:04,9,10,2465,2890
2023-10-09 09:36:05,8,10,2465,2890
2023-10-09 09:36:10,9,10,2465,2890
2023-10-09 09:36:12,8,10,2465,2890
2023-10-09 09:36:14,9,10,2465,2890
2023-10-09 09:36:16,8,10,2465,2890
2023-10-09 09:36:19,9,10,2465,2890
2023-10-09 09:37:17,8,10,2465,2890
2023-10-09 09:37:22,8,9,2465,2890
2023-10-09 09:37:33,8,10,2665,3090
2023-10-09 09:37:33,8,9,2665,3090
2023-10-09 09:37:34,9,10,2765,3190
2023-10-09 09:37:35,8,10,2765,3190
2023-10-09 09:37:36,9,10,2765,3190
2023-10-09 09:37:50,9,10,2766,3191
2023-10-09 09:37:51,9,10,2767,3192
2023-10-09 09:38:03,9,10,2768,3193
2023-10-09 09:38:10,9,10,2768,3213
2023-10-09 09:39:16,9,12,2768,3793
2023-10-09 09:39:45,9,12,2768,3793
2023-10-09 09:39:49,9,11,2768,3793
2023-10-09 09:39:53,9,12,2768,3793
2023-10-09 09:40:05,9,11,2768,3793
2023-10-09 09:40:07,9,12,2768,3793
2023-10-09 09:40:08,9,11,2768,3793
2023-10-09 09:40:09,9,12,2768,3793
2023-10-09 09:40:10,9,11,2768,3793
2023-10-09 09:40:11,9,12,2768,3793
2023-10-09 09:40:14,9,11,2768,3793
2023-10-09 09:40:17,9,12,2768,3793
2023-10-09 09:40:18,10,12,2768,3793
2023-10-09 09:40:26,9,12,2768,3793
2023-10-09 09:40:31,9,11,2768,3793
2023-10-09 09:40:43,9,12,2768,3793
2023-10-09 09:40:49,10,12,2768,3793
2023-10-09 09:40:51,10,12,2793,3818
2023-10-09 09:40:51,9,12,2793,3818
2023-10-09 09:40:57,9,11,2793,3818
2023-10-09 09:41:28,9,12,2793,3818
2023-10-09 09:41:32,9,11,2793,3818
2023-10-09 09:42:00,9,12,2793,3818
2023-10-09 09:42:05,10,12,2793,3818
2023-10-09 09:42:23,10,13,2793,3818
2023-10-09 09:42:23,11,13,2793,3818
2023-10-09 09:42:30,12,13,2793,3818
2023-10-09 09:42:39,11,13,2793,3818
2023-10-09 09:43:02,12,13,2793,3818
2023-10-09 09:43:19,12,14,2793,3818
2023-10-09 09:44:12,12,13,2793,3818
2023-10-09 09:45:06,13,14,2793,4003
2023-10-09 09:45:07,12,14,2793,4003
2023-10-09 09:45:11,13,14,2793,4003
2023-10-09 09:45:22,13,15,2793,4003
2023-10-09 09:46:29,12,15,2793,4003
2023-10-09 09:46:29,12,14,2793,4003
2023-10-09 09:46:31,12,15,2793,4003
2023-10-09 09:46:34,12,14,2793,4003
2023-10-09 09:46:36,12,15,2793,4003
2023-10-09 09:47:10,12,14,2793,4003
2023-10-09 09:47:12,12,15,2793,4003
2023-10-09 09:47:15,12,14,2793,4003
2023-10-09 09:47:54,12,13,2793,4003
2023-10-09 09:48:02,12,14,2793,4003
2023-10-09 09:48:32,12,15,2793,4003
2023-10-09 09:48:57,13,15,2793,4003
2023-10-09 09:51:15,13,14,2793,4003
2023-10-09 09:51:16,12,14,2793,4003
2023-10-09 09:51:53,12,13,2793,4003
2023-10-09 09:51:54,12,14,2793,4003
2023-10-09 09:52:37,12,15,2793,4003
2023-10-09 09:52:40,12,14,2793,4003
2023-10-09 09:53:39,12,13,2793,4003
2023-10-09 09:53:53,12,14,2793,4003
2023-10-09 09:53:53,12,14,2973,4183
2023-10-09 09:54:24,12,15,2973,4183
2023-10-09 09:55:02,13,15,2973,4183
2023-10-09 09:55:22,13,14,2973,4183
2023-10-09 09:55:24,12,14,2973,4183
2023-10-09 09:55:43,12,15,2973,4183
2023-10-09 09:55:54,13,15,2973,4183
2023-10-09 09:56:35,14,15,2973,4183
2023-10-09 09:56:39,14,16,2973,4383
2023-10-09 09:57:46,14,17,2973,4383
2023-10-09 09:57:50,15,17,2973,4383
2023-10-09 09:57:54,15,17,2974,4384
2023-10-09 09:58:16,17,18,2174,5184
2023-10-09 09:58:17,17,18,2174,5244
2023-10-09 09:58:18,17,18,2174,5304
2023-10-09 09:58:20,17,18,2174,5424
2023-10-09 09:58:23,15,17,2014,5584
2023-10-09 09:58:58,15,18,2474,6444
2023-10-09 09:58:59,15,17,2474,6444
2023-10-09 09:59:43,16,17,2474,6444
2023-10-09 09:59:48,16,18,2474,6444
2023-10-09 10:00:08,15,18,2474,6444
2023-10-09 10:00:08,17,18,2474,6444
2023-10-09 10:00:14,15,18,2474,6444
2023-10-09 10:00:14,16,18,2474,6444
2023-10-09 10:00:21,17,18,2474,6444
2023-10-09 10:00:38,17,19,2474,6444
2023-10-09 10:00:38,18,19,2474,6444
2023-10-09 10:00:38,18,19,2474,6504
2023-10-09 10:01:00,18,19,2360,6704
2023-10-09 10:01:00,17,19,2360,6704
2023-10-09 10:01:02,17,18,2360,6704
2023-10-09 10:01:14,16,18,2220,6844
2023-10-09 10:01:22,15,18,2220,6844
2023-10-09 10:01:28,16,18,2220,6844
2023-10-09 10:01:31,15,18,2220,6844
2023-10-09 10:01:50,16,18,2220,6844
2023-10-09 10:01:56,15,18,2220,6844
2023-10-09 10:02:07,15,17,2220,6844
2023-10-09 10:02:50,15,16,2220,6844
2023-10-09 10:02:53,14,16,2220,6844
2023-10-09 10:03:05,14,15,2220,6844
2023-10-09 10:03:19,13,15,2220,6844
2023-10-09 10:03:26,13,14,2220,6844
2023-10-09 10:03:56,12,14,2220,6844
2023-10-09 10:04:01,12,13,2220,6844
2023-10-09 10:04:26,11,13,2220,6844
2023-10-09 10:04:27,11,12,2220,6844
2023-10-09 10:04:54,11,12,2254,6964
2023-10-09 10:04:55,10,12,2254,6964
2023-10-09 10:04:56,10,11,2254,6964
2023-10-09 10:04:56,10,11,2374,7084
2023-10-09 10:04:58,10,11,2474,7184
2023-10-09 10:05:04,10,11,2574,7284
2023-10-09 10:05:08,9,11,2574,7284
2023-10-09 10:05:09,9,10,2574,7284
2023-10-09 10:05:25,9,11,2574,7284
2023-10-09 10:05:42,9,10,2574,7284
2023-10-09 10:05:47,9,10,2574,8144
2023-10-09 10:06:13,9,11,2574,8144
2023-10-09 10:06:13,10,11,2574,8144
2023-10-09 10:06:27,9,11,2574,8144
2023-10-09 10:06:31,8,11,3314,8884
2023-10-09 10:06:32,9,11,3314,8884
2023-10-09 10:06:40,8,11,3714,9284
2023-10-09 10:06:40,9,11,3714,9284
2023-10-09 10:06:58,8,11,3714,9284
2023-10-09 10:07:05,8,10,3714,9284
2023-10-09 10:07:09,8,10,3654,9344
2023-10-09 10:07:10,8,10,3603,9395
2023-10-09 10:07:11,9,10,3603,9395
2023-10-09 10:07:11,9,11,3603,9395
2023-10-09 10:07:17,9,10,3603,9395
2023-10-09 10:07:30,8,10,3603,9395
2023-10-09 10:07:40,8,9,3603,9395
2023-10-09 10:08:13,8,9,3603,9645
2023-10-09 10:08:45,8,9,3603,9895
2023-10-09 10:08:46,8,10,3603,9895
2023-10-09 10:09:01,9,10,3603,9895
2023-10-09 10:09:04,9,11,3603,9895
2023-10-09 10:10:03,9,12,3603,9895
2023-10-09 10:10:07,10,12,3603,9895
2023-10-09 10:10:57,10,12,3543,9955
2023-10-09 10:10:59,10,13,3543,9955
2023-10-09 10:11:02,10,12,3543,9955
2023-10-09 10:11:42,10,11,3543,9955
2023-10-09 10:11:51,9,11,3543,9955
2023-10-09 10:11:53,9,10,3543,9955
2023-10-09 10:12:33,9,11,3543,9955
2023-10-09 10:12:46,9,10,3543,9955
2023-10-09 10:13:31,9,11,3543,9955
2023-10-09 10:14:00,10,11,3543,9955
2023-10-09 10:15:00,9,11,3543,9955
2023-10-09 10:15:37,10,11,3543,9955
2023-10-09 10:15:45,10,12,3543,10084
2023-10-09 10:15:48,10,13,3543,10084
2023-10-09 10:15:49,10,12,3543,10084
2023-10-09 10:15:52,10,13,3543,10084
2023-10-09 10:16:04,10,12,3543,10084
2023-10-09 10:17:08,10,13,3543,10084
2023-10-09 10:17:14,10,12,3543,10084
2023-10-09 10:17:15,10,13,3543,10084
2023-10-09 10:17:16,10,12,3543,10084
2023-10-09 10:17:30,10,13,3543,10084
2023-10-09 10:17:44,11,13,3543,10084
2023-10-09 10:20:25,10,13,3543,10084
2023-10-09 10:20:25,10,12,3543,10084
2023-10-09 10:20:32,10,13,3543,10084
2023-10-09 10:20:37,11,13,3543,10084
2023-10-09 10:20:44,10,13,3543,10084
2023-10-09 10:20:45,10,12,3543,10084
2023-10-09 10:22:26,10,13,3543,10084
2023-10-09 10:22:48,11,13,3543,10084
2023-10-09 10:23:30,11,14,3543,10084
2023-10-09 10:23:33,12,14,3543,10084
2023-10-09 10:23:58,14,15,2543,11084
2023-10-09 10:24:02,13,15,2543,11084
2023-10-09 10:24:03,12,15,2543,11084
2023-10-09 10:24:03,13,15,2543,11084
2023-10-09 10:24:08,13,15,2403,11224
2023-10-09 10:24:41,14,15,2403,11224
2023-10-09 10:25:00,15,16,2403,11284
2023-10-09 10:25:29,15,16,2403,11424
2023-10-09 10:25:33,14,15,2403,11484
2023-10-09 10:25:34,14,16,2403,11484
2023-10-09 10:25:34,14,15,2403,11484
2023-10-09 10:25:43,14,16,2403,11484
2023-10-09 10:25:48,14,15,2403,11484
2023-10-09 10:25:52,13,15,2403,11484
2023-10-09 10:26:10,14,15,2403,11484
2023-10-09 10:26:10,14,16,2403,11484
2023-10-09 10:26:51,13,16,2403,11484
2023-10-09 10:27:13,13,15,2403,11484
2023-10-09 10:27:16,12,15,2403,11484
2023-10-09 10:27:19,12,14,2403,11484
2023-10-09 10:27:46,12,13,2403,11484
2023-10-09 10:27:57,12,14,2403,11484
2023-10-09 10:28:06,12,13,2403,11484
2023-10-09 10:28:50,12,13,2503,11584
2023-10-09 10:28:51,11,13,2603,11684
2023-10-09 10:28:53,11,12,2603,11684
2023-10-09 10:28:57,11,13,2603,11684
2023-10-09 10:29:23,11,12,2603,11684
2023-10-09 10:30:34,11,12,2613,11694
2023-10-09 10:30:47,11,12,2713,11794
2023-10-09 10:30:48,10,11,2803,11884
2023-10-09 10:31:03,10,12,2803,11884
2023-10-09 10:31:12,11,12,2803,11884
2023-10-09 10:31:17,11,13,2803,11884
2023-10-09 10:31:42,11,14,2803,11884
2023-10-09 10:31:44,12,14,2803,11884
2023-10-09 10:32:09,11,14,2803,11884
2023-10-09 10:32:10,11,13,2803,11884
2023-10-09 10:32:37,10,13,2803,11884
2023-10-09 10:32:37,10,12,2803,11884
2023-10-09 10:33:11,10,12,2803,12144
2023-10-09 10:33:40,10,13,2803,12144
2023-10-09 10:33:56,11,13,2803,12144
2023-10-09 10:34:11,10,13,2803,12144
2023-10-09 10:34:11,10,12,2803,12144
2023-10-09 10:34:55,10,11,2803,12144
2023-10-09 10:36:12,10,11,2903,12244
2023-10-09 10:36:13,9,10,2943,12284
2023-10-09 10:36:56,9,11,2943,12284
2023-10-09 10:36:57,9,10,2943,12284
2023-10-09 10:37:55,8,10,2943,12284
2023-10-09 10:37:55,8,9,2943,12284
2023-10-09 10:38:12,7,9,2943,12284
2023-10-09 10:39:19,8,9,2943,12284
2023-10-09 10:39:56,7,9,2943,12284
2023-10-09 10:40:31,7,8,2943,12284
2023-10-09 10:40:53,7,8,3043,12384
2023-10-09 10:40:54,7,8,3143,12484
2023-10-09 10:40:58,6,7,3183,12524
2023-10-09 10:41:30,5,7,3983,13324
2023-10-09 10:41:31,5,8,3983,13324
2023-10-09 10:42:52,5,7,3923,13384
2023-10-09 10:42:54,6,7,3923,13384
2023-10-09 10:43:12,5,7,4323,13784
2023-10-09 10:43:22,5,8,4423,13884
2023-10-09 10:43:22,6,8,4423,13884
2023-10-09 10:43:52,7,8,4423,13884
2023-10-09 10:43:54,7,8,4673,14134
2023-10-09 10:43:56,7,9,4723,14184
2023-10-09 10:44:14,7,10,4723,14184
2023-10-09 10:44:47,7,9,4723,14184
2023-10-09 10:45:15,7,9,4723,14434
2023-10-09 10:46:34,7,8,4723,14434
2023-10-09 10:46:41,7,9,4723,14434
2023-10-09 10:46:53,7,8,4723,14434
2023-10-09 10:47:13,7,8,4973,14684
2023-10-09 10:47:21,7,8,5223,14934
2023-10-09 10:47:22,7,8,5473,15184
2023-10-09 10:47:27,7,8,5573,15434
2023-10-09 10:47:38,7,8,5823,15684
2023-10-09 10:47:42,7,8,6073,15934
2023-10-09 10:47:44,7,8,6323,16184
2023-10-09 10:47:48,6,8,6323,16184
2023-10-09 10:47:53,6,7,6323,16184
2023-10-09 10:48:06,6,7,6573,16434
2023-10-09 10:48:07,6,8,6823,16684
2023-10-09 10:48:10,6,7,6823,16684
2023-10-09 10:48:11,6,8,6923,16784
2023-10-09 10:48:13,6,7,6923,16784
2023-10-09 10:48:14,6,8,7023,16884
2023-10-09 10:48:14,6,7,7023,16884
2023-10-09 10:48:15,6,8,7123,16984
2023-10-09 10:48:15,6,7,7123,16984
2023-10-09 10:48:16,6,8,7223,17084
2023-10-09 10:48:16,6,7,7223,17084
2023-10-09 10:48:40,6,7,7473,17334
2023-10-09 10:48:44,6,7,7573,17434
2023-10-09 10:48:48,6,7,7823,17684
2023-10-09 10:48:51,5,7,7923,17784
2023-10-09 10:48:52,5,6,7923,17784
2023-10-09 10:48:53,5,7,8023,17884
2023-10-09 10:49:13,5,6,8023,17884
2023-10-09 10:49:30,5,6,8123,17984
2023-10-09 10:49:35,5,6,8223,18084
2023-10-09 10:49:36,4,6,8323,18184
2023-10-09 10:49:37,4,5,8323,18184
2023-10-09 10:49:38,3,5,8323,18184
2023-10-09 10:49:38,3,5,8323,18187
2023-10-09 10:49:44,3,4,8323,18187
2023-10-09 10:49:45,3,4,8323,18189
2023-10-09 10:49:48,2,4,8323,18189
2023-10-09 10:49:48,2,4,8323,18309
2023-10-09 10:50:10,2,5,8323,18309
2023-10-09 10:50:33,2,4,8323,18309
2023-10-09 10:51:30,1,4,8323,18309
2023-10-09 10:51:59,2,4,8323,18309
2023-10-09 10:52:17,1,4,8323,18309
2023-10-09 10:52:28,1,3,8323,18309
2023-10-09 10:52:30,1,3,8323,18311
2023-10-09 10:52:49,2,3,8323,18311
2023-10-09 10:52:59,2,4,8323,18311
2023-10-09 10:54:14,2,5,8323,18311
2023-10-09 10:54:19,2,4,8323,18311
2023-10-09 10:55:41,2,5,8323,18311
2023-10-09 10:56:22,2,4,8323,18311
2023-10-09 10:58:11,2,5,8323,18311
2023-10-09 10:58:52,3,5,8323,18311
2023-10-09 10:59:26,3,4,8323,18311
2023-10-09 10:59:26,2,4,8323,18311
2023-10-09 11:04:43,3,4,8323,18311
2023-10-09 11:04:43,3,4,8573,18561
2023-10-09 11:04:50,3,5,8573,18561
2023-10-09 11:06:43,2,5,8573,18561
2023-10-09 11:06:44,3,5,8573,18561
2023-10-09 11:07:06,3,4,8573,18561
2023-10-09 11:07:08,2,4,8573,18561
2023-10-09 11:09:17,2,5,8573,18561
2023-10-09 11:09:30,3,5,8573,18561
2023-10-09 11:09:52,3,4,8573,18561
2023-10-09 11:09:55,2,4,8573,18561
2023-10-09 11:10:49,2,3,8573,18561
2023-10-09 11:11:08,2,4,8573,18561
2023-10-09 11:11:27,2,3,8573,18561
2023-10-09 11:11:46,1,3,8573,18561
2023-10-09 11:11:46,2,3,8573,18561
2023-10-09 11:12:06,2,4,8573,18561
2023-10-09 11:12:37,3,4,8573,18561
2023-10-09 11:13:37,2,4,8573,18561
2023-10-09 11:13:37,3,4,8573,18561
2023-10-09 11:13:41,3,5,8573,18561
2023-10-09 11:15:44,2,5,8573,18561
2023-10-09 11:15:45,3,5,8573,18561
2023-10-09 11:17:22,4,5,8573,18561
2023-10-09 11:17:32,4,6,9373,19361
2023-10-09 11:18:10,4,5,9373,19361
2023-10-09 11:18:22,3,5,9373,19361
2023-10-09 11:19:04,4,5,9373,19361
2023-10-09 11:19:15,4,6,9373,19361
2023-10-09 11:20:38,5,6,9373,19361
2023-10-09 11:21:38,4,6,9373,19361
2023-10-09 11:22:31,4,7,9373,19361
2023-10-09 11:22:40,5,7,9373,19361
2023-10-09 11:23:22,6,7,9373,19361
2023-10-09 11:23:30,6,8,9573,19561
2023-10-09 11:24:19,5,8,9573,19561
2023-10-09 11:24:19,6,8,9573,19561
2023-10-09 11:24:48,6,7,9573,19561
2023-10-09 11:25:19,5,7,9573,19561
2023-10-09 11:26:21,6,7,9573,19561
2023-10-09 11:26:50,6,8,9573,19561
2023-10-09 11:27:03,5,8,9573,19561
2023-10-09 11:27:04,6,8,9573,19561
2023-10-09 11:27:59,6,8,9576,19564
2023-10-09 11:28:01,6,9,9576,19564
2023-10-09 11:28:04,7,9,9576,19564
2023-10-09 11:28:11,7,9,9577,19565
2023-10-09 11:28:42,7,9,9517,19625
2023-10-09 11:28:46,7,9,9457,19685
2023-10-09 11:28:46,8,9,9457,19685
2023-10-09 11:28:57,8,10,9427,19715
2023-10-09 11:30:40,8,11,9427,19715
2023-10-09 11:30:43,9,11,9427,19715
2023-10-09 11:31:43,8,11,9427,19715
2023-10-09 11:31:44,9,11,9427,19715
2023-10-09 11:31:46,11,12,9027,20115
2023-10-09 11:31:51,10,12,9027,20115
2023-10-09 11:31:57,10,12,8427,20915
2023-10-09 11:32:10,10,11,8427,20915
2023-10-09 11:33:43,10,12,8427,20915
2023-10-09 11:34:47,10,13,8427,20915
2023-10-09 11:34:59,10,12,8427,20915
2023-10-09 11:36:10,10,11,8427,20915
2023-10-09 11:37:23,10,12,8427,20915
2023-10-09 11:37:46,11,12,8427,20915
2023-10-09 11:38:16,10,12,8427,20915
2023-10-09 11:38:30,10,11,8427,20915
2023-10-09 11:39:30,10,12,8427,20915
2023-10-09 11:39:31,10,11,8427,20915
2023-10-09 11:40:28,10,11,8527,21015
2023-10-09 11:40:30,9,11,8527,21015
2023-10-09 11:41:16,10,11,8527,21015
2023-10-09 11:41:40,9,11,8527,21015
2023-10-09 11:42:08,9,10,8527,21015
2023-10-09 11:42:34,9,11,8527,21015
2023-10-09 11:42:58,9,10,8527,21015
2023-10-09 11:43:07,9,10,8627,21115
2023-10-09 11:43:37,8,10,8727,21215
2023-10-09 11:43:38,8,9,8727,21215
2023-10-09 11:43:55,8,10,8727,21215
2023-10-09 11:44:03,9,10,8727,21215
2023-10-09 11:44:22,9,11,8727,21215
2023-10-09 11:44:24,9,10,8727,21215
2023-10-09 11:44:45,9,11,8727,21215
2023-10-09 11:45:12,9,10,8727,21215
2023-10-09 11:45:56,9,11,8727,21215
2023-10-09 11:46:11,9,10,8727,21215
2023-10-09 11:46:28,8,10,8727,21215
2023-10-09 11:46:39,8,9,8727,21215
2023-10-09 11:46:40,7,9,8727,21215
2023-10-09 11:46:40,7,8,8727,21215
2023-10-09 11:46:41,7,8,8827,21315
2023-10-09 11:46:43,6,8,8927,21415
2023-10-09 11:46:44,6,7,8927,21415
2023-10-09 11:47:05,6,8,8927,21415
2023-10-09 11:47:41,7,8,8927,21415
2023-10-09 11:48:40,7,9,8927,21415
2023-10-09 11:50:36,7,10,8927,21415
2023-10-09 11:50:46,8,10,8927,21415
2023-10-09 11:51:37,8,11,8927,21415
2023-10-09 11:51:53,8,10,8927,21415
2023-10-09 11:52:14,8,11,8927,21415
2023-10-09 11:52:30,8,10,8927,21415
2023-10-09 11:52:56,8,11,8927,21415
2023-10-09 11:53:10,8,10,8927,21415
2023-10-09 11:53:31,8,11,8927,21415
2023-10-09 11:54:00,9,11,8927,21415
2023-10-09 11:54:13,9,10,8927,21415
2023-10-09 11:54:32,9,11,8927,21415
2023-10-09 11:55:09,9,10,8927,21415
2023-10-09 11:55:52,9,11,8927,21415
2023-10-09 11:58:08,10,11,8927,21415
2023-10-09 11:58:09,10,12,8927,21415
2023-10-09 11:58:18,11,12,8927,21415
2023-10-09 11:58:22,11,13,8927,21415
2023-10-09 11:58:53,11,12,8927,21415
2023-10-09 11:59:40,11,13,8927,21415
2023-10-09 12:00:43,11,12,8927,21415
2023-10-09 12:01:16,11,13,8927,21415
2023-10-09 12:02:08,11,12,8927,21415
2023-10-09 12:02:16,11,13,8927,21415
2023-10-09 12:02:44,11,12,8927,21415
2023-10-09 12:02:44,10,12,8927,21415
2023-10-09 12:02:50,10,12,8928,21416
2023-10-09 12:02:57,10,11,8928,21416
2023-10-09 12:03:03,10,11,8929,21417
2023-10-09 12:04:55,10,12,8929,21417
2023-10-09 12:05:14,10,11,8929,21417
2023-10-09 12:05:34,10,12,8929,21417
2023-10-09 12:06:32,11,12,8929,21417
2023-10-09 12:06:49,11,13,8929,21417
2023-10-09 12:07:17,11,14,8929,21417
2023-10-09 12:07:17,12,14,8929,21417
2023-10-09 12:07:25,13,14,8929,21417
2023-10-09 12:07:29,13,15,8929,21417
2023-10-09 12:07:37,13,16,8929,21417
2023-10-09 12:07:38,15,16,8929,21417
2023-10-09 12:08:27,15,17,8929,21417
2023-10-09 12:09:47,15,16,8929,21417
2023-10-09 12:10:05,14,16,8929,21417
2023-10-09 12:10:14,14,15,8929,21417
2023-10-09 12:10:20,14,16,8929,21417
2023-10-09 12:10:39,14,17,8929,21417
2023-10-09 12:10:47,14,16,8929,21417
2023-10-09 12:10:59,14,17,8929,21417
2023-10-09 12:11:01,14,16,8929,21417
2023-10-09 12:11:08,14,16,8930,21418
2023-10-09 12:11:17,14,15,8930,21418
2023-10-09 12:12:12,13,15,8930,21418
2023-10-09 12:12:56,13,16,8930,21418
2023-10-09 12:13:05,14,16,8930,21418
2023-10-09 12:13:30,13,16,8930,21418
2023-10-09 12:14:08,14,16,8930,21418
2023-10-09 12:14:23,13,16,8930,21418
2023-10-09 12:14:35,13,15,8930,21418
2023-10-09 12:14:50,13,16,8930,21418
2023-10-09 12:15:35,14,16,8930,21418
2023-10-09 12:17:27,14,17,8930,21418
2023-10-09 12:18:01,14,16,8930,21418
2023-10-09 12:18:02,14,17,8930,21418
2023-10-09 12:18:10,15,17,8930,21418
2023-10-09 12:18:48,16,17,8930,21418
2023-10-09 12:18:50,15,17,8930,21418
2023-10-09 12:19:01,15,17,8810,21538
2023-10-09 12:19:02,15,18,8810,21538
2023-10-09 12:19:57,15,18,8810,21807
2023-10-09 12:19:58,16,18,8810,21807
2023-10-09 12:19:59,18,19,8810,22138
2023-10-09 12:20:57,18,20,8810,22138
2023-10-09 12:21:25,18,21,8810,22138
2023-10-09 12:21:29,20,21,8810,22138
2023-10-09 12:21:40,20,22,8810,22138
2023-10-09 12:21:46,20,23,8810,22138
2023-10-09 12:21:47,21,23,8810,22138
2023-10-09 12:22:22,21,24,8810,22138
2023-10-09 12:22:23,22,24,8810,22138
2023-10-09 12:22:30,21,24,8810,22138
2023-10-09 12:22:34,21,25,8810,22543
2023-10-09 12:22:35,22,25,8810,22543
2023-10-09 12:22:35,22,24,8810,22543
2023-10-09 12:22:36,22,25,8810,22543
2023-10-09 12:22:38,22,24,8810,22543
2023-10-09 12:22:46,21,24,8810,22543
2023-10-09 12:22:48,21,23,8810,22543
2023-10-09 12:22:52,21,24,9210,22943
2023-10-09 12:22:56,21,23,9210,22943
2023-10-09 12:23:10,21,22,9210,22943
2023-10-09 12:23:10,20,22,9210,22943
2023-10-09 12:23:18,21,22,9210,22943
2023-10-09 12:23:21,21,23,9210,22943
2023-10-09 12:23:37,21,22,9210,22943
2023-10-09 12:23:48,21,23,9210,22943
2023-10-09 12:23:57,21,22,9210,22943
2023-10-09 12:23:58,21,23,9210,22943
2023-10-09 12:24:04,21,22,9210,22943
2023-10-09 12:24:07,21,23,9210,22943
2023-10-09 12:24:19,20,23,9210,22943
2023-10-09 12:24:19,22,23,9210,22943
2023-10-09 12:24:41,22,23,9010,23143
2023-10-09 12:24:45,22,23,9010,23203
2023-10-09 12:24:51,20,23,9010,23203
2023-10-09 12:24:51,21,23,9010,23203
2023-10-09 12:24:59,21,22,9010,23203
2023-10-09 12:25:16,20,21,8870,23343
2023-10-09 12:25:18,19,21,8870,23343
2023-10-09 12:25:29,19,20,8870,23343
2023-10-09 12:25:43,18,20,8870,23343
2023-10-09 12:25:54,18,19,8870,23343
2023-10-09 12:26:07,18,19,8930,23403
2023-10-09 12:26:08,17,19,8930,23403
2023-10-09 12:26:47,17,18,8930,23403
2023-10-09 12:27:10,16,18,8930,23403
2023-10-09 12:27:12,16,17,8930,23403
2023-10-09 12:28:19,15,17,8930,23403
2023-10-09 12:28:46,15,16,8930,23403
2023-10-09 12:28:52,15,16,9030,23503
2023-10-09 12:29:20,14,16,9130,23603
2023-10-09 12:29:35,14,15,9130,23603
2023-10-09 12:30:30,14,17,9130,23603
2023-10-09 12:30:44,15,17,9130,23603
2023-10-09 12:32:09,15,18,9130,23603
2023-10-09 12:32:25,16,18,9130,23603
2023-10-09 12:32:58,16,19,9130,23603
2023-10-09 12:33:01,16,18,9130,23603
2023-10-09 12:33:32,15,18,9130,23603
2023-10-09 12:33:40,15,17,9130,23603
2023-10-09 12:33:50,14,17,9130,23603
2023-10-09 12:33:55,14,16,9130,23603
2023-10-09 12:34:01,14,17,9130,23603
2023-10-09 12:34:11,14,16,9130,23603
2023-10-09 12:34:19,14,17,9130,23603
2023-10-09 12:34:39,15,17,9130,23603
2023-10-09 12:34:40,14,17,9130,23603
2023-10-09 12:34:48,15,17,9130,23603
2023-10-09 12:35:00,15,18,9130,23603
2023-10-09 12:35:09,15,17,9130,23603
2023-10-09 12:35:15,14,17,9130,23603
2023-10-09 12:35:47,14,16,9130,23603
2023-10-09 12:35:48,14,15,9130,23603
2023-10-09 12:36:15,14,15,9230,23703
2023-10-09 12:37:13,13,15,9230,23703
2023-10-09 12:37:13,13,14,9230,23703
2023-10-09 12:37:33,13,15,9230,23703
2023-10-09 12:37:43,13,14,9230,23703
2023-10-09 12:37:47,13,14,9330,23803
2023-10-09 12:37:48,12,14,9430,23903
2023-10-09 12:37:49,12,13,9430,23903
2023-10-09 12:38:03,11,12,9430,24703
2023-10-09 12:38:08,11,13,9430,24703
2023-10-09 12:38:30,11,12,9430,24703
2023-10-09 12:41:18,11,13,9430,25103
2023-10-09 12:43:22,11,12,9430,25103
2023-10-09 12:44:16,10,12,9430,25103
2023-10-09 12:44:39,10,11,9430,25103
2023-10-09 12:44:44,9,11,9430,25103
2023-10-09 12:45:25,9,10,9430,25103
2023-10-09 12:45:27,8,10,9430,25103
2023-10-09 12:45:55,8,9,9430,25103
2023-10-09 12:46:08,8,10,9430,25103
2023-10-09 12:46:58,8,11,9430,25103
2023-10-09 12:46:58,9,11,9430,25103
2023-10-09 12:47:31,9,12,9430,25103
2023-10-09 12:47:38,10,12,9430,25103
2023-10-09 12:50:10,10,13,9430,25103
2023-10-09 12:50:40,10,12,9430,25103
2023-10-09 12:51:10,10,13,9430,25103
2023-10-09 12:51:21,11,13,9430,25103
2023-10-09 12:51:29,10,13,9430,25103
2023-10-09 12:51:51,11,13,9430,25103
2023-10-09 12:52:33,10,13,9430,25103
2023-10-09 12:52:55,10,12,9430,25103
2023-10-09 12:53:07,10,11,9430,25103
2023-10-09 12:53:08,10,12,9430,25103
2023-10-09 12:55:18,10,13,9430,25103
2023-10-09 12:55:39,10,12,9430,25103
2023-10-09 12:57:27,9,12,9430,25103
2023-10-09 12:57:27,9,11,9430,25103
2023-10-09 12:57:32,9,10,9430,25103
2023-10-09 12:57:45,8,10,9430,25103
2023-10-09 12:57:54,8,9,9430,25103
2023-10-09 12:57:58,7,9,9430,25103
2023-10-09 12:58:02,7,8,9430,25103
2023-10-09 12:58:17,7,9,9430,25103
2023-10-09 12:59:18,7,10,9430,25103
2023-10-09 12:59:21,8,10,9430,25103
2023-10-09 12:59:52,8,11,9430,25103
2023-10-09 13:00:01,9,11,9430,25103
2023-10-09 13:00:16,9,11,9430,25153
2023-10-09 13:00:33,9,12,9430,25153
2023-10-09 13:00:39,9,11,9430,25153
2023-10-09 13:00:40,9,12,9430,25153
2023-10-09 13:00:41,9,11,9430,25153
2023-10-09 13:00:47,9,12,9430,25153
2023-10-09 13:00:50,9,11,9430,25153
2023-10-09 13:00:54,9,12,9430,25153
2023-10-09 13:01:00,9,11,9430,25153
2023-10-09 13:01:05,9,12,9430,25153
2023-10-09 13:01:27,9,11,9430,25153
2023-10-09 13:01:31,8,11,9430,25153
2023-10-09 13:01:40,8,10,9430,25153
2023-10-09 13:01:41,8,11,9430,25153
2023-10-09 13:02:01,8,10,9430,25153
2023-10-09 13:02:04,8,11,9430,25153
2023-10-09 13:02:16,9,11,9430,25153
2023-10-09 13:02:44,9,12,9430,25153
2023-10-09 13:03:04,10,12,9430,25153
2023-10-09 13:03:32,10,13,9430,25153
2023-10-09 13:03:33,11,13,9430,25153
2023-10-09 13:04:56,11,12,9430,25153
2023-10-09 13:04:56,10,12,9430,25153
2023-10-09 13:05:14,10,13,9430,25153
2023-10-09 13:05:20,10,12,9430,25153
2023-10-09 13:05:22,10,13,9430,25153
2023-10-09 13:05:23,10,12,9430,25153
2023-10-09 13:05:24,10,13,9430,25153
2023-10-09 13:05:50,10,12,9430,25153
2023-10-09 13:06:12,9,12,9430,25153
2023-10-09 13:06:16,9,11,9430,25153
2023-10-09 13:06:22,9,12,9430,25153
2023-10-09 13:06:49,10,12,9430,25153
2023-10-09 13:06:53,10,13,9430,25153
2023-10-09 13:07:56,11,13,9430,25153
2023-10-09 13:11:25,11,13,9431,25154
2023-10-09 13:11:39,12,13,9431,25154
2023-10-09 13:11:42,12,14,9431,25154
2023-10-09 13:13:21,13,14,9431,25154
2023-10-09 13:13:34,13,15,9431,25154
2023-10-09 13:14:18,13,14,9431,25154
2023-10-09 13:14:19,13,15,9431,25154
2023-10-09 13:14:54,13,14,9431,25154
2023-10-09 13:15:01,13,15,9431,25154
2023-10-09 13:16:50,14,15,9431,25154
2023-10-09 13:16:57,14,16,9431,25154
2023-10-09 13:17:32,13,16,9431,25154
2023-10-09 13:17:55,14,16,9431,25154
2023-10-09 13:17:58,13,16,9431,25154
2023-10-09 13:19:49,13,15,9431,25154
2023-10-09 13:20:09,13,16,9431,25154
2023-10-09 13:20:34,13,15,9431,25154
2023-10-09 13:20:47,12,15,9431,25154
2023-10-09 13:20:47,12,14,9431,25154
2023-10-09 13:20:48,12,15,9431,25154
2023-10-09 13:20:51,12,14,9431,25154
2023-10-09 13:20:53,12,15,9431,25154
2023-10-09 13:20:54,12,14,9431,25154
2023-10-09 13:20:57,12,15,9431,25154
2023-10-09 13:20:58,12,14,9431,25154
2023-10-09 13:22:19,12,15,9431,25154
2023-10-09 13:22:25,13,15,9431,25154
2023-10-09 13:22:32,12,15,9431,25154
2023-10-09 13:22:45,13,15,9431,25154
2023-10-09 13:22:49,12,15,9431,25154
2023-10-09 13:23:18,12,14,9431,25154
2023-10-09 13:23:21,12,15,9431,25154
2023-10-09 13:23:42,12,14,9431,25154
2023-10-09 13:23:49,12,15,9431,25154
2023-10-09 13:23:51,12,14,9431,25154
2023-10-09 13:23:59,12,15,9431,25154
2023-10-09 13:24:05,12,14,9431,25154
2023-10-09 13:24:14,12,15,9431,25154
2023-10-09 13:25:00,13,15,9431,25154
2023-10-09 13:25:00,13,16,9431,25154
2023-10-09 13:25:19,14,16,9431,25154
2023-10-09 13:25:33,15,16,9431,25154
2023-10-09 13:25:36,15,17,9431,25154
2023-10-09 13:25:48,15,17,9431,25254
2023-10-09 13:25:54,15,18,9431,25254
2023-10-09 13:25:54,16,18,9431,25254
2023-10-09 13:26:15,16,19,9431,25254
2023-10-09 13:27:24,17,19,9431,25254
2023-10-09 13:28:01,17,19,9431,25335
2023-10-09 13:28:02,18,19,9431,25335
2023-10-09 13:28:06,18,20,9431,25335
2023-10-09 13:28:11,19,20,9431,25335
2023-10-09 13:28:18,18,20,9431,25335
2023-10-09 13:28:25,19,20,9431,25335
2023-10-09 13:28:32,18,20,9431,25335
2023-10-09 13:28:40,19,20,9431,25335
2023-10-09 13:28:46,19,21,9431,25335
2023-10-09 13:30:02,20,21,9431,25335
2023-10-09 13:30:03,20,22,9551,25455
2023-10-09 13:30:03,21,24,9551,25455
2023-10-09 13:30:03,22,24,9551,25455
2023-10-09 13:30:06,23,24,9551,25455
2023-10-09 13:30:10,22,24,9551,25455
2023-10-09 13:30:29,21,24,9551,25455
2023-10-09 13:30:37,22,24,9551,25455
2023-10-09 13:30:46,22,24,9551,25463
2023-10-09 13:31:11,22,25,9551,25463
2023-10-09 13:31:11,23,25,9551,25463
2023-10-09 13:31:16,23,26,9551,25463
2023-10-09 13:31:22,24,27,9551,25463
2023-10-09 13:31:32,25,27,9551,25463
2023-10-09 13:32:03,25,28,9551,25463
2023-10-09 13:32:07,26,28,9551,25463
2023-10-09 13:32:21,26,29,9551,25463
2023-10-09 13:32:21,27,29,9551,25463
2023-10-09 13:32:44,27,30,9551,25463
2023-10-09 13:32:49,27,29,9551,25463
2023-10-09 13:33:09,27,28,9551,25463
2023-10-09 13:33:10,27,29,9551,25463
2023-10-09 13:33:27,27,28,9551,25463
2023-10-09 13:33:30,27,29,9551,25463
2023-10-09 13:33:36,27,28,9551,25463
2023-10-09 13:33:37,26,28,9551,25463
2023-10-09 13:33:39,26,29,9551,25463
2023-10-09 13:33:50,26,30,9551,25863
2023-10-09 13:33:51,27,30,9551,25863
2023-10-09 13:34:01,28,30,9551,25863
2023-10-09 13:34:04,28,29,9551,25863
2023-10-09 13:34:18,29,31,9561,25873
2023-10-09 13:34:26,29,32,9561,25873
2023-10-09 13:34:31,30,32,9561,25873
2023-10-09 13:35:12,29,32,9561,25873
2023-10-09 13:35:20,29,30,9561,25873
2023-10-09 13:35:26,28,30,9561,25873
2023-10-09 13:36:08,29,30,9561,25873
2023-10-09 13:36:15,28,30,9561,25873
2023-10-09 13:36:46,29,30,9561,25873
2023-10-09 13:37:26,31,33,9562,25874
2023-10-09 13:37:36,31,34,9562,25874
2023-10-09 13:37:36,32,34,9562,25874
2023-10-09 13:37:51,32,35,9562,25874
2023-10-09 13:37:53,33,35,9562,25874
2023-10-09 13:37:56,34,35,9562,25874
2023-10-09 13:37:58,33,35,9562,25874
2023-10-09 13:38:03,32,35,9562,25874
2023-10-09 13:38:11,33,35,9562,25874
2023-10-09 13:38:16,32,35,9562,25874
2023-10-09 13:38:19,33,35,9562,25874
2023-10-09 13:38:21,32,35,9562,25874
2023-10-09 13:38:32,31,35,9562,25874
2023-10-09 13:38:35,32,35,9562,25874
2023-10-09 13:38:38,31,35,9562,25874
2023-10-09 13:38:39,32,35,9562,25874
2023-10-09 13:38:40,31,35,9562,25874
2023-10-09 13:38:41,32,35,9562,25874
2023-10-09 13:38:42,32,34,9562,25874
2023-10-09 13:39:01,33,34,9562,25874
2023-10-09 13:39:12,34,36,9567,25879
2023-10-09 13:40:28,35,36,9567,25879
2023-10-09 13:40:35,36,38,9610,25922
2023-10-09 13:40:59,36,39,9610,25922
2023-10-09 13:41:10,37,39,9610,25922
2023-10-09 13:41:10,37,39,9729,26041
2023-10-09 13:41:25,38,39,9729,26041
2023-10-09 13:41:27,37,39,9729,26041
2023-10-09 13:41:29,37,40,9729,26241
2023-10-09 13:41:42,38,40,9729,26241
2023-10-09 13:42:07,38,40,9729,26351
2023-10-09 13:42:08,39,40,9729,26351
2023-10-09 13:42:08,39,41,9729,26351
2023-10-09 13:43:02,40,41,9729,26351
2023-10-09 13:43:11,40,42,9729,26482
2023-10-09 13:43:15,41,42,9729,26482
2023-10-09 13:43:21,41,42,9729,26491
2023-10-09 13:43:24,41,42,9729,26526
2023-10-09 13:43:25,41,43,9729,26526
2023-10-09 13:43:39,42,43,9729,26526
2023-10-09 13:43:40,42,44,9729,26526
2023-10-09 13:43:42,42,45,9729,26526
2023-10-09 13:43:42,43,45,9729,26526
2023-10-09 13:43:45,43,45,9729,26685
2023-10-09 13:43:46,43,46,9729,26685
2023-10-09 13:43:46,44,46,9729,26685
2023-10-09 13:43:47,43,46,9729,26685
2023-10-09 13:43:47,44,46,9729,26685
2023-10-09 13:43:52,44,46,9729,26791
2023-10-09 13:43:56,45,46,9729,26791
2023-10-09 13:43:56,46,47,9822,26884
2023-10-09 13:43:56,46,48,9822,26884
2023-10-09 13:43:59,47,48,9822,26884
2023-10-09 13:44:01,47,49,9822,26884
2023-10-09 13:44:02,48,49,9822,26884
2023-10-09 13:44:07,48,50,9822,26884
2023-10-09 13:44:14,47,50,9822,26884
2023-10-09 13:44:15,47,49,9822,26884
2023-10-09 13:44:19,46,49,9822,26884
2023-10-09 13:44:35,47,49,9822,26884
2023-10-09 13:44:40,46,49,9822,26884
2023-10-09 13:44:44,46,48,9822,26884
2023-10-09 13:44:59,46,49,9822,26884
2023-10-09 13:45:01,46,48,9822,26884
2023-10-09 13:45:03,46,49,9822,26884
2023-10-09 13:45:03,47,49,9822,26884
2023-10-09 13:45:21,47,50,9822,26884
2023-10-09 13:45:21,48,50,9822,26884
2023-10-09 13:45:25,48,50,9976,27038
2023-10-09 13:45:26,48,50,10010,27072
2023-10-09 13:45:28,47,50,10010,27072
2023-10-09 13:45:33,48,50,10010,27072
2023-10-09 13:45:47,47,50,10010,27072
2023-10-09 13:45:48,48,50,10010,27072
2023-10-09 13:45:51,48,49,10010,27072
2023-10-09 13:45:52,48,50,10010,27072
2023-10-09 13:46:10,48,49,10010,27072
2023-10-09 13:46:22,48,49,10031,27093
2023-10-09 13:46:25,47,49,10031,27093
2023-10-09 13:46:26,46,49,10031,27093
2023-10-09 13:46:26,46,48,10031,27093
2023-10-09 13:46:34,46,47,10031,27093
2023-10-09 13:46:36,46,48,10031,27093
2023-10-09 13:46:43,46,47,10031,27093
2023-10-09 13:46:50,46,48,10031,27093
2023-10-09 13:47:01,47,48,10031,27093
2023-10-09 13:47:02,47,49,10031,27093
2023-10-09 13:47:15,47,50,10031,27093
2023-10-09 13:47:15,47,48,10031,27093
2023-10-09 13:47:38,47,50,10031,27281
2023-10-09 13:47:39,47,49,10031,27281
2023-10-09 13:47:42,47,50,10031,27281
2023-10-09 13:47:45,47,49,10031,27281
2023-10-09 13:47:47,47,50,10031,27281
2023-10-09 13:48:12,48,50,10031,27281
2023-10-09 13:48:21,49,50,10031,27281
2023-10-09 13:48:21,49,51,10031,27281
2023-10-09 13:48:39,49,51,10031,27287
2023-10-09 13:48:39,49,51,10031,27537
2023-10-09 13:48:42,49,51,10060,27600
2023-10-09 13:48:43,50,51,10060,27600
2023-10-09 13:48:45,50,51,10310,27850
2023-10-09 13:48:51,50,52,10341,27881
2023-10-09 13:48:53,50,52,10397,27937
2023-10-09 13:48:54,51,52,10397,27937
2023-10-09 13:48:54,51,52,10647,28187
2023-10-09 13:48:56,51,53,10741,28281
2023-10-09 13:49:02,51,53,10991,28531
2023-10-09 13:49:15,50,53,10991,28531
2023-10-09 13:49:15,50,52,10991,28531
2023-10-09 13:49:32,50,53,10991,28531
2023-10-09 13:49:32,50,52,10991,28531
2023-10-09 13:49:40,49,52,10991,28531
2023-10-09 13:49:47,49,51,10991,28531
2023-10-09 13:49:57,49,52,10991,28531
2023-10-09 13:50:37,50,52,10991,28531
2023-10-09 13:50:45,49,52,10991,28531
2023-10-09 13:50:53,50,52,10991,28531
2023-10-09 13:51:31,50,53,10991,28531
2023-10-09 13:51:44,51,53,10991,28531
2023-10-09 13:52:00,51,53,10991,28591
2023-10-09 13:52:02,50,53,10991,28591
2023-10-09 13:52:07,51,53,10991,28591
2023-10-09 13:52:46,52,53,10991,28591
2023-10-09 13:53:21,52,54,10991,28591
2023-10-09 13:54:48,53,54,10991,28591
2023-10-09 13:57:12,53,55,10991,28591
2023-10-09 13:57:47,54,55,10991,28591
2023-10-09 13:57:53,54,56,11391,28991
2023-10-09 13:57:56,55,56,11391,28991
2023-10-09 13:58:13,54,56,11391,28991
2023-10-09 13:58:20,54,55,11391,28991
2023-10-09 13:58:24,54,56,11391,28991
2023-10-09 13:58:25,55,56,11391,28991
2023-10-09 14:00:38,54,56,11391,28991
2023-10-09 14:00:38,53,56,11391,28991
2023-10-09 14:00:38,54,56,11391,28991
2023-10-09 14:00:47,55,56,11391,28991
2023-10-09 14:01:28,55,57,11391,28991
2023-10-09 14:01:28,56,57,11391,28991
2023-10-09 14:01:42,54,57,11391,28991
2023-10-09 14:01:42,55,57,11391,28991
2023-10-09 14:01:45,55,56,11391,28991
2023-10-09 14:02:30,55,57,11391,28991
2023-10-09 14:02:30,56,57,11391,28991
2023-10-09 14:02:48,56,57,11391,29136
2023-10-09 14:04:30,56,58,11391,29136
2023-10-09 14:04:30,57,58,11391,29136
2023-10-09 14:06:39,57,59,11391,29136
2023-10-09 14:06:39,58,59,11391,29136
2023-10-09 14:06:45,57,59,11391,29154
2023-10-09 14:07:04,58,59,11391,29154
2023-10-09 14:07:26,58,60,11391,29154
2023-10-09 14:07:28,58,59,11391,29154
2023-10-09 14:07:55,58,60,11391,29154
2023-10-09 14:07:59,58,59,11391,29154
2023-10-09 14:08:22,58,60,11391,29154
2023-10-09 14:09:03,58,60,11391,29254
2023-10-09 14:11:54,59,60,11391,29254
2023-10-09 14:12:32,59,61,11391,29254
2023-10-09 14:14:09,58,61,11391,29254
2023-10-09 14:14:10,59,61,11391,29254
2023-10-09 14:15:15,60,61,11391,29254
2023-10-09 14:16:41,60,62,11391,29254
2023-10-09 14:16:54,60,61,11391,29254
2023-10-09 14:17:09,60,62,11367,29278
2023-10-09 14:19:11,61,62,11417,29328
2023-10-09 14:19:16,61,62,11407,29338
2023-10-09 14:19:30,61,62,11457,29388
2023-10-09 14:19:32,60,62,11457,29388
2023-10-09 14:19:34,60,61,11457,29388
2023-10-09 14:19:37,60,62,11457,29388
2023-10-09 14:19:44,60,61,11457,29388
2023-10-09 14:19:51,60,61,11457,29588
2023-10-09 14:19:56,60,61,11457,29788
2023-10-09 14:19:57,60,61,11457,29888
2023-10-09 14:20:11,60,61,11457,29943
2023-10-09 14:21:11,60,61,11457,29945
2023-10-09 14:22:05,61,62,11432,29970
2023-10-09 14:22:05,61,62,11432,29995
2023-10-09 14:23:02,61,63,11511,30095
2023-10-09 14:23:03,62,63,11511,30095
2023-10-09 14:29:21,62,64,11511,30095
2023-10-09 14:29:26,63,64,11511,30095
2023-10-09 14:30:42,63,64,11560,30144
2023-10-09 14:31:01,63,65,11560,30144
2023-10-09 14:31:13,63,64,11560,30144
2023-10-09 14:35:12,63,65,11560,30144
2023-10-09 14:35:20,64,65,11560,30144
2023-10-09 14:35:26,63,65,11560,30144
2023-10-09 14:35:38,64,65,11560,30144
2023-10-09 14:35:45,64,65,11560,30174
2023-10-09 14:35:45,62,65,11560,30174
2023-10-09 14:35:45,63,65,11560,30174
2023-10-09 14:35:53,63,64,11560,30174
2023-10-09 14:36:00,63,65,11560,30174
2023-10-09 14:36:03,63,64,11560,30174
2023-10-09 14:36:08,61,64,11560,30174
2023-10-09 14:36:08,62,64,11560,30174
2023-10-09 14:36:09,62,63,11560,30174
2023-10-09 14:36:13,62,63,11548,30186
2023-10-09 14:36:19,62,63,11517,30217
2023-10-09 14:36:24,61,63,11517,30217
2023-10-09 14:36:33,60,63,11511,30223
2023-10-09 14:36:36,60,62,11511,30223
2023-10-09 14:36:36,60,62,11476,30258
2023-10-09 14:36:37,60,63,11476,30258
2023-10-09 14:36:55,60,62,11476,30258
2023-10-09 14:37:09,60,63,11476,30258
2023-10-09 14:37:13,60,62,11476,30258
2023-10-09 14:37:39,61,62,11476,30258
2023-10-09 14:37:40,60,62,11476,30258
2023-10-09 14:37:54,61,62,11476,30258
2023-10-09 14:38:02,62,64,11448,30286
2023-10-09 14:38:03,61,64,11448,30286
2023-10-09 14:38:06,61,63,11448,30286
2023-10-09 14:38:07,60,63,11448,30286
2023-10-09 14:38:18,60,62,11448,30286
2023-10-09 14:38:19,61,62,11448,30286
2023-10-09 14:38:20,60,62,11448,30286
2023-10-09 14:38:20,61,62,11448,30286
2023-10-09 14:39:15,62,64,11424,30310
2023-10-09 14:39:21,61,64,11424,30310
2023-10-09 14:39:33,61,63,11424,30310
2023-10-09 14:39:37,62,63,11424,30310
2023-10-09 14:39:43,63,65,11396,30338
2023-10-09 14:39:52,64,65,11396,30338
2023-10-09 14:40:04,65,66,11367,30367
2023-10-09 14:40:39,65,67,11367,30367
2023-10-09 14:40:45,66,67,11367,30367
2023-10-09 14:40:53,65,67,11367,30367
2023-10-09 14:40:59,65,66,11367,30367
2023-10-09 14:41:03,65,67,11367,30367
2023-10-09 14:41:06,65,66,11367,30367
2023-10-09 14:41:09,65,67,11367,30367
2023-10-09 14:41:13,65,66,11367,30367
2023-10-09 14:41:20,65,67,11367,30367
2023-10-09 14:41:26,66,67,11367,30367
2023-10-09 14:42:17,66,68,11367,30367
2023-10-09 14:42:21,66,67,11367,30367
2023-10-09 14:42:50,67,68,11341,30393
2023-10-09 14:43:33,67,68,11341,30593
2023-10-09 14:43:33,67,69,11341,30593
2023-10-09 14:43:37,68,69,11341,30593
2023-10-09 14:44:38,68,69,11341,30619
2023-10-09 14:44:43,68,70,11341,30619
2023-10-09 14:45:07,69,70,11341,30619
2023-10-09 14:45:07,69,70,11341,30644
2023-10-09 14:45:32,69,70,11341,30672
2023-10-09 14:45:57,69,70,11341,30697
2023-10-09 14:46:12,69,71,11341,30697
2023-10-09 14:46:12,70,71,11341,30697
2023-10-09 14:46:48,70,71,11335,30703
2023-10-09 14:47:28,69,71,11335,30819
2023-10-09 14:47:48,70,71,11335,30819
2023-10-09 14:47:48,70,71,11335,30939
2023-10-09 14:49:02,70,72,11335,30939
2023-10-09 14:49:51,71,72,11335,30939
2023-10-09 14:50:17,71,73,11335,30939
2023-10-09 14:51:14,72,73,11335,30939
2023-10-09 14:51:17,72,73,11306,31000
2023-10-09 14:51:18,71,73,11306,31000
2023-10-09 14:51:25,72,73,11306,31000
2023-10-09 14:51:55,72,73,11366,31060
2023-10-09 14:52:06,72,73,11426,31120
2023-10-09 14:54:13,72,74,11426,31120
2023-10-09 14:54:17,72,73,11426,31120
2023-10-09 14:54:45,72,73,11426,31145
2023-10-09 14:55:12,72,73,11455,31174
2023-10-09 14:55:13,72,73,11485,31204
2023-10-09 14:55:15,71,73,11506,31225
2023-10-09 14:55:44,71,72,11506,31225
2023-10-09 14:55:48,70,72,11544,31263
2023-10-09 14:56:27,70,73,11544,31263
2023-10-09 14:56:48,70,72,11544,31263
2023-10-09 14:56:53,70,73,11544,31263
2023-10-09 14:57:00,70,72,11544,31263
2023-10-09 14:57:04,70,73,11544,31263
2023-10-09 14:57:10,71,73,11544,31263
2023-10-09 14:57:16,70,73,11544,31263
2023-10-09 14:57:20,71,73,11544,31263
2023-10-09 14:57:49,72,73,11544,31263
2023-10-09 14:58:03,71,73,11544,31263
2023-10-09 14:58:18,71,74,11544,31263
2023-10-09 14:58:19,71,74,11544,31278
2023-10-09 14:58:26,71,73,11544,31278
2023-10-09 14:58:34,72,73,11544,31278
2023-10-09 14:58:39,73,74,11544,31307
2023-10-09 14:58:52,73,75,11544,31307
2023-10-09 14:59:10,74,75,11544,31307
2023-10-09 15:00:28,74,75,11850,31613
2023-10-09 15:00:30,74,75,11910,31673
2023-10-09 15:00:44,74,76,11938,31726
2023-10-09 15:00:44,75,76,11938,31726
2023-10-09 15:00:47,75,76,11938,31753
2023-10-09 15:00:49,73,75,11937,31754
2023-10-09 15:00:50,73,76,11937,31754
2023-10-09 15:00:51,73,75,11937,31754
2023-10-09 15:00:55,73,76,11937,31754
2023-10-09 15:00:57,73,75,11937,31754
2023-10-09 15:01:26,74,75,11937,31754
2023-10-09 15:03:57,74,76,11937,31754
2023-10-09 15:04:00,74,75,11937,31754
2023-10-09 15:04:12,75,76,11937,31781
2023-10-09 15:04:56,75,77,11937,31781
2023-10-09 15:04:58,75,76,11937,31781
2023-10-09 15:05:05,75,77,11937,31781
2023-10-09 15:05:09,75,76,11937,31781
2023-10-09 15:05:12,75,77,11937,31781
2023-10-09 15:05:19,75,76,11937,31781
2023-10-09 15:05:26,75,77,11937,31781
2023-10-09 15:05:29,75,76,11937,31781
2023-10-09 15:05:40,75,77,11937,31781
2023-10-09 15:05:46,75,76,11937,31781
2023-10-09 15:06:34,75,77,11937,31781
2023-10-09 15:06:51,76,77,11937,31781
2023-10-09 15:07:51,76,78,11937,31781
2023-10-09 15:07:55,76,77,11937,31781
2023-10-09 15:07:59,76,78,11937,31781
2023-10-09 15:08:02,76,77,11937,31781
2023-10-09 15:08:23,76,78,11937,31781
2023-10-09 15:09:30,77,78,11937,31781
2023-10-09 15:09:59,77,79,11937,31781
2023-10-09 15:10:12,77,78,11937,31781
2023-10-09 15:10:15,77,79,11937,31781
2023-10-09 15:10:17,77,79,11937,31923
2023-10-09 15:10:35,78,79,11937,31923
2023-10-09 15:11:25,79,80,11937,31944
2023-10-09 15:12:00,79,81,11937,31944
2023-10-09 15:12:21,80,81,11937,31944
2023-10-09 15:12:21,80,81,11997,32004
2023-10-09 15:12:21,80,81,11997,32044
2023-10-09 15:12:22,79,81,11997,32044
2023-10-09 15:12:25,79,81,12097,32144
2023-10-09 15:12:26,80,81,12097,32144
2023-10-09 15:12:34,80,81,12102,32149
2023-10-09 15:12:36,80,81,12177,32224
2023-10-09 15:12:59,80,81,12197,32248
2023-10-09 15:13:12,79,81,12202,32254
2023-10-09 15:13:29,80,81,12202,32254
2023-10-09 15:13:29,80,81,12206,32258
2023-10-09 15:13:52,80,81,12239,32291
2023-10-09 15:13:54,79,81,12239,32291
2023-10-09 15:13:54,79,80,12239,32291
2023-10-09 15:14:38,79,81,12239,32291
2023-10-09 15:14:41,79,80,12239,32291
2023-10-09 15:14:44,79,81,12239,32291
2023-10-09 15:14:47,79,80,12239,32291
2023-10-09 15:15:00,78,80,12239,32291
2023-10-09 15:15:05,78,79,12239,32291
2023-10-09 15:15:05,78,79,12299,32351
2023-10-09 15:15:06,77,79,12299,32351
2023-10-09 15:15:09,78,79,12299,32351
2023-10-09 15:15:19,77,79,12299,32351
2023-10-09 15:15:22,78,79,12299,32351
2023-10-09 15:15:26,77,79,12299,32351
2023-10-09 15:15:28,77,80,12299,32351
2023-10-09 15:15:28,78,80,12299,32351
2023-10-09 15:15:44,77,80,12299,32351
2023-10-09 15:15:51,77,79,12299,32351
2023-10-09 15:15:53,77,80,12299,32351
2023-10-09 15:15:56,77,79,12299,32351
2023-10-09 15:16:01,77,80,12299,32351
2023-10-09 15:16:05,78,80,12299,32351
2023-10-09 15:16:12,77,80,12299,32351
2023-10-09 15:16:13,77,79,12299,32351
2023-10-09 15:16:16,76,79,12299,32351
2023-10-09 15:16:16,76,78,12299,32351
2023-10-09 15:16:21,76,77,12299,32351
2023-10-09 15:16:46,77,79,12300,32352
2023-10-09 15:16:47,77,80,12300,32352
2023-10-09 15:16:53,77,79,12300,32352
2023-10-09 15:17:10,77,80,12300,32352
2023-10-09 15:17:20,78,80,12300,32352
2023-10-09 15:17:34,79,80,12300,32352
2023-10-09 15:17:40,79,81,12300,32352
2023-10-09 15:17:42,79,80,12300,32352
2023-10-09 15:17:46,80,81,12300,32381
2023-10-09 15:17:47,79,81,12300,32381
2023-10-09 15:17:51,80,81,12300,32381
2023-10-09 15:18:12,80,81,12360,32441
2023-10-09 15:18:13,80,82,12360,32441
2023-10-09 15:18:13,80,82,12400,32481
2023-10-09 15:18:23,80,81,12400,32481
2023-10-09 15:18:30,79,81,12400,32481
2023-10-09 15:18:43,80,81,12400,32481
2023-10-09 15:18:57,79,81,12400,32481
2023-10-09 15:18:57,78,81,12400,32481
2023-10-09 15:18:58,77,79,12400,32481
2023-10-09 15:18:59,76,79,12400,32481
2023-10-09 15:19:17,77,79,12400,32481
2023-10-09 15:19:19,76,79,12400,32481
2023-10-09 15:19:22,77,79,12400,32481
2023-10-09 15:19:31,76,79,12400,32481
2023-10-09 15:19:33,77,79,12400,32481
2023-10-09 15:19:34,76,79,12400,32481
2023-10-09 15:19:38,76,78,12400,32481
2023-10-09 15:19:44,76,77,12400,32481
2023-10-09 15:19:47,76,78,12400,32481
2023-10-09 15:19:48,76,79,12400,32481
2023-10-09 15:19:50,77,79,12400,32481
2023-10-09 15:20:06,76,79,12400,32481
2023-10-09 15:20:07,76,78,12400,32481
2023-10-09 15:20:09,76,77,12400,32481
2023-10-09 15:20:11,76,78,12400,32481
2023-10-09 15:20:20,75,78,12400,32481
2023-10-09 15:20:20,76,78,12400,32481
2023-10-09 15:20:23,75,78,12400,32481
2023-10-09 15:20:23,76,78,12400,32481
2023-10-09 15:20:27,77,78,12400,32481
2023-10-09 15:20:27,77,79,12400,32481
2023-10-09 15:20:29,78,79,12400,32481
2023-10-09 15:21:00,79,80,12475,32556
2023-10-09 15:21:06,80,81,12550,32631
2023-10-09 15:21:07,79,81,12550,32631
2023-10-09 15:21:07,80,81,12550,32631
2023-10-09 15:21:24,79,81,12550,32631
2023-10-09 15:21:42,80,81,12550,32631
2023-10-09 15:21:53,81,82,12666,32747
2023-10-09 15:21:53,80,82,12750,32831
2023-10-09 15:22:08,80,81,12750,32831
2023-10-09 15:22:09,78,81,12750,32831
2023-10-09 15:22:09,79,81,12750,32831
2023-10-09 15:22:35,79,80,12750,32831
2023-10-09 15:22:37,77,79,12675,32906
2023-10-09 15:22:44,77,80,12675,32906
2023-10-09 15:22:48,78,80,12675,32906
2023-10-09 15:22:53,77,80,12675,32906
2023-10-09 15:22:55,78,80,12675,32906
2023-10-09 15:22:57,77,80,12675,32906
2023-10-09 15:23:03,78,80,12675,32906
2023-10-09 15:23:07,77,80,12675,32906
2023-10-09 15:23:08,78,80,12675,32906
2023-10-09 15:23:09,77,80,12675,32906
2023-10-09 15:23:10,78,80,12675,32906
2023-10-09 15:23:10,78,81,12675,32906
2023-10-09 15:23:14,77,81,12675,32906
2023-10-09 15:23:14,78,81,12675,32906
2023-10-09 15:23:14,78,80,12675,32906
2023-10-09 15:23:15,79,80,12675,32906
2023-10-09 15:23:15,79,81,12675,32906
2023-10-09 15:23:17,80,81,12675,32906
2023-10-09 15:23:19,80,82,12675,32906
2023-10-09 15:23:24,80,81,12675,32906
2023-10-09 15:23:26,80,82,12675,32906
2023-10-09 15:23:42,81,82,12675,32906
2023-10-09 15:23:49,80,82,12675,32906
2023-10-09 15:24:00,81,82,12675,32906
2023-10-09 15:24:17,82,83,12675,32929
2023-10-09 15:24:25,83,84,12750,33004
2023-10-09 15:24:30,83,85,12750,33004
2023-10-09 15:24:31,84,85,12750,33004
2023-10-09 15:24:40,84,86,12750,33004
2023-10-09 15:24:40,84,85,12750,33004
2023-10-09 15:24:49,83,85,12750,33004
2023-10-09 15:25:02,83,84,12750,33004
2023-10-09 15:25:14,83,84,12750,33024
2023-10-09 15:25:25,84,85,12750,33028
2023-10-09 15:26:20,84,85,12756,33048
2023-10-09 15:26:41,84,85,12756,33068
2023-10-09 15:27:03,83,85,12756,33068
2023-10-09 15:27:04,83,84,12756,33068
2023-10-09 15:27:12,83,85,12756,33068
2023-10-09 15:27:18,83,84,12756,33068
2023-10-09 15:27:22,83,85,12756,33068
2023-10-09 15:27:28,83,84,12756,33068
2023-10-09 15:27:29,83,85,12756,33068
2023-10-09 15:27:31,82,85,12715,33109
2023-10-09 15:27:36,82,84,12715,33109
2023-10-09 15:27:58,83,84,12715,33109
2023-10-09 15:27:58,83,85,12715,33109
2023-10-09 15:28:06,84,85,12715,33109
2023-10-09 15:28:33,85,86,12761,33159
2023-10-09 15:28:33,85,87,12761,33159
2023-10-09 15:28:43,86,87,12761,33159
2023-10-09 15:28:43,86,87,12783,33181
2023-10-09 15:29:14,86,88,12783,33181
2023-10-09 15:29:30,85,88,12783,33581
2023-10-09 15:29:31,85,87,12783,33581
2023-10-09 15:29:43,85,86,12783,33581
2023-10-09 15:29:44,84,86,12783,33581
2023-10-09 15:29:45,84,87,12783,33581
2023-10-09 15:29:49,85,87,12783,33581
2023-10-09 15:30:08,85,86,12783,33581
2023-10-09 15:30:09,84,86,12783,33581
2023-10-09 15:30:15,84,85,12783,33581
2023-10-09 15:30:15,83,85,12783,33581
2023-10-09 15:30:16,83,84,12783,33581
2023-10-09 15:30:21,84,86,12783,33609
2023-10-09 15:30:33,84,85,12783,33609
2023-10-09 15:30:33,83,85,12783,33609
2023-10-09 15:30:33,83,85,12922,33748
2023-10-09 15:30:35,82,85,12922,33748
2023-10-09 15:30:35,82,84,12922,33748
2023-10-09 15:30:36,82,83,12922,33748
2023-10-09 15:30:37,81,83,12922,33748
2023-10-09 15:30:40,81,82,12922,33748
2023-10-09 15:30:42,79,81,12922,33823
2023-10-09 15:30:42,80,81,12922,33823
2023-10-09 15:30:43,80,82,12922,33823
2023-10-09 15:30:49,80,81,12922,33823
2023-10-09 15:30:50,80,82,12922,33823
2023-10-09 15:31:00,80,81,12922,33823
2023-10-09 15:31:02,80,82,12922,33823
2023-10-09 15:31:08,81,82,12922,33823
2023-10-09 15:31:08,81,83,12922,33823
2023-10-09 15:31:11,81,82,12922,33823
2023-10-09 15:31:15,80,82,12922,33823
2023-10-09 15:31:52,79,82,12922,33823
2023-10-09 15:31:52,79,81,12922,33823
2023-10-09 15:32:11,80,81,12922,33823
2023-10-09 15:32:30,80,81,12922,33884
2023-10-09 15:32:30,80,84,12922,33884
2023-10-09 15:32:30,80,83,12922,33884
2023-10-09 15:32:30,80,82,12922,33884
2023-10-09 15:32:31,81,82,12922,33884
2023-10-09 15:32:32,82,84,12922,33898
2023-10-09 15:32:34,83,84,12922,33898
2023-10-09 15:32:36,83,85,12922,33898
2023-10-09 15:32:48,84,85,12922,33898
2023-10-09 15:32:53,84,85,12983,33959
2023-10-09 15:32:53,84,86,12983,33959
2023-10-09 15:32:54,85,86,12983,33959
2023-10-09 15:33:07,84,86,12983,33959
2023-10-09 15:33:40,84,85,12983,33959
2023-10-09 15:33:53,84,86,12983,33959
2023-10-09 15:33:56,84,85,12983,33959
2023-10-09 15:34:03,82,84,12922,34020
2023-10-09 15:34:06,82,83,12922,34020
2023-10-09 15:34:06,81,83,12922,34020
2023-10-09 15:34:06,80,83,13058,34201
2023-10-09 15:34:10,80,82,13058,34201
2023-10-09 15:34:23,79,82,13058,34201
2023-10-09 15:34:35,79,81,13058,34201
2023-10-09 15:34:43,79,80,13058,34201
2023-10-09 15:34:48,79,80,13077,34220
2023-10-09 15:34:49,78,80,13095,34239
2023-10-09 15:34:58,78,79,13095,34239
2023-10-09 15:34:58,76,79,13095,34239
2023-10-09 15:34:59,77,80,13095,34239
2023-10-09 15:34:59,77,79,13095,34239
2023-10-09 15:34:59,77,80,13095,34239
2023-10-09 15:35:00,76,80,13095,34239
2023-10-09 15:35:00,78,80,13095,34239
2023-10-09 15:35:01,78,79,13095,34239
2023-10-09 15:35:01,76,79,13095,34239
2023-10-09 15:35:01,77,79,13095,34239
2023-10-09 15:35:03,76,77,13095,34314
2023-10-09 15:35:03,74,77,13095,34314
2023-10-09 15:35:03,75,77,13095,34314
2023-10-09 15:35:03,74,77,13170,34389
2023-10-09 15:35:03,75,77,13170,34389
2023-10-09 15:35:06,76,77,13170,34389
2023-10-09 15:35:11,76,78,13189,34608
2023-10-09 15:35:14,77,78,13189,34608
2023-10-09 15:35:14,77,80,13189,34608
2023-10-09 15:35:14,77,79,13189,34608
2023-10-09 15:35:18,77,79,13189,34808
2023-10-09 15:35:18,77,82,13189,34808
2023-10-09 15:35:18,78,82,13189,34808
2023-10-09 15:35:18,78,81,13189,34808
2023-10-09 15:35:18,78,80,13189,34808
2023-10-09 15:35:19,77,80,13189,34808
2023-10-09 15:35:20,77,81,13189,34808
2023-10-09 15:35:20,77,79,13189,34808
2023-10-09 15:35:30,77,78,13189,34808
2023-10-09 15:35:31,76,78,13189,34808
2023-10-09 15:35:38,77,78,13189,34808
2023-10-09 15:35:38,77,79,13189,34808
2023-10-09 15:35:38,77,80,13189,34808
2023-10-09 15:35:38,77,79,13189,34808
2023-10-09 15:35:41,77,81,13189,34833
2023-10-09 15:35:42,77,82,13189,34833
2023-10-09 15:35:42,79,82,13189,34833
2023-10-09 15:35:42,79,81,13189,34833
2023-10-09 15:35:52,77,81,13189,34833
2023-10-09 15:35:52,77,80,13189,34833
2023-10-09 15:35:53,77,81,13189,34833
2023-10-09 15:35:54,77,80,13189,34833
2023-10-09 15:36:00,77,79,13189,34833
2023-10-09 15:36:02,77,80,13189,34833
2023-10-09 15:36:05,77,79,13189,34833
2023-10-09 15:36:05,77,78,13189,34833
2023-10-09 15:36:06,76,78,13189,34833
2023-10-09 15:36:25,76,80,13189,34833
2023-10-09 15:36:27,76,79,13189,34833
2023-10-09 15:36:28,76,78,13189,34833
2023-10-09 15:36:40,76,77,13189,34833
2023-10-09 15:36:44,76,79,13189,34833
2023-10-09 15:36:44,76,78,13189,34833
2023-10-09 15:36:44,76,79,13189,34833
2023-10-09 15:37:00,76,80,13189,34833
2023-10-09 15:37:02,77,80,13189,34833
2023-10-09 15:37:05,77,79,13189,34833
2023-10-09 15:37:05,76,79,13189,34833
2023-10-09 15:37:09,76,80,13189,34833
2023-10-09 15:37:10,78,80,13189,34833
2023-10-09 15:37:10,78,81,13189,34833
2023-10-09 15:37:33,78,82,13189,34833
2023-10-09 15:37:33,78,81,13189,34833
2023-10-09 15:37:43,78,82,13189,34833
2023-10-09 15:37:43,78,81,13189,34833
2023-10-09 15:37:48,80,81,13189,34833
2023-10-09 15:37:49,80,83,13189,34833
2023-10-09 15:37:50,79,83,13189,34833
2023-10-09 15:37:57,82,83,13205,34853
2023-10-09 15:38:39,81,83,13205,34853
2023-10-09 15:38:39,84,86,13347,34995
2023-10-09 15:38:40,82,86,13347,34995
2023-10-09 15:38:45,82,84,13347,34995
2023-10-09 15:39:03,82,83,13347,34995
2023-10-09 15:39:08,79,83,13347,34995
2023-10-09 15:39:08,81,83,13347,34995
2023-10-09 15:39:11,82,83,13347,34995
2023-10-09 15:39:13,81,82,13347,35027
2023-10-09 15:39:14,81,83,13347,35027
2023-10-09 15:39:19,81,82,13347,35027
2023-10-09 15:39:19,79,81,13272,35102
2023-10-09 15:39:19,77,81,13272,35102
2023-10-09 15:39:19,78,81,13272,35102
2023-10-09 15:39:20,78,82,13272,35102
2023-10-09 15:39:21,78,81,13272,35102
2023-10-09 15:39:25,79,81,13272,35102
2023-10-09 15:39:29,79,80,13272,35102
2023-10-09 15:39:38,77,79,13272,35126
2023-10-09 15:39:46,76,79,13272,35126
2023-10-09 15:39:58,77,79,13272,35126
2023-10-09 15:39:59,78,79,13272,35126
2023-10-09 15:40:00,78,80,13272,35126
2023-10-09 15:40:08,78,81,13272,35126
2023-10-09 15:40:12,78,80,13272,35126
2023-10-09 15:40:19,78,81,13272,35126
2023-10-09 15:40:23,78,82,13272,35126
2023-10-09 15:40:24,80,82,13272,35126
2023-10-09 15:40:24,80,82,13439,35293
2023-10-09 15:40:24,79,80,13472,35326
2023-10-09 15:40:25,78,80,13547,35401
2023-10-09 15:40:26,79,80,13547,35401
2023-10-09 15:40:27,78,80,13622,35476
2023-10-09 15:40:30,78,80,13632,35486
2023-10-09 15:40:44,78,79,13632,35486
2023-10-09 15:40:47,78,80,13632,35486
2023-10-09 15:41:00,78,80,13789,35736
2023-10-09 15:41:02,78,81,13789,35793
2023-10-09 15:41:03,78,82,13789,35793
2023-10-09 15:41:06,78,81,13789,35793
2023-10-09 15:41:13,78,80,13789,35793
2023-10-09 15:41:14,78,81,13789,35793
2023-10-09 15:41:14,78,82,13789,35793
2023-10-09 15:41:19,78,81,13789,35793
2023-10-09 15:41:33,78,80,13789,35793
2023-10-09 15:41:45,78,82,13789,35793
2023-10-09 15:41:45,78,81,13789,35793
2023-10-09 15:41:45,78,82,13789,35793
2023-10-09 15:41:46,78,81,13789,35793
2023-10-09 15:41:53,78,79,13789,35793
2023-10-09 15:41:56,77,79,13814,35818
2023-10-09 15:41:56,74,76,13889,35893
2023-10-09 15:41:56,75,76,13889,35893
2023-10-09 15:41:58,75,78,13914,35918
2023-10-09 15:41:58,74,78,13914,35918
2023-10-09 15:41:58,76,78,13914,35918
2023-10-09 15:41:59,74,78,13914,35918
2023-10-09 15:41:59,75,78,13914,35918
2023-10-09 15:42:04,75,77,13914,35918
2023-10-09 15:42:05,76,77,13914,35918
2023-10-09 15:42:17,75,76,13914,35939
2023-10-09 15:42:17,74,76,13914,35939
2023-10-09 15:42:18,74,77,13914,35939
2023-10-09 15:42:22,75,77,13914,35939
2023-10-09 15:42:23,74,77,13914,35939
2023-10-09 15:42:24,74,76,13914,35939
2023-10-09 15:42:27,74,77,13914,35939
2023-10-09 15:42:30,74,76,13914,35939
2023-10-09 15:42:33,74,77,13914,35939
2023-10-09 15:42:34,74,76,13914,35939
2023-10-09 15:42:35,74,77,13914,36139
2023-10-09 15:42:49,75,77,13914,36139
2023-10-09 15:42:52,74,75,13914,36160
2023-10-09 15:42:56,74,75,13914,36177
2023-10-09 15:43:03,74,75,13914,36360
2023-10-09 15:43:04,71,75,13939,36385
2023-10-09 15:43:05,71,73,13939,36385
2023-10-09 15:43:06,71,73,13939,36385
2023-10-09 15:43:06,71,72,13939,36385
2023-10-09 15:43:09,71,75,13939,36385
2023-10-09 15:43:09,71,73,13939,36385
2023-10-09 15:43:09,71,74,13939,36385
2023-10-09 15:43:11,71,75,13939,36385
2023-10-09 15:43:11,71,76,13939,36385
2023-10-09 15:43:11,71,75,13939,36385
2023-10-09 15:43:18,72,75,13939,36385
2023-10-09 15:43:18,72,76,13939,36385
2023-10-09 15:43:19,71,76,13939,36385
2023-10-09 15:43:20,73,76,13939,36385
2023-10-09 15:43:21,74,76,13939,36385
2023-10-09 15:43:22,76,79,13939,36460
2023-10-09 15:43:22,76,78,13939,36460
2023-10-09 15:43:22,76,79,13939,36460
2023-10-09 15:43:23,76,80,13939,36460
2023-10-09 15:43:25,77,81,13939,36460
2023-10-09 15:43:26,77,80,13939,36460
2023-10-09 15:43:27,76,80,13939,36460
2023-10-09 15:43:27,76,79,13939,36460
2023-10-09 15:43:27,74,79,13939,36460
2023-10-09 15:43:28,74,78,13939,36460
2023-10-09 15:43:30,73,78,13939,36460
2023-10-09 15:43:30,73,77,13939,36460
2023-10-09 15:43:38,73,76,13939,36460
2023-10-09 15:43:39,72,76,13939,36460
2023-10-09 15:43:57,72,74,13939,36460
2023-10-09 15:44:00,72,73,13939,36460
2023-10-09 15:44:01,72,73,13989,36710
2023-10-09 15:44:02,72,74,13989,36710
2023-10-09 15:44:03,72,75,13989,36710
2023-10-09 15:44:03,72,76,13989,36710
2023-10-09 15:44:04,72,75,13989,36710
2023-10-09 15:44:10,72,76,13989,36710
2023-10-09 15:44:13,72,75,13989,36710
2023-10-09 15:44:19,72,76,13989,36710
2023-10-09 15:44:20,73,76,13989,36710
2023-10-09 15:44:20,73,77,13989,36710
2023-10-09 15:44:25,72,77,13989,36710
2023-10-09 15:44:26,72,74,13989,36710
2023-10-09 15:44:36,72,74,13989,36743
2023-10-09 15:44:37,72,76,13989,36743
2023-10-09 15:44:38,72,74,13989,36743
2023-10-09 15:44:40,72,73,13989,36743
2023-10-09 15:44:47,70,72,13989,36776
2023-10-09 15:44:47,69,72,13989,36776
2023-10-09 15:44:49,68,72,13989,36776
2023-10-09 15:44:49,70,72,13989,36776
2023-10-09 15:44:49,70,73,13989,36776
2023-10-09 15:44:54,70,72,13989,36776
2023-10-09 15:44:54,67,72,13989,36776
2023-10-09 15:44:54,69,72,13989,36776
2023-10-09 15:44:55,69,70,13989,36776
2023-10-09 15:44:55,66,70,13989,36776
2023-10-09 15:44:55,68,70,13989,36776
2023-10-09 15:44:56,68,72,13989,36776
2023-10-09 15:44:56,69,72,13989,36776
2023-10-09 15:44:59,69,73,13989,36776
2023-10-09 15:45:00,69,72,13989,36776
2023-10-09 15:45:01,67,68,13989,36851
2023-10-09 15:45:01,65,68,13989,36851
2023-10-09 15:45:01,67,68,13989,36851
2023-10-09 15:45:02,63,67,13989,36926
2023-10-09 15:45:02,65,67,13989,36926
2023-10-09 15:45:03,64,67,13989,36926
2023-10-09 15:45:05,64,68,13989,36926
2023-10-09 15:45:05,65,68,13989,36926
2023-10-09 15:45:07,65,67,13989,36926
2023-10-09 15:45:07,64,67,13989,36926
2023-10-09 15:45:09,64,66,13989,36926
2023-10-09 15:45:15,64,67,13989,36926
2023-10-09 15:45:16,63,68,13989,36926
2023-10-09 15:45:16,65,68,13989,36926
2023-10-09 15:45:17,66,68,13989,36926
2023-10-09 15:45:20,66,69,13989,36926
2023-10-09 15:45:23,66,67,13989,36926
2023-10-09 15:45:27,66,68,13989,36926
2023-10-09 15:45:27,66,69,13989,36926
2023-10-09 15:45:36,66,70,13989,36926
2023-10-09 15:45:38,67,70,13989,36926
2023-10-09 15:45:38,69,70,13989,36926
2023-10-09 15:45:38,69,74,13989,36926
2023-10-09 15:45:38,69,73,13989,36926
2023-10-09 15:45:38,69,72,13989,36926
2023-10-09 15:45:41,67,72,13989,36926
2023-10-09 15:45:41,67,73,13989,36926
2023-10-09 15:45:41,67,71,13989,36926
2023-10-09 15:45:47,67,71,13989,36946
2023-10-09 15:45:49,67,70,13989,36946
2023-10-09 15:45:54,67,70,13989,36946
2023-10-09 15:45:54,67,72,13989,36946
2023-10-09 15:45:54,67,71,13989,36946
2023-10-09 15:45:59,69,71,13989,36946
2023-10-09 15:45:59,69,73,13989,36946
2023-10-09 15:45:59,69,72,13989,36946
2023-10-09 15:46:01,69,72,13989,36981
2023-10-09 15:46:07,69,71,13989,36981
2023-10-09 15:46:08,67,71,13989,36981
2023-10-09 15:46:08,67,72,13989,36981
2023-10-09 15:46:08,67,71,13989,36981
2023-10-09 15:46:13,68,71,13989,36981
2023-10-09 15:46:15,68,71,13989,37001
2023-10-09 15:46:20,67,71,13989,37001
2023-10-09 15:46:21,68,71,13989,37001
2023-10-09 15:46:23,67,71,13989,37001
2023-10-09 15:46:25,66,71,13989,37001
2023-10-09 15:46:25,66,70,13989,37001
2023-10-09 15:46:27,66,68,13989,37001
2023-10-09 15:46:28,66,68,13989,37086
2023-10-09 15:46:29,65,68,14017,37114
2023-10-09 15:46:34,65,67,14017,37114
2023-10-09 15:46:35,64,67,14017,37114
2023-10-09 15:46:37,63,67,14017,37114
2023-10-09 15:46:45,63,67,14018,37137
2023-10-09 15:46:59,64,67,14018,37137
2023-10-09 15:46:59,64,68,14018,37137
2023-10-09 15:47:03,66,68,14018,37137
2023-10-09 15:47:03,66,68,14018,37387
2023-10-09 15:47:06,66,68,14018,37623
2023-10-09 15:47:08,67,68,14018,37623
2023-10-09 15:47:09,67,71,14018,37788
2023-10-09 15:47:13,66,71,14018,37788
2023-10-09 15:47:13,66,72,14018,37788
2023-10-09 15:47:13,66,70,14018,37788
2023-10-09 15:47:15,64,70,14018,37788
2023-10-09 15:47:15,64,69,14018,37788
2023-10-09 15:47:16,65,69,14018,37788
2023-10-09 15:47:19,65,70,14018,37788
2023-10-09 15:47:20,68,70,14018,37788
2023-10-09 15:47:20,68,73,14018,37788
2023-10-09 15:47:20,68,71,14018,37788
2023-10-09 15:47:27,65,71,14018,37788
2023-10-09 15:47:27,65,70,14018,37788
2023-10-09 15:47:39,65,69,14018,37788
2023-10-09 15:47:40,66,69,14018,37788
2023-10-09 15:47:40,66,70,14018,37788
2023-10-09 15:47:43,67,70,14018,37788
2023-10-09 15:47:45,69,70,14018,37788
2023-10-09 15:47:45,69,73,14018,37788
2023-10-09 15:47:45,69,74,14018,37788
2023-10-09 15:47:45,69,71,14018,37788
2023-10-09 15:47:46,69,74,14018,37863
2023-10-09 15:47:47,71,74,14018,37863
2023-10-09 15:47:47,71,76,14018,37863
2023-10-09 15:47:47,71,75,14018,37863
2023-10-09 15:47:59,72,75,14018,37863
2023-10-09 15:48:01,71,75,14018,37863
2023-10-09 15:48:08,72,75,14018,37863
2023-10-09 15:48:09,72,76,14018,37863
2023-10-09 15:48:11,71,76,14018,37863
2023-10-09 15:48:11,71,75,14018,37863
2023-10-09 15:48:13,69,75,14018,37863
2023-10-09 15:48:13,69,74,14018,37863
2023-10-09 15:48:15,69,73,14018,37863
2023-10-09 15:48:16,67,73,14018,37863
2023-10-09 15:48:17,68,73,14018,37863
2023-10-09 15:48:18,67,73,14018,37863
2023-10-09 15:48:21,69,73,14018,37863
2023-10-09 15:48:21,69,74,14018,37863
2023-10-09 15:48:23,70,74,14018,37863
2023-10-09 15:48:24,69,74,14018,37863
2023-10-09 15:48:27,70,74,14018,37863
2023-10-09 15:48:27,70,75,14018,37863
2023-10-09 15:48:28,69,75,14018,37863
2023-10-09 15:48:28,69,74,14018,37863
2023-10-09 15:48:29,69,73,14018,37863
2023-10-09 15:48:30,67,73,14018,37863
2023-10-09 15:48:32,68,73,14018,37863
2023-10-09 15:48:37,68,74,14018,37863
2023-10-09 15:48:39,68,73,14018,37863
2023-10-09 15:48:45,70,73,14018,37863
2023-10-09 15:48:45,72,73,14018,37863
2023-10-09 15:48:45,72,74,14018,37863
2023-10-09 15:48:45,72,75,14018,37863
2023-10-09 15:48:45,72,76,14018,37863
2023-10-09 15:48:46,73,76,14018,37863
2023-10-09 15:48:47,74,76,14018,37863
2023-10-09 15:48:47,74,77,14018,37863
2023-10-09 15:48:53,75,77,14018,37863
2023-10-09 15:48:55,75,81,14018,37863
2023-10-09 15:48:55,75,78,14018,37863
2023-10-09 15:48:56,77,78,14018,37863
2023-10-09 15:49:23,79,81,14093,37938
2023-10-09 15:49:23,79,81,14168,38013
2023-10-09 15:49:23,79,81,14243,38088
2023-10-09 15:49:23,79,80,14243,38088
2023-10-09 15:49:33,80,82,14318,38163
2023-10-09 15:49:33,80,84,14318,38163
2023-10-09 15:49:33,80,83,14318,38163
2023-10-09 15:49:33,80,81,14318,38163
2023-10-09 15:49:34,81,84,14393,38238
2023-10-09 15:49:34,81,85,14393,38238
2023-10-09 15:49:34,81,83,14393,38238
2023-10-09 15:49:35,81,83,14393,38238
2023-10-09 15:49:39,82,83,14393,38238
2023-10-09 15:49:40,82,84,14468,38313
2023-10-09 15:49:41,83,84,14468,38313
2023-10-09 15:49:41,83,85,14468,38313
2023-10-09 15:49:43,84,85,14468,38313
2023-10-09 15:49:45,84,86,14468,38313
2023-10-09 15:49:47,84,87,14468,38313
2023-10-09 15:49:54,84,86,14468,38313
2023-10-09 15:49:55,84,87,14468,38313
2023-10-09 15:49:56,84,86,14468,38313
2023-10-09 15:49:59,84,87,14468,38313
2023-10-09 15:50:00,84,86,14468,38313
2023-10-09 15:50:01,84,85,14468,38313
2023-10-09 15:50:01,78,85,14468,38313
2023-10-09 15:50:01,78,82,14468,38313
2023-10-09 15:50:02,77,82,14468,38313
2023-10-09 15:50:02,77,81,14468,38313
2023-10-09 15:50:04,77,82,14468,38313
2023-10-09 15:50:07,80,82,14468,38313
2023-10-09 15:50:10,81,82,14468,38313
2023-10-09 15:50:10,81,85,14668,38513
2023-10-09 15:50:10,81,86,14668,38513
2023-10-09 15:50:10,81,85,14668,38513
2023-10-09 15:50:14,80,85,14668,38513
2023-10-09 15:50:15,82,85,14668,38513
2023-10-09 15:50:15,82,86,14668,38513
2023-10-09 15:50:16,82,85,14668,38513
2023-10-09 15:50:19,81,85,14668,38513
2023-10-09 15:50:19,81,85,14668,38533
2023-10-09 15:50:25,81,86,14668,38533
2023-10-09 15:50:28,81,85,14668,38533
2023-10-09 15:50:30,81,86,14668,38533
2023-10-09 15:50:30,82,86,14668,38533
2023-10-09 15:50:33,85,86,14668,38533
2023-10-09 15:50:33,85,87,14668,38533
2023-10-09 15:50:33,85,88,14668,38533
2023-10-09 15:50:34,85,89,14668,38533
2023-10-09 15:50:34,86,89,14668,38533
2023-10-09 15:50:36,85,89,14668,38533
2023-10-09 15:50:37,84,89,14668,38533
2023-10-09 15:50:37,84,88,14668,38533
2023-10-09 15:50:37,84,87,14668,38533
2023-10-09 15:50:38,84,88,14668,38533
2023-10-09 15:50:39,84,87,14668,38533
2023-10-09 15:50:40,84,88,14668,38533
2023-10-09 15:50:42,84,89,14668,38533
2023-10-09 15:50:42,85,89,14668,38533
2023-10-09 15:50:45,87,89,14668,38533
2023-10-09 15:50:46,87,90,14668,38533
2023-10-09 15:50:48,87,89,14668,38533
2023-10-09 15:50:49,85,89,14668,38533
2023-10-09 15:50:51,85,88,14668,38533
2023-10-09 15:50:52,84,88,14668,38533
2023-10-09 15:50:52,83,87,14668,38533
2023-10-09 15:50:54,83,86,14668,38533
2023-10-09 15:50:55,83,84,14668,38533
2023-10-09 15:50:55,80,84,14668,38533
2023-10-09 15:50:55,82,84,14668,38533
2023-10-09 15:50:58,82,85,14668,38533
2023-10-09 15:50:58,82,86,14668,38533
2023-10-09 15:50:58,82,87,14668,38533
2023-10-09 15:50:58,83,87,14668,38533
2023-10-09 15:50:59,83,86,14668,38533
2023-10-09 15:51:01,83,85,14668,38533
2023-10-09 15:51:01,80,85,14668,38533
2023-10-09 15:51:01,82,85,14668,38533
2023-10-09 15:51:04,84,85,14668,38533
2023-10-09 15:51:06,82,85,14668,38733
2023-10-09 15:51:06,79,85,14668,38733
2023-10-09 15:51:06,79,84,14668,38733
2023-10-09 15:51:06,81,84,14668,38733
2023-10-09 15:51:07,81,85,14668,38733
2023-10-09 15:51:11,81,83,14668,38733
2023-10-09 15:51:11,79,83,14668,38733
2023-10-09 15:51:11,80,83,14668,38733
2023-10-09 15:51:18,80,83,14668,38891
2023-10-09 15:51:20,79,83,14668,38891
2023-10-09 15:51:21,79,82,14668,38891
2023-10-09 15:51:21,80,82,14668,38891
2023-10-09 15:51:22,81,82,14668,38891
2023-10-09 15:51:22,81,85,14668,38891
2023-10-09 15:51:22,81,84,14668,38891
2023-10-09 15:51:22,81,85,14668,38891
2023-10-09 15:51:22,81,84,14668,38891
2023-10-09 15:51:22,81,85,14668,38891
2023-10-09 15:51:23,81,86,14668,38891
2023-10-09 15:51:23,82,86,14668,38891
2023-10-09 15:51:23,82,87,14668,38891
2023-10-09 15:51:26,83,87,14668,38891
2023-10-09 15:51:27,82,87,14668,38891
2023-10-09 15:51:31,82,84,14668,38891
2023-10-09 15:51:31,81,84,14668,38891
2023-10-09 15:51:32,80,84,14668,38891
2023-10-09 15:51:35,81,84,14668,38891
2023-10-09 15:51:38,80,84,14668,38891
2023-10-09 15:51:40,80,83,14668,38891
2023-10-09 15:51:40,80,82,14668,38891
2023-10-09 15:51:41,80,83,14668,38891
2023-10-09 15:51:42,80,82,14668,38891
2023-10-09 15:51:43,80,83,14668,38891
2023-10-09 15:51:43,80,84,14668,38891
2023-10-09 15:51:43,80,84,14668,38901
2023-10-09 15:51:45,80,85,14668,38901
2023-10-09 15:51:45,81,85,14668,38901
2023-10-09 15:51:45,81,87,14668,38901
2023-10-09 15:51:45,81,86,14668,38901
2023-10-09 15:51:45,81,87,14668,38901
2023-10-09 15:51:46,83,87,14668,38901
2023-10-09 15:51:46,83,88,14668,38901
2023-10-09 15:51:51,83,86,14668,38901
2023-10-09 15:51:51,81,86,14668,38901
2023-10-09 15:51:51,82,86,14668,38901
2023-10-09 15:51:54,81,86,14668,38901
2023-10-09 15:51:55,81,85,14668,38901
2023-10-09 15:51:57,81,84,14668,38901
2023-10-09 15:51:57,80,84,14668,38901
2023-10-09 15:52:01,80,81,14668,38901
2023-10-09 15:52:07,80,85,14668,38901
2023-10-09 15:52:07,80,83,14668,38901
2023-10-09 15:52:08,80,82,14668,38901
2023-10-09 15:52:10,80,83,14668,38901
2023-10-09 15:52:11,80,85,14668,38901
2023-10-09 15:52:11,80,86,14668,38901
2023-10-09 15:52:11,81,86,14668,38901
2023-10-09 15:52:11,82,86,14668,38901
2023-10-09 15:52:20,82,85,14668,38901
2023-10-09 15:52:22,80,85,14668,38901
2023-10-09 15:52:22,81,85,14668,38901
2023-10-09 15:52:26,80,85,14668,38901
2023-10-09 15:52:26,82,85,14668,38901
2023-10-09 15:52:29,82,84,14668,38901
2023-10-09 15:52:29,80,84,14668,38901
2023-10-09 15:52:29,81,84,14668,38901
2023-10-09 15:52:30,81,85,14668,38901
2023-10-09 15:52:32,81,86,14668,38901
2023-10-09 15:52:32,82,86,14668,38901
2023-10-09 15:52:33,81,86,14668,38901
2023-10-09 15:52:33,83,86,14668,38901
2023-10-09 15:52:36,83,85,14668,38901
2023-10-09 15:52:36,80,85,14668,38901
2023-10-09 15:52:36,82,85,14668,38901
2023-10-09 15:52:48,82,86,14668,38901
2023-10-09 15:52:48,84,86,14668,38901
2023-10-09 15:52:49,84,87,14668,38901
2023-10-09 15:52:49,84,89,14668,38901
2023-10-09 15:52:49,85,89,14668,38901
2023-10-09 15:52:50,86,89,14668,38901
2023-10-09 15:52:51,86,91,14668,38901
2023-10-09 15:52:51,87,91,14668,38901
2023-10-09 15:52:52,87,90,14668,38901
2023-10-09 15:52:53,87,91,14668,38901
2023-10-09 15:52:59,88,91,14668,38901
2023-10-09 15:53:02,87,91,14668,38901
2023-10-09 15:53:03,88,91,14668,38901
2023-10-09 15:53:04,88,93,14668,38901
2023-10-09 15:53:04,89,93,14668,38901
2023-10-09 15:53:08,89,92,14668,38901
2023-10-09 15:53:08,87,92,14668,38901
2023-10-09 15:53:08,88,92,14668,38901
2023-10-09 15:53:13,88,91,14668,38901
2023-10-09 15:53:13,86,91,14668,38901
2023-10-09 15:53:13,87,91,14668,38901
2023-10-09 15:53:14,87,92,14668,38901
2023-10-09 15:53:16,88,92,14668,38901
2023-10-09 15:53:19,88,91,14668,38901
2023-10-09 15:53:20,88,92,14668,38901
2023-10-09 15:53:28,88,93,14668,38901
2023-10-09 15:53:28,89,93,14668,38901
2023-10-09 15:53:28,90,93,14668,38901
2023-10-09 15:53:29,90,94,14668,38901
2023-10-09 15:53:30,90,93,14668,38901
2023-10-09 15:53:31,90,94,14668,38901
2023-10-09 15:53:34,90,93,14668,38901
2023-10-09 15:53:36,88,93,14668,38901
2023-10-09 15:53:36,89,93,14668,38901
2023-10-09 15:53:41,88,93,14668,38901
2023-10-09 15:53:41,90,93,14668,38901
2023-10-09 15:53:45,90,92,14668,38901
2023-10-09 15:53:45,87,92,14668,38901
2023-10-09 15:53:45,89,92,14668,38901
2023-10-09 15:53:50,89,93,14668,38901
2023-10-09 15:53:50,88,93,14668,38901
2023-10-09 15:53:50,90,93,14668,38901
2023-10-09 15:53:54,90,94,14668,38901
2023-10-09 15:53:54,91,94,14668,38901
2023-10-09 15:54:11,91,93,14668,38901
2023-10-09 15:54:12,88,93,14668,38901
2023-10-09 15:54:12,90,93,14668,38901
2023-10-09 15:54:13,88,93,14668,38901
2023-10-09 15:54:13,91,93,14668,38901
2023-10-09 15:54:19,88,93,14668,38901
2023-10-09 15:54:19,90,93,14668,38901
2023-10-09 15:54:20,88,93,14668,38901
2023-10-09 15:54:20,91,93,14668,38901
2023-10-09 15:54:22,88,93,14668,38901
2023-10-09 15:54:22,87,93,14668,38901
2023-10-09 15:54:22,90,93,14668,38901
2023-10-09 15:54:24,90,93,14668,39001
2023-10-09 15:54:25,90,92,14668,39001
2023-10-09 15:54:26,90,93,14668,39001
2023-10-09 15:54:32,90,93,14668,39011
2023-10-09 15:54:34,88,93,14668,39011
2023-10-09 15:54:34,91,93,14668,39011
2023-10-09 15:54:38,91,94,14668,39011
2023-10-09 15:54:39,91,93,14668,39011
2023-10-09 15:54:40,91,94,14668,39011
2023-10-09 15:54:41,93,94,14668,39011
2023-10-09 15:54:43,92,94,14668,39011
2023-10-09 15:54:43,94,95,14638,39041
2023-10-09 15:54:44,94,96,14638,39041
2023-10-09 15:54:44,94,97,14638,39041
2023-10-09 15:54:45,96,97,14638,39041
2023-10-09 15:54:45,96,97,14638,39062
2023-10-09 15:54:47,96,97,14638,39182
2023-10-09 15:54:51,93,97,14638,39182
2023-10-09 15:54:51,92,97,14638,39182
2023-10-09 15:54:51,95,97,14638,39182
2023-10-09 15:54:54,92,97,14638,39182
2023-10-09 15:54:54,94,97,14638,39182
2023-10-09 15:54:58,93,97,14638,39182
2023-10-09 15:54:58,95,97,14638,39182
2023-10-09 15:55:00,95,96,14638,39182
2023-10-09 15:55:01,95,97,14638,39182
2023-10-09 15:55:01,94,97,14638,39182
2023-10-09 15:55:01,96,97,14638,39182
2023-10-09 15:55:10,96,97,14638,39302
2023-10-09 15:55:11,96,98,14638,39302
2023-10-09 15:55:11,95,98,14638,39302
2023-10-09 15:55:11,97,98,14638,39302
2023-10-09 15:55:13,97,99,14638,39302
2023-10-09 15:55:19,98,99,14638,39302
2023-10-09 15:55:43,98,99,14638,39304
2023-10-09 15:55:52,98,99,14638,39752
2023-10-09 15:55:57,98,100,14638,39752
2023-10-09 15:55:59,99,100,14638,39752
2023-10-09 15:56:15,98,99,14519,39876
2023-10-09 15:56:16,98,100,14519,39876
2023-10-09 15:56:21,99,100,14519,39876
2023-10-09 15:56:24,98,99,14519,39936
2023-10-09 15:56:28,98,100,14519,39936
2023-10-09 15:56:30,99,100,14519,39936
2023-10-09 15:56:44,96,100,14519,40191
2023-10-09 15:56:50,97,100,14519,40191
2023-10-09 15:56:52,96,100,14519,40191
2023-10-09 15:56:54,97,100,14519,40191
2023-10-09 15:57:15,98,100,14519,40191
2023-10-09 15:58:23,99,100,14519,40191
2023-10-09 15:58:34,99,100,14519,40391
