datetime,bid,ask,open_interest,volume
2023-11-02 09:30:01,9,21,313,394
2023-11-02 09:30:01,1,21,313,394
2023-11-02 09:30:01,1,23,313,394
2023-11-02 09:30:01,1,100,313,394
2023-11-02 09:30:01,1,99,313,394
2023-11-02 09:30:40,1,98,313,394
2023-11-02 09:30:40,1,97,313,394
2023-11-02 09:31:00,1,17,313,394
2023-11-02 09:31:00,14,17,313,394
2023-11-02 09:31:00,15,17,313,394
2023-11-02 09:31:05,16,17,313,394
2023-11-02 09:31:06,16,18,313,594
2023-11-02 09:31:06,16,19,313,594
2023-11-02 09:31:06,16,18,313,594
2023-11-02 09:31:07,16,19,313,594
2023-11-02 09:31:14,17,19,313,594
2023-11-02 09:31:14,17,19,331,612
2023-11-02 09:31:15,16,19,331,612
2023-11-02 09:31:15,17,19,331,612
2023-11-02 09:31:16,17,19,349,630
2023-11-02 09:31:20,17,20,349,630
2023-11-02 09:31:20,18,20,349,630
2023-11-02 09:31:22,17,20,349,630
2023-11-02 09:31:23,18,20,349,630
2023-11-02 09:31:31,18,19,349,630
2023-11-02 09:31:31,18,19,363,644
2023-11-02 09:31:31,17,19,363,644
2023-11-02 09:31:32,18,19,363,644
2023-11-02 09:31:33,18,20,363,644
2023-11-02 09:31:38,18,20,543,824
2023-11-02 09:31:45,18,19,543,824
2023-11-02 09:31:45,17,19,543,824
2023-11-02 09:31:46,18,19,543,824
2023-11-02 09:31:47,17,19,543,824
2023-11-02 09:31:49,17,20,543,824
2023-11-02 09:31:49,18,20,543,824
2023-11-02 09:31:50,17,20,543,824
2023-11-02 09:31:51,18,20,543,824
2023-11-02 09:32:09,19,20,543,824
2023-11-02 09:32:09,19,20,558,839
2023-11-02 09:32:11,18,20,558,839
2023-11-02 09:32:11,18,19,558,839
2023-11-02 09:32:25,18,20,558,852
2023-11-02 09:32:25,19,21,558,852
2023-11-02 09:32:26,20,21,558,852
2023-11-02 09:32:30,20,22,558,852
2023-11-02 09:32:31,21,22,558,852
2023-11-02 09:32:31,21,22,678,972
2023-11-02 09:32:31,20,22,678,972
2023-11-02 09:32:34,21,22,678,972
2023-11-02 09:32:35,20,22,678,972
2023-11-02 09:32:47,21,22,678,972
2023-11-02 09:32:49,20,22,678,972
2023-11-02 09:32:50,21,22,678,972
2023-11-02 09:33:04,21,23,678,972
2023-11-02 09:33:04,22,23,678,972
2023-11-02 09:33:39,22,23,728,1022
2023-11-02 09:33:40,22,23,778,1072
2023-11-02 09:33:40,22,23,828,1122
2023-11-02 09:33:40,22,24,878,1172
2023-11-02 09:33:40,23,24,878,1172
2023-11-02 09:33:41,23,25,878,1172
2023-11-02 09:33:41,24,25,878,1172
2023-11-02 09:33:45,24,25,1128,1422
2023-11-02 09:33:46,22,25,1263,1557
2023-11-02 09:33:46,23,25,1263,1557
2023-11-02 09:33:48,24,25,1263,1557
2023-11-02 09:33:49,24,25,1513,1807
2023-11-02 09:33:51,22,25,1513,1807
2023-11-02 09:33:51,23,25,1513,1807
2023-11-02 09:33:55,22,25,1513,1807
2023-11-02 09:33:56,23,25,1513,1807
2023-11-02 09:33:57,22,25,1513,1807
2023-11-02 09:33:59,23,25,1513,1807
2023-11-02 09:34:30,22,25,1513,1807
2023-11-02 09:34:32,23,25,1513,1807
2023-11-02 09:34:34,22,25,1513,1807
2023-11-02 09:34:36,23,25,1513,1807
2023-11-02 09:34:37,22,25,1513,1807
2023-11-02 09:34:38,23,25,1513,1807
2023-11-02 09:34:39,22,25,1513,1807
2023-11-02 09:34:44,23,25,1513,1807
2023-11-02 09:35:16,22,25,1513,1807
2023-11-02 09:35:19,23,25,1513,1807
2023-11-02 09:35:27,22,25,1513,1807
2023-11-02 09:35:28,23,25,1513,1807
2023-11-02 09:35:31,22,25,1513,1807
2023-11-02 09:35:36,23,25,1513,1807
2023-11-02 09:35:38,22,25,1513,1807
2023-11-02 09:35:41,23,25,1513,1807
2023-11-02 09:35:43,22,25,1513,1807
2023-11-02 09:35:44,23,25,1513,1807
2023-11-02 09:35:45,22,25,1513,1807
2023-11-02 09:35:50,23,25,1513,1807
2023-11-02 09:36:09,24,25,1513,1807
2023-11-02 09:36:12,24,26,1513,1807
2023-11-02 09:36:38,25,26,1513,1807
2023-11-02 09:36:47,24,26,1513,1807
2023-11-02 09:36:49,25,26,1513,1807
2023-11-02 09:36:54,24,26,1513,1807
2023-11-02 09:37:12,25,26,1513,1807
2023-11-02 09:37:15,24,26,1513,2007
2023-11-02 09:37:19,25,26,1513,2007
2023-11-02 09:37:21,24,26,1513,2007
2023-11-02 09:37:22,25,26,1513,2007
2023-11-02 09:37:24,24,26,1513,2007
2023-11-02 09:37:27,25,26,1513,2007
2023-11-02 09:37:34,24,26,1513,2007
2023-11-02 09:37:34,25,26,1513,2007
2023-11-02 09:37:56,25,27,1513,2007
2023-11-02 09:39:01,26,27,1513,2007
2023-11-02 09:39:02,25,27,1513,2007
2023-11-02 09:39:03,26,27,1513,2007
2023-11-02 09:39:05,25,27,1513,2007
2023-11-02 09:39:06,26,27,1513,2007
2023-11-02 09:39:28,26,28,1513,2007
2023-11-02 09:39:39,27,28,1513,2007
2023-11-02 09:39:40,26,28,1713,2207
2023-11-02 09:40:44,25,28,1713,2207
2023-11-02 09:40:44,25,27,1713,2207
2023-11-02 09:41:02,25,28,1713,2207
2023-11-02 09:41:06,25,27,1713,2207
2023-11-02 09:41:18,25,26,1713,2207
2023-11-02 09:41:18,24,26,1813,2307
2023-11-02 09:41:19,24,27,1813,2307
2023-11-02 09:41:22,24,26,1813,2307
2023-11-02 09:41:24,24,27,1813,2307
2023-11-02 09:41:24,25,27,1813,2307
2023-11-02 09:41:27,24,27,1813,2307
2023-11-02 09:41:35,25,27,1813,2307
2023-11-02 09:41:47,24,27,1813,2307
2023-11-02 09:41:55,24,26,1813,2307
2023-11-02 09:41:57,24,27,1813,2307
2023-11-02 09:42:01,24,26,1813,2307
2023-11-02 09:42:02,24,27,1813,2307
2023-11-02 09:42:03,24,26,1813,2307
2023-11-02 09:42:08,24,27,1813,2307
2023-11-02 09:42:13,25,27,1813,2307
2023-11-02 09:42:15,24,27,1813,2307
2023-11-02 09:42:16,25,27,1813,2307
2023-11-02 09:42:21,24,27,1813,2307
2023-11-02 09:42:25,25,27,1813,2307
2023-11-02 09:42:28,24,27,1813,2307
2023-11-02 09:42:28,25,27,1813,2307
2023-11-02 09:42:29,24,27,1813,2307
2023-11-02 09:42:29,25,27,1813,2307
2023-11-02 09:42:32,24,27,1813,2307
2023-11-02 09:42:35,24,26,1813,2307
2023-11-02 09:42:36,24,27,1813,2307
2023-11-02 09:42:58,24,26,1813,2307
2023-11-02 09:43:02,23,26,1813,2307
2023-11-02 09:43:12,23,25,1813,2307
2023-11-02 09:43:13,23,26,1813,2307
2023-11-02 09:43:14,23,25,1813,2307
2023-11-02 09:43:18,23,26,1813,2307
2023-11-02 09:43:24,24,26,1813,2307
2023-11-02 09:43:25,23,26,1813,2307
2023-11-02 09:43:30,23,24,1813,2307
2023-11-02 09:43:30,22,24,1813,2307
2023-11-02 09:43:31,22,23,1813,2307
2023-11-02 09:43:32,21,23,1813,2307
2023-11-02 09:43:39,21,22,1813,2307
2023-11-02 09:43:40,21,23,1813,2307
2023-11-02 09:43:41,21,22,1813,2307
2023-11-02 09:43:52,20,22,1813,2307
2023-11-02 09:44:06,20,21,1813,2307
2023-11-02 09:44:39,19,21,1813,2307
2023-11-02 09:44:41,19,20,1813,2307
2023-11-02 09:44:57,19,21,1813,2307
2023-11-02 09:45:10,19,22,1813,2307
2023-11-02 09:45:10,20,22,1813,2307
2023-11-02 09:45:12,19,22,1813,2307
2023-11-02 09:45:14,19,21,1813,2307
2023-11-02 09:45:20,19,20,1813,2307
2023-11-02 09:45:44,19,21,1813,2307
2023-11-02 09:45:55,19,20,1813,2307
2023-11-02 09:46:07,19,21,1813,2307
2023-11-02 09:46:10,19,20,1813,2307
2023-11-02 09:46:20,19,21,1813,2307
2023-11-02 09:46:21,19,20,1813,2307
2023-11-02 09:46:31,19,21,1813,2307
2023-11-02 09:46:32,19,20,1813,2307
2023-11-02 09:46:33,19,21,1813,2307
2023-11-02 09:46:48,19,22,1813,2307
2023-11-02 09:46:52,19,21,1813,2307
2023-11-02 09:46:53,19,21,1753,2367
2023-11-02 09:46:53,19,22,1753,2367
2023-11-02 09:46:57,19,21,1753,2367
2023-11-02 09:46:58,19,22,1753,2367
2023-11-02 09:47:06,19,21,1753,2367
2023-11-02 09:47:06,19,22,1753,2367
2023-11-02 09:47:07,19,21,1753,2367
2023-11-02 09:47:24,19,20,1753,2367
2023-11-02 09:47:29,19,21,1753,2367
2023-11-02 09:47:29,19,20,1753,2367
2023-11-02 09:47:37,19,21,1753,2367
2023-11-02 09:47:37,19,20,1753,2367
2023-11-02 09:47:41,19,21,1753,2367
2023-11-02 09:48:01,20,21,1753,2367
2023-11-02 09:48:01,20,22,1753,2367
2023-11-02 09:48:05,19,22,1753,2367
2023-11-02 09:48:07,19,21,1753,2367
2023-11-02 09:48:14,19,22,1753,2367
2023-11-02 09:48:14,19,21,1753,2367
2023-11-02 09:48:15,19,22,1753,2367
2023-11-02 09:48:26,20,22,1753,2367
2023-11-02 09:48:32,19,22,1753,2367
2023-11-02 09:48:37,19,21,1753,2367
2023-11-02 09:48:38,19,22,1753,2367
2023-11-02 09:48:40,19,21,1753,2367
2023-11-02 09:48:54,19,20,1753,2367
2023-11-02 09:48:55,19,21,1753,2367
2023-11-02 09:48:58,19,20,1753,2367
2023-11-02 09:49:18,19,21,1753,2367
2023-11-02 09:49:42,19,22,1753,2367
2023-11-02 09:49:47,19,21,1753,2367
2023-11-02 09:49:49,19,22,1753,2367
2023-11-02 09:49:51,19,21,1753,2367
2023-11-02 09:49:52,19,22,1753,2367
2023-11-02 09:49:53,19,21,1753,2367
2023-11-02 09:49:55,19,22,1753,2367
2023-11-02 09:50:00,20,22,1753,2367
2023-11-02 09:50:09,21,22,1753,2367
2023-11-02 09:50:10,20,22,1753,2367
2023-11-02 09:50:19,20,23,1753,2367
2023-11-02 09:50:21,21,23,1753,2367
2023-11-02 09:50:22,20,23,1753,2367
2023-11-02 09:50:23,21,23,1753,2367
2023-11-02 09:50:24,20,23,1753,2367
2023-11-02 09:50:28,21,23,1753,2367
2023-11-02 09:50:39,22,23,1753,2367
2023-11-02 09:50:42,21,23,1753,2367
2023-11-02 09:51:26,22,23,1753,2367
2023-11-02 09:51:37,22,24,1753,2367
2023-11-02 09:51:59,22,23,1753,2367
2023-11-02 09:51:59,21,23,1753,2367
2023-11-02 09:51:59,20,23,1753,2367
2023-11-02 09:52:00,20,22,1753,2367
2023-11-02 09:52:03,20,23,1753,2367
2023-11-02 09:52:15,20,22,1753,2367
2023-11-02 09:52:16,20,23,1753,2367
2023-11-02 09:52:17,20,22,1753,2367
2023-11-02 09:52:24,19,22,1753,2367
2023-11-02 09:52:31,20,22,1753,2367
2023-11-02 09:52:33,19,22,1753,2367
2023-11-02 09:52:35,20,22,1753,2367
2023-11-02 09:52:38,20,23,1753,2367
2023-11-02 09:52:39,20,22,1753,2367
2023-11-02 09:52:43,20,23,1753,2367
2023-11-02 09:52:45,20,22,1753,2367
2023-11-02 09:52:46,20,23,1753,2367
2023-11-02 09:52:50,21,23,1753,2367
2023-11-02 09:52:59,21,24,1753,2367
2023-11-02 09:53:03,21,23,1753,2367
2023-11-02 09:53:03,21,23,1737,2383
2023-11-02 09:53:04,21,24,1737,2383
2023-11-02 09:53:05,21,23,1737,2383
2023-11-02 09:53:06,21,24,1737,2383
2023-11-02 09:53:06,21,23,1737,2383
2023-11-02 09:53:07,21,24,1737,2383
2023-11-02 09:53:12,22,24,1737,2383
2023-11-02 09:53:53,22,24,1800,2633
2023-11-02 09:53:54,21,24,1800,2633
2023-11-02 09:54:03,21,24,1800,2633
2023-11-02 09:54:07,22,24,1800,2633
2023-11-02 09:54:10,21,24,1800,2633
2023-11-02 09:54:13,22,24,1800,2633
2023-11-02 09:54:14,21,24,1800,2633
2023-11-02 09:54:17,21,23,1800,2633
2023-11-02 09:54:27,21,24,1800,2633
2023-11-02 09:54:31,22,24,1800,2633
2023-11-02 09:54:31,21,24,1800,2633
2023-11-02 09:54:32,22,24,1800,2633
2023-11-02 09:54:38,21,24,1800,2633
2023-11-02 09:54:38,22,24,1800,2633
2023-11-02 09:54:45,21,24,1800,2633
2023-11-02 09:54:47,21,23,1800,2633
2023-11-02 09:55:17,21,24,1800,2633
2023-11-02 09:55:17,21,23,1800,2633
2023-11-02 09:55:20,21,24,1800,2633
2023-11-02 09:55:20,22,24,1800,2633
2023-11-02 09:55:25,21,24,2048,2881
2023-11-02 09:55:25,21,23,2048,2881
2023-11-02 09:55:26,21,24,2048,2881
2023-11-02 09:55:27,21,23,2048,2881
2023-11-02 09:55:28,21,24,2048,2881
2023-11-02 09:55:30,22,24,2048,2881
2023-11-02 09:55:36,23,24,2048,2881
2023-11-02 09:55:40,23,24,2038,2891
2023-11-02 09:55:44,22,24,2038,2891
2023-11-02 09:55:46,23,24,2038,2891
2023-11-02 09:55:51,22,24,2038,2891
2023-11-02 09:56:28,22,24,2024,2905
2023-11-02 09:56:30,22,24,2012,2917
2023-11-02 09:56:31,23,24,2012,2917
2023-11-02 09:56:32,23,24,1997,2932
2023-11-02 09:56:32,22,24,1997,2932
2023-11-02 09:56:34,22,24,1985,2949
2023-11-02 09:56:35,22,24,1985,2963
2023-11-02 09:56:37,22,24,1985,2980
2023-11-02 09:56:39,22,24,1985,2993
2023-11-02 09:56:39,23,24,1985,2993
2023-11-02 09:56:40,23,24,1985,3005
2023-11-02 09:56:42,23,24,1985,3024
2023-11-02 09:56:43,23,24,1985,3036
2023-11-02 09:56:45,23,24,1985,3054
2023-11-02 09:56:47,23,24,1985,3068
2023-11-02 09:56:49,23,24,1985,3082
2023-11-02 09:56:50,23,24,1985,3094
2023-11-02 09:56:52,23,24,1985,3169
2023-11-02 09:56:52,22,24,1985,3169
2023-11-02 09:56:53,23,24,1985,3169
2023-11-02 09:56:54,23,24,1989,3187
2023-11-02 09:56:55,23,25,2083,3281
2023-11-02 09:57:26,23,24,2083,3281
2023-11-02 09:57:27,23,25,2083,3281
2023-11-02 09:58:36,22,25,2083,3281
2023-11-02 09:58:43,22,24,2083,3281
2023-11-02 09:58:49,22,25,2083,3281
2023-11-02 09:59:00,23,25,2083,3281
2023-11-02 09:59:03,22,25,2083,3281
2023-11-02 09:59:10,22,24,2083,3281
2023-11-02 09:59:11,22,24,2083,3291
2023-11-02 09:59:49,22,25,2083,3291
2023-11-02 09:59:55,22,24,2083,3291
2023-11-02 09:59:57,22,25,2083,3291
2023-11-02 09:59:58,22,24,2083,3291
2023-11-02 10:00:01,22,25,2083,3291
2023-11-02 10:00:17,23,25,2083,3291
2023-11-02 10:00:18,22,25,2083,3291
2023-11-02 10:00:21,23,25,2083,3291
2023-11-02 10:00:25,24,25,2083,3291
2023-11-02 10:00:41,24,26,2083,3291
2023-11-02 10:00:53,23,26,2083,3491
2023-11-02 10:00:54,23,25,2083,3491
2023-11-02 10:00:55,23,26,2083,3491
2023-11-02 10:01:01,23,25,2083,3491
2023-11-02 10:01:10,22,25,2083,3491
2023-11-02 10:01:20,23,25,2083,3491
2023-11-02 10:01:22,22,25,2083,3491
2023-11-02 10:01:27,22,24,2083,3491
2023-11-02 10:01:28,22,25,2083,3491
2023-11-02 10:01:30,22,24,2083,3491
2023-11-02 10:01:35,22,25,2083,3491
2023-11-02 10:01:36,22,24,2083,3491
2023-11-02 10:01:38,21,24,2083,3491
2023-11-02 10:01:52,22,24,2083,3491
2023-11-02 10:01:56,21,24,2083,3491
2023-11-02 10:02:31,22,24,2083,3491
2023-11-02 10:02:35,21,24,2083,3491
2023-11-02 10:02:42,22,24,2083,3491
2023-11-02 10:02:43,21,24,2083,3491
2023-11-02 10:02:47,22,24,2083,3491
2023-11-02 10:02:48,22,25,2083,3491
2023-11-02 10:02:49,22,24,2083,3491
2023-11-02 10:02:51,22,25,2083,3491
2023-11-02 10:02:51,22,24,2083,3491
2023-11-02 10:02:51,22,25,2083,3491
2023-11-02 10:02:52,24,25,2083,3491
2023-11-02 10:02:53,22,25,2143,3551
2023-11-02 10:02:55,23,25,2143,3551
2023-11-02 10:02:56,22,25,2143,3551
2023-11-02 10:02:57,23,25,2143,3551
2023-11-02 10:03:03,23,26,2143,3551
2023-11-02 10:03:12,23,25,2143,3551
2023-11-02 10:03:21,22,25,2143,3551
2023-11-02 10:03:22,23,25,2143,3551
2023-11-02 10:03:29,22,25,2143,3551
2023-11-02 10:03:35,22,24,2143,3551
2023-11-02 10:03:40,21,24,2143,3551
2023-11-02 10:03:59,22,24,2143,3551
2023-11-02 10:04:05,22,25,2143,3551
2023-11-02 10:04:11,22,24,2143,3551
2023-11-02 10:04:12,22,25,2143,3551
2023-11-02 10:04:34,23,25,2143,3551
2023-11-02 10:04:37,22,25,2143,3551
2023-11-02 10:04:38,23,25,2143,3551
2023-11-02 10:04:38,22,25,2143,3551
2023-11-02 10:04:52,22,24,2143,3551
2023-11-02 10:04:52,22,24,2154,3562
2023-11-02 10:05:06,22,24,2277,3685
2023-11-02 10:05:11,21,24,2277,3685
2023-11-02 10:05:17,21,23,2277,3685
2023-11-02 10:05:28,22,23,2277,3685
2023-11-02 10:05:32,21,23,2277,3685
2023-11-02 10:05:41,21,24,2277,3685
2023-11-02 10:05:41,22,24,2277,3685
2023-11-02 10:05:42,21,24,2277,3685
2023-11-02 10:05:55,22,24,2277,3685
2023-11-02 10:05:55,22,25,2277,3685
2023-11-02 10:05:57,21,25,2277,3685
2023-11-02 10:05:57,21,24,2277,3685
2023-11-02 10:06:37,21,24,2327,3735
2023-11-02 10:06:43,21,23,2327,3735
2023-11-02 10:06:49,20,23,2327,3735
2023-11-02 10:06:49,20,22,2327,3735
2023-11-02 10:07:19,20,23,2327,3735
2023-11-02 10:07:25,21,23,2327,3735
2023-11-02 10:07:33,20,23,2327,3735
2023-11-02 10:07:34,21,23,2327,3735
2023-11-02 10:07:38,20,23,2327,3735
2023-11-02 10:07:41,20,22,2327,3735
2023-11-02 10:07:49,20,21,2327,3735
2023-11-02 10:07:53,19,21,2327,3735
2023-11-02 10:07:55,19,20,2327,3735
2023-11-02 10:08:22,19,21,2327,3735
2023-11-02 10:08:25,19,20,2327,3735
2023-11-02 10:08:28,19,21,2327,3735
2023-11-02 10:08:32,19,20,2327,3735
2023-11-02 10:08:33,19,21,2327,3735
2023-11-02 10:08:36,19,22,2327,3735
2023-11-02 10:08:43,20,22,2327,3735
2023-11-02 10:08:50,19,22,2327,3735
2023-11-02 10:08:51,20,22,2327,3735
2023-11-02 10:09:05,19,22,2327,3735
2023-11-02 10:09:06,20,22,2327,3735
2023-11-02 10:09:07,19,22,2327,3735
2023-11-02 10:09:11,19,21,2327,3735
2023-11-02 10:09:12,19,22,2327,3735
2023-11-02 10:09:13,19,21,2327,3735
2023-11-02 10:09:36,19,20,2327,3735
2023-11-02 10:10:08,19,20,2187,3875
2023-11-02 10:10:09,17,20,2187,3935
2023-11-02 10:10:09,17,19,2187,3935
2023-11-02 10:10:18,17,20,2187,3935
2023-11-02 10:10:19,17,19,2187,3935
2023-11-02 10:10:20,17,20,2187,3935
2023-11-02 10:10:21,17,19,2187,3935
2023-11-02 10:10:33,17,18,2187,3935
2023-11-02 10:10:34,17,19,2187,3935
2023-11-02 10:10:41,17,18,2187,3935
2023-11-02 10:10:47,17,19,2187,3935
2023-11-02 10:10:48,17,18,2187,3935
2023-11-02 10:10:48,17,19,2187,3935
2023-11-02 10:10:59,17,20,2187,3935
2023-11-02 10:10:59,17,19,2187,3935
2023-11-02 10:11:02,17,20,2187,3935
2023-11-02 10:11:03,17,19,2187,3935
2023-11-02 10:11:06,17,18,2187,3935
2023-11-02 10:11:15,16,18,2187,3935
2023-11-02 10:11:21,16,17,2187,3935
2023-11-02 10:11:37,16,18,2187,3935
2023-11-02 10:13:24,16,17,2187,3935
2023-11-02 10:13:47,16,18,2187,3935
2023-11-02 10:13:47,16,17,2187,3935
2023-11-02 10:13:51,16,18,2187,3935
2023-11-02 10:13:51,16,17,2187,3935
2023-11-02 10:14:06,16,18,2187,3935
2023-11-02 10:14:09,16,17,2187,3935
2023-11-02 10:14:16,16,18,2187,3935
2023-11-02 10:14:21,16,17,2187,3935
2023-11-02 10:14:23,16,18,2187,3935
2023-11-02 10:14:25,16,19,2187,3935
2023-11-02 10:14:29,16,18,2187,3935
2023-11-02 10:14:33,16,18,2187,4000
2023-11-02 10:14:37,16,19,2187,4000
2023-11-02 10:14:42,17,19,2187,4000
2023-11-02 10:14:52,16,19,2187,4000
2023-11-02 10:14:52,16,18,2187,4000
2023-11-02 10:14:55,16,19,2187,4000
2023-11-02 10:14:56,16,18,2187,4000
2023-11-02 10:14:57,16,19,2187,4000
2023-11-02 10:14:59,16,18,2187,4000
2023-11-02 10:15:00,16,19,2187,4000
2023-11-02 10:15:12,17,19,2187,4000
2023-11-02 10:15:27,17,20,2187,4000
2023-11-02 10:15:29,17,19,2187,4000
2023-11-02 10:15:30,17,20,2187,4000
2023-11-02 10:15:31,17,19,2187,4000
2023-11-02 10:15:35,17,20,2187,4000
2023-11-02 10:15:40,17,19,2187,4000
2023-11-02 10:15:53,18,19,2187,4000
2023-11-02 10:16:07,18,20,2187,4000
2023-11-02 10:16:09,18,19,2187,4000
2023-11-02 10:16:13,18,20,2187,4000
2023-11-02 10:16:47,19,20,2187,4000
2023-11-02 10:16:53,18,20,2187,4000
2023-11-02 10:16:57,19,20,2187,4000
2023-11-02 10:17:04,19,21,2187,4200
2023-11-02 10:17:09,20,21,2187,4200
2023-11-02 10:17:14,20,22,2187,4200
2023-11-02 10:17:58,20,23,2187,4200
2023-11-02 10:17:59,22,23,2187,4200
2023-11-02 10:18:50,22,24,2187,4200
2023-11-02 10:19:12,23,24,2187,4200
2023-11-02 10:19:18,22,24,2187,4200
2023-11-02 10:19:31,22,23,2187,4200
2023-11-02 10:19:37,22,24,2187,4200
2023-11-02 10:20:08,23,24,2187,4200
2023-11-02 10:20:25,22,24,2187,4200
2023-11-02 10:21:18,22,25,2453,4603
2023-11-02 10:21:18,23,25,2453,4603
2023-11-02 10:21:18,23,24,2453,4603
2023-11-02 10:21:19,23,25,2453,4603
2023-11-02 10:21:31,24,25,2453,4603
2023-11-02 10:21:44,24,26,2453,4603
2023-11-02 10:22:05,24,25,2453,4603
2023-11-02 10:22:07,24,26,2453,4603
2023-11-02 10:22:11,25,26,2453,4603
2023-11-02 10:22:14,24,26,2453,4669
2023-11-02 10:22:23,23,26,2453,4669
2023-11-02 10:22:25,23,25,2453,4669
2023-11-02 10:22:50,23,24,2453,4669
2023-11-02 10:22:51,23,25,2453,4669
2023-11-02 10:23:14,23,24,2453,4669
2023-11-02 10:23:15,23,25,2453,4669
2023-11-02 10:23:18,23,24,2453,4669
2023-11-02 10:23:20,23,25,2453,4669
2023-11-02 10:23:28,23,24,2453,4669
2023-11-02 10:23:31,22,24,2453,4669
2023-11-02 10:23:37,22,23,2453,4669
2023-11-02 10:24:07,22,24,2453,4669
2023-11-02 10:25:58,23,24,2453,4669
2023-11-02 10:26:00,23,25,2453,4669
2023-11-02 10:26:15,23,26,2453,4669
2023-11-02 10:26:16,23,25,2453,4669
2023-11-02 10:26:27,23,26,2453,4669
2023-11-02 10:26:31,23,25,2453,4669
2023-11-02 10:26:42,23,26,2453,4669
2023-11-02 10:26:43,23,25,2453,4669
2023-11-02 10:26:50,23,26,2453,4669
2023-11-02 10:26:51,24,26,2453,4669
2023-11-02 10:27:08,25,26,2453,4669
2023-11-02 10:27:36,25,27,2453,4669
2023-11-02 10:27:57,26,27,2453,4669
2023-11-02 10:28:24,26,28,2453,4669
2023-11-02 10:28:32,27,28,2453,4669
2023-11-02 10:28:43,27,29,2453,4669
2023-11-02 10:28:52,27,29,2253,4869
2023-11-02 10:28:52,28,30,2253,4869
2023-11-02 10:28:52,28,29,2253,4869
2023-11-02 10:28:53,29,30,2253,4881
2023-11-02 10:29:00,29,31,2253,4881
2023-11-02 10:29:01,29,32,2253,4881
2023-11-02 10:29:01,30,32,2253,4881
2023-11-02 10:29:06,31,32,2253,4881
2023-11-02 10:29:09,31,33,2253,4881
2023-11-02 10:29:09,31,32,2253,4881
2023-11-02 10:29:10,31,33,2253,4881
2023-11-02 10:29:11,32,33,2253,4881
2023-11-02 10:29:13,31,33,2253,5081
2023-11-02 10:29:20,30,33,2253,5081
2023-11-02 10:29:20,30,32,2253,5081
2023-11-02 10:29:22,31,32,2253,5081
2023-11-02 10:29:22,31,33,2253,5081
2023-11-02 10:29:33,31,34,2253,5081
2023-11-02 10:29:34,31,33,2253,5081
2023-11-02 10:29:40,30,33,2253,5081
2023-11-02 10:29:40,30,32,2253,5081
2023-11-02 10:29:43,29,32,2253,5081
2023-11-02 10:29:43,30,32,2253,5081
2023-11-02 10:29:53,29,32,2253,5081
2023-11-02 10:30:00,30,32,2253,5081
2023-11-02 10:30:32,29,32,2253,5081
2023-11-02 10:30:33,30,32,2253,5081
2023-11-02 10:30:34,29,32,2253,5081
2023-11-02 10:30:35,30,32,2253,5081
2023-11-02 10:30:56,31,32,2253,5081
2023-11-02 10:30:56,31,33,2253,5081
2023-11-02 10:30:56,31,32,2253,5081
2023-11-02 10:30:57,31,33,2253,5081
2023-11-02 10:31:01,31,34,2253,5081
2023-11-02 10:31:02,31,33,2253,5081
2023-11-02 10:31:07,31,32,2253,5081
2023-11-02 10:31:08,31,33,2253,5081
2023-11-02 10:31:08,31,32,2253,5081
2023-11-02 10:31:12,30,32,2253,5081
2023-11-02 10:31:16,31,32,2253,5081
2023-11-02 10:31:18,31,33,2253,5081
2023-11-02 10:31:19,30,33,2253,5081
2023-11-02 10:31:27,31,33,2253,5081
2023-11-02 10:31:31,31,32,2253,5081
2023-11-02 10:31:31,31,32,2253,5091
2023-11-02 10:31:33,31,32,2253,5104
2023-11-02 10:31:34,30,32,2253,5104
2023-11-02 10:31:36,29,32,2253,5104
2023-11-02 10:31:36,30,32,2253,5104
2023-11-02 10:31:38,30,31,2253,5104
2023-11-02 10:31:38,30,31,2253,5114
2023-11-02 10:31:40,30,31,2253,5124
2023-11-02 10:31:43,30,31,2253,5136
2023-11-02 10:31:43,30,32,2253,5136
2023-11-02 10:31:46,30,33,2253,5136
2023-11-02 10:31:50,31,33,2253,5136
2023-11-02 10:31:51,30,33,2253,5136
2023-11-02 10:31:54,31,33,2253,5136
2023-11-02 10:31:55,30,33,2253,5136
2023-11-02 10:31:57,31,33,2253,5136
2023-11-02 10:32:18,30,33,2253,5136
2023-11-02 10:32:19,31,33,2253,5136
2023-11-02 10:32:21,31,32,2253,5136
2023-11-02 10:32:21,31,32,2253,5155
2023-11-02 10:32:22,31,33,2253,5155
2023-11-02 10:32:22,31,32,2253,5155
2023-11-02 10:32:23,31,32,2253,5171
2023-11-02 10:32:24,30,32,2253,5171
2023-11-02 10:32:24,30,32,2253,5186
2023-11-02 10:32:29,31,32,2253,5186
2023-11-02 10:32:33,31,33,2253,5186
2023-11-02 10:32:33,31,32,2253,5186
2023-11-02 10:32:33,31,32,2253,5246
2023-11-02 10:32:34,31,33,2253,5246
2023-11-02 10:32:35,31,32,2253,5246
2023-11-02 10:32:36,31,32,2253,5264
2023-11-02 10:32:37,31,32,2253,5279
2023-11-02 10:32:39,31,32,2253,5293
2023-11-02 10:32:41,31,32,2253,5310
2023-11-02 10:32:41,31,33,2253,5310
2023-11-02 10:32:42,31,32,2253,5310
2023-11-02 10:32:42,31,32,2253,5327
2023-11-02 10:32:43,30,32,2253,5327
2023-11-02 10:32:50,30,33,2253,5327
2023-11-02 10:32:50,30,32,2253,5327
2023-11-02 10:32:54,30,33,2253,5327
2023-11-02 10:32:59,30,32,2253,5327
2023-11-02 10:33:00,30,33,2253,5327
2023-11-02 10:33:01,30,32,2253,5327
2023-11-02 10:33:02,30,33,2253,5327
2023-11-02 10:33:06,30,32,2253,5327
2023-11-02 10:33:08,29,32,2253,5327
2023-11-02 10:33:10,30,32,2253,5327
2023-11-02 10:33:19,30,33,2253,5327
2023-11-02 10:33:22,30,32,2253,5327
2023-11-02 10:33:22,30,33,2253,5327
2023-11-02 10:33:23,30,32,2253,5327
2023-11-02 10:33:28,30,33,2253,5327
2023-11-02 10:33:30,30,32,2253,5327
2023-11-02 10:33:31,30,33,2253,5327
2023-11-02 10:33:34,30,32,2253,5327
2023-11-02 10:33:40,30,33,2253,5327
2023-11-02 10:33:42,30,32,2253,5327
2023-11-02 10:33:55,31,32,2253,5327
2023-11-02 10:34:00,32,34,2253,5329
2023-11-02 10:34:15,32,33,2253,5329
2023-11-02 10:34:36,31,33,2253,5329
2023-11-02 10:34:48,30,33,2253,5329
2023-11-02 10:34:52,31,33,2253,5329
2023-11-02 10:34:58,30,33,2253,5329
2023-11-02 10:34:59,31,33,2253,5329
2023-11-02 10:35:00,31,34,2253,5329
2023-11-02 10:35:11,32,34,2253,5329
2023-11-02 10:35:14,31,34,2253,5329
2023-11-02 10:35:17,31,33,2253,5329
2023-11-02 10:35:32,30,33,2253,5329
2023-11-02 10:35:38,31,33,2253,5329
2023-11-02 10:35:39,30,33,2253,5329
2023-11-02 10:35:40,31,33,2253,5329
2023-11-02 10:35:42,31,34,2253,5329
2023-11-02 10:35:43,31,33,2253,5329
2023-11-02 10:35:55,30,33,2253,5329
2023-11-02 10:35:57,31,33,2253,5329
2023-11-02 10:36:07,32,33,2253,5329
2023-11-02 10:36:12,32,34,2253,5329
2023-11-02 10:36:22,32,34,2272,5348
2023-11-02 10:36:23,33,34,2272,5348
2023-11-02 10:36:24,33,34,2284,5360
2023-11-02 10:36:29,33,34,2294,5370
2023-11-02 10:36:31,33,34,2312,5388
2023-11-02 10:36:34,33,35,2312,5388
2023-11-02 10:36:40,34,35,2312,5388
2023-11-02 10:36:47,33,35,2346,5588
2023-11-02 10:37:38,32,35,2346,5588
2023-11-02 10:37:38,32,34,2346,5588
2023-11-02 10:37:39,33,34,2346,5588
2023-11-02 10:37:48,32,34,2346,5588
2023-11-02 10:37:50,33,34,2346,5588
2023-11-02 10:37:52,32,34,2346,5588
2023-11-02 10:37:52,33,34,2346,5588
2023-11-02 10:37:54,32,34,2346,5588
2023-11-02 10:38:09,32,35,2346,5588
2023-11-02 10:38:11,33,35,2346,5588
2023-11-02 10:38:12,32,35,2346,5588
2023-11-02 10:38:13,33,35,2346,5588
2023-11-02 10:38:17,33,34,2346,5588
2023-11-02 10:38:17,32,34,2346,5588
2023-11-02 10:38:25,32,35,2346,5588
2023-11-02 10:38:27,33,35,2346,5588
2023-11-02 10:38:28,32,35,2346,5588
2023-11-02 10:38:29,33,35,2346,5588
2023-11-02 10:38:49,34,35,2346,5588
2023-11-02 10:38:57,32,35,2346,5588
2023-11-02 10:38:57,33,35,2346,5588
2023-11-02 10:38:58,34,35,2346,5588
2023-11-02 10:38:58,33,35,2346,5588
2023-11-02 10:38:59,33,34,2346,5588
2023-11-02 10:38:59,34,35,2349,5591
2023-11-02 10:39:01,34,36,2349,5591
2023-11-02 10:39:04,34,36,2349,5607
2023-11-02 10:39:08,34,36,2349,5621
2023-11-02 10:39:09,34,36,2362,5638
2023-11-02 10:39:21,34,36,2362,5649
2023-11-02 10:39:23,35,36,2362,5649
2023-11-02 10:39:23,35,36,2362,5664
2023-11-02 10:39:23,35,37,2362,5664
2023-11-02 10:39:36,35,37,2374,5676
2023-11-02 10:39:38,35,37,2389,5691
2023-11-02 10:39:39,35,37,2405,5707
2023-11-02 10:39:47,35,36,2405,5707
2023-11-02 10:40:12,35,37,2405,5707
2023-11-02 10:40:24,35,37,2405,5710
2023-11-02 10:40:25,36,37,2405,5710
2023-11-02 10:40:34,35,36,2402,5713
2023-11-02 10:40:34,35,36,2402,5731
2023-11-02 10:40:34,35,38,2402,5731
2023-11-02 10:40:35,35,36,2402,5731
2023-11-02 10:40:37,35,36,2352,5931
2023-11-02 10:40:37,35,38,2352,5931
2023-11-02 10:40:37,35,37,2352,5931
2023-11-02 10:40:51,36,37,2352,5931
2023-11-02 10:40:51,36,38,2352,5931
2023-11-02 10:40:55,36,37,2352,5931
2023-11-02 10:40:56,36,38,2352,5931
2023-11-02 10:40:57,37,38,2352,5931
2023-11-02 10:40:58,37,38,2352,6051
2023-11-02 10:40:59,37,39,2352,6051
2023-11-02 10:41:00,37,38,2352,6051
2023-11-02 10:41:02,37,39,2352,6051
2023-11-02 10:41:02,37,38,2352,6051
2023-11-02 10:41:18,37,38,2352,6251
2023-11-02 10:41:24,37,38,2402,6451
2023-11-02 10:41:24,37,40,2402,6451
2023-11-02 10:41:24,37,39,2402,6451
2023-11-02 10:41:25,37,38,2402,6451
2023-11-02 10:41:26,38,39,2405,6454
2023-11-02 10:41:32,38,40,2405,6454
2023-11-02 10:41:32,38,39,2405,6454
2023-11-02 10:41:37,37,39,2405,6454
2023-11-02 10:41:40,37,38,2405,6454
2023-11-02 10:42:02,37,38,2465,6514
2023-11-02 10:42:02,37,40,2465,6514
2023-11-02 10:42:02,37,39,2465,6514
2023-11-02 10:42:05,37,40,2465,6514
2023-11-02 10:42:05,37,39,2465,6514
2023-11-02 10:42:24,37,40,2465,6514
2023-11-02 10:42:34,37,39,2465,6514
2023-11-02 10:42:40,37,38,2465,6514
2023-11-02 10:42:48,36,38,2465,6514
2023-11-02 10:42:54,36,37,2465,6514
2023-11-02 10:42:55,36,39,2465,6514
2023-11-02 10:42:55,36,38,2465,6514
2023-11-02 10:43:00,37,38,2465,6514
2023-11-02 10:43:07,37,39,2465,6514
2023-11-02 10:43:11,37,40,2465,6514
2023-11-02 10:43:25,37,39,2465,6514
2023-11-02 10:43:42,37,38,2465,6514
2023-11-02 10:43:54,37,40,2465,6514
2023-11-02 10:43:54,37,39,2465,6514
2023-11-02 10:44:00,37,40,2465,6514
2023-11-02 10:44:14,38,40,2465,6514
2023-11-02 10:44:15,37,40,2465,6514
2023-11-02 10:44:15,38,40,2465,6514
2023-11-02 10:44:17,38,40,2465,6517
2023-11-02 10:44:27,37,40,2465,6517
2023-11-02 10:44:33,37,39,2465,6517
2023-11-02 10:44:51,37,39,2665,6717
2023-11-02 10:44:51,37,39,2725,6777
2023-11-02 10:44:51,37,40,2725,6777
2023-11-02 10:44:51,37,39,2725,6777
2023-11-02 10:44:52,37,39,2925,6977
2023-11-02 10:44:52,37,40,2925,6977
2023-11-02 10:44:53,38,40,2925,6977
2023-11-02 10:44:56,38,39,2925,6977
2023-11-02 10:44:57,38,40,2925,6977
2023-11-02 10:45:22,38,39,2925,6977
2023-11-02 10:45:25,38,40,2925,6977
2023-11-02 10:45:57,37,40,2925,6977
2023-11-02 10:45:57,38,40,2925,6977
2023-11-02 10:46:34,39,40,2925,6977
2023-11-02 10:46:57,39,40,2925,7227
2023-11-02 10:46:57,37,40,2925,7227
2023-11-02 10:46:58,38,40,2925,7227
2023-11-02 10:47:01,38,39,2925,7227
2023-11-02 10:47:07,37,39,2925,7227
2023-11-02 10:47:07,38,39,2925,7227
2023-11-02 10:47:24,38,40,2925,7227
2023-11-02 10:47:24,39,40,2925,7227
2023-11-02 10:47:29,37,40,2925,7227
2023-11-02 10:47:30,38,40,2925,7227
2023-11-02 10:47:33,39,40,2925,7227
2023-11-02 10:47:53,38,40,2925,7227
2023-11-02 10:47:53,39,40,2925,7227
2023-11-02 10:48:04,39,40,2925,7287
2023-11-02 10:48:46,38,40,2925,7287
2023-11-02 10:48:46,39,40,2925,7287
2023-11-02 10:49:03,37,40,2925,7287
2023-11-02 10:49:03,38,40,2925,7287
2023-11-02 10:49:04,38,39,2925,7287
2023-11-02 10:49:06,37,39,2925,7287
2023-11-02 10:49:07,38,39,2925,7287
2023-11-02 10:49:18,36,39,2925,7287
2023-11-02 10:49:18,37,39,2925,7287
2023-11-02 10:49:22,38,39,2925,7287
2023-11-02 10:49:35,38,40,2925,7287
2023-11-02 10:49:39,39,40,2925,7287
2023-11-02 10:49:55,38,40,2925,7287
2023-11-02 10:49:55,39,40,2925,7287
2023-11-02 10:50:01,39,41,2925,7287
2023-11-02 10:50:19,40,41,2925,7287
2023-11-02 10:50:22,39,41,2925,7287
2023-11-02 10:51:01,39,40,2925,7287
2023-11-02 10:51:02,39,41,2925,7287
2023-11-02 10:51:10,40,41,2925,7287
2023-11-02 10:51:14,39,41,2925,7287
2023-11-02 10:51:14,40,41,2925,7287
2023-11-02 10:51:15,40,42,2925,7287
2023-11-02 10:51:16,40,42,2925,7348
2023-11-02 10:51:18,41,42,2925,7348
2023-11-02 10:51:26,40,42,2925,7348
2023-11-02 10:51:31,41,42,2925,7348
2023-11-02 10:51:35,41,42,2925,7409
2023-11-02 10:51:36,41,43,2925,7409
2023-11-02 10:52:04,40,43,2925,7409
2023-11-02 10:52:06,41,43,2925,7409
2023-11-02 10:52:06,41,42,2925,7409
2023-11-02 10:52:07,40,42,2925,7409
2023-11-02 10:52:14,41,42,2925,7409
2023-11-02 10:52:34,41,42,2983,7467
2023-11-02 10:52:35,41,42,3080,7564
2023-11-02 10:52:43,41,43,3080,7564
2023-11-02 10:52:43,41,42,3080,7564
2023-11-02 10:52:50,41,43,3080,7564
2023-11-02 10:52:50,41,42,3080,7564
2023-11-02 10:52:51,41,42,3280,7764
2023-11-02 10:52:54,41,43,3280,7764
2023-11-02 10:52:54,41,42,3280,7764
2023-11-02 10:52:54,41,43,3280,7764
2023-11-02 10:52:55,41,42,3280,7764
2023-11-02 10:52:56,41,42,3459,7943
2023-11-02 10:52:59,41,42,3659,8143
2023-11-02 10:52:59,41,44,3659,8143
2023-11-02 10:52:59,41,42,3659,8143
2023-11-02 10:53:05,41,44,3659,8143
2023-11-02 10:53:05,41,42,3659,8143
2023-11-02 10:53:08,41,44,3659,8143
2023-11-02 10:53:09,41,43,3659,8143
2023-11-02 10:53:21,41,42,3781,8265
2023-11-02 10:53:22,42,44,4035,8519
2023-11-02 10:53:23,41,44,4035,8519
2023-11-02 10:54:22,43,44,4035,8519
2023-11-02 10:54:23,42,44,4035,8519
2023-11-02 10:54:24,43,44,4035,8519
2023-11-02 10:54:33,42,44,4035,8519
2023-11-02 10:54:44,41,44,4035,8519
2023-11-02 10:54:49,41,43,4035,8519
2023-11-02 10:55:01,41,44,4035,8519
2023-11-02 10:55:06,41,43,4035,8519
2023-11-02 10:55:08,41,44,4035,8519
2023-11-02 10:55:34,42,44,4035,8519
2023-11-02 10:56:10,43,44,4035,8519
2023-11-02 10:56:11,42,44,4035,8519
2023-11-02 10:57:19,43,44,4035,8519
2023-11-02 10:57:19,42,44,4035,8519
2023-11-02 10:57:55,42,44,4035,8634
2023-11-02 10:58:28,41,44,4035,8634
2023-11-02 10:58:29,41,43,4035,8634
2023-11-02 10:58:41,41,44,4035,8634
2023-11-02 10:58:56,42,44,4035,8634
2023-11-02 10:59:00,41,44,4035,8634
2023-11-02 10:59:02,42,44,4035,8634
2023-11-02 11:00:56,42,43,4035,8634
2023-11-02 11:01:28,42,43,3835,8834
2023-11-02 11:01:28,41,43,3835,8834
2023-11-02 11:01:30,42,43,3835,8834
2023-11-02 11:01:34,41,43,3835,8834
2023-11-02 11:01:44,41,42,3835,8834
2023-11-02 11:01:53,40,41,3837,8836
2023-11-02 11:01:54,40,42,3837,8836
2023-11-02 11:01:55,40,41,3837,8836
2023-11-02 11:02:04,40,43,3837,8836
2023-11-02 11:02:04,40,42,3837,8836
2023-11-02 11:02:06,40,43,3837,8836
2023-11-02 11:02:11,41,43,3837,8836
2023-11-02 11:02:14,41,44,3837,8836
2023-11-02 11:02:16,41,43,3837,8836
2023-11-02 11:02:17,41,44,3837,8836
2023-11-02 11:02:18,41,43,3837,8836
2023-11-02 11:02:19,42,43,3837,8836
2023-11-02 11:02:21,42,44,3837,8836
2023-11-02 11:02:37,41,44,3837,8836
2023-11-02 11:02:42,41,43,3837,8836
2023-11-02 11:02:54,41,44,3837,8836
2023-11-02 11:02:54,41,43,3837,8836
2023-11-02 11:02:58,41,42,3837,8836
2023-11-02 11:02:59,41,44,3837,8836
2023-11-02 11:03:00,41,43,3837,8836
2023-11-02 11:03:00,41,42,3837,8836
2023-11-02 11:03:01,41,44,3837,8836
2023-11-02 11:03:01,41,43,3837,8836
2023-11-02 11:03:03,41,42,3837,8836
2023-11-02 11:03:20,41,44,3837,8836
2023-11-02 11:03:20,41,43,3837,8836
2023-11-02 11:03:22,41,44,3837,8836
2023-11-02 11:03:27,42,44,3837,8836
2023-11-02 11:03:30,41,44,3837,8836
2023-11-02 11:03:30,42,44,3837,8836
2023-11-02 11:03:33,43,44,3837,8836
2023-11-02 11:05:14,43,44,3787,8886
2023-11-02 11:05:14,43,44,3737,8936
2023-11-02 11:05:14,43,44,3687,8986
2023-11-02 11:05:14,43,45,3637,9036
2023-11-02 11:05:15,44,45,3637,9036
2023-11-02 11:05:31,43,45,3637,9036
2023-11-02 11:05:31,44,45,3637,9036
2023-11-02 11:06:33,43,44,3637,9041
2023-11-02 11:06:48,42,44,3637,9041
2023-11-02 11:06:51,43,44,3637,9041
2023-11-02 11:07:03,42,44,3637,9041
2023-11-02 11:07:07,43,44,3637,9041
2023-11-02 11:07:08,42,44,3637,9041
2023-11-02 11:07:11,43,44,3637,9041
2023-11-02 11:07:11,42,44,3637,9041
2023-11-02 11:07:12,43,44,3637,9041
2023-11-02 11:07:12,42,44,3637,9041
2023-11-02 11:07:14,43,44,3637,9041
2023-11-02 11:07:17,42,44,3637,9041
2023-11-02 11:07:17,43,44,3637,9041
2023-11-02 11:07:19,42,44,3637,9041
2023-11-02 11:07:21,43,44,3637,9041
2023-11-02 11:07:23,42,44,3637,9041
2023-11-02 11:07:27,43,44,3637,9041
2023-11-02 11:07:53,42,44,3637,9041
2023-11-02 11:07:53,42,43,3637,9041
2023-11-02 11:08:05,42,43,3837,9241
2023-11-02 11:08:07,42,44,3837,9241
2023-11-02 11:08:08,42,43,3837,9241
2023-11-02 11:08:12,43,44,4287,9691
2023-11-02 11:09:48,43,44,4137,9891
2023-11-02 11:09:48,41,44,4137,9891
2023-11-02 11:09:48,42,44,4137,9891
2023-11-02 11:09:54,43,44,4137,9891
2023-11-02 11:09:55,41,44,4137,9891
2023-11-02 11:09:55,42,44,4137,9891
2023-11-02 11:09:57,41,44,4137,9891
2023-11-02 11:10:02,42,44,4137,9891
2023-11-02 11:10:54,41,44,4137,9891
2023-11-02 11:10:59,42,44,4137,9891
2023-11-02 11:11:01,41,44,4137,9891
2023-11-02 11:11:05,42,44,4137,9891
2023-11-02 11:11:10,42,43,4137,9891
2023-11-02 11:11:11,42,44,4137,9891
2023-11-02 11:11:11,42,43,4137,9891
2023-11-02 11:11:11,42,43,4137,9891
2023-11-02 11:11:13,42,44,4137,9891
2023-11-02 11:11:16,42,43,4137,9891
2023-11-02 11:11:17,42,44,4137,9891
2023-11-02 11:11:25,43,44,4137,9891
2023-11-02 11:11:30,42,44,4137,9891
2023-11-02 11:11:32,41,44,4137,9891
2023-11-02 11:11:35,41,43,4137,9891
2023-11-02 11:11:51,41,42,4137,9891
2023-11-02 11:11:52,41,43,4137,9891
2023-11-02 11:12:09,41,42,4137,9891
2023-11-02 11:12:11,41,43,4137,9891
2023-11-02 11:12:20,41,44,4137,9891
2023-11-02 11:12:39,42,44,4137,9891
2023-11-02 11:12:44,41,44,4137,9891
2023-11-02 11:13:01,42,44,4137,9891
2023-11-02 11:13:19,41,44,4137,9891
2023-11-02 11:13:29,41,43,4137,9891
2023-11-02 11:13:59,41,44,4137,9891
2023-11-02 11:14:05,41,43,4137,9891
2023-11-02 11:14:11,41,42,4137,9891
2023-11-02 11:14:12,41,43,4137,9891
2023-11-02 11:14:15,41,42,4137,9891
2023-11-02 11:14:16,41,43,4137,9891
2023-11-02 11:14:17,41,42,4137,9891
2023-11-02 11:14:21,40,42,4137,9891
2023-11-02 11:14:33,40,43,4137,9891
2023-11-02 11:14:34,41,43,4137,9891
2023-11-02 11:14:41,41,42,4137,9891
2023-11-02 11:14:45,40,41,4137,9892
2023-11-02 11:14:48,39,40,4137,9893
2023-11-02 11:14:54,38,40,4137,9893
2023-11-02 11:15:10,38,39,4137,9893
2023-11-02 11:15:10,38,39,4387,10143
2023-11-02 11:15:10,37,39,4387,10143
2023-11-02 11:15:10,36,39,4387,10143
2023-11-02 11:15:10,37,39,4387,10143
2023-11-02 11:15:11,36,39,4377,10193
2023-11-02 11:15:11,35,39,4377,10193
2023-11-02 11:15:11,35,39,4377,10393
2023-11-02 11:15:12,35,36,4377,10393
2023-11-02 11:15:12,34,36,4377,10393
2023-11-02 11:15:13,34,35,4377,10393
2023-11-02 11:15:14,34,36,4377,10393
2023-11-02 11:15:15,35,36,4377,10393
2023-11-02 11:15:16,35,36,4177,10593
2023-11-02 11:15:16,34,36,4177,10593
2023-11-02 11:15:22,34,36,3977,10993
2023-11-02 11:15:22,31,34,4044,11593
2023-11-02 11:15:22,30,34,4044,11593
2023-11-02 11:15:22,31,34,4044,11593
2023-11-02 11:15:23,31,35,4044,11593
2023-11-02 11:15:23,32,35,4044,11593
2023-11-02 11:15:26,32,33,4044,11593
2023-11-02 11:15:27,31,33,4044,11593
2023-11-02 11:15:31,32,33,4044,11593
2023-11-02 11:15:32,31,33,4044,11593
2023-11-02 11:15:32,32,33,4044,11593
2023-11-02 11:15:33,31,33,4044,11593
2023-11-02 11:15:37,32,33,4044,11593
2023-11-02 11:15:51,32,35,4044,11593
2023-11-02 11:15:51,32,34,4044,11593
2023-11-02 11:15:55,33,34,4044,11593
2023-11-02 11:15:59,33,35,4044,11593
2023-11-02 11:16:01,34,35,4044,11593
2023-11-02 11:16:04,34,35,3977,11793
2023-11-02 11:16:04,34,37,3977,11793
2023-11-02 11:16:04,34,36,3977,11793
2023-11-02 11:16:11,35,36,3977,11793
2023-11-02 11:16:12,35,36,3977,11993
2023-11-02 11:16:12,35,38,3977,11993
2023-11-02 11:16:13,35,37,3977,11993
2023-11-02 11:16:18,36,37,3977,11993
2023-11-02 11:16:32,36,38,3977,11993
2023-11-02 11:16:32,36,38,3977,11993
2023-11-02 11:16:34,37,38,3977,11993
2023-11-02 11:16:48,37,38,3977,12193
2023-11-02 11:16:57,37,38,3977,12393
2023-11-02 11:17:08,37,39,3977,12393
2023-11-02 11:17:08,38,39,3977,12393
2023-11-02 11:17:10,37,39,3977,12393
2023-11-02 11:17:10,38,39,3977,12393
2023-11-02 11:17:47,38,39,3977,12453
2023-11-02 11:17:48,38,39,3977,12513
2023-11-02 11:17:49,39,40,3973,12517
2023-11-02 11:17:56,38,40,3973,12517
2023-11-02 11:17:56,39,40,3973,12517
2023-11-02 11:18:16,38,40,3973,12517
2023-11-02 11:18:16,39,40,3973,12517
2023-11-02 11:18:26,40,41,3973,12597
2023-11-02 11:18:29,40,42,3973,12597
2023-11-02 11:19:26,40,41,3973,12597
2023-11-02 11:19:52,40,42,3973,12597
2023-11-02 11:20:03,41,42,3973,12597
2023-11-02 11:20:20,40,42,3973,12597
2023-11-02 11:20:21,41,42,3973,12597
2023-11-02 11:20:22,41,43,3973,12597
2023-11-02 11:20:22,42,43,3973,12597
2023-11-02 11:20:24,42,43,3973,12847
2023-11-02 11:20:41,41,43,3973,12847
2023-11-02 11:20:41,42,43,3973,12847
2023-11-02 11:20:45,41,43,3973,12847
2023-11-02 11:20:45,42,43,3973,12847
2023-11-02 11:20:46,42,43,3973,13097
2023-11-02 11:21:02,41,43,3973,13097
2023-11-02 11:21:30,42,43,3973,13097
2023-11-02 11:21:46,41,43,3973,13097
2023-11-02 11:21:53,41,42,3973,13097
2023-11-02 11:21:57,40,42,3973,13097
2023-11-02 11:21:59,40,41,3973,13097
2023-11-02 11:22:14,41,43,4118,13242
2023-11-02 11:22:14,41,42,4118,13242
2023-11-02 11:22:15,40,42,4118,13242
2023-11-02 11:22:15,40,41,4118,13242
2023-11-02 11:22:16,40,41,4318,13442
2023-11-02 11:22:21,40,43,4318,13442
2023-11-02 11:22:21,40,41,4318,13442
2023-11-02 11:22:24,40,41,4518,13642
2023-11-02 11:22:26,40,41,4638,13762
2023-11-02 11:22:59,40,42,4638,13762
2023-11-02 11:23:00,40,41,4638,13762
2023-11-02 11:23:03,40,42,4638,13762
2023-11-02 11:23:03,40,41,4638,13762
2023-11-02 11:23:09,40,42,4638,13762
2023-11-02 11:23:09,40,41,4638,13762
2023-11-02 11:23:11,40,42,4638,13762
2023-11-02 11:23:12,39,42,4638,13762
2023-11-02 11:23:12,39,41,4638,13762
2023-11-02 11:23:39,39,40,4638,13762
2023-11-02 11:23:40,39,41,4638,13762
2023-11-02 11:23:50,39,41,4638,13822
2023-11-02 11:23:53,39,40,4638,13822
2023-11-02 11:23:56,39,41,4638,13822
2023-11-02 11:23:57,39,40,4638,13822
2023-11-02 11:24:13,39,41,4638,13822
2023-11-02 11:24:14,39,42,4638,13822
2023-11-02 11:24:20,39,41,4638,13822
2023-11-02 11:24:31,39,42,4638,13822
2023-11-02 11:24:31,39,41,4638,13822
2023-11-02 11:24:41,40,41,4638,13822
2023-11-02 11:24:43,40,41,4698,13882
2023-11-02 11:24:43,40,43,4698,13882
2023-11-02 11:24:43,40,42,4698,13882
2023-11-02 11:24:45,40,43,4698,13882
2023-11-02 11:24:45,40,42,4698,13882
2023-11-02 11:24:48,40,42,4818,14002
2023-11-02 11:24:50,41,42,4818,14002
2023-11-02 11:24:55,41,43,4818,14002
2023-11-02 11:25:08,42,43,4818,14002
2023-11-02 11:25:21,41,43,4818,14002
2023-11-02 11:25:45,40,43,4818,14002
2023-11-02 11:25:49,40,42,4818,14002
2023-11-02 11:26:01,40,43,4818,14002
2023-11-02 11:26:03,41,43,4818,14002
2023-11-02 11:26:15,40,43,4818,14002
2023-11-02 11:26:15,41,43,4818,14002
2023-11-02 11:26:16,42,43,4818,14002
2023-11-02 11:26:28,42,43,4618,14202
2023-11-02 11:26:33,40,43,4618,14202
2023-11-02 11:26:33,41,43,4618,14202
2023-11-02 11:26:35,40,43,4618,14202
2023-11-02 11:26:35,41,43,4618,14202
2023-11-02 11:26:38,42,43,4618,14202
2023-11-02 11:26:40,41,43,4618,14202
2023-11-02 11:26:42,40,43,4618,14202
2023-11-02 11:26:49,40,42,4618,14202
2023-11-02 11:26:50,40,43,4618,14202
2023-11-02 11:26:50,40,42,4618,14202
2023-11-02 11:26:53,40,43,4618,14202
2023-11-02 11:26:53,40,42,4618,14202
2023-11-02 11:27:02,40,41,4618,14202
2023-11-02 11:27:11,39,41,4618,14202
2023-11-02 11:27:11,39,40,4618,14202
2023-11-02 11:27:11,39,41,4618,14202
2023-11-02 11:27:20,40,41,4618,14202
2023-11-02 11:27:21,39,41,4618,14202
2023-11-02 11:27:21,40,41,4618,14202
2023-11-02 11:27:22,39,41,4618,14202
2023-11-02 11:27:22,40,41,4618,14202
2023-11-02 11:27:34,40,42,4618,14202
2023-11-02 11:27:35,40,41,4618,14202
2023-11-02 11:27:57,40,41,4418,14402
2023-11-02 11:27:57,38,41,4418,14402
2023-11-02 11:27:57,39,41,4418,14402
2023-11-02 11:28:11,39,40,4418,14402
2023-11-02 11:28:13,39,40,4218,14602
2023-11-02 11:28:13,38,40,4218,14602
2023-11-02 11:28:14,38,41,4218,14602
2023-11-02 11:28:14,38,40,4218,14602
2023-11-02 11:28:14,39,40,4218,14602
2023-11-02 11:28:17,38,40,4218,14602
2023-11-02 11:28:18,39,40,4218,14602
2023-11-02 11:28:29,38,40,4218,14602
2023-11-02 11:29:08,38,39,4218,14602
2023-11-02 11:29:20,38,40,4218,14602
2023-11-02 11:29:20,38,39,4218,14602
2023-11-02 11:29:26,38,40,4218,14602
2023-11-02 11:29:38,39,40,4218,14602
2023-11-02 11:29:56,38,40,4218,14602
2023-11-02 11:29:56,39,40,4218,14602
2023-11-02 11:30:01,39,40,4018,14802
2023-11-02 11:30:06,38,40,4018,14802
2023-11-02 11:30:07,39,40,4018,14802
2023-11-02 11:30:12,39,40,3978,14842
2023-11-02 11:30:15,39,41,3978,14842
2023-11-02 11:30:20,38,41,3978,14842
2023-11-02 11:30:21,38,40,3978,14842
2023-11-02 11:30:21,39,40,3978,14842
2023-11-02 11:30:29,38,40,3978,14842
2023-11-02 11:30:29,39,40,3978,14842
2023-11-02 11:30:34,38,40,3978,14842
2023-11-02 11:30:42,38,39,3978,14842
2023-11-02 11:30:52,38,40,3978,14842
2023-11-02 11:30:52,38,39,3978,14842
2023-11-02 11:30:59,38,40,3978,14842
2023-11-02 11:31:00,38,39,3978,14842
2023-11-02 11:31:02,37,39,3978,14842
2023-11-02 11:31:04,37,40,3978,14842
2023-11-02 11:31:04,37,39,3978,14842
2023-11-02 11:31:09,37,40,3978,14842
2023-11-02 11:31:09,37,39,3978,14842
2023-11-02 11:31:13,37,38,3978,14842
2023-11-02 11:31:18,37,39,3978,14842
2023-11-02 11:31:19,37,38,3978,14842
2023-11-02 11:31:22,37,39,3978,14842
2023-11-02 11:31:42,37,38,3978,14842
2023-11-02 11:31:43,36,38,3978,14842
2023-11-02 11:31:44,37,38,3978,14842
2023-11-02 11:31:53,36,38,3978,14842
2023-11-02 11:31:54,37,38,3978,14842
2023-11-02 11:31:54,36,38,3978,14842
2023-11-02 11:32:10,37,38,3978,14842
2023-11-02 11:32:14,37,39,3978,14842
2023-11-02 11:32:18,36,39,3978,14842
2023-11-02 11:32:25,37,39,3978,14842
2023-11-02 11:32:33,38,39,3978,14842
2023-11-02 11:32:33,38,40,3978,14842
2023-11-02 11:32:33,38,39,3978,14842
2023-11-02 11:32:51,38,41,3978,14842
2023-11-02 11:32:51,38,40,3978,14842
2023-11-02 11:32:52,38,41,3978,14842
2023-11-02 11:33:00,39,41,3978,14842
2023-11-02 11:33:18,40,41,3978,14842
2023-11-02 11:33:19,39,41,3978,14842
2023-11-02 11:33:19,40,41,3978,14842
2023-11-02 11:33:21,40,42,3978,14842
2023-11-02 11:33:26,41,42,3978,14842
2023-11-02 11:33:28,41,43,3978,14842
2023-11-02 11:33:31,42,43,3978,14842
2023-11-02 11:33:35,41,43,3978,14842
2023-11-02 11:33:46,41,42,3978,14842
2023-11-02 11:33:48,41,43,3978,14842
2023-11-02 11:33:48,41,42,3978,14842
2023-11-02 11:33:56,41,43,3978,14842
2023-11-02 11:33:56,41,42,3978,14842
2023-11-02 11:34:08,41,43,3978,14842
2023-11-02 11:34:39,42,43,3978,14842
2023-11-02 11:35:12,42,44,3978,14842
2023-11-02 11:35:13,42,43,3978,14842
2023-11-02 11:35:18,42,44,3978,14842
2023-11-02 11:35:19,43,44,3978,14842
2023-11-02 11:35:21,43,45,3978,14842
2023-11-02 11:35:21,43,44,3978,14842
2023-11-02 11:35:22,43,45,3978,14842
2023-11-02 11:35:23,43,44,3978,14842
2023-11-02 11:35:33,43,45,3978,14842
2023-11-02 11:35:40,43,44,3978,14842
2023-11-02 11:35:51,43,45,3978,14842
2023-11-02 11:35:51,43,44,3978,14842
2023-11-02 11:36:02,43,45,3978,14842
2023-11-02 11:36:02,43,44,3978,14842
2023-11-02 11:36:03,43,44,4028,14892
2023-11-02 11:36:03,43,44,4078,14942
2023-11-02 11:36:09,43,44,4128,14992
2023-11-02 11:36:12,43,44,4178,15042
2023-11-02 11:36:13,42,44,4178,15042
2023-11-02 11:36:15,42,43,4178,15042
2023-11-02 11:36:16,42,45,4178,15042
2023-11-02 11:36:17,42,44,4178,15042
2023-11-02 11:36:18,42,45,4178,15042
2023-11-02 11:36:25,43,45,4178,15042
2023-11-02 11:36:26,42,45,4178,15042
2023-11-02 11:36:26,43,45,4178,15042
2023-11-02 11:36:29,42,45,4178,15042
2023-11-02 11:36:30,43,45,4178,15042
2023-11-02 11:37:00,44,45,4178,15042
2023-11-02 11:37:11,44,46,4178,15042
2023-11-02 11:37:11,45,46,4178,15042
2023-11-02 11:37:30,44,46,4178,15042
2023-11-02 11:37:36,44,45,4178,15042
2023-11-02 11:37:49,44,46,4178,15042
2023-11-02 11:37:49,44,45,4178,15042
2023-11-02 11:37:50,44,45,4378,15242
2023-11-02 11:37:50,44,46,4418,15282
2023-11-02 11:37:50,44,45,4418,15282
2023-11-02 11:37:50,44,46,4418,15282
2023-11-02 11:37:51,44,45,4418,15282
2023-11-02 11:37:56,45,46,4539,15403
2023-11-02 11:37:56,45,46,4589,15453
2023-11-02 11:37:56,44,46,4618,15482
2023-11-02 11:37:56,44,45,4618,15482
2023-11-02 11:38:01,44,46,4618,15482
2023-11-02 11:38:12,45,46,4618,15482
2023-11-02 11:38:19,45,47,4618,15482
2023-11-02 11:38:19,46,47,4618,15482
2023-11-02 11:39:20,45,47,4798,15662
2023-11-02 11:39:28,44,47,4798,15662
2023-11-02 11:39:28,46,47,4798,15662
2023-11-02 11:39:29,44,47,4798,15662
2023-11-02 11:39:29,45,47,4798,15662
2023-11-02 11:39:30,45,46,4798,15662
2023-11-02 11:39:30,44,46,4798,15662
2023-11-02 11:39:37,44,45,4798,15662
2023-11-02 11:40:01,44,46,4798,15662
2023-11-02 11:40:04,44,47,4798,15662
2023-11-02 11:40:08,45,47,4798,15662
2023-11-02 11:40:10,44,47,4798,15662
2023-11-02 11:40:13,45,47,4798,15662
2023-11-02 11:40:29,46,47,4798,15662
2023-11-02 11:40:30,45,47,4798,15662
2023-11-02 11:40:31,46,47,4798,15662
2023-11-02 11:40:40,45,47,4798,15662
2023-11-02 11:40:40,46,47,4798,15662
2023-11-02 11:40:50,45,47,4798,15662
2023-11-02 11:40:50,46,47,4798,15662
2023-11-02 11:41:14,45,47,4798,15662
2023-11-02 11:41:14,46,47,4798,15662
2023-11-02 11:41:25,45,47,4798,15662
2023-11-02 11:41:31,45,46,4798,15662
2023-11-02 11:42:04,44,46,4798,15662
2023-11-02 11:42:13,45,46,4798,15662
2023-11-02 11:42:15,44,46,4798,15662
2023-11-02 11:42:15,45,46,4798,15662
2023-11-02 11:42:18,44,46,4798,15662
2023-11-02 11:42:20,45,46,4798,15662
2023-11-02 11:42:28,44,46,4798,15662
2023-11-02 11:42:32,45,46,4798,15662
2023-11-02 11:42:35,44,46,4798,15793
2023-11-02 11:42:37,44,45,4798,15793
2023-11-02 11:42:39,44,46,4798,15793
2023-11-02 11:42:40,44,45,4798,15793
2023-11-02 11:42:42,44,46,4798,15793
2023-11-02 11:43:01,45,46,4798,15793
2023-11-02 11:43:01,44,45,4998,15993
2023-11-02 11:43:01,44,46,4998,15993
2023-11-02 11:43:01,44,47,4998,15993
2023-11-02 11:43:01,44,46,4998,15993
2023-11-02 11:43:04,45,46,4998,15993
2023-11-02 11:43:10,45,48,4998,15993
2023-11-02 11:43:10,45,47,4998,15993
2023-11-02 11:43:21,45,48,4998,15993
2023-11-02 11:43:22,45,47,4998,15993
2023-11-02 11:43:28,45,48,4998,15993
2023-11-02 11:43:28,45,47,4998,15993
2023-11-02 11:43:39,45,48,4998,15993
2023-11-02 11:43:42,45,47,4998,15993
2023-11-02 11:43:50,46,47,4998,15993
2023-11-02 11:43:56,45,47,4998,15993
2023-11-02 11:44:04,45,46,4998,15993
2023-11-02 11:44:09,44,46,4998,15993
2023-11-02 11:44:13,44,45,4998,15993
2023-11-02 11:44:14,44,46,4998,15993
2023-11-02 11:44:15,44,45,4998,15993
2023-11-02 11:44:29,44,45,5048,16043
2023-11-02 11:44:29,44,45,5098,16093
2023-11-02 11:44:30,44,45,5098,16093
2023-11-02 11:44:30,44,45,5148,16143
2023-11-02 11:44:33,43,45,5148,16143
2023-11-02 11:44:37,43,46,5148,16143
2023-11-02 11:44:55,44,46,5148,16143
2023-11-02 11:44:59,43,46,5148,16143
2023-11-02 11:45:04,44,46,5148,16143
2023-11-02 11:45:11,43,46,5148,16143
2023-11-02 11:45:12,44,46,5148,16143
2023-11-02 11:45:20,44,47,5148,16143
2023-11-02 11:45:38,44,46,5148,16143
2023-11-02 11:45:41,43,46,5148,16143
2023-11-02 11:45:42,43,45,5148,16143
2023-11-02 11:45:46,43,46,5148,16143
2023-11-02 11:45:47,43,45,5148,16143
2023-11-02 11:45:56,44,45,5148,16143
2023-11-02 11:45:58,44,46,5148,16143
2023-11-02 11:46:02,43,46,5148,16143
2023-11-02 11:46:02,44,46,5148,16143
2023-11-02 11:46:09,44,47,5148,16143
2023-11-02 11:46:09,45,47,5148,16143
2023-11-02 11:46:11,44,47,5148,16143
2023-11-02 11:46:11,45,47,5148,16143
2023-11-02 11:46:13,45,46,5148,16143
2023-11-02 11:46:18,44,46,5148,16143
2023-11-02 11:46:19,44,47,5148,16143
2023-11-02 11:46:27,44,46,5148,16143
2023-11-02 11:46:36,44,47,5148,16143
2023-11-02 11:46:40,44,46,5148,16143
2023-11-02 11:46:42,44,47,5148,16143
2023-11-02 11:46:42,44,46,5148,16143
2023-11-02 11:46:56,43,46,5148,16143
2023-11-02 11:46:57,43,45,5148,16143
2023-11-02 11:47:20,43,46,5148,16143
2023-11-02 11:47:21,43,45,5148,16143
2023-11-02 11:47:23,44,45,5148,16143
2023-11-02 11:47:23,44,46,5148,16143
2023-11-02 11:47:25,44,45,5148,16143
2023-11-02 11:47:26,43,45,5148,16143
2023-11-02 11:47:26,44,45,5148,16143
2023-11-02 11:47:27,44,46,5148,16143
2023-11-02 11:47:30,43,46,5148,16143
2023-11-02 11:47:30,44,46,5148,16143
2023-11-02 11:47:42,44,45,5148,16143
2023-11-02 11:47:50,43,45,5148,16143
2023-11-02 11:47:50,44,45,5148,16143
2023-11-02 11:47:55,44,45,4948,16343
2023-11-02 11:47:55,42,45,4948,16343
2023-11-02 11:47:55,43,45,4948,16343
2023-11-02 11:47:56,43,44,4948,16343
2023-11-02 11:48:06,43,44,4748,16543
2023-11-02 11:48:07,42,44,4748,16543
2023-11-02 11:48:39,41,44,4748,16543
2023-11-02 11:48:39,42,44,4748,16543
2023-11-02 11:48:41,41,44,4748,16543
2023-11-02 11:48:41,42,44,4748,16543
2023-11-02 11:49:05,43,44,4748,16543
2023-11-02 11:49:08,43,45,4748,16543
2023-11-02 11:49:12,42,45,4748,16543
2023-11-02 11:49:13,42,44,4748,16543
2023-11-02 11:49:23,41,44,4748,16543
2023-11-02 11:49:24,42,44,4748,16543
2023-11-02 11:49:37,41,44,4748,16543
2023-11-02 11:49:42,41,43,4748,16543
2023-11-02 11:49:48,41,44,4748,16543
2023-11-02 11:49:49,41,43,4748,16543
2023-11-02 11:49:53,41,42,4748,16543
2023-11-02 11:50:09,41,44,4748,16543
2023-11-02 11:50:09,41,43,4748,16543
2023-11-02 11:50:11,41,44,4748,16543
2023-11-02 11:50:12,41,45,4748,16543
2023-11-02 11:50:14,42,45,4748,16543
2023-11-02 11:50:20,43,45,4748,16543
2023-11-02 11:50:23,42,45,4748,16543
2023-11-02 11:50:28,42,44,4748,16543
2023-11-02 11:50:35,43,44,4748,16543
2023-11-02 11:50:47,43,44,4948,16743
2023-11-02 11:50:47,43,44,5008,16803
2023-11-02 11:50:47,43,46,5008,16803
2023-11-02 11:50:48,43,45,5008,16803
2023-11-02 11:50:50,43,46,5008,16803
2023-11-02 11:50:51,43,45,5008,16803
2023-11-02 11:50:58,43,46,5008,16803
2023-11-02 11:51:02,44,46,5008,16803
2023-11-02 11:51:02,44,47,5008,16803
2023-11-02 11:51:08,45,47,5008,16803
2023-11-02 11:51:09,44,47,5008,16803
2023-11-02 11:51:10,44,46,5008,16803
2023-11-02 11:51:10,45,46,5008,16803
2023-11-02 11:51:15,44,46,5008,16803
2023-11-02 11:51:23,43,46,5008,16803
2023-11-02 11:51:24,44,46,5008,16803
2023-11-02 11:51:27,43,46,5008,16803
2023-11-02 11:51:28,44,46,5008,16803
2023-11-02 11:51:29,44,45,5008,16803
2023-11-02 11:51:47,42,44,4860,16951
2023-11-02 11:51:47,42,45,4860,17003
2023-11-02 11:51:47,43,45,4860,17003
2023-11-02 11:51:49,43,44,4860,17003
2023-11-02 11:51:49,43,44,4860,17011
2023-11-02 11:51:50,43,45,4860,17011
2023-11-02 11:52:04,43,44,4860,17011
2023-11-02 11:52:05,42,44,4860,17011
2023-11-02 11:52:11,41,44,4860,17011
2023-11-02 11:52:19,41,43,4860,17011
2023-11-02 11:52:22,41,42,4860,17011
2023-11-02 11:52:24,40,42,4860,17011
2023-11-02 11:52:33,40,41,4860,17011
2023-11-02 11:52:48,39,41,4860,17011
2023-11-02 11:52:50,39,40,4860,17011
2023-11-02 11:52:56,39,41,4860,17011
2023-11-02 11:52:57,39,40,4860,17011
2023-11-02 11:53:18,39,41,4860,17011
2023-11-02 11:53:19,39,40,4860,17011
2023-11-02 11:53:20,39,41,4860,17011
2023-11-02 11:53:31,40,41,4860,17011
2023-11-02 11:53:37,39,41,4860,17011
2023-11-02 11:53:40,38,41,4860,17011
2023-11-02 11:53:41,38,40,4860,17011
2023-11-02 11:53:44,38,39,4860,17011
2023-11-02 11:53:48,38,40,4860,17011
2023-11-02 11:53:58,38,39,4860,17011
2023-11-02 11:53:59,38,40,4860,17011
2023-11-02 11:54:01,38,39,4860,17011
2023-11-02 11:54:04,38,40,4860,17011
2023-11-02 11:54:07,38,39,4860,17011
2023-11-02 11:54:20,38,40,4860,17011
2023-11-02 11:54:23,38,41,4860,17011
2023-11-02 11:54:25,38,40,4860,17011
2023-11-02 11:54:35,38,41,4860,17011
2023-11-02 11:54:40,39,41,4860,17011
2023-11-02 11:54:42,39,42,4660,17211
2023-11-02 11:54:52,40,42,4660,17211
2023-11-02 11:54:53,39,42,4660,17211
2023-11-02 11:54:54,39,41,4660,17211
2023-11-02 11:55:00,39,42,4660,17211
2023-11-02 11:55:00,40,42,4660,17211
2023-11-02 11:55:01,39,42,4660,17211
2023-11-02 11:55:02,39,41,4660,17211
2023-11-02 11:55:02,40,41,4660,17211
2023-11-02 11:55:03,40,42,4660,17211
2023-11-02 11:55:08,40,41,4660,17211
2023-11-02 11:55:11,39,41,4660,17211
2023-11-02 11:55:13,38,41,4660,17211
2023-11-02 11:55:21,38,40,4660,17211
2023-11-02 11:55:28,38,39,4660,17211
2023-11-02 11:55:29,38,41,4660,17211
2023-11-02 11:55:29,38,40,4660,17211
2023-11-02 11:55:56,39,40,4660,17211
2023-11-02 11:55:59,38,40,4660,17211
2023-11-02 11:55:59,39,40,4660,17211
2023-11-02 11:56:02,39,41,4660,17211
2023-11-02 11:56:06,40,41,4660,17211
2023-11-02 11:56:32,40,42,4660,17211
2023-11-02 11:56:35,41,42,4660,17211
2023-11-02 11:56:39,39,42,4660,17211
2023-11-02 11:56:39,40,42,4660,17211
2023-11-02 11:56:46,40,42,4460,17766
2023-11-02 11:56:47,41,43,4460,17766
2023-11-02 11:57:00,40,43,4460,17766
2023-11-02 11:57:02,39,43,4460,17766
2023-11-02 11:57:02,39,42,4460,17766
2023-11-02 11:57:05,39,41,4460,17766
2023-11-02 11:57:10,38,41,4460,17766
2023-11-02 11:57:30,38,42,4460,17766
2023-11-02 11:57:30,39,42,4460,17766
2023-11-02 11:57:34,40,42,4460,17766
2023-11-02 11:57:35,40,43,4460,17766
2023-11-02 11:57:39,41,43,4460,17766
2023-11-02 11:57:49,40,43,4460,17766
2023-11-02 11:57:49,41,43,4460,17766
2023-11-02 11:57:52,41,43,4460,18016
2023-11-02 11:58:05,40,43,4460,18016
2023-11-02 11:58:05,41,43,4460,18016
2023-11-02 11:58:06,40,43,4460,18016
2023-11-02 11:58:11,40,42,4460,18016
2023-11-02 11:58:28,40,41,4460,18016
2023-11-02 11:58:41,40,42,4460,18016
2023-11-02 11:58:41,40,41,4460,18016
2023-11-02 11:59:02,40,43,4460,18016
2023-11-02 11:59:02,40,42,4460,18016
2023-11-02 11:59:04,40,43,4460,18016
2023-11-02 11:59:14,40,44,4460,18016
2023-11-02 11:59:14,41,44,4460,18016
2023-11-02 11:59:14,40,44,4460,18016
2023-11-02 11:59:15,40,43,4460,18016
2023-11-02 11:59:15,41,43,4460,18016
2023-11-02 11:59:15,40,43,4460,18016
2023-11-02 11:59:19,40,42,4460,18016
2023-11-02 11:59:21,40,43,4460,18016
2023-11-02 11:59:21,40,42,4460,18016
2023-11-02 11:59:30,40,43,4460,18016
2023-11-02 11:59:31,40,42,4460,18016
2023-11-02 11:59:35,40,43,4460,18016
2023-11-02 11:59:35,40,42,4460,18016
2023-11-02 11:59:46,40,43,4460,18016
2023-11-02 11:59:52,41,43,4460,18016
2023-11-02 11:59:53,40,43,4460,18016
2023-11-02 11:59:53,41,43,4460,18016
2023-11-02 11:59:57,40,43,4460,18016
2023-11-02 11:59:59,41,43,4460,18016
2023-11-02 12:00:02,41,43,4460,18266
2023-11-02 12:00:03,41,42,4460,18266
2023-11-02 12:00:04,40,42,4460,18266
2023-11-02 12:00:09,39,42,4460,18266
2023-11-02 12:00:12,39,41,4460,18266
2023-11-02 12:00:15,39,42,4460,18266
2023-11-02 12:00:16,39,41,4460,18266
2023-11-02 12:00:16,38,41,4460,18266
2023-11-02 12:00:22,38,40,4460,18266
2023-11-02 12:00:22,38,41,4460,18266
2023-11-02 12:00:22,38,40,4460,18266
2023-11-02 12:00:25,38,41,4460,18266
2023-11-02 12:00:25,38,40,4460,18266
2023-11-02 12:00:25,38,41,4460,18266
2023-11-02 12:00:26,38,40,4460,18266
2023-11-02 12:00:27,38,41,4460,18266
2023-11-02 12:00:27,38,40,4460,18266
2023-11-02 12:00:32,39,40,4460,18266
2023-11-02 12:00:34,39,40,4660,18466
2023-11-02 12:00:34,39,43,4660,18466
2023-11-02 12:00:34,39,42,4660,18466
2023-11-02 12:00:35,39,41,4660,18466
2023-11-02 12:00:47,39,40,4660,18466
2023-11-02 12:00:49,39,42,4660,18466
2023-11-02 12:00:49,39,41,4660,18466
2023-11-02 12:00:53,39,42,4660,18466
2023-11-02 12:01:02,39,43,4660,18466
2023-11-02 12:01:03,40,43,4660,18466
2023-11-02 12:01:06,40,42,4660,18466
2023-11-02 12:01:06,40,43,4660,18466
2023-11-02 12:01:07,40,42,4660,18466
2023-11-02 12:01:10,40,42,4678,18484
2023-11-02 12:01:15,39,42,4678,18484
2023-11-02 12:01:17,39,41,4678,18484
2023-11-02 12:01:23,38,41,4678,18484
2023-11-02 12:01:23,39,41,4678,18484
2023-11-02 12:01:26,39,42,4678,18484
2023-11-02 12:01:26,40,42,4678,18484
2023-11-02 12:01:28,40,41,4678,18484
2023-11-02 12:01:29,40,42,4678,18484
2023-11-02 12:01:30,40,41,4678,18484
2023-11-02 12:01:41,38,41,4678,18484
2023-11-02 12:01:41,39,41,4678,18484
2023-11-02 12:01:42,40,41,4678,18484
2023-11-02 12:01:49,38,40,4512,18650
2023-11-02 12:01:49,39,40,4512,18650
2023-11-02 12:01:50,39,41,4512,18650
2023-11-02 12:01:57,39,40,4512,18650
2023-11-02 12:01:59,38,40,4512,18650
2023-11-02 12:01:59,39,40,4512,18650
2023-11-02 12:02:01,38,40,4512,18650
2023-11-02 12:02:01,39,40,4512,18650
2023-11-02 12:02:03,38,40,4512,18650
2023-11-02 12:02:03,39,40,4512,18650
2023-11-02 12:02:04,38,40,4512,18650
2023-11-02 12:02:04,39,40,4512,18650
2023-11-02 12:02:05,38,40,4512,18650
2023-11-02 12:02:05,39,40,4512,18650
2023-11-02 12:02:27,39,42,4512,18650
2023-11-02 12:02:27,40,42,4512,18650
2023-11-02 12:02:29,40,43,4512,18650
2023-11-02 12:02:30,40,42,4512,18650
2023-11-02 12:02:35,40,43,4512,18650
2023-11-02 12:02:35,40,42,4512,18650
2023-11-02 12:02:45,39,42,4512,18650
2023-11-02 12:02:48,39,41,4512,18650
2023-11-02 12:02:57,39,40,4512,18650
2023-11-02 12:03:04,39,41,4512,18650
2023-11-02 12:03:05,39,40,4512,18650
2023-11-02 12:03:06,38,40,4512,18650
2023-11-02 12:03:10,38,41,4512,18650
2023-11-02 12:03:10,38,40,4512,18650
2023-11-02 12:03:13,38,41,4512,18650
2023-11-02 12:03:13,38,40,4512,18650
2023-11-02 12:03:19,39,40,4512,18650
2023-11-02 12:03:26,39,42,4512,18650
2023-11-02 12:03:26,39,41,4512,18650
2023-11-02 12:03:28,38,41,4512,18650
2023-11-02 12:03:30,38,42,4512,18650
2023-11-02 12:03:31,39,42,4512,18650
2023-11-02 12:03:36,40,42,4512,18650
2023-11-02 12:03:38,40,43,4512,18650
2023-11-02 12:03:40,41,43,4512,18650
2023-11-02 12:03:44,40,43,4512,18650
2023-11-02 12:03:45,40,42,4512,18650
2023-11-02 12:03:48,40,43,4512,18650
2023-11-02 12:03:49,40,42,4512,18650
2023-11-02 12:03:50,40,43,4512,18650
2023-11-02 12:04:03,41,43,4512,18650
2023-11-02 12:04:03,40,43,4512,18650
2023-11-02 12:04:17,41,43,4512,18650
2023-11-02 12:04:18,40,43,4512,18650
2023-11-02 12:04:19,41,43,4512,18650
2023-11-02 12:04:25,40,43,4512,18650
2023-11-02 12:04:26,40,42,4512,18650
2023-11-02 12:04:27,39,42,4512,18650
2023-11-02 12:04:29,40,42,4512,18650
2023-11-02 12:04:43,40,41,4512,18650
2023-11-02 12:04:44,40,42,4512,18650
2023-11-02 12:04:52,39,42,4512,18650
2023-11-02 12:04:59,40,42,4512,18650
2023-11-02 12:05:00,40,41,4512,18650
2023-11-02 12:05:05,40,43,4512,18650
2023-11-02 12:05:05,40,41,4512,18650
2023-11-02 12:05:13,40,43,4512,18650
2023-11-02 12:05:13,40,42,4512,18650
2023-11-02 12:05:15,39,42,4512,18650
2023-11-02 12:05:15,39,41,4512,18650
2023-11-02 12:05:20,39,40,4512,18650
2023-11-02 12:05:25,39,42,4512,18650
2023-11-02 12:05:25,39,41,4512,18650
2023-11-02 12:05:28,40,41,4512,18650
2023-11-02 12:05:28,40,43,4512,18650
2023-11-02 12:05:28,40,42,4512,18650
2023-11-02 12:05:29,39,42,4512,18650
2023-11-02 12:05:30,40,42,4512,18650
2023-11-02 12:05:31,39,42,4512,18650
2023-11-02 12:05:32,40,42,4512,18650
2023-11-02 12:05:33,39,42,4512,18650
2023-11-02 12:05:35,39,43,4512,18650
2023-11-02 12:05:35,39,42,4512,18650
2023-11-02 12:05:36,40,42,4512,18650
2023-11-02 12:05:40,40,43,4512,18650
2023-11-02 12:05:40,40,42,4512,18650
2023-11-02 12:05:42,39,42,4512,18650
2023-11-02 12:05:52,40,42,4512,18650
2023-11-02 12:06:01,40,43,4512,18650
2023-11-02 12:06:01,40,42,4512,18650
2023-11-02 12:06:07,40,41,4512,18650
2023-11-02 12:06:10,40,43,4512,18650
2023-11-02 12:06:11,40,42,4512,18650
2023-11-02 12:06:16,39,42,4512,18650
2023-11-02 12:06:16,39,41,4512,18650
2023-11-02 12:06:17,39,40,4512,18650
2023-11-02 12:06:18,38,40,4512,18650
2023-11-02 12:06:23,38,39,4512,18650
2023-11-02 12:06:31,38,41,4512,18650
2023-11-02 12:06:31,38,39,4512,18650
2023-11-02 12:06:34,38,41,4512,18650
2023-11-02 12:06:34,38,40,4512,18650
2023-11-02 12:06:35,38,41,4512,18650
2023-11-02 12:06:35,38,40,4512,18650
2023-11-02 12:06:35,38,39,4512,18650
2023-11-02 12:06:41,38,41,4512,18650
2023-11-02 12:06:41,38,40,4512,18650
2023-11-02 12:06:54,38,39,4512,18650
2023-11-02 12:06:57,37,39,4512,18650
2023-11-02 12:06:59,37,38,4512,18650
2023-11-02 12:06:59,36,38,4512,18650
2023-11-02 12:07:01,37,38,4512,18650
2023-11-02 12:07:02,37,39,4512,18650
2023-11-02 12:07:04,37,38,4512,18650
2023-11-02 12:07:07,37,39,4512,18650
2023-11-02 12:07:08,37,38,4512,18650
2023-11-02 12:07:33,37,39,4512,18650
2023-11-02 12:07:40,36,39,4512,18650
2023-11-02 12:07:40,37,39,4512,18650
2023-11-02 12:07:48,38,39,4512,18650
2023-11-02 12:07:55,38,40,4512,18650
2023-11-02 12:08:01,37,40,4512,18650
2023-11-02 12:08:01,38,40,4512,18650
2023-11-02 12:08:01,37,40,4512,18650
2023-11-02 12:08:06,37,39,4512,18650
2023-11-02 12:08:06,36,39,4512,18650
2023-11-02 12:08:11,36,38,4512,18650
2023-11-02 12:08:31,36,37,4512,18650
2023-11-02 12:08:32,36,38,4512,18650
2023-11-02 12:08:37,36,37,4512,18650
2023-11-02 12:08:38,36,38,4512,18650
2023-11-02 12:08:45,36,39,4512,18650
2023-11-02 12:08:46,36,38,4512,18650
2023-11-02 12:08:46,36,39,4512,18650
2023-11-02 12:08:48,36,38,4512,18650
2023-11-02 12:08:50,37,38,4512,18650
2023-11-02 12:08:50,37,39,4512,18650
2023-11-02 12:08:54,37,40,4512,18650
2023-11-02 12:08:54,38,40,4512,18650
2023-11-02 12:08:56,38,41,4512,18650
2023-11-02 12:09:01,38,40,4512,18650
2023-11-02 12:09:05,38,41,4512,18650
2023-11-02 12:09:07,38,40,4512,18650
2023-11-02 12:09:19,38,39,4512,18650
2023-11-02 12:09:22,37,39,4512,18650
2023-11-02 12:09:28,36,39,4512,18650
2023-11-02 12:09:33,36,38,4512,18650
2023-11-02 12:09:42,37,38,4512,18650
2023-11-02 12:09:48,37,39,4512,18650
2023-11-02 12:10:18,37,40,4512,18650
2023-11-02 12:10:23,37,39,4512,18650
2023-11-02 12:10:31,37,38,4512,18650
2023-11-02 12:10:33,37,39,4512,18650
2023-11-02 12:10:34,37,38,4512,18650
2023-11-02 12:10:37,37,38,4312,18850
2023-11-02 12:10:39,37,39,4312,18850
2023-11-02 12:10:39,37,39,4312,18860
2023-11-02 12:10:40,37,38,4312,18860
2023-11-02 12:10:42,37,39,4312,18860
2023-11-02 12:10:44,37,38,4312,18860
2023-11-02 12:10:44,36,38,4312,18945
2023-11-02 12:10:51,36,39,4312,18945
2023-11-02 12:11:01,36,38,4312,18945
2023-11-02 12:11:03,36,39,4312,18945
2023-11-02 12:11:04,36,38,4312,18945
2023-11-02 12:11:07,36,39,4312,18945
2023-11-02 12:11:17,37,39,4312,18945
2023-11-02 12:11:21,37,40,4312,18945
2023-11-02 12:11:22,38,40,4312,18945
2023-11-02 12:11:51,39,40,4312,18945
2023-11-02 12:11:52,39,40,4372,19005
2023-11-02 12:11:55,39,40,4572,19205
2023-11-02 12:11:58,39,41,4581,19214
2023-11-02 12:11:59,40,41,4581,19214
2023-11-02 12:11:59,40,43,4601,19234
2023-11-02 12:12:01,40,42,4601,19234
2023-11-02 12:12:04,39,42,4601,19234
2023-11-02 12:12:33,40,42,4601,19234
2023-11-02 12:12:34,40,43,4601,19234
2023-11-02 12:12:39,40,42,4601,19234
2023-11-02 12:12:41,40,43,4601,19234
2023-11-02 12:12:48,40,42,4601,19234
2023-11-02 12:12:57,40,43,4601,19234
2023-11-02 12:13:30,41,43,4601,19234
2023-11-02 12:13:36,40,43,4601,19234
2023-11-02 12:13:46,40,42,4601,19234
2023-11-02 12:13:47,39,42,4601,19234
2023-11-02 12:13:51,39,43,4601,19234
2023-11-02 12:13:52,39,42,4601,19234
2023-11-02 12:14:01,38,42,4601,19234
2023-11-02 12:14:01,38,41,4601,19234
2023-11-02 12:14:11,38,42,4601,19234
2023-11-02 12:14:11,39,42,4601,19234
2023-11-02 12:14:22,39,43,4601,19234
2023-11-02 12:14:27,39,42,4601,19234
2023-11-02 12:14:29,39,43,4601,19234
2023-11-02 12:14:30,39,42,4601,19234
2023-11-02 12:14:41,39,43,4601,19234
2023-11-02 12:14:48,39,42,4601,19234
2023-11-02 12:15:19,39,41,4601,19234
2023-11-02 12:15:21,38,41,4601,19234
2023-11-02 12:15:22,38,42,4601,19234
2023-11-02 12:15:22,39,42,4601,19234
2023-11-02 12:15:24,39,41,4601,19234
2023-11-02 12:15:25,38,41,4601,19234
2023-11-02 12:15:27,39,41,4601,19234
2023-11-02 12:15:30,38,42,4601,19234
2023-11-02 12:15:30,38,41,4601,19234
2023-11-02 12:15:42,38,42,4601,19234
2023-11-02 12:15:42,39,42,4601,19234
2023-11-02 12:15:53,39,41,4601,19234
2023-11-02 12:15:54,38,41,4601,19234
2023-11-02 12:16:01,38,42,4601,19234
2023-11-02 12:16:01,39,42,4601,19234
2023-11-02 12:16:02,39,41,4601,19234
2023-11-02 12:16:03,39,42,4601,19234
2023-11-02 12:16:13,39,43,4601,19234
2023-11-02 12:16:13,40,43,4601,19234
2023-11-02 12:16:34,41,43,4601,19234
2023-11-02 12:16:50,40,43,4601,19234
2023-11-02 12:17:05,39,43,4601,19234
2023-11-02 12:17:05,39,42,4601,19234
2023-11-02 12:17:07,39,43,4601,19234
2023-11-02 12:17:08,38,42,4601,19234
2023-11-02 12:17:08,38,41,4601,19234
2023-11-02 12:17:12,38,40,4601,19234
2023-11-02 12:17:15,37,40,4601,19234
2023-11-02 12:17:20,37,39,4601,19234
2023-11-02 12:17:21,37,40,4601,19234
2023-11-02 12:17:36,37,39,4601,19234
2023-11-02 12:17:46,37,38,4601,19234
2023-11-02 12:17:46,36,38,4601,19234
2023-11-02 12:17:48,35,38,4601,19234
2023-11-02 12:17:48,35,37,4601,19234
2023-11-02 12:17:56,35,38,4601,19234
2023-11-02 12:18:02,35,39,4601,19234
2023-11-02 12:18:10,36,38,4601,19234
2023-11-02 12:18:11,36,39,4601,19234
2023-11-02 12:18:39,37,39,4601,19234
2023-11-02 12:18:41,37,40,4601,19234
2023-11-02 12:18:53,38,40,4601,19234
2023-11-02 12:18:55,38,42,4641,19274
2023-11-02 12:19:00,39,42,4641,19274
2023-11-02 12:19:02,40,42,4641,19274
2023-11-02 12:19:03,40,43,4641,19274
2023-11-02 12:19:04,40,42,4641,19274
2023-11-02 12:19:21,40,43,4641,19274
2023-11-02 12:19:31,40,42,4641,19274
2023-11-02 12:19:40,39,42,4641,19274
2023-11-02 12:19:54,39,43,4641,19274
2023-11-02 12:19:55,41,43,4641,19274
2023-11-02 12:20:07,40,43,4641,19274
2023-11-02 12:20:07,40,42,4641,19274
2023-11-02 12:20:08,39,42,4641,19274
2023-11-02 12:20:13,39,41,4641,19274
2023-11-02 12:20:13,38,41,4641,19274
2023-11-02 12:20:19,38,42,4641,19274
2023-11-02 12:20:22,38,41,4641,19274
2023-11-02 12:20:23,38,42,4641,19274
2023-11-02 12:20:24,39,42,4641,19274
2023-11-02 12:20:29,39,43,4641,19274
2023-11-02 12:20:30,39,42,4641,19274
2023-11-02 12:20:34,39,43,4641,19274
2023-11-02 12:20:38,39,42,4641,19274
2023-11-02 12:20:40,39,43,4641,19274
2023-11-02 12:20:40,40,43,4641,19274
2023-11-02 12:20:41,39,43,4641,19274
2023-11-02 12:20:47,40,43,4641,19274
2023-11-02 12:20:56,41,43,4641,19274
2023-11-02 12:21:03,41,44,4641,19274
2023-11-02 12:21:06,42,44,4641,19274
2023-11-02 12:21:13,42,45,4641,19274
2023-11-02 12:21:20,42,44,4641,19274
2023-11-02 12:21:24,41,44,4641,19274
2023-11-02 12:21:39,42,44,4641,19274
2023-11-02 12:22:14,41,44,4641,19274
2023-11-02 12:22:18,42,44,4641,19274
2023-11-02 12:22:28,43,44,4641,19274
2023-11-02 12:22:28,43,45,4661,19294
2023-11-02 12:22:33,44,45,4661,19294
2023-11-02 12:22:34,44,46,4661,19294
2023-11-02 12:22:50,43,46,4661,19294
2023-11-02 12:23:08,44,46,4661,19294
2023-11-02 12:23:10,43,46,4661,19294
2023-11-02 12:23:15,43,45,4661,19294
2023-11-02 12:23:16,42,45,4661,19294
2023-11-02 12:23:26,42,44,4661,19294
2023-11-02 12:23:30,41,44,4661,19294
2023-11-02 12:23:35,42,44,4661,19294
2023-11-02 12:23:43,41,44,4661,19294
2023-11-02 12:23:47,42,44,4661,19294
2023-11-02 12:23:48,41,44,4661,19294
2023-11-02 12:23:48,42,44,4661,19294
2023-11-02 12:23:55,43,44,4661,19294
2023-11-02 12:23:56,42,44,4661,19415
2023-11-02 12:23:56,41,44,4661,19415
2023-11-02 12:23:56,42,44,4661,19415
2023-11-02 12:24:01,43,44,4661,19415
2023-11-02 12:24:06,42,44,4661,19415
2023-11-02 12:24:16,43,44,4661,19415
2023-11-02 12:24:22,42,44,4661,19415
2023-11-02 12:24:34,42,45,4661,19415
2023-11-02 12:24:37,43,45,4661,19415
2023-11-02 12:24:42,42,45,4661,19415
2023-11-02 12:24:42,43,45,4661,19415
2023-11-02 12:24:45,43,44,4661,19415
2023-11-02 12:24:45,43,44,4661,19665
2023-11-02 12:24:46,41,44,4661,19665
2023-11-02 12:24:46,42,44,4661,19665
2023-11-02 12:25:04,42,43,4661,19665
2023-11-02 12:25:05,41,43,4661,19665
2023-11-02 12:25:12,40,43,4661,19665
2023-11-02 12:25:16,40,42,4661,19665
2023-11-02 12:25:20,39,42,4661,19665
2023-11-02 12:25:20,39,41,4661,19665
2023-11-02 12:25:22,38,41,4661,19665
2023-11-02 12:25:22,38,40,4661,19665
2023-11-02 12:25:25,38,39,4661,19665
2023-11-02 12:25:25,37,39,4661,19665
2023-11-02 12:25:29,38,39,4661,19665
2023-11-02 12:25:39,38,40,4661,19665
2023-11-02 12:25:46,37,40,4661,19665
2023-11-02 12:25:46,39,40,4661,19665
2023-11-02 12:25:50,37,40,4661,19838
2023-11-02 12:25:50,38,40,4661,19838
2023-11-02 12:25:53,39,40,4661,19838
2023-11-02 12:25:54,39,40,4661,20088
2023-11-02 12:25:59,37,40,4661,20088
2023-11-02 12:26:02,38,40,4661,20088
2023-11-02 12:26:02,39,40,4661,20088
2023-11-02 12:26:05,39,41,4661,20088
2023-11-02 12:26:06,39,40,4661,20088
2023-11-02 12:26:07,39,41,4661,20088
2023-11-02 12:26:08,40,41,4661,20088
2023-11-02 12:26:09,40,41,4661,20338
2023-11-02 12:26:10,40,41,4623,20538
2023-11-02 12:26:10,37,41,4623,20538
2023-11-02 12:26:10,38,41,4623,20538
2023-11-02 12:26:11,39,41,4623,20538
2023-11-02 12:26:16,37,41,4623,20538
2023-11-02 12:26:16,39,41,4623,20538
2023-11-02 12:26:18,40,41,4623,20538
2023-11-02 12:26:18,38,41,4623,20538
2023-11-02 12:26:18,39,41,4623,20538
2023-11-02 12:26:22,39,42,4623,20538
2023-11-02 12:26:22,40,42,4623,20538
2023-11-02 12:26:24,40,41,4623,20538
2023-11-02 12:26:26,38,41,4623,20538
2023-11-02 12:26:26,40,41,4623,20538
2023-11-02 12:26:32,40,42,4623,20538
2023-11-02 12:26:38,40,43,4623,20538
2023-11-02 12:26:38,41,43,4623,20538
2023-11-02 12:26:40,40,43,4623,20538
2023-11-02 12:26:42,41,43,4623,20538
2023-11-02 12:26:42,40,43,4623,20538
2023-11-02 12:26:43,40,42,4623,20538
2023-11-02 12:26:44,39,42,4623,20538
2023-11-02 12:26:47,39,41,4623,20538
2023-11-02 12:26:47,38,41,4623,20538
2023-11-02 12:26:51,39,41,4623,20538
2023-11-02 12:26:56,38,41,4623,20538
2023-11-02 12:26:57,38,40,4623,20538
2023-11-02 12:26:58,37,40,4623,20538
2023-11-02 12:27:21,38,40,4623,20538
2023-11-02 12:27:21,37,40,4623,20538
2023-11-02 12:27:22,37,39,4623,20538
2023-11-02 12:27:31,37,38,4623,20538
2023-11-02 12:27:31,37,38,4623,20554
2023-11-02 12:27:31,36,38,4623,20554
2023-11-02 12:27:37,37,38,4623,20554
2023-11-02 12:27:37,36,38,4623,20554
2023-11-02 12:27:37,37,38,4623,20554
2023-11-02 12:27:41,37,39,4623,20554
2023-11-02 12:27:43,37,40,4623,20554
2023-11-02 12:27:46,38,40,4623,20554
2023-11-02 12:27:51,37,40,4623,20554
2023-11-02 12:27:53,38,40,4623,20554
2023-11-02 12:28:00,38,41,4623,20554
2023-11-02 12:28:01,37,41,4623,20554
2023-11-02 12:28:01,38,41,4623,20554
2023-11-02 12:28:03,39,41,4623,20554
2023-11-02 12:28:12,39,42,4623,20554
2023-11-02 12:28:13,39,41,4623,20554
2023-11-02 12:28:13,39,41,4623,20554
2023-11-02 12:28:19,37,41,4623,20554
2023-11-02 12:28:19,38,41,4623,20554
2023-11-02 12:28:25,39,41,4623,20554
2023-11-02 12:28:44,39,42,4623,20554
2023-11-02 12:28:44,40,42,4623,20554
2023-11-02 12:28:48,40,43,4623,20554
2023-11-02 12:28:56,40,42,4623,20554
2023-11-02 12:28:56,40,42,4623,20568
2023-11-02 12:28:58,40,42,4623,20584
2023-11-02 12:29:00,40,42,4623,20597
2023-11-02 12:29:01,40,42,4623,20612
2023-11-02 12:29:03,40,42,4623,20624
2023-11-02 12:29:04,40,42,4623,20642
2023-11-02 12:29:06,41,42,4623,20642
2023-11-02 12:29:06,41,44,4623,20642
2023-11-02 12:29:06,41,43,4623,20642
2023-11-02 12:29:12,41,44,4549,20994
2023-11-02 12:29:12,41,43,4549,20994
2023-11-02 12:29:25,41,42,4549,20994
2023-11-02 12:29:30,41,43,4549,20994
2023-11-02 12:29:30,41,42,4549,20994
2023-11-02 12:29:39,41,43,4549,20994
2023-11-02 12:29:40,41,42,4549,20994
2023-11-02 12:29:48,40,42,4749,21194
2023-11-02 12:30:01,40,42,4749,21210
2023-11-02 12:30:02,40,43,4749,21210
2023-11-02 12:30:06,41,43,4749,21210
2023-11-02 12:30:10,41,44,4749,21210
2023-11-02 12:30:15,42,44,4749,21210
2023-11-02 12:30:24,41,44,4749,21210
2023-11-02 12:30:25,42,44,4749,21210
2023-11-02 12:30:28,42,43,4749,21210
2023-11-02 12:30:28,40,43,4749,21210
2023-11-02 12:30:29,41,43,4749,21210
2023-11-02 12:30:30,40,43,4749,21210
2023-11-02 12:30:30,41,43,4749,21210
2023-11-02 12:30:34,40,43,4749,21210
2023-11-02 12:30:35,41,43,4749,21210
2023-11-02 12:30:36,41,44,4749,21210
2023-11-02 12:30:36,41,43,4749,21210
2023-11-02 12:30:36,41,44,4749,21210
2023-11-02 12:30:45,42,44,4749,21210
2023-11-02 12:30:46,42,45,4749,21210
2023-11-02 12:30:46,41,45,4749,21210
2023-11-02 12:30:46,42,45,4749,21210
2023-11-02 12:30:46,42,44,4749,21210
2023-11-02 12:30:47,41,44,4749,21210
2023-11-02 12:30:51,41,43,4749,21210
2023-11-02 12:30:53,41,44,4749,21210
2023-11-02 12:30:53,41,43,4749,21210
2023-11-02 12:30:54,41,42,4749,21210
2023-11-02 12:30:54,41,43,4749,21210
2023-11-02 12:30:54,41,42,4749,21210
2023-11-02 12:31:02,41,44,4749,21210
2023-11-02 12:31:02,41,43,4749,21210
2023-11-02 12:31:13,40,43,4749,21210
2023-11-02 12:31:13,40,42,4749,21210
2023-11-02 12:31:17,39,42,4749,21210
2023-11-02 12:31:17,39,41,4749,21210
2023-11-02 12:31:17,39,40,4749,21210
2023-11-02 12:31:17,39,40,4763,21224
2023-11-02 12:31:18,39,40,4774,21235
2023-11-02 12:31:20,39,42,4774,21235
2023-11-02 12:31:20,39,40,4774,21235
2023-11-02 12:31:20,39,40,4834,21295
2023-11-02 12:31:22,39,40,4852,21313
2023-11-02 12:31:24,39,40,4862,21323
2023-11-02 12:31:28,39,42,4862,21323
2023-11-02 12:31:28,39,40,4862,21323
2023-11-02 12:31:46,38,40,4862,21323
2023-11-02 12:31:54,39,40,4862,21323
2023-11-02 12:32:08,39,41,4862,21323
2023-11-02 12:32:10,39,42,4862,21323
2023-11-02 12:32:12,40,42,4862,21323
2023-11-02 12:32:12,40,43,4862,21323
2023-11-02 12:32:18,41,43,4862,21323
2023-11-02 12:32:30,42,43,4862,21323
2023-11-02 12:32:31,42,44,4862,21323
2023-11-02 12:32:32,41,44,4862,21323
2023-11-02 12:32:33,42,44,4862,21323
2023-11-02 12:32:38,41,44,4862,21454
2023-11-02 12:32:39,41,43,4862,21454
2023-11-02 12:32:42,41,44,4862,21454
2023-11-02 12:32:58,41,43,4862,21454
2023-11-02 12:33:01,41,44,4862,21454
2023-11-02 12:33:03,41,43,4862,21454
2023-11-02 12:33:05,41,44,4862,21454
2023-11-02 12:33:10,41,43,4862,21454
2023-11-02 12:33:12,41,44,4862,21454
2023-11-02 12:33:18,42,44,4862,21454
2023-11-02 12:33:43,43,44,4862,21454
2023-11-02 12:33:43,43,45,4862,21454
2023-11-02 12:33:44,43,46,4862,21454
2023-11-02 12:33:44,43,45,4862,21454
2023-11-02 12:33:55,44,45,4862,21454
2023-11-02 12:34:08,44,46,4862,21454
2023-11-02 12:34:18,44,47,4862,21454
2023-11-02 12:34:18,44,46,4862,21454
2023-11-02 12:34:22,43,46,4862,21454
2023-11-02 12:34:22,43,45,4862,21454
2023-11-02 12:34:26,43,46,4862,21454
2023-11-02 12:34:28,43,45,4862,21454
2023-11-02 12:34:37,43,46,4862,21454
2023-11-02 12:34:38,43,45,4862,21454
2023-11-02 12:34:40,44,45,4862,21454
2023-11-02 12:34:40,44,46,4862,21454
2023-11-02 12:34:55,45,46,4862,21454
2023-11-02 12:34:58,45,47,4862,21454
2023-11-02 12:34:58,45,46,4862,21454
2023-11-02 12:35:08,45,47,4862,21454
2023-11-02 12:35:08,45,46,4862,21454
2023-11-02 12:35:14,45,47,4862,21562
2023-11-02 12:35:16,46,47,4862,21562
2023-11-02 12:35:27,46,47,4912,21612
2023-11-02 12:35:27,46,47,4962,21662
2023-11-02 12:35:28,46,47,5012,21712
2023-11-02 12:35:28,46,47,5062,21762
2023-11-02 12:35:28,46,47,5112,21812
2023-11-02 12:35:28,45,47,5162,21862
2023-11-02 12:35:28,45,46,5162,21862
2023-11-02 12:35:33,45,48,5162,22047
2023-11-02 12:35:33,45,47,5162,22047
2023-11-02 12:35:35,45,47,5212,22097
2023-11-02 12:35:35,45,47,5262,22147
2023-11-02 12:35:36,45,47,5312,22197
2023-11-02 12:35:36,45,47,5362,22247
2023-11-02 12:35:36,45,47,5412,22297
2023-11-02 12:35:36,45,47,5462,22347
2023-11-02 12:35:37,45,47,5512,22397
2023-11-02 12:35:37,45,47,5632,22517
2023-11-02 12:35:37,45,47,5682,22567
2023-11-02 12:35:45,45,47,5732,22617
2023-11-02 12:35:45,45,48,5732,22617
2023-11-02 12:35:48,45,48,5782,22667
2023-11-02 12:35:54,45,47,5782,22667
2023-11-02 12:36:00,45,46,5782,22667
2023-11-02 12:36:00,45,46,5782,22847
2023-11-02 12:36:01,45,47,5782,22847
2023-11-02 12:36:01,44,47,5782,22847
2023-11-02 12:36:01,45,47,5782,22847
2023-11-02 12:36:02,45,46,5782,22847
2023-11-02 12:36:04,44,46,5782,22847
2023-11-02 12:36:05,44,47,5782,22847
2023-11-02 12:36:07,43,47,5782,22847
2023-11-02 12:36:07,43,46,5782,22847
2023-11-02 12:36:08,44,46,5782,22847
2023-11-02 12:36:10,43,46,5782,22847
2023-11-02 12:36:10,44,46,5782,22847
2023-11-02 12:36:23,45,46,5782,22847
2023-11-02 12:36:25,43,46,5782,22847
2023-11-02 12:36:25,44,46,5782,22847
2023-11-02 12:36:27,45,46,5782,22847
2023-11-02 12:36:29,43,46,5782,22847
2023-11-02 12:36:29,45,46,5782,22847
2023-11-02 12:36:31,44,46,5783,22848
2023-11-02 12:36:32,44,45,5783,22848
2023-11-02 12:36:32,44,45,5782,22849
2023-11-02 12:36:32,44,45,5782,22850
2023-11-02 12:36:33,44,46,5782,22850
2023-11-02 12:36:34,44,45,5781,22851
2023-11-02 12:36:34,44,45,5781,22852
2023-11-02 12:36:35,44,45,5780,22853
2023-11-02 12:36:35,44,45,5780,22854
2023-11-02 12:36:36,44,45,5779,22855
2023-11-02 12:36:36,44,45,5779,22856
2023-11-02 12:36:38,44,45,5778,22857
2023-11-02 12:36:38,44,45,5778,22858
2023-11-02 12:36:39,44,45,5777,22859
2023-11-02 12:36:39,44,45,5777,22860
2023-11-02 12:36:40,44,45,5776,22861
2023-11-02 12:36:40,44,45,5776,22862
2023-11-02 12:36:43,44,45,5775,22863
2023-11-02 12:36:43,44,45,5775,22864
2023-11-02 12:36:44,44,45,5774,22865
2023-11-02 12:36:44,44,45,5774,22866
2023-11-02 12:36:45,44,45,5773,22867
2023-11-02 12:36:45,44,45,5773,22868
2023-11-02 12:36:46,44,46,5773,22868
2023-11-02 12:36:47,44,45,5773,22868
2023-11-02 12:36:48,44,46,5773,22868
2023-11-02 12:36:49,44,45,5773,22868
2023-11-02 12:36:51,44,46,5773,22868
2023-11-02 12:36:52,44,45,5773,22868
2023-11-02 12:36:53,44,45,5772,22869
2023-11-02 12:36:54,44,47,5772,22869
2023-11-02 12:37:01,44,46,5772,22869
2023-11-02 12:37:39,44,47,5772,22869
2023-11-02 12:38:05,45,47,5772,22869
2023-11-02 12:38:26,45,48,5772,22869
2023-11-02 12:38:30,46,48,5772,22869
2023-11-02 12:38:32,47,48,5772,22869
2023-11-02 12:38:33,47,49,5772,22869
2023-11-02 12:38:45,47,48,5772,22869
2023-11-02 12:39:06,48,50,5776,22873
2023-11-02 12:39:26,48,51,5776,22873
2023-11-02 12:39:27,49,51,5776,22873
2023-11-02 12:39:30,49,52,5776,22873
2023-11-02 12:39:30,50,52,5776,22873
2023-11-02 12:39:56,50,52,5786,22883
2023-11-02 12:40:07,49,52,5786,22883
2023-11-02 12:40:24,50,52,5786,22883
2023-11-02 12:40:28,51,52,5786,22883
2023-11-02 12:40:28,51,53,5786,22883
2023-11-02 12:40:32,51,52,5786,22883
2023-11-02 12:40:32,51,53,5816,22913
2023-11-02 12:40:40,51,52,5816,22913
2023-11-02 12:40:52,50,52,5816,22913
2023-11-02 12:41:04,50,53,5816,22913
2023-11-02 12:41:06,51,53,5816,22913
2023-11-02 12:42:21,50,53,5816,22913
2023-11-02 12:42:23,51,53,5816,22913
2023-11-02 12:42:32,50,53,5816,22913
2023-11-02 12:42:36,51,53,5816,22913
2023-11-02 12:42:56,50,53,5816,22913
2023-11-02 12:42:59,50,52,5816,22913
2023-11-02 12:43:06,50,51,5816,22913
2023-11-02 12:43:11,49,51,5816,22913
2023-11-02 12:43:39,50,51,5816,22913
2023-11-02 12:43:42,50,53,5866,22987
2023-11-02 12:43:51,49,53,5866,22987
2023-11-02 12:43:51,49,52,5866,22987
2023-11-02 12:44:11,50,52,5866,22987
2023-11-02 12:44:12,50,53,5866,22987
2023-11-02 12:45:23,50,52,5866,22987
2023-11-02 12:45:23,50,53,5906,23027
2023-11-02 12:45:50,51,53,5906,23027
2023-11-02 12:45:52,51,54,5906,23027
2023-11-02 12:45:52,52,54,5906,23027
2023-11-02 12:46:08,52,55,5906,23027
2023-11-02 12:46:08,53,55,5906,23027
2023-11-02 12:47:10,52,55,5906,23027
2023-11-02 12:47:15,53,55,5906,23027
2023-11-02 12:48:03,52,55,5906,23027
2023-11-02 12:48:05,52,54,5906,23027
2023-11-02 12:48:11,52,55,5906,23027
2023-11-02 12:48:12,52,53,5906,23027
2023-11-02 12:48:14,53,55,5916,23037
2023-11-02 12:48:56,53,56,5916,23037
2023-11-02 12:49:38,55,56,5916,23037
2023-11-02 12:49:38,55,57,5916,23037
2023-11-02 12:49:51,53,57,5916,23037
2023-11-02 12:49:51,54,57,5916,23037
2023-11-02 12:49:52,54,56,5916,23037
2023-11-02 12:49:55,53,56,5916,23037
2023-11-02 12:49:56,54,56,5916,23037
2023-11-02 12:50:09,54,57,5916,23037
2023-11-02 12:50:33,54,56,5916,23037
2023-11-02 12:50:35,53,57,5916,23037
2023-11-02 12:50:35,54,57,5916,23037
2023-11-02 12:50:39,53,57,5916,23037
2023-11-02 12:50:39,53,56,5916,23037
2023-11-02 12:50:40,54,56,5916,23037
2023-11-02 12:50:43,53,56,5916,23037
2023-11-02 12:51:01,54,56,5916,23037
2023-11-02 12:51:03,54,57,5916,23037
2023-11-02 12:51:27,55,57,5916,23037
2023-11-02 12:51:37,56,57,5916,23037
2023-11-02 12:52:22,55,57,5916,23037
2023-11-02 12:52:23,55,56,5916,23037
2023-11-02 12:53:10,54,56,5916,23037
2023-11-02 12:53:23,54,57,5916,23037
2023-11-02 12:53:28,55,57,5916,23037
2023-11-02 12:54:46,54,57,5916,23037
2023-11-02 12:55:07,55,57,5916,23037
2023-11-02 12:55:47,56,57,5916,23037
2023-11-02 12:55:49,56,58,5916,23037
2023-11-02 12:57:09,55,58,5916,23037
2023-11-02 12:57:10,55,57,5916,23037
2023-11-02 12:57:12,55,58,5916,23037
2023-11-02 12:57:51,56,58,5916,23037
2023-11-02 12:57:56,55,58,5916,23037
2023-11-02 12:57:56,56,58,5916,23037
2023-11-02 12:58:00,55,58,5916,23037
2023-11-02 12:58:00,56,58,5916,23037
2023-11-02 12:58:02,55,58,5916,23037
2023-11-02 12:58:06,55,57,5916,23037
2023-11-02 12:58:20,54,57,5916,23037
2023-11-02 12:58:20,54,55,5916,23037
2023-11-02 12:58:20,53,55,5916,23037
2023-11-02 12:58:20,53,55,5916,23056
2023-11-02 12:58:20,51,55,5916,23056
2023-11-02 12:58:21,50,55,5916,23056
2023-11-02 12:58:21,50,54,5916,23056
2023-11-02 12:58:21,50,53,5916,23056
2023-11-02 12:58:22,49,53,5916,23056
2023-11-02 12:58:22,49,52,5916,23056
2023-11-02 12:58:24,49,51,5916,23056
2023-11-02 12:58:28,48,51,5916,23056
2023-11-02 12:58:28,48,50,5916,23056
2023-11-02 12:58:33,47,50,5916,23056
2023-11-02 12:58:36,47,49,5916,23056
2023-11-02 12:58:38,47,50,5916,23056
2023-11-02 12:58:38,47,48,5916,23056
2023-11-02 12:58:39,47,50,5916,23056
2023-11-02 12:58:45,47,49,5916,23056
2023-11-02 12:58:50,47,50,5916,23056
2023-11-02 12:58:50,47,49,5916,23056
2023-11-02 12:58:59,47,51,5916,23056
2023-11-02 12:59:00,48,51,5916,23056
2023-11-02 12:59:04,47,51,5916,23056
2023-11-02 12:59:06,48,51,5916,23056
2023-11-02 12:59:19,49,51,5916,23056
2023-11-02 12:59:24,49,52,5916,23056
2023-11-02 12:59:24,49,51,5916,23056
2023-11-02 12:59:28,48,51,5916,23056
2023-11-02 12:59:41,47,51,5916,23056
2023-11-02 12:59:42,48,51,5916,23056
2023-11-02 13:00:02,48,50,5916,23056
2023-11-02 13:00:03,48,51,5916,23056
2023-11-02 13:00:03,48,50,5916,23056
2023-11-02 13:00:05,47,50,5916,23056
2023-11-02 13:00:10,47,49,5916,23056
2023-11-02 13:00:19,47,49,5926,23066
2023-11-02 13:00:48,47,48,5926,23066
2023-11-02 13:00:48,46,48,5926,23066
2023-11-02 13:00:50,46,47,5926,23066
2023-11-02 13:00:50,45,47,5926,23066
2023-11-02 13:00:50,46,47,5926,23066
2023-11-02 13:00:51,45,47,5926,23066
2023-11-02 13:00:52,46,47,5926,23066
2023-11-02 13:00:55,45,47,5926,23066
2023-11-02 13:01:07,45,48,5926,23066
2023-11-02 13:01:13,45,47,5926,23066
2023-11-02 13:01:25,45,48,5926,23066
2023-11-02 13:01:30,46,48,5926,23066
2023-11-02 13:01:34,47,48,5926,23066
2023-11-02 13:01:44,47,50,5926,23066
2023-11-02 13:01:50,47,49,5926,23066
2023-11-02 13:02:03,47,51,5926,23066
2023-11-02 13:02:04,48,51,5926,23066
2023-11-02 13:02:04,48,50,5926,23066
2023-11-02 13:02:19,49,50,5926,23066
2023-11-02 13:02:34,50,52,5966,23106
2023-11-02 13:03:31,49,52,5966,23106
2023-11-02 13:03:47,49,50,5966,23106
2023-11-02 13:03:49,50,52,6006,23146
2023-11-02 13:03:50,49,52,6006,23146
2023-11-02 13:03:51,50,52,6006,23146
2023-11-02 13:04:00,51,52,6006,23146
2023-11-02 13:04:07,51,54,6006,23146
2023-11-02 13:04:12,51,53,6006,23146
2023-11-02 13:04:13,51,54,6006,23146
2023-11-02 13:04:14,51,53,6006,23146
2023-11-02 13:04:15,50,53,6006,23146
2023-11-02 13:04:21,50,54,6006,23146
2023-11-02 13:04:21,50,53,6006,23146
2023-11-02 13:04:21,50,51,6006,23146
2023-11-02 13:04:27,49,51,6006,23146
2023-11-02 13:04:27,49,52,6006,23146
2023-11-02 13:04:28,49,51,6006,23146
2023-11-02 13:04:30,49,52,6006,23146
2023-11-02 13:04:44,49,51,6006,23146
2023-11-02 13:05:00,47,51,6006,23146
2023-11-02 13:05:04,48,51,6006,23146
2023-11-02 13:05:21,48,52,6006,23146
2023-11-02 13:05:30,50,52,6006,23146
2023-11-02 13:05:32,50,53,6006,23146
2023-11-02 13:06:12,51,53,6006,23146
2023-11-02 13:06:26,51,54,6006,23146
2023-11-02 13:06:29,52,54,6006,23146
2023-11-02 13:06:32,52,55,6006,23146
2023-11-02 13:06:33,52,54,6006,23146
2023-11-02 13:06:40,51,54,6006,23146
2023-11-02 13:06:43,51,53,6006,23146
2023-11-02 13:06:44,51,54,6006,23146
2023-11-02 13:07:13,52,54,6006,23146
2023-11-02 13:07:20,51,54,6006,23146
2023-11-02 13:07:29,52,54,6006,23146
2023-11-02 13:07:33,52,55,6006,23146
2023-11-02 13:07:46,53,55,6006,23146
2023-11-02 13:08:14,54,55,6006,23146
2023-11-02 13:08:17,54,56,6006,23146
2023-11-02 13:08:45,54,57,6006,23146
2023-11-02 13:08:50,55,57,6006,23146
2023-11-02 13:08:52,55,58,6006,23146
2023-11-02 13:08:52,56,58,6006,23146
2023-11-02 13:09:43,57,58,6006,23146
2023-11-02 13:10:07,57,59,6006,23146
2023-11-02 13:10:23,58,59,6006,23146
2023-11-02 13:10:26,58,60,6006,23146
2023-11-02 13:10:26,58,59,6006,23146
2023-11-02 13:10:26,58,59,6016,23156
2023-11-02 13:10:27,58,60,6016,23156
2023-11-02 13:10:47,58,59,6016,23156
2023-11-02 13:11:46,59,60,6017,23157
2023-11-02 13:11:59,60,61,6037,23177
2023-11-02 13:11:59,60,62,6037,23177
2023-11-02 13:11:59,60,61,6037,23177
2023-11-02 13:12:01,60,62,6037,23177
2023-11-02 13:12:30,61,62,6037,23177
2023-11-02 13:12:45,60,62,6037,23177
2023-11-02 13:12:53,61,62,6037,23177
2023-11-02 13:12:56,61,64,6856,25177
2023-11-02 13:12:57,62,64,6856,25177
2023-11-02 13:12:58,61,64,6856,25177
2023-11-02 13:12:58,62,64,6856,25177
2023-11-02 13:13:03,63,64,6856,25177
2023-11-02 13:13:10,63,64,6856,25195
2023-11-02 13:13:12,62,64,6856,25195
2023-11-02 13:13:18,61,64,6856,25195
2023-11-02 13:13:18,62,64,6856,25195
2023-11-02 13:13:22,61,64,7056,25395
2023-11-02 13:13:26,62,64,7056,25395
2023-11-02 13:13:46,62,64,7056,25645
2023-11-02 13:14:02,62,65,7056,25645
2023-11-02 13:14:03,62,64,7056,25645
2023-11-02 13:14:04,63,64,7056,25645
2023-11-02 13:14:48,63,65,7056,25645
2023-11-02 13:14:48,63,65,7056,25665
2023-11-02 13:14:50,63,64,7056,25665
2023-11-02 13:15:50,63,65,7056,25665
2023-11-02 13:16:01,64,65,7056,25665
2023-11-02 13:16:01,64,65,7038,25683
2023-11-02 13:16:33,64,66,7038,25683
2023-11-02 13:16:34,64,66,7038,25693
2023-11-02 13:16:57,64,66,7025,25706
2023-11-02 13:17:23,64,66,6918,25813
2023-11-02 13:17:24,64,65,6918,25813
2023-11-02 13:17:24,64,65,6918,25863
2023-11-02 13:17:25,63,65,6918,25863
2023-11-02 13:17:25,63,64,6918,25863
2023-11-02 13:17:25,63,64,6938,25883
2023-11-02 13:17:36,63,65,6938,25883
2023-11-02 13:17:38,63,65,6938,25913
2023-11-02 13:17:56,64,65,6938,25913
2023-11-02 13:17:59,64,65,6926,25925
2023-11-02 13:18:02,64,66,6926,25925
2023-11-02 13:18:02,64,65,6926,25925
2023-11-02 13:18:25,64,65,6866,25985
2023-11-02 13:18:26,64,65,6850,26001
2023-11-02 13:18:36,64,65,6834,26017
2023-11-02 13:19:02,64,66,6834,26017
2023-11-02 13:19:03,64,65,6834,26017
2023-11-02 13:19:29,63,65,6834,26017
2023-11-02 13:19:29,62,65,6834,26017
2023-11-02 13:19:30,63,65,6834,26017
2023-11-02 13:19:30,63,64,6834,26017
2023-11-02 13:20:30,63,66,6834,26017
2023-11-02 13:20:31,63,65,6834,26017
2023-11-02 13:20:31,63,65,6834,26037
2023-11-02 13:20:43,64,65,6834,26037
2023-11-02 13:21:03,63,65,6834,26037
2023-11-02 13:21:21,64,65,6834,26037
2023-11-02 13:21:31,64,66,6834,26037
2023-11-02 13:21:43,63,66,6834,26037
2023-11-02 13:21:44,63,65,6834,26037
2023-11-02 13:21:54,63,64,6834,26037
2023-11-02 13:22:25,63,66,6834,26037
2023-11-02 13:22:25,64,66,6834,26037
2023-11-02 13:23:13,64,66,6834,26047
2023-11-02 13:23:18,64,66,6702,26179
2023-11-02 13:23:18,63,66,6702,26179
2023-11-02 13:23:32,64,66,6702,26179
2023-11-02 13:23:37,64,66,6686,26195
2023-11-02 13:23:40,63,66,6657,26224
2023-11-02 13:23:48,62,66,6657,26224
2023-11-02 13:23:49,63,66,6657,26224
2023-11-02 13:24:01,62,66,6657,26224
2023-11-02 13:24:01,62,65,6657,26224
2023-11-02 13:24:04,62,66,6657,26224
2023-11-02 13:24:04,63,66,6657,26224
2023-11-02 13:24:14,63,64,6657,26224
2023-11-02 13:25:09,62,64,6657,26224
2023-11-02 13:25:14,62,65,6657,26224
2023-11-02 13:25:15,62,64,6657,26224
2023-11-02 13:25:15,62,63,6657,26224
2023-11-02 13:25:21,61,63,6657,26224
2023-11-02 13:25:23,62,63,6657,26224
2023-11-02 13:25:26,62,63,6721,26288
2023-11-02 13:25:31,61,63,6721,26288
2023-11-02 13:25:33,62,63,6721,26288
2023-11-02 13:25:39,61,63,6721,26288
2023-11-02 13:25:52,61,63,6721,26348
2023-11-02 13:25:55,61,63,6721,26408
2023-11-02 13:26:00,61,63,6741,26428
2023-11-02 13:26:02,61,64,6741,26428
2023-11-02 13:26:05,62,64,6741,26428
2023-11-02 13:26:06,62,65,6741,26428
2023-11-02 13:26:32,63,65,6741,26428
2023-11-02 13:26:40,63,66,6741,26428
2023-11-02 13:26:41,62,66,6741,26428
2023-11-02 13:26:41,62,65,6741,26428
2023-11-02 13:26:54,62,66,6741,26428
2023-11-02 13:26:54,63,66,6741,26428
2023-11-02 13:27:32,64,66,6741,26428
2023-11-02 13:27:32,64,66,6741,26545
2023-11-02 13:27:34,63,66,6741,26628
2023-11-02 13:27:39,63,66,6746,26633
2023-11-02 13:27:47,64,66,6746,26633
2023-11-02 13:28:15,65,66,6746,26633
2023-11-02 13:28:28,64,66,6746,26633
2023-11-02 13:28:47,63,66,6746,26633
2023-11-02 13:28:57,64,66,6746,26633
2023-11-02 13:28:58,63,66,6746,26633
2023-11-02 13:28:58,64,66,6746,26633
2023-11-02 13:30:01,65,66,6746,26633
2023-11-02 13:30:03,65,67,6746,26633
2023-11-02 13:30:13,65,66,6746,26633
2023-11-02 13:30:14,66,67,6786,26673
2023-11-02 13:30:16,66,68,6786,26673
2023-11-02 13:30:32,66,69,6786,26673
2023-11-02 13:30:33,67,69,6786,26673
2023-11-02 13:30:41,67,69,6786,26687
2023-11-02 13:30:57,68,69,6786,26687
2023-11-02 13:30:57,68,69,6786,26697
2023-11-02 13:31:01,68,70,6786,26697
2023-11-02 13:31:35,69,70,6786,26697
2023-11-02 13:31:35,69,70,6786,26713
2023-11-02 13:31:36,69,71,6786,26713
2023-11-02 13:31:37,69,71,6786,26729
2023-11-02 13:31:40,69,71,6786,26813
2023-11-02 13:32:06,69,71,6786,26828
2023-11-02 13:32:23,70,71,6786,26828
2023-11-02 13:32:23,70,71,6786,26841
2023-11-02 13:32:24,70,71,6786,26858
2023-11-02 13:32:28,70,71,6786,26870
2023-11-02 13:32:29,70,71,6786,26888
2023-11-02 13:32:31,70,71,6786,26905
2023-11-02 13:32:45,70,72,6786,26905
2023-11-02 13:33:02,70,72,6786,26916
2023-11-02 13:33:04,70,72,6786,26926
2023-11-02 13:33:06,70,72,6786,26938
2023-11-02 13:33:08,70,72,6786,26951
2023-11-02 13:33:10,70,72,6786,26964
2023-11-02 13:33:13,70,72,6786,26977
2023-11-02 13:33:14,71,72,6786,26977
2023-11-02 13:33:14,70,72,6786,26990
2023-11-02 13:33:15,71,72,6786,26990
2023-11-02 13:33:18,71,72,6786,26996
2023-11-02 13:33:20,71,72,6786,27008
2023-11-02 13:33:22,70,72,6786,27021
2023-11-02 13:33:23,71,72,6786,27021
2023-11-02 13:33:28,70,72,6799,27034
2023-11-02 13:33:36,71,72,6799,27034
2023-11-02 13:33:49,71,73,6799,27034
2023-11-02 13:33:49,71,72,6799,27034
2023-11-02 13:34:49,71,73,6799,27034
2023-11-02 13:34:53,71,73,7070,27305
2023-11-02 13:34:53,72,73,7070,27305
2023-11-02 13:34:53,72,73,7065,27310
2023-11-02 13:35:39,72,73,7005,27370
2023-11-02 13:35:39,71,73,7005,27370
2023-11-02 13:36:15,71,72,7005,27370
2023-11-02 13:36:39,71,72,6885,27490
2023-11-02 13:36:40,70,71,6799,27576
2023-11-02 13:36:41,70,72,6799,27576
2023-11-02 13:36:45,70,71,6799,27576
2023-11-02 13:36:46,70,72,6799,27576
2023-11-02 13:37:04,71,72,6799,27576
2023-11-02 13:37:08,71,73,6799,27576
2023-11-02 13:37:09,71,72,6799,27576
2023-11-02 13:37:29,71,73,6859,27636
2023-11-02 13:37:38,72,73,6859,27636
2023-11-02 13:38:32,72,74,6859,27636
2023-11-02 13:38:33,72,73,6859,27636
2023-11-02 13:39:33,72,74,6859,27636
2023-11-02 13:40:22,72,73,6859,27636
2023-11-02 13:41:00,71,73,6859,27636
2023-11-02 13:41:23,71,72,6859,27636
2023-11-02 13:42:23,71,73,6859,27636
2023-11-02 13:43:09,72,73,6859,27636
2023-11-02 13:43:22,71,73,6859,27636
2023-11-02 13:43:24,71,74,6859,27636
2023-11-02 13:43:25,71,73,6859,27636
2023-11-02 13:45:03,72,73,6859,27636
2023-11-02 13:45:11,72,74,6899,27686
2023-11-02 13:45:16,71,74,6899,27686
2023-11-02 13:45:27,71,73,6899,27686
2023-11-02 13:45:28,72,73,6899,27686
2023-11-02 13:45:57,72,74,6899,27686
2023-11-02 13:46:25,71,74,6899,27686
2023-11-02 13:46:50,72,74,6899,27686
2023-11-02 13:48:16,72,73,6899,27686
2023-11-02 13:48:26,72,74,6899,27686
2023-11-02 13:49:12,72,73,6899,27686
2023-11-02 13:50:02,72,74,6899,27686
2023-11-02 13:52:41,73,74,6899,27686
2023-11-02 13:54:39,73,75,6899,27686
2023-11-02 13:56:22,73,74,6899,27686
2023-11-02 13:56:25,73,75,6899,27686
2023-11-02 13:56:26,73,74,6899,27686
2023-11-02 13:56:28,73,75,6899,27686
2023-11-02 14:01:08,73,74,6899,27686
2023-11-02 14:02:10,73,75,6899,27686
2023-11-02 14:03:01,74,75,6899,27686
2023-11-02 14:04:38,75,76,6999,27786
2023-11-02 14:05:26,75,77,6999,27786
2023-11-02 14:08:07,75,78,6999,27786
2023-11-02 14:08:11,76,78,6999,27786
2023-11-02 14:11:29,75,78,6999,27786
2023-11-02 14:11:32,76,78,6999,27786
2023-11-02 14:12:45,77,78,6999,27786
2023-11-02 14:12:50,77,79,6999,27786
2023-11-02 14:13:55,76,79,6999,27786
2023-11-02 14:13:56,76,79,6999,27786
2023-11-02 14:13:56,76,79,7059,27846
2023-11-02 14:13:56,76,79,7159,27946
2023-11-02 14:13:57,76,78,7159,27946
2023-11-02 14:13:57,76,78,7199,27986
2023-11-02 14:13:59,76,77,7199,27986
2023-11-02 14:13:59,76,77,7199,28046
2023-11-02 14:14:00,75,77,7199,28046
2023-11-02 14:14:04,75,78,7199,28046
2023-11-02 14:14:07,76,78,7199,28046
2023-11-02 14:14:09,75,78,7199,28046
2023-11-02 14:14:19,75,77,7199,28046
2023-11-02 14:14:21,75,78,7199,28046
2023-11-02 14:14:21,75,77,7199,28046
2023-11-02 14:14:25,76,77,7199,28046
2023-11-02 14:14:34,76,79,7199,28046
2023-11-02 14:15:18,77,79,7199,28046
2023-11-02 14:18:56,78,79,7199,28046
2023-11-02 14:19:12,78,80,7199,28046
2023-11-02 14:20:30,79,80,7199,28046
2023-11-02 14:20:50,79,81,7199,28046
2023-11-02 14:22:46,80,81,7199,28046
2023-11-02 14:22:49,80,82,7199,28046
2023-11-02 14:24:25,80,81,7199,28046
2023-11-02 14:25:10,80,82,7199,28046
2023-11-02 14:25:13,80,82,7199,28166
2023-11-02 14:27:03,80,81,7199,28166
2023-11-02 14:27:31,81,82,7213,28180
2023-11-02 14:28:23,81,83,7213,28180
2023-11-02 14:28:26,81,83,7216,28183
2023-11-02 14:28:59,81,83,7257,28224
2023-11-02 14:28:59,82,83,7257,28224
2023-11-02 14:29:47,82,83,7257,28284
2023-11-02 14:30:14,82,84,7257,28284
2023-11-02 14:30:23,83,84,7257,28284
2023-11-02 14:35:14,83,84,7257,28344
2023-11-02 14:36:19,83,84,7257,28544
2023-11-02 14:36:22,83,84,7257,28744
2023-11-02 14:38:12,83,84,7257,28927
2023-11-02 14:39:15,83,84,7257,29291
2023-11-02 14:39:16,83,84,7257,29306
2023-11-02 14:39:18,83,84,7257,29327
2023-11-02 14:41:47,83,84,7239,29345
2023-11-02 14:42:43,83,84,7239,29495
2023-11-02 14:42:45,83,84,7239,29605
2023-11-02 14:42:59,83,84,7239,29655
2023-11-02 14:43:15,83,84,7239,29805
2023-11-02 14:44:04,83,84,7239,29865
2023-11-02 14:44:09,82,84,7239,29865
2023-11-02 14:44:09,81,84,7239,29865
2023-11-02 14:44:09,80,84,7239,29865
2023-11-02 14:44:10,79,84,7239,29865
2023-11-02 14:44:11,82,84,7239,29865
2023-11-02 14:44:12,79,84,7239,29865
2023-11-02 14:44:12,80,84,7239,29865
2023-11-02 14:44:12,81,84,7239,29865
2023-11-02 14:44:20,80,84,7239,29865
2023-11-02 14:44:20,82,84,7239,29865
2023-11-02 14:44:45,82,86,6802,30302
2023-11-02 14:44:53,81,86,6802,30302
2023-11-02 14:44:53,83,86,6802,30302
2023-11-02 14:45:29,82,86,6802,30302
2023-11-02 14:45:29,84,86,6802,30302
2023-11-02 14:46:09,82,86,6802,30302
2023-11-02 14:46:09,83,86,6802,30302
2023-11-02 14:46:18,82,86,6802,30302
2023-11-02 14:46:18,84,86,6802,30302
2023-11-02 14:46:54,84,87,6802,30302
2023-11-02 14:47:13,84,87,6817,30317
2023-11-02 14:47:20,83,87,6817,30317
2023-11-02 14:47:20,85,87,6817,30317
2023-11-02 14:47:26,83,87,6817,30317
2023-11-02 14:47:26,84,87,6817,30317
2023-11-02 14:47:30,83,87,6817,30317
2023-11-02 14:47:30,85,87,6817,30317
2023-11-02 14:47:38,85,88,6817,30317
2023-11-02 14:47:40,84,88,6817,30317
2023-11-02 14:47:40,86,88,6817,30317
2023-11-02 14:47:53,86,88,6822,30322
2023-11-02 14:47:57,85,88,6822,30322
2023-11-02 14:47:57,87,88,6822,30322
2023-11-02 14:48:10,87,89,6822,30322
2023-11-02 14:48:36,87,89,6832,30332
2023-11-02 14:48:36,86,89,6832,30332
2023-11-02 14:48:38,88,89,6832,30332
2023-11-02 14:48:43,86,89,6779,30385
2023-11-02 14:48:52,87,89,6779,30385
2023-11-02 14:48:52,87,89,6779,30392
2023-11-02 14:48:52,87,88,6779,30392
2023-11-02 14:49:31,87,89,6779,30399
2023-11-02 14:50:37,87,90,6779,30399
2023-11-02 14:51:15,87,90,6789,30409
2023-11-02 14:51:15,87,89,6789,30409
2023-11-02 14:51:57,87,90,6789,30409
2023-11-02 14:51:57,87,88,6789,30409
2023-11-02 14:52:25,86,88,6789,30409
2023-11-02 14:54:44,86,89,6789,30419
2023-11-02 14:55:22,85,89,6789,30419
2023-11-02 14:56:23,85,89,6804,30434
2023-11-02 14:56:23,87,89,6804,30434
2023-11-02 14:56:25,87,89,6844,30474
2023-11-02 14:56:28,87,89,6884,30514
2023-11-02 14:56:29,87,90,6884,30514
2023-11-02 14:56:44,86,90,6884,30514
2023-11-02 14:56:44,88,90,6884,30514
2023-11-02 14:57:44,87,90,6884,30514
2023-11-02 14:57:44,89,90,6884,30514
2023-11-02 14:57:44,89,90,6844,30554
2023-11-02 14:58:00,89,90,6809,30589
2023-11-02 14:58:08,89,91,6809,30589
2023-11-02 14:58:37,88,91,6809,30589
2023-11-02 14:58:37,90,91,6809,30589
2023-11-02 14:59:12,88,91,6789,30609
2023-11-02 15:00:17,89,91,6789,30609
2023-11-02 15:00:27,88,91,6789,30609
2023-11-02 15:00:34,89,91,6789,30609
2023-11-02 15:00:34,89,91,6789,30659
2023-11-02 15:00:34,89,91,6789,30709
2023-11-02 15:00:34,90,91,6789,30709
2023-11-02 15:00:34,90,91,6789,30759
2023-11-02 15:00:35,90,91,6789,30809
2023-11-02 15:00:35,90,91,6789,30859
2023-11-02 15:00:35,90,91,6839,30909
2023-11-02 15:00:35,90,91,6839,30959
2023-11-02 15:00:35,90,91,6839,31009
2023-11-02 15:00:35,90,91,6839,31059
2023-11-02 15:00:36,90,92,6839,31109
2023-11-02 15:00:36,91,92,6839,31109
2023-11-02 15:00:38,90,92,6839,31109
2023-11-02 15:00:39,91,92,6839,31109
2023-11-02 15:00:47,90,92,6839,31109
2023-11-02 15:00:49,91,92,6839,31109
2023-11-02 15:00:50,90,92,6839,31109
2023-11-02 15:00:51,91,92,6839,31109
2023-11-02 15:00:57,91,93,6839,31109
2023-11-02 15:01:01,91,92,6839,31109
