datetime,bid,ask,open_interest,volume
2023-11-02 09:30:01,24,36,96,96
2023-11-02 09:30:01,20,36,96,96
2023-11-02 09:30:01,20,100,96,96
2023-11-02 09:30:01,20,99,96,96
2023-11-02 09:30:11,20,98,96,96
2023-11-02 09:30:11,20,97,96,96
2023-11-02 09:31:00,20,35,96,96
2023-11-02 09:31:00,30,35,96,96
2023-11-02 09:31:00,32,35,96,96
2023-11-02 09:31:00,32,34,96,96
2023-11-02 09:31:01,32,34,280,346
2023-11-02 09:31:05,32,35,280,346
2023-11-02 09:31:05,32,34,280,346
2023-11-02 09:31:05,31,34,480,546
2023-11-02 09:31:09,31,35,480,546
2023-11-02 09:31:10,31,34,480,546
2023-11-02 09:31:11,31,35,480,546
2023-11-02 09:31:14,33,35,480,546
2023-11-02 09:31:14,33,35,498,564
2023-11-02 09:31:15,31,35,498,564
2023-11-02 09:31:15,33,35,498,564
2023-11-02 09:31:16,33,35,516,582
2023-11-02 09:31:17,33,35,766,832
2023-11-02 09:31:19,33,35,1016,1082
2023-11-02 09:31:20,32,35,1151,1217
2023-11-02 09:31:20,33,35,1151,1217
2023-11-02 09:31:21,33,35,1401,1467
2023-11-02 09:31:22,32,35,1401,1467
2023-11-02 09:31:23,33,35,1401,1467
2023-11-02 09:31:31,33,35,1415,1481
2023-11-02 09:31:37,32,35,1415,1481
2023-11-02 09:31:53,33,35,1415,1481
2023-11-02 09:31:54,32,35,1415,1481
2023-11-02 09:31:55,33,35,1415,1481
2023-11-02 09:32:09,33,35,1430,1496
2023-11-02 09:32:11,33,35,1443,1509
2023-11-02 09:32:13,33,35,1457,1523
2023-11-02 09:32:31,33,35,1577,1643
2023-11-02 09:32:32,32,35,1577,1643
2023-11-02 09:32:32,33,35,1577,1643
2023-11-02 09:32:39,33,34,1577,1643
2023-11-02 09:33:14,33,34,1607,1673
2023-11-02 09:36:48,34,35,1971,2037
2023-11-02 09:40:11,34,35,2071,2137
2023-11-02 09:43:18,35,36,2081,2147
2023-11-02 09:44:56,35,36,2128,2194
2023-11-02 09:45:10,36,37,2138,2204
2023-11-02 09:45:19,35,37,2138,2204
2023-11-02 09:46:50,35,36,2138,2204
2023-11-02 09:46:51,35,37,2138,2204
2023-11-02 09:46:51,35,36,2138,2204
2023-11-02 09:47:29,34,36,2138,2204
2023-11-02 09:47:29,35,36,2138,2204
2023-11-02 09:47:32,34,36,2138,2204
2023-11-02 09:48:58,35,36,2138,2204
2023-11-02 09:48:58,34,36,2138,2204
2023-11-02 09:48:58,35,36,2138,2204
2023-11-02 09:49:16,34,36,2138,2204
2023-11-02 09:49:17,35,36,2138,2204
2023-11-02 09:49:47,34,36,2138,2204
2023-11-02 09:49:47,35,36,2138,2204
2023-11-02 09:50:22,34,36,2138,2204
2023-11-02 09:50:22,35,36,2138,2204
2023-11-02 09:50:30,34,36,2138,2204
2023-11-02 09:50:31,34,37,2138,2204
2023-11-02 09:50:44,35,37,2138,2204
2023-11-02 09:51:36,36,37,2138,2204
2023-11-02 09:51:51,35,37,2138,2204
2023-11-02 09:52:54,36,37,2138,2204
2023-11-02 09:52:59,35,37,2138,2204
2023-11-02 09:52:59,36,37,2138,2204
2023-11-02 09:53:20,35,37,2138,2204
2023-11-02 09:53:55,36,37,2138,2204
2023-11-02 09:54:38,35,37,2138,2204
2023-11-02 09:54:38,36,37,2138,2204
2023-11-02 09:54:57,35,37,2138,2204
2023-11-02 09:54:57,36,37,2138,2204
2023-11-02 09:54:58,35,37,2138,2204
2023-11-02 09:54:58,36,37,2138,2204
2023-11-02 09:55:28,35,37,2138,2204
2023-11-02 09:55:29,36,37,2138,2204
2023-11-02 09:55:40,35,37,2138,2204
2023-11-02 09:55:40,36,37,2138,2204
2023-11-02 09:56:07,35,37,2138,2204
2023-11-02 09:56:07,36,37,2138,2204
2023-11-02 09:56:10,35,37,2138,2204
2023-11-02 09:56:44,36,37,2138,2204
2023-11-02 09:59:11,36,38,2138,2214
2023-11-02 09:59:11,37,38,2138,2214
2023-11-02 09:59:20,36,38,2138,2214
2023-11-02 09:59:41,37,38,2138,2214
2023-11-02 10:00:20,37,39,2138,2214
2023-11-02 10:00:38,37,38,2138,2214
2023-11-02 10:01:51,37,38,2148,2224
2023-11-02 10:02:04,37,38,2151,2227
2023-11-02 10:02:20,38,39,2159,2235
2023-11-02 10:02:21,37,39,2159,2235
2023-11-02 10:02:31,38,39,2159,2235
2023-11-02 10:02:32,37,39,2159,2235
2023-11-02 10:02:33,38,39,2159,2235
2023-11-02 10:03:00,37,39,2159,2235
2023-11-02 10:04:24,37,38,2159,2235
2023-11-02 10:04:55,37,39,2159,2235
2023-11-02 10:04:56,37,39,2209,2285
2023-11-02 10:04:56,38,39,2209,2285
2023-11-02 10:06:36,38,40,1609,2890
2023-11-02 10:07:11,39,40,1609,2890
2023-11-02 10:07:24,39,40,1609,2906
2023-11-02 10:07:35,38,40,1575,2940
2023-11-02 10:07:35,38,39,1575,2940
2023-11-02 10:07:44,38,40,1575,2940
2023-11-02 10:07:44,38,39,1575,2940
2023-11-02 10:07:49,38,39,1585,2950
2023-11-02 10:07:53,37,39,1585,2950
2023-11-02 10:08:09,37,40,1585,2950
2023-11-02 10:08:10,37,39,1585,2950
2023-11-02 10:08:13,37,39,1765,3130
2023-11-02 10:08:29,37,40,1765,3130
2023-11-02 10:08:29,38,40,1765,3130
2023-11-02 10:08:31,38,39,1765,3130
2023-11-02 10:08:33,37,39,1765,3130
2023-11-02 10:08:34,37,40,1765,3130
2023-11-02 10:08:41,37,39,1765,3130
2023-11-02 10:08:52,38,39,1765,3130
2023-11-02 10:08:55,37,39,1765,3130
2023-11-02 10:09:08,37,38,1765,3130
2023-11-02 10:09:20,37,39,1765,3130
2023-11-02 10:09:21,37,38,1765,3130
2023-11-02 10:09:26,37,39,1765,3130
2023-11-02 10:10:00,37,38,1765,3130
2023-11-02 10:10:00,37,39,1765,3130
2023-11-02 10:10:00,37,38,1765,3130
2023-11-02 10:10:08,36,38,1905,3270
2023-11-02 10:10:18,36,38,1908,3273
2023-11-02 10:10:39,37,38,1908,3273
2023-11-02 10:10:40,36,38,1908,3273
2023-11-02 10:10:40,37,38,1908,3273
2023-11-02 10:10:59,36,38,1908,3273
2023-11-02 10:10:59,37,38,1908,3273
2023-11-02 10:11:03,36,38,1908,3273
2023-11-02 10:11:03,37,38,1908,3273
2023-11-02 10:11:22,36,38,1908,3273
2023-11-02 10:11:26,37,38,1908,3273
2023-11-02 10:11:31,36,38,1908,3273
2023-11-02 10:11:40,37,38,1908,3273
2023-11-02 10:11:48,36,38,1908,3273
2023-11-02 10:11:48,36,37,1908,3273
2023-11-02 10:11:48,37,38,1911,3276
2023-11-02 10:12:11,36,38,1911,3276
2023-11-02 10:12:11,37,38,1911,3276
2023-11-02 10:12:27,36,38,1911,3276
2023-11-02 10:12:38,36,37,1911,3276
2023-11-02 10:12:58,36,38,1911,3276
2023-11-02 10:13:16,37,38,1911,3276
2023-11-02 10:13:27,36,38,1911,3276
2023-11-02 10:13:44,37,38,1911,3276
2023-11-02 10:13:44,36,38,1911,3276
2023-11-02 10:13:45,37,38,1911,3276
2023-11-02 10:13:47,36,38,1911,3276
2023-11-02 10:13:47,37,38,1911,3276
2023-11-02 10:13:48,36,38,1911,3276
2023-11-02 10:13:51,37,38,1911,3276
2023-11-02 10:13:52,36,38,1911,3276
2023-11-02 10:14:01,37,38,1911,3276
2023-11-02 10:14:01,37,38,1971,3336
2023-11-02 10:14:01,36,38,1971,3336
2023-11-02 10:14:06,37,38,1971,3336
2023-11-02 10:14:08,36,38,1971,3336
2023-11-02 10:14:08,37,38,1971,3336
2023-11-02 10:14:10,36,38,1971,3336
2023-11-02 10:14:11,37,38,1971,3336
2023-11-02 10:14:13,36,38,1971,3336
2023-11-02 10:14:14,37,38,1971,3336
2023-11-02 10:15:12,37,39,1771,3536
2023-11-02 10:15:13,38,39,1771,3536
2023-11-02 10:15:20,37,39,1771,3536
2023-11-02 10:15:20,38,39,1771,3536
2023-11-02 10:15:25,37,39,1771,3536
2023-11-02 10:15:27,38,39,1771,3536
2023-11-02 10:15:34,37,39,1771,3536
2023-11-02 10:15:36,38,39,1771,3536
2023-11-02 10:15:36,38,39,1827,3592
2023-11-02 10:15:36,37,39,1827,3592
2023-11-02 10:16:03,36,39,1827,3592
2023-11-02 10:16:03,37,39,1827,3592
2023-11-02 10:16:07,38,39,1827,3592
2023-11-02 10:16:28,37,39,1827,3592
2023-11-02 10:16:29,37,40,1827,3592
2023-11-02 10:16:30,37,39,1827,3592
2023-11-02 10:16:31,37,40,1827,3592
2023-11-02 10:16:32,37,39,1827,3592
2023-11-02 10:16:39,37,38,1827,3592
2023-11-02 10:16:46,37,39,1827,3592
2023-11-02 10:16:46,37,38,1827,3592
2023-11-02 10:17:01,37,39,1827,3592
2023-11-02 10:17:01,37,38,1827,3592
2023-11-02 10:17:05,37,39,1827,3592
2023-11-02 10:17:11,37,40,1827,3592
2023-11-02 10:17:23,38,40,1827,3592
2023-11-02 10:17:26,37,40,1827,3592
2023-11-02 10:17:26,38,40,1827,3592
2023-11-02 10:17:32,37,40,1827,3592
2023-11-02 10:17:39,37,39,1827,3592
2023-11-02 10:17:48,37,40,1827,3592
2023-11-02 10:17:57,37,39,1827,3592
2023-11-02 10:17:58,38,39,1827,3592
2023-11-02 10:18:04,38,40,1827,3592
2023-11-02 10:18:14,39,40,1827,3592
2023-11-02 10:19:59,39,40,1830,3595
2023-11-02 10:20:06,40,41,1840,3605
2023-11-02 10:21:18,40,41,1843,3608
2023-11-02 10:23:14,40,41,1846,3611
2023-11-02 10:23:42,40,41,1846,3661
2023-11-02 10:23:43,40,41,1846,3711
2023-11-02 10:23:44,40,41,1846,3761
2023-11-02 10:23:46,40,41,1846,3811
2023-11-02 10:23:46,40,41,1846,3861
2023-11-02 10:23:47,40,41,1846,3911
2023-11-02 10:23:49,40,41,1846,3961
2023-11-02 10:23:50,40,41,1846,4011
2023-11-02 10:23:51,40,41,1846,4061
2023-11-02 10:23:51,40,41,1846,4111
2023-11-02 10:23:52,39,41,1846,4111
2023-11-02 10:23:52,39,40,1846,4111
2023-11-02 10:23:57,39,41,1846,4111
2023-11-02 10:24:07,39,40,1846,4111
2023-11-02 10:24:08,39,41,1846,4111
2023-11-02 10:24:25,39,41,1849,4114
2023-11-02 10:24:26,40,41,1849,4114
2023-11-02 10:25:49,39,40,1849,4117
2023-11-02 10:25:50,39,40,1849,4120
2023-11-02 10:25:52,39,40,1849,4123
2023-11-02 10:25:53,39,40,1849,4126
2023-11-02 10:25:54,39,40,1849,4129
2023-11-02 10:25:55,39,40,1849,4132
2023-11-02 10:25:56,39,40,1849,4135
2023-11-02 10:25:57,39,40,1849,4138
2023-11-02 10:25:58,39,40,1849,4141
2023-11-02 10:25:59,39,40,1849,4144
2023-11-02 10:26:00,39,40,1849,4147
2023-11-02 10:26:01,39,40,1849,4150
2023-11-02 10:26:03,39,40,1849,4153
2023-11-02 10:26:04,39,40,1849,4156
2023-11-02 10:26:05,39,40,1849,4159
2023-11-02 10:26:06,39,40,1849,4162
2023-11-02 10:26:07,39,40,1849,4165
2023-11-02 10:26:08,39,40,1849,4168
2023-11-02 10:26:09,39,40,1849,4171
2023-11-02 10:26:10,39,40,1849,4174
2023-11-02 10:26:11,39,40,1849,4177
2023-11-02 10:26:12,39,40,1849,4180
2023-11-02 10:26:13,39,40,1849,4183
2023-11-02 10:26:14,39,40,1849,4186
2023-11-02 10:26:14,39,41,1849,4186
2023-11-02 10:26:15,40,41,1849,4186
2023-11-02 10:26:50,40,42,1649,4416
2023-11-02 10:27:10,40,41,1649,4416
2023-11-02 10:27:24,40,42,1649,4416
2023-11-02 10:27:25,40,42,1689,4456
2023-11-02 10:27:26,40,41,1689,4456
2023-11-02 10:28:02,40,42,1689,4456
2023-11-02 10:28:03,40,41,1689,4456
2023-11-02 10:28:03,40,42,1689,4456
2023-11-02 10:28:04,40,41,1689,4456
2023-11-02 10:28:14,41,42,1699,4466
2023-11-02 10:28:14,41,42,1711,4478
2023-11-02 10:28:21,41,42,1761,4528
2023-11-02 10:28:21,40,42,1761,4528
2023-11-02 10:28:22,40,41,1761,4528
2023-11-02 10:28:41,40,42,1761,4528
2023-11-02 10:28:42,40,41,1761,4528
2023-11-02 10:28:56,40,41,1761,4578
2023-11-02 10:28:56,40,41,1761,4628
2023-11-02 10:28:56,40,41,1761,4678
2023-11-02 10:28:56,40,41,1761,4728
2023-11-02 10:28:57,40,41,1761,4778
2023-11-02 10:28:57,40,41,1761,4828
2023-11-02 10:28:57,40,41,1761,4878
2023-11-02 10:28:57,40,41,1761,4928
2023-11-02 10:28:57,40,41,1761,4978
2023-11-02 10:28:58,40,41,1761,5028
2023-11-02 10:28:58,40,41,1761,5078
2023-11-02 10:28:58,39,41,1761,5081
2023-11-02 10:28:59,40,41,1761,5081
2023-11-02 10:28:59,40,42,1761,5081
2023-11-02 10:28:59,40,41,1761,5081
2023-11-02 10:28:59,40,41,1761,5131
2023-11-02 10:28:59,40,41,1774,5181
2023-11-02 10:28:59,39,41,1777,5184
2023-11-02 10:29:00,39,40,1777,5184
2023-11-02 10:29:06,39,40,1827,5234
2023-11-02 10:29:07,39,40,1877,5284
2023-11-02 10:29:08,39,40,1927,5334
2023-11-02 10:29:09,39,40,1977,5384
2023-11-02 10:29:10,39,40,2027,5434
2023-11-02 10:29:10,39,40,2077,5484
2023-11-02 10:29:10,39,40,2127,5534
2023-11-02 10:29:11,39,40,2177,5584
2023-11-02 10:29:12,39,40,2227,5634
2023-11-02 10:29:14,39,40,2277,5684
2023-11-02 10:29:14,38,40,2327,5734
2023-11-02 10:29:19,38,39,2327,5734
2023-11-02 10:29:33,38,41,2327,5734
2023-11-02 10:29:34,38,39,2327,5734
2023-11-02 10:29:43,38,41,2327,5734
2023-11-02 10:29:43,38,40,2327,5734
2023-11-02 10:29:46,38,41,2327,5734
2023-11-02 10:29:46,38,40,2327,5734
2023-11-02 10:30:00,38,41,2327,5734
2023-11-02 10:30:00,38,40,2327,5734
2023-11-02 10:30:01,38,41,2327,5734
2023-11-02 10:30:01,38,41,2327,5734
2023-11-02 10:30:02,38,40,2327,5734
2023-11-02 10:30:04,38,41,2327,5734
2023-11-02 10:30:11,39,41,2327,5734
2023-11-02 10:30:12,38,41,2327,5734
2023-11-02 10:30:13,39,41,2327,5734
2023-11-02 10:30:13,38,41,2327,5734
2023-11-02 10:30:18,38,40,2327,5734
2023-11-02 10:30:45,38,41,2327,5734
2023-11-02 10:30:46,38,40,2327,5734
2023-11-02 10:30:59,38,39,2327,5734
2023-11-02 10:30:59,38,41,2327,5734
2023-11-02 10:31:00,38,40,2327,5734
2023-11-02 10:31:18,38,41,2327,5734
2023-11-02 10:31:31,38,40,2327,5734
2023-11-02 10:31:45,38,41,2327,5734
2023-11-02 10:31:52,39,41,2327,5734
2023-11-02 10:31:56,38,41,2327,5734
2023-11-02 10:31:56,39,41,2327,5734
2023-11-02 10:32:09,38,41,2327,5734
2023-11-02 10:32:14,38,40,2327,5734
2023-11-02 10:32:17,38,41,2327,5734
2023-11-02 10:32:17,38,40,2327,5734
2023-11-02 10:32:22,38,41,2327,5734
2023-11-02 10:32:22,38,40,2327,5734
2023-11-02 10:32:33,38,42,2327,5734
2023-11-02 10:32:33,38,39,2327,5734
2023-11-02 10:32:33,38,39,2327,5794
2023-11-02 10:32:41,38,41,2327,5794
2023-11-02 10:32:42,38,39,2327,5794
2023-11-02 10:32:44,38,42,2327,5794
2023-11-02 10:32:44,38,41,2327,5794
2023-11-02 10:32:46,38,42,2327,5794
2023-11-02 10:32:46,38,41,2327,5794
2023-11-02 10:32:48,38,42,2327,5794
2023-11-02 10:32:51,39,42,2327,5794
2023-11-02 10:32:58,39,41,2327,5794
2023-11-02 10:33:40,39,42,2327,5794
2023-11-02 10:33:41,39,41,2327,5794
2023-11-02 10:33:41,39,42,2327,5794
2023-11-02 10:33:55,39,41,2327,5794
2023-11-02 10:33:55,39,42,2327,5794
2023-11-02 10:33:56,39,41,2327,5794
2023-11-02 10:34:00,38,41,2327,5794
2023-11-02 10:34:02,38,42,2327,5794
2023-11-02 10:34:02,38,41,2327,5794
2023-11-02 10:34:04,39,41,2327,5794
2023-11-02 10:34:22,39,42,2327,5794
2023-11-02 10:34:22,39,41,2327,5794
2023-11-02 10:34:36,39,42,2327,5794
2023-11-02 10:34:41,39,41,2327,5794
2023-11-02 10:34:44,39,42,2327,5794
2023-11-02 10:35:04,39,41,2327,5794
2023-11-02 10:35:16,39,42,2327,5794
2023-11-02 10:35:19,39,41,2327,5794
2023-11-02 10:35:21,39,42,2327,5794
2023-11-02 10:35:21,39,41,2327,5794
2023-11-02 10:35:26,39,42,2327,5794
2023-11-02 10:35:26,39,41,2327,5794
2023-11-02 10:35:29,39,42,2327,5794
2023-11-02 10:35:41,39,41,2327,5794
2023-11-02 10:36:00,39,40,2327,5794
2023-11-02 10:36:04,39,41,2327,5794
2023-11-02 10:36:04,39,40,2327,5794
2023-11-02 10:36:18,38,40,2327,5794
2023-11-02 10:36:57,38,42,2327,5794
2023-11-02 10:36:57,38,41,2327,5794
2023-11-02 10:37:24,39,41,2327,5794
2023-11-02 10:37:34,38,41,2327,5794
2023-11-02 10:37:35,39,41,2327,5794
2023-11-02 10:37:42,38,41,2327,5794
2023-11-02 10:37:42,38,40,2327,5794
2023-11-02 10:37:44,39,40,2327,5794
2023-11-02 10:38:09,38,40,2327,5794
2023-11-02 10:38:10,38,41,2327,5794
2023-11-02 10:38:12,39,41,2327,5794
2023-11-02 10:38:17,39,42,2327,5794
2023-11-02 10:38:19,39,41,2327,5794
2023-11-02 10:38:19,39,42,2327,5794
2023-11-02 10:38:21,39,41,2327,5794
2023-11-02 10:38:37,38,41,2327,5794
2023-11-02 10:38:42,39,41,2327,5794
2023-11-02 10:38:53,38,41,2327,5794
2023-11-02 10:38:54,39,41,2327,5794
2023-11-02 10:38:55,38,41,2327,5794
2023-11-02 10:38:56,39,41,2327,5794
2023-11-02 10:38:56,38,41,2327,5794
2023-11-02 10:38:57,38,42,2327,5794
2023-11-02 10:38:57,39,42,2327,5794
2023-11-02 10:38:57,39,41,2327,5794
2023-11-02 10:38:57,38,41,2327,5794
2023-11-02 10:39:03,38,40,2327,5794
2023-11-02 10:39:04,38,42,2327,5794
2023-11-02 10:39:04,38,41,2327,5794
2023-11-02 10:39:06,38,40,2327,5794
2023-11-02 10:39:08,38,39,2327,5794
2023-11-02 10:39:14,38,41,2327,5794
2023-11-02 10:39:14,38,39,2327,5794
2023-11-02 10:39:17,37,39,2327,5794
2023-11-02 10:39:27,37,38,2327,5794
2023-11-02 10:39:34,37,41,2327,5794
2023-11-02 10:39:35,37,40,2327,5794
2023-11-02 10:39:36,37,39,2327,5794
2023-11-02 10:39:39,37,41,2327,5794
2023-11-02 10:39:39,37,40,2327,5794
2023-11-02 10:39:39,37,39,2327,5794
2023-11-02 10:39:41,37,40,2327,5794
2023-11-02 10:39:41,37,39,2327,5794
2023-11-02 10:39:52,37,38,2327,5794
2023-11-02 10:39:55,37,38,2478,6044
2023-11-02 10:40:13,37,41,2478,6044
2023-11-02 10:40:13,37,40,2478,6044
2023-11-02 10:40:15,37,39,2478,6044
2023-11-02 10:40:18,36,39,2478,6044
2023-11-02 10:40:23,36,38,2478,6044
2023-11-02 10:40:34,36,41,2478,6044
2023-11-02 10:40:35,36,38,2478,6044
2023-11-02 10:40:36,35,38,2478,6044
2023-11-02 10:40:52,35,40,2478,6044
2023-11-02 10:40:52,35,39,2478,6044
2023-11-02 10:40:55,35,38,2478,6044
2023-11-02 10:40:57,34,38,2478,6044
2023-11-02 10:41:01,34,37,2478,6044
2023-11-02 10:41:10,34,36,2478,6044
2023-11-02 10:41:10,34,36,2728,6294
2023-11-02 10:41:12,34,39,2728,6294
2023-11-02 10:41:12,34,37,2728,6294
2023-11-02 10:41:21,34,36,2728,6294
2023-11-02 10:41:24,33,36,2728,6294
2023-11-02 10:41:28,34,36,2728,6294
2023-11-02 10:41:34,33,36,2728,6294
2023-11-02 10:41:36,34,36,2728,6294
2023-11-02 10:41:36,34,36,2978,6544
2023-11-02 10:41:36,34,39,2978,6544
2023-11-02 10:41:37,34,38,2978,6544
2023-11-02 10:41:49,34,39,2978,6544
2023-11-02 10:41:49,34,38,2978,6544
2023-11-02 10:42:05,34,39,2978,6544
2023-11-02 10:42:05,33,39,2978,6544
2023-11-02 10:42:05,34,39,2978,6544
2023-11-02 10:42:10,34,38,2978,6544
2023-11-02 10:42:14,35,38,2978,6544
2023-11-02 10:42:33,34,38,2978,6544
2023-11-02 10:42:34,35,38,2978,6544
2023-11-02 10:42:35,34,38,2978,6544
2023-11-02 10:42:35,35,38,2978,6544
2023-11-02 10:42:42,34,38,2978,6544
2023-11-02 10:42:43,35,38,2978,6544
2023-11-02 10:42:43,34,38,2978,6544
2023-11-02 10:42:44,35,38,2978,6544
2023-11-02 10:42:59,34,38,2978,6544
2023-11-02 10:43:08,34,40,2978,6544
2023-11-02 10:43:09,35,40,2978,6544
2023-11-02 10:43:10,35,39,2978,6544
2023-11-02 10:43:10,34,39,2978,6544
2023-11-02 10:43:10,35,39,2978,6544
2023-11-02 10:43:11,34,39,2978,6544
2023-11-02 10:43:13,35,39,2978,6544
2023-11-02 10:43:56,35,38,2978,6544
2023-11-02 10:44:09,35,37,2978,6544
2023-11-02 10:44:15,35,38,2978,6544
2023-11-02 10:44:25,35,37,2978,6544
2023-11-02 10:44:26,34,37,2978,6544
2023-11-02 10:44:29,35,37,2978,6544
2023-11-02 10:44:39,34,37,2978,6544
2023-11-02 10:44:53,34,38,2978,6544
2023-11-02 10:44:55,34,37,2978,6544
2023-11-02 10:45:13,35,37,2978,6544
2023-11-02 10:45:16,35,38,2978,6544
2023-11-02 10:45:17,35,37,2978,6544
2023-11-02 10:45:19,35,38,2978,6544
2023-11-02 10:45:26,35,37,2978,6544
2023-11-02 10:45:27,35,38,2978,6544
2023-11-02 10:45:28,35,37,2978,6544
2023-11-02 10:45:31,35,38,2978,6544
2023-11-02 10:45:32,35,37,2978,6544
2023-11-02 10:45:34,35,38,2978,6544
2023-11-02 10:45:36,35,37,2978,6544
2023-11-02 10:45:41,35,38,2978,6544
2023-11-02 10:45:46,35,37,2978,6544
2023-11-02 10:45:49,35,38,2978,6544
2023-11-02 10:45:54,36,38,2978,6544
2023-11-02 10:45:55,35,38,2978,6544
2023-11-02 10:45:55,36,38,2978,6544
2023-11-02 10:45:57,35,38,2978,6544
2023-11-02 10:46:00,36,38,2978,6544
2023-11-02 10:46:02,35,38,2978,6544
2023-11-02 10:46:04,36,38,2978,6544
2023-11-02 10:46:07,35,38,2978,6544
2023-11-02 10:46:08,36,38,2978,6544
2023-11-02 10:46:09,35,38,2978,6544
2023-11-02 10:46:20,36,38,2978,6544
2023-11-02 10:46:21,35,38,2978,6544
2023-11-02 10:46:23,37,38,2978,6544
2023-11-02 10:46:42,37,39,2978,6544
2023-11-02 10:46:44,37,38,2978,6544
2023-11-02 10:47:03,37,39,2978,6544
2023-11-02 10:47:04,37,41,2978,6544
2023-11-02 10:47:05,37,40,2978,6544
2023-11-02 10:47:06,37,39,2978,6544
2023-11-02 10:47:07,37,40,2978,6544
2023-11-02 10:47:08,37,39,2978,6544
2023-11-02 10:47:49,37,38,2978,6544
2023-11-02 10:49:17,37,40,3089,6655
2023-11-02 10:49:47,37,41,3089,6655
2023-11-02 10:49:47,37,39,3089,6655
2023-11-02 10:50:06,37,41,3089,6655
2023-11-02 10:50:07,37,38,3089,6655
2023-11-02 10:50:45,37,40,3089,6655
2023-11-02 10:50:46,37,38,3089,6655
2023-11-02 10:51:25,37,39,3089,6655
2023-11-02 10:51:25,37,39,3119,6685
2023-11-02 10:52:26,37,39,3139,6705
2023-11-02 10:52:54,37,39,3153,6719
2023-11-02 10:52:56,37,38,3153,6719
2023-11-02 10:52:56,35,38,3153,6855
2023-11-02 10:52:58,34,38,3153,6855
2023-11-02 10:52:59,34,37,3153,6855
2023-11-02 10:53:00,34,38,3153,6855
2023-11-02 10:53:21,34,37,3153,6855
2023-11-02 10:53:26,34,38,3153,6855
2023-11-02 10:53:27,34,37,3153,6855
2023-11-02 10:53:27,34,36,3153,6855
2023-11-02 10:53:36,33,36,3153,6855
2023-11-02 10:53:44,33,37,3153,6855
2023-11-02 10:53:44,33,35,3153,6855
2023-11-02 10:53:48,33,37,3153,6855
2023-11-02 10:53:48,33,36,3153,6855
2023-11-02 10:53:56,34,36,3153,6855
2023-11-02 10:54:04,34,38,3153,6855
2023-11-02 10:54:05,34,37,3153,6855
2023-11-02 10:54:05,33,37,3153,6855
2023-11-02 10:54:05,33,36,3153,6855
2023-11-02 10:54:42,34,36,3153,6855
2023-11-02 10:54:52,34,39,3153,6855
2023-11-02 10:54:52,34,37,3153,6855
2023-11-02 10:55:09,34,38,3153,6855
2023-11-02 10:55:09,34,37,3153,6855
2023-11-02 10:55:15,33,37,3153,6855
2023-11-02 10:56:10,32,37,3153,6855
2023-11-02 10:56:10,32,36,3153,6855
2023-11-02 10:56:12,33,36,3153,6855
2023-11-02 10:56:37,32,36,3153,6855
2023-11-02 10:57:05,33,36,3153,6855
2023-11-02 10:57:07,32,36,3153,6855
2023-11-02 10:57:10,32,37,3153,6855
2023-11-02 10:57:10,33,37,3153,6855
2023-11-02 10:57:11,33,36,3153,6855
2023-11-02 10:57:19,32,36,3153,6855
2023-11-02 10:58:12,32,35,3153,6855
2023-11-02 10:58:30,33,35,3153,6855
2023-11-02 10:58:36,32,35,3153,6855
2023-11-02 10:59:12,32,36,3153,6855
2023-11-02 10:59:37,32,35,3153,6855
2023-11-02 11:00:03,32,34,3153,6855
2023-11-02 11:00:08,32,35,3153,6855
2023-11-02 11:00:22,32,36,3153,6855
2023-11-02 11:00:23,32,35,3153,6855
2023-11-02 11:00:35,32,36,3153,6855
2023-11-02 11:00:44,32,35,3153,6855
2023-11-02 11:00:47,32,36,3153,6855
2023-11-02 11:00:52,33,36,3153,6855
2023-11-02 11:01:18,32,36,3153,6855
2023-11-02 11:01:23,33,36,3153,6855
2023-11-02 11:01:29,34,36,3153,6855
2023-11-02 11:01:40,33,36,3153,6855
2023-11-02 11:01:48,34,36,3153,6855
2023-11-02 11:01:49,34,38,3153,6855
2023-11-02 11:01:49,34,37,3153,6855
2023-11-02 11:02:05,33,37,3153,6855
2023-11-02 11:02:28,32,37,3153,6855
2023-11-02 11:02:32,32,36,3153,6855
2023-11-02 11:02:39,32,37,3153,6855
2023-11-02 11:02:55,33,37,3153,6855
2023-11-02 11:03:10,32,37,3153,6855
2023-11-02 11:03:12,33,37,3153,6855
2023-11-02 11:03:23,33,36,3153,6855
2023-11-02 11:03:23,32,36,3153,6855
2023-11-02 11:03:33,32,35,3153,6855
2023-11-02 11:03:36,32,36,3153,6855
2023-11-02 11:03:39,32,35,3153,6855
2023-11-02 11:03:41,32,36,3153,6855
2023-11-02 11:03:47,32,35,3153,6855
2023-11-02 11:03:55,32,36,3153,6855
2023-11-02 11:04:01,32,35,3153,6855
2023-11-02 11:04:18,32,36,3153,6855
2023-11-02 11:04:19,32,35,3153,6855
2023-11-02 11:04:41,32,36,3153,6855
2023-11-02 11:05:10,32,35,3153,6855
2023-11-02 11:05:11,32,36,3153,6855
2023-11-02 11:05:22,32,35,3153,6855
2023-11-02 11:05:31,32,36,3153,6855
2023-11-02 11:05:33,32,35,3153,6855
2023-11-02 11:05:49,32,36,3153,6855
2023-11-02 11:06:01,32,35,3153,6855
2023-11-02 11:06:03,32,36,3153,6855
2023-11-02 11:06:08,32,35,3153,6855
2023-11-02 11:06:15,32,36,3153,6855
2023-11-02 11:06:27,33,36,3153,6855
2023-11-02 11:06:30,32,36,3153,6855
2023-11-02 11:06:33,33,36,3153,6855
2023-11-02 11:07:18,32,36,3153,6855
2023-11-02 11:07:34,32,35,3153,6855
2023-11-02 11:07:38,32,36,3153,6855
2023-11-02 11:07:40,32,35,3153,6855
2023-11-02 11:07:55,32,36,3153,6855
2023-11-02 11:07:59,32,35,3153,6855
2023-11-02 11:08:12,32,36,3153,6855
2023-11-02 11:08:34,33,36,3153,6855
2023-11-02 11:08:43,32,36,3153,6855
2023-11-02 11:09:10,33,36,3153,6855
2023-11-02 11:09:17,33,38,3153,6855
2023-11-02 11:09:21,34,38,3153,6855
2023-11-02 11:09:22,33,38,3153,6855
2023-11-02 11:09:25,33,37,3153,6855
2023-11-02 11:09:39,33,38,3153,6855
2023-11-02 11:09:45,33,37,3153,6855
2023-11-02 11:09:46,34,37,3153,6855
2023-11-02 11:09:51,33,37,3153,6855
2023-11-02 11:09:52,34,37,3153,6855
2023-11-02 11:09:54,33,37,3153,6855
2023-11-02 11:10:44,34,37,3153,6855
2023-11-02 11:10:59,33,37,3153,6855
2023-11-02 11:11:00,34,37,3153,6855
2023-11-02 11:11:23,33,37,3153,6855
2023-11-02 11:11:34,34,37,3153,6855
2023-11-02 11:11:41,35,37,3153,6855
2023-11-02 11:11:47,34,37,3153,6855
2023-11-02 11:11:51,35,37,3153,6855
2023-11-02 11:12:00,34,37,3153,6855
2023-11-02 11:12:02,35,37,3153,6855
2023-11-02 11:12:10,35,39,3153,7055
2023-11-02 11:12:12,37,39,3153,7055
2023-11-02 11:12:26,37,38,3153,7055
2023-11-02 11:12:45,34,38,3153,7055
2023-11-02 11:12:59,36,38,3153,7055
2023-11-02 11:13:29,36,40,3153,7055
2023-11-02 11:13:30,36,39,3153,7055
2023-11-02 11:14:22,37,39,3153,7055
2023-11-02 11:14:26,36,39,3153,7055
2023-11-02 11:14:30,36,41,3153,7055
2023-11-02 11:14:31,36,40,3153,7055
2023-11-02 11:14:44,37,40,3153,7055
2023-11-02 11:14:48,38,40,3153,7055
2023-11-02 11:14:53,37,40,3153,7055
2023-11-02 11:14:54,38,40,3153,7055
2023-11-02 11:15:01,38,43,3153,7055
2023-11-02 11:15:10,39,43,3153,7055
2023-11-02 11:15:10,39,44,3153,7055
2023-11-02 11:15:10,39,41,3153,7055
2023-11-02 11:15:11,39,44,3153,7055
2023-11-02 11:15:11,39,43,3153,7055
2023-11-02 11:15:12,39,45,3153,7055
2023-11-02 11:15:13,41,45,3153,7055
2023-11-02 11:15:22,41,47,3153,7055
2023-11-02 11:15:22,41,44,3153,7055
2023-11-02 11:15:23,42,44,3153,7055
2023-11-02 11:15:23,43,44,3153,7055
2023-11-02 11:15:23,43,47,3153,7055
2023-11-02 11:15:26,43,45,3153,7055
2023-11-02 11:15:27,43,47,3153,7055
2023-11-02 11:15:27,43,46,3153,7055
2023-11-02 11:15:28,43,47,3153,7055
2023-11-02 11:15:28,43,44,3153,7055
2023-11-02 11:15:29,43,47,3153,7055
2023-11-02 11:15:29,43,46,3153,7055
2023-11-02 11:15:33,43,47,3153,7055
2023-11-02 11:15:52,43,46,3153,7055
2023-11-02 11:15:53,43,47,3153,7055
2023-11-02 11:15:55,43,46,3153,7055
2023-11-02 11:15:55,42,46,3153,7055
2023-11-02 11:15:56,42,47,3153,7055
2023-11-02 11:15:57,42,46,3153,7055
2023-11-02 11:16:03,42,45,3153,7055
2023-11-02 11:16:03,41,45,3153,7055
2023-11-02 11:16:15,40,45,3153,7055
2023-11-02 11:16:18,40,44,3153,7055
2023-11-02 11:16:26,40,45,3153,7055
2023-11-02 11:16:32,40,44,3153,7055
2023-11-02 11:16:53,39,44,3153,7055
2023-11-02 11:16:56,39,43,3153,7055
2023-11-02 11:16:58,39,44,3153,7055
2023-11-02 11:17:02,40,44,3153,7055
2023-11-02 11:17:06,39,44,3153,7055
2023-11-02 11:17:08,39,43,3153,7055
2023-11-02 11:17:49,39,42,3153,7055
2023-11-02 11:18:21,38,42,3153,7055
2023-11-02 11:18:29,38,41,3153,7055
2023-11-02 11:18:29,37,41,3153,7055
2023-11-02 11:18:34,38,41,3153,7055
2023-11-02 11:18:38,37,41,3153,7055
2023-11-02 11:18:41,38,41,3153,7055
2023-11-02 11:18:54,38,42,3153,7055
2023-11-02 11:19:15,38,41,3153,7055
2023-11-02 11:19:22,38,42,3153,7055
2023-11-02 11:20:20,38,41,3153,7055
2023-11-02 11:20:21,37,41,3153,7055
2023-11-02 11:20:27,37,40,3153,7055
2023-11-02 11:21:30,36,40,3153,7055
2023-11-02 11:21:32,37,40,3153,7055
2023-11-02 11:21:39,36,40,3153,7055
2023-11-02 11:21:52,37,40,3153,7055
2023-11-02 11:21:57,37,41,3153,7055
2023-11-02 11:21:57,37,42,3153,7055
2023-11-02 11:21:57,37,41,3153,7055
2023-11-02 11:22:00,37,42,3153,7055
2023-11-02 11:22:00,37,41,3153,7055
2023-11-02 11:22:30,36,41,3153,7055
2023-11-02 11:22:35,37,41,3153,7055
2023-11-02 11:22:47,37,42,3153,7055
2023-11-02 11:22:48,37,41,3153,7055
2023-11-02 11:22:57,38,41,3153,7055
2023-11-02 11:23:01,37,41,3153,7055
2023-11-02 11:23:12,38,41,3153,7055
2023-11-02 11:23:31,39,41,3153,7055
2023-11-02 11:23:35,39,43,3153,7055
2023-11-02 11:23:56,39,42,3153,7055
2023-11-02 11:23:57,39,41,3153,7055
2023-11-02 11:24:02,39,43,3153,7055
2023-11-02 11:24:05,38,43,3153,7055
2023-11-02 11:24:14,38,42,3153,7055
2023-11-02 11:24:17,37,42,3153,7055
2023-11-02 11:24:19,37,41,3153,7055
2023-11-02 11:24:21,38,41,3153,7055
2023-11-02 11:24:31,37,41,3153,7055
2023-11-02 11:24:46,36,41,3153,7055
2023-11-02 11:25:03,37,41,3153,7055
2023-11-02 11:25:05,36,41,3153,7055
2023-11-02 11:25:05,36,40,3153,7055
2023-11-02 11:25:06,36,41,3153,7055
2023-11-02 11:25:06,36,40,3153,7055
2023-11-02 11:25:45,37,40,3153,7055
2023-11-02 11:25:59,37,42,3153,7055
2023-11-02 11:26:01,37,41,3153,7055
2023-11-02 11:26:17,36,41,3153,7055
2023-11-02 11:26:21,37,41,3153,7055
2023-11-02 11:27:01,37,42,3153,7055
2023-11-02 11:27:02,37,41,3153,7055
2023-11-02 11:27:05,38,41,3153,7055
2023-11-02 11:27:15,38,43,3153,7055
2023-11-02 11:27:23,39,43,3153,7055
2023-11-02 11:27:28,38,43,3153,7055
2023-11-02 11:27:29,38,40,3153,7055
2023-11-02 11:27:30,38,43,3153,7055
2023-11-02 11:27:54,39,43,3153,7055
2023-11-02 11:28:12,40,43,3153,7055
2023-11-02 11:28:16,40,44,3153,7055
2023-11-02 11:28:50,40,43,3153,7055
2023-11-02 11:28:51,40,44,3153,7055
2023-11-02 11:28:52,40,43,3153,7055
2023-11-02 11:28:58,40,44,3153,7055
2023-11-02 11:29:00,40,43,3153,7055
2023-11-02 11:29:09,40,44,3153,7055
2023-11-02 11:29:17,40,43,3153,7055
2023-11-02 11:29:19,40,44,3153,7055
2023-11-02 11:29:37,40,43,3153,7055
2023-11-02 11:29:44,39,43,3153,7055
2023-11-02 11:29:54,40,43,3153,7055
2023-11-02 11:30:11,40,44,3153,7055
2023-11-02 11:30:12,40,43,3153,7055
2023-11-02 11:30:15,39,43,3153,7055
2023-11-02 11:30:22,40,43,3153,7055
2023-11-02 11:30:26,40,44,3153,7055
2023-11-02 11:31:12,41,44,3153,7055
2023-11-02 11:31:55,41,45,3153,7055
2023-11-02 11:31:56,41,44,3153,7055
2023-11-02 11:32:12,40,44,3153,7055
2023-11-02 11:32:33,39,44,3153,7055
2023-11-02 11:32:37,39,43,3153,7055
2023-11-02 11:32:41,39,44,3153,7055
2023-11-02 11:32:47,40,44,3153,7055
2023-11-02 11:32:48,39,44,3153,7055
2023-11-02 11:32:52,39,43,3153,7055
2023-11-02 11:33:04,38,43,3153,7055
2023-11-02 11:33:12,39,43,3153,7055
2023-11-02 11:33:19,38,43,3153,7055
2023-11-02 11:33:28,38,42,3153,7055
2023-11-02 11:33:32,37,42,3153,7055
2023-11-02 11:33:37,37,41,3153,7055
2023-11-02 11:33:40,37,42,3153,7055
2023-11-02 11:33:42,38,42,3153,7055
2023-11-02 11:33:48,37,42,3153,7055
2023-11-02 11:33:50,38,42,3153,7055
2023-11-02 11:34:02,37,42,3153,7055
2023-11-02 11:34:10,38,42,3153,7055
2023-11-02 11:34:22,38,41,3153,7055
2023-11-02 11:34:26,37,41,3153,7055
2023-11-02 11:34:42,37,40,3153,7055
2023-11-02 11:34:42,36,40,3153,7055
2023-11-02 11:34:48,36,39,3153,7055
2023-11-02 11:35:19,35,39,3153,7055
2023-11-02 11:36:15,35,38,3153,7055
2023-11-02 11:36:16,35,39,3153,7055
2023-11-02 11:37:00,34,39,3153,7055
2023-11-02 11:37:01,34,38,3153,7055
2023-11-02 11:37:14,33,38,3153,7055
2023-11-02 11:37:19,34,38,3153,7055
2023-11-02 11:37:47,33,38,3153,7055
2023-11-02 11:38:06,34,38,3153,7055
2023-11-02 11:38:09,33,38,3153,7055
2023-11-02 11:38:13,33,37,3153,7055
2023-11-02 11:38:20,33,36,3153,7055
2023-11-02 11:38:33,32,36,3153,7055
2023-11-02 11:38:34,33,36,3153,7055
2023-11-02 11:38:37,32,36,3153,7055
2023-11-02 11:38:40,33,36,3153,7055
2023-11-02 11:38:43,32,36,3153,7055
2023-11-02 11:38:47,33,36,3153,7055
2023-11-02 11:38:51,32,36,3153,7055
2023-11-02 11:38:55,33,36,3153,7055
2023-11-02 11:39:20,33,38,3153,7055
2023-11-02 11:39:21,34,38,3153,7055
2023-11-02 11:39:28,33,38,3153,7055
2023-11-02 11:39:28,34,38,3153,7055
2023-11-02 11:39:31,34,39,3153,7055
2023-11-02 11:40:06,34,38,3153,7055
2023-11-02 11:40:09,33,38,3153,7055
2023-11-02 11:40:20,34,38,3153,7055
2023-11-02 11:40:22,33,38,3153,7055
2023-11-02 11:40:23,34,38,3153,7055
2023-11-02 11:40:25,33,38,3153,7055
2023-11-02 11:40:26,34,38,3153,7055
2023-11-02 11:40:27,33,38,3153,7055
2023-11-02 11:40:29,33,37,3153,7055
2023-11-02 11:40:31,33,38,3153,7055
2023-11-02 11:40:35,33,37,3153,7055
2023-11-02 11:40:40,32,37,3153,7055
2023-11-02 11:40:40,33,37,3153,7055
2023-11-02 11:40:40,32,37,3153,7055
2023-11-02 11:40:44,33,37,3153,7055
2023-11-02 11:40:53,32,37,3153,7055
2023-11-02 11:41:08,32,36,3153,7055
2023-11-02 11:41:10,32,37,3153,7055
2023-11-02 11:41:16,33,37,3153,7055
2023-11-02 11:41:19,32,37,3153,7055
2023-11-02 11:41:22,33,37,3153,7055
2023-11-02 11:41:25,32,37,3153,7055
2023-11-02 11:41:30,33,37,3153,7055
2023-11-02 11:41:42,33,38,3153,7055
2023-11-02 11:41:50,33,37,3153,7055
2023-11-02 11:42:04,34,37,3153,7055
2023-11-02 11:42:06,34,39,3153,7055
2023-11-02 11:42:21,35,39,3153,7055
2023-11-02 11:42:25,34,39,3153,7055
2023-11-02 11:42:26,35,39,3153,7055
2023-11-02 11:42:59,34,39,3153,7055
2023-11-02 11:43:01,34,38,3153,7055
2023-11-02 11:43:01,33,38,3153,7055
2023-11-02 11:43:24,33,37,3153,7055
2023-11-02 11:43:30,32,37,3153,7055
2023-11-02 11:43:41,32,38,3153,7055
2023-11-02 11:43:44,33,38,3153,7055
2023-11-02 11:43:46,33,37,3153,7055
2023-11-02 11:43:48,33,38,3153,7055
2023-11-02 11:43:53,33,37,3153,7055
2023-11-02 11:43:54,33,38,3153,7055
2023-11-02 11:43:55,33,37,3153,7055
2023-11-02 11:43:56,33,38,3153,7055
2023-11-02 11:43:56,33,36,3153,7055
2023-11-02 11:43:57,33,38,3153,7055
2023-11-02 11:43:58,33,39,3153,7055
2023-11-02 11:43:58,34,39,3153,7055
2023-11-02 11:44:02,33,39,3153,7055
2023-11-02 11:44:03,34,39,3153,7055
2023-11-02 11:44:08,34,40,3153,7055
2023-11-02 11:44:08,34,39,3153,7055
2023-11-02 11:44:13,34,40,3153,7055
2023-11-02 11:44:14,35,40,3153,7055
2023-11-02 11:44:54,34,40,3153,7055
2023-11-02 11:44:56,35,40,3153,7055
2023-11-02 11:45:19,35,39,3153,7055
2023-11-02 11:45:19,34,39,3153,7055
2023-11-02 11:45:21,34,38,3153,7055
2023-11-02 11:45:38,35,38,3153,7055
2023-11-02 11:45:54,35,40,3153,7055
2023-11-02 11:46:09,35,39,3153,7055
2023-11-02 11:46:09,34,39,3153,7055
2023-11-02 11:46:11,34,38,3153,7055
2023-11-02 11:46:39,35,38,3153,7055
2023-11-02 11:47:01,35,40,3153,7055
2023-11-02 11:47:51,36,40,3153,7055
2023-11-02 11:47:55,36,42,3153,7055
2023-11-02 11:47:55,36,40,3153,7055
2023-11-02 11:47:56,37,40,3153,7055
2023-11-02 11:47:57,37,42,3153,7055
2023-11-02 11:47:57,37,41,3153,7055
2023-11-02 11:48:11,38,41,3153,7055
2023-11-02 11:48:14,37,41,3153,7055
2023-11-02 11:48:17,38,41,3153,7055
2023-11-02 11:48:24,37,41,3153,7055
2023-11-02 11:48:46,38,41,3153,7055
2023-11-02 11:48:47,37,41,3153,7055
2023-11-02 11:48:57,37,42,3153,7055
2023-11-02 11:49:06,36,42,3153,7055
2023-11-02 11:49:08,36,41,3153,7055
2023-11-02 11:49:12,36,42,3153,7055
2023-11-02 11:49:15,37,42,3153,7055
2023-11-02 11:50:10,37,41,3153,7055
2023-11-02 11:50:10,36,41,3153,7055
2023-11-02 11:50:19,36,39,3153,7055
2023-11-02 11:50:31,36,41,3153,7055
2023-11-02 11:50:37,35,41,3153,7055
2023-11-02 11:50:38,35,40,3153,7055
2023-11-02 11:50:46,35,39,3153,7055
2023-11-02 11:50:52,34,39,3153,7055
2023-11-02 11:51:04,34,38,3153,7055
2023-11-02 11:51:05,34,39,3153,7055
2023-11-02 11:51:15,35,39,3153,7055
2023-11-02 11:51:30,36,39,3153,7055
2023-11-02 11:51:41,36,42,3153,7055
2023-11-02 11:51:41,36,41,3153,7055
2023-11-02 11:51:44,37,41,3153,7055
2023-11-02 11:51:48,36,41,3153,7055
2023-11-02 11:51:49,37,41,3153,7055
2023-11-02 11:51:55,36,41,3153,7055
2023-11-02 11:52:00,37,41,3153,7055
2023-11-02 11:52:01,36,41,3153,7055
2023-11-02 11:52:04,37,41,3153,7055
2023-11-02 11:52:10,38,41,3153,7055
2023-11-02 11:52:23,38,44,3153,7055
2023-11-02 11:52:29,39,44,3153,7055
2023-11-02 11:52:29,40,44,3153,7055
2023-11-02 11:52:50,40,45,3153,7055
2023-11-02 11:52:56,40,44,3153,7055
2023-11-02 11:52:58,40,45,3153,7055
2023-11-02 11:53:04,40,44,3153,7055
2023-11-02 11:53:40,41,44,3153,7055
2023-11-02 11:53:42,41,45,3153,7055
2023-11-02 11:54:22,40,45,3153,7055
2023-11-02 11:54:43,40,44,3153,7055
2023-11-02 11:55:10,40,45,3153,7055
2023-11-02 11:55:13,41,45,3153,7055
2023-11-02 11:55:15,40,45,3153,7055
2023-11-02 11:55:19,41,45,3153,7055
2023-11-02 11:55:46,42,45,3153,7055
2023-11-02 11:55:52,41,45,3153,7055
2023-11-02 11:56:04,40,45,3153,7055
2023-11-02 11:56:07,41,45,3153,7055
2023-11-02 11:56:10,40,45,3153,7055
2023-11-02 11:56:25,40,44,3153,7055
2023-11-02 11:56:35,39,44,3153,7055
2023-11-02 11:56:40,39,43,3153,7055
2023-11-02 11:56:56,39,44,3153,7055
2023-11-02 11:57:00,40,44,3153,7055
2023-11-02 11:57:02,40,45,3153,7055
2023-11-02 11:57:05,41,45,3153,7055
2023-11-02 11:57:31,41,45,3269,7171
2023-11-02 11:57:31,41,43,3269,7171
2023-11-02 11:57:32,40,43,3269,7171
2023-11-02 11:57:37,40,44,3269,7171
2023-11-02 11:57:37,40,42,3269,7171
2023-11-02 11:57:39,39,42,3269,7171
2023-11-02 11:58:28,39,44,3269,7171
2023-11-02 11:58:28,39,43,3269,7171
2023-11-02 11:58:48,39,44,3269,7171
2023-11-02 11:58:48,39,42,3269,7171
2023-11-02 11:58:55,38,42,3269,7171
2023-11-02 11:59:26,39,42,3269,7171
2023-11-02 11:59:31,38,42,3269,7171
2023-11-02 11:59:55,39,42,3269,7171
2023-11-02 11:59:57,38,42,3269,7171
2023-11-02 11:59:59,39,42,3269,7171
2023-11-02 12:00:06,39,44,3269,7171
2023-11-02 12:00:06,39,43,3269,7171
2023-11-02 12:00:16,40,43,3269,7171
2023-11-02 12:00:25,39,43,3269,7171
2023-11-02 12:00:34,39,44,3269,7171
2023-11-02 12:00:34,38,44,3269,7171
2023-11-02 12:00:35,38,42,3269,7171
2023-11-02 12:00:46,39,42,3269,7171
2023-11-02 12:00:51,39,44,3269,7287
2023-11-02 12:00:55,38,44,3269,7287
2023-11-02 12:01:15,39,44,3269,7287
2023-11-02 12:01:18,40,44,3269,7287
2023-11-02 12:01:18,40,46,3269,7287
2023-11-02 12:01:18,40,44,3269,7287
2023-11-02 12:01:26,39,44,3269,7287
2023-11-02 12:01:28,40,44,3269,7287
2023-11-02 12:01:52,41,44,3269,7287
2023-11-02 12:01:57,41,46,3269,7287
2023-11-02 12:01:59,40,46,3269,7287
2023-11-02 12:01:59,41,46,3269,7287
2023-11-02 12:02:01,40,46,3269,7287
2023-11-02 12:02:01,41,46,3269,7287
2023-11-02 12:02:03,40,46,3269,7287
2023-11-02 12:02:03,41,46,3269,7287
2023-11-02 12:02:10,40,46,3269,7287
2023-11-02 12:02:13,41,46,3269,7287
2023-11-02 12:02:16,40,46,3269,7287
2023-11-02 12:02:17,40,45,3269,7287
2023-11-02 12:02:27,40,44,3269,7287
2023-11-02 12:02:28,39,44,3269,7287
2023-11-02 12:02:42,42,44,3269,7287
2023-11-02 12:02:45,42,45,3269,7287
2023-11-02 12:03:40,42,44,3269,7287
2023-11-02 12:03:41,42,45,3269,7287
2023-11-02 12:03:46,42,44,3269,7287
2023-11-02 12:04:46,42,46,3269,7287
2023-11-02 12:04:47,42,45,3269,7287
2023-11-02 12:05:01,42,44,3269,7287
2023-11-02 12:05:17,42,45,3269,7287
2023-11-02 12:05:17,42,44,3269,7287
2023-11-02 12:05:41,42,45,3269,7287
2023-11-02 12:05:41,42,44,3269,7287
2023-11-02 12:05:46,42,45,3269,7287
2023-11-02 12:06:01,42,44,3269,7287
2023-11-02 12:06:02,42,45,3269,7287
2023-11-02 12:06:04,42,44,3269,7287
2023-11-02 12:06:06,42,45,3269,7287
2023-11-02 12:06:07,42,44,3269,7287
2023-11-02 12:06:17,42,46,3269,7287
2023-11-02 12:06:17,42,45,3269,7287
2023-11-02 12:06:20,43,45,3269,7287
2023-11-02 12:06:41,43,46,3269,7287
2023-11-02 12:06:59,44,46,3269,7287
2023-11-02 12:07:08,43,46,3269,7287
2023-11-02 12:07:36,42,46,3269,7287
2023-11-02 12:08:07,43,46,3269,7287
2023-11-02 12:08:42,42,46,3269,7287
2023-11-02 12:09:29,43,46,3269,7287
2023-11-02 12:09:50,42,46,3269,7287
2023-11-02 12:10:03,43,46,3269,7287
2023-11-02 12:10:08,42,46,3269,7287
2023-11-02 12:10:31,43,46,3269,7287
2023-11-02 12:10:54,42,46,3269,7287
2023-11-02 12:10:59,43,46,3269,7287
2023-11-02 12:11:08,42,46,3269,7287
2023-11-02 12:11:58,42,45,3269,7287
2023-11-02 12:14:01,42,46,3269,7287
2023-11-02 12:14:03,43,46,3269,7287
2023-11-02 12:14:09,42,46,3269,7287
2023-11-02 12:15:03,42,45,3269,7287
2023-11-02 12:16:03,42,46,3269,7287
2023-11-02 12:16:04,42,44,3269,7287
2023-11-02 12:16:36,42,45,3269,7287
2023-11-02 12:16:54,42,44,3269,7287
2023-11-02 12:17:09,42,46,3269,7287
2023-11-02 12:17:11,43,46,3269,7287
2023-11-02 12:17:46,44,46,3269,7287
2023-11-02 12:18:24,43,46,3269,7287
2023-11-02 12:18:41,42,46,3269,7287
2023-11-02 12:18:58,42,45,3269,7287
2023-11-02 12:19:59,42,44,3269,7287
2023-11-02 12:20:12,42,46,3269,7287
2023-11-02 12:20:12,42,45,3269,7287
2023-11-02 12:20:56,42,44,3269,7287
2023-11-02 12:21:01,43,44,3269,7287
2023-11-02 12:21:13,42,43,3279,7297
2023-11-02 12:21:32,42,45,3279,7297
2023-11-02 12:21:32,42,44,3279,7297
2023-11-02 12:22:33,42,43,3279,7297
2023-11-02 12:22:37,42,43,3279,7497
2023-11-02 12:22:50,42,44,3279,7497
2023-11-02 12:23:33,42,45,3279,7497
2023-11-02 12:23:34,42,44,3279,7497
2023-11-02 12:24:34,42,45,3279,7497
2023-11-02 12:24:35,42,44,3279,7497
2023-11-02 12:24:53,44,45,3299,7517
2023-11-02 12:25:09,44,46,3299,7517
2023-11-02 12:25:09,44,45,3299,7517
2023-11-02 12:25:21,46,47,3359,7577
2023-11-02 12:25:22,46,49,3359,7577
2023-11-02 12:25:22,46,48,3359,7577
2023-11-02 12:25:22,46,48,3379,7597
2023-11-02 12:25:24,47,48,3379,7597
2023-11-02 12:26:22,46,48,3379,7597
2023-11-02 12:26:22,46,49,3379,7597
2023-11-02 12:26:23,46,49,3879,8601
2023-11-02 12:26:23,46,49,3919,8641
2023-11-02 12:26:33,46,48,3919,8641
2023-11-02 12:26:39,45,48,3919,8641
2023-11-02 12:26:46,46,48,3919,8641
2023-11-02 12:26:47,46,49,3919,8641
2023-11-02 12:26:57,47,49,3919,8641
2023-11-02 12:27:06,48,49,3919,8641
2023-11-02 12:27:08,48,50,3919,8641
2023-11-02 12:27:08,48,50,3919,8671
2023-11-02 12:27:11,47,50,3919,8671
2023-11-02 12:27:22,48,50,3919,8671
2023-11-02 12:27:22,48,50,3919,8681
2023-11-02 12:27:24,48,50,3919,8689
2023-11-02 12:27:31,49,50,3919,8689
2023-11-02 12:27:40,48,50,3919,8829
2023-11-02 12:27:44,48,50,3669,9079
2023-11-02 12:27:47,47,50,3467,9281
2023-11-02 12:27:49,47,49,3467,9281
2023-11-02 12:27:53,47,50,3467,9281
2023-11-02 12:27:56,47,49,3467,9281
2023-11-02 12:28:00,47,48,3467,9281
2023-11-02 12:28:45,47,48,3467,9531
2023-11-02 12:28:46,46,48,3467,9531
2023-11-02 12:28:48,46,47,3467,9531
2023-11-02 12:28:52,45,47,3467,9531
2023-11-02 12:28:56,45,47,3497,9561
2023-11-02 12:29:05,45,47,3507,9571
2023-11-02 12:29:12,44,47,3507,9571
2023-11-02 12:29:12,44,46,3507,9571
2023-11-02 12:29:16,44,47,3507,9571
2023-11-02 12:29:17,44,45,3507,9571
2023-11-02 12:29:22,44,47,3527,9591
2023-11-02 12:29:26,44,46,3527,9591
2023-11-02 12:29:27,44,47,3527,9591
2023-11-02 12:29:27,44,46,3527,9591
2023-11-02 12:30:27,44,47,3527,9591
2023-11-02 12:30:27,44,45,3527,9591
2023-11-02 12:31:21,43,45,3527,9591
2023-11-02 12:31:21,46,48,3537,9611
2023-11-02 12:31:30,46,49,3537,9611
2023-11-02 12:31:31,46,49,3577,9651
2023-11-02 12:31:39,46,48,3577,9651
2023-11-02 12:31:40,46,49,3577,9651
2023-11-02 12:32:02,46,48,3577,9651
2023-11-02 12:32:08,46,48,3587,9661
2023-11-02 12:32:13,46,47,3587,9661
2023-11-02 12:32:14,46,48,3587,9661
2023-11-02 12:32:17,45,48,3587,9661
2023-11-02 12:32:17,45,47,3587,9661
2023-11-02 12:32:24,45,46,3587,9661
2023-11-02 12:32:30,44,46,3587,9661
2023-11-02 12:32:31,44,45,3587,9661
2023-11-02 12:32:40,44,45,3597,9671
2023-11-02 12:33:31,44,47,3597,9671
2023-11-02 12:33:32,44,46,3597,9671
2023-11-02 12:33:43,44,45,3597,9671
2023-11-02 12:33:43,42,45,3597,9671
2023-11-02 12:33:44,42,44,3597,9671
2023-11-02 12:34:08,42,44,3610,9684
2023-11-02 12:34:10,40,44,3610,9684
2023-11-02 12:34:22,41,44,3610,9684
2023-11-02 12:34:39,41,45,3610,9684
2023-11-02 12:34:40,40,45,3610,9684
2023-11-02 12:34:55,40,44,3610,9684
2023-11-02 12:35:10,39,44,3610,9684
2023-11-02 12:35:30,39,42,3610,9684
2023-11-02 12:35:30,38,42,3610,9684
2023-11-02 12:35:30,38,41,3610,9684
2023-11-02 12:35:42,37,41,3610,9684
2023-11-02 12:35:54,38,41,3610,9684
2023-11-02 12:36:01,39,41,3610,9684
2023-11-02 12:36:05,39,44,3610,9684
2023-11-02 12:36:32,40,44,3610,9684
2023-11-02 12:36:36,40,45,3610,9684
2023-11-02 12:36:37,39,45,3610,9684
2023-11-02 12:36:37,39,44,3610,9684
2023-11-02 12:36:40,40,44,3610,9684
2023-11-02 12:36:46,39,44,3610,9684
2023-11-02 12:37:37,39,45,3610,9684
2023-11-02 12:37:38,39,44,3610,9684
2023-11-02 12:38:15,39,43,3610,9684
2023-11-02 12:38:16,39,44,3610,9684
2023-11-02 12:38:23,39,43,3610,9684
2023-11-02 12:38:26,38,43,3610,9684
2023-11-02 12:38:26,38,41,3610,9684
2023-11-02 12:38:29,37,41,3610,9684
2023-11-02 12:38:32,37,42,3610,9684
2023-11-02 12:38:33,37,41,3610,9684
2023-11-02 12:38:33,37,40,3610,9684
2023-11-02 12:38:35,36,40,3610,9684
2023-11-02 12:38:51,36,41,3610,9684
2023-11-02 12:38:52,36,40,3610,9684
2023-11-02 12:39:02,35,40,3610,9684
2023-11-02 12:39:21,35,39,3610,9684
2023-11-02 12:39:26,34,39,3610,9684
2023-11-02 12:39:27,34,38,3610,9684
2023-11-02 12:39:30,33,38,3610,9684
2023-11-02 12:39:34,34,38,3610,9684
2023-11-02 12:39:40,33,38,3610,9684
2023-11-02 12:39:49,34,38,3610,9684
2023-11-02 12:39:55,34,39,3610,9684
2023-11-02 12:40:07,34,40,3610,9684
2023-11-02 12:40:08,34,39,3610,9684
2023-11-02 12:40:22,34,38,3610,9684
2023-11-02 12:40:25,34,37,3610,9684
2023-11-02 12:40:27,33,37,3610,9684
2023-11-02 12:40:28,33,36,3610,9684
2023-11-02 12:40:28,32,36,3610,9684
2023-11-02 12:40:47,32,37,3610,9684
2023-11-02 12:40:50,32,38,3610,9684
2023-11-02 12:40:52,33,38,3610,9684
2023-11-02 12:41:04,33,37,3610,9684
2023-11-02 12:41:10,32,37,3610,9684
2023-11-02 12:41:23,37,38,3640,9714
2023-11-02 12:41:32,33,37,3640,9784
2023-11-02 12:41:33,34,37,3640,9784
2023-11-02 12:41:34,34,38,3640,9784
2023-11-02 12:41:44,34,37,3640,9784
2023-11-02 12:41:45,34,38,3640,9784
2023-11-02 12:41:46,34,37,3640,9784
2023-11-02 12:42:02,34,38,3640,9784
2023-11-02 12:42:08,34,37,3640,9784
2023-11-02 12:42:12,34,38,3640,9784
2023-11-02 12:42:14,34,37,3640,9784
2023-11-02 12:42:15,34,38,3640,9784
2023-11-02 12:42:37,34,37,3640,9784
2023-11-02 12:42:56,34,39,3640,9784
2023-11-02 12:42:58,36,39,3640,9784
2023-11-02 12:43:06,36,40,3640,9784
2023-11-02 12:43:08,36,39,3640,9784
2023-11-02 12:43:09,36,40,3640,9784
2023-11-02 12:43:39,36,39,3640,9784
2023-11-02 12:43:50,36,40,3640,9784
2023-11-02 12:44:02,36,41,3640,9784
2023-11-02 12:44:07,36,40,3640,9784
2023-11-02 12:44:11,36,39,3640,9784
2023-11-02 12:44:19,36,38,3640,9784
2023-11-02 12:44:20,36,39,3640,9784
2023-11-02 12:44:21,36,38,3640,9784
2023-11-02 12:44:24,33,38,3640,9784
2023-11-02 12:44:44,34,37,3640,9784
2023-11-02 12:45:21,36,37,3640,9784
2023-11-02 12:45:23,36,39,3640,9784
2023-11-02 12:45:32,36,38,3640,9784
2023-11-02 12:45:33,36,39,3640,9784
2023-11-02 12:45:35,36,38,3640,9784
2023-11-02 12:45:36,36,39,3640,9784
2023-11-02 12:45:39,36,38,3640,9784
2023-11-02 12:45:46,33,38,3640,9784
2023-11-02 12:45:46,34,38,3640,9784
2023-11-02 12:45:49,34,37,3640,9784
2023-11-02 12:45:52,34,36,3640,9784
2023-11-02 12:46:07,33,36,3640,9784
2023-11-02 12:46:07,33,35,3640,9784
2023-11-02 12:46:10,33,34,3640,9784
2023-11-02 12:46:10,32,34,3640,9784
2023-11-02 12:46:13,32,35,3640,9784
2023-11-02 12:46:18,32,34,3640,9784
2023-11-02 12:46:22,32,35,3640,9784
2023-11-02 12:47:09,32,36,3640,9784
2023-11-02 12:47:22,32,35,3640,9784
2023-11-02 12:48:04,34,35,3640,9784
2023-11-02 12:48:11,34,37,3640,9784
2023-11-02 12:48:12,34,36,3640,9784
2023-11-02 12:48:26,33,36,3640,9784
2023-11-02 12:48:35,33,35,3640,9784
2023-11-02 12:48:37,32,35,3640,9784
2023-11-02 12:48:42,32,35,3640,10084
2023-11-02 12:48:43,32,36,3640,10084
2023-11-02 12:48:52,32,35,3640,10084
2023-11-02 12:48:58,32,35,3640,10184
2023-11-02 12:49:01,32,36,3640,10184
2023-11-02 12:49:05,32,35,3640,10184
2023-11-02 12:49:10,32,36,3640,10184
2023-11-02 12:49:27,33,36,3640,10184
2023-11-02 12:49:31,32,36,3640,10184
2023-11-02 12:49:34,32,35,3640,10184
2023-11-02 12:49:38,32,33,3640,10184
2023-11-02 12:49:46,32,34,3640,10184
2023-11-02 12:49:51,32,35,3640,10184
2023-11-02 12:49:52,32,36,3640,10184
2023-11-02 12:50:09,32,35,3640,10184
2023-11-02 12:50:16,32,34,3640,10184
2023-11-02 12:50:20,32,35,3640,10184
2023-11-02 12:50:21,32,34,3640,10184
2023-11-02 12:50:23,32,35,3640,10184
2023-11-02 12:50:28,32,36,3640,10184
2023-11-02 12:50:44,32,35,3640,10184
2023-11-02 12:51:14,32,34,3640,10184
2023-11-02 12:51:27,32,33,3640,10184
2023-11-02 12:51:37,32,33,3640,10242
2023-11-02 12:51:41,32,33,3650,10342
2023-11-02 12:51:50,32,34,3650,10342
2023-11-02 12:52:03,32,33,3650,10342
2023-11-02 12:52:22,32,34,3690,10382
2023-11-02 12:53:08,32,35,3690,10382
2023-11-02 12:53:30,32,34,3690,10382
2023-11-02 12:53:33,32,33,3690,10382
2023-11-02 12:53:49,32,34,3690,10382
2023-11-02 12:54:04,32,35,3690,10382
2023-11-02 12:54:09,32,34,3690,10382
2023-11-02 12:54:37,32,35,3690,10382
2023-11-02 12:54:42,32,34,3690,10382
2023-11-02 12:54:43,32,35,3690,10382
2023-11-02 12:55:09,32,34,3690,10382
2023-11-02 12:55:10,32,35,3690,10382
2023-11-02 12:55:13,32,34,3690,10382
2023-11-02 12:55:18,32,35,3690,10382
2023-11-02 12:55:20,32,34,3690,10382
2023-11-02 12:55:21,32,35,3690,10382
2023-11-02 12:55:22,32,34,3690,10382
2023-11-02 12:55:24,32,33,3690,10382
2023-11-02 12:55:28,32,34,3690,10382
2023-11-02 12:55:29,32,33,3690,10382
2023-11-02 12:55:51,32,33,3490,10582
2023-11-02 12:56:04,32,33,3490,10612
2023-11-02 12:56:23,32,34,3490,10612
2023-11-02 12:56:24,32,33,3490,10612
2023-11-02 12:56:39,32,33,3490,10622
2023-11-02 12:56:58,32,34,3490,10622
2023-11-02 12:57:05,32,35,3490,10622
2023-11-02 12:57:28,32,34,3490,10622
2023-11-02 12:57:32,32,35,3490,10622
2023-11-02 12:57:47,32,34,3490,10622
2023-11-02 12:58:04,32,35,3490,10622
2023-11-02 12:58:20,32,36,3500,10632
2023-11-02 12:58:20,35,36,3500,10632
2023-11-02 12:58:20,35,36,3700,10832
2023-11-02 12:58:20,35,38,3700,10832
2023-11-02 12:58:20,35,39,3700,10832
2023-11-02 12:58:20,35,40,3700,10832
2023-11-02 12:58:20,35,38,3700,10832
2023-11-02 12:58:21,35,40,3700,10832
2023-11-02 12:58:21,38,40,3700,10832
2023-11-02 12:58:21,38,41,3700,10832
2023-11-02 12:58:22,38,42,3700,10832
2023-11-02 12:58:22,39,42,3700,10832
2023-11-02 12:58:22,39,41,3700,10832
2023-11-02 12:58:22,39,41,3750,10882
2023-11-02 12:58:23,39,42,3750,10882
2023-11-02 12:58:23,39,40,3750,10882
2023-11-02 12:58:24,40,42,3750,10932
2023-11-02 12:58:26,40,43,3750,10932
2023-11-02 12:58:28,40,44,3750,10932
2023-11-02 12:58:28,41,44,3750,10932
2023-11-02 12:58:36,42,44,3750,10932
2023-11-02 12:58:39,41,44,3700,10982
2023-11-02 12:58:57,40,44,3700,10982
2023-11-02 12:58:57,40,43,3700,10982
2023-11-02 12:59:17,40,42,3700,10982
2023-11-02 12:59:22,39,42,3700,10982
2023-11-02 12:59:24,39,41,3700,10982
2023-11-02 12:59:33,40,41,3700,10982
2023-11-02 12:59:36,39,41,3700,10982
2023-11-02 12:59:37,40,41,3700,10982
2023-11-02 12:59:43,39,41,3700,10982
2023-11-02 13:00:02,39,42,3700,10982
2023-11-02 13:00:04,40,42,3700,10982
2023-11-02 13:00:05,40,43,3700,10982
2023-11-02 13:00:17,40,44,3700,10982
2023-11-02 13:00:19,41,44,3700,10982
2023-11-02 13:00:48,42,44,3700,10982
2023-11-02 13:00:48,42,45,3700,10982
2023-11-02 13:00:50,43,45,3700,10982
2023-11-02 13:00:55,43,46,3700,10982
2023-11-02 13:01:12,43,45,3700,10982
2023-11-02 13:01:28,42,43,3700,11182
2023-11-02 13:01:31,41,43,3700,11182
2023-11-02 13:02:04,40,43,3700,11182
2023-11-02 13:02:18,40,42,3700,11182
2023-11-02 13:02:19,39,42,3700,11182
2023-11-02 13:02:26,39,41,3700,11182
2023-11-02 13:02:34,39,40,3700,11182
2023-11-02 13:02:34,38,40,3700,11182
2023-11-02 13:02:35,38,41,3700,11182
2023-11-02 13:02:35,38,40,3700,11182
2023-11-02 13:02:45,36,40,3700,11182
2023-11-02 13:03:21,36,39,3700,11182
2023-11-02 13:03:28,38,39,3700,11182
2023-11-02 13:03:29,38,41,3700,11182
2023-11-02 13:03:53,38,40,3700,11182
2023-11-02 13:03:56,36,40,3700,11182
2023-11-02 13:03:57,36,39,3700,11182
2023-11-02 13:04:12,36,40,3700,11182
2023-11-02 13:04:26,36,41,3700,11182
2023-11-02 13:04:27,38,41,3700,11182
2023-11-02 13:04:27,38,41,3700,11182
2023-11-02 13:04:28,38,43,3700,11182
2023-11-02 13:04:29,38,42,3700,11182
2023-11-02 13:04:29,38,40,3700,11182
2023-11-02 13:04:30,38,42,3700,11182
2023-11-02 13:04:31,38,41,3700,11182
2023-11-02 13:04:44,38,42,3700,11182
2023-11-02 13:04:44,38,43,3700,11182
2023-11-02 13:04:45,37,43,3700,11182
2023-11-02 13:04:45,40,43,3700,11182
2023-11-02 13:04:46,40,41,3700,11182
2023-11-02 13:04:47,40,43,3700,11182
2023-11-02 13:04:55,40,42,3700,11182
2023-11-02 13:04:56,40,43,3700,11182
2023-11-02 13:05:04,40,42,3700,11182
2023-11-02 13:05:18,39,42,3700,11182
2023-11-02 13:05:21,39,41,3700,11182
2023-11-02 13:05:30,38,41,3700,11182
2023-11-02 13:05:31,38,40,3700,11182
2023-11-02 13:06:04,37,40,3700,11182
2023-11-02 13:06:17,37,39,3700,11182
2023-11-02 13:06:26,36,39,3700,11182
2023-11-02 13:06:29,36,38,3700,11182
2023-11-02 13:06:35,36,39,3700,11182
2023-11-02 13:06:41,36,40,3700,11182
2023-11-02 13:06:49,36,39,3700,11182
2023-11-02 13:07:01,36,40,3700,11182
2023-11-02 13:07:06,36,39,3700,11182
2023-11-02 13:07:08,36,40,3700,11182
2023-11-02 13:07:09,36,39,3700,11182
2023-11-02 13:07:29,36,38,3700,11182
2023-11-02 13:07:32,35,38,3700,11182
2023-11-02 13:07:38,35,37,3700,11182
2023-11-02 13:08:06,34,37,3700,11182
2023-11-02 13:08:07,34,36,3700,11182
2023-11-02 13:08:15,33,36,3700,11182
2023-11-02 13:08:17,33,35,3700,11182
2023-11-02 13:08:25,33,36,3700,11182
2023-11-02 13:08:45,33,35,3700,11182
2023-11-02 13:08:47,32,35,3700,11182
2023-11-02 13:08:50,32,34,3700,11182
2023-11-02 13:08:51,32,33,3700,11182
2023-11-02 13:09:50,30,31,3634,11248
2023-11-02 13:09:50,30,33,3634,11382
2023-11-02 13:10:18,30,32,3634,11382
2023-11-02 13:10:23,30,31,3634,11382
2023-11-02 13:10:36,29,30,3634,11407
2023-11-02 13:10:45,29,31,3634,11407
2023-11-02 13:11:06,29,31,3634,11507
2023-11-02 13:11:46,29,30,3634,11507
2023-11-02 13:11:59,28,29,3614,11527
2023-11-02 13:11:59,27,28,3604,11572
2023-11-02 13:11:59,26,28,3604,11572
2023-11-02 13:12:08,26,29,3604,11727
2023-11-02 13:12:09,26,30,3604,11727
2023-11-02 13:12:10,27,30,3604,11727
2023-11-02 13:12:12,26,30,3604,11727
2023-11-02 13:12:12,27,30,3604,11727
2023-11-02 13:12:16,27,29,3604,11727
2023-11-02 13:12:17,27,30,3604,11727
2023-11-02 13:12:19,26,30,3604,11727
2023-11-02 13:12:19,26,29,3604,11727
2023-11-02 13:12:19,27,29,3604,11727
2023-11-02 13:12:19,26,29,3604,11727
2023-11-02 13:12:26,27,29,3604,11727
2023-11-02 13:12:27,26,29,3604,11727
2023-11-02 13:12:30,26,28,3604,11727
2023-11-02 13:12:31,26,29,3604,11727
2023-11-02 13:12:32,26,28,3604,11727
2023-11-02 13:12:33,26,29,3604,11727
2023-11-02 13:12:37,27,29,3604,11727
2023-11-02 13:12:38,26,29,3604,11727
2023-11-02 13:12:43,27,29,3604,11727
2023-11-02 13:12:53,26,29,3604,11727
2023-11-02 13:12:54,26,28,3604,11727
2023-11-02 13:12:57,26,27,3604,11727
2023-11-02 13:12:57,24,27,3404,11927
2023-11-02 13:12:57,26,27,3404,11927
2023-11-02 13:13:03,26,27,3204,12127
2023-11-02 13:13:03,24,27,3204,12127
2023-11-02 13:13:03,25,27,3204,12127
2023-11-02 13:13:11,26,27,3204,12127
2023-11-02 13:13:14,26,28,3204,12127
2023-11-02 13:13:15,26,29,3204,12127
2023-11-02 13:13:29,25,29,3204,12127
2023-11-02 13:13:29,26,29,3204,12127
2023-11-02 13:13:32,25,29,3204,12127
2023-11-02 13:13:32,26,29,3204,12127
2023-11-02 13:13:44,27,29,3204,12127
2023-11-02 13:13:51,26,29,3204,12127
2023-11-02 13:13:51,27,29,3204,12127
2023-11-02 13:13:56,27,28,3204,12127
2023-11-02 13:13:56,25,28,3204,12127
2023-11-02 13:13:56,26,28,3204,12127
2023-11-02 13:14:01,25,28,3204,12127
2023-11-02 13:14:01,27,28,3204,12127
2023-11-02 13:14:03,26,28,3204,12127
2023-11-02 13:14:05,26,27,3204,12127
2023-11-02 13:14:12,24,27,3204,12127
2023-11-02 13:14:12,25,27,3204,12127
2023-11-02 13:14:14,24,27,3204,12127
2023-11-02 13:14:15,25,27,3204,12127
2023-11-02 13:14:19,24,27,3204,12127
2023-11-02 13:14:19,25,27,3204,12127
2023-11-02 13:14:32,24,27,3204,12127
2023-11-02 13:14:34,25,27,3204,12127
2023-11-02 13:14:35,24,27,3204,12127
2023-11-02 13:14:36,25,27,3204,12127
2023-11-02 13:14:44,24,27,3204,12127
2023-11-02 13:14:45,25,27,3204,12127
2023-11-02 13:14:50,26,27,3204,12127
2023-11-02 13:14:52,26,28,3204,12127
2023-11-02 13:14:55,26,27,3204,12127
2023-11-02 13:15:09,25,27,3204,12127
2023-11-02 13:15:11,26,27,3204,12127
2023-11-02 13:15:13,25,27,3204,12127
2023-11-02 13:15:13,26,27,3204,12127
2023-11-02 13:15:21,25,27,3204,12127
2023-11-02 13:15:22,26,27,3204,12127
2023-11-02 13:15:24,25,27,3204,12127
2023-11-02 13:15:44,26,27,3204,12127
2023-11-02 13:15:49,25,27,3204,12127
2023-11-02 13:15:54,24,27,3204,12127
2023-11-02 13:15:54,25,27,3204,12127
2023-11-02 13:15:59,26,27,3204,12127
2023-11-02 13:16:02,23,26,3099,12232
2023-11-02 13:16:02,25,26,3099,12232
2023-11-02 13:16:09,23,26,3099,12232
2023-11-02 13:16:09,24,26,3099,12232
2023-11-02 13:16:14,23,26,3099,12232
2023-11-02 13:16:14,24,26,3099,12232
2023-11-02 13:16:22,23,26,3099,12232
2023-11-02 13:16:23,24,26,3099,12232
2023-11-02 13:16:27,23,26,3099,12232
2023-11-02 13:16:27,24,26,3099,12232
2023-11-02 13:16:30,23,26,3099,12232
2023-11-02 13:16:30,24,26,3099,12232
2023-11-02 13:16:30,23,26,3099,12232
2023-11-02 13:16:30,24,26,3099,12232
2023-11-02 13:16:33,24,27,3099,12232
2023-11-02 13:16:35,24,26,3099,12232
2023-11-02 13:16:35,23,26,3099,12232
2023-11-02 13:16:35,24,26,3099,12232
2023-11-02 13:16:37,24,27,3099,12232
2023-11-02 13:16:41,24,26,3099,12232
2023-11-02 13:16:42,25,26,3099,12232
2023-11-02 13:16:43,25,27,3099,12232
2023-11-02 13:16:44,25,26,3099,12232
2023-11-02 13:16:46,25,27,3099,12232
2023-11-02 13:16:57,23,27,3099,12232
2023-11-02 13:16:57,25,27,3099,12232
2023-11-02 13:17:01,25,26,3099,12232
2023-11-02 13:17:05,23,26,3099,12232
2023-11-02 13:17:05,24,26,3099,12232
2023-11-02 13:17:05,25,26,3099,12232
2023-11-02 13:17:13,23,26,3099,12232
2023-11-02 13:17:13,24,26,3099,12232
2023-11-02 13:17:13,25,26,3099,12232
2023-11-02 13:17:15,25,27,3099,12232
2023-11-02 13:17:15,23,27,3099,12232
2023-11-02 13:17:15,25,27,3099,12232
2023-11-02 13:17:21,23,27,3099,12232
2023-11-02 13:17:21,24,27,3099,12232
2023-11-02 13:17:22,25,27,3099,12232
2023-11-02 13:17:24,25,28,3099,12232
2023-11-02 13:17:25,26,28,3099,12232
2023-11-02 13:17:27,25,28,3099,12232
2023-11-02 13:17:27,26,28,3099,12232
2023-11-02 13:17:37,26,29,3099,12232
2023-11-02 13:17:41,26,30,3099,12232
2023-11-02 13:17:41,26,29,3099,12232
2023-11-02 13:17:43,26,28,3099,12232
2023-11-02 13:17:59,26,27,3099,12232
2023-11-02 13:18:02,24,27,3099,12232
2023-11-02 13:18:03,25,27,3099,12232
2023-11-02 13:18:05,23,27,2809,12832
2023-11-02 13:18:05,23,26,2809,12832
2023-11-02 13:18:08,25,26,2809,12832
2023-11-02 13:18:22,25,27,2809,12832
2023-11-02 13:18:24,26,27,2809,12832
2023-11-02 13:18:24,23,27,2809,12832
2023-11-02 13:18:35,25,27,2809,12832
2023-11-02 13:18:36,25,26,2809,12832
2023-11-02 13:19:03,25,26,2809,12932
2023-11-02 13:19:28,25,27,2809,13132
2023-11-02 13:19:29,25,28,2809,13132
2023-11-02 13:19:29,25,29,2809,13132
2023-11-02 13:19:29,26,29,2809,13132
2023-11-02 13:19:40,26,28,2809,13132
2023-11-02 13:19:42,26,29,2809,13132
2023-11-02 13:19:51,25,29,2809,13132
2023-11-02 13:19:52,26,29,2809,13132
2023-11-02 13:19:58,26,28,2809,13132
2023-11-02 13:20:11,25,28,2809,13132
2023-11-02 13:20:11,26,28,2809,13132
2023-11-02 13:20:26,25,28,2809,13132
2023-11-02 13:20:26,26,28,2809,13132
2023-11-02 13:20:32,25,28,2809,13132
2023-11-02 13:20:33,26,28,2809,13132
2023-11-02 13:20:35,25,28,2809,13132
2023-11-02 13:20:36,26,28,2809,13132
2023-11-02 13:20:40,25,28,2809,13132
2023-11-02 13:20:40,26,28,2809,13132
2023-11-02 13:20:43,26,27,2809,13132
2023-11-02 13:20:43,25,27,2809,13132
2023-11-02 13:20:44,26,27,2809,13132
2023-11-02 13:20:45,25,27,2809,13132
2023-11-02 13:20:46,26,27,2809,13132
2023-11-02 13:20:50,25,27,2809,13132
2023-11-02 13:20:52,26,27,2809,13132
2023-11-02 13:20:55,25,27,2809,13132
2023-11-02 13:20:56,26,27,2809,13132
2023-11-02 13:21:00,26,28,2809,13132
2023-11-02 13:21:16,26,29,2809,13132
2023-11-02 13:21:17,26,28,2809,13132
2023-11-02 13:21:20,25,28,2809,13132
2023-11-02 13:21:27,25,27,2809,13132
2023-11-02 13:21:28,25,28,2809,13132
2023-11-02 13:21:29,25,27,2809,13132
2023-11-02 13:21:33,25,28,2809,13132
2023-11-02 13:21:44,26,28,2809,13132
2023-11-02 13:21:44,25,28,2809,13132
2023-11-02 13:21:45,25,29,2809,13132
2023-11-02 13:21:45,26,29,2809,13132
2023-11-02 13:21:46,26,28,2809,13132
2023-11-02 13:22:00,26,29,2809,13132
2023-11-02 13:22:01,26,28,2809,13132
2023-11-02 13:22:01,26,29,2809,13132
2023-11-02 13:22:02,26,28,2809,13132
2023-11-02 13:22:11,26,29,2809,13132
2023-11-02 13:22:11,25,29,2809,13132
2023-11-02 13:22:11,26,29,2809,13132
2023-11-02 13:22:12,26,29,2809,13132
2023-11-02 13:22:13,26,28,2809,13132
2023-11-02 13:22:17,26,29,2809,13132
2023-11-02 13:22:19,26,27,2809,13132
2023-11-02 13:22:23,25,27,2809,13132
2023-11-02 13:22:23,26,27,2809,13132
2023-11-02 13:22:46,25,27,2809,13132
2023-11-02 13:22:47,26,27,2809,13132
2023-11-02 13:22:52,25,27,2809,13132
2023-11-02 13:22:52,26,27,2809,13132
2023-11-02 13:23:05,25,27,2809,13132
2023-11-02 13:23:05,26,27,2809,13132
2023-11-02 13:23:08,26,27,3059,13382
2023-11-02 13:23:13,25,27,3059,13382
2023-11-02 13:23:13,26,27,3059,13382
2023-11-02 13:23:24,25,27,3059,13382
2023-11-02 13:23:24,26,27,3059,13382
2023-11-02 13:23:26,25,27,3059,13382
2023-11-02 13:23:26,26,27,3059,13382
2023-11-02 13:23:28,26,27,3309,13632
2023-11-02 13:23:30,26,27,3559,13882
2023-11-02 13:23:35,25,27,3559,13882
2023-11-02 13:23:37,26,27,3559,13882
2023-11-02 13:23:39,25,27,3559,13882
2023-11-02 13:23:40,26,27,3559,13882
2023-11-02 13:23:43,26,29,3809,14132
2023-11-02 13:23:43,27,29,3809,14132
2023-11-02 13:23:45,27,28,3809,14132
2023-11-02 13:24:10,25,28,3809,14132
2023-11-02 13:24:10,26,28,3809,14132
2023-11-02 13:24:18,25,28,3809,14132
2023-11-02 13:24:18,26,28,3809,14132
2023-11-02 13:24:29,25,28,3809,14132
2023-11-02 13:24:29,26,28,3809,14132
2023-11-02 13:24:29,25,28,3809,14132
2023-11-02 13:24:40,26,28,3809,14132
2023-11-02 13:24:42,25,28,3809,14132
2023-11-02 13:24:42,26,28,3809,14132
2023-11-02 13:24:44,25,28,3809,14132
2023-11-02 13:24:44,26,28,3809,14132
2023-11-02 13:24:48,25,28,3809,14132
2023-11-02 13:25:00,26,28,3809,14132
2023-11-02 13:25:04,25,28,3809,14132
2023-11-02 13:25:08,26,28,3809,14132
2023-11-02 13:25:12,26,28,4059,14382
2023-11-02 13:25:14,27,28,4059,14382
2023-11-02 13:25:15,27,28,4169,14492
2023-11-02 13:25:15,27,28,4419,14742
2023-11-02 13:25:16,27,28,4669,14992
2023-11-02 13:25:18,27,31,4809,15132
2023-11-02 13:25:18,27,30,4809,15132
2023-11-02 13:25:20,28,30,4809,15132
2023-11-02 13:25:21,28,32,4809,15132
2023-11-02 13:25:21,28,31,4809,15132
2023-11-02 13:25:23,28,30,4809,15132
2023-11-02 13:25:26,28,30,4809,15132
2023-11-02 13:25:30,27,30,4809,15132
2023-11-02 13:25:30,27,30,4809,15132
2023-11-02 13:25:30,28,31,4809,15132
2023-11-02 13:25:30,27,31,4809,15132
2023-11-02 13:25:30,27,30,4809,15132
2023-11-02 13:25:30,28,30,4809,15132
2023-11-02 13:25:33,27,30,4809,15132
2023-11-02 13:25:33,27,30,4809,15132
2023-11-02 13:25:34,27,30,4809,15132
2023-11-02 13:25:35,28,30,4809,15132
2023-11-02 13:25:41,28,32,4809,15132
2023-11-02 13:25:41,28,31,4809,15132
2023-11-02 13:25:51,28,32,4809,15132
2023-11-02 13:25:51,28,31,4809,15132
2023-11-02 13:25:55,29,31,4809,15132
2023-11-02 13:26:01,28,31,4809,15132
2023-11-02 13:26:05,28,30,4809,15132
2023-11-02 13:26:06,27,30,4809,15132
2023-11-02 13:26:11,27,31,4809,15132
2023-11-02 13:26:11,27,30,4809,15132
2023-11-02 13:26:19,27,31,4809,15132
2023-11-02 13:26:19,27,30,4809,15132
2023-11-02 13:26:24,27,29,4809,15132
2023-11-02 13:26:41,27,30,4809,15132
2023-11-02 13:26:41,27,28,4809,15132
2023-11-02 13:27:08,26,28,4809,15132
2023-11-02 13:27:08,27,28,4809,15132
2023-11-02 13:27:08,26,28,4809,15132
2023-11-02 13:27:08,27,28,4809,15132
2023-11-02 13:27:16,26,28,4809,15132
2023-11-02 13:27:16,27,28,4809,15132
2023-11-02 13:27:31,26,28,4809,15132
2023-11-02 13:27:44,25,28,4809,15132
2023-11-02 13:27:48,26,28,4809,15132
2023-11-02 13:27:56,25,28,4809,15132
2023-11-02 13:27:56,26,28,4809,15132
2023-11-02 13:28:00,25,28,4809,15132
2023-11-02 13:28:01,26,28,4809,15132
2023-11-02 13:28:02,25,28,4809,15132
2023-11-02 13:28:03,26,28,4809,15132
2023-11-02 13:28:07,25,28,4809,15132
2023-11-02 13:28:09,26,28,4809,15132
2023-11-02 13:28:12,26,27,4809,15132
2023-11-02 13:28:12,25,27,4809,15132
2023-11-02 13:28:28,25,28,4809,15132
2023-11-02 13:28:28,26,28,4809,15132
2023-11-02 13:28:47,25,28,4809,15132
2023-11-02 13:28:47,26,28,4809,15132
2023-11-02 13:28:51,27,28,4809,15132
2023-11-02 13:28:54,25,28,4809,15132
2023-11-02 13:28:54,26,28,4809,15132
2023-11-02 13:29:26,25,28,4809,15132
2023-11-02 13:29:27,26,28,4809,15132
2023-11-02 13:29:30,27,28,4809,15132
2023-11-02 13:29:36,25,28,4809,15132
2023-11-02 13:29:36,26,28,4809,15132
2023-11-02 13:29:59,27,28,4809,15132
2023-11-02 13:30:01,25,28,4809,15132
2023-11-02 13:30:01,26,28,4809,15132
2023-11-02 13:30:03,26,27,4809,15132
2023-11-02 13:30:05,25,27,4809,15132
2023-11-02 13:30:06,26,27,4809,15132
2023-11-02 13:30:12,25,27,4809,15132
2023-11-02 13:30:12,26,27,4809,15132
2023-11-02 13:30:13,26,27,4609,15332
2023-11-02 13:30:13,25,27,4609,15332
2023-11-02 13:30:15,25,26,4609,15332
2023-11-02 13:30:22,24,25,4446,15495
2023-11-02 13:30:23,24,26,4446,15495
2023-11-02 13:30:27,25,26,4446,15495
2023-11-02 13:30:28,24,26,4446,15495
2023-11-02 13:30:29,24,25,4446,15495
2023-11-02 13:30:34,23,24,4421,15520
2023-11-02 13:30:36,23,25,4421,15520
2023-11-02 13:30:36,24,25,4421,15520
2023-11-02 13:30:37,23,25,4421,15520
2023-11-02 13:30:37,24,25,4421,15520
2023-11-02 13:30:39,23,25,4421,15520
2023-11-02 13:30:40,24,25,4421,15520
2023-11-02 13:30:44,23,25,4421,15520
2023-11-02 13:30:45,24,25,4421,15520
2023-11-02 13:30:53,23,25,4421,15520
2023-11-02 13:30:56,23,24,4421,15520
2023-11-02 13:30:58,23,24,4221,15720
2023-11-02 13:31:01,22,23,4175,15766
2023-11-02 13:31:11,21,22,4334,16079
2023-11-02 13:31:18,21,22,4384,16129
2023-11-02 13:31:18,21,22,4434,16179
2023-11-02 13:31:23,21,22,4484,16229
2023-11-02 13:31:23,21,22,4534,16279
2023-11-02 13:31:23,21,22,4584,16329
2023-11-02 13:31:23,21,22,4634,16379
2023-11-02 13:31:24,21,22,4684,16429
2023-11-02 13:31:28,21,22,4734,16479
2023-11-02 13:31:37,21,22,4750,16495
2023-11-02 13:31:38,20,22,4750,16495
2023-11-02 13:31:38,21,22,4750,16495
2023-11-02 13:31:40,21,22,4834,16579
2023-11-02 13:31:46,20,21,4834,16762
2023-11-02 13:31:47,20,22,4834,16762
2023-11-02 13:31:47,21,22,4834,16762
2023-11-02 13:32:03,21,22,4905,16962
2023-11-02 13:32:07,20,21,5393,17450
2023-11-02 13:32:20,19,20,5393,17475
2023-11-02 13:32:29,18,19,5522,17685
2023-11-02 13:33:03,17,19,5522,17685
2023-11-02 13:33:14,17,20,5522,17685
2023-11-02 13:33:20,17,18,5522,17685
2023-11-02 13:33:28,17,18,5722,17885
2023-11-02 13:33:28,17,18,5972,18135
2023-11-02 13:33:29,17,18,6222,18385
2023-11-02 13:33:29,17,18,6472,18635
2023-11-02 13:33:31,17,18,6722,18885
2023-11-02 13:33:32,17,18,6972,19135
2023-11-02 13:33:33,17,18,7222,19385
2023-11-02 13:33:34,17,18,7222,19395
2023-11-02 13:33:49,16,18,7222,19395
2023-11-02 13:33:49,17,18,7222,19395
2023-11-02 13:34:12,15,18,7202,19819
2023-11-02 13:34:30,16,18,7202,19819
2023-11-02 13:34:31,15,18,7202,19819
2023-11-02 13:34:34,15,19,7202,19819
2023-11-02 13:34:47,15,18,7202,19819
2023-11-02 13:34:50,16,18,7202,19819
2023-11-02 13:34:58,16,17,7202,19819
2023-11-02 13:35:15,16,18,7202,19819
2023-11-02 13:35:22,16,20,7202,19819
2023-11-02 13:35:22,16,19,7202,19819
2023-11-02 13:35:37,17,19,7202,19819
2023-11-02 13:35:37,17,20,7202,19819
2023-11-02 13:35:38,18,20,7202,19819
2023-11-02 13:35:44,18,22,7202,19819
2023-11-02 13:35:44,18,21,7202,19819
2023-11-02 13:36:17,19,21,7202,19819
2023-11-02 13:36:31,19,23,7202,19819
2023-11-02 13:36:31,19,22,7202,19819
2023-11-02 13:36:40,20,22,7202,19819
2023-11-02 13:36:40,20,24,7202,19819
2023-11-02 13:36:40,20,23,7202,19819
2023-11-02 13:36:49,20,24,7202,19819
2023-11-02 13:36:49,20,22,7202,19819
2023-11-02 13:36:54,19,22,7202,19819
2023-11-02 13:36:54,19,21,7202,19819
2023-11-02 13:37:05,19,20,7202,19819
2023-11-02 13:37:08,17,20,7202,19819
2023-11-02 13:37:09,18,20,7202,19819
2023-11-02 13:37:17,18,19,7202,19819
2023-11-02 13:37:29,16,18,7132,19889
2023-11-02 13:37:32,15,18,7132,19889
2023-11-02 13:37:32,16,18,7132,19889
2023-11-02 13:37:57,16,19,7132,19889
2023-11-02 13:38:32,15,19,7132,19889
2023-11-02 13:38:33,17,19,7132,19889
2023-11-02 13:39:09,17,20,7132,19889
2023-11-02 13:39:09,17,18,7132,19889
2023-11-02 13:39:16,14,18,7532,20449
2023-11-02 13:39:17,14,17,7532,20449
2023-11-02 13:39:29,14,16,7532,20449
2023-11-02 13:39:33,15,16,7532,20449
2023-11-02 13:39:41,14,16,7532,20479
2023-11-02 13:40:12,14,17,7532,20479
2023-11-02 13:40:20,14,18,7532,20479
2023-11-02 13:40:22,15,18,7532,20479
2023-11-02 13:40:22,17,18,7532,20479
2023-11-02 13:40:29,17,19,7532,20479
2023-11-02 13:41:09,17,20,7532,20479
2023-11-02 13:41:22,16,20,7532,20479
2023-11-02 13:41:23,18,20,7532,20479
2023-11-02 13:41:25,18,19,7532,20479
2023-11-02 13:41:50,18,20,7532,20479
2023-11-02 13:41:59,18,19,7532,20479
2023-11-02 13:42:23,16,19,7532,20479
2023-11-02 13:42:24,16,19,7532,20479
2023-11-02 13:42:25,16,18,7532,20479
2023-11-02 13:42:42,16,19,7532,20479
2023-11-02 13:42:45,16,18,7532,20479
2023-11-02 13:43:07,16,17,7532,20479
2023-11-02 13:43:23,16,18,7532,20479
2023-11-02 13:43:24,15,18,7532,20479
2023-11-02 13:43:25,16,18,7532,20479
2023-11-02 13:43:39,16,19,7532,20479
2023-11-02 13:44:21,16,18,7532,20479
2023-11-02 13:44:25,15,18,7532,20479
2023-11-02 13:44:26,16,18,7532,20479
2023-11-02 13:44:57,16,17,7532,20479
2023-11-02 13:45:22,16,18,7532,20479
2023-11-02 13:45:26,15,18,7532,20479
2023-11-02 13:45:27,16,18,7532,20479
2023-11-02 13:45:57,15,18,7532,20479
2023-11-02 13:45:57,15,17,7532,20479
2023-11-02 13:45:59,14,17,7532,20479
2023-11-02 13:46:02,15,17,7532,20479
2023-11-02 13:46:14,16,17,7532,20479
2023-11-02 13:46:15,16,18,7532,20479
2023-11-02 13:46:33,16,19,7532,20479
2023-11-02 13:46:44,16,18,7532,20479
2023-11-02 13:46:51,16,17,7532,20479
2023-11-02 13:47:14,14,17,7532,20479
2023-11-02 13:47:15,15,17,7532,20479
2023-11-02 13:47:16,15,16,7532,20479
2023-11-02 13:48:02,15,16,7532,20579
2023-11-02 13:48:15,13,16,7532,20579
2023-11-02 13:48:16,15,16,7532,20579
2023-11-02 13:48:26,13,16,7532,20579
2023-11-02 13:48:27,14,16,7532,20579
2023-11-02 13:48:31,14,15,7532,20579
2023-11-02 13:49:11,13,15,7532,20579
2023-11-02 13:49:12,14,15,7532,20579
2023-11-02 13:49:22,12,14,7502,20609
2023-11-02 13:49:28,12,14,7502,20679
2023-11-02 13:49:45,12,15,7502,20679
2023-11-02 13:49:59,13,15,7502,20679
2023-11-02 13:50:00,13,16,7542,20719
2023-11-02 13:50:01,14,16,7542,20719
2023-11-02 13:50:01,14,17,7542,20719
2023-11-02 13:50:02,15,17,7542,20719
2023-11-02 13:50:08,15,18,7542,20719
2023-11-02 13:50:22,15,17,7542,20719
2023-11-02 13:50:36,15,16,7542,20719
2023-11-02 13:51:16,13,16,7542,20719
2023-11-02 13:51:17,14,16,7542,20719
2023-11-02 13:51:54,14,17,7542,20719
2023-11-02 13:52:02,14,16,7542,20719
2023-11-02 13:52:17,13,16,7542,20719
2023-11-02 13:52:18,14,16,7542,20719
2023-11-02 13:52:28,12,16,7542,20719
2023-11-02 13:52:28,12,15,7542,20719
2023-11-02 13:52:29,13,15,7542,20719
2023-11-02 13:52:36,13,14,7542,20719
2023-11-02 13:52:41,12,14,7542,20789
2023-11-02 13:52:42,11,13,7542,20789
2023-11-02 13:52:51,11,14,7542,20789
2023-11-02 13:53:06,11,13,7542,20789
2023-11-02 13:53:33,11,14,7542,20789
2023-11-02 13:53:40,12,14,7542,20789
2023-11-02 13:53:47,11,14,7542,20789
2023-11-02 13:53:47,11,13,7542,20789
2023-11-02 13:53:48,12,13,7542,20789
2023-11-02 13:54:15,11,13,7542,20789
2023-11-02 13:54:27,11,14,7542,20789
2023-11-02 13:54:39,11,13,7542,20789
2023-11-02 13:55:30,10,13,7542,20789
2023-11-02 13:55:31,10,12,7542,20789
2023-11-02 13:55:31,9,12,7542,20989
2023-11-02 13:55:31,9,10,7542,20989
2023-11-02 13:55:31,7,10,7542,20989
2023-11-02 13:55:35,7,9,7542,20989
2023-11-02 13:55:36,8,9,7542,20989
2023-11-02 13:55:44,7,9,7542,20989
2023-11-02 13:55:46,8,9,7542,20989
2023-11-02 13:55:54,8,10,7542,20989
2023-11-02 13:56:00,8,9,7542,20989
2023-11-02 13:56:13,8,10,7542,20989
2023-11-02 13:56:20,9,10,7542,20989
2023-11-02 13:56:21,8,10,7542,20989
2023-11-02 13:56:22,8,10,7532,20999
2023-11-02 13:56:22,8,10,7432,21099
2023-11-02 13:56:26,9,10,7432,21099
2023-11-02 13:56:26,10,11,7335,21196
2023-11-02 13:56:28,9,11,7335,21196
2023-11-02 13:56:29,10,11,7335,21196
2023-11-02 13:56:31,10,12,7335,21196
2023-11-02 13:56:44,10,11,7335,21196
2023-11-02 13:56:49,10,12,7335,21196
2023-11-02 13:57:29,9,12,7335,21196
2023-11-02 13:57:30,10,12,7335,21196
2023-11-02 13:57:49,11,12,7335,21196
2023-11-02 13:57:49,11,13,7335,21196
2023-11-02 13:58:24,10,13,7335,21196
2023-11-02 13:58:24,10,12,7335,21196
2023-11-02 13:58:41,10,11,7335,21196
2023-11-02 13:59:31,9,11,7335,21196
2023-11-02 13:59:32,10,11,7335,21196
2023-11-02 14:00:13,9,11,7335,21196
2023-11-02 14:00:16,10,11,7335,21196
2023-11-02 14:00:30,10,12,7335,21196
2023-11-02 14:00:31,11,12,7335,21196
2023-11-02 14:00:38,11,13,7335,21196
2023-11-02 14:00:47,10,13,7335,21196
2023-11-02 14:00:48,11,13,7335,21196
2023-11-02 14:00:51,12,13,7335,21196
2023-11-02 14:00:56,12,14,7335,21196
2023-11-02 14:01:01,13,14,7335,21196
2023-11-02 14:01:06,12,14,7335,21196
2023-11-02 14:01:08,12,13,7335,21196
2023-11-02 14:01:29,10,13,7335,21196
2023-11-02 14:01:34,10,12,7335,21196
2023-11-02 14:01:50,10,13,7335,21196
2023-11-02 14:01:51,11,13,7335,21196
2023-11-02 14:01:56,10,13,7335,21196
2023-11-02 14:02:00,10,12,7335,21196
2023-11-02 14:02:04,11,12,7335,21196
2023-11-02 14:02:04,11,13,7335,21196
2023-11-02 14:02:07,12,13,7335,21196
2023-11-02 14:02:34,11,12,7335,21256
2023-11-02 14:02:35,10,12,7335,21256
2023-11-02 14:02:41,10,11,7335,21256
2023-11-02 14:02:43,9,11,7335,21256
2023-11-02 14:03:17,9,12,7335,21256
2023-11-02 14:03:19,10,12,7335,21256
2023-11-02 14:03:22,9,12,7335,21256
2023-11-02 14:03:30,10,12,7335,21256
2023-11-02 14:03:35,9,12,7335,21256
2023-11-02 14:03:36,11,12,7335,21256
2023-11-02 14:03:38,10,11,7335,21306
2023-11-02 14:03:57,10,12,7335,21306
2023-11-02 14:03:58,10,11,7335,21306
2023-11-02 14:04:12,9,11,7335,21306
2023-11-02 14:04:31,8,11,7335,21306
2023-11-02 14:04:38,9,11,7335,21306
2023-11-02 14:04:45,10,11,7335,21306
2023-11-02 14:04:45,10,11,7335,21316
2023-11-02 14:04:54,10,12,7335,21316
2023-11-02 14:05:01,9,12,7335,21316
2023-11-02 14:05:01,10,12,7335,21316
2023-11-02 14:05:38,10,12,7360,21341
2023-11-02 14:05:42,8,12,7360,21341
2023-11-02 14:05:42,9,12,7360,21341
2023-11-02 14:05:42,10,12,7360,21341
2023-11-02 14:06:42,9,12,7360,21341
2023-11-02 14:06:43,10,12,7360,21341
2023-11-02 14:06:43,11,12,7360,21341
2023-11-02 14:07:33,11,13,7360,21341
2023-11-02 14:07:37,11,12,7360,21341
2023-11-02 14:07:43,10,12,7360,21341
2023-11-02 14:07:44,10,12,7360,21341
2023-11-02 14:07:56,10,11,7360,21341
2023-11-02 14:08:35,8,11,7360,21341
2023-11-02 14:08:36,9,11,7360,21341
2023-11-02 14:08:36,10,11,7360,21341
2023-11-02 14:08:51,10,12,7360,21341
2023-11-02 14:08:59,11,12,7360,21341
2023-11-02 14:09:00,11,12,7377,21411
2023-11-02 14:09:01,11,13,7377,21411
2023-11-02 14:09:12,11,14,7377,21411
2023-11-02 14:09:15,12,14,7377,21411
2023-11-02 14:09:31,12,13,7377,21411
2023-11-02 14:09:35,11,13,7377,21411
2023-11-02 14:09:51,11,12,7377,21411
2023-11-02 14:10:00,10,12,7377,21411
2023-11-02 14:10:01,11,12,7377,21411
2023-11-02 14:10:10,11,13,7377,21411
2023-11-02 14:10:27,11,12,7377,21411
2023-11-02 14:10:43,11,13,7377,21411
2023-11-02 14:11:00,11,14,7377,21411
2023-11-02 14:11:02,12,14,7377,21411
2023-11-02 14:11:13,13,14,7377,21411
2023-11-02 14:11:27,13,15,7377,21411
2023-11-02 14:11:42,13,14,7377,21411
2023-11-02 14:12:16,13,15,7377,21411
2023-11-02 14:12:19,13,14,7377,21411
2023-11-02 14:12:22,12,14,7377,21411
2023-11-02 14:12:22,12,13,7377,21411
2023-11-02 14:12:22,11,13,7377,21411
2023-11-02 14:12:23,12,13,7377,21411
2023-11-02 14:12:30,11,12,7387,21421
2023-11-02 14:13:07,9,12,7387,21421
2023-11-02 14:13:19,9,13,7387,21421
2023-11-02 14:13:29,10,13,7387,21421
2023-11-02 14:13:35,9,13,7387,21421
2023-11-02 14:13:42,10,13,7387,21421
2023-11-02 14:13:46,11,13,7387,21421
2023-11-02 14:13:54,11,13,7787,21821
2023-11-02 14:13:54,11,13,8037,22071
2023-11-02 14:13:55,12,13,8037,22071
2023-11-02 14:13:55,12,13,8237,22271
2023-11-02 14:13:55,13,16,8387,22421
2023-11-02 14:13:56,14,16,8387,22421
2023-11-02 14:13:57,13,16,8387,22421
2023-11-02 14:13:57,13,16,8417,22451
2023-11-02 14:13:57,14,16,8417,22451
2023-11-02 14:13:58,14,16,8497,22531
2023-11-02 14:14:03,14,18,8497,22531
2023-11-02 14:14:04,14,17,8497,22531
2023-11-02 14:14:07,13,17,8497,22531
2023-11-02 14:14:07,14,17,8497,22531
2023-11-02 14:14:19,14,18,8497,22531
2023-11-02 14:14:19,13,18,8497,22531
2023-11-02 14:14:20,15,18,8497,22531
2023-11-02 14:14:21,15,16,8497,22531
2023-11-02 14:14:21,13,16,8497,22531
2023-11-02 14:14:29,12,16,8497,22531
2023-11-02 14:14:29,12,15,8497,22531
2023-11-02 14:14:33,11,15,8497,22531
2023-11-02 14:14:34,13,15,8497,22531
2023-11-02 14:14:45,13,14,8497,22531
2023-11-02 14:15:17,12,14,8497,22561
2023-11-02 14:15:17,10,13,8497,22561
2023-11-02 14:15:18,10,12,8497,22561
2023-11-02 14:15:38,10,11,8497,22561
2023-11-02 14:15:39,10,12,8497,22561
2023-11-02 14:15:44,10,11,8497,22561
2023-11-02 14:15:47,9,11,8497,22561
2023-11-02 14:16:05,9,10,8497,22561
2023-11-02 14:16:06,9,11,8497,22561
2023-11-02 14:16:11,9,12,8497,22561
2023-11-02 14:16:16,9,11,8497,22561
2023-11-02 14:16:33,9,12,8497,22561
2023-11-02 14:16:35,9,11,8497,22561
2023-11-02 14:16:45,9,12,8497,22561
2023-11-02 14:16:47,8,12,8497,22561
2023-11-02 14:16:48,9,12,8497,22561
2023-11-02 14:16:48,10,12,8497,22561
2023-11-02 14:16:52,10,11,8497,22561
2023-11-02 14:17:01,8,11,8497,22561
2023-11-02 14:17:09,8,10,8497,22561
2023-11-02 14:17:13,8,11,8497,22561
2023-11-02 14:18:02,9,11,8497,22561
2023-11-02 14:18:09,9,10,8497,22561
2023-11-02 14:18:09,8,10,8497,22561
2023-11-02 14:18:12,7,10,8497,22561
2023-11-02 14:18:12,7,9,8497,22561
2023-11-02 14:18:35,7,8,8497,22561
2023-11-02 14:18:49,7,9,8497,22561
2023-11-02 14:18:50,7,8,8497,22561
2023-11-02 14:18:52,7,9,8497,22561
2023-11-02 14:19:24,6,9,8497,22561
2023-11-02 14:19:25,7,9,8497,22561
2023-11-02 14:19:25,8,9,8497,22561
2023-11-02 14:19:27,8,10,8497,22561
2023-11-02 14:19:37,8,9,8497,22561
2023-11-02 14:19:40,8,10,8497,22561
2023-11-02 14:19:51,8,9,8497,22561
2023-11-02 14:20:16,8,10,8497,22561
2023-11-02 14:20:21,8,11,8497,22561
2023-11-02 14:20:25,7,11,8497,22561
2023-11-02 14:20:26,9,11,8497,22561
2023-11-02 14:20:34,9,10,8497,22561
2023-11-02 14:20:50,8,9,8497,22581
2023-11-02 14:20:53,6,9,8497,22581
2023-11-02 14:20:54,7,9,8497,22581
2023-11-02 14:21:14,7,10,8497,22581
2023-11-02 14:21:15,7,9,8497,22581
2023-11-02 14:21:24,7,10,8497,22581
2023-11-02 14:21:41,7,9,8497,22581
2023-11-02 14:21:49,7,10,8497,22581
2023-11-02 14:21:54,6,10,8497,22581
2023-11-02 14:21:55,8,10,8497,22581
2023-11-02 14:22:02,7,10,8497,22581
2023-11-02 14:22:02,8,10,8497,22581
2023-11-02 14:22:03,8,11,8497,22581
2023-11-02 14:22:03,7,11,8497,22581
2023-11-02 14:22:03,8,11,8497,22581
2023-11-02 14:22:03,9,11,8497,22581
2023-11-02 14:22:06,9,10,8497,22581
2023-11-02 14:22:19,8,9,8497,22601
2023-11-02 14:22:20,8,10,8497,22601
2023-11-02 14:22:22,8,9,8497,22601
2023-11-02 14:22:23,8,10,8497,22601
2023-11-02 14:22:24,8,9,8497,22601
2023-11-02 14:22:43,6,9,8497,22601
2023-11-02 14:22:52,6,10,8497,22601
2023-11-02 14:23:05,7,10,8497,22601
2023-11-02 14:23:20,6,10,8497,22601
2023-11-02 14:23:28,6,9,8497,22601
2023-11-02 14:23:38,6,10,8497,22601
2023-11-02 14:23:44,7,10,8497,22601
2023-11-02 14:23:44,8,10,8497,22601
2023-11-02 14:23:49,7,10,8497,22601
2023-11-02 14:23:50,8,10,8497,22601
2023-11-02 14:24:38,8,9,8497,22601
2023-11-02 14:24:41,8,10,8497,22601
2023-11-02 14:24:45,8,9,8497,22601
2023-11-02 14:24:50,7,9,8497,22601
2023-11-02 14:24:51,6,8,8497,22601
2023-11-02 14:25:10,6,9,8497,22601
2023-11-02 14:25:34,6,8,8497,22601
2023-11-02 14:25:40,6,9,8497,22601
2023-11-02 14:25:48,6,8,8497,22601
2023-11-02 14:25:52,7,8,8497,22601
2023-11-02 14:25:52,7,8,8497,22641
2023-11-02 14:25:53,7,9,8497,22641
2023-11-02 14:25:54,7,10,8497,22641
2023-11-02 14:26:02,7,9,8497,22641
2023-11-02 14:26:30,6,9,8497,22641
2023-11-02 14:26:32,6,8,8497,22641
2023-11-02 14:26:34,5,8,8497,22641
2023-11-02 14:26:34,5,7,8497,22641
2023-11-02 14:26:34,5,7,8497,22681
2023-11-02 14:26:34,6,7,8497,22681
2023-11-02 14:27:34,5,7,8497,22681
2023-11-02 14:27:41,5,8,8497,22681
2023-11-02 14:28:21,5,9,8497,22681
2023-11-02 14:28:25,5,8,8497,22681
2023-11-02 14:28:26,5,9,8497,22681
2023-11-02 14:28:28,5,8,8497,22681
2023-11-02 14:28:28,6,8,8497,22681
2023-11-02 14:28:28,7,8,8497,22681
2023-11-02 14:28:31,7,9,8497,22681
2023-11-02 14:28:32,7,8,8497,22681
2023-11-02 14:28:38,5,8,8497,22681
2023-11-02 14:28:38,6,8,8497,22681
2023-11-02 14:28:52,6,8,8497,22682
2023-11-02 14:28:55,6,9,8497,22682
2023-11-02 14:28:55,5,9,8497,22682
2023-11-02 14:29:01,6,9,8497,22682
2023-11-02 14:29:02,5,9,8497,22682
2023-11-02 14:29:02,7,9,8497,22682
2023-11-02 14:29:03,7,8,8497,22682
2023-11-02 14:29:03,5,8,8497,22682
2023-11-02 14:29:03,6,8,8497,22682
2023-11-02 14:29:09,5,8,8497,22682
2023-11-02 14:29:11,5,7,8497,22682
2023-11-02 14:29:12,4,7,8497,22682
2023-11-02 14:29:12,4,6,8497,22682
2023-11-02 14:29:14,5,6,8497,22682
2023-11-02 14:29:20,4,6,8497,22682
2023-11-02 14:29:21,5,6,8497,22682
2023-11-02 14:29:29,5,7,8497,22682
2023-11-02 14:29:47,4,7,8497,22682
2023-11-02 14:29:58,4,8,8497,22682
2023-11-02 14:30:01,5,8,8497,22682
2023-11-02 14:30:06,5,7,8497,22682
2023-11-02 14:30:10,4,7,8497,22682
2023-11-02 14:30:11,5,7,8497,22682
2023-11-02 14:30:19,5,8,8497,22682
2023-11-02 14:30:20,4,8,8497,22682
2023-11-02 14:30:21,6,8,8497,22682
2023-11-02 14:30:34,6,9,8497,22682
2023-11-02 14:30:35,6,10,8497,22682
2023-11-02 14:30:36,7,10,8497,22682
2023-11-02 14:30:39,7,9,8497,22682
2023-11-02 14:30:42,7,10,8497,22682
2023-11-02 14:30:43,7,9,8497,22682
2023-11-02 14:30:45,7,10,8497,22682
2023-11-02 14:30:50,7,9,8497,22682
2023-11-02 14:30:52,7,10,8497,22682
2023-11-02 14:31:04,7,9,8497,22682
2023-11-02 14:31:06,7,10,8497,22682
2023-11-02 14:31:11,7,9,8497,22682
2023-11-02 14:31:13,7,10,8497,22682
2023-11-02 14:31:17,8,10,8497,22682
2023-11-02 14:31:24,8,9,8497,22682
2023-11-02 14:31:29,7,9,8497,22682
2023-11-02 14:31:58,7,8,8497,22682
2023-11-02 14:32:03,7,8,8297,22882
2023-11-02 14:32:12,7,9,8297,22882
2023-11-02 14:32:25,7,8,8297,22882
2023-11-02 14:32:26,7,9,8297,22882
2023-11-02 14:32:50,7,10,8297,22882
2023-11-02 14:32:59,7,11,8297,22882
2023-11-02 14:33:00,7,10,8297,22882
2023-11-02 14:33:24,7,9,8297,22882
2023-11-02 14:33:30,7,10,8297,22882
2023-11-02 14:33:53,8,10,8297,22882
2023-11-02 14:34:02,8,9,8297,22882
2023-11-02 14:34:06,8,10,8297,22882
2023-11-02 14:34:25,8,11,8297,22882
2023-11-02 14:34:34,8,10,8297,22882
2023-11-02 14:34:36,8,11,8297,22882
2023-11-02 14:34:37,8,10,8297,22882
2023-11-02 14:35:01,8,9,8297,22882
2023-11-02 14:35:05,7,9,8296,22883
2023-11-02 14:35:35,7,8,8096,23083
2023-11-02 14:36:31,7,8,8096,23143
2023-11-02 14:36:36,5,8,8096,23143
2023-11-02 14:36:45,5,9,8096,23143
2023-11-02 14:36:45,6,9,8096,23143
2023-11-02 14:37:02,6,8,8096,23143
2023-11-02 14:37:08,6,7,8096,23143
2023-11-02 14:37:32,6,7,7896,23343
2023-11-02 14:38:02,6,7,7696,23543
2023-11-02 14:38:06,6,7,7496,23743
2023-11-02 14:38:32,6,7,7296,23943
2023-11-02 14:38:37,6,7,7269,24143
2023-11-02 14:39:15,6,7,7269,24307
2023-11-02 14:39:16,6,7,7269,24322
2023-11-02 14:40:11,4,7,7269,24322
2023-11-02 14:40:12,4,6,7269,24322
2023-11-02 14:40:25,5,6,7269,24322
2023-11-02 14:41:45,5,6,7269,24522
2023-11-02 14:41:50,4,6,7269,24522
2023-11-02 14:41:51,4,5,7269,24522
2023-11-02 14:41:51,4,5,7269,24532
2023-11-02 14:41:53,3,5,7269,24532
2023-11-02 14:42:43,3,5,7269,24682
2023-11-02 14:42:45,3,5,7269,24792
2023-11-02 14:42:59,4,5,7269,24792
2023-11-02 14:43:10,3,5,7269,24792
2023-11-02 14:43:14,4,5,7269,24792
2023-11-02 14:43:22,3,5,7269,24792
2023-11-02 14:44:04,3,4,7269,24792
2023-11-02 14:44:04,3,4,7269,24852
2023-11-02 14:44:06,2,4,7269,24852
2023-11-02 14:44:09,2,3,7269,24852
2023-11-02 14:44:09,1,3,7269,24852
2023-11-02 14:44:10,1,2,7269,24852
2023-11-02 14:44:12,1,3,7269,24852
2023-11-02 14:44:17,1,2,7269,24852
2023-11-02 14:44:20,1,3,7269,24852
2023-11-02 14:44:48,1,4,7669,25252
2023-11-02 14:45:10,1,3,7669,25252
2023-11-02 14:45:44,1,4,7669,25252
2023-11-02 14:46:02,1,3,7669,25252
2023-11-02 14:47:08,1,3,7669,25267
2023-11-02 14:47:53,1,3,9224,26822
2023-11-02 14:47:53,1,3,9224,26827
2023-11-02 14:48:07,1,3,9779,27382
2023-11-02 14:48:12,1,3,10334,27937
2023-11-02 14:48:20,1,3,11445,29048
2023-11-02 14:48:36,1,3,11445,29448
2023-11-02 14:48:36,2,3,11445,29448
2023-11-02 14:48:36,2,3,11445,29458
2023-11-02 14:48:37,2,3,11445,29658
2023-11-02 14:48:38,2,3,11457,29858
2023-11-02 14:48:38,2,6,11457,29858
2023-11-02 14:48:39,2,5,11457,29858
2023-11-02 14:48:45,2,6,11457,29858
2023-11-02 14:48:45,2,5,11457,29858
2023-11-02 14:48:56,1,5,11457,29858
2023-11-02 14:49:02,1,4,11457,29858
2023-11-02 14:49:06,2,4,11457,29858
2023-11-02 14:49:25,2,6,11457,29858
2023-11-02 14:49:29,3,6,11457,29858
2023-11-02 14:49:39,2,6,11457,29858
2023-11-02 14:49:51,2,5,11457,29858
2023-11-02 14:49:54,1,5,11457,29858
2023-11-02 14:49:54,1,4,11457,29858
2023-11-02 14:49:55,1,5,11457,29858
2023-11-02 14:49:55,1,4,11457,29858
2023-11-02 14:49:56,1,5,11457,29858
2023-11-02 14:50:00,2,5,11457,29858
2023-11-02 14:50:01,2,4,11457,29858
2023-11-02 14:50:03,1,5,11457,29858
2023-11-02 14:50:11,2,6,11457,29858
2023-11-02 14:50:14,2,6,11457,29858
2023-11-02 14:50:15,2,6,11457,29858
2023-11-02 14:50:22,3,6,11457,29858
2023-11-02 14:50:37,2,6,11457,29858
2023-11-02 14:50:40,3,6,11457,29858
2023-11-02 14:50:45,4,6,11457,29858
2023-11-02 14:50:46,4,7,11457,29858
2023-11-02 14:50:50,3,7,11457,29858
2023-11-02 14:50:54,4,7,11457,29858
2023-11-02 14:50:56,3,7,11457,29858
2023-11-02 14:50:58,3,6,11457,29858
2023-11-02 14:51:05,2,6,11457,29858
2023-11-02 14:51:05,2,5,11457,29858
2023-11-02 14:51:08,2,6,11457,29858
2023-11-02 14:51:09,3,6,11457,29858
2023-11-02 14:51:10,2,6,11457,29858
2023-11-02 14:51:12,3,6,11457,29858
2023-11-02 14:51:13,2,6,11457,29858
2023-11-02 14:51:14,3,6,11457,29858
2023-11-02 14:51:19,2,6,11457,29858
2023-11-02 14:51:25,3,6,11457,29858
2023-11-02 14:51:26,2,6,11457,29858
2023-11-02 14:51:29,2,5,11457,29858
2023-11-02 14:51:42,2,4,11457,29858
2023-11-02 14:51:48,2,5,11457,29858
2023-11-02 14:51:48,2,4,11457,29858
2023-11-02 14:52:23,2,3,11457,29858
2023-11-02 14:52:28,2,3,11447,29868
2023-11-02 14:52:59,2,4,11447,29868
2023-11-02 14:53:23,2,3,11447,29868
2023-11-02 14:53:26,2,3,11445,29873
2023-11-02 14:53:27,2,4,11445,29873
2023-11-02 14:53:27,2,3,11445,29873
2023-11-02 14:53:28,2,4,11445,29873
2023-11-02 14:53:35,2,3,11445,29873
2023-11-02 14:53:56,2,4,11445,29873
2023-11-02 14:53:59,2,3,11445,29873
2023-11-02 14:54:18,2,4,11445,29873
2023-11-02 14:54:47,2,3,11445,29873
2023-11-02 14:54:59,2,4,11445,29873
2023-11-02 14:55:03,2,3,11445,29873
2023-11-02 14:55:08,2,4,11445,29873
2023-11-02 14:55:10,2,3,11445,29873
2023-11-02 14:55:22,2,3,11445,30073
2023-11-02 14:55:55,2,3,11445,30273
2023-11-02 14:55:58,2,3,11445,30278
2023-11-02 14:56:23,2,3,11445,30293
2023-11-02 14:56:26,2,3,11445,30298
2023-11-02 14:56:27,2,4,11445,30298
2023-11-02 14:56:28,2,5,11445,30298
2023-11-02 14:56:28,3,5,11445,30298
2023-11-02 14:56:53,4,6,11445,30298
2023-11-02 14:56:56,4,7,11445,30298
2023-11-02 14:56:59,3,7,11445,30298
2023-11-02 14:56:59,3,6,11445,30298
2023-11-02 14:57:23,4,6,11445,30298
2023-11-02 14:57:27,3,6,11445,30298
2023-11-02 14:57:29,4,6,11445,30298
2023-11-02 14:57:34,3,6,11445,30298
2023-11-02 14:57:36,4,6,11445,30298
2023-11-02 14:57:37,3,6,11445,30298
2023-11-02 14:57:38,4,6,11445,30298
2023-11-02 14:57:39,3,6,11445,30298
2023-11-02 14:57:40,4,6,11445,30298
2023-11-02 14:57:43,3,6,11445,30298
2023-11-02 14:58:00,3,5,11445,30298
2023-11-02 14:58:18,3,6,11445,30298
2023-11-02 14:58:20,3,5,11445,30298
2023-11-02 14:58:21,3,6,11445,30298
2023-11-02 14:58:22,3,5,11445,30298
2023-11-02 14:58:38,3,6,11445,30298
2023-11-02 14:58:49,3,5,11445,30298
2023-11-02 14:58:52,3,6,11445,30298
2023-11-02 14:58:54,3,5,11445,30298
2023-11-02 14:59:05,2,5,11445,30298
2023-11-02 14:59:05,2,4,11445,30298
2023-11-02 14:59:11,2,3,11445,30298
2023-11-02 15:00:36,2,4,11445,30298
2023-11-02 15:00:36,2,3,11445,30298
2023-11-02 15:00:36,2,4,11445,30298
2023-11-02 15:00:37,2,3,11445,30298
2023-11-02 15:00:38,2,4,11445,30298
2023-11-02 15:00:44,2,3,11445,30298
2023-11-02 15:00:44,2,4,11445,30298
2023-11-02 15:00:45,2,3,11445,30298
2023-11-02 15:00:46,2,4,11445,30298
2023-11-02 15:01:07,2,3,11445,30298
2023-11-02 15:01:07,2,4,11445,30298
2023-11-02 15:01:08,2,3,11445,30298
2023-11-02 15:01:09,2,4,11445,30298
2023-11-02 15:01:09,2,3,11445,30298
2023-11-02 15:01:15,2,4,11445,30298
2023-11-02 15:01:15,2,3,11445,30298
2023-11-02 15:01:19,2,4,11445,30298
2023-11-02 15:01:19,2,3,11445,30298
2023-11-02 15:01:20,2,4,11445,30298
2023-11-02 15:01:21,2,3,11445,30298
2023-11-02 15:01:23,2,4,11445,30298
2023-11-02 15:01:24,2,3,11445,30298
2023-11-02 15:01:24,2,4,11445,30298
2023-11-02 15:01:25,2,3,11445,30298
2023-11-02 15:01:26,2,4,11445,30298
2023-11-02 15:01:30,2,3,11445,30298
2023-11-02 15:01:31,2,4,11445,30298
2023-11-02 15:01:31,2,3,11445,30298
2023-11-02 15:01:32,2,4,11445,30298
2023-11-02 15:01:34,2,3,11445,30298
2023-11-02 15:01:39,2,4,11445,30298
2023-11-02 15:01:40,2,3,11445,30298
2023-11-02 15:01:46,2,4,11445,30594
2023-11-02 15:01:47,2,5,11445,30594
2023-11-02 15:01:48,2,4,11445,30594
2023-11-02 15:01:51,2,5,11445,30594
2023-11-02 15:01:51,2,4,11445,30594
2023-11-02 15:01:57,2,3,11445,30594
2023-11-02 15:02:18,1,3,11445,30594
2023-11-02 15:02:44,1,2,11445,30594
2023-11-02 15:03:12,2,3,11445,30994
2023-11-02 15:03:14,1,3,11445,30994
2023-11-02 15:03:29,2,3,11445,30994
2023-11-02 15:03:29,2,4,11445,30994
2023-11-02 15:03:29,2,5,11445,30994
2023-11-02 15:03:29,2,4,11445,30994
2023-11-02 15:03:30,3,4,11445,30994
2023-11-02 15:03:31,3,6,11445,30994
2023-11-02 15:03:31,3,5,11445,30994
2023-11-02 15:03:34,4,5,11445,30994
2023-11-02 15:03:40,3,5,11445,30994
2023-11-02 15:03:40,3,4,11445,30994
2023-11-02 15:03:45,2,4,11445,30994
2023-11-02 15:03:45,3,4,11445,30994
2023-11-02 15:03:49,3,6,11445,30994
2023-11-02 15:03:49,3,5,11445,30994
2023-11-02 15:03:49,3,4,11445,30994
2023-11-02 15:03:53,2,4,11445,30994
2023-11-02 15:03:56,2,5,11445,30994
2023-11-02 15:03:56,2,4,11445,30994
2023-11-02 15:03:59,2,3,11445,30994
2023-11-02 15:04:00,2,5,11445,30994
2023-11-02 15:04:00,2,4,11445,30994
2023-11-02 15:04:01,2,3,11445,30994
2023-11-02 15:04:08,2,4,11445,30994
2023-11-02 15:04:08,2,3,11445,30994
2023-11-02 15:04:12,2,4,11445,30994
2023-11-02 15:04:48,2,3,11445,30994
2023-11-02 15:04:50,2,4,11445,30994
2023-11-02 15:04:50,2,3,11445,30994
2023-11-02 15:04:50,2,4,11445,30994
2023-11-02 15:04:51,2,3,11445,30994
2023-11-02 15:04:54,2,4,11445,30994
2023-11-02 15:04:55,2,3,11445,30994
2023-11-02 15:04:55,2,4,11445,30994
2023-11-02 15:04:56,2,3,11445,30994
2023-11-02 15:04:57,2,4,11445,30994
2023-11-02 15:05:01,2,3,11445,30994
2023-11-02 15:05:13,2,5,11445,30994
2023-11-02 15:05:13,2,4,11445,30994
2023-11-02 15:05:17,2,3,11445,30994
2023-11-02 15:05:17,2,4,11445,30994
2023-11-02 15:05:18,2,3,11445,30994
2023-11-02 15:05:41,2,4,11445,30994
2023-11-02 15:05:41,2,3,11445,30994
2023-11-02 15:05:56,1,3,11445,30994
2023-11-02 15:06:08,1,4,11445,30994
2023-11-02 15:06:11,1,3,11445,30994
2023-11-02 15:06:17,2,3,11445,30994
2023-11-02 15:06:59,2,3,11445,31194
2023-11-02 15:07:02,2,3,11445,31254
2023-11-02 15:07:08,1,3,11445,31254
2023-11-02 15:07:30,2,3,11445,31254
2023-11-02 15:07:39,1,3,11445,31254
2023-11-02 15:09:14,1,2,11445,31254
2023-11-02 15:10:14,1,3,11445,31254
2023-11-02 15:12:14,1,2,11445,31254
2023-11-02 15:16:44,1,2,11446,31255
2023-11-02 15:26:17,1,2,11746,31555
2023-11-02 15:26:57,1,3,11746,31555
2023-11-02 15:28:08,1,2,11746,31555
2023-11-02 15:28:45,1,3,11746,31555
2023-11-02 15:29:54,1,3,11846,31655
2023-11-02 15:30:32,1,2,11846,31655
2023-11-02 15:31:53,1,2,11946,31755
2023-11-02 15:32:52,1,3,11946,31755
2023-11-02 15:33:16,1,2,11946,31755
2023-11-02 15:38:11,1,2,11946,31955
2023-11-02 15:38:54,0,2,11947,32346
2023-11-02 15:39:32,0,1,11947,32346
2023-11-02 15:39:39,0,2,11947,32351
2023-11-02 15:40:14,0,2,11947,32400
2023-11-02 15:40:16,0,2,11947,32411
2023-11-02 15:51:17,0,1,11947,32411
