datetime,bid,ask,open_interest,volume
2023-05-22 09:30:38,33,39,808,1314
2023-05-22 09:31:00,34,39,808,1314
2023-05-22 09:31:21,33,39,808,1314
2023-05-22 09:31:33,35,39,808,1314
2023-05-22 09:31:33,37,39,808,1314
2023-05-22 09:33:32,33,39,808,1314
2023-05-22 09:33:34,34,39,808,1314
2023-05-22 09:33:34,36,39,808,1314
2023-05-22 09:34:03,36,38,808,1314
2023-05-22 09:34:09,36,38,808,1321
2023-05-22 09:34:09,36,38,808,1356
2023-05-22 09:34:17,36,38,808,1451
2023-05-22 09:34:36,36,38,808,1501
2023-05-22 09:34:44,33,38,808,1501
2023-05-22 09:36:37,33,36,808,1501
2023-05-22 09:37:27,33,36,977,1701
2023-05-22 09:37:28,31,33,1040,1814
2023-05-22 09:37:28,31,36,1040,1814
2023-05-22 09:37:30,31,36,1113,2014
2023-05-22 09:37:31,32,36,1113,2014
2023-05-22 09:37:31,32,34,1113,2014
2023-05-22 09:37:31,31,34,1313,2214
2023-05-22 09:37:34,31,34,1513,2414
2023-05-22 09:37:35,31,34,1713,2614
2023-05-22 09:37:40,31,34,1913,2814
2023-05-22 09:37:55,30,31,1918,2819
2023-05-22 09:37:55,30,34,1918,2819
2023-05-22 09:38:00,31,34,1918,2819
2023-05-22 09:38:00,30,34,2118,3019
2023-05-22 09:38:01,30,33,2118,3019
2023-05-22 09:38:05,30,32,2118,3019
2023-05-22 09:38:31,30,31,2118,3019
2023-05-22 09:38:41,29,31,2123,3024
2023-05-22 09:38:46,29,30,2123,3024
2023-05-22 09:38:49,28,29,2123,3029
2023-05-22 09:39:14,27,28,2128,3034
2023-05-22 09:39:14,27,29,2128,3034
2023-05-22 09:39:34,27,29,2328,3234
2023-05-22 09:40:18,26,27,2373,3279
2023-05-22 09:40:18,26,29,2373,3279
2023-05-22 09:40:27,26,28,2373,3279
2023-05-22 09:40:51,27,28,2373,3279
2023-05-22 09:41:01,26,28,2428,3334
2023-05-22 09:41:17,26,27,2428,3334
2023-05-22 09:41:20,25,27,2433,3339
2023-05-22 09:41:21,25,27,2473,3379
2023-05-22 09:42:19,25,27,2673,3579
2023-05-22 09:43:38,26,27,2673,3579
2023-05-22 09:43:39,26,27,2673,3679
2023-05-22 09:43:40,26,27,2673,3779
2023-05-22 09:43:41,26,27,2673,3879
2023-05-22 09:43:43,27,28,2718,3967
2023-05-22 09:43:56,27,28,2818,4067
2023-05-22 09:43:57,27,28,2918,4167
2023-05-22 09:44:03,27,28,3018,4267
2023-05-22 09:44:04,27,28,3153,4407
2023-05-22 09:44:04,26,27,3218,4472
2023-05-22 09:44:04,26,28,3318,4572
2023-05-22 09:44:05,28,29,3381,4635
2023-05-22 09:44:09,28,29,3576,4835
2023-05-22 09:44:09,26,28,3618,4877
2023-05-22 09:44:09,26,28,3718,4977
2023-05-22 09:44:10,28,29,3776,5035
2023-05-22 09:44:22,28,29,3876,5135
2023-05-22 09:44:23,28,29,3976,5235
2023-05-22 09:44:25,28,29,4076,5335
2023-05-22 09:44:26,29,30,4154,5413
2023-05-22 09:44:39,30,31,4199,5458
2023-05-22 09:46:11,31,32,4244,5503
2023-05-22 09:46:13,32,33,4289,5548
2023-05-22 09:46:52,32,34,4334,5593
2023-05-22 09:48:16,32,33,4334,5593
2023-05-22 09:48:17,32,34,4334,5593
2023-05-22 09:48:19,32,33,4334,5593
2023-05-22 09:48:21,32,34,4334,5593
2023-05-22 09:48:26,32,33,4334,5593
2023-05-22 09:48:34,32,34,4334,5593
2023-05-22 09:48:36,32,33,4334,5593
2023-05-22 09:48:39,32,34,4334,5593
2023-05-22 09:48:40,32,33,4334,5593
2023-05-22 09:49:06,32,33,4134,5793
2023-05-22 09:49:26,32,33,3801,6126
2023-05-22 09:50:53,31,33,3801,6126
2023-05-22 09:51:01,31,32,3801,6126
2023-05-22 09:51:48,32,33,3801,6171
2023-05-22 09:51:48,31,33,3801,6171
2023-05-22 09:51:56,33,34,3801,6216
2023-05-22 09:51:56,31,34,3801,6216
2023-05-22 09:51:56,31,33,3801,6216
2023-05-22 09:53:56,33,34,3801,6326
2023-05-22 09:53:56,31,34,3801,6326
2023-05-22 09:54:38,32,34,3801,6326
2023-05-22 09:56:12,33,34,3801,6326
2023-05-22 09:56:55,33,35,3846,6571
2023-05-22 09:57:05,34,35,3846,6571
2023-05-22 09:57:16,35,36,3891,6616
2023-05-22 09:57:18,35,37,3891,6616
2023-05-22 09:57:26,36,37,3891,6616
2023-05-22 10:00:53,37,38,3936,6661
2023-05-22 10:02:16,38,39,3981,6706
2023-05-22 10:02:52,39,40,3978,6754
2023-05-22 10:02:52,38,40,3978,6754
2023-05-22 10:04:51,39,40,3978,6754
2023-05-22 10:06:26,40,41,4023,6799
2023-05-22 10:07:57,40,41,4028,6804
2023-05-22 10:08:04,40,41,4028,6904
2023-05-22 10:08:04,40,41,4083,6959
2023-05-22 10:08:04,40,41,4088,6964
2023-05-22 10:08:05,39,40,4128,7009
2023-05-22 10:08:21,40,41,4128,7024
2023-05-22 10:08:21,39,41,4128,7024
2023-05-22 10:08:21,39,41,4123,7124
2023-05-22 10:08:22,39,40,4123,7124
2023-05-22 10:08:28,39,40,4148,7149
2023-05-22 10:08:29,38,40,4148,7149
2023-05-22 10:08:29,38,39,4148,7149
2023-05-22 10:09:01,36,37,4190,7514
2023-05-22 10:09:02,36,37,4190,7714
2023-05-22 10:09:03,37,38,4190,7749
2023-05-22 10:09:03,36,38,4190,7749
2023-05-22 10:09:06,36,38,3990,7949
2023-05-22 10:09:07,36,38,3790,8149
2023-05-22 10:09:32,36,37,3790,8149
2023-05-22 10:09:32,37,38,3740,8199
2023-05-22 10:09:32,36,38,3740,8199
2023-05-22 10:09:36,36,37,3740,8199
2023-05-22 10:09:42,36,38,3740,8399
2023-05-22 10:09:58,36,39,3740,8399
2023-05-22 10:10:10,36,37,3740,8399
2023-05-22 10:10:12,37,39,3840,8499
2023-05-22 10:10:24,38,39,3840,8499
2023-05-22 10:10:25,38,40,3840,8499
2023-05-22 10:10:26,37,38,4040,8699
2023-05-22 10:10:29,37,38,4043,8702
2023-05-22 10:10:44,37,39,4043,8702
2023-05-22 10:10:48,36,39,4043,8705
2023-05-22 10:10:57,36,40,4043,8705
2023-05-22 10:10:58,36,39,4043,8705
2023-05-22 10:11:00,37,39,4043,8705
2023-05-22 10:11:30,38,39,4043,8705
2023-05-22 10:11:30,37,39,4046,8708
2023-05-22 10:13:06,37,39,4049,8733
2023-05-22 10:13:13,37,38,4049,8733
2023-05-22 10:13:13,37,38,4049,8758
2023-05-22 10:14:29,37,38,4049,8859
2023-05-22 10:14:49,37,38,4049,8960
2023-05-22 10:15:11,37,38,4049,9061
2023-05-22 10:16:03,37,38,4049,9162
2023-05-22 10:16:30,37,38,4049,9263
2023-05-22 10:16:30,37,38,4049,9364
2023-05-22 10:16:40,37,38,4049,9465
2023-05-22 10:16:40,36,37,4049,9494
2023-05-22 10:16:58,37,38,4049,9499
2023-05-22 10:17:06,37,38,4049,9600
2023-05-22 10:17:06,37,38,4049,9701
2023-05-22 10:17:35,36,37,4049,9799
2023-05-22 10:17:36,36,38,4049,9799
2023-05-22 10:19:04,36,37,4049,9799
2023-05-22 10:19:04,36,38,3849,9999
2023-05-22 10:19:09,36,37,3849,9999
2023-05-22 10:19:33,36,37,3994,10199
2023-05-22 10:19:41,36,37,4194,10399
2023-05-22 10:21:36,36,37,4094,10499
2023-05-22 10:23:01,37,38,4049,10989
2023-05-22 10:24:41,36,37,4049,11079
2023-05-22 10:24:41,36,38,4049,11079
2023-05-22 10:24:43,36,37,4049,11079
2023-05-22 10:25:06,37,38,4139,11169
2023-05-22 10:25:55,37,38,4334,11369
2023-05-22 10:25:57,36,38,4334,11369
2023-05-22 10:27:31,36,37,4334,11369
2023-05-22 10:27:41,36,38,4334,11369
2023-05-22 10:28:01,36,37,4334,11369
2023-05-22 10:28:04,36,38,4334,11369
2023-05-22 10:28:10,36,37,4334,11369
2023-05-22 10:28:29,36,37,4394,11569
2023-05-22 10:30:59,36,37,4534,11769
2023-05-22 10:38:09,37,38,4539,11774
2023-05-22 10:38:10,36,38,4539,11774
2023-05-22 10:38:16,36,38,4739,11974
2023-05-22 10:38:47,37,38,4739,11974
2023-05-22 10:40:13,37,38,4739,12174
2023-05-22 10:40:29,38,39,4739,12264
2023-05-22 10:40:29,37,39,4739,12264
2023-05-22 10:40:44,37,39,5189,12714
2023-05-22 10:40:47,39,40,5229,12754
2023-05-22 10:43:02,39,40,5229,12954
2023-05-22 10:43:10,39,40,5229,13154
2023-05-22 10:43:11,40,41,5229,13244
2023-05-22 10:43:11,39,41,5229,13244
2023-05-22 10:43:11,40,41,5229,13244
2023-05-22 10:43:40,41,42,5229,13289
2023-05-22 10:43:40,40,42,5229,13289
2023-05-22 10:45:50,42,43,5229,13334
2023-05-22 10:45:50,40,43,5229,13334
2023-05-22 10:45:53,41,43,5229,13334
2023-05-22 10:46:02,41,43,5259,13364
2023-05-22 10:46:02,42,43,5259,13364
2023-05-22 10:46:26,42,43,5260,13365
2023-05-22 10:46:35,42,43,5260,13370
2023-05-22 10:47:55,43,44,5260,13409
2023-05-22 10:47:55,42,44,5260,13409
2023-05-22 10:47:55,43,44,5260,13409
2023-05-22 10:48:41,44,45,5260,13454
2023-05-22 10:48:41,43,45,5260,13454
2023-05-22 10:49:07,44,45,5260,13454
2023-05-22 10:49:59,45,46,5260,13499
2023-05-22 10:49:59,44,46,5260,13499
2023-05-22 10:50:25,45,46,5260,13499
2023-05-22 10:52:06,46,47,5260,13544
2023-05-22 10:52:06,45,47,5260,13544
2023-05-22 10:52:36,46,47,5260,13544
2023-05-22 10:52:42,45,47,5229,13575
2023-05-22 10:53:31,45,47,5074,13775
2023-05-22 10:53:32,45,47,4874,13975
2023-05-22 10:55:53,46,47,4874,13975
2023-05-22 11:00:01,45,46,4824,14029
2023-05-22 11:00:04,44,45,4740,14113
2023-05-22 11:02:44,43,44,4611,14242
2023-05-22 11:04:09,43,44,4411,14442
2023-05-22 11:04:10,43,44,4411,14512
2023-05-22 11:04:13,43,44,4411,14712
2023-05-22 11:05:34,42,43,4281,14842
2023-05-22 11:05:35,42,44,4281,14842
2023-05-22 11:05:36,42,43,4281,14842
2023-05-22 11:06:16,41,43,4281,14842
2023-05-22 11:07:03,41,42,4281,14842
2023-05-22 11:07:20,40,41,4276,14847
2023-05-22 11:07:31,39,40,4271,14852
2023-05-22 11:09:46,40,41,4316,14897
2023-05-22 11:11:32,41,42,4361,14942
2023-05-22 11:11:33,40,42,4361,14942
2023-05-22 11:11:48,42,43,4431,15012
2023-05-22 11:11:48,42,43,4526,15107
2023-05-22 11:12:07,41,42,4521,15147
2023-05-22 11:12:08,41,43,4521,15147
2023-05-22 11:12:41,42,43,4521,15147
2023-05-22 11:12:41,42,43,4521,15152
2023-05-22 11:13:24,41,43,4521,15177
2023-05-22 11:15:24,41,42,4521,15177
2023-05-22 11:15:25,41,43,4521,15177
2023-05-22 11:15:26,41,42,4521,15177
2023-05-22 11:16:38,41,42,4521,15202
2023-05-22 11:16:38,40,41,4521,15222
2023-05-22 11:19:41,41,42,4531,15241
2023-05-22 11:24:30,40,41,4521,15251
2023-05-22 11:24:59,40,41,4436,15451
2023-05-22 11:27:46,41,42,4441,15456
2023-05-22 11:31:14,41,42,4436,15656
2023-05-22 11:31:15,41,42,4436,15856
2023-05-22 11:31:16,40,41,4441,15861
2023-05-22 11:31:17,40,42,4441,15861
2023-05-22 11:31:17,40,41,4441,15861
2023-05-22 11:32:12,41,42,4486,15906
2023-05-22 11:32:13,40,42,4486,15906
2023-05-22 11:32:14,41,42,4486,15906
2023-05-22 11:33:30,40,42,4486,15906
2023-05-22 11:34:21,41,42,4486,15906
2023-05-22 11:35:00,41,42,4526,15951
2023-05-22 11:35:02,40,42,4526,15951
2023-05-22 11:35:18,41,42,4526,15951
2023-05-22 11:35:34,40,42,4526,15951
2023-05-22 11:35:35,41,42,4526,15951
2023-05-22 11:36:19,41,42,4521,15956
2023-05-22 11:37:36,42,43,4606,16056
2023-05-22 11:38:52,43,44,4651,16101
2023-05-22 11:39:16,44,45,4696,16146
2023-05-22 11:39:30,45,46,4766,16216
2023-05-22 11:41:31,46,47,4811,16261
2023-05-22 11:45:01,47,48,4856,16306
2023-05-22 11:45:08,48,49,4901,16351
2023-05-22 11:46:25,49,50,4991,16441
2023-05-22 11:46:25,49,50,5066,16516
2023-05-22 11:48:38,50,51,5066,16561
2023-05-22 11:48:38,49,51,5066,16561
2023-05-22 11:48:39,50,51,5066,16561
2023-05-22 11:50:31,49,50,5036,16591
2023-05-22 11:50:50,48,49,4986,16641
2023-05-22 11:51:21,47,48,4851,16776
2023-05-22 11:54:47,46,47,4721,16906
2023-05-22 11:54:48,46,48,4721,16906
2023-05-22 11:55:01,46,47,4721,16906
2023-05-22 11:55:32,45,46,4681,16946
2023-05-22 11:55:48,44,46,4681,16951
2023-05-22 11:55:48,44,46,4721,16991
2023-05-22 11:56:00,44,46,4721,17191
2023-05-22 11:56:00,44,45,4721,17191
2023-05-22 11:56:03,44,45,4721,17341
2023-05-22 11:56:29,43,44,4716,17346
2023-05-22 11:56:30,43,45,4716,17346
2023-05-22 11:56:35,43,44,4716,17346
2023-05-22 11:57:27,43,45,4761,17396
2023-05-22 11:58:49,44,45,4761,17396
2023-05-22 11:58:51,43,45,4761,17396
2023-05-22 11:58:51,44,45,4761,17396
2023-05-22 11:58:54,44,45,4757,17400
2023-05-22 11:59:10,44,46,4802,17445
2023-05-22 11:59:13,44,45,4802,17445
2023-05-22 11:59:29,45,46,4798,17454
2023-05-22 11:59:29,44,46,4798,17454
2023-05-22 11:59:33,45,46,4798,17454
2023-05-22 12:01:01,44,46,4798,17454
2023-05-22 12:01:14,43,44,4798,17455
2023-05-22 12:01:14,43,46,4798,17455
2023-05-22 12:02:04,43,45,4798,17455
2023-05-22 12:02:09,43,46,4798,17455
2023-05-22 12:02:12,43,46,4843,17614
2023-05-22 12:02:59,43,46,4843,17664
2023-05-22 12:04:37,43,45,4843,17664
2023-05-22 12:05:11,44,45,4843,17664
2023-05-22 12:07:01,45,46,4848,17672
2023-05-22 12:07:02,44,46,4848,17672
2023-05-22 12:07:03,45,46,4848,17672
2023-05-22 12:08:59,45,47,4853,17680
2023-05-22 12:09:33,45,47,4853,17680
2023-05-22 12:09:46,45,46,4853,17680
2023-05-22 12:11:07,44,45,4853,17735
2023-05-22 12:13:09,45,46,4853,17740
2023-05-22 12:13:09,44,46,4853,17740
2023-05-22 12:13:09,44,45,4853,17740
2023-05-22 12:13:13,45,46,4853,17765
2023-05-22 12:13:13,44,46,4853,17765
2023-05-22 12:13:17,45,46,4853,17765
2023-05-22 12:14:11,44,46,4848,17770
2023-05-22 12:15:51,45,46,4848,17770
2023-05-22 12:16:01,46,47,4868,17792
2023-05-22 12:16:04,47,50,4888,17818
2023-05-22 12:16:04,47,50,4933,17863
2023-05-22 12:16:15,47,51,4933,17863
2023-05-22 12:16:24,47,50,4933,17863
2023-05-22 12:16:57,47,51,4933,17863
2023-05-22 12:17:03,47,50,4933,17863
2023-05-22 12:17:14,47,51,4933,17863
2023-05-22 12:17:23,47,50,4933,17863
2023-05-22 12:17:29,47,51,4933,17863
2023-05-22 12:17:30,47,50,4933,17863
2023-05-22 12:18:15,47,51,4933,17863
2023-05-22 12:18:37,47,50,4933,17863
2023-05-22 12:18:44,47,51,4933,17863
2023-05-22 12:19:02,47,50,4933,17863
2023-05-22 12:19:13,47,49,4933,17863
2023-05-22 12:19:27,46,49,4933,17863
2023-05-22 12:19:54,46,48,4933,17863
2023-05-22 12:20:32,46,49,4933,17863
2023-05-22 12:21:13,46,48,4933,17863
2023-05-22 12:23:14,46,49,4933,17863
2023-05-22 12:23:45,47,49,4933,17863
2023-05-22 12:23:50,48,49,4933,17863
2023-05-22 12:23:53,49,51,4933,17865
2023-05-22 12:24:04,50,51,4933,17865
2023-05-22 12:24:05,50,51,4958,18065
2023-05-22 12:24:06,50,53,4958,18065
2023-05-22 12:24:07,50,52,4958,18065
2023-05-22 12:24:08,51,52,4958,18065
2023-05-22 12:24:13,51,53,4958,18065
2023-05-22 12:24:19,52,53,4958,18065
2023-05-22 12:26:05,51,52,4953,18070
2023-05-22 12:27:32,49,51,4953,18100
2023-05-22 12:28:02,49,50,4953,18100
2023-05-22 12:28:58,50,51,4951,18122
2023-05-22 12:28:58,49,51,4951,18122
2023-05-22 12:29:23,50,51,4951,18122
2023-05-22 12:29:27,51,52,4951,18142
2023-05-22 12:29:27,50,52,4951,18142
2023-05-22 12:29:36,51,52,4951,18142
2023-05-22 12:30:07,52,53,4971,18167
2023-05-22 12:30:57,51,52,4966,18172
2023-05-22 12:30:58,51,53,4966,18172
2023-05-22 12:31:00,51,52,4966,18172
2023-05-22 12:31:03,51,53,4966,18172
2023-05-22 12:31:04,51,52,4966,18172
2023-05-22 12:32:38,52,53,4966,18177
2023-05-22 12:32:38,51,53,4966,18177
2023-05-22 12:33:40,52,53,4966,18177
2023-05-22 12:33:46,53,55,4986,18197
2023-05-22 12:34:58,52,55,4986,18197
2023-05-22 12:35:12,52,55,4985,18198
2023-05-22 12:35:20,52,54,4985,18198
2023-05-22 12:35:30,52,53,4985,18198
2023-05-22 12:35:31,51,53,4985,18198
2023-05-22 12:35:56,51,52,4985,18198
2023-05-22 12:36:36,50,52,4985,18198
2023-05-22 12:36:50,51,52,4985,18198
2023-05-22 12:36:52,51,52,4985,18200
2023-05-22 12:37:30,50,52,4985,18200
2023-05-22 12:37:48,51,52,4985,18200
2023-05-22 12:38:38,50,52,4985,18200
2023-05-22 12:39:06,51,52,4985,18200
2023-05-22 12:39:22,52,53,4990,18207
2023-05-22 12:39:45,53,55,4990,18212
2023-05-22 12:39:45,52,55,4990,18212
2023-05-22 12:40:01,53,55,4990,18212
2023-05-22 12:40:57,53,54,4990,18212
2023-05-22 12:41:15,54,55,4988,18234
2023-05-22 12:41:15,53,55,4988,18234
2023-05-22 12:42:05,53,54,4988,18234
2023-05-22 12:42:21,54,55,4986,18241
2023-05-22 12:42:21,53,55,4986,18241
2023-05-22 12:43:28,53,54,4986,18241
2023-05-22 12:43:31,52,54,4986,18241
2023-05-22 12:45:05,53,54,4986,18241
2023-05-22 12:45:13,54,55,4986,18246
2023-05-22 12:45:13,53,55,4986,18246
2023-05-22 12:47:59,55,56,4983,18269
2023-05-22 12:47:59,53,56,4983,18269
2023-05-22 12:48:19,53,55,4983,18269
2023-05-22 12:49:52,55,56,4983,18274
2023-05-22 12:49:52,53,56,4983,18274
2023-05-22 12:49:57,54,56,4983,18274
2023-05-22 12:53:19,53,56,4983,18274
2023-05-22 12:53:24,53,55,4983,18274
2023-05-22 12:55:34,53,54,4983,18274
2023-05-22 12:57:16,52,54,4983,18274
2023-05-22 12:58:08,52,53,4983,18274
2023-05-22 12:58:30,51,53,4983,18274
2023-05-22 12:59:18,52,53,4983,18274
2023-05-22 13:00:19,51,53,4983,18274
2023-05-22 13:00:22,51,52,4983,18274
2023-05-22 13:00:26,51,52,4873,18474
2023-05-22 13:00:27,49,50,4873,18784
2023-05-22 13:00:29,49,50,5073,18984
2023-05-22 13:00:29,48,50,5073,18984
2023-05-22 13:00:30,47,48,5098,19009
2023-05-22 13:00:30,47,50,5098,19009
2023-05-22 13:00:30,48,50,5098,19009
2023-05-22 13:00:30,48,49,5098,19009
2023-05-22 13:00:30,47,49,5098,19009
2023-05-22 13:01:31,47,49,5099,19010
2023-05-22 13:01:32,47,49,5099,19014
2023-05-22 13:02:25,48,49,5099,19014
2023-05-22 13:03:21,50,51,5109,19024
2023-05-22 13:03:22,48,51,5109,19024
2023-05-22 13:03:23,50,51,5109,19024
2023-05-22 13:04:06,48,51,5109,19064
2023-05-22 13:04:06,48,50,5109,19064
2023-05-22 13:04:44,47,50,5109,19064
2023-05-22 13:04:55,48,50,5109,19064
2023-05-22 13:05:04,50,51,5169,19146
2023-05-22 13:06:02,51,52,5174,19151
2023-05-22 13:06:07,50,52,5174,19151
2023-05-22 13:06:08,51,52,5174,19151
2023-05-22 13:07:06,50,51,5169,19156
2023-05-22 13:07:11,48,50,5169,19161
2023-05-22 13:07:11,48,51,5169,19161
2023-05-22 13:07:13,48,50,5169,19161
2023-05-22 13:07:15,48,49,5169,19161
2023-05-22 13:07:17,48,49,5359,19361
2023-05-22 13:07:19,48,49,5559,19561
2023-05-22 13:07:20,46,48,5769,19806
2023-05-22 13:07:20,46,48,5769,19811
2023-05-22 13:07:23,46,47,5769,19811
2023-05-22 13:08:19,45,47,5769,19811
2023-05-22 13:08:43,46,47,5769,19811
2023-05-22 13:08:56,47,48,5769,19831
2023-05-22 13:08:56,46,48,5769,19831
2023-05-22 13:09:02,48,49,5769,19851
2023-05-22 13:09:02,46,49,5769,19851
2023-05-22 13:09:09,47,49,5769,19851
2023-05-22 13:09:23,48,49,5769,19851
2023-05-22 13:09:24,47,49,5769,19851
2023-05-22 13:09:27,48,49,5769,19851
2023-05-22 13:09:47,49,50,5769,19856
2023-05-22 13:09:47,48,50,5769,19856
2023-05-22 13:10:25,48,49,5769,19856
2023-05-22 13:10:31,47,49,5769,19856
2023-05-22 13:10:31,46,49,5769,19856
2023-05-22 13:11:35,47,49,5769,19856
2023-05-22 13:13:00,46,49,5769,19856
2023-05-22 13:13:01,47,49,5769,19856
2023-05-22 13:13:10,46,49,5769,19856
2023-05-22 13:13:23,47,49,5769,19856
2023-05-22 13:13:52,49,50,5769,19861
2023-05-22 13:13:52,47,50,5769,19861
2023-05-22 13:14:04,48,50,5769,19861
2023-05-22 13:14:15,48,50,5789,20061
2023-05-22 13:14:15,48,52,5859,20261
2023-05-22 13:14:15,48,52,5859,20461
2023-05-22 13:14:15,51,52,5859,20661
2023-05-22 13:14:15,51,52,5868,20670
2023-05-22 13:14:16,51,52,5668,20870
2023-05-22 13:14:16,51,52,5698,20900
2023-05-22 13:14:17,51,52,5698,21300
2023-05-22 13:14:17,51,52,5868,21495
2023-05-22 13:14:17,51,52,5843,21545
2023-05-22 13:14:17,51,52,5643,21745
2023-05-22 13:14:18,51,52,5668,21770
2023-05-22 13:14:18,50,52,5668,21770
2023-05-22 13:14:18,50,52,5468,21970
2023-05-22 13:14:19,50,52,5268,22170
2023-05-22 13:14:20,50,52,5268,22370
2023-05-22 13:14:20,50,54,5268,22370
2023-05-22 13:14:20,50,56,5268,22370
2023-05-22 13:14:20,50,53,5268,22370
2023-05-22 13:14:20,52,53,5268,22370
2023-05-22 13:14:20,52,56,5268,22370
2023-05-22 13:14:21,56,57,5264,22374
2023-05-22 13:14:21,52,57,5264,22374
2023-05-22 13:14:21,52,57,5284,22394
2023-05-22 13:14:22,57,58,5279,22399
2023-05-22 13:14:22,52,58,5279,22399
2023-05-22 13:14:22,52,55,5279,22399
2023-05-22 13:14:22,52,58,5279,22399
2023-05-22 13:14:23,53,58,5279,22399
2023-05-22 13:14:23,58,59,5254,22424
2023-05-22 13:14:23,53,54,5234,22599
2023-05-22 13:14:23,52,53,5234,22624
2023-05-22 13:14:23,52,53,5243,22633
2023-05-22 13:14:23,52,53,5243,22658
2023-05-22 13:14:23,52,53,5243,22683
2023-05-22 13:14:24,53,54,5243,22808
2023-05-22 13:14:24,52,54,5243,22808
2023-05-22 13:14:25,52,55,5243,23008
2023-05-22 13:14:25,52,54,5243,23008
2023-05-22 13:14:26,52,55,5243,23008
2023-05-22 13:14:26,54,55,5243,23008
2023-05-22 13:14:26,54,56,5243,23008
2023-05-22 13:14:27,55,56,5243,23008
2023-05-22 13:14:27,56,57,5243,23033
2023-05-22 13:14:27,55,57,5243,23033
2023-05-22 13:14:28,55,58,5243,23033
2023-05-22 13:14:28,55,56,5243,23033
2023-05-22 13:14:29,57,58,5243,23058
2023-05-22 13:14:29,57,58,5243,23083
2023-05-22 13:14:29,57,58,5268,23108
2023-05-22 13:14:29,57,58,5293,23133
2023-05-22 13:14:29,57,58,5318,23158
2023-05-22 13:14:29,57,58,5326,23166
2023-05-22 13:14:29,57,58,5351,23191
2023-05-22 13:14:29,57,58,5357,23197
2023-05-22 13:14:30,55,58,5357,23197
2023-05-22 13:14:30,55,57,5357,23197
2023-05-22 13:14:31,57,58,5382,23222
2023-05-22 13:14:31,55,58,5382,23222
2023-05-22 13:14:32,56,58,5382,23222
2023-05-22 13:14:56,57,58,5382,23222
2023-05-22 13:14:56,56,58,5382,23272
2023-05-22 13:14:59,56,57,5382,23272
2023-05-22 13:14:59,56,58,5382,23272
2023-05-22 13:15:02,58,59,5410,23300
2023-05-22 13:15:02,59,60,5435,23325
2023-05-22 13:15:09,60,61,5480,23370
2023-05-22 13:15:18,59,60,5607,23502
2023-05-22 13:15:22,57,60,5607,23572
2023-05-22 13:15:36,57,59,5607,23572
2023-05-22 13:15:36,57,59,5607,23573
2023-05-22 13:15:37,59,60,5614,23580
2023-05-22 13:15:41,59,60,5614,23583
2023-05-22 13:15:53,59,60,5611,23783
2023-05-22 13:16:01,58,59,5606,23791
2023-05-22 13:16:01,58,60,5606,23791
2023-05-22 13:16:07,57,58,5631,23821
2023-05-22 13:16:56,56,58,5631,23861
2023-05-22 13:16:58,56,57,5631,23861
2023-05-22 13:17:08,56,57,5631,24061
2023-05-22 13:17:09,55,57,5631,24061
2023-05-22 13:17:10,55,57,5651,24261
2023-05-22 13:17:11,56,57,5651,24261
2023-05-22 13:17:11,57,58,5651,24306
2023-05-22 13:17:11,56,58,5651,24306
2023-05-22 13:17:13,56,58,5656,24506
2023-05-22 13:17:15,58,59,5656,24511
2023-05-22 13:17:15,56,59,5656,24511
2023-05-22 13:17:19,55,59,5656,24511
2023-05-22 13:17:33,56,59,5656,24511
2023-05-22 13:17:34,55,59,5656,24511
2023-05-22 13:17:34,55,58,5656,24511
2023-05-22 13:17:35,55,57,5656,24511
2023-05-22 13:17:45,54,57,5656,24511
2023-05-22 13:18:05,54,56,5656,24511
2023-05-22 13:18:10,54,57,5656,24511
2023-05-22 13:18:30,54,56,5656,24511
2023-05-22 13:18:32,54,57,5656,24511
2023-05-22 13:18:33,54,56,5656,24511
2023-05-22 13:19:08,53,56,5656,24511
2023-05-22 13:19:56,53,54,5656,24511
2023-05-22 13:20:00,52,54,5656,24511
2023-05-22 13:20:09,52,53,5656,24511
2023-05-22 13:20:12,51,52,5626,24541
2023-05-22 13:20:16,50,52,5626,24541
2023-05-22 13:20:16,51,52,5626,24541
2023-05-22 13:20:38,50,52,5626,24541
2023-05-22 13:20:51,50,51,5626,24541
2023-05-22 13:20:53,49,50,5621,24546
2023-05-22 13:20:54,49,51,5621,24546
2023-05-22 13:21:09,49,51,5622,24547
2023-05-22 13:21:25,50,51,5622,24547
2023-05-22 13:21:26,51,52,5642,24567
2023-05-22 13:21:26,50,52,5642,24567
2023-05-22 13:21:40,50,51,5642,24567
2023-05-22 13:21:40,51,52,5642,24568
2023-05-22 13:21:40,50,52,5642,24568
2023-05-22 13:22:03,49,52,5642,24568
2023-05-22 13:22:07,49,51,5642,24568
2023-05-22 13:22:20,48,51,5642,24568
2023-05-22 13:22:23,48,50,5642,24568
2023-05-22 13:22:29,48,49,5642,24568
2023-05-22 13:22:42,47,49,5642,24568
2023-05-22 13:22:48,46,47,5575,24685
2023-05-22 13:22:49,47,49,5575,24768
2023-05-22 13:22:55,46,49,5575,24768
2023-05-22 13:22:56,47,49,5575,24768
2023-05-22 13:22:56,47,49,5575,24968
2023-05-22 13:22:58,49,50,5595,24988
2023-05-22 13:22:58,47,50,5595,24988
2023-05-22 13:23:12,46,50,5595,24988
2023-05-22 13:26:02,46,49,5595,24988
2023-05-22 13:26:08,46,50,5595,24988
2023-05-22 13:26:19,47,50,5595,24988
2023-05-22 13:27:01,50,51,5615,25008
2023-05-22 13:27:14,48,51,5615,25008
2023-05-22 13:28:08,48,49,5615,25008
2023-05-22 13:28:14,47,49,5615,25008
2023-05-22 13:28:22,47,49,5615,25108
2023-05-22 13:28:28,47,49,5615,25208
2023-05-22 13:28:30,49,50,5620,25213
2023-05-22 13:28:34,47,50,5620,25213
2023-05-22 13:29:59,48,50,5620,25213
2023-05-22 13:30:00,50,51,5625,25220
2023-05-22 13:30:07,48,51,5625,25220
2023-05-22 13:30:32,47,51,5625,25220
2023-05-22 13:30:36,48,51,5625,25220
2023-05-22 13:31:00,47,51,5625,25220
2023-05-22 13:31:01,47,50,5625,25220
2023-05-22 13:31:25,46,50,5625,25220
2023-05-22 13:31:36,46,49,5625,25220
2023-05-22 13:32:04,47,49,5625,25220
2023-05-22 13:32:05,49,50,5630,25225
2023-05-22 13:32:17,47,50,5630,25225
2023-05-22 13:32:48,46,50,5630,25225
2023-05-22 13:32:53,46,49,5630,25225
2023-05-22 13:33:03,48,49,5630,25225
2023-05-22 13:33:03,48,49,5630,25275
2023-05-22 13:33:05,48,50,5630,25275
2023-05-22 13:33:05,48,49,5630,25275
2023-05-22 13:33:17,48,49,5635,25375
2023-05-22 13:33:18,47,49,5635,25375
2023-05-22 13:33:19,47,49,5635,25475
2023-05-22 13:33:21,49,50,5635,25480
2023-05-22 13:33:26,47,50,5635,25480
2023-05-22 13:33:28,49,50,5635,25480
2023-05-22 13:33:28,51,52,5660,25505
2023-05-22 13:33:31,49,51,5655,25585
2023-05-22 13:33:31,49,52,5655,25585
2023-05-22 13:33:36,50,52,5655,25585
2023-05-22 13:33:59,49,52,5655,25585
2023-05-22 13:33:59,48,52,5655,25585
2023-05-22 13:33:59,50,52,5655,25585
2023-05-22 13:34:13,48,52,5655,25585
2023-05-22 13:34:14,50,52,5655,25585
2023-05-22 13:34:28,49,52,5655,25585
2023-05-22 13:34:30,50,52,5655,25585
2023-05-22 13:34:59,49,52,5655,25585
2023-05-22 13:35:20,50,52,5655,25585
2023-05-22 13:35:49,49,52,5655,25585
2023-05-22 13:35:52,50,52,5655,25585
2023-05-22 13:36:24,50,51,5655,25585
2023-05-22 13:36:25,50,52,5655,25585
2023-05-22 13:36:25,49,52,5655,25585
2023-05-22 13:36:26,49,51,5655,25585
2023-05-22 13:36:53,48,49,5605,25635
2023-05-22 13:36:53,48,51,5605,25635
2023-05-22 13:37:59,47,51,5605,25635
2023-05-22 13:38:02,47,49,5605,25635
2023-05-22 13:38:16,48,49,5605,25635
2023-05-22 13:38:31,47,49,5605,25635
2023-05-22 13:38:31,48,49,5605,25635
2023-05-22 13:39:15,47,49,5605,25635
2023-05-22 13:40:07,45,49,5605,25635
2023-05-22 13:40:18,45,48,5605,25635
2023-05-22 13:40:35,45,48,5605,25685
2023-05-22 13:40:35,46,48,5605,25685
2023-05-22 13:40:50,49,50,5615,25845
2023-05-22 13:40:51,46,49,5615,25885
2023-05-22 13:40:52,46,50,5615,25885
2023-05-22 13:41:07,48,50,5615,25885
2023-05-22 13:41:22,46,50,5615,25885
2023-05-22 13:41:26,48,50,5615,25885
2023-05-22 13:41:38,49,50,5615,25885
2023-05-22 13:42:31,46,49,5615,26035
2023-05-22 13:42:31,46,50,5615,26035
2023-05-22 13:42:47,48,50,5615,26035
2023-05-22 13:43:02,48,49,5615,26035
2023-05-22 13:43:08,46,48,5575,26175
2023-05-22 13:43:08,46,49,5575,26175
2023-05-22 13:43:16,43,49,5575,26175
2023-05-22 13:43:16,44,49,5575,26175
2023-05-22 13:43:17,46,49,5575,26175
2023-05-22 13:43:29,44,49,5575,26175
2023-05-22 13:43:33,45,49,5575,26175
2023-05-22 13:43:33,44,49,5575,26375
2023-05-22 13:43:43,43,49,5575,26375
2023-05-22 13:43:52,45,49,5575,26375
2023-05-22 13:44:08,47,49,5575,26375
2023-05-22 13:44:21,44,49,5575,26375
2023-05-22 13:44:24,45,49,5575,26375
2023-05-22 13:44:24,47,49,5575,26375
2023-05-22 13:44:56,48,49,5575,26375
2023-05-22 13:44:56,47,48,5575,26475
2023-05-22 13:44:56,47,49,5575,26475
2023-05-22 13:45:01,46,47,5570,26480
2023-05-22 13:45:01,46,49,5570,26480
2023-05-22 13:45:02,45,49,5570,26480
2023-05-22 13:45:12,46,49,5570,26480
2023-05-22 13:45:27,45,49,5570,26480
2023-05-22 13:45:27,47,49,5570,26480
2023-05-22 13:45:39,44,49,5570,26480
2023-05-22 13:45:43,46,49,5570,26480
2023-05-22 13:45:57,44,49,5570,26480
2023-05-22 13:45:59,46,49,5570,26480
2023-05-22 13:46:30,47,49,5570,26480
2023-05-22 13:46:49,46,49,5570,26480
2023-05-22 13:47:02,44,49,5570,26480
2023-05-22 13:47:03,46,49,5570,26480
2023-05-22 13:47:42,47,49,5570,26480
2023-05-22 13:48:12,46,49,5570,26480
2023-05-22 13:48:12,45,49,5570,26480
2023-05-22 13:48:13,48,49,5570,26480
2023-05-22 13:48:25,45,49,5570,26480
2023-05-22 13:48:26,48,49,5570,26480
2023-05-22 13:48:38,47,49,5570,26480
2023-05-22 13:48:46,48,49,5570,26480
2023-05-22 13:49:01,48,49,5670,26580
2023-05-22 13:49:11,47,49,5670,26580
2023-05-22 13:49:18,48,49,5670,26580
2023-05-22 13:49:42,47,49,5670,26580
2023-05-22 13:50:07,47,49,5720,26630
2023-05-22 13:50:22,49,50,5755,26665
2023-05-22 13:50:41,48,50,5755,26665
2023-05-22 13:50:54,47,50,5755,26665
2023-05-22 13:50:55,44,50,5755,26665
2023-05-22 13:50:57,47,50,5755,26665
2023-05-22 13:51:15,49,50,5755,26665
2023-05-22 13:51:47,50,51,5775,26685
2023-05-22 13:52:03,51,52,5795,26705
2023-05-22 13:52:17,50,52,5795,26705
2023-05-22 13:52:19,51,52,5795,26705
2023-05-22 13:53:04,50,52,5795,26705
2023-05-22 13:53:39,51,52,5795,26705
2023-05-22 13:54:26,51,54,5815,26725
2023-05-22 13:55:14,52,56,5815,26725
2023-05-22 13:55:14,53,56,5815,26725
2023-05-22 13:55:44,53,57,5815,26725
2023-05-22 13:55:44,53,58,5815,26725
2023-05-22 13:55:49,54,58,5815,26725
2023-05-22 13:55:49,54,57,5815,26725
2023-05-22 13:56:00,55,57,5815,26725
2023-05-22 13:56:05,54,55,5835,26750
2023-05-22 13:56:15,53,55,5835,26750
2023-05-22 13:56:21,52,55,5835,26750
2023-05-22 13:56:21,51,55,5835,26750
2023-05-22 13:56:33,50,55,5835,26750
2023-05-22 13:56:35,50,53,5835,26750
2023-05-22 13:56:53,50,52,5835,26750
2023-05-22 13:56:53,48,50,5855,26810
2023-05-22 13:57:06,47,51,5855,26810
2023-05-22 13:57:06,48,51,5855,26810
2023-05-22 13:57:07,48,50,5855,26810
2023-05-22 13:57:13,50,51,5855,26815
2023-05-22 13:57:13,48,50,5710,26960
2023-05-22 13:57:13,48,51,5710,26960
2023-05-22 13:57:25,49,51,5710,26960
2023-05-22 13:57:40,48,51,5710,26960
2023-05-22 13:57:41,46,51,5710,26960
2023-05-22 13:57:42,47,51,5710,26960
2023-05-22 13:57:42,49,51,5710,26960
2023-05-22 13:57:59,50,51,5710,26960
2023-05-22 13:58:09,51,52,5730,26980
2023-05-22 13:58:09,50,52,5730,26980
2023-05-22 13:58:11,52,53,5750,27000
2023-05-22 13:58:11,50,53,5750,27000
2023-05-22 13:58:14,51,53,5750,27000
2023-05-22 13:58:14,53,54,5770,27020
2023-05-22 13:58:28,50,54,5770,27020
2023-05-22 13:58:29,54,56,5790,27040
2023-05-22 13:58:29,52,54,5920,27170
2023-05-22 13:58:46,53,54,5920,27170
2023-05-22 13:58:49,52,54,5920,27170
2023-05-22 13:58:49,55,56,5925,27175
2023-05-22 13:58:50,53,55,5925,27270
2023-05-22 13:58:50,53,56,5925,27270
2023-05-22 13:58:51,53,55,5925,27270
2023-05-22 13:59:01,52,55,5925,27270
2023-05-22 13:59:07,53,55,5925,27270
2023-05-22 13:59:18,52,53,6025,27400
2023-05-22 13:59:39,53,55,6030,27405
2023-05-22 13:59:54,54,55,6030,27405
2023-05-22 14:00:28,53,55,6030,27405
2023-05-22 14:00:28,55,56,6050,27425
2023-05-22 14:00:43,54,56,6050,27425
2023-05-22 14:00:56,53,56,6050,27425
2023-05-22 14:00:58,54,56,6050,27425
2023-05-22 14:01:13,55,56,6050,27425
2023-05-22 14:01:36,54,56,6050,27425
2023-05-22 14:02:04,52,56,6050,27425
2023-05-22 14:02:04,54,56,6050,27425
2023-05-22 14:02:29,53,56,6050,27425
2023-05-22 14:02:38,53,55,6050,27425
2023-05-22 14:02:42,52,55,6050,27425
2023-05-22 14:03:24,50,55,6050,27425
2023-05-22 14:03:26,51,55,6050,27425
2023-05-22 14:03:26,53,55,6050,27425
2023-05-22 14:04:06,52,55,6050,27425
2023-05-22 14:04:44,50,55,6050,27425
2023-05-22 14:04:48,52,55,6050,27425
2023-05-22 14:04:59,50,55,6050,27425
2023-05-22 14:04:59,52,55,6050,27425
2023-05-22 14:05:20,53,55,6050,27425
2023-05-22 14:06:06,52,55,6050,27425
2023-05-22 14:06:19,50,55,6050,27425
2023-05-22 14:06:24,53,55,6050,27425
2023-05-22 14:07:11,50,55,6050,27425
2023-05-22 14:07:12,54,55,6050,27425
2023-05-22 14:07:24,50,55,6050,27425
2023-05-22 14:07:27,54,55,6050,27425
2023-05-22 14:07:48,53,54,6050,27427
2023-05-22 14:08:03,52,54,6050,27427
2023-05-22 14:08:36,53,54,6050,27427
2023-05-22 14:09:26,52,54,6050,27427
2023-05-22 14:09:26,53,54,6050,27427
2023-05-22 14:09:50,52,54,6050,27427
2023-05-22 14:09:59,52,53,6050,27427
2023-05-22 14:10:10,50,54,6050,27427
2023-05-22 14:10:11,51,54,6050,27427
2023-05-22 14:10:12,51,53,6050,27427
2023-05-22 14:10:30,52,53,6050,27427
2023-05-22 14:11:03,51,53,6050,27427
2023-05-22 14:11:05,52,53,6050,27427
2023-05-22 14:11:05,54,55,6054,27431
2023-05-22 14:11:21,53,55,6054,27431
2023-05-22 14:11:36,53,54,6054,27431
2023-05-22 14:12:04,51,54,6054,27431
2023-05-22 14:12:08,53,54,6054,27431
2023-05-22 14:12:24,52,54,6054,27431
2023-05-22 14:12:26,54,55,6056,27433
2023-05-22 14:12:41,52,55,6056,27433
2023-05-22 14:12:42,54,55,6056,27433
2023-05-22 14:12:56,52,55,6056,27433
2023-05-22 14:12:58,54,55,6056,27433
2023-05-22 14:13:27,52,55,6056,27433
2023-05-22 14:13:27,51,55,6056,27433
2023-05-22 14:13:27,52,55,6056,27433
2023-05-22 14:13:31,54,55,6056,27433
2023-05-22 14:13:47,55,56,6058,27435
2023-05-22 14:14:03,56,57,6078,27455
2023-05-22 14:14:15,55,57,6076,27457
2023-05-22 14:14:20,56,57,6076,27457
2023-05-22 14:14:38,56,57,6074,27459
2023-05-22 14:14:54,54,57,6074,27459
2023-05-22 14:14:56,56,57,6074,27459
2023-05-22 14:15:30,55,57,6074,27459
2023-05-22 14:15:45,55,56,6074,27459
2023-05-22 14:16:14,54,56,6074,27459
2023-05-22 14:16:16,56,57,6076,27461
2023-05-22 14:16:20,54,56,6076,27502
2023-05-22 14:16:20,54,57,6076,27502
2023-05-22 14:16:24,54,56,6076,27502
2023-05-22 14:16:25,54,55,6076,27502
2023-05-22 14:16:25,54,56,6076,27502
2023-05-22 14:16:25,54,56,6076,27702
2023-05-22 14:16:26,54,56,6229,27902
2023-05-22 14:16:28,53,54,6229,27904
2023-05-22 14:16:28,53,56,6229,27904
2023-05-22 14:16:28,53,55,6229,27904
2023-05-22 14:16:33,51,53,6358,28035
2023-05-22 14:16:33,51,55,6358,28035
2023-05-22 14:16:33,51,54,6358,28035
2023-05-22 14:16:33,51,55,6358,28035
2023-05-22 14:16:36,51,53,6358,28035
2023-05-22 14:17:09,51,52,6358,28035
2023-05-22 14:17:20,50,52,6358,28035
2023-05-22 14:17:21,50,53,6358,28035
2023-05-22 14:17:21,50,52,6358,28035
2023-05-22 14:17:21,50,53,6358,28035
2023-05-22 14:17:21,50,52,6358,28035
2023-05-22 14:17:45,50,51,6358,28035
2023-05-22 14:17:48,50,52,6358,28035
2023-05-22 14:17:48,50,51,6358,28035
2023-05-22 14:17:48,50,52,6358,28035
2023-05-22 14:17:54,48,52,6358,28035
2023-05-22 14:18:01,49,52,6358,28035
2023-05-22 14:18:01,49,51,6358,28035
2023-05-22 14:18:05,49,50,6358,28035
2023-05-22 14:18:07,48,49,6485,28162
2023-05-22 14:18:07,48,50,6485,28162
2023-05-22 14:18:09,48,49,6485,28162
2023-05-22 14:18:20,47,49,6485,28162
2023-05-22 14:18:21,47,50,6485,28162
2023-05-22 14:18:21,47,49,6485,28162
2023-05-22 14:18:28,47,48,6485,28162
2023-05-22 14:18:33,47,48,6485,28166
2023-05-22 14:18:35,45,47,6407,28244
2023-05-22 14:18:35,45,47,6407,28370
2023-05-22 14:18:35,45,47,6411,28374
2023-05-22 14:18:35,45,46,6411,28374
2023-05-22 14:19:02,46,47,6411,28376
2023-05-22 14:19:02,45,47,6411,28376
2023-05-22 14:19:02,46,47,6411,28376
2023-05-22 14:19:31,47,48,6411,28378
2023-05-22 14:19:31,46,48,6411,28378
2023-05-22 14:19:40,47,48,6411,28378
2023-05-22 14:20:12,46,48,6411,28378
2023-05-22 14:21:18,46,47,6411,28378
2023-05-22 14:21:26,45,47,6411,28378
2023-05-22 14:21:33,45,46,6411,28378
2023-05-22 14:21:58,45,46,6211,28578
2023-05-22 14:21:58,46,47,6213,28580
2023-05-22 14:22:02,47,48,6213,28582
2023-05-22 14:22:02,46,48,6213,28582
2023-05-22 14:22:14,47,48,6213,28582
2023-05-22 14:22:29,46,48,6213,28582
2023-05-22 14:23:35,47,48,6213,28582
2023-05-22 14:23:51,46,48,6213,28582
2023-05-22 14:24:48,47,48,6213,28582
2023-05-22 14:24:48,48,49,6134,28665
2023-05-22 14:24:48,47,49,6134,28665
2023-05-22 14:24:49,48,49,6134,28665
2023-05-22 14:24:49,49,51,6134,28667
2023-05-22 14:24:49,48,51,6134,28667
2023-05-22 14:24:49,48,50,6134,28667
2023-05-22 14:24:50,48,52,6134,28667
2023-05-22 14:24:53,49,52,6134,28667
2023-05-22 14:24:53,49,51,6134,28667
2023-05-22 14:25:09,50,51,6134,28667
2023-05-22 14:25:25,50,51,6134,28704
2023-05-22 14:25:25,49,50,6133,28705
2023-05-22 14:26:04,47,50,6133,28705
2023-05-22 14:26:15,49,50,6133,28705
2023-05-22 14:26:23,50,51,6133,28744
2023-05-22 14:26:23,49,51,6133,28744
2023-05-22 14:26:47,49,51,6095,28782
2023-05-22 14:26:47,49,50,6095,28782
2023-05-22 14:26:50,47,50,6095,28782
2023-05-22 14:27:02,46,50,6095,28782
2023-05-22 14:27:06,47,50,6095,28782
2023-05-22 14:27:06,47,48,6095,28782
2023-05-22 14:27:22,46,47,6095,28787
2023-05-22 14:27:22,46,48,6095,28787
2023-05-22 14:27:35,45,48,6095,28787
2023-05-22 14:27:40,45,47,6095,28787
2023-05-22 14:27:51,45,48,6095,28787
2023-05-22 14:27:51,45,47,6095,28787
2023-05-22 14:27:55,45,46,6095,28787
2023-05-22 14:28:11,45,47,6095,28787
2023-05-22 14:28:11,45,46,6095,28787
2023-05-22 14:28:13,44,45,6165,28862
2023-05-22 14:28:13,44,46,6165,28862
2023-05-22 14:28:25,42,44,6159,28868
2023-05-22 14:28:25,42,44,6159,28906
2023-05-22 14:28:42,41,44,6159,28906
2023-05-22 14:28:59,41,43,6159,28906
2023-05-22 14:29:06,41,42,6159,28906
2023-05-22 14:29:06,39,41,6140,28925
2023-05-22 14:29:20,39,40,6140,28925
2023-05-22 14:29:35,39,41,6140,28925
2023-05-22 14:29:58,39,41,6142,28965
2023-05-22 14:30:08,39,40,6142,28965
2023-05-22 14:32:03,38,40,6142,28965
2023-05-22 14:32:34,38,39,6142,28965
2023-05-22 14:32:45,38,40,6142,28965
2023-05-22 14:32:45,38,39,6142,28965
2023-05-22 14:34:14,37,38,6242,29158
2023-05-22 14:34:14,37,39,6242,29158
2023-05-22 14:34:31,37,38,6242,29158
2023-05-22 14:34:36,36,38,6242,29158
2023-05-22 14:35:00,37,38,6242,29158
2023-05-22 14:35:07,38,39,6244,29160
2023-05-22 14:35:17,39,42,6246,29162
2023-05-22 14:35:17,39,41,6246,29162
2023-05-22 14:35:29,39,42,6246,29162
2023-05-22 14:35:29,39,41,6246,29162
2023-05-22 14:35:33,40,41,6246,29162
2023-05-22 14:36:01,41,42,6248,29164
2023-05-22 14:36:05,42,43,6248,29166
2023-05-22 14:36:05,41,43,6248,29166
2023-05-22 14:36:05,42,43,6248,29166
2023-05-22 14:36:19,43,44,6248,29168
2023-05-22 14:36:19,42,44,6248,29168
2023-05-22 14:36:20,43,44,6248,29168
2023-05-22 14:36:37,42,44,6248,29180
2023-05-22 14:36:48,41,44,6248,29180
2023-05-22 14:37:07,42,44,6248,29180
2023-05-22 14:37:20,43,44,6248,29180
2023-05-22 14:37:26,42,44,6248,29180
2023-05-22 14:37:26,43,44,6248,29180
2023-05-22 14:37:49,42,44,6248,29180
2023-05-22 14:38:16,42,44,6252,29210
2023-05-22 14:38:19,43,44,6252,29210
2023-05-22 14:38:26,43,45,6252,29210
2023-05-22 14:38:44,42,45,6252,29210
2023-05-22 14:38:47,43,45,6252,29210
2023-05-22 14:39:03,43,44,6252,29210
2023-05-22 14:39:10,42,44,6252,29210
2023-05-22 14:39:19,43,44,6252,29210
2023-05-22 14:39:36,44,45,6254,29212
2023-05-22 14:39:48,43,45,6254,29212
2023-05-22 14:39:51,44,45,6254,29212
2023-05-22 14:40:06,43,45,6254,29212
2023-05-22 14:40:06,42,45,6254,29212
2023-05-22 14:40:09,43,45,6254,29212
2023-05-22 14:40:25,43,44,6254,29212
2023-05-22 14:40:35,42,44,6254,29212
2023-05-22 14:40:42,43,44,6254,29212
2023-05-22 14:41:16,44,45,6254,29214
2023-05-22 14:41:16,43,45,6254,29214
2023-05-22 14:41:16,44,45,6254,29214
2023-05-22 14:41:28,43,45,6254,29214
2023-05-22 14:41:29,42,45,6254,29214
2023-05-22 14:41:33,43,45,6254,29214
2023-05-22 14:41:50,43,44,6254,29214
2023-05-22 14:42:01,42,44,6254,29214
2023-05-22 14:42:23,43,44,6254,29214
2023-05-22 14:42:34,42,43,6254,29220
2023-05-22 14:42:34,42,44,6254,29220
2023-05-22 14:42:35,42,43,6254,29220
2023-05-22 14:42:37,41,42,6254,29239
2023-05-22 14:42:37,41,43,6254,29239
2023-05-22 14:42:47,40,43,6254,29239
2023-05-22 14:42:48,40,41,6254,29239
2023-05-22 14:43:02,40,43,6254,29239
2023-05-22 14:43:06,41,43,6254,29239
2023-05-22 14:43:23,42,43,6254,29239
2023-05-22 14:43:23,43,44,6256,29241
2023-05-22 14:43:36,41,44,6256,29241
2023-05-22 14:43:37,40,44,6256,29241
2023-05-22 14:43:37,41,44,6256,29241
2023-05-22 14:43:54,40,44,6256,29241
2023-05-22 14:43:56,41,44,6256,29241
2023-05-22 14:44:08,40,44,6256,29241
2023-05-22 14:44:12,41,44,6256,29241
2023-05-22 14:44:15,41,43,6256,29241
2023-05-22 14:44:19,40,41,6319,29304
2023-05-22 14:44:24,38,41,6319,29304
2023-05-22 14:44:25,39,41,6319,29304
2023-05-22 14:44:25,39,40,6319,29304
2023-05-22 14:44:37,38,41,6319,29304
2023-05-22 14:44:40,38,40,6319,29304
2023-05-22 14:44:54,37,38,6251,29372
2023-05-22 14:44:54,36,38,6251,29372
2023-05-22 14:44:55,36,39,6251,29372
2023-05-22 14:44:55,37,39,6251,29372
2023-05-22 14:44:56,36,37,6251,29508
2023-05-22 14:44:56,36,39,6251,29508
2023-05-22 14:44:58,35,39,6251,29508
2023-05-22 14:44:58,35,36,6251,29508
2023-05-22 14:45:21,36,37,6255,29512
2023-05-22 14:45:25,36,40,6255,29512
2023-05-22 14:45:25,36,39,6255,29512
2023-05-22 14:45:25,36,37,6255,29512
2023-05-22 14:45:28,37,40,6257,29514
2023-05-22 14:45:28,37,39,6257,29514
2023-05-22 14:45:43,36,39,6257,29514
2023-05-22 14:45:44,37,39,6257,29514
2023-05-22 14:46:14,39,41,6259,29516
2023-05-22 14:46:14,39,40,6259,29516
2023-05-22 14:46:18,37,39,6259,29519
2023-05-22 14:46:36,38,39,6259,29519
2023-05-22 14:47:09,38,39,6199,29579
2023-05-22 14:47:09,37,39,6199,29587
2023-05-22 14:47:12,36,39,6199,29587
2023-05-22 14:47:21,37,39,6199,29587
2023-05-22 14:47:40,36,39,6199,29587
2023-05-22 14:47:41,37,39,6199,29587
2023-05-22 14:47:57,36,39,6199,29723
2023-05-22 14:47:58,37,39,6199,29723
2023-05-22 14:47:58,37,38,6199,29723
2023-05-22 14:47:58,36,38,6229,29753
2023-05-22 14:47:58,36,37,6229,29753
2023-05-22 14:48:11,35,37,6229,29753
2023-05-22 14:48:28,34,37,6229,29753
2023-05-22 14:48:29,34,36,6229,29753
2023-05-22 14:48:40,34,37,6229,29753
2023-05-22 14:48:43,33,36,6229,29953
2023-05-22 14:48:45,34,36,6229,29953
2023-05-22 14:48:45,33,36,6288,30012
2023-05-22 14:49:02,34,36,6288,30012
2023-05-22 14:49:02,33,36,6317,30041
2023-05-22 14:49:02,33,34,6317,30041
2023-05-22 14:49:12,32,34,6342,30266
2023-05-22 14:49:16,33,34,6345,30269
2023-05-22 14:49:16,33,34,6414,30338
2023-05-22 14:49:16,33,34,6416,30340
2023-05-22 14:49:44,32,34,6416,30340
2023-05-22 14:49:57,32,33,6416,30340
2023-05-22 14:49:57,33,34,6416,30365
2023-05-22 14:50:00,32,33,6491,30440
2023-05-22 14:50:00,32,34,6491,30440
2023-05-22 14:50:00,33,34,6491,30440
2023-05-22 14:50:01,32,34,6491,30640
2023-05-22 14:50:02,32,33,6491,30640
2023-05-22 14:50:09,32,33,6491,30643
2023-05-22 14:50:10,31,33,6573,30840
2023-05-22 14:50:11,31,32,6573,30840
2023-05-22 14:50:11,29,31,6718,30985
2023-05-22 14:50:12,29,32,6718,30985
2023-05-22 14:50:12,29,32,6721,30988
2023-05-22 14:50:12,29,31,6721,30988
2023-05-22 14:50:12,29,30,6721,30988
2023-05-22 14:50:12,31,32,6721,30991
2023-05-22 14:50:12,29,32,6739,31009
2023-05-22 14:50:12,29,31,6739,31009
2023-05-22 14:50:13,29,32,6739,31009
2023-05-22 14:50:13,29,30,6739,31009
2023-05-22 14:50:20,28,29,6741,31011
2023-05-22 14:50:20,28,30,6741,31011
2023-05-22 14:50:20,28,29,6741,31011
2023-05-22 14:50:21,28,29,6941,31211
2023-05-22 14:50:24,26,28,6964,31234
2023-05-22 14:50:24,26,29,6964,31234
2023-05-22 14:50:24,25,29,6964,31234
2023-05-22 14:50:24,25,28,6964,31234
2023-05-22 14:50:27,24,28,6964,31234
2023-05-22 14:50:35,24,27,6964,31234
2023-05-22 14:50:37,24,26,6964,31234
2023-05-22 14:50:37,23,24,6964,31279
2023-05-22 14:50:51,24,25,6964,31303
2023-05-22 14:50:52,23,25,6964,31418
2023-05-22 14:50:52,24,25,6964,31418
2023-05-22 14:50:52,23,24,6966,31420
2023-05-22 14:50:52,23,25,6966,31420
2023-05-22 14:50:53,23,25,6966,31420
2023-05-22 14:50:55,22,25,6966,31420
2023-05-22 14:51:04,22,24,6966,31420
2023-05-22 14:51:07,22,25,6966,31420
2023-05-22 14:51:07,22,23,6966,31420
2023-05-22 14:51:23,20,22,6966,31440
2023-05-22 14:51:23,20,23,6966,31440
2023-05-22 14:51:23,20,21,6966,31440
2023-05-22 14:51:30,17,19,6966,31460
2023-05-22 14:51:30,19,20,6901,31525
2023-05-22 14:51:30,17,20,6901,31525
2023-05-22 14:51:36,17,21,6901,31525
2023-05-22 14:51:36,17,19,6901,31525
2023-05-22 14:51:52,17,19,6901,31625
2023-05-22 14:51:54,17,19,6901,31725
2023-05-22 14:51:56,19,21,6756,31870
2023-05-22 14:51:56,17,21,6756,31870
2023-05-22 14:51:56,19,21,6756,31870
2023-05-22 14:51:59,21,22,6781,31895
2023-05-22 14:52:01,20,22,6781,31895
2023-05-22 14:52:03,18,20,6756,31920
2023-05-22 14:52:04,18,21,6756,31920
2023-05-22 14:52:04,18,20,6756,31920
2023-05-22 14:52:05,18,20,6756,32020
2023-05-22 14:52:12,18,20,6947,32211
2023-05-22 14:52:50,19,20,6947,32211
2023-05-22 14:52:55,19,21,6972,32405
2023-05-22 14:52:57,19,20,6972,32405
2023-05-22 14:52:59,20,21,6976,32409
2023-05-22 14:52:59,20,21,6980,32413
2023-05-22 14:52:59,19,20,7072,32505
2023-05-22 14:53:00,20,21,7072,32509
2023-05-22 14:53:00,20,21,7072,32513
2023-05-22 14:53:04,18,20,7072,32530
2023-05-22 14:53:06,21,22,7076,32538
2023-05-22 14:53:06,21,22,7080,32542
2023-05-22 14:53:22,21,23,7253,32770
2023-05-22 14:53:22,21,22,7253,32770
2023-05-22 14:53:23,22,23,7255,32772
2023-05-22 14:53:56,24,26,7295,32812
2023-05-22 14:53:56,22,26,7447,32964
2023-05-22 14:53:56,22,25,7447,32964
2023-05-22 14:53:56,22,24,7447,32964
2023-05-22 14:54:11,23,24,7447,32964
2023-05-22 14:54:29,24,26,7619,33136
2023-05-22 14:54:40,24,27,7619,33136
2023-05-22 14:54:40,24,26,7619,33136
2023-05-22 14:54:42,25,26,7619,33136
2023-05-22 14:54:43,26,28,7619,33156
2023-05-22 14:54:43,25,28,7619,33156
2023-05-22 14:54:43,25,27,7619,33156
2023-05-22 14:55:02,27,29,7619,33176
2023-05-22 14:55:02,25,29,7619,33176
2023-05-22 14:55:03,26,29,7619,33176
2023-05-22 14:55:03,27,29,7619,33176
2023-05-22 14:55:03,28,29,7619,33176
2023-05-22 14:55:04,29,33,7619,33196
2023-05-22 14:55:04,28,33,7619,33196
2023-05-22 14:55:04,28,32,7619,33196
2023-05-22 14:55:04,28,30,7619,33196
2023-05-22 14:55:04,28,29,7619,33196
2023-05-22 14:55:05,28,30,7619,33196
2023-05-22 14:55:05,29,30,7619,33196
2023-05-22 14:55:05,30,34,7619,33216
2023-05-22 14:55:05,29,34,7619,33216
2023-05-22 14:55:05,30,34,7619,33216
2023-05-22 14:55:06,31,34,7619,33216
2023-05-22 14:55:10,32,34,7619,33216
2023-05-22 14:55:14,34,37,7619,33245
2023-05-22 14:55:14,32,37,7619,33245
2023-05-22 14:55:14,32,36,7619,33245
2023-05-22 14:55:15,33,36,7619,33245
2023-05-22 14:55:15,34,36,7619,33245
2023-05-22 14:55:16,34,39,7619,33245
2023-05-22 14:55:18,34,36,7619,33245
2023-05-22 14:55:18,35,36,7619,33245
2023-05-22 14:55:18,37,39,7639,33265
2023-05-22 14:55:24,39,41,7505,33419
2023-05-22 14:55:24,37,41,7505,33419
2023-05-22 14:55:24,37,40,7505,33419
2023-05-22 14:55:25,37,41,7505,33419
2023-05-22 14:55:27,37,42,7505,33419
2023-05-22 14:55:27,39,42,7505,33419
2023-05-22 14:55:27,39,41,7505,33419
2023-05-22 14:55:27,39,42,7505,33419
2023-05-22 14:55:28,39,41,7505,33419
2023-05-22 14:55:34,40,41,7505,33419
2023-05-22 14:55:34,42,45,7525,33439
2023-05-22 14:55:34,44,45,7525,33439
2023-05-22 14:55:34,44,45,7529,33443
2023-05-22 14:55:34,42,45,7732,33646
2023-05-22 14:55:35,42,46,7732,33646
2023-05-22 14:55:35,42,45,7732,33646
2023-05-22 14:55:35,42,46,7732,33646
2023-05-22 14:55:41,44,46,7732,33646
2023-05-22 14:55:41,46,47,7777,33691
2023-05-22 14:55:41,44,47,7812,33726
2023-05-22 14:55:41,44,46,7812,33726
2023-05-22 14:55:53,45,46,7812,33726
2023-05-22 14:55:54,46,47,7836,33750
2023-05-22 14:55:54,45,47,7865,33779
2023-05-22 14:56:01,44,47,7865,33779
2023-05-22 14:56:01,46,47,7865,33779
2023-05-22 14:56:06,43,47,7865,33779
2023-05-22 14:56:06,45,47,7865,33779
2023-05-22 14:56:06,46,47,7865,33779
2023-05-22 14:56:09,43,45,7838,33806
2023-05-22 14:56:09,43,45,7840,33808
2023-05-22 14:56:16,43,45,7840,33908
2023-05-22 14:56:24,40,45,7840,33908
2023-05-22 14:56:24,40,44,7840,33908
2023-05-22 14:56:24,40,43,7840,33908
2023-05-22 14:56:31,43,44,7814,33934
2023-05-22 14:56:31,40,44,7814,33934
2023-05-22 14:56:32,41,44,7814,33934
2023-05-22 14:57:09,41,43,7814,33934
2023-05-22 14:57:11,41,44,7814,33934
2023-05-22 14:57:13,40,41,7774,33974
2023-05-22 14:57:18,39,41,7774,33974
2023-05-22 14:57:29,39,40,7774,33974
2023-05-22 14:57:48,40,41,7774,33976
2023-05-22 14:57:48,39,41,7774,33976
2023-05-22 14:57:48,40,41,7774,33976
2023-05-22 14:57:49,40,41,7776,33978
2023-05-22 14:57:57,39,41,7776,33978
2023-05-22 14:58:03,40,41,7776,33978
2023-05-22 14:58:22,39,40,7774,33980
2023-05-22 14:58:26,38,40,7774,33980
2023-05-22 14:58:27,38,39,7774,33980
2023-05-22 14:58:38,36,38,7772,33982
2023-05-22 14:58:54,36,37,7772,33982
2023-05-22 14:59:05,35,37,7772,33982
2023-05-22 14:59:20,35,36,7772,33982
2023-05-22 14:59:39,34,36,7772,33982
2023-05-22 14:59:41,34,35,7772,33982
2023-05-22 14:59:46,32,34,7732,34022
2023-05-22 14:59:50,33,34,7732,34022
2023-05-22 14:59:59,32,34,7732,34022
2023-05-22 15:00:01,33,34,7732,34022
2023-05-22 15:00:10,32,33,7757,34047
2023-05-22 15:00:10,32,34,7757,34047
2023-05-22 15:00:10,32,33,7757,34047
2023-05-22 15:00:11,32,33,7733,34071
2023-05-22 15:00:12,32,33,7733,34141
2023-05-22 15:00:12,32,33,7733,34145
2023-05-22 15:00:12,30,33,7733,34145
2023-05-22 15:00:13,30,31,7733,34145
2023-05-22 15:00:13,31,33,7731,34147
2023-05-22 15:00:16,31,32,7731,34147
2023-05-22 15:00:18,30,31,7753,34343
2023-05-22 15:00:18,30,32,7753,34343
2023-05-22 15:00:20,30,33,7753,34343
2023-05-22 15:00:20,30,32,7753,34343
2023-05-22 15:00:24,29,32,7753,34343
2023-05-22 15:00:28,29,31,7753,34343
2023-05-22 15:00:36,29,31,7754,34344
2023-05-22 15:00:43,29,30,7754,34344
2023-05-22 15:00:58,27,30,7754,34344
2023-05-22 15:00:58,27,31,7754,34344
2023-05-22 15:00:58,27,29,7754,34344
2023-05-22 15:01:00,27,30,7754,34344
2023-05-22 15:01:00,27,28,7754,34344
2023-05-22 15:01:16,27,29,7754,34344
2023-05-22 15:01:16,27,30,7754,34344
2023-05-22 15:01:16,27,29,7754,34344
2023-05-22 15:01:16,27,28,7754,34344
2023-05-22 15:01:18,27,29,7754,34344
2023-05-22 15:01:18,27,28,7754,34344
2023-05-22 15:01:31,27,28,7832,34444
2023-05-22 15:01:33,28,29,7870,34482
2023-05-22 15:01:47,28,29,7970,34582
2023-05-22 15:01:47,29,30,7970,34620
2023-05-22 15:01:47,28,30,7970,34620
2023-05-22 15:01:59,28,29,7970,34620
2023-05-22 15:02:18,29,30,7970,34622
2023-05-22 15:02:18,28,30,7970,34622
2023-05-22 15:02:19,29,30,7970,34622
2023-05-22 15:02:23,30,32,7990,34643
2023-05-22 15:02:23,30,31,7990,34643
2023-05-22 15:02:23,30,32,7990,34643
2023-05-22 15:02:23,30,31,7990,34643
2023-05-22 15:02:38,28,30,7988,34645
2023-05-22 15:02:55,28,29,7988,34645
2023-05-22 15:02:55,27,29,7988,34645
2023-05-22 15:03:08,28,29,7988,34645
2023-05-22 15:03:14,29,30,7988,34647
2023-05-22 15:03:14,28,30,7988,34647
2023-05-22 15:03:15,29,30,7988,34647
2023-05-22 15:03:23,28,30,7988,34647
2023-05-22 15:03:37,29,30,7988,34647
2023-05-22 15:03:39,30,31,7894,34743
2023-05-22 15:03:39,29,31,7894,34743
2023-05-22 15:03:43,30,31,7894,34743
2023-05-22 15:04:05,31,32,7848,34809
2023-05-22 15:04:05,30,32,7848,34809
2023-05-22 15:04:10,32,33,7868,34829
2023-05-22 15:04:30,33,34,7868,34849
2023-05-22 15:04:30,32,34,7868,34849
2023-05-22 15:04:33,34,36,7799,34938
2023-05-22 15:04:33,32,36,7799,34938
2023-05-22 15:04:33,34,36,7799,34938
2023-05-22 15:04:38,34,36,7650,35138
2023-05-22 15:04:40,35,36,7650,35138
2023-05-22 15:04:40,36,38,7581,35207
2023-05-22 15:04:40,35,38,7581,35207
2023-05-22 15:04:40,35,36,7581,35207
2023-05-22 15:04:41,36,39,7581,35240
2023-05-22 15:04:41,35,39,7581,35240
2023-05-22 15:04:41,35,38,7581,35240
2023-05-22 15:04:42,35,36,7581,35240
2023-05-22 15:04:42,36,39,7581,35260
2023-05-22 15:04:42,35,39,7581,35260
2023-05-22 15:04:42,35,38,7581,35260
2023-05-22 15:04:43,36,38,7581,35260
2023-05-22 15:04:45,36,39,7581,35260
2023-05-22 15:04:45,36,38,7581,35260
2023-05-22 15:04:51,36,37,7581,35260
2023-05-22 15:04:53,35,37,7581,35260
2023-05-22 15:04:54,34,37,7581,35260
2023-05-22 15:05:29,37,38,7626,35305
2023-05-22 15:05:29,37,38,7629,35308
2023-05-22 15:05:30,35,37,7671,35350
2023-05-22 15:05:30,35,38,7671,35350
2023-05-22 15:05:31,35,37,7671,35350
2023-05-22 15:05:31,35,37,7871,35550
2023-05-22 15:05:32,35,36,7871,35550
2023-05-22 15:05:32,35,37,7871,35550
2023-05-22 15:05:32,35,36,7871,35550
2023-05-22 15:05:35,35,37,7871,35550
2023-05-22 15:05:38,35,36,7871,35550
2023-05-22 15:05:43,34,36,7871,35550
2023-05-22 15:06:05,35,36,7871,35550
2023-05-22 15:06:08,35,36,7871,35554
2023-05-22 15:06:09,35,36,7871,35560
2023-05-22 15:06:15,34,35,7854,35577
2023-05-22 15:06:28,33,35,7854,35579
2023-05-22 15:06:31,35,36,7862,35587
2023-05-22 15:06:32,33,36,7876,35601
2023-05-22 15:06:44,33,34,7876,35601
2023-05-22 15:06:49,32,34,7876,35603
2023-05-22 15:07:04,33,34,7876,35603
2023-05-22 15:07:04,32,34,7901,35628
2023-05-22 15:07:06,33,34,7901,35628
2023-05-22 15:07:07,34,35,7835,35702
2023-05-22 15:07:07,33,35,7835,35702
2023-05-22 15:07:07,33,34,7835,35702
2023-05-22 15:07:08,34,35,7835,35706
2023-05-22 15:07:08,33,35,7835,35706
2023-05-22 15:07:08,33,34,7835,35706
2023-05-22 15:07:09,34,35,7835,35724
2023-05-22 15:07:09,33,35,7835,35724
2023-05-22 15:07:10,33,34,7835,35724
2023-05-22 15:07:27,32,34,7835,35724
2023-05-22 15:07:28,33,34,7835,35724
2023-05-22 15:07:32,34,35,7837,35726
2023-05-22 15:07:59,35,36,7837,35728
2023-05-22 15:07:59,34,36,7837,35728
2023-05-22 15:07:59,35,36,7837,35728
2023-05-22 15:08:01,36,37,7839,35730
2023-05-22 15:08:01,36,37,7841,35732
2023-05-22 15:08:05,36,38,7841,35732
2023-05-22 15:08:17,38,39,7881,35772
2023-05-22 15:08:24,38,40,7881,35772
2023-05-22 15:08:25,39,40,7881,35772
2023-05-22 15:08:26,40,42,7774,35879
2023-05-22 15:08:26,39,42,7774,35879
2023-05-22 15:08:26,40,42,7774,35879
2023-05-22 15:08:26,40,41,7774,35879
2023-05-22 15:08:27,40,42,7774,35879
2023-05-22 15:08:31,40,41,7774,35879
2023-05-22 15:08:48,40,41,7772,35904
2023-05-22 15:08:54,41,42,7817,35949
2023-05-22 15:08:58,40,41,7872,36004
2023-05-22 15:08:58,40,42,7872,36004
2023-05-22 15:08:59,39,40,7870,36006
2023-05-22 15:09:04,40,43,7851,36027
2023-05-22 15:09:04,40,42,7851,36027
2023-05-22 15:09:04,39,42,7851,36027
2023-05-22 15:09:04,41,42,7851,36027
2023-05-22 15:09:16,41,42,7852,36028
2023-05-22 15:09:28,41,42,7852,36032
2023-05-22 15:09:41,42,44,7867,36047
2023-05-22 15:10:01,41,44,7867,36047
2023-05-22 15:10:10,42,44,7867,36047
2023-05-22 15:10:12,43,44,7867,36047
2023-05-22 15:10:27,44,45,7887,36067
2023-05-22 15:10:44,44,46,7907,36087
2023-05-22 15:10:45,45,46,7907,36087
2023-05-22 15:10:46,46,47,7907,36107
2023-05-22 15:10:46,45,47,7907,36107
2023-05-22 15:10:55,44,47,7907,36107
2023-05-22 15:10:58,44,48,7927,36207
2023-05-22 15:11:02,46,48,7927,36207
2023-05-22 15:11:04,46,47,7927,36207
2023-05-22 15:11:09,46,47,7930,36210
2023-05-22 15:11:10,44,46,7928,36212
2023-05-22 15:11:42,42,44,7924,36216
2023-05-22 15:11:58,41,44,7924,36216
2023-05-22 15:12:04,41,43,7924,36216
2023-05-22 15:12:07,42,43,7924,36216
2023-05-22 15:12:10,41,43,7924,36216
2023-05-22 15:12:22,41,42,7924,36216
2023-05-22 15:12:22,41,43,7924,36216
2023-05-22 15:12:24,41,43,7865,36275
2023-05-22 15:12:24,41,42,7865,36275
2023-05-22 15:12:24,41,43,7865,36294
2023-05-22 15:12:28,39,43,7865,36294
2023-05-22 15:12:36,40,43,7865,36294
2023-05-22 15:12:41,40,41,7865,36294
2023-05-22 15:12:42,41,43,7865,36333
2023-05-22 15:12:42,41,42,7865,36333
2023-05-22 15:13:29,42,43,7867,36335
2023-05-22 15:14:13,43,44,7858,36346
2023-05-22 15:14:13,42,44,7858,36346
2023-05-22 15:14:13,43,44,7858,36346
2023-05-22 15:14:28,42,44,7858,36346
2023-05-22 15:14:51,43,44,7858,36346
2023-05-22 15:15:09,44,45,7858,36355
2023-05-22 15:15:09,43,45,7858,36355
2023-05-22 15:15:09,44,45,7858,36355
2023-05-22 15:15:10,45,47,7821,36394
2023-05-22 15:15:10,44,47,7821,36394
2023-05-22 15:15:10,44,46,7821,36394
2023-05-22 15:15:10,45,46,7821,36394
2023-05-22 15:15:19,46,47,7821,36399
2023-05-22 15:15:19,45,47,7821,36399
2023-05-22 15:15:20,45,46,7821,36399
2023-05-22 15:15:20,45,46,7846,36424
2023-05-22 15:15:21,46,47,7846,36581
2023-05-22 15:15:21,45,47,7846,36581
2023-05-22 15:15:21,46,47,7846,36581
2023-05-22 15:15:23,47,49,7828,36599
2023-05-22 15:15:23,46,49,7828,36599
2023-05-22 15:15:25,47,49,7828,36599
2023-05-22 15:15:25,47,50,7828,36599
2023-05-22 15:15:25,47,49,7828,36599
2023-05-22 15:15:26,47,50,7828,36599
2023-05-22 15:15:26,49,50,7828,36599
2023-05-22 15:15:26,47,50,7828,36599
2023-05-22 15:15:26,48,50,7828,36599
2023-05-22 15:15:26,49,50,7828,36599
2023-05-22 15:15:27,50,52,7823,36604
2023-05-22 15:15:27,49,52,7823,36604
2023-05-22 15:15:28,52,55,7798,36629
2023-05-22 15:15:28,49,55,7798,36629
2023-05-22 15:15:28,49,54,7798,36629
2023-05-22 15:15:28,50,54,7798,36629
2023-05-22 15:15:33,49,54,7798,36629
2023-05-22 15:15:33,50,54,7798,36629
2023-05-22 15:15:39,49,54,7798,36629
2023-05-22 15:15:39,48,54,7798,36629
2023-05-22 15:15:39,49,54,7798,36629
2023-05-22 15:15:45,49,53,7798,36629
2023-05-22 15:15:48,49,52,7798,36629
2023-05-22 15:15:55,47,52,7798,36629
2023-05-22 15:15:57,47,51,7798,36629
2023-05-22 15:16:04,47,50,7798,36629
2023-05-22 15:16:06,47,51,7798,36629
2023-05-22 15:16:06,47,49,7798,36629
2023-05-22 15:16:06,47,50,7798,36629
2023-05-22 15:16:06,47,51,7798,36629
2023-05-22 15:16:07,47,49,7798,36629
2023-05-22 15:16:10,47,48,7798,36629
2023-05-22 15:16:11,47,49,7798,36629
2023-05-22 15:16:11,44,47,7798,36631
2023-05-22 15:16:11,44,49,7798,36631
2023-05-22 15:16:12,44,48,7798,36631
2023-05-22 15:16:22,44,47,7798,36631
2023-05-22 15:16:23,45,47,7798,36631
2023-05-22 15:16:24,46,47,7798,36631
2023-05-22 15:16:28,46,48,7798,36631
2023-05-22 15:16:36,47,48,7798,36631
2023-05-22 15:16:42,48,50,7798,36651
2023-05-22 15:16:42,47,50,7798,36651
2023-05-22 15:16:45,47,52,8038,36891
2023-05-22 15:16:46,47,50,8038,36891
2023-05-22 15:16:53,46,50,8038,36891
2023-05-22 15:16:53,45,50,8038,36891
2023-05-22 15:16:57,47,50,8038,36891
2023-05-22 15:16:58,47,50,8038,37087
2023-05-22 15:16:58,45,50,8038,37091
2023-05-22 15:16:59,45,49,8038,37091
2023-05-22 15:16:59,45,50,8038,37091
2023-05-22 15:16:59,45,48,8038,37091
2023-05-22 15:16:59,45,49,8038,37091
2023-05-22 15:16:59,45,50,8038,37091
2023-05-22 15:16:59,45,49,8038,37091
2023-05-22 15:17:09,46,49,8038,37091
2023-05-22 15:17:31,46,48,8038,37091
2023-05-22 15:17:31,46,47,8038,37091
2023-05-22 15:17:48,45,47,8038,37091
2023-05-22 15:17:48,44,47,7945,37405
2023-05-22 15:17:49,43,47,7945,37405
2023-05-22 15:17:49,43,46,7945,37405
2023-05-22 15:17:54,44,46,7945,37405
2023-05-22 15:17:54,44,47,7945,37405
2023-05-22 15:17:55,44,46,7945,37405
2023-05-22 15:17:59,45,46,7945,37405
2023-05-22 15:17:59,44,46,7970,37430
2023-05-22 15:17:59,44,47,7970,37430
2023-05-22 15:17:59,44,46,7970,37430
2023-05-22 15:18:01,45,46,7970,37430
2023-05-22 15:18:02,44,46,7970,37430
2023-05-22 15:18:02,46,47,7946,37477
2023-05-22 15:18:02,44,47,7946,37477
2023-05-22 15:18:03,44,46,7946,37477
2023-05-22 15:18:03,44,47,7946,37477
2023-05-22 15:18:03,44,46,7946,37477
2023-05-22 15:18:04,43,46,7946,37477
2023-05-22 15:18:05,43,44,7946,37477
2023-05-22 15:18:05,42,44,7910,37538
2023-05-22 15:18:08,42,44,7910,37542
2023-05-22 15:18:10,44,46,7912,37613
2023-05-22 15:18:10,42,46,7912,37613
2023-05-22 15:18:10,42,45,7912,37613
2023-05-22 15:18:11,44,46,7914,37615
2023-05-22 15:18:11,42,46,7914,37615
2023-05-22 15:18:11,42,45,7914,37615
2023-05-22 15:18:20,42,44,7914,37615
2023-05-22 15:18:24,41,44,7914,37615
2023-05-22 15:18:27,41,43,7914,37615
2023-05-22 15:18:38,42,43,7914,37615
2023-05-22 15:18:55,43,44,7916,37617
2023-05-22 15:18:55,42,44,7916,37617
2023-05-22 15:19:06,42,43,7916,37617
2023-05-22 15:19:06,42,43,7916,37697
2023-05-22 15:19:07,42,43,7916,37700
2023-05-22 15:19:07,42,43,7887,37729
2023-05-22 15:19:07,42,43,7887,37778
2023-05-22 15:19:07,42,43,7887,37781
2023-05-22 15:19:08,41,42,7887,37817
2023-05-22 15:19:09,41,42,7887,37856
2023-05-22 15:19:11,41,42,7887,37859
2023-05-22 15:19:12,41,42,7887,37862
2023-05-22 15:19:13,41,42,7887,37865
2023-05-22 15:19:14,41,42,7887,38012
2023-05-22 15:19:14,41,42,7887,38015
2023-05-22 15:19:16,40,42,7887,38017
2023-05-22 15:19:33,41,42,7887,38017
2023-05-22 15:19:34,40,41,7887,38042
2023-05-22 15:19:34,41,42,7887,38050
2023-05-22 15:19:34,40,42,7887,38050
2023-05-22 15:19:37,41,42,7887,38050
2023-05-22 15:19:39,40,42,7887,38050
2023-05-22 15:20:04,40,41,7887,38050
2023-05-22 15:20:05,41,42,7890,38053
2023-05-22 15:20:05,40,42,7890,38053
2023-05-22 15:20:08,41,42,7890,38053
2023-05-22 15:20:12,42,43,7943,38106
2023-05-22 15:20:12,41,43,7943,38106
2023-05-22 15:20:13,42,43,7943,38106
2023-05-22 15:20:13,43,44,7945,38124
2023-05-22 15:20:13,42,44,7945,38124
2023-05-22 15:20:16,41,44,7945,38124
2023-05-22 15:20:16,43,44,7945,38124
2023-05-22 15:20:31,44,45,7965,38144
2023-05-22 15:20:31,43,45,7965,38144
2023-05-22 15:20:36,45,46,7985,38271
2023-05-22 15:20:36,43,46,7985,38271
2023-05-22 15:20:49,44,46,7985,38271
2023-05-22 15:20:52,44,46,7985,38272
2023-05-22 15:20:54,44,46,8037,38472
2023-05-22 15:20:55,46,48,8056,38572
2023-05-22 15:20:55,44,48,8056,38572
2023-05-22 15:20:55,44,47,8056,38572
2023-05-22 15:20:55,44,48,8056,38572
2023-05-22 15:20:56,44,49,8056,38572
2023-05-22 15:20:56,46,49,8056,38572
2023-05-22 15:20:56,46,48,8056,38572
2023-05-22 15:21:03,48,51,8076,38657
2023-05-22 15:21:03,46,51,8076,38657
2023-05-22 15:21:04,48,51,8076,38657
2023-05-22 15:21:04,48,52,8076,38657
2023-05-22 15:21:04,48,51,8076,38657
2023-05-22 15:21:05,48,52,8076,38657
2023-05-22 15:21:05,48,51,8076,38657
2023-05-22 15:21:07,48,52,8076,38657
2023-05-22 15:21:21,48,52,8025,38816
2023-05-22 15:21:22,48,51,8025,38816
2023-05-22 15:21:24,48,52,8025,38816
2023-05-22 15:21:28,49,52,8025,38816
2023-05-22 15:21:28,52,53,8045,38836
2023-05-22 15:21:28,49,53,8045,38836
2023-05-22 15:21:29,49,52,8045,38836
2023-05-22 15:21:29,50,52,8045,38836
2023-05-22 15:21:29,50,52,8137,39036
2023-05-22 15:21:30,50,54,8137,39036
2023-05-22 15:21:58,50,53,8137,39036
2023-05-22 15:22:00,48,53,8137,39036
2023-05-22 15:22:00,49,53,8137,39036
2023-05-22 15:22:01,49,52,8137,39036
2023-05-22 15:22:06,49,53,8137,39036
2023-05-22 15:22:14,48,53,8137,39036
2023-05-22 15:22:15,49,53,8137,39036
2023-05-22 15:22:16,51,53,8137,39036
2023-05-22 15:22:21,51,53,8141,39040
2023-05-22 15:22:30,49,53,8141,39040
2023-05-22 15:22:33,51,53,8141,39040
2023-05-22 15:22:33,51,52,8141,39040
2023-05-22 15:22:33,51,53,8141,39040
2023-05-22 15:22:33,51,53,8145,39044
2023-05-22 15:22:34,49,51,8145,39102
2023-05-22 15:22:34,49,53,8145,39102
2023-05-22 15:22:38,49,52,8145,39102
2023-05-22 15:22:39,50,52,8145,39102
2023-05-22 15:22:43,51,52,8145,39102
2023-05-22 15:22:49,53,55,8171,39128
2023-05-22 15:22:49,53,55,8212,39169
2023-05-22 15:22:49,53,55,8216,39173
2023-05-22 15:22:49,53,55,8220,39177
2023-05-22 15:22:49,51,53,8222,39179
2023-05-22 15:22:56,52,53,8222,39179
2023-05-22 15:23:04,52,53,8257,39214
2023-05-22 15:23:04,53,59,8267,39224
2023-05-22 15:23:04,53,57,8267,39224
2023-05-22 15:23:04,52,57,8267,39224
2023-05-22 15:23:04,52,56,8267,39224
2023-05-22 15:23:04,53,56,8267,39224
2023-05-22 15:23:04,54,56,8267,39224
2023-05-22 15:23:04,55,56,8267,39224
2023-05-22 15:23:05,56,58,8271,39228
2023-05-22 15:23:05,55,58,8271,39228
2023-05-22 15:23:05,55,57,8271,39228
2023-05-22 15:23:05,56,57,8271,39228
2023-05-22 15:23:05,55,57,8296,39253
2023-05-22 15:23:05,55,58,8296,39253
2023-05-22 15:23:06,56,58,8296,39253
2023-05-22 15:23:09,55,58,8296,39253
2023-05-22 15:23:09,55,59,8296,39253
2023-05-22 15:23:09,56,59,8296,39253
2023-05-22 15:23:09,56,59,8296,39268
2023-05-22 15:23:09,57,59,8296,39268
2023-05-22 15:23:13,57,60,8296,39268
2023-05-22 15:23:14,58,60,8296,39268
2023-05-22 15:23:17,58,60,8296,39313
2023-05-22 15:23:17,59,60,8296,39313
2023-05-22 15:23:28,58,60,8296,39313
2023-05-22 15:23:28,59,60,8296,39313
2023-05-22 15:23:28,59,60,8296,39317
2023-05-22 15:23:29,58,60,8296,39358
2023-05-22 15:23:29,59,60,8296,39358
2023-05-22 15:23:36,58,59,8294,39360
2023-05-22 15:23:36,58,60,8294,39360
2023-05-22 15:23:36,58,59,8294,39360
2023-05-22 15:23:37,58,60,8294,39360
2023-05-22 15:23:38,56,58,8292,39362
2023-05-22 15:23:41,57,58,8292,39362
2023-05-22 15:23:44,58,60,8279,39395
2023-05-22 15:23:45,57,60,8279,39395
2023-05-22 15:23:46,57,61,8279,39395
2023-05-22 15:23:46,59,61,8279,39395
2023-05-22 15:23:54,59,61,8279,39401
2023-05-22 15:23:54,59,60,8279,39401
2023-05-22 15:24:01,59,61,8279,39401
2023-05-22 15:24:01,59,60,8279,39401
2023-05-22 15:24:05,57,60,8279,39401
2023-05-22 15:24:06,58,60,8279,39401
2023-05-22 15:24:09,60,61,8299,39421
2023-05-22 15:24:15,59,61,8299,39460
2023-05-22 15:24:24,59,62,8358,39519
2023-05-22 15:24:24,60,62,8358,39519
2023-05-22 15:24:35,59,62,8358,39667
2023-05-22 15:24:35,60,62,8358,39667
2023-05-22 15:24:38,61,62,8358,39667
2023-05-22 15:25:19,61,62,8358,39671
2023-05-22 15:25:22,60,62,8264,39867
2023-05-22 15:25:27,61,62,8264,39867
2023-05-22 15:25:42,61,62,8264,39909
2023-05-22 15:25:43,62,65,8343,40048
2023-05-22 15:25:43,61,65,8343,40048
2023-05-22 15:25:43,61,64,8343,40048
2023-05-22 15:25:43,61,65,8343,40048
2023-05-22 15:25:43,62,65,8343,40048
2023-05-22 15:25:46,63,65,8343,40048
2023-05-22 15:25:46,63,65,8343,40051
2023-05-22 15:25:47,65,66,8363,40074
2023-05-22 15:25:50,65,67,8363,40074
2023-05-22 15:25:50,65,66,8363,40074
2023-05-22 15:26:02,67,69,8383,40094
2023-05-22 15:26:02,67,68,8383,40094
2023-05-22 15:26:02,67,69,8383,40094
2023-05-22 15:26:04,67,68,8383,40094
2023-05-22 15:26:04,68,69,8403,40114
2023-05-22 15:26:04,67,69,8403,40114
2023-05-22 15:26:04,68,69,8403,40114
2023-05-22 15:26:05,71,72,8344,40176
2023-05-22 15:26:05,71,72,8348,40180
2023-05-22 15:26:05,71,72,8380,40212
2023-05-22 15:26:05,71,72,8384,40216
2023-05-22 15:26:05,71,72,8409,40241
2023-05-22 15:26:06,68,72,8409,40241
2023-05-22 15:26:06,69,72,8409,40241
2023-05-22 15:26:06,69,74,8409,40241
2023-05-22 15:26:06,71,74,8409,40241
2023-05-22 15:26:10,71,75,8409,40241
2023-05-22 15:26:11,73,75,8409,40241
2023-05-22 15:26:11,75,76,8434,40266
2023-05-22 15:26:11,73,76,8437,40269
2023-05-22 15:26:12,73,75,8437,40269
2023-05-22 15:26:13,74,75,8437,40269
2023-05-22 15:26:13,73,74,8412,40294
2023-05-22 15:26:13,73,75,8412,40294
2023-05-22 15:26:14,71,73,8412,40435
2023-05-22 15:26:14,71,75,8412,40435
2023-05-22 15:26:15,72,75,8412,40435
2023-05-22 15:26:20,71,75,8412,40460
2023-05-22 15:26:20,72,75,8412,40460
2023-05-22 15:26:21,74,75,8412,40460
2023-05-22 15:26:23,76,79,8435,40508
2023-05-22 15:26:23,76,79,8438,40511
2023-05-22 15:26:23,75,76,8438,40660
2023-05-22 15:26:23,75,79,8438,40660
2023-05-22 15:26:24,75,80,8438,40660
2023-05-22 15:26:24,78,80,8438,40660
2023-05-22 15:26:24,76,80,8494,40716
2023-05-22 15:26:25,75,76,8494,40856
2023-05-22 15:26:25,75,78,8494,40856
2023-05-22 15:26:26,74,78,8494,40856
2023-05-22 15:26:27,73,74,8494,41021
2023-05-22 15:26:28,73,78,8494,41021
2023-05-22 15:26:28,73,76,8494,41021
2023-05-22 15:26:29,74,76,8494,41021
2023-05-22 15:26:31,73,74,8494,41046
2023-05-22 15:26:31,73,76,8494,41046
2023-05-22 15:26:35,72,76,8494,41246
2023-05-22 15:26:37,72,78,8494,41246
2023-05-22 15:26:37,72,76,8494,41246
2023-05-22 15:26:37,72,75,8494,41246
2023-05-22 15:26:39,72,76,8513,41315
2023-05-22 15:26:39,74,76,8513,41315
2023-05-22 15:26:39,75,76,8513,41315
2023-05-22 15:26:40,74,75,8513,41454
2023-05-22 15:26:40,74,76,8513,41454
2023-05-22 15:26:42,73,74,8613,41593
2023-05-22 15:26:42,73,76,8613,41593
2023-05-22 15:26:43,74,76,8613,41593
2023-05-22 15:26:43,73,74,8613,41595
2023-05-22 15:26:43,73,76,8613,41595
2023-05-22 15:26:43,71,76,8613,41595
2023-05-22 15:26:43,72,76,8613,41595
2023-05-22 15:26:43,73,76,8613,41595
2023-05-22 15:26:44,72,73,8638,41620
2023-05-22 15:26:44,72,76,8638,41620
2023-05-22 15:26:44,72,75,8638,41620
2023-05-22 15:26:44,71,75,8638,41620
2023-05-22 15:26:44,72,75,8638,41620
2023-05-22 15:26:46,72,75,8638,41621
2023-05-22 15:26:53,75,76,8640,41647
2023-05-22 15:26:53,75,78,8653,41660
2023-05-22 15:26:53,76,78,8653,41660
2023-05-22 15:26:53,75,76,8791,41798
2023-05-22 15:26:53,75,78,8791,41798
2023-05-22 15:26:54,76,78,8791,41798
2023-05-22 15:26:54,75,76,8791,41804
2023-05-22 15:26:55,75,78,8791,41804
2023-05-22 15:26:56,73,75,8903,41916
2023-05-22 15:26:56,73,78,8903,41916
2023-05-22 15:26:58,73,79,8903,41916
2023-05-22 15:26:59,74,79,8903,41916
2023-05-22 15:27:01,74,77,8903,41916
2023-05-22 15:27:03,74,77,8903,42053
2023-05-22 15:27:03,77,80,8903,42116
2023-05-22 15:27:03,77,80,8928,42143
2023-05-22 15:27:04,74,77,9002,42242
2023-05-22 15:27:04,74,80,9002,42242
2023-05-22 15:27:05,74,77,9002,42242
2023-05-22 15:27:05,74,76,9002,42242
2023-05-22 15:27:05,75,76,9002,42242
2023-05-22 15:27:05,77,80,9023,42263
2023-05-22 15:27:05,77,79,9023,42263
2023-05-22 15:27:06,75,77,9043,42283
2023-05-22 15:27:06,75,79,9043,42283
2023-05-22 15:27:19,76,79,9043,42283
2023-05-22 15:27:23,75,79,9043,42283
2023-05-22 15:27:26,74,79,9043,42483
2023-05-22 15:27:29,73,79,9043,42483
2023-05-22 15:27:34,74,79,9043,42483
2023-05-22 15:27:37,73,79,9043,42508
2023-05-22 15:27:38,73,76,9043,42508
2023-05-22 15:27:45,73,77,9043,42508
2023-05-22 15:27:45,73,75,9043,42508
2023-05-22 15:27:48,73,74,9043,42508
2023-05-22 15:27:50,70,74,8881,42670
2023-05-22 15:27:50,70,75,8881,42670
2023-05-22 15:27:50,70,73,8881,42670
2023-05-22 15:27:55,70,74,8881,42670
2023-05-22 15:27:55,70,72,8881,42670
2023-05-22 15:27:58,70,75,8883,42758
2023-05-22 15:28:04,70,74,8883,42758
2023-05-22 15:28:07,69,74,8883,42758
2023-05-22 15:28:12,70,74,8883,42758
2023-05-22 15:28:13,70,73,8883,42758
2023-05-22 15:28:14,70,74,8883,42758
2023-05-22 15:28:20,70,73,8883,42758
2023-05-22 15:28:35,69,73,8883,42758
2023-05-22 15:28:35,68,73,8883,42758
2023-05-22 15:28:41,69,73,8883,42758
2023-05-22 15:28:53,70,73,8883,42758
2023-05-22 15:29:07,70,72,8883,42758
2023-05-22 15:29:07,72,73,8883,42763
2023-05-22 15:29:07,70,73,8883,42763
2023-05-22 15:29:07,70,72,8883,42763
2023-05-22 15:29:07,71,72,8883,42763
2023-05-22 15:29:07,70,72,8908,42788
2023-05-22 15:29:08,71,72,8908,42788
2023-05-22 15:29:08,70,72,8933,42813
2023-05-22 15:29:08,72,73,8933,42821
2023-05-22 15:29:08,70,73,8933,42821
2023-05-22 15:29:08,70,72,8933,42821
2023-05-22 15:29:09,72,73,8933,42827
2023-05-22 15:29:09,70,73,8933,42827
2023-05-22 15:29:09,70,71,8933,42827
2023-05-22 15:29:09,70,72,8933,42827
2023-05-22 15:29:09,70,71,8933,42827
2023-05-22 15:29:10,71,72,8933,42830
2023-05-22 15:29:10,70,72,8933,42830
2023-05-22 15:29:10,70,71,8933,42830
2023-05-22 15:29:11,71,72,8933,43027
2023-05-22 15:29:11,70,72,8933,43027
2023-05-22 15:29:12,72,73,8933,43030
2023-05-22 15:29:12,70,73,8933,43030
2023-05-22 15:29:14,73,74,8933,43068
2023-05-22 15:29:14,70,74,8933,43068
2023-05-22 15:29:16,70,73,8933,43068
2023-05-22 15:29:16,73,74,8933,43071
2023-05-22 15:29:16,70,74,8933,43071
2023-05-22 15:29:17,70,73,8933,43071
2023-05-22 15:29:18,70,73,8933,43271
2023-05-22 15:29:19,73,74,8933,43274
2023-05-22 15:29:19,70,74,8933,43274
2023-05-22 15:29:19,71,74,8933,43274
2023-05-22 15:29:19,71,73,8933,43274
2023-05-22 15:29:19,70,73,8958,43299
2023-05-22 15:29:20,73,74,8958,43305
2023-05-22 15:29:20,70,74,8958,43305
2023-05-22 15:29:20,70,73,8958,43305
2023-05-22 15:29:21,73,74,8958,43311
2023-05-22 15:29:21,70,74,8958,43311
2023-05-22 15:29:21,70,73,8958,43311
2023-05-22 15:29:21,70,73,8958,43311
2023-05-22 15:29:21,70,71,8958,43311
2023-05-22 15:29:21,70,73,8958,43311
2023-05-22 15:29:21,70,72,8958,43311
2023-05-22 15:29:22,72,73,8958,43314
2023-05-22 15:29:22,70,73,8958,43314
2023-05-22 15:29:22,70,72,8958,43314
2023-05-22 15:29:23,72,73,8958,43320
2023-05-22 15:29:23,70,73,8958,43320
2023-05-22 15:29:23,70,72,8958,43320
2023-05-22 15:29:23,70,71,8958,43320
2023-05-22 15:29:23,70,72,8958,43320
2023-05-22 15:29:24,72,73,8958,43517
2023-05-22 15:29:24,70,73,8958,43517
2023-05-22 15:29:31,70,72,8958,43517
2023-05-22 15:29:32,72,73,8940,43592
2023-05-22 15:29:32,70,73,8940,43592
2023-05-22 15:29:32,70,72,8940,43592
2023-05-22 15:29:35,70,72,8939,43593
2023-05-22 15:29:40,70,71,8939,43593
2023-05-22 15:29:44,69,71,8938,43594
2023-05-22 15:29:45,67,71,8963,43639
2023-05-22 15:29:45,67,69,8963,43639
2023-05-22 15:29:45,67,68,8963,43639
2023-05-22 15:29:46,66,68,8988,43664
2023-05-22 15:29:46,66,67,8988,43664
2023-05-22 15:29:46,66,67,8992,43668
2023-05-22 15:29:46,66,67,8996,43672
2023-05-22 15:29:46,66,67,9000,43676
2023-05-22 15:29:46,67,69,9013,43689
2023-05-22 15:29:46,66,69,9013,43689
2023-05-22 15:29:46,65,69,9042,43718
2023-05-22 15:29:47,65,68,9042,43718
2023-05-22 15:29:47,66,68,9042,43718
2023-05-22 15:29:47,68,69,9046,43722
2023-05-22 15:29:47,66,69,9046,43722
2023-05-22 15:29:47,66,68,9046,43722
2023-05-22 15:29:48,64,68,9046,43722
2023-05-22 15:29:48,68,69,9211,43887
2023-05-22 15:29:48,64,69,9211,43887
2023-05-22 15:29:49,65,69,9211,43887
2023-05-22 15:29:49,66,69,9211,43887
2023-05-22 15:29:49,69,72,9222,43964
2023-05-22 15:29:49,66,72,9222,43964
2023-05-22 15:29:50,66,71,9222,43964
2023-05-22 15:29:50,67,71,9222,43964
2023-05-22 15:29:50,67,68,9222,43964
2023-05-22 15:29:50,68,72,9226,43968
2023-05-22 15:29:50,67,72,9226,43968
2023-05-22 15:29:51,67,71,9226,43968
2023-05-22 15:29:58,66,71,9226,43968
2023-05-22 15:30:03,66,70,9226,43968
2023-05-22 15:30:03,66,69,9226,43968
2023-05-22 15:30:05,69,71,9230,43972
2023-05-22 15:30:05,66,71,9230,43972
2023-05-22 15:30:05,66,69,9230,43972
2023-05-22 15:30:05,66,68,9230,43972
2023-05-22 15:30:06,67,68,9230,43972
2023-05-22 15:30:06,67,68,9246,43988
2023-05-22 15:30:06,67,69,9246,43988
2023-05-22 15:30:06,69,71,9250,44008
2023-05-22 15:30:06,67,71,9250,44008
2023-05-22 15:30:06,66,71,9250,44008
2023-05-22 15:30:06,66,70,9250,44008
2023-05-22 15:30:06,67,70,9250,44008
2023-05-22 15:30:12,66,70,9250,44033
2023-05-22 15:30:13,67,70,9250,44033
2023-05-22 15:30:13,70,71,9254,44062
2023-05-22 15:30:13,67,71,9254,44062
2023-05-22 15:30:13,67,70,9254,44062
2023-05-22 15:30:13,68,70,9254,44062
2023-05-22 15:30:13,67,70,9254,44062
2023-05-22 15:30:14,70,71,9433,44241
2023-05-22 15:30:14,67,71,9433,44241
2023-05-22 15:30:14,67,70,9433,44241
2023-05-22 15:30:14,68,70,9433,44241
2023-05-22 15:30:15,70,71,9441,44249
2023-05-22 15:30:15,68,71,9441,44249
2023-05-22 15:30:15,68,69,9441,44249
2023-05-22 15:30:15,68,70,9441,44249
2023-05-22 15:30:16,68,69,9441,44249
2023-05-22 15:30:16,69,70,9445,44253
2023-05-22 15:30:16,68,70,9445,44253
2023-05-22 15:30:16,68,69,9445,44253
2023-05-22 15:30:17,69,70,9491,44299
2023-05-22 15:30:17,68,70,9491,44299
2023-05-22 15:30:18,70,73,9495,44303
2023-05-22 15:30:18,70,73,9497,44305
2023-05-22 15:30:19,68,72,9497,44305
2023-05-22 15:30:22,68,73,9497,44305
2023-05-22 15:30:22,68,71,9497,44305
2023-05-22 15:30:22,68,73,9497,44305
2023-05-22 15:30:22,68,72,9497,44305
2023-05-22 15:30:34,69,72,9497,44305
2023-05-22 15:30:35,72,73,9520,44328
2023-05-22 15:30:35,69,73,9520,44328
2023-05-22 15:30:35,69,71,9520,44328
2023-05-22 15:30:35,69,72,9520,44328
2023-05-22 15:30:36,72,73,9521,44329
2023-05-22 15:30:36,69,73,9521,44329
2023-05-22 15:30:36,69,72,9521,44329
2023-05-22 15:30:37,70,72,9521,44329
2023-05-22 15:30:37,72,73,9529,44337
2023-05-22 15:30:37,70,73,9529,44337
2023-05-22 15:30:37,70,72,9529,44337
2023-05-22 15:30:38,72,73,9597,44405
2023-05-22 15:30:38,70,73,9597,44405
2023-05-22 15:30:42,69,73,9597,44405
2023-05-22 15:30:51,69,72,9597,44405
2023-05-22 15:30:52,70,72,9597,44405
2023-05-22 15:30:52,72,73,9600,44408
2023-05-22 15:30:52,70,73,9600,44408
2023-05-22 15:30:53,70,72,9600,44408
2023-05-22 15:30:53,72,73,9603,44411
2023-05-22 15:30:53,70,73,9603,44411
2023-05-22 15:30:53,70,72,9603,44411
2023-05-22 15:30:54,72,73,9650,44458
2023-05-22 15:30:54,70,73,9650,44458
2023-05-22 15:31:02,69,73,9650,44458
2023-05-22 15:31:03,69,72,9650,44458
2023-05-22 15:31:09,68,72,9650,44458
2023-05-22 15:31:10,67,72,9650,44458
2023-05-22 15:31:20,68,72,9650,44458
2023-05-22 15:31:26,69,72,9650,44458
2023-05-22 15:31:34,70,72,9650,44458
2023-05-22 15:31:35,72,73,9652,44460
2023-05-22 15:31:35,70,73,9652,44460
2023-05-22 15:31:36,68,73,9652,44510
2023-05-22 15:31:38,69,73,9652,44510
2023-05-22 15:31:38,70,73,9652,44510
2023-05-22 15:31:40,69,73,9652,44510
2023-05-22 15:31:41,70,73,9652,44510
2023-05-22 15:31:42,70,72,9652,44510
2023-05-22 15:31:46,68,72,9652,44510
2023-05-22 15:31:49,69,72,9652,44510
2023-05-22 15:31:52,68,72,9652,44510
2023-05-22 15:31:53,68,71,9652,44510
2023-05-22 15:31:56,68,72,9652,44510
2023-05-22 15:31:56,68,70,9652,44510
2023-05-22 15:31:58,66,70,9652,44510
2023-05-22 15:31:59,66,72,9652,44510
2023-05-22 15:31:59,66,69,9652,44510
2023-05-22 15:31:59,67,69,9652,44510
2023-05-22 15:32:05,67,70,9652,44510
2023-05-22 15:32:05,67,68,9652,44510
2023-05-22 15:32:16,64,68,9652,44510
2023-05-22 15:32:16,65,68,9652,44510
2023-05-22 15:32:17,65,69,9652,44510
2023-05-22 15:32:17,65,68,9652,44510
2023-05-22 15:32:17,65,67,9652,44510
2023-05-22 15:32:22,65,67,9651,44511
2023-05-22 15:32:23,65,68,9651,44511
2023-05-22 15:32:25,66,68,9651,44511
2023-05-22 15:32:25,68,69,9653,44513
2023-05-22 15:32:25,66,69,9653,44513
2023-05-22 15:32:27,67,69,9653,44513
2023-05-22 15:32:27,67,72,9653,44513
2023-05-22 15:32:27,67,71,9653,44513
2023-05-22 15:32:27,67,70,9653,44513
2023-05-22 15:32:33,70,73,9655,44565
2023-05-22 15:32:33,67,73,9655,44565
2023-05-22 15:32:33,68,73,9655,44565
2023-05-22 15:32:42,69,73,9655,44565
2023-05-22 15:32:54,70,73,9655,44565
2023-05-22 15:33:01,71,73,9655,44565
2023-05-22 15:33:02,72,73,9655,44565
2023-05-22 15:33:02,73,76,9678,44588
2023-05-22 15:33:02,72,76,9678,44588
2023-05-22 15:33:02,72,75,9678,44588
2023-05-22 15:33:05,75,77,9682,44592
2023-05-22 15:33:06,73,77,9756,44666
2023-05-22 15:33:06,73,75,9756,44666
2023-05-22 15:33:06,73,74,9756,44666
2023-05-22 15:33:06,73,75,9756,44666
2023-05-22 15:33:06,73,75,9760,44670
2023-05-22 15:33:06,73,74,9760,44670
2023-05-22 15:33:09,72,74,9760,44778
2023-05-22 15:33:10,72,75,9760,44778
2023-05-22 15:33:19,73,75,9760,44778
2023-05-22 15:33:38,72,75,9691,44872
2023-05-22 15:33:43,73,75,9691,44872
2023-05-22 15:33:50,75,76,9739,44920
2023-05-22 15:33:50,73,76,9739,44920
2023-05-22 15:33:57,73,78,9739,44920
2023-05-22 15:33:57,73,75,9739,44920
2023-05-22 15:34:07,72,75,9679,44980
2023-05-22 15:34:11,72,74,9679,44980
2023-05-22 15:34:14,73,74,9679,44980
2023-05-22 15:34:17,71,74,9679,45033
2023-05-22 15:34:21,71,73,9679,45033
2023-05-22 15:34:23,71,74,9679,45033
2023-05-22 15:34:33,72,74,9679,45033
2023-05-22 15:34:33,74,75,9721,45100
2023-05-22 15:34:33,72,75,9721,45100
2023-05-22 15:34:37,71,75,9746,45125
2023-05-22 15:34:37,71,72,9746,45125
2023-05-22 15:34:37,71,72,9746,45129
2023-05-22 15:34:38,72,75,9754,45137
2023-05-22 15:34:38,71,75,9754,45137
2023-05-22 15:34:38,71,72,9754,45137
2023-05-22 15:34:38,71,72,9754,45141
2023-05-22 15:34:38,71,72,9779,45166
2023-05-22 15:34:39,72,75,9950,45337
2023-05-22 15:34:39,71,75,9950,45337
2023-05-22 15:34:39,71,74,9950,45337
2023-05-22 15:34:39,71,72,9950,45341
2023-05-22 15:34:40,72,75,9954,45345
2023-05-22 15:34:40,71,75,9954,45345
2023-05-22 15:34:40,71,74,9954,45345
2023-05-22 15:34:40,71,72,9954,45345
2023-05-22 15:34:40,71,72,9954,45349
2023-05-22 15:34:41,72,74,9958,45353
2023-05-22 15:34:41,71,74,9958,45353
2023-05-22 15:34:41,71,72,9958,45353
2023-05-22 15:34:41,71,72,9958,45357
2023-05-22 15:34:41,69,72,9958,45357
2023-05-22 15:34:42,69,74,10158,45557
2023-05-22 15:34:42,69,73,10158,45557
2023-05-22 15:34:42,70,73,10158,45557
2023-05-22 15:34:43,73,74,10162,45561
2023-05-22 15:34:43,70,74,10162,45561
2023-05-22 15:34:43,70,73,10162,45561
2023-05-22 15:34:44,73,74,10166,45565
2023-05-22 15:34:44,70,74,10166,45565
2023-05-22 15:34:44,70,73,10166,45565
2023-05-22 15:34:45,73,74,10186,45585
2023-05-22 15:34:45,70,74,10186,45585
2023-05-22 15:34:47,71,74,10186,45585
2023-05-22 15:34:48,74,75,10192,45591
2023-05-22 15:34:48,71,75,10192,45591
2023-05-22 15:34:48,71,74,10192,45591
2023-05-22 15:34:49,74,75,10200,45599
2023-05-22 15:34:49,71,75,10200,45599
2023-05-22 15:34:49,71,74,10200,45599
2023-05-22 15:34:50,74,75,10204,45603
2023-05-22 15:34:50,71,75,10204,45603
2023-05-22 15:34:50,71,74,10204,45603
2023-05-22 15:34:51,74,75,10214,45613
2023-05-22 15:34:51,71,75,10214,45613
2023-05-22 15:34:51,71,74,10214,45613
2023-05-22 15:34:52,72,74,10214,45613
2023-05-22 15:34:52,74,75,10234,45633
2023-05-22 15:34:52,72,75,10234,45633
2023-05-22 15:34:56,75,77,10236,45685
2023-05-22 15:34:57,72,77,10236,45685
2023-05-22 15:34:57,72,76,10236,45685
2023-05-22 15:34:57,73,76,10236,45685
2023-05-22 15:34:59,72,76,10236,45718
2023-05-22 15:35:08,73,76,10236,45718
2023-05-22 15:35:08,74,76,10236,45718
2023-05-22 15:35:08,76,80,10238,45720
2023-05-22 15:35:08,74,80,10238,45720
2023-05-22 15:35:08,74,77,10238,45720
2023-05-22 15:35:09,74,80,10238,45720
2023-05-22 15:35:09,74,79,10238,45720
2023-05-22 15:35:09,74,78,10238,45720
2023-05-22 15:35:09,74,77,10238,45720
2023-05-22 15:35:11,75,77,10238,45720
2023-05-22 15:35:16,76,77,10238,45720
2023-05-22 15:35:16,77,79,10261,45743
2023-05-22 15:35:16,76,79,10261,45743
2023-05-22 15:35:16,76,77,10261,45743
2023-05-22 15:35:16,76,77,10264,45746
2023-05-22 15:35:17,77,79,10327,45809
2023-05-22 15:35:17,76,79,10327,45809
2023-05-22 15:35:18,76,77,10327,45809
2023-05-22 15:35:19,77,79,10347,45829
2023-05-22 15:35:19,76,79,10347,45829
2023-05-22 15:35:27,76,77,10347,45829
2023-05-22 15:35:30,74,77,10317,45859
2023-05-22 15:35:42,75,77,10317,45859
2023-05-22 15:35:45,77,78,10319,45861
2023-05-22 15:35:45,75,78,10319,45861
2023-05-22 15:35:53,74,78,10319,45861
2023-05-22 15:35:56,75,78,10319,45861
2023-05-22 15:36:04,76,78,10319,45861
2023-05-22 15:36:05,78,79,10339,45881
2023-05-22 15:36:05,76,79,10339,45881
2023-05-22 15:36:08,79,80,10344,45886
2023-05-22 15:36:08,76,80,10344,45886
2023-05-22 15:36:08,76,79,10344,45886
2023-05-22 15:36:09,79,80,10347,45889
2023-05-22 15:36:09,76,80,10347,45889
2023-05-22 15:36:09,76,79,10347,45889
2023-05-22 15:36:10,77,79,10347,45889
2023-05-22 15:36:10,79,80,10353,45895
2023-05-22 15:36:10,77,80,10353,45895
2023-05-22 15:36:10,77,79,10353,45895
2023-05-22 15:36:11,79,80,10425,45967
2023-05-22 15:36:11,77,80,10425,45967
2023-05-22 15:36:20,77,79,10425,45967
2023-05-22 15:36:23,76,79,10425,45967
2023-05-22 15:36:25,77,79,10425,45967
2023-05-22 15:36:27,79,80,10427,45969
2023-05-22 15:36:27,77,80,10427,45969
2023-05-22 15:36:30,80,82,10429,46022
2023-05-22 15:36:30,77,82,10429,46022
2023-05-22 15:36:30,77,81,10429,46022
2023-05-22 15:36:30,78,81,10429,46022
2023-05-22 15:36:36,78,82,10429,46022
2023-05-22 15:36:36,78,81,10429,46022
2023-05-22 15:36:41,76,81,10429,46022
2023-05-22 15:36:57,77,81,10429,46022
2023-05-22 15:37:02,78,81,10429,46022
2023-05-22 15:37:07,78,81,10429,46023
2023-05-22 15:37:07,81,82,10451,46045
2023-05-22 15:37:07,78,82,10451,46045
2023-05-22 15:37:07,78,81,10451,46045
2023-05-22 15:37:07,78,80,10451,46045
2023-05-22 15:37:08,80,81,10454,46048
2023-05-22 15:37:08,78,81,10454,46048
2023-05-22 15:37:08,78,80,10454,46048
2023-05-22 15:37:09,80,81,10460,46054
2023-05-22 15:37:09,78,81,10460,46054
2023-05-22 15:37:09,78,80,10460,46054
2023-05-22 15:37:11,80,81,10462,46056
2023-05-22 15:37:11,78,81,10462,46056
2023-05-22 15:37:15,79,81,10462,46056
2023-05-22 15:37:25,78,81,10462,46056
2023-05-22 15:37:28,79,81,10462,46056
2023-05-22 15:37:33,78,81,10462,46056
2023-05-22 15:37:35,79,81,10462,46056
2023-05-22 15:37:35,81,82,10470,46064
2023-05-22 15:37:35,79,82,10470,46064
2023-05-22 15:37:35,79,81,10470,46064
2023-05-22 15:37:36,80,81,10470,46064
2023-05-22 15:37:36,81,82,10476,46070
2023-05-22 15:37:36,80,82,10476,46070
2023-05-22 15:37:36,80,81,10476,46070
2023-05-22 15:37:37,79,81,10476,46070
2023-05-22 15:37:37,81,82,10672,46266
2023-05-22 15:37:37,79,82,10672,46266
2023-05-22 15:37:38,80,82,10672,46266
2023-05-22 15:37:45,81,82,10672,46266
2023-05-22 15:37:48,81,82,10672,46301
2023-05-22 15:37:50,81,82,10672,46393
2023-05-22 15:37:50,81,82,10672,46448
2023-05-22 15:37:51,81,82,10692,46503
2023-05-22 15:37:51,81,88,10692,46521
2023-05-22 15:37:51,81,87,10692,46521
2023-05-22 15:37:51,82,87,10692,46521
2023-05-22 15:37:51,83,87,10692,46521
2023-05-22 15:37:51,83,86,10692,46521
2023-05-22 15:37:52,84,86,10692,46521
2023-05-22 15:37:59,83,86,10690,46523
2023-05-22 15:38:02,83,85,10690,46523
2023-05-22 15:38:04,82,85,10690,46523
2023-05-22 15:38:17,87,88,10730,46581
2023-05-22 15:38:17,85,88,10872,46723
2023-05-22 15:38:17,85,87,10872,46723
2023-05-22 15:38:17,85,87,10882,46733
2023-05-22 15:38:17,82,87,10882,46733
2023-05-22 15:38:19,83,87,10882,46733
2023-05-22 15:38:31,83,86,10882,46733
2023-05-22 15:38:41,83,85,10882,46733
2023-05-22 15:38:42,83,85,10883,46734
2023-05-22 15:38:50,80,85,10896,46748
2023-05-22 15:38:50,80,84,10896,46748
2023-05-22 15:38:50,80,85,10896,46748
2023-05-22 15:38:51,80,83,10896,46748
2023-05-22 15:39:03,80,82,10896,46748
2023-05-22 15:39:07,80,83,10896,46748
2023-05-22 15:39:09,81,83,10896,46748
2023-05-22 15:39:10,79,83,10746,46949
2023-05-22 15:39:11,81,83,10746,46949
2023-05-22 15:39:17,81,85,10748,47072
2023-05-22 15:39:17,82,85,10748,47072
2023-05-22 15:39:42,83,85,10748,47072
2023-05-22 15:39:46,82,85,10748,47072
2023-05-22 15:39:56,81,85,10748,47072
2023-05-22 15:40:05,82,85,10748,47072
2023-05-22 15:40:19,83,85,10748,47072
2023-05-22 15:40:19,83,86,10786,47110
2023-05-22 15:40:21,82,86,10786,47110
2023-05-22 15:40:22,82,87,10824,47148
2023-05-22 15:40:23,82,86,10824,47148
2023-05-22 15:40:25,82,87,10849,47173
2023-05-22 15:40:25,84,87,10849,47173
2023-05-22 15:40:26,84,86,10849,47173
2023-05-22 15:40:29,81,86,10849,47173
2023-05-22 15:40:29,83,86,10849,47173
2023-05-22 15:40:29,83,87,10876,47200
2023-05-22 15:40:31,83,86,10876,47200
2023-05-22 15:40:44,80,86,10824,47252
2023-05-22 15:40:44,80,85,10824,47252
2023-05-22 15:40:51,80,86,10851,47279
2023-05-22 15:40:51,83,86,10851,47279
2023-05-22 15:41:03,83,85,10851,47279
2023-05-22 15:41:04,84,85,10851,47279
2023-05-22 15:41:06,84,86,10853,47281
2023-05-22 15:41:06,83,86,10853,47281
2023-05-22 15:41:06,85,86,10853,47281
2023-05-22 15:41:07,83,86,10828,47306
2023-05-22 15:41:08,82,86,10828,47306
2023-05-22 15:41:09,83,86,10828,47306
2023-05-22 15:41:09,85,86,10828,47306
2023-05-22 15:41:13,85,87,10830,47308
2023-05-22 15:41:20,83,87,10830,47308
2023-05-22 15:41:39,82,87,10830,47308
2023-05-22 15:41:47,82,88,10856,47334
2023-05-22 15:41:48,82,87,10856,47334
2023-05-22 15:41:51,82,87,10881,47359
2023-05-22 15:41:51,84,87,10881,47359
2023-05-22 15:41:56,84,86,10881,47359
2023-05-22 15:41:56,84,87,10881,47359
2023-05-22 15:41:59,85,87,10881,47359
2023-05-22 15:42:00,83,87,10854,47386
2023-05-22 15:42:08,83,88,10856,47388
2023-05-22 15:42:16,84,88,10856,47388
2023-05-22 15:42:18,84,87,10856,47388
2023-05-22 15:42:19,84,88,10856,47388
2023-05-22 15:42:30,83,88,10856,47388
2023-05-22 15:42:31,84,88,10856,47388
2023-05-22 15:42:37,84,89,10876,47408
2023-05-22 15:42:43,83,89,10876,47408
2023-05-22 15:42:44,83,88,10876,47408
2023-05-22 15:42:59,88,89,10878,47410
2023-05-22 15:42:59,88,89,10880,47412
2023-05-22 15:42:59,88,89,10882,47414
2023-05-22 15:43:00,83,88,10882,47435
2023-05-22 15:43:00,83,89,10882,47435
2023-05-22 15:43:02,84,89,10882,47435
2023-05-22 15:43:11,85,89,10882,47435
2023-05-22 15:43:28,86,89,10882,47435
2023-05-22 15:43:40,87,89,10882,47435
2023-05-22 15:44:10,88,89,10882,47435
2023-05-22 15:44:10,88,90,10902,47455
2023-05-22 15:44:14,89,90,10902,47455
2023-05-22 15:44:14,88,90,10927,47480
2023-05-22 15:44:16,87,90,10925,47507
2023-05-22 15:44:20,87,90,10926,47508
2023-05-22 15:44:24,88,90,10926,47508
2023-05-22 15:44:29,88,90,10936,47518
2023-05-22 15:44:43,88,90,10941,47523
2023-05-22 15:44:47,87,90,10941,47523
2023-05-22 15:44:57,87,89,10941,47523
2023-05-22 15:45:02,87,90,10941,47523
2023-05-22 15:45:02,87,88,10941,47523
2023-05-22 15:45:02,85,88,10783,47681
2023-05-22 15:45:09,86,88,10783,47681
2023-05-22 15:45:12,85,88,10783,47681
2023-05-22 15:45:20,86,88,10783,47681
2023-05-22 15:45:27,86,87,10783,47681
2023-05-22 15:45:35,85,87,10763,47701
2023-05-22 15:45:37,85,88,10763,47701
2023-05-22 15:45:37,85,86,10763,47701
2023-05-22 15:45:39,81,86,10763,47701
2023-05-22 15:45:39,81,84,10763,47701
2023-05-22 15:45:41,83,84,10763,47701
2023-05-22 15:45:53,79,84,10763,47701
2023-05-22 15:45:53,79,82,10763,47701
2023-05-22 15:45:54,80,82,10763,47701
2023-05-22 15:45:57,80,83,10763,47701
2023-05-22 15:45:57,80,81,10763,47701
2023-05-22 15:45:59,79,81,10763,47701
2023-05-22 15:45:59,79,82,10763,47701
2023-05-22 15:45:59,79,80,10763,47701
2023-05-22 15:46:10,77,80,10743,47721
2023-05-22 15:46:10,76,80,10743,47721
2023-05-22 15:46:10,76,81,10743,47721
2023-05-22 15:46:10,76,79,10743,47721
2023-05-22 15:46:11,77,79,10743,47721
2023-05-22 15:46:11,77,81,10743,47721
2023-05-22 15:46:11,77,80,10743,47721
2023-05-22 15:46:19,78,80,10743,47721
2023-05-22 15:46:22,79,80,10743,47721
2023-05-22 15:46:25,78,80,10743,47721
2023-05-22 15:46:26,79,80,10743,47721
2023-05-22 15:46:31,79,81,10765,47743
2023-05-22 15:46:31,80,81,10765,47743
2023-05-22 15:46:33,80,81,10781,47759
2023-05-22 15:47:02,79,81,10781,47759
2023-05-22 15:47:03,80,81,10781,47759
2023-05-22 15:47:05,79,81,10781,47759
2023-05-22 15:47:10,80,81,10781,47759
2023-05-22 15:47:14,80,85,10787,47765
2023-05-22 15:47:14,80,84,10787,47765
2023-05-22 15:47:14,81,84,10787,47765
2023-05-22 15:47:16,82,84,10787,47765
2023-05-22 15:47:17,82,84,10790,47768
2023-05-22 15:47:23,83,84,10790,47768
2023-05-22 15:47:55,83,84,10791,47769
2023-05-22 15:47:58,80,83,10771,47789
2023-05-22 15:47:58,80,84,10771,47789
2023-05-22 15:47:58,80,82,10771,47789
2023-05-22 15:47:59,81,82,10771,47789
2023-05-22 15:48:25,82,84,10807,47825
2023-05-22 15:48:26,83,84,10807,47825
2023-05-22 15:48:36,83,84,10842,47860
2023-05-22 15:48:37,85,86,10843,47861
2023-05-22 15:48:39,85,86,10844,47862
2023-05-22 15:48:43,85,87,10845,47863
2023-05-22 15:48:43,86,87,10845,47863
2023-05-22 15:48:46,86,88,10847,47881
2023-05-22 15:48:46,87,88,10847,47881
2023-05-22 15:49:03,87,88,10867,48085
2023-05-22 15:49:14,87,92,10887,48140
2023-05-22 15:49:14,88,92,10887,48140
2023-05-22 15:49:14,89,92,10887,48140
2023-05-22 15:49:14,90,92,10887,48140
2023-05-22 15:49:23,91,92,10887,48140
2023-05-22 15:50:07,91,93,10889,48142
2023-05-22 15:50:07,92,93,10889,48142
2023-05-22 15:50:09,92,94,10909,48162
2023-05-22 15:50:09,93,94,10909,48162
2023-05-22 15:50:22,92,94,10859,48237
2023-05-22 15:50:29,93,94,10859,48237
2023-05-22 15:50:38,93,94,10942,48320
2023-05-22 15:50:49,94,96,11129,48507
2023-05-22 15:51:05,94,95,11129,48507
2023-05-22 15:51:18,94,96,11130,48508
2023-05-22 15:51:19,95,96,11130,48508
2023-05-22 15:51:21,95,97,11132,48510
2023-05-22 15:51:32,95,97,11132,48516
2023-05-22 15:51:34,95,97,11421,48805
2023-05-22 15:51:48,96,97,11421,48805
2023-05-22 15:52:04,96,98,11634,49018
2023-05-22 15:52:05,96,97,11634,49018
2023-05-22 15:52:12,96,97,11635,49019
2023-05-22 15:52:23,97,98,11640,49024
2023-05-22 15:52:23,97,98,11643,49027
2023-05-22 15:52:29,97,98,11674,49391
2023-05-22 15:52:31,97,98,11674,49446
2023-05-22 15:52:34,96,98,11674,49446
2023-05-22 15:52:39,95,98,11674,49446
2023-05-22 15:52:51,95,98,11674,49451
2023-05-22 15:53:02,96,98,11674,49451
2023-05-22 15:53:25,96,98,11674,49471
2023-05-22 15:53:27,96,97,11674,49471
2023-05-22 15:53:28,95,97,11674,49471
2023-05-22 15:53:50,95,98,11674,49471
2023-05-22 15:53:50,96,98,11674,49471
2023-05-22 15:53:56,96,97,11674,49471
2023-05-22 15:53:56,95,97,11674,49471
2023-05-22 15:54:02,94,97,11624,49546
2023-05-22 15:54:05,94,96,11624,49546
2023-05-22 15:54:05,92,96,11624,49546
2023-05-22 15:54:06,94,96,11624,49546
2023-05-22 15:54:28,94,96,11624,49556
2023-05-22 15:54:28,95,96,11624,49556
2023-05-22 15:54:29,95,96,11624,49561
2023-05-22 15:54:42,95,96,11624,49571
2023-05-22 15:54:42,95,96,11624,49601
2023-05-22 15:54:45,96,98,11624,49603
2023-05-22 15:54:56,96,98,11624,49613
2023-05-22 15:55:00,97,98,11624,49613
2023-05-22 15:55:13,97,98,11624,49622
2023-05-22 15:55:34,97,98,11624,49632
2023-05-22 15:55:38,97,99,11626,49634
2023-05-22 15:56:23,97,99,11626,49654
2023-05-22 15:56:42,98,99,11626,49654
2023-05-22 15:57:20,99,100,11629,49698
