datetime,bid,ask,open_interest,volume
2023-03-22 09:30:43,8,16,179,179
2023-03-22 09:31:04,8,14,179,179
2023-03-22 09:31:04,10,14,179,179
2023-03-22 09:37:17,10,13,179,179
2023-03-22 09:37:39,10,14,179,179
2023-03-22 09:37:39,10,13,179,179
2023-03-22 09:38:16,10,14,179,179
2023-03-22 09:38:17,10,13,179,179
2023-03-22 09:38:28,10,14,179,179
2023-03-22 09:38:30,10,13,179,179
2023-03-22 09:38:38,10,14,179,179
2023-03-22 09:38:38,10,13,179,179
2023-03-22 09:39:38,10,14,179,179
2023-03-22 09:39:38,10,13,179,179
2023-03-22 09:40:08,11,13,179,179
2023-03-22 09:40:18,11,14,179,179
2023-03-22 09:40:20,11,13,179,179
2023-03-22 09:40:41,11,14,179,179
2023-03-22 09:40:43,11,13,179,179
2023-03-22 09:41:48,11,14,179,179
2023-03-22 09:41:48,11,13,179,179
2023-03-22 09:42:15,11,14,179,179
2023-03-22 09:42:16,11,13,179,179
2023-03-22 09:42:29,11,14,179,179
2023-03-22 09:42:29,11,13,179,179
2023-03-22 09:42:50,11,14,179,179
2023-03-22 09:43:38,11,13,179,179
2023-03-22 09:44:15,11,14,179,179
2023-03-22 09:44:15,11,13,179,179
2023-03-22 09:44:37,11,14,179,179
2023-03-22 09:44:38,11,13,179,179
2023-03-22 09:44:49,11,14,179,179
2023-03-22 09:44:49,11,13,179,179
2023-03-22 09:45:17,11,14,179,179
2023-03-22 09:45:18,11,13,179,179
2023-03-22 09:45:28,11,14,179,179
2023-03-22 09:45:51,11,13,179,179
2023-03-22 09:46:16,11,14,179,179
2023-03-22 09:46:37,11,13,179,179
2023-03-22 09:46:48,11,14,179,179
2023-03-22 09:47:37,12,14,179,179
2023-03-22 09:48:17,12,13,179,179
2023-03-22 09:48:38,12,14,179,179
2023-03-22 09:48:39,12,13,179,179
2023-03-22 09:48:48,12,14,179,179
2023-03-22 09:48:48,12,13,179,179
2023-03-22 09:49:26,12,14,179,179
2023-03-22 09:49:26,12,13,179,179
2023-03-22 09:49:37,12,14,179,179
2023-03-22 09:49:39,12,13,179,179
2023-03-22 09:49:48,12,14,179,179
2023-03-22 09:49:48,12,13,179,179
2023-03-22 09:50:28,12,14,179,179
2023-03-22 09:50:29,12,13,179,179
2023-03-22 09:51:16,12,14,179,179
2023-03-22 09:51:17,12,13,179,179
2023-03-22 09:51:26,12,14,179,179
2023-03-22 09:51:26,12,13,179,179
2023-03-22 09:51:38,12,14,179,179
2023-03-22 09:51:38,12,13,179,179
2023-03-22 09:51:49,12,14,179,179
2023-03-22 09:51:49,12,13,179,179
2023-03-22 09:52:14,12,14,179,179
2023-03-22 09:52:15,12,13,179,179
2023-03-22 09:52:36,12,14,179,179
2023-03-22 09:52:37,12,13,179,179
2023-03-22 09:53:50,12,14,179,179
2023-03-22 09:53:50,12,13,179,179
2023-03-22 09:54:14,12,14,179,179
2023-03-22 09:54:15,12,13,179,179
2023-03-22 09:54:51,12,14,179,179
2023-03-22 09:54:51,12,13,179,179
2023-03-22 09:55:29,12,14,179,179
2023-03-22 09:55:30,12,13,179,179
2023-03-22 09:55:40,12,14,179,179
2023-03-22 09:55:40,12,13,179,179
2023-03-22 09:56:15,12,14,179,179
2023-03-22 09:56:16,12,13,179,179
2023-03-22 09:56:28,12,14,179,179
2023-03-22 09:56:28,12,13,179,179
2023-03-22 09:56:50,12,14,179,179
2023-03-22 09:56:50,12,13,179,179
2023-03-22 09:57:16,12,14,179,179
2023-03-22 09:57:16,12,13,179,179
2023-03-22 09:57:39,12,14,179,179
2023-03-22 09:57:40,12,13,179,179
2023-03-22 09:58:40,12,14,179,179
2023-03-22 09:58:40,12,13,179,179
2023-03-22 09:59:39,12,14,179,179
2023-03-22 09:59:39,12,13,179,179
2023-03-22 10:00:17,12,14,179,179
2023-03-22 10:00:17,12,13,179,179
2023-03-22 10:00:30,12,14,179,179
2023-03-22 10:00:30,12,13,179,179
2023-03-22 10:09:49,12,14,179,179
2023-03-22 10:09:50,12,13,179,179
2023-03-22 10:10:30,12,14,179,179
2023-03-22 10:10:30,12,13,179,179
2023-03-22 10:11:16,12,14,179,179
2023-03-22 10:11:16,12,13,179,179
2023-03-22 10:11:29,12,14,179,179
2023-03-22 10:11:30,12,13,179,179
2023-03-22 10:11:51,12,14,179,179
2023-03-22 10:11:52,12,13,179,179
2023-03-22 10:12:14,12,14,179,179
2023-03-22 10:12:14,12,13,179,179
2023-03-22 10:12:27,12,14,179,179
2023-03-22 10:12:28,12,13,179,179
2023-03-22 10:14:16,12,14,179,179
2023-03-22 10:14:16,12,13,179,179
2023-03-22 10:15:16,12,14,179,179
2023-03-22 10:15:17,12,13,179,179
2023-03-22 10:15:28,12,14,179,179
2023-03-22 10:15:28,12,13,179,179
2023-03-22 10:15:50,12,14,179,179
2023-03-22 10:15:50,12,13,179,179
2023-03-22 10:16:18,12,14,179,179
2023-03-22 10:16:18,12,13,179,179
2023-03-22 10:16:28,12,14,179,179
2023-03-22 10:16:28,12,13,179,179
2023-03-22 10:16:40,12,14,179,179
2023-03-22 10:16:40,12,13,179,179
2023-03-22 10:17:41,12,14,179,179
2023-03-22 10:17:41,12,13,179,179
2023-03-22 10:18:15,12,14,179,179
2023-03-22 10:18:15,12,13,179,179
2023-03-22 10:18:39,12,14,179,179
2023-03-22 10:18:39,12,13,179,179
2023-03-22 10:18:52,12,14,179,179
2023-03-22 10:18:52,12,13,179,179
2023-03-22 10:19:16,12,14,179,179
2023-03-22 10:19:16,12,13,179,179
2023-03-22 10:19:38,12,14,179,179
2023-03-22 10:19:39,12,13,179,179
2023-03-22 10:19:49,12,14,179,179
2023-03-22 10:19:49,12,13,179,179
2023-03-22 10:21:06,11,12,182,182
2023-03-22 10:21:16,11,13,182,182
2023-03-22 10:22:41,11,12,182,182
2023-03-22 10:23:26,11,13,182,182
2023-03-22 10:23:27,11,12,182,182
2023-03-22 10:28:41,10,11,251,251
2023-03-22 10:28:42,9,11,251,251
2023-03-22 10:28:42,8,11,251,251
2023-03-22 10:28:43,9,11,251,251
2023-03-22 10:28:48,9,12,251,251
2023-03-22 10:28:50,8,12,251,251
2023-03-22 10:29:51,8,11,251,251
2023-03-22 10:30:18,8,12,251,251
2023-03-22 10:30:30,8,11,251,251
2023-03-22 10:30:54,8,12,251,251
2023-03-22 10:30:56,9,12,251,251
2023-03-22 10:32:57,9,10,251,251
2023-03-22 10:37:42,10,12,307,379
2023-03-22 10:37:43,10,11,307,379
2023-03-22 10:37:48,9,11,307,379
2023-03-22 10:52:17,9,12,307,379
2023-03-22 10:53:17,9,11,307,379
2023-03-22 11:12:52,9,12,307,379
2023-03-22 11:12:53,10,12,307,379
2023-03-22 11:20:42,10,11,307,379
2023-03-22 11:29:07,9,11,307,379
2023-03-22 11:31:54,9,10,307,379
2023-03-22 12:02:17,9,12,307,379
2023-03-22 12:06:08,9,10,307,379
2023-03-22 12:11:52,10,12,435,507
2023-03-22 12:12:18,9,12,435,507
2023-03-22 12:12:40,10,12,435,507
2023-03-22 12:12:40,10,13,435,507
2023-03-22 12:12:40,10,14,435,507
2023-03-22 12:12:41,10,12,435,507
2023-03-22 12:21:44,10,13,435,507
2023-03-22 12:23:02,11,13,435,507
2023-03-22 12:23:15,11,14,435,507
2023-03-22 12:23:16,11,13,435,507
2023-03-22 12:24:13,10,13,435,507
2023-03-22 12:26:15,10,12,435,507
2023-03-22 12:52:03,10,11,435,507
2023-03-22 12:54:30,11,12,563,635
2023-03-22 12:54:49,10,12,563,635
2023-03-22 12:56:34,10,13,563,635
2023-03-22 12:58:26,10,12,563,635
2023-03-22 12:58:50,12,13,691,763
2023-03-22 12:58:52,10,12,695,951
2023-03-22 12:59:15,10,13,695,951
2023-03-22 13:01:11,11,13,695,951
2023-03-22 13:01:17,11,14,695,951
2023-03-22 13:01:17,11,13,695,951
2023-03-22 13:01:53,11,14,695,951
2023-03-22 13:01:53,11,13,695,951
2023-03-22 13:02:16,11,14,695,951
2023-03-22 13:02:16,11,13,695,951
2023-03-22 13:02:28,11,14,695,951
2023-03-22 13:02:28,11,13,695,951
2023-03-22 13:02:42,11,14,695,951
2023-03-22 13:02:42,11,13,695,951
2023-03-22 13:02:51,11,14,695,951
2023-03-22 13:02:52,11,13,695,951
2023-03-22 13:03:15,11,14,695,951
2023-03-22 13:03:15,11,13,695,951
2023-03-22 13:03:18,12,13,695,951
2023-03-22 13:03:53,11,13,695,951
2023-03-22 13:05:19,11,14,695,951
2023-03-22 13:05:20,11,13,695,951
2023-03-22 13:05:29,11,14,695,951
2023-03-22 13:05:29,11,13,695,951
2023-03-22 13:05:42,11,14,695,951
2023-03-22 13:05:43,11,13,695,951
2023-03-22 13:05:54,11,14,695,951
2023-03-22 13:05:54,11,13,695,951
2023-03-22 13:06:27,11,14,695,951
2023-03-22 13:06:28,11,13,695,951
2023-03-22 13:06:36,12,13,695,951
2023-03-22 13:06:49,12,14,695,951
2023-03-22 13:06:50,12,13,695,951
2023-03-22 13:06:57,11,13,695,951
2023-03-22 13:07:16,11,14,695,951
2023-03-22 13:07:17,11,13,695,951
2023-03-22 13:07:28,11,14,695,951
2023-03-22 13:07:28,11,13,695,951
2023-03-22 13:07:39,11,14,695,951
2023-03-22 13:07:39,11,13,695,951
2023-03-22 13:07:51,11,14,695,951
2023-03-22 13:07:51,11,13,695,951
2023-03-22 13:08:17,11,14,695,951
2023-03-22 13:08:17,11,13,695,951
2023-03-22 13:08:40,11,14,695,951
2023-03-22 13:08:40,11,13,695,951
2023-03-22 13:09:38,11,14,695,951
2023-03-22 13:09:39,11,13,695,951
2023-03-22 13:09:51,11,14,695,951
2023-03-22 13:09:51,11,13,695,951
2023-03-22 13:10:28,11,14,695,951
2023-03-22 13:10:28,11,13,695,951
2023-03-22 13:10:54,11,14,695,951
2023-03-22 13:10:55,11,13,695,951
2023-03-22 13:11:27,11,12,695,951
2023-03-22 13:12:16,11,13,695,951
2023-03-22 13:12:16,11,12,695,951
2023-03-22 13:13:26,11,13,695,951
2023-03-22 13:13:26,11,12,695,951
2023-03-22 13:13:49,11,13,695,951
2023-03-22 13:13:49,11,12,695,951
2023-03-22 13:14:15,11,13,695,951
2023-03-22 13:14:15,11,12,695,951
2023-03-22 13:15:10,10,12,695,951
2023-03-22 13:15:17,10,13,695,951
2023-03-22 13:15:17,10,12,695,951
2023-03-22 13:16:15,10,13,695,951
2023-03-22 13:16:15,10,12,695,951
2023-03-22 13:17:16,10,13,695,951
2023-03-22 13:17:16,10,12,695,951
2023-03-22 13:17:28,10,13,695,951
2023-03-22 13:17:28,10,12,695,951
2023-03-22 13:17:39,10,13,695,951
2023-03-22 13:17:39,10,12,695,951
2023-03-22 13:17:51,10,13,695,951
2023-03-22 13:17:51,10,12,695,951
2023-03-22 13:21:28,10,11,695,951
2023-03-22 13:52:29,10,14,695,951
2023-03-22 13:55:56,10,11,695,951
2023-03-22 13:56:50,9,11,695,951
2023-03-22 13:58:38,8,11,695,951
2023-03-22 13:59:24,8,9,695,951
2023-03-22 13:59:28,9,11,819,1079
2023-03-22 13:59:37,8,11,819,1079
2023-03-22 14:00:20,8,9,819,1079
2023-03-22 14:00:23,9,11,947,1207
2023-03-22 14:00:41,8,11,947,1207
2023-03-22 14:00:41,8,10,947,1207
2023-03-22 14:01:33,8,9,947,1207
2023-03-22 14:03:27,8,11,947,1207
2023-03-22 14:03:27,8,12,947,1207
2023-03-22 14:03:59,8,10,947,1207
2023-03-22 14:04:33,8,10,947,1407
2023-03-22 14:04:42,6,8,947,1457
2023-03-22 14:05:17,6,7,947,1457
2023-03-22 14:05:17,6,7,1075,1585
2023-03-22 14:05:17,6,7,1089,1599
2023-03-22 14:05:17,6,8,1089,1599
2023-03-22 14:05:21,5,8,1089,1599
2023-03-22 14:05:34,5,7,1089,1599
2023-03-22 14:05:37,5,7,1166,1676
2023-03-22 14:05:37,5,8,1166,1676
2023-03-22 14:06:10,5,7,1166,1676
2023-03-22 14:06:41,5,7,1280,1790
2023-03-22 14:06:41,5,7,1289,1841
2023-03-22 14:06:41,5,6,1289,1841
2023-03-22 14:06:41,5,7,1289,1841
2023-03-22 14:10:44,6,7,1289,1841
2023-03-22 14:11:32,6,7,1417,1969
2023-03-22 14:11:32,7,8,1545,2097
2023-03-22 14:11:35,6,8,1545,2097
2023-03-22 14:12:53,6,9,1673,2225
2023-03-22 14:12:54,6,9,1801,2353
2023-03-22 14:12:54,6,9,1932,2484
2023-03-22 14:13:20,6,10,1932,2484
2023-03-22 14:13:21,6,10,2046,2598
2023-03-22 14:13:21,6,10,2046,2598
2023-03-22 14:13:29,7,10,2046,2598
2023-03-22 14:13:29,8,10,2046,2598
2023-03-22 14:13:30,8,10,2081,2633
2023-03-22 14:13:38,8,11,2081,2633
2023-03-22 14:13:38,8,10,2081,2633
2023-03-22 14:13:50,8,11,2081,2633
2023-03-22 14:13:57,8,11,2209,2761
2023-03-22 14:14:10,8,9,2209,2761
2023-03-22 14:14:12,9,11,2337,2889
2023-03-22 14:14:36,8,11,2337,2889
2023-03-22 14:15:19,8,10,2337,2889
2023-03-22 14:15:27,8,9,2337,2889
2023-03-22 14:15:38,8,10,2337,2889
2023-03-22 14:15:38,8,11,2337,2889
2023-03-22 14:15:39,8,9,2337,2889
2023-03-22 14:15:41,7,9,2337,2889
2023-03-22 14:15:50,6,9,2337,2889
2023-03-22 14:15:50,6,10,2337,2889
2023-03-22 14:15:50,7,10,2337,2889
2023-03-22 14:15:50,7,9,2337,2889
2023-03-22 14:16:15,6,9,2337,2889
2023-03-22 14:16:15,6,10,2337,2889
2023-03-22 14:16:15,7,10,2337,2889
2023-03-22 14:16:15,7,9,2337,2889
2023-03-22 14:16:52,6,9,2337,2889
2023-03-22 14:16:52,6,10,2337,2889
2023-03-22 14:16:52,7,10,2337,2889
2023-03-22 14:16:54,7,9,2337,2889
2023-03-22 14:17:27,6,9,2337,2889
2023-03-22 14:17:27,7,9,2337,2889
2023-03-22 14:17:39,6,9,2337,2889
2023-03-22 14:17:40,7,9,2337,2889
2023-03-22 14:17:51,6,9,2337,2889
2023-03-22 14:17:52,7,9,2337,2889
2023-03-22 14:18:50,7,8,2337,2889
2023-03-22 14:19:14,7,9,2337,2889
2023-03-22 14:19:15,7,8,2337,2889
2023-03-22 14:19:25,7,9,2337,2889
2023-03-22 14:19:25,7,8,2337,2889
2023-03-22 14:19:25,7,8,2348,2900
2023-03-22 14:19:27,7,8,2359,2911
2023-03-22 14:19:38,7,8,2405,2957
2023-03-22 14:19:42,6,8,2536,3088
2023-03-22 14:19:43,6,7,2536,3088
2023-03-22 14:22:23,6,8,2536,3088
2023-03-22 14:22:25,7,8,2536,3088
2023-03-22 14:22:27,7,9,2536,3088
2023-03-22 14:22:27,7,8,2536,3088
2023-03-22 14:22:38,6,8,2536,3088
2023-03-22 14:22:39,6,9,2536,3088
2023-03-22 14:22:40,6,8,2536,3088
2023-03-22 14:22:52,6,9,2536,3088
2023-03-22 14:22:52,6,8,2536,3088
2023-03-22 14:23:15,6,9,2536,3088
2023-03-22 14:23:15,6,8,2536,3088
2023-03-22 14:23:39,6,9,2536,3088
2023-03-22 14:23:39,6,8,2536,3088
2023-03-22 14:23:51,6,9,2536,3088
2023-03-22 14:23:51,6,8,2536,3088
2023-03-22 14:24:15,6,9,2536,3088
2023-03-22 14:24:15,6,8,2536,3088
2023-03-22 14:24:26,6,9,2536,3088
2023-03-22 14:24:26,7,9,2536,3088
2023-03-22 14:24:37,6,9,2536,3088
2023-03-22 14:24:37,7,9,2536,3088
2023-03-22 14:24:48,6,9,2536,3088
2023-03-22 14:25:15,7,9,2536,3088
2023-03-22 14:25:26,7,8,2536,3088
2023-03-22 14:25:38,6,8,2536,3088
2023-03-22 14:25:49,6,9,2536,3088
2023-03-22 14:25:49,6,8,2536,3088
2023-03-22 14:26:16,6,9,2536,3088
2023-03-22 14:26:17,6,8,2536,3088
2023-03-22 14:26:28,6,9,2536,3088
2023-03-22 14:26:38,6,8,2536,3088
2023-03-22 14:26:51,6,9,2536,3088
2023-03-22 14:26:51,6,8,2536,3088
2023-03-22 14:27:15,6,9,2536,3088
2023-03-22 14:27:15,6,8,2536,3088
2023-03-22 14:27:25,6,9,2536,3088
2023-03-22 14:27:25,6,8,2536,3088
2023-03-22 14:27:48,6,9,2536,3088
2023-03-22 14:27:49,6,8,2536,3088
2023-03-22 14:28:15,6,9,2536,3088
2023-03-22 14:28:15,6,8,2536,3088
2023-03-22 14:30:27,6,7,2536,3088
2023-03-22 14:31:28,6,9,2536,3088
2023-03-22 14:31:29,6,8,2536,3088
2023-03-22 14:31:38,6,7,2536,3088
2023-03-22 14:32:37,6,8,2536,3088
2023-03-22 14:32:49,6,8,2553,3888
2023-03-22 14:32:54,6,9,2553,3888
2023-03-22 14:32:55,7,9,2553,3888
2023-03-22 14:33:36,7,8,2553,3888
2023-03-22 14:34:16,7,9,2553,3888
2023-03-22 14:34:16,7,8,2553,3888
2023-03-22 14:34:17,6,8,2553,3888
2023-03-22 14:34:39,6,9,2553,3888
2023-03-22 14:34:39,6,8,2553,3888
2023-03-22 14:34:51,6,9,2553,3888
2023-03-22 14:34:51,6,8,2553,3888
2023-03-22 14:35:08,7,8,2553,3888
2023-03-22 14:35:16,7,9,2553,3888
2023-03-22 14:35:20,8,9,2553,3888
2023-03-22 14:35:30,9,10,2594,4029
2023-03-22 14:36:13,9,10,2594,4046
2023-03-22 14:36:16,10,11,2705,4157
2023-03-22 14:36:19,11,12,2712,4164
2023-03-22 14:36:25,11,12,2840,4292
2023-03-22 14:36:26,11,14,2840,4292
2023-03-22 14:36:26,11,13,2840,4292
2023-03-22 14:36:29,11,14,2840,4292
2023-03-22 14:36:30,11,13,2840,4292
2023-03-22 14:36:50,11,14,2840,4292
2023-03-22 14:36:50,11,13,2840,4292
2023-03-22 14:36:50,10,13,2840,4292
2023-03-22 14:37:11,10,12,2840,4292
2023-03-22 14:37:14,9,12,2840,4292
2023-03-22 14:37:14,10,12,2840,4292
2023-03-22 14:37:21,10,11,2840,4292
2023-03-22 14:37:21,9,10,2833,4299
2023-03-22 14:37:25,8,10,2833,4299
2023-03-22 14:37:25,7,10,2833,4299
2023-03-22 14:37:25,8,10,2833,4299
2023-03-22 14:37:29,8,11,2833,4299
2023-03-22 14:37:36,7,11,2833,4299
2023-03-22 14:37:37,7,10,2833,4299
2023-03-22 14:37:49,7,9,2833,4299
2023-03-22 14:38:15,6,9,2833,4299
2023-03-22 14:38:16,6,8,2833,4299
2023-03-22 14:38:38,7,8,2833,4299
2023-03-22 14:39:16,6,8,2833,4299
2023-03-22 14:39:26,7,8,2833,4299
2023-03-22 14:39:38,6,8,2833,4299
2023-03-22 14:40:18,6,7,2833,4299
2023-03-22 14:40:29,6,7,2859,4325
2023-03-22 14:40:32,6,7,2885,4351
2023-03-22 14:40:53,6,8,2885,4351
2023-03-22 14:40:53,6,7,2885,4351
2023-03-22 14:41:16,6,7,2933,4433
2023-03-22 14:41:27,6,7,2933,4524
2023-03-22 14:41:47,5,6,2930,4527
2023-03-22 14:42:01,5,6,2930,4543
2023-03-22 14:42:04,4,5,2818,4655
2023-03-22 14:42:11,5,6,2818,4655
2023-03-22 14:42:14,4,5,2690,4783
2023-03-22 14:42:14,4,5,2700,4793
2023-03-22 14:42:49,4,6,2700,4793
2023-03-22 14:42:49,4,5,2700,4793
2023-03-22 14:43:15,4,5,2725,4818
2023-03-22 14:43:52,4,5,2772,4865
2023-03-22 14:44:12,3,4,2655,5011
2023-03-22 14:44:29,3,4,2710,5066
2023-03-22 14:46:26,3,4,2737,5093
2023-03-22 14:46:26,3,4,2744,5100
2023-03-22 14:46:28,3,4,2808,5164
2023-03-22 14:46:28,3,4,2872,5228
2023-03-22 14:46:39,3,4,2889,5245
2023-03-22 14:46:50,2,3,2988,5344
2023-03-22 14:48:35,2,3,3005,5361
2023-03-22 14:48:36,2,3,3038,5394
2023-03-22 14:48:36,2,3,3063,5419
2023-03-22 14:48:37,2,3,3088,5458
2023-03-22 14:58:27,2,3,3088,5502
2023-03-22 14:58:31,2,4,3088,5502
2023-03-22 14:59:11,2,5,3088,5502
2023-03-22 15:01:19,3,5,3088,5502
2023-03-22 15:01:28,4,5,3088,5502
2023-03-22 15:01:38,3,5,3088,5502
2023-03-22 15:01:38,4,5,3088,5502
2023-03-22 15:01:42,5,6,3221,5635
2023-03-22 15:01:49,4,6,3221,5635
2023-03-22 15:01:49,3,6,3221,5635
2023-03-22 15:01:49,3,7,3221,5635
2023-03-22 15:01:49,5,7,3221,5635
2023-03-22 15:01:49,5,6,3221,5635
2023-03-22 15:02:10,5,6,3246,5660
2023-03-22 15:02:25,4,6,3246,5660
2023-03-22 15:02:36,3,6,3246,5660
2023-03-22 15:02:36,3,5,3246,5660
2023-03-22 15:02:50,3,6,3246,5660
2023-03-22 15:02:50,3,5,3246,5660
2023-03-22 15:03:16,3,6,3246,5660
2023-03-22 15:03:16,3,5,3246,5660
2023-03-22 15:03:27,3,6,3246,5660
2023-03-22 15:03:27,3,5,3246,5660
2023-03-22 15:03:49,3,6,3246,5660
2023-03-22 15:03:49,3,5,3246,5660
2023-03-22 15:04:15,3,6,3246,5660
2023-03-22 15:04:15,4,6,3246,5660
2023-03-22 15:04:26,5,6,3246,5660
2023-03-22 15:04:31,5,7,3349,5763
2023-03-22 15:04:37,4,7,3349,5763
2023-03-22 15:04:38,6,7,3349,5763
2023-03-22 15:04:42,6,8,3349,5763
2023-03-22 15:04:44,6,8,3549,5963
2023-03-22 15:04:48,7,8,3549,5963
2023-03-22 15:04:49,8,9,3558,5972
2023-03-22 15:05:01,7,9,3558,5972
2023-03-22 15:05:28,7,10,3558,5972
2023-03-22 15:05:29,7,9,3558,5972
2023-03-22 15:05:39,6,9,3558,5972
2023-03-22 15:05:39,7,9,3558,5972
2023-03-22 15:05:54,7,9,3758,6172
2023-03-22 15:06:04,9,10,3790,6204
2023-03-22 15:06:09,7,10,3790,6204
2023-03-22 15:06:17,7,11,3790,6204
2023-03-22 15:06:18,8,11,3790,6204
2023-03-22 15:06:19,8,10,3790,6204
2023-03-22 15:06:32,8,9,3790,6204
2023-03-22 15:06:40,7,9,3790,6204
2023-03-22 15:07:38,8,9,3790,6204
2023-03-22 15:07:46,8,10,3790,6204
2023-03-22 15:07:51,9,10,3790,6204
2023-03-22 15:08:02,9,11,3790,6204
2023-03-22 15:08:15,9,10,3790,6204
2023-03-22 15:08:16,9,11,3790,6204
2023-03-22 15:08:16,9,13,3790,6204
2023-03-22 15:08:16,10,13,3790,6204
2023-03-22 15:08:16,11,13,3790,6204
2023-03-22 15:08:27,12,13,3790,6204
2023-03-22 15:08:34,13,15,3918,6332
2023-03-22 15:08:37,12,15,3918,6332
2023-03-22 15:08:38,13,15,3918,6332
2023-03-22 15:08:50,12,15,3918,6332
2023-03-22 15:08:51,13,15,3918,6332
2023-03-22 15:09:08,13,16,3918,6332
2023-03-22 15:09:15,13,17,3918,6332
2023-03-22 15:09:15,14,17,3918,6332
2023-03-22 15:09:15,15,17,3918,6332
2023-03-22 15:09:25,14,17,3918,6332
2023-03-22 15:09:28,14,17,4418,6832
2023-03-22 15:09:32,14,15,4418,6832
2023-03-22 15:09:37,13,15,4418,6832
2023-03-22 15:09:37,12,15,4418,6832
2023-03-22 15:09:37,11,15,4418,6832
2023-03-22 15:09:38,13,15,4418,6832
2023-03-22 15:09:40,12,15,4418,6832
2023-03-22 15:09:40,14,15,4418,6832
2023-03-22 15:09:44,13,14,4388,6862
2023-03-22 15:09:49,13,15,4388,6862
2023-03-22 15:09:49,13,14,4388,6862
2023-03-22 15:10:00,11,12,4388,6927
2023-03-22 15:10:10,9,12,4188,7127
2023-03-22 15:10:16,9,10,4188,7127
2023-03-22 15:10:17,8,10,4188,7127
2023-03-22 15:10:18,9,10,4188,7127
2023-03-22 15:10:18,10,12,4188,7136
2023-03-22 15:10:20,9,12,4188,7136
2023-03-22 15:10:20,10,12,4188,7136
2023-03-22 15:10:27,8,12,4188,7136
2023-03-22 15:10:27,8,11,4188,7136
2023-03-22 15:10:41,8,10,4188,7136
2023-03-22 15:10:52,8,11,4188,7136
2023-03-22 15:10:52,8,10,4188,7136
2023-03-22 15:11:15,8,12,4188,7136
2023-03-22 15:11:15,9,12,4188,7136
2023-03-22 15:11:15,9,11,4188,7136
2023-03-22 15:11:39,8,11,4188,7136
2023-03-22 15:11:39,10,11,4188,7136
2023-03-22 15:11:49,10,12,4188,7136
2023-03-22 15:11:52,9,12,4188,7136
2023-03-22 15:11:52,10,12,4188,7136
2023-03-22 15:12:16,11,12,4188,7136
2023-03-22 15:12:16,11,13,4188,7136
2023-03-22 15:12:28,10,13,4188,7136
2023-03-22 15:12:29,11,13,4188,7136
2023-03-22 15:12:38,9,11,4131,7193
2023-03-22 15:12:39,8,11,4131,7193
2023-03-22 15:12:44,8,18,4515,7577
2023-03-22 15:12:44,8,14,4515,7577
2023-03-22 15:12:44,8,12,4515,7577
2023-03-22 15:13:15,9,12,4515,7577
2023-03-22 15:13:15,10,12,4515,7577
2023-03-22 15:13:19,9,10,4387,7705
2023-03-22 15:13:21,8,9,4387,7828
2023-03-22 15:13:32,8,12,4387,7828
2023-03-22 15:13:40,8,14,4387,7828
2023-03-22 15:14:10,7,8,4259,7956
2023-03-22 15:14:18,7,12,4259,7956
2023-03-22 15:14:18,6,7,4131,8084
2023-03-22 15:14:34,6,11,4131,8084
2023-03-22 15:14:43,4,6,4091,8212
2023-03-22 15:14:48,4,9,4091,8212
2023-03-22 15:15:29,4,7,4091,8212
2023-03-22 15:15:31,4,6,4091,8212
2023-03-22 15:15:33,4,6,4091,8255
2023-03-22 15:15:33,4,6,4091,8298
2023-03-22 15:15:33,4,7,4091,8298
2023-03-22 15:15:36,5,7,4091,8298
2023-03-22 15:15:38,5,7,4091,8340
2023-03-22 15:15:38,5,7,4091,8382
2023-03-22 15:15:38,5,6,4091,8382
2023-03-22 15:15:39,5,7,4091,8382
2023-03-22 15:15:39,5,6,4091,8382
2023-03-22 15:15:52,5,7,4091,8382
2023-03-22 15:15:53,5,6,4091,8382
2023-03-22 15:16:16,5,6,4091,8425
2023-03-22 15:16:17,4,6,4091,8425
2023-03-22 15:16:29,4,5,4091,8425
2023-03-22 15:17:01,4,5,4091,8462
2023-03-22 15:17:16,3,5,4116,8513
2023-03-22 15:17:16,3,4,4116,8513
2023-03-22 15:17:17,3,4,4116,8527
2023-03-22 15:17:27,3,5,4116,8527
2023-03-22 15:17:27,3,5,4116,8547
2023-03-22 15:17:27,3,4,4116,8547
2023-03-22 15:17:39,3,6,4116,8547
2023-03-22 15:17:59,3,5,4116,8547
2023-03-22 15:18:01,3,5,4116,8567
2023-03-22 15:18:01,3,5,4116,8587
2023-03-22 15:18:01,3,6,4116,8587
2023-03-22 15:18:01,3,5,4116,8587
2023-03-22 15:18:03,3,5,4116,8598
2023-03-22 15:18:03,3,6,4116,8598
2023-03-22 15:18:03,3,5,4116,8598
2023-03-22 15:18:05,3,6,4116,8598
2023-03-22 15:18:06,3,6,4116,8598
2023-03-22 15:20:27,3,6,4116,8619
2023-03-22 15:21:04,3,5,4116,8619
2023-03-22 15:21:06,3,6,4116,8619
2023-03-22 15:21:13,3,6,4116,8619
2023-03-22 15:21:13,3,5,4116,8619
2023-03-22 15:21:17,3,6,4116,8619
2023-03-22 15:21:17,3,5,4116,8619
2023-03-22 15:21:17,3,6,4116,8619
2023-03-22 15:21:22,3,6,4116,8619
2023-03-22 15:21:22,3,4,4116,8619
2023-03-22 15:21:23,3,6,4116,8619
2023-03-22 15:21:46,3,5,4116,8619
2023-03-22 15:21:50,3,6,4116,8619
2023-03-22 15:22:03,3,5,4116,8619
2023-03-22 15:22:04,3,6,4116,8619
2023-03-22 15:22:16,1,6,4115,8620
2023-03-22 15:22:35,1,5,4115,8620
2023-03-22 15:22:37,1,6,4115,8620
2023-03-22 15:22:38,1,6,4115,8620
2023-03-22 15:22:40,1,5,4115,8620
2023-03-22 15:22:41,1,6,4115,8620
2023-03-22 15:28:06,2,6,4115,8620
2023-03-22 15:28:06,2,5,4115,8620
2023-03-22 15:28:17,2,6,4115,8620
2023-03-22 15:28:17,2,4,4115,8620
2023-03-22 15:28:17,2,4,4115,8635
2023-03-22 15:28:17,2,5,4115,8635
2023-03-22 15:28:17,2,6,4115,8635
2023-03-22 15:28:18,2,5,4115,8635
2023-03-22 15:28:26,2,6,4115,8635
2023-03-22 15:28:27,2,5,4115,8635
2023-03-22 15:28:28,2,6,4115,8635
2023-03-22 15:28:29,2,5,4115,8635
2023-03-22 15:28:29,2,6,4115,8635
2023-03-22 15:28:30,2,5,4115,8635
2023-03-22 15:28:38,2,6,4115,8635
2023-03-22 15:28:38,2,5,4115,8635
2023-03-22 15:28:50,2,6,4115,8635
2023-03-22 15:29:15,2,5,4115,8635
2023-03-22 15:29:16,2,6,4115,8635
2023-03-22 15:29:22,2,5,4115,8635
2023-03-22 15:29:27,2,6,4115,8635
2023-03-22 15:29:47,2,5,4115,8635
2023-03-22 15:29:48,2,6,4115,8635
2023-03-22 15:30:10,2,5,4115,8635
2023-03-22 15:30:10,2,6,4115,8635
2023-03-22 15:30:17,2,5,4115,8652
2023-03-22 15:30:18,2,6,4115,8652
2023-03-22 15:31:40,2,5,4115,8652
2023-03-22 15:31:40,2,6,4115,8652
2023-03-22 15:34:41,2,5,4115,8652
2023-03-22 15:34:43,2,6,4115,8652
2023-03-22 15:36:24,2,5,4115,8652
2023-03-22 15:36:25,2,6,4115,8652
2023-03-22 15:37:36,3,6,4115,8652
2023-03-22 15:38:23,3,6,4137,8674
2023-03-22 15:40:31,3,6,4147,8684
2023-03-22 15:40:31,3,5,4147,8684
2023-03-22 15:40:31,3,6,4147,8684
2023-03-22 15:40:31,3,5,4160,8697
2023-03-22 15:40:31,3,5,4173,8710
2023-03-22 15:40:31,3,6,4173,8710
2023-03-22 15:43:07,3,5,4173,8710
2023-03-22 15:43:09,3,6,4173,8710
2023-03-22 15:44:11,2,6,4181,8718
2023-03-22 15:45:47,3,6,4181,8718
2023-03-22 15:46:49,2,6,4181,8718
2023-03-22 15:47:08,3,6,4181,8718
2023-03-22 15:47:30,3,6,4181,8818
2023-03-22 15:47:50,3,4,4181,8818
2023-03-22 15:47:55,4,6,4181,8868
2023-03-22 15:48:11,3,7,4181,8868
2023-03-22 15:48:18,6,7,4181,8868
2023-03-22 15:48:20,7,10,4271,8996
2023-03-22 15:48:31,6,10,4271,8996
2023-03-22 15:48:31,4,10,4271,8996
2023-03-22 15:48:37,7,10,4271,8996
2023-03-22 15:48:53,7,10,4371,9096
2023-03-22 15:48:54,6,7,4382,9107
2023-03-22 15:48:55,4,7,4382,9107
2023-03-22 15:48:58,6,7,4382,9107
2023-03-22 15:49:02,7,10,4382,9196
2023-03-22 15:49:04,7,10,4382,9201
2023-03-22 15:49:04,7,19,4382,9201
2023-03-22 15:49:04,8,19,4382,9201
2023-03-22 15:49:04,8,12,4382,9201
2023-03-22 15:49:05,8,11,4382,9201
2023-03-22 15:49:05,7,11,4382,9201
2023-03-22 15:49:08,7,10,4382,9201
2023-03-22 15:49:41,4,10,4382,9201
2023-03-22 15:49:41,5,10,4382,9201
2023-03-22 15:49:42,6,9,4382,9201
2023-03-22 15:49:53,5,9,4382,9201
2023-03-22 15:49:57,5,8,4382,9201
2023-03-22 15:49:58,4,8,4382,9201
2023-03-22 15:50:00,5,8,4382,9201
2023-03-22 15:50:00,5,7,4382,9201
2023-03-22 15:50:00,5,7,4382,9254
2023-03-22 15:50:01,7,11,4382,9353
2023-03-22 15:50:02,5,11,4382,9452
2023-03-22 15:50:02,5,8,4382,9452
2023-03-22 15:50:02,5,7,4382,9452
2023-03-22 15:50:08,5,7,4382,9487
2023-03-22 15:50:08,5,8,4382,9487
2023-03-22 15:50:08,2,8,4382,9487
2023-03-22 15:50:08,2,7,4382,9487
2023-03-22 15:50:09,2,7,4382,9487
2023-03-22 15:50:15,2,7,4382,9487
2023-03-22 15:50:15,2,6,4382,9487
2023-03-22 15:50:17,3,6,4382,9487
2023-03-22 15:50:22,2,7,4382,9487
2023-03-22 15:50:22,2,6,4382,9487
2023-03-22 15:50:24,2,7,4382,9487
2023-03-22 15:50:24,3,7,4382,9487
2023-03-22 15:50:34,2,7,4382,9487
2023-03-22 15:50:35,3,6,4382,9487
2023-03-22 15:50:36,3,7,4382,9487
2023-03-22 15:50:45,4,7,4382,9487
2023-03-22 15:51:03,4,6,4382,9487
2023-03-22 15:51:04,5,6,4382,9487
2023-03-22 15:51:04,5,7,4382,9487
2023-03-22 15:51:04,5,8,4382,9487
2023-03-22 15:51:09,4,8,4382,9487
2023-03-22 15:51:09,6,9,4382,9487
2023-03-22 15:51:15,6,8,4382,9487
2023-03-22 15:51:16,6,9,4382,9487
2023-03-22 15:51:22,7,9,4382,9487
2023-03-22 15:51:22,7,11,4382,9487
2023-03-22 15:51:23,7,10,4382,9487
2023-03-22 15:51:37,7,11,4382,9487
2023-03-22 15:51:39,7,10,4382,9487
2023-03-22 15:51:48,7,11,4382,9487
2023-03-22 15:52:03,2,11,4382,9487
2023-03-22 15:52:03,6,11,4382,9487
2023-03-22 15:52:04,6,11,4382,9487
2023-03-22 15:52:04,6,13,4382,9487
2023-03-22 15:52:05,9,12,4382,9487
2023-03-22 15:52:06,9,13,4382,9487
2023-03-22 15:52:06,7,13,4382,9487
2023-03-22 15:52:07,6,11,4382,9487
2023-03-22 15:52:07,8,11,4382,9487
2023-03-22 15:52:11,8,13,4382,9487
2023-03-22 15:52:17,3,13,4382,9487
2023-03-22 15:52:19,8,13,4382,9487
2023-03-22 15:52:20,11,14,4382,9487
2023-03-22 15:52:21,11,15,4382,9487
2023-03-22 15:52:23,8,15,4382,9487
2023-03-22 15:52:25,13,15,4382,9487
2023-03-22 15:52:25,13,17,4382,9487
2023-03-22 15:52:30,13,16,4382,9487
2023-03-22 15:52:32,13,17,4382,9487
2023-03-22 15:52:34,14,17,4382,9487
2023-03-22 15:52:45,12,17,4382,9487
2023-03-22 15:52:50,12,19,4382,9487
2023-03-22 15:52:50,4,19,4382,9487
2023-03-22 15:52:50,16,19,4382,9487
2023-03-22 15:52:52,14,19,4382,9487
2023-03-22 15:52:53,15,18,4382,9487
2023-03-22 15:52:53,15,19,4382,9487
2023-03-22 15:52:58,14,19,4382,9487
2023-03-22 15:52:58,14,19,4382,9487
2023-03-22 15:53:00,14,19,4382,9487
2023-03-22 15:53:02,17,20,4382,9487
2023-03-22 15:53:05,7,20,4382,9487
2023-03-22 15:53:05,16,20,4382,9487
2023-03-22 15:53:06,19,20,4382,9487
2023-03-22 15:53:13,16,20,4382,9487
2023-03-22 15:53:13,22,23,4182,9687
2023-03-22 15:53:13,22,25,4182,9687
2023-03-22 15:53:13,22,24,4182,9687
2023-03-22 15:53:13,20,24,4182,9687
2023-03-22 15:53:13,20,24,4182,9687
2023-03-22 15:53:17,20,24,4182,9724
2023-03-22 15:53:17,21,24,4182,9724
2023-03-22 15:53:21,22,24,4182,9724
2023-03-22 15:53:22,22,24,4182,9765
2023-03-22 15:53:22,23,24,4182,9765
2023-03-22 15:53:22,23,25,4182,9765
2023-03-22 15:53:22,23,26,4182,9765
2023-03-22 15:53:26,24,26,4182,9765
2023-03-22 15:53:26,24,26,4182,9765
2023-03-22 15:53:27,25,26,4182,9765
2023-03-22 15:53:27,25,28,4182,9765
2023-03-22 15:53:28,24,28,4189,9814
2023-03-22 15:53:28,24,27,4189,9814
2023-03-22 15:53:35,23,27,4224,9849
2023-03-22 15:53:35,24,27,4224,9849
2023-03-22 15:53:43,25,27,4224,9849
2023-03-22 15:53:43,25,28,4224,9849
2023-03-22 15:53:44,25,31,4182,9949
2023-03-22 15:53:44,27,31,4182,9949
2023-03-22 15:53:45,25,31,4213,10038
2023-03-22 15:53:46,25,29,4213,10038
2023-03-22 15:53:47,26,29,4213,10038
2023-03-22 15:53:48,25,29,4213,10038
2023-03-22 15:53:50,25,28,4213,10038
2023-03-22 15:53:51,25,29,4213,10038
2023-03-22 15:53:51,26,29,4213,10038
2023-03-22 15:53:52,25,29,4213,10038
2023-03-22 15:53:54,25,29,4407,10232
2023-03-22 15:53:54,25,29,4456,10281
2023-03-22 15:53:54,24,29,4456,10281
2023-03-22 15:53:54,23,27,4456,10281
2023-03-22 15:53:57,23,25,4456,10281
2023-03-22 15:53:57,22,25,4456,10281
2023-03-22 15:53:58,15,25,4456,10281
2023-03-22 15:54:01,18,21,4456,10281
2023-03-22 15:54:02,18,22,4456,10281
2023-03-22 15:54:03,18,21,4456,10281
2023-03-22 15:54:05,18,22,4456,10281
2023-03-22 15:54:10,18,21,4456,10281
2023-03-22 15:54:11,15,21,4456,10281
2023-03-22 15:54:11,16,20,4456,10281
2023-03-22 15:54:15,16,18,4456,10281
2023-03-22 15:54:16,15,18,4456,10281
2023-03-22 15:54:19,15,20,4456,10281
2023-03-22 15:54:20,20,22,4456,10281
2023-03-22 15:54:20,20,24,4456,10281
2023-03-22 15:54:22,18,24,4456,10281
2023-03-22 15:54:22,18,23,4456,10281
2023-03-22 15:54:23,18,24,4456,10281
2023-03-22 15:54:29,22,24,4456,10281
2023-03-22 15:54:29,22,27,4456,10281
2023-03-22 15:54:32,20,26,4456,10281
2023-03-22 15:54:33,20,24,4456,10281
2023-03-22 15:54:36,22,24,4456,10281
2023-03-22 15:54:46,22,28,4456,10281
2023-03-22 15:54:47,22,28,4456,10281
2023-03-22 15:54:48,22,28,4456,10281
2023-03-22 15:54:48,22,26,4456,10281
2023-03-22 15:54:50,24,26,4456,10281
2023-03-22 15:54:51,24,28,4456,10281
2023-03-22 15:54:51,24,31,4456,10281
2023-03-22 15:54:52,16,31,4456,10281
2023-03-22 15:54:52,20,31,4456,10281
2023-03-22 15:54:52,24,29,4456,10281
2023-03-22 15:54:59,24,27,4456,10281
2023-03-22 15:55:00,18,27,4456,10281
2023-03-22 15:55:00,18,24,4456,10281
2023-03-22 15:55:01,19,27,4456,10281
2023-03-22 15:55:01,23,27,4456,10281
2023-03-22 15:55:03,23,31,4456,10281
2023-03-22 15:55:03,27,31,4456,10281
2023-03-22 15:55:04,27,31,4505,10330
2023-03-22 15:55:05,27,36,4505,10330
2023-03-22 15:55:12,27,39,4505,10330
2023-03-22 15:55:12,33,39,4505,10330
2023-03-22 15:55:12,33,38,4505,10330
2023-03-22 15:55:16,33,41,4505,10330
2023-03-22 15:55:16,33,44,4505,10330
2023-03-22 15:55:16,39,44,4505,10330
2023-03-22 15:55:16,39,43,4505,10330
2023-03-22 15:55:16,39,44,4505,10330
2023-03-22 15:55:17,39,47,4505,10330
2023-03-22 15:55:17,42,50,4505,10330
2023-03-22 15:55:17,42,44,4505,10330
2023-03-22 15:55:20,46,50,4507,10332
2023-03-22 15:55:20,46,49,4507,10332
2023-03-22 15:55:21,44,49,4507,10332
2023-03-22 15:55:21,48,50,4507,10332
2023-03-22 15:55:22,48,50,4399,10440
2023-03-22 15:55:24,48,50,4399,10515
2023-03-22 15:55:25,47,50,4399,10515
2023-03-22 15:55:27,45,54,4382,10532
2023-03-22 15:55:27,45,54,4275,10639
2023-03-22 15:55:28,50,54,4275,10639
2023-03-22 15:55:29,50,57,4275,10639
2023-03-22 15:55:29,53,57,4275,10639
2023-03-22 15:55:30,53,58,4275,10639
2023-03-22 15:55:30,55,58,4275,10639
2023-03-22 15:55:32,55,57,4275,10639
2023-03-22 15:55:33,52,57,4275,10639
2023-03-22 15:55:33,52,57,4179,10735
2023-03-22 15:55:34,52,55,4179,10735
2023-03-22 15:55:35,27,55,4179,10735
2023-03-22 15:55:35,42,55,4179,10735
2023-03-22 15:55:35,46,51,4179,10735
2023-03-22 15:55:36,46,50,4179,10735
2023-03-22 15:55:36,38,47,4179,10735
2023-03-22 15:55:38,38,47,4179,10735
2023-03-22 15:55:38,28,47,4179,10735
2023-03-22 15:55:38,40,45,4179,10735
2023-03-22 15:55:41,40,45,4265,10821
2023-03-22 15:55:42,38,45,4382,10938
2023-03-22 15:55:43,38,44,4382,10938
2023-03-22 15:55:43,38,41,4382,10938
2023-03-22 15:55:45,38,44,4382,10938
2023-03-22 15:55:48,38,42,4382,10938
2023-03-22 15:55:49,38,41,4382,10938
2023-03-22 15:55:50,38,40,4382,10938
2023-03-22 15:55:51,28,40,4254,11066
2023-03-22 15:55:51,16,44,4125,11195
2023-03-22 15:55:56,16,29,4125,11195
2023-03-22 15:55:57,16,50,4125,11195
2023-03-22 15:55:57,27,50,4125,11338
2023-03-22 15:55:57,27,49,4125,11338
2023-03-22 15:56:02,16,50,4125,11338
2023-03-22 15:56:06,32,50,4125,11338
2023-03-22 15:56:07,32,45,4125,11338
2023-03-22 15:56:29,32,44,4125,11338
2023-03-22 15:56:32,12,32,3997,11466
2023-03-22 15:56:39,12,33,3997,11466
2023-03-22 15:56:42,12,32,3997,11466
2023-03-22 15:56:56,12,31,3997,11466
2023-03-22 15:56:56,12,30,3997,11466
2023-03-22 15:56:57,12,31,3997,11466
2023-03-22 15:56:59,12,18,3997,11466
2023-03-22 15:57:01,12,31,4125,11594
2023-03-22 15:57:09,9,31,4125,11594
2023-03-22 15:57:24,11,31,4125,11594
2023-03-22 15:57:34,11,50,4125,11594
2023-03-22 15:57:35,11,49,4125,11594
2023-03-22 15:57:49,21,49,4125,11594
2023-03-22 15:57:53,11,49,4125,11594
2023-03-22 15:58:15,16,49,4125,11594
2023-03-22 15:58:26,11,49,4125,11594
2023-03-22 15:58:37,15,49,4125,11594
2023-03-22 15:58:41,31,49,4125,11594
2023-03-22 15:58:52,31,50,4125,11594
2023-03-22 15:58:55,50,88,4125,11794
2023-03-22 15:58:55,50,87,4125,11794
2023-03-22 15:58:56,31,87,4126,11795
2023-03-22 15:58:56,31,50,4126,11795
2023-03-22 15:59:05,31,88,4126,11795
2023-03-22 15:59:07,63,88,4126,11795
2023-03-22 15:59:07,63,77,4126,11795
2023-03-22 15:59:09,63,88,4126,11795
2023-03-22 15:59:19,63,89,4126,11801
2023-03-22 15:59:19,63,97,4126,11801
2023-03-22 15:59:19,63,96,4126,11801
2023-03-22 15:59:22,63,80,4126,11801
2023-03-22 15:59:25,63,80,4061,11866
2023-03-22 15:59:25,63,99,3904,12023
2023-03-22 15:59:25,63,98,3904,12023
2023-03-22 15:59:31,63,99,3904,12023
2023-03-22 15:59:37,63,98,3904,12082
2023-03-22 15:59:37,63,99,3904,12082
2023-03-22 15:59:38,63,100,3904,12082
2023-03-22 15:59:38,63,99,3904,12082
2023-03-22 15:59:39,97,99,3904,12082
2023-03-22 15:59:42,97,99,3904,12172
2023-03-22 15:59:49,97,100,3945,12213
2023-03-22 15:59:49,97,99,3945,12213
2023-03-22 15:59:50,97,100,3945,12213
