datetime,bid,ask,open_interest,volume
2023-03-22 09:30:38,10,19,168,168
2023-03-22 09:31:04,13,19,168,168
2023-03-22 09:31:04,13,17,168,168
2023-03-22 09:37:16,13,14,168,168
2023-03-22 09:37:38,13,16,168,168
2023-03-22 09:37:39,13,14,168,168
2023-03-22 09:38:16,13,15,168,168
2023-03-22 09:38:28,13,17,168,168
2023-03-22 09:38:29,13,15,168,168
2023-03-22 09:38:38,13,17,168,168
2023-03-22 09:38:38,13,15,168,168
2023-03-22 09:39:14,13,17,168,168
2023-03-22 09:39:14,13,15,168,168
2023-03-22 09:39:27,13,17,168,168
2023-03-22 09:39:28,13,15,168,168
2023-03-22 09:40:19,13,17,168,168
2023-03-22 09:40:19,14,17,168,168
2023-03-22 09:40:20,14,15,168,168
2023-03-22 09:40:42,14,17,168,168
2023-03-22 09:40:43,14,15,168,168
2023-03-22 09:40:51,14,17,168,168
2023-03-22 09:40:51,14,15,168,168
2023-03-22 09:41:27,14,17,168,168
2023-03-22 09:41:28,14,15,168,168
2023-03-22 09:42:29,14,17,168,168
2023-03-22 09:42:29,14,15,168,168
2023-03-22 09:42:50,14,17,168,168
2023-03-22 09:42:50,14,15,168,168
2023-03-22 09:43:38,14,17,168,168
2023-03-22 09:43:38,14,15,168,168
2023-03-22 09:44:15,14,17,168,168
2023-03-22 09:44:15,14,15,168,168
2023-03-22 09:44:37,14,17,168,168
2023-03-22 09:44:38,14,15,168,168
2023-03-22 09:44:49,14,17,168,168
2023-03-22 09:44:49,14,15,168,168
2023-03-22 09:45:28,14,17,168,168
2023-03-22 09:45:29,14,15,168,168
2023-03-22 09:45:50,14,17,168,168
2023-03-22 09:45:51,14,15,168,168
2023-03-22 09:46:16,14,17,168,168
2023-03-22 09:46:16,14,15,168,168
2023-03-22 09:46:25,14,17,168,168
2023-03-22 09:46:25,14,15,168,168
2023-03-22 09:46:37,14,17,168,168
2023-03-22 09:46:37,14,15,168,168
2023-03-22 09:46:48,14,17,168,168
2023-03-22 09:46:48,14,15,168,168
2023-03-22 09:47:27,14,17,168,168
2023-03-22 09:47:27,14,15,168,168
2023-03-22 09:48:16,14,17,168,168
2023-03-22 09:48:17,14,15,168,168
2023-03-22 09:48:38,14,17,168,168
2023-03-22 09:48:39,14,15,168,168
2023-03-22 09:48:47,14,17,168,168
2023-03-22 09:48:48,14,15,168,168
2023-03-22 09:49:38,14,17,168,168
2023-03-22 09:49:39,14,15,168,168
2023-03-22 09:50:28,14,17,168,168
2023-03-22 09:50:29,14,15,168,168
2023-03-22 09:50:50,14,17,168,168
2023-03-22 09:50:50,14,15,168,168
2023-03-22 09:51:17,14,17,168,168
2023-03-22 09:51:17,14,15,168,168
2023-03-22 09:51:26,14,17,168,168
2023-03-22 09:51:26,14,15,168,168
2023-03-22 09:52:02,14,16,186,186
2023-03-22 09:52:08,15,16,186,186
2023-03-22 09:52:14,15,17,186,186
2023-03-22 09:52:15,15,17,222,222
2023-03-22 09:52:26,15,17,240,240
2023-03-22 09:52:28,15,17,258,258
2023-03-22 09:52:37,15,16,258,258
2023-03-22 09:52:50,15,17,258,258
2023-03-22 09:52:50,15,16,258,258
2023-03-22 09:54:15,15,17,258,258
2023-03-22 09:54:16,15,16,258,258
2023-03-22 09:56:15,15,17,258,258
2023-03-22 09:56:16,15,16,258,258
2023-03-22 09:56:39,15,17,258,258
2023-03-22 09:56:39,15,16,258,258
2023-03-22 09:56:58,15,17,445,445
2023-03-22 09:57:46,15,16,445,445
2023-03-22 10:06:49,15,17,455,455
2023-03-22 10:07:16,15,16,455,455
2023-03-22 10:08:17,15,17,455,455
2023-03-22 10:09:38,15,16,455,455
2023-03-22 10:11:16,15,17,455,455
2023-03-22 10:11:40,15,16,455,455
2023-03-22 10:12:14,15,17,455,455
2023-03-22 10:12:14,15,16,455,455
2023-03-22 10:12:27,15,17,455,455
2023-03-22 10:12:28,15,16,455,455
2023-03-22 10:14:16,15,17,455,455
2023-03-22 10:14:16,15,16,455,455
2023-03-22 10:14:28,15,17,455,455
2023-03-22 10:14:28,15,16,455,455
2023-03-22 10:15:16,15,17,455,455
2023-03-22 10:15:17,15,16,455,455
2023-03-22 10:15:50,15,17,455,455
2023-03-22 10:15:50,15,16,455,455
2023-03-22 10:17:16,15,17,455,455
2023-03-22 10:17:16,15,16,455,455
2023-03-22 10:17:27,15,17,455,455
2023-03-22 10:17:27,15,16,455,455
2023-03-22 10:17:41,15,17,455,455
2023-03-22 10:17:41,15,16,455,455
2023-03-22 10:19:38,15,17,455,455
2023-03-22 10:19:39,15,16,455,455
2023-03-22 10:19:49,15,17,455,455
2023-03-22 10:19:49,15,16,455,455
2023-03-22 10:20:18,15,17,455,455
2023-03-22 10:20:19,15,16,455,455
2023-03-22 10:20:39,15,17,455,455
2023-03-22 10:20:39,15,16,455,455
2023-03-22 10:21:17,15,17,455,455
2023-03-22 10:21:50,15,16,455,455
2023-03-22 10:21:53,16,17,478,478
2023-03-22 10:29:37,16,17,700,700
2023-03-22 10:34:48,14,16,828,828
2023-03-22 10:35:15,15,17,828,828
2023-03-22 10:36:27,15,16,828,828
2023-03-22 10:40:01,15,17,828,828
2023-03-22 10:52:19,16,17,828,828
2023-03-22 10:52:28,15,16,956,956
2023-03-22 10:52:49,15,17,956,956
2023-03-22 10:53:07,16,17,956,956
2023-03-22 11:02:56,15,17,1084,1084
2023-03-22 11:05:17,14,17,1084,1084
2023-03-22 11:14:08,16,17,1084,1084
2023-03-22 11:14:13,14,16,1212,1212
2023-03-22 11:14:28,14,17,1212,1212
2023-03-22 11:14:47,15,17,1212,1212
2023-03-22 11:16:36,16,17,1212,1212
2023-03-22 12:13:57,15,16,1345,1345
2023-03-22 12:14:26,15,17,1345,1345
2023-03-22 12:15:36,16,17,1345,1345
2023-03-22 12:17:29,15,17,1345,1345
2023-03-22 12:22:58,14,17,1345,1345
2023-03-22 12:24:13,15,17,1345,1345
2023-03-22 12:25:33,15,16,1345,1345
2023-03-22 12:45:15,15,17,1345,1345
2023-03-22 12:45:23,15,16,1345,1345
2023-03-22 12:47:45,14,16,1345,1345
2023-03-22 12:49:27,14,16,1345,1346
2023-03-22 12:50:15,15,16,1345,1346
2023-03-22 12:52:17,15,16,1345,1412
2023-03-22 12:59:10,16,17,1345,1567
2023-03-22 12:59:14,15,16,1506,1728
2023-03-22 12:59:22,15,17,1506,1728
2023-03-22 13:02:09,15,17,1520,1742
2023-03-22 13:02:11,14,17,1520,1742
2023-03-22 13:04:09,14,17,1662,1884
2023-03-22 13:07:30,15,17,1662,1884
2023-03-22 13:09:03,14,17,1662,1884
2023-03-22 13:09:16,14,16,1662,1884
2023-03-22 13:09:27,14,17,1662,1884
2023-03-22 13:09:27,14,16,1662,1884
2023-03-22 13:09:38,14,17,1662,1884
2023-03-22 13:09:39,14,16,1662,1884
2023-03-22 13:10:16,14,17,1662,1884
2023-03-22 13:10:16,14,16,1662,1884
2023-03-22 13:10:41,14,17,1662,1884
2023-03-22 13:10:42,14,16,1662,1884
2023-03-22 13:10:55,14,17,1662,1884
2023-03-22 13:10:55,14,16,1662,1884
2023-03-22 13:11:27,14,17,1662,1884
2023-03-22 13:11:27,14,16,1662,1884
2023-03-22 13:12:12,15,16,1662,1884
2023-03-22 13:12:16,15,17,1662,1884
2023-03-22 13:12:16,15,16,1662,1884
2023-03-22 13:12:51,15,17,1662,1884
2023-03-22 13:12:51,15,16,1662,1884
2023-03-22 13:13:26,15,17,1662,1884
2023-03-22 13:13:26,15,16,1662,1884
2023-03-22 13:13:49,15,17,1662,1884
2023-03-22 13:13:49,15,16,1662,1884
2023-03-22 13:14:15,15,17,1662,1884
2023-03-22 13:14:15,15,16,1662,1884
2023-03-22 13:15:17,15,17,1662,1884
2023-03-22 13:15:17,15,16,1662,1884
2023-03-22 13:20:28,15,17,1662,1884
2023-03-22 13:20:28,15,16,1662,1884
2023-03-22 13:26:17,15,17,1662,1884
2023-03-22 13:26:17,15,16,1662,1884
2023-03-22 13:27:15,15,17,1662,1884
2023-03-22 13:27:16,15,16,1662,1884
2023-03-22 13:29:27,15,17,1662,1884
2023-03-22 13:29:27,15,16,1662,1884
2023-03-22 13:30:18,15,17,1662,1884
2023-03-22 13:30:18,15,16,1662,1884
2023-03-22 13:30:28,15,17,1662,1884
2023-03-22 13:30:28,15,16,1662,1884
2023-03-22 13:31:17,15,17,1662,1884
2023-03-22 13:31:17,15,17,1681,1903
2023-03-22 13:31:28,15,16,1681,1903
2023-03-22 13:32:16,15,17,1681,1903
2023-03-22 13:32:16,15,16,1681,1903
2023-03-22 13:32:28,15,17,1681,1903
2023-03-22 13:32:28,15,16,1681,1903
2023-03-22 13:33:27,15,17,1681,1903
2023-03-22 13:33:27,15,16,1681,1903
2023-03-22 13:34:15,15,17,1681,1903
2023-03-22 13:34:16,15,16,1681,1903
2023-03-22 13:34:51,15,17,1681,1903
2023-03-22 13:34:52,15,16,1681,1903
2023-03-22 13:35:29,15,17,1681,1903
2023-03-22 13:35:29,15,17,1700,1922
2023-03-22 13:35:40,15,16,1700,1922
2023-03-22 13:36:28,15,17,1700,1922
2023-03-22 13:36:28,15,16,1700,1922
2023-03-22 13:37:14,15,17,1700,1922
2023-03-22 13:37:14,15,17,1718,1940
2023-03-22 13:37:14,16,17,1718,1940
2023-03-22 13:37:26,15,16,1846,2068
2023-03-22 13:37:37,15,17,1846,2068
2023-03-22 13:37:37,15,16,1846,2068
2023-03-22 13:38:28,15,17,1846,2068
2023-03-22 13:38:28,15,16,1846,2068
2023-03-22 13:38:40,15,17,1846,2068
2023-03-22 13:38:40,15,16,1846,2068
2023-03-22 13:38:53,15,17,1846,2068
2023-03-22 13:38:53,15,16,1846,2068
2023-03-22 13:39:15,15,17,1846,2068
2023-03-22 13:39:15,15,16,1846,2068
2023-03-22 13:39:52,15,17,1846,2068
2023-03-22 13:39:52,15,16,1846,2068
2023-03-22 13:41:26,15,17,1846,2068
2023-03-22 13:41:26,15,16,1846,2068
2023-03-22 13:42:16,14,17,1846,2068
2023-03-22 13:42:17,14,16,1846,2068
2023-03-22 13:48:29,14,17,1846,2068
2023-03-22 13:50:57,16,17,1846,2068
2023-03-22 13:53:50,16,17,1846,2192
2023-03-22 14:00:59,16,20,1846,2639
2023-03-22 14:01:33,19,20,1846,2639
2023-03-22 14:01:38,16,19,1974,2767
2023-03-22 14:02:01,16,20,1974,2767
2023-03-22 14:02:09,19,20,1974,2767
2023-03-22 14:02:12,16,19,2102,2895
2023-03-22 14:02:38,18,20,2102,2895
2023-03-22 14:03:05,19,20,2102,2895
2023-03-22 14:05:17,18,20,2230,3023
2023-03-22 14:05:17,18,20,2244,3037
2023-03-22 14:05:37,18,20,2321,3114
2023-03-22 14:05:37,18,19,2321,3114
2023-03-22 14:05:37,18,20,2321,3114
2023-03-22 14:05:47,19,20,2321,3114
2023-03-22 14:06:41,19,20,2435,3228
2023-03-22 14:06:41,17,20,2486,3279
2023-03-22 14:07:10,19,20,2486,3279
2023-03-22 14:08:33,19,24,2502,3299
2023-03-22 14:09:41,23,24,2502,3299
2023-03-22 14:09:45,19,23,2630,3427
2023-03-22 14:10:24,19,25,2630,3427
2023-03-22 14:10:25,19,24,2630,3427
2023-03-22 14:11:02,20,24,2630,3427
2023-03-22 14:11:24,19,20,2730,3527
2023-03-22 14:11:28,19,24,2730,3527
2023-03-22 14:11:28,19,23,2730,3527
2023-03-22 14:11:31,19,28,2858,3655
2023-03-22 14:11:31,19,27,2858,3655
2023-03-22 14:11:31,19,28,2858,3655
2023-03-22 14:12:13,19,29,2986,3783
2023-03-22 14:12:14,19,33,3091,3888
2023-03-22 14:12:14,19,32,3091,3888
2023-03-22 14:12:34,19,23,3091,3888
2023-03-22 14:12:35,19,33,3271,4068
2023-03-22 14:12:35,19,27,3376,4173
2023-03-22 14:12:38,19,33,3376,4173
2023-03-22 14:12:38,19,32,3376,4173
2023-03-22 14:12:55,19,20,3376,4173
2023-03-22 14:12:55,19,33,3381,4178
2023-03-22 14:12:55,19,32,3381,4178
2023-03-22 14:13:18,20,32,3381,4178
2023-03-22 14:13:21,30,32,3381,4178
2023-03-22 14:13:21,30,32,3495,4292
2023-03-22 14:13:21,30,33,3495,4292
2023-03-22 14:13:24,20,30,3509,4306
2023-03-22 14:13:27,20,33,3509,4306
2023-03-22 14:13:28,20,32,3509,4306
2023-03-22 14:13:29,20,21,3509,4306
2023-03-22 14:13:30,20,23,3557,4354
2023-03-22 14:13:37,20,33,3695,4492
2023-03-22 14:13:37,20,32,3695,4492
2023-03-22 14:13:38,20,33,3695,4492
2023-03-22 14:13:38,20,23,3695,4492
2023-03-22 14:13:38,20,22,3695,4492
2023-03-22 14:13:38,19,20,3695,4502
2023-03-22 14:13:43,19,22,3698,4505
2023-03-22 14:13:43,19,23,3798,4605
2023-03-22 14:13:51,19,28,3858,4665
2023-03-22 14:14:05,22,28,3858,4665
2023-03-22 14:14:10,19,22,3986,4793
2023-03-22 14:14:11,19,28,4058,4865
2023-03-22 14:14:20,20,28,4058,4865
2023-03-22 14:14:47,20,23,4058,4865
2023-03-22 14:14:48,20,28,4118,4925
2023-03-22 14:14:48,22,28,4118,4925
2023-03-22 14:14:52,20,22,4246,5053
2023-03-22 14:14:53,20,28,4318,5125
2023-03-22 14:14:57,20,28,4328,5135
2023-03-22 14:15:06,22,28,4328,5135
2023-03-22 14:15:09,20,22,4338,5145
2023-03-22 14:15:10,20,22,4452,5259
2023-03-22 14:15:19,20,28,4452,5259
2023-03-22 14:15:19,20,25,4452,5259
2023-03-22 14:15:19,20,22,4452,5259
2023-03-22 14:15:22,21,22,4452,5259
2023-03-22 14:15:22,21,24,4512,5319
2023-03-22 14:15:27,21,22,4512,5319
2023-03-22 14:15:32,21,24,4560,5367
2023-03-22 14:15:39,21,25,4560,5367
2023-03-22 14:15:39,21,28,4560,5367
2023-03-22 14:15:39,21,23,4560,5367
2023-03-22 14:15:50,21,24,4560,5367
2023-03-22 14:15:50,21,23,4560,5367
2023-03-22 14:16:15,21,24,4560,5367
2023-03-22 14:16:15,21,22,4560,5367
2023-03-22 14:16:52,21,24,4560,5367
2023-03-22 14:16:53,21,23,4560,5367
2023-03-22 14:17:17,19,23,4560,5367
2023-03-22 14:17:17,21,23,4560,5367
2023-03-22 14:17:39,19,23,4560,5367
2023-03-22 14:17:40,21,23,4560,5367
2023-03-22 14:18:28,19,23,4560,5367
2023-03-22 14:18:28,18,23,4560,5367
2023-03-22 14:18:29,21,23,4560,5367
2023-03-22 14:18:56,22,23,4560,5367
2023-03-22 14:18:56,22,24,4620,5427
2023-03-22 14:19:07,22,23,4620,5427
2023-03-22 14:19:08,22,24,4680,5487
2023-03-22 14:19:14,22,28,4680,5487
2023-03-22 14:19:15,22,26,4680,5487
2023-03-22 14:19:15,22,24,4680,5487
2023-03-22 14:19:25,22,26,4680,5487
2023-03-22 14:19:25,22,24,4680,5487
2023-03-22 14:19:42,22,24,4808,5618
2023-03-22 14:21:16,20,24,4808,5618
2023-03-22 14:21:16,22,24,4808,5618
2023-03-22 14:21:25,20,24,4808,5618
2023-03-22 14:21:25,22,24,4808,5618
2023-03-22 14:21:38,21,24,4808,5618
2023-03-22 14:21:38,22,24,4808,5618
2023-03-22 14:21:50,21,24,4808,5618
2023-03-22 14:21:50,22,24,4808,5618
2023-03-22 14:22:17,21,24,4808,5618
2023-03-22 14:22:17,22,24,4808,5618
2023-03-22 14:22:39,21,24,4808,5618
2023-03-22 14:22:40,22,24,4808,5618
2023-03-22 14:22:52,21,24,4808,5618
2023-03-22 14:22:52,22,24,4808,5618
2023-03-22 14:23:06,21,22,4808,5694
2023-03-22 14:23:07,20,24,4932,5818
2023-03-22 14:23:27,19,24,4932,5818
2023-03-22 14:23:27,20,24,4932,5818
2023-03-22 14:23:27,22,24,4932,5818
2023-03-22 14:23:32,20,22,4932,5881
2023-03-22 14:23:37,20,23,4932,5881
2023-03-22 14:23:39,22,23,4932,5881
2023-03-22 14:23:51,19,23,4932,5881
2023-03-22 14:23:51,21,23,4932,5881
2023-03-22 14:25:14,19,23,4932,5881
2023-03-22 14:25:15,21,23,4932,5881
2023-03-22 14:25:38,19,23,4932,5881
2023-03-22 14:25:38,21,23,4932,5881
2023-03-22 14:25:49,19,23,4932,5881
2023-03-22 14:25:49,21,23,4932,5881
2023-03-22 14:26:28,19,23,4932,5881
2023-03-22 14:26:28,20,23,4932,5881
2023-03-22 14:26:34,21,23,4932,5881
2023-03-22 14:27:13,20,23,4932,5881
2023-03-22 14:27:25,19,23,4932,5881
2023-03-22 14:27:48,19,24,4932,5881
2023-03-22 14:27:49,20,24,4932,5881
2023-03-22 14:27:49,20,22,4932,5881
2023-03-22 14:28:15,19,22,4932,5881
2023-03-22 14:28:16,20,22,4932,5881
2023-03-22 14:28:27,19,22,4932,5881
2023-03-22 14:28:27,20,22,4932,5881
2023-03-22 14:28:39,19,22,4932,5881
2023-03-22 14:28:39,19,24,4932,5881
2023-03-22 14:28:39,19,22,4932,5881
2023-03-22 14:28:50,19,24,4932,5881
2023-03-22 14:28:50,19,22,4932,5881
2023-03-22 14:29:39,19,23,4932,5881
2023-03-22 14:29:39,19,21,4932,5881
2023-03-22 14:29:59,20,21,4932,5881
2023-03-22 14:29:59,20,23,5040,5989
2023-03-22 14:30:17,20,22,5040,5989
2023-03-22 14:30:18,20,24,5172,6121
2023-03-22 14:30:27,20,22,5172,6121
2023-03-22 14:30:27,20,24,5207,6156
2023-03-22 14:30:40,20,22,5207,6156
2023-03-22 14:31:29,20,23,5207,6156
2023-03-22 14:31:29,20,22,5207,6156
2023-03-22 14:31:38,20,23,5207,6156
2023-03-22 14:31:38,20,22,5207,6156
2023-03-22 14:32:16,20,23,5207,6156
2023-03-22 14:32:27,19,23,5207,6156
2023-03-22 14:32:28,21,23,5207,6156
2023-03-22 14:32:55,21,22,5207,6156
2023-03-22 14:33:01,21,23,5224,6173
2023-03-22 14:33:08,20,23,5224,6173
2023-03-22 14:33:36,21,23,5224,6173
2023-03-22 14:33:50,20,23,5224,6173
2023-03-22 14:33:50,21,23,5224,6173
2023-03-22 14:34:16,20,23,5224,6173
2023-03-22 14:34:16,21,23,5224,6173
2023-03-22 14:34:39,20,23,5224,6173
2023-03-22 14:34:39,21,23,5224,6173
2023-03-22 14:34:51,20,23,5224,6173
2023-03-22 14:34:51,22,23,5224,6173
2023-03-22 14:35:16,22,24,5224,6173
2023-03-22 14:35:16,20,24,5224,6173
2023-03-22 14:35:16,22,24,5224,6173
2023-03-22 14:35:26,20,24,5219,6178
2023-03-22 14:35:26,20,23,5219,6178
2023-03-22 14:35:28,21,23,5219,6178
2023-03-22 14:35:32,20,23,5173,6224
2023-03-22 14:35:33,19,22,5078,6319
2023-03-22 14:35:40,21,22,5078,6319
2023-03-22 14:35:48,19,22,5078,6342
2023-03-22 14:35:52,20,22,5078,6342
2023-03-22 14:35:59,19,22,5041,6379
2023-03-22 14:36:11,19,22,4886,6534
2023-03-22 14:36:13,18,22,4886,6534
2023-03-22 14:36:16,20,22,4886,6534
2023-03-22 14:36:17,18,22,4871,6549
2023-03-22 14:36:18,18,21,4785,6635
2023-03-22 14:36:23,17,21,4185,7295
2023-03-22 14:36:23,17,21,4185,7372
2023-03-22 14:36:26,18,21,4185,7372
2023-03-22 14:36:29,17,21,4185,7372
2023-03-22 14:36:29,18,21,4185,7372
2023-03-22 14:36:38,17,21,4185,7372
2023-03-22 14:36:38,18,21,4185,7372
2023-03-22 14:36:50,17,21,4185,7372
2023-03-22 14:36:50,18,21,4185,7372
2023-03-22 14:36:52,18,19,4185,7372
2023-03-22 14:37:08,18,21,4185,7372
2023-03-22 14:37:10,18,21,4260,7584
2023-03-22 14:37:14,19,21,4260,7584
2023-03-22 14:37:18,20,21,4260,7584
2023-03-22 14:37:19,20,22,4284,7608
2023-03-22 14:37:25,20,23,4476,7800
2023-03-22 14:37:25,20,23,4580,7904
2023-03-22 14:37:33,20,23,4925,8249
2023-03-22 14:37:33,20,24,5009,8333
2023-03-22 14:37:36,20,25,5009,8333
2023-03-22 14:37:36,20,23,5009,8333
2023-03-22 14:37:45,21,23,5009,8333
2023-03-22 14:38:08,21,25,5041,8365
2023-03-22 14:38:16,21,23,5041,8365
2023-03-22 14:38:16,21,25,5054,8378
2023-03-22 14:38:27,21,25,5081,8405
2023-03-22 14:38:51,21,24,5081,8405
2023-03-22 14:38:52,21,25,5143,8467
2023-03-22 14:39:06,24,25,5143,8467
2023-03-22 14:39:16,24,25,5187,8511
2023-03-22 14:39:19,21,25,5187,8511
2023-03-22 14:39:26,21,24,5187,8511
2023-03-22 14:39:29,21,25,5222,8546
2023-03-22 14:39:37,22,25,5222,8546
2023-03-22 14:40:04,24,25,5222,8546
2023-03-22 14:40:06,24,26,5327,8651
2023-03-22 14:41:01,24,26,5342,8666
2023-03-22 14:41:15,25,26,5342,8666
2023-03-22 14:42:01,25,26,5342,8682
2023-03-22 14:42:04,23,26,5322,8702
2023-03-22 14:42:14,22,26,5322,8702
2023-03-22 14:42:14,24,26,5322,8702
2023-03-22 14:42:29,24,27,5322,8702
2023-03-22 14:42:32,22,24,5309,8715
2023-03-22 14:42:38,23,24,5309,8715
2023-03-22 14:42:40,23,27,5309,8715
2023-03-22 14:42:49,22,27,5309,8715
2023-03-22 14:42:49,22,28,5309,8715
2023-03-22 14:42:50,24,28,5309,8715
2023-03-22 14:42:50,24,27,5309,8715
2023-03-22 14:43:40,23,27,5309,8715
2023-03-22 14:43:40,24,27,5309,8715
2023-03-22 14:43:58,23,27,5252,8772
2023-03-22 14:44:04,23,24,5252,8772
2023-03-22 14:44:06,23,24,5116,8908
2023-03-22 14:44:17,23,26,5116,8908
2023-03-22 14:44:26,23,27,5116,8908
2023-03-22 14:44:26,23,26,5116,8908
2023-03-22 14:44:29,24,26,5116,8908
2023-03-22 14:44:29,24,26,5116,8963
2023-03-22 14:45:15,25,26,5116,8963
2023-03-22 14:45:15,25,28,5116,8963
2023-03-22 14:45:16,25,27,5116,8963
2023-03-22 14:45:38,25,28,5116,8963
2023-03-22 14:45:38,25,26,5116,8963
2023-03-22 14:46:04,25,26,4976,9103
2023-03-22 14:46:15,25,27,4976,9103
2023-03-22 14:46:15,25,26,4976,9103
2023-03-22 14:46:26,25,26,4976,9130
2023-03-22 14:46:26,25,26,4976,9137
2023-03-22 14:46:28,25,26,4976,9201
2023-03-22 14:46:28,25,26,4976,9265
2023-03-22 14:46:33,25,26,4813,9428
2023-03-22 14:46:35,24,26,4813,9428
2023-03-22 14:46:38,24,27,4813,9428
2023-03-22 14:46:39,24,26,4813,9428
2023-03-22 14:46:39,24,25,4813,9428
2023-03-22 14:46:39,24,25,4813,9445
2023-03-22 14:46:39,23,25,4686,9585
2023-03-22 14:46:45,23,25,4686,9969
2023-03-22 14:46:45,23,25,4686,10064
2023-03-22 14:47:18,23,25,4686,10212
2023-03-22 14:47:20,23,24,4686,10212
2023-03-22 14:47:28,23,24,4685,10213
2023-03-22 14:48:03,22,24,4685,10373
2023-03-22 14:48:13,20,24,4649,10409
2023-03-22 14:48:15,18,24,4649,10409
2023-03-22 14:48:15,18,25,4649,10409
2023-03-22 14:48:16,19,25,4649,10409
2023-03-22 14:48:16,21,25,4649,10409
2023-03-22 14:48:16,21,24,4649,10409
2023-03-22 14:48:27,19,24,4602,10456
2023-03-22 14:48:28,19,25,4602,10456
2023-03-22 14:48:28,21,25,4602,10456
2023-03-22 14:48:28,21,23,4602,10456
2023-03-22 14:48:35,21,23,4602,10473
2023-03-22 14:48:35,21,22,4602,10473
2023-03-22 14:48:36,19,22,4588,10487
2023-03-22 14:48:36,22,23,4460,10648
2023-03-22 14:48:36,22,23,4460,10681
2023-03-22 14:48:39,18,22,4460,10687
2023-03-22 14:48:39,20,22,4460,10687
2023-03-22 14:48:40,22,23,4460,10712
2023-03-22 14:48:46,20,23,4460,10712
2023-03-22 14:48:50,18,23,4460,10712
2023-03-22 14:48:50,18,25,4460,10712
2023-03-22 14:48:50,20,25,4460,10712
2023-03-22 14:48:50,20,24,4460,10712
2023-03-22 14:49:06,20,23,4460,10712
2023-03-22 14:49:10,20,24,4460,10712
2023-03-22 14:49:13,23,24,4460,10712
2023-03-22 14:49:16,23,25,4460,10712
2023-03-22 14:49:16,18,25,4460,10712
2023-03-22 14:49:16,21,25,4460,10712
2023-03-22 14:49:16,21,23,4460,10712
2023-03-22 14:49:19,23,25,4460,10733
2023-03-22 14:49:27,23,26,4460,10733
2023-03-22 14:49:27,23,24,4460,10733
2023-03-22 14:49:28,23,26,4495,10768
2023-03-22 14:49:37,23,24,4495,10768
2023-03-22 14:49:43,24,26,4495,10782
2023-03-22 14:49:51,24,28,4495,10782
2023-03-22 14:49:51,24,27,4495,10782
2023-03-22 14:49:51,24,25,4495,10782
2023-03-22 14:50:00,25,27,4495,10824
2023-03-22 14:50:07,24,29,4565,10894
2023-03-22 14:50:15,25,29,4565,10894
2023-03-22 14:50:16,27,29,4565,10894
2023-03-22 14:50:16,27,30,4565,10894
2023-03-22 14:50:17,27,28,4565,10894
2023-03-22 14:50:17,25,26,4566,10895
2023-03-22 14:50:23,25,28,4593,10922
2023-03-22 14:50:30,25,26,4593,10922
2023-03-22 14:50:35,24,26,4593,10922
2023-03-22 14:50:41,24,28,4593,10922
2023-03-22 14:50:41,24,26,4593,10922
2023-03-22 14:50:53,24,30,4593,10922
2023-03-22 14:50:53,24,29,4593,10922
2023-03-22 14:50:53,24,28,4593,10922
2023-03-22 14:50:53,24,26,4593,10922
2023-03-22 14:51:07,23,26,4593,10923
2023-03-22 14:51:08,25,26,4593,10923
2023-03-22 14:51:15,23,25,4594,10924
2023-03-22 14:51:32,25,27,4594,10945
2023-03-22 14:51:37,23,27,4594,10945
2023-03-22 14:51:37,22,27,4594,10945
2023-03-22 14:51:37,22,29,4594,10945
2023-03-22 14:51:37,22,30,4594,10945
2023-03-22 14:51:37,22,28,4594,10945
2023-03-22 14:51:37,22,30,4594,10945
2023-03-22 14:51:38,22,28,4594,10945
2023-03-22 14:51:38,22,26,4594,10945
2023-03-22 14:51:38,24,26,4594,10945
2023-03-22 14:52:01,23,26,4594,10945
2023-03-22 14:52:16,23,28,4594,10945
2023-03-22 14:52:16,23,27,4594,10945
2023-03-22 14:52:28,23,26,4594,10945
2023-03-22 14:52:49,23,27,4594,10945
2023-03-22 14:52:59,23,26,4594,10945
2023-03-22 14:53:05,23,27,4594,10945
2023-03-22 14:53:15,23,28,4594,10945
2023-03-22 14:53:15,23,26,4594,10945
2023-03-22 14:53:18,26,28,4594,10965
2023-03-22 14:53:26,23,28,4594,10965
2023-03-22 14:53:26,23,31,4594,10965
2023-03-22 14:53:26,23,27,4594,10965
2023-03-22 14:53:35,26,27,4594,10965
2023-03-22 14:53:37,26,29,4614,10985
2023-03-22 14:53:38,26,27,4614,10985
2023-03-22 14:53:43,26,29,4620,10991
2023-03-22 14:53:50,26,31,4689,11060
2023-03-22 14:53:50,26,32,4689,11060
2023-03-22 14:53:50,26,30,4689,11060
2023-03-22 14:53:50,26,28,4689,11060
2023-03-22 14:53:56,26,30,4704,11075
2023-03-22 14:53:56,26,32,4812,11183
2023-03-22 14:54:02,26,33,4916,11287
2023-03-22 14:54:11,31,33,4916,11287
2023-03-22 14:54:19,27,33,4916,11287
2023-03-22 14:54:25,26,33,4916,11287
2023-03-22 14:54:25,28,33,4916,11287
2023-03-22 14:54:25,28,31,4916,11287
2023-03-22 14:54:27,30,31,4916,11287
2023-03-22 14:54:27,30,33,4927,11298
2023-03-22 14:54:36,30,34,5042,11413
2023-03-22 14:54:38,30,32,5042,11413
2023-03-22 14:54:42,30,34,5064,11435
2023-03-22 14:54:49,30,33,5064,11435
2023-03-22 14:54:50,30,35,5143,11514
2023-03-22 14:55:00,30,35,5143,11676
2023-03-22 14:55:01,31,35,5143,11676
2023-03-22 14:55:10,31,35,5148,11681
2023-03-22 14:55:11,34,35,5148,11681
2023-03-22 14:55:23,34,35,5148,11862
2023-03-22 14:55:56,33,35,5276,11990
2023-03-22 14:56:07,34,35,5276,11990
2023-03-22 14:56:14,33,35,5276,11990
2023-03-22 14:56:16,33,36,5276,11990
2023-03-22 14:56:30,33,35,5276,11990
2023-03-22 14:56:31,33,36,5276,11990
2023-03-22 14:56:34,33,35,5276,11990
2023-03-22 14:56:42,34,35,5276,11990
2023-03-22 14:57:28,35,37,5415,12129
2023-03-22 14:57:40,35,37,5430,12144
2023-03-22 14:57:52,34,37,5480,12194
2023-03-22 14:58:15,34,38,5480,12194
2023-03-22 14:58:16,34,37,5480,12194
2023-03-22 14:58:16,34,35,5480,12194
2023-03-22 14:58:19,34,37,5480,12194
2023-03-22 14:58:19,34,38,5480,12194
2023-03-22 14:58:19,34,36,5480,12194
2023-03-22 14:58:25,34,35,5480,12194
2023-03-22 14:58:27,34,35,5493,12207
2023-03-22 14:58:29,32,35,5493,12328
2023-03-22 14:58:29,32,34,5493,12328
2023-03-22 14:58:30,28,34,5493,12328
2023-03-22 14:58:30,28,35,5493,12328
2023-03-22 14:58:49,28,37,5493,12328
2023-03-22 14:59:02,31,36,5493,12328
2023-03-22 14:59:07,25,36,5493,12328
2023-03-22 14:59:08,25,35,5493,12328
2023-03-22 14:59:10,25,34,5493,12328
2023-03-22 14:59:11,25,27,5493,12328
2023-03-22 14:59:17,27,34,5365,12456
2023-03-22 14:59:24,23,34,5365,12456
2023-03-22 14:59:36,25,34,5365,12456
2023-03-22 14:59:36,25,32,5365,12456
2023-03-22 14:59:42,23,32,5365,12456
2023-03-22 15:00:07,23,30,5365,12456
2023-03-22 15:00:17,23,32,5365,12456
2023-03-22 15:00:19,23,34,5365,12456
2023-03-22 15:00:25,24,34,5365,12456
2023-03-22 15:00:27,24,35,5365,12456
2023-03-22 15:00:39,31,35,5365,12456
2023-03-22 15:00:43,24,35,5365,12456
2023-03-22 15:00:44,24,34,5365,12456
2023-03-22 15:01:08,24,29,5365,12456
2023-03-22 15:01:17,23,29,5305,12516
2023-03-22 15:01:19,28,29,5305,12516
2023-03-22 15:01:19,28,29,5260,12561
2023-03-22 15:01:19,28,29,5247,12574
2023-03-22 15:01:23,23,29,5202,12619
2023-03-22 15:01:27,23,29,5189,12632
2023-03-22 15:01:27,26,29,5189,12632
2023-03-22 15:01:29,23,29,5144,12677
2023-03-22 15:01:37,23,26,5144,12677
2023-03-22 15:01:38,23,26,5099,12722
2023-03-22 15:01:38,23,26,5054,12767
2023-03-22 15:01:38,23,26,5036,12785
2023-03-22 15:01:39,20,26,4976,12848
2023-03-22 15:01:49,23,26,4976,12848
2023-03-22 15:01:49,24,26,4976,12848
2023-03-22 15:01:49,26,29,4956,12868
2023-03-22 15:01:50,24,29,4946,12878
2023-03-22 15:02:02,23,24,4896,12928
2023-03-22 15:02:03,24,29,4768,13056
2023-03-22 15:02:04,23,29,4696,13128
2023-03-22 15:02:10,20,29,4646,13178
2023-03-22 15:02:14,26,29,4646,13178
2023-03-22 15:02:14,26,28,4646,13178
2023-03-22 15:02:19,24,28,4626,13198
2023-03-22 15:02:25,23,28,4626,13198
2023-03-22 15:02:25,20,28,4626,13198
2023-03-22 15:02:25,20,29,4626,13198
2023-03-22 15:02:25,25,29,4626,13198
2023-03-22 15:02:25,27,29,4626,13198
2023-03-22 15:02:36,25,29,4626,13198
2023-03-22 15:02:36,25,32,4626,13198
2023-03-22 15:02:36,28,32,4626,13198
2023-03-22 15:02:36,28,31,4626,13198
2023-03-22 15:02:52,27,31,4615,13209
2023-03-22 15:03:23,30,31,4615,13209
2023-03-22 15:03:27,30,33,4615,13209
2023-03-22 15:03:27,30,32,4615,13209
2023-03-22 15:03:29,28,32,4615,13209
2023-03-22 15:03:38,22,32,4615,13209
2023-03-22 15:03:38,26,32,4615,13209
2023-03-22 15:03:38,28,32,4615,13209
2023-03-22 15:03:49,26,32,4548,13276
2023-03-22 15:03:49,26,31,4548,13276
2023-03-22 15:03:49,26,29,4548,13276
2023-03-22 15:04:09,24,29,4423,13401
2023-03-22 15:04:15,21,29,4423,13401
2023-03-22 15:04:15,25,29,4423,13401
2023-03-22 15:04:15,25,28,4423,13401
2023-03-22 15:04:15,23,28,4394,13430
2023-03-22 15:04:16,23,25,4394,13430
2023-03-22 15:04:21,22,25,4314,13510
2023-03-22 15:04:26,21,25,4314,13510
2023-03-22 15:04:26,23,25,4314,13510
2023-03-22 15:04:29,21,25,4286,13538
2023-03-22 15:04:36,21,25,4214,13610
2023-03-22 15:04:36,20,25,4188,13636
2023-03-22 15:04:38,21,25,4188,13636
2023-03-22 15:04:38,21,24,4188,13636
2023-03-22 15:04:42,20,24,4184,13640
2023-03-22 15:04:46,20,22,4184,13640
2023-03-22 15:04:47,19,22,4121,13703
2023-03-22 15:04:49,18,22,4121,13703
2023-03-22 15:04:49,20,22,4121,13703
2023-03-22 15:04:56,18,22,4082,13742
2023-03-22 15:04:56,17,22,4021,13803
2023-03-22 15:05:04,14,22,3857,13967
2023-03-22 15:05:15,14,20,3857,13967
2023-03-22 15:05:16,16,20,3857,13967
2023-03-22 15:05:16,17,20,3857,13967
2023-03-22 15:05:17,20,22,3729,14095
2023-03-22 15:05:18,20,22,3668,14156
2023-03-22 15:05:18,17,22,3657,14167
2023-03-22 15:05:28,16,22,3657,14167
2023-03-22 15:05:28,14,22,3657,14167
2023-03-22 15:05:29,15,22,3657,14167
2023-03-22 15:05:29,16,22,3657,14167
2023-03-22 15:05:29,16,20,3657,14167
2023-03-22 15:05:30,20,22,3657,14180
2023-03-22 15:05:30,22,23,3723,14246
2023-03-22 15:05:34,20,23,3723,14246
2023-03-22 15:05:35,17,23,3723,14246
2023-03-22 15:05:48,18,23,3723,14246
2023-03-22 15:05:48,18,21,3723,14246
2023-03-22 15:05:50,21,23,3723,14278
2023-03-22 15:05:51,21,23,3589,14412
2023-03-22 15:06:00,18,23,3589,14412
2023-03-22 15:06:01,18,22,3589,14412
2023-03-22 15:06:07,17,22,3557,14444
2023-03-22 15:06:14,17,21,3557,14444
2023-03-22 15:06:15,16,21,3492,14509
2023-03-22 15:06:16,16,22,3492,14509
2023-03-22 15:06:17,16,22,3492,14510
2023-03-22 15:06:17,14,22,3492,14510
2023-03-22 15:06:18,17,22,3492,14510
2023-03-22 15:06:18,17,21,3492,14510
2023-03-22 15:06:27,15,21,3492,14510
2023-03-22 15:06:27,15,22,3492,14510
2023-03-22 15:06:27,17,22,3492,14510
2023-03-22 15:06:27,17,20,3492,14510
2023-03-22 15:06:29,20,22,3492,14536
2023-03-22 15:06:34,19,22,3492,14536
2023-03-22 15:06:37,22,23,3492,14589
2023-03-22 15:06:40,22,25,3492,14589
2023-03-22 15:06:40,22,24,3492,14589
2023-03-22 15:06:40,22,24,3492,14614
2023-03-22 15:06:42,19,24,3492,14614
2023-03-22 15:06:51,19,22,3492,14614
2023-03-22 15:07:02,22,24,3492,14654
2023-03-22 15:07:09,19,24,3492,14654
2023-03-22 15:07:15,17,24,3492,14654
2023-03-22 15:07:15,19,24,3492,14654
2023-03-22 15:07:15,19,22,3492,14654
2023-03-22 15:07:17,20,22,3492,14654
2023-03-22 15:07:24,19,22,3492,14654
2023-03-22 15:07:26,19,21,3492,14654
2023-03-22 15:07:27,21,22,3364,14782
2023-03-22 15:07:38,18,22,3364,14782
2023-03-22 15:07:38,18,24,3364,14782
2023-03-22 15:07:38,19,24,3364,14782
2023-03-22 15:07:38,19,22,3364,14782
2023-03-22 15:07:51,19,20,3364,14782
2023-03-22 15:07:56,20,22,3236,14910
2023-03-22 15:08:01,19,22,3236,14910
2023-03-22 15:08:02,19,20,3236,14910
2023-03-22 15:08:07,18,20,3126,15020
2023-03-22 15:08:15,18,19,3092,15054
2023-03-22 15:08:16,18,20,3092,15054
2023-03-22 15:08:16,17,20,3060,15086
2023-03-22 15:08:16,17,18,3060,15086
2023-03-22 15:08:21,15,18,3000,15146
2023-03-22 15:08:24,15,17,3000,15146
2023-03-22 15:08:27,13,17,3000,15146
2023-03-22 15:08:27,14,17,3000,15146
2023-03-22 15:08:27,14,16,3000,15146
2023-03-22 15:08:29,16,17,3000,15164
2023-03-22 15:08:30,16,17,2927,15237
2023-03-22 15:08:38,14,17,2927,15237
2023-03-22 15:08:38,13,17,2927,15237
2023-03-22 15:08:38,13,15,2927,15237
2023-03-22 15:08:41,15,17,2927,15255
2023-03-22 15:08:45,15,17,2799,15383
2023-03-22 15:08:47,13,17,2799,15383
2023-03-22 15:08:51,13,15,2799,15383
2023-03-22 15:08:55,15,16,2799,15406
2023-03-22 15:09:07,13,16,2799,15406
2023-03-22 15:09:13,13,14,2799,15406
2023-03-22 15:09:18,14,15,2671,15575
2023-03-22 15:09:25,13,15,2671,15575
2023-03-22 15:09:25,13,14,2671,15575
2023-03-22 15:09:28,14,15,2671,15590
2023-03-22 15:09:32,15,16,2671,15641
2023-03-22 15:09:33,15,17,2671,15641
2023-03-22 15:09:37,14,17,2671,15641
2023-03-22 15:09:37,14,18,2671,15641
2023-03-22 15:09:38,14,16,2671,15641
2023-03-22 15:09:41,16,18,2671,15666
2023-03-22 15:09:46,14,18,2671,15666
2023-03-22 15:09:49,15,18,2671,15666
2023-03-22 15:09:57,15,18,2671,15766
2023-03-22 15:10:00,17,18,2671,15766
2023-03-22 15:10:04,18,20,2671,15801
2023-03-22 15:10:09,17,20,2671,15801
2023-03-22 15:10:16,19,20,2671,15801
2023-03-22 15:10:18,19,23,2671,15801
2023-03-22 15:10:18,19,22,2671,15801
2023-03-22 15:10:18,19,20,2671,15801
2023-03-22 15:10:18,20,22,2671,15840
2023-03-22 15:10:20,20,21,2671,15840
2023-03-22 15:10:20,20,21,2671,15859
2023-03-22 15:10:27,19,21,2671,15859
2023-03-22 15:10:27,19,22,2671,15859
2023-03-22 15:10:27,19,23,2671,15859
2023-03-22 15:10:28,19,21,2671,15859
2023-03-22 15:10:29,19,23,2675,15863
2023-03-22 15:10:32,20,23,2675,15863
2023-03-22 15:10:35,21,23,2675,15863
2023-03-22 15:10:41,21,24,2675,15863
2023-03-22 15:10:52,21,25,2675,15863
2023-03-22 15:10:52,21,23,2675,15863
2023-03-22 15:11:02,20,21,2665,15873
2023-03-22 15:11:03,19,21,2665,15873
2023-03-22 15:11:05,19,23,2665,15873
2023-03-22 15:11:06,19,20,2465,16073
2023-03-22 15:11:09,20,22,2375,16163
2023-03-22 15:11:15,19,22,2375,16163
2023-03-22 15:11:15,18,22,2375,16163
2023-03-22 15:11:15,19,22,2375,16163
2023-03-22 15:11:15,19,21,2375,16163
2023-03-22 15:11:30,19,20,2375,16163
2023-03-22 15:11:39,15,20,2375,16163
2023-03-22 15:11:39,17,20,2375,16163
2023-03-22 15:11:48,17,21,2375,16163
2023-03-22 15:11:52,15,19,2375,16163
2023-03-22 15:11:52,16,19,2375,16163
2023-03-22 15:11:52,16,18,2375,16163
2023-03-22 15:12:16,15,18,2375,16163
2023-03-22 15:12:16,15,17,2375,16163
2023-03-22 15:12:28,14,17,2375,16163
2023-03-22 15:12:29,15,17,2375,16163
2023-03-22 15:12:30,15,17,2375,16463
2023-03-22 15:12:37,16,17,2375,16463
2023-03-22 15:12:39,16,19,2375,16463
2023-03-22 15:12:39,16,20,2375,16463
2023-03-22 15:12:39,14,20,2375,16463
2023-03-22 15:12:39,17,20,2375,16463
2023-03-22 15:12:43,19,20,2375,16463
2023-03-22 15:12:52,17,19,2403,16591
2023-03-22 15:12:56,16,19,2403,16591
2023-03-22 15:13:01,15,19,2403,16591
2023-03-22 15:13:07,16,19,2403,16591
2023-03-22 15:13:09,17,19,2403,16591
2023-03-22 15:13:11,17,21,2403,16591
2023-03-22 15:13:14,18,21,2403,16591
2023-03-22 15:13:25,17,21,2403,16591
2023-03-22 15:13:31,17,21,2403,16591
2023-03-22 15:13:37,17,20,2403,16591
2023-03-22 15:13:40,17,19,2403,16591
2023-03-22 15:13:40,16,19,2403,16591
2023-03-22 15:13:47,16,21,2403,16591
2023-03-22 15:13:47,17,21,2403,16591
2023-03-22 15:13:50,16,21,2403,16591
2023-03-22 15:13:50,16,20,2403,16591
2023-03-22 15:13:53,16,21,2403,16591
2023-03-22 15:13:54,16,21,2403,16591
2023-03-22 15:13:54,16,20,2403,16591
2023-03-22 15:13:56,18,20,2403,16591
2023-03-22 15:14:02,16,20,2403,16591
2023-03-22 15:14:04,18,20,2403,16591
2023-03-22 15:14:04,18,21,2403,16591
2023-03-22 15:14:09,18,23,2403,16591
2023-03-22 15:14:12,18,23,2403,16591
2023-03-22 15:14:16,20,23,2495,16683
2023-03-22 15:14:16,18,23,2495,16683
2023-03-22 15:14:16,21,25,2495,16683
2023-03-22 15:14:17,20,25,2495,16683
2023-03-22 15:14:18,22,25,2495,16683
2023-03-22 15:14:22,22,24,2495,16683
2023-03-22 15:14:23,20,26,2775,16963
2023-03-22 15:14:23,21,26,2775,16963
2023-03-22 15:14:25,21,26,2812,17000
2023-03-22 15:14:25,20,26,2812,17000
2023-03-22 15:14:30,23,26,2812,17000
2023-03-22 15:14:40,24,26,2812,17000
2023-03-22 15:14:41,24,29,2835,17023
2023-03-22 15:14:44,26,29,2835,17023
2023-03-22 15:14:47,27,30,2835,17023
2023-03-22 15:14:47,27,31,2837,17025
2023-03-22 15:14:49,24,31,2837,17025
2023-03-22 15:14:50,24,31,2837,17025
2023-03-22 15:14:51,26,30,2837,17025
2023-03-22 15:14:52,26,31,2837,17025
2023-03-22 15:15:10,26,31,2929,17117
2023-03-22 15:15:10,26,32,2957,17145
2023-03-22 15:15:11,28,32,2957,17145
2023-03-22 15:15:16,28,34,2957,17145
2023-03-22 15:15:23,28,33,2957,17145
2023-03-22 15:15:24,29,33,2957,17145
2023-03-22 15:15:25,29,32,2957,17145
2023-03-22 15:15:29,29,31,2957,17145
2023-03-22 15:15:30,29,30,2957,17145
2023-03-22 15:15:30,29,30,3000,17188
2023-03-22 15:15:33,29,33,3043,17231
2023-03-22 15:15:33,29,32,3043,17231
2023-03-22 15:15:33,29,32,3086,17274
2023-03-22 15:15:33,29,32,3128,17317
2023-03-22 15:15:33,29,33,3128,17317
2023-03-22 15:15:36,29,32,3128,17317
2023-03-22 15:15:38,29,32,3128,17359
2023-03-22 15:15:38,28,29,3128,17382
2023-03-22 15:15:39,28,33,3147,17401
2023-03-22 15:15:39,28,32,3147,17401
2023-03-22 15:15:39,26,32,3147,17401
2023-03-22 15:15:39,29,32,3147,17401
2023-03-22 15:15:39,29,33,3147,17401
2023-03-22 15:15:40,29,31,3147,17401
2023-03-22 15:15:40,29,31,3147,17444
2023-03-22 15:15:42,29,30,3147,17444
2023-03-22 15:15:43,26,30,3147,17444
2023-03-22 15:15:44,28,30,3147,17444
2023-03-22 15:15:49,28,31,3147,17444
2023-03-22 15:15:53,28,30,3147,17444
2023-03-22 15:15:53,28,30,3147,17459
2023-03-22 15:15:56,26,30,3147,17459
2023-03-22 15:15:59,28,30,3147,17459
2023-03-22 15:16:00,27,30,2995,17739
2023-03-22 15:16:06,26,30,2995,17739
2023-03-22 15:16:14,26,30,2995,17739
2023-03-22 15:16:15,30,32,2995,17791
2023-03-22 15:16:16,30,32,2995,17823
2023-03-22 15:16:16,30,32,2995,17866
2023-03-22 15:16:17,30,31,2995,17866
2023-03-22 15:16:17,30,32,2995,17866
2023-03-22 15:16:22,30,33,3047,17918
2023-03-22 15:16:29,30,33,3047,17933
2023-03-22 15:16:29,30,32,3047,17933
2023-03-22 15:16:29,29,32,3047,17933
2023-03-22 15:16:35,30,32,3047,17933
2023-03-22 15:16:37,29,32,3047,17933
2023-03-22 15:16:39,28,32,3047,17933
2023-03-22 15:16:48,29,32,3047,17933
2023-03-22 15:16:50,29,30,3047,17933
2023-03-22 15:16:53,28,30,3047,17933
2023-03-22 15:16:53,30,32,3047,17958
2023-03-22 15:16:54,32,33,3075,18009
2023-03-22 15:16:55,32,34,3075,18009
2023-03-22 15:16:55,32,33,3075,18009
2023-03-22 15:16:58,32,34,3075,18009
2023-03-22 15:16:59,30,34,3075,18009
2023-03-22 15:16:59,33,34,3075,18009
2023-03-22 15:17:01,35,36,3126,18188
2023-03-22 15:17:01,35,36,3163,18225
2023-03-22 15:17:03,35,38,3163,18225
2023-03-22 15:17:05,38,39,3358,18664
2023-03-22 15:17:06,38,39,3463,18769
2023-03-22 15:17:07,38,40,3463,18769
2023-03-22 15:17:09,37,38,3523,18829
2023-03-22 15:17:09,37,38,3651,18957
2023-03-22 15:17:11,37,38,3651,18958
2023-03-22 15:17:12,37,40,3662,18969
2023-03-22 15:17:12,37,41,3770,19077
2023-03-22 15:17:13,38,41,3770,19077
2023-03-22 15:17:15,35,41,3770,19077
2023-03-22 15:17:15,38,41,3770,19077
2023-03-22 15:17:16,40,41,3770,19128
2023-03-22 15:17:16,40,41,3770,19138
2023-03-22 15:17:16,40,41,3770,19189
2023-03-22 15:17:17,40,43,3879,19298
2023-03-22 15:17:17,40,43,3879,19318
2023-03-22 15:17:17,40,43,3879,19328
2023-03-22 15:17:23,38,43,3879,19328
2023-03-22 15:17:23,38,42,3879,19328
2023-03-22 15:17:24,38,42,3994,19443
2023-03-22 15:17:27,38,41,3994,19443
2023-03-22 15:17:27,38,39,3994,19443
2023-03-22 15:17:30,38,42,4103,19552
2023-03-22 15:17:30,38,43,4103,19552
2023-03-22 15:17:30,39,43,4103,19552
2023-03-22 15:17:33,39,42,4103,19552
2023-03-22 15:17:36,39,42,4231,19680
2023-03-22 15:17:37,39,43,4231,19680
2023-03-22 15:17:38,39,43,4165,19746
2023-03-22 15:17:41,40,43,4165,19746
2023-03-22 15:17:47,38,43,4565,20445
2023-03-22 15:17:51,38,41,4565,20445
2023-03-22 15:17:51,38,43,4590,20470
2023-03-22 15:17:54,38,42,4590,20470
2023-03-22 15:17:57,38,43,4590,20470
2023-03-22 15:17:58,41,43,4590,20470
2023-03-22 15:17:58,41,42,4590,20470
2023-03-22 15:17:59,41,43,4590,20470
2023-03-22 15:17:59,41,42,4590,20470
2023-03-22 15:18:01,41,42,4610,20490
2023-03-22 15:18:01,41,42,4630,20510
2023-03-22 15:18:01,41,43,4630,20510
2023-03-22 15:18:01,41,42,4630,20510
2023-03-22 15:18:03,41,42,4641,20521
2023-03-22 15:18:06,38,41,4718,20598
2023-03-22 15:18:08,40,41,4718,20598
2023-03-22 15:18:11,40,42,4718,20598
2023-03-22 15:18:11,40,41,4718,20598
2023-03-22 15:18:12,38,40,4846,20726
2023-03-22 15:18:15,36,40,4846,20726
2023-03-22 15:18:15,34,40,4846,20726
2023-03-22 15:18:15,35,40,4846,20726
2023-03-22 15:18:15,37,40,4846,20726
2023-03-22 15:18:17,35,37,4846,20739
2023-03-22 15:18:29,35,40,4846,20739
2023-03-22 15:18:29,34,40,4846,20739
2023-03-22 15:18:32,29,40,4846,20739
2023-03-22 15:18:32,36,40,4846,20739
2023-03-22 15:18:35,36,39,4846,20739
2023-03-22 15:18:39,36,40,4846,20739
2023-03-22 15:18:41,36,42,4846,20739
2023-03-22 15:18:51,40,42,4846,20739
2023-03-22 15:18:52,36,40,4974,20867
2023-03-22 15:18:59,36,41,4974,20867
2023-03-22 15:19:26,37,41,4974,20867
2023-03-22 15:19:28,37,40,4974,20867
2023-03-22 15:19:32,36,40,4974,20917
2023-03-22 15:19:32,36,37,4974,20917
2023-03-22 15:19:37,36,40,4974,20917
2023-03-22 15:19:44,35,40,4974,20917
2023-03-22 15:19:45,34,40,4974,20917
2023-03-22 15:19:48,34,39,4974,20917
2023-03-22 15:19:57,34,38,4974,20917
2023-03-22 15:20:06,32,40,4974,20917
2023-03-22 15:20:10,30,35,4974,20917
2023-03-22 15:20:11,28,35,4974,20917
2023-03-22 15:20:12,32,38,4974,20917
2023-03-22 15:20:13,32,37,4974,20917
2023-03-22 15:20:15,32,38,4974,20917
2023-03-22 15:20:20,33,38,4974,20917
2023-03-22 15:20:21,35,38,4974,20917
2023-03-22 15:20:21,37,38,4974,20917
2023-03-22 15:20:27,35,38,4974,20917
2023-03-22 15:20:28,37,38,4974,20917
2023-03-22 15:20:28,37,38,4954,20937
2023-03-22 15:20:32,37,40,4954,20937
2023-03-22 15:20:34,38,40,4954,20937
2023-03-22 15:20:35,39,40,4954,20937
2023-03-22 15:20:35,39,40,4954,21163
2023-03-22 15:20:36,39,40,4954,21183
2023-03-22 15:20:44,39,41,4954,21436
2023-03-22 15:20:47,40,41,4954,21436
2023-03-22 15:20:50,40,41,4930,21460
2023-03-22 15:20:52,40,45,4990,21596
2023-03-22 15:21:00,40,46,4990,21596
2023-03-22 15:21:01,42,46,4990,21596
2023-03-22 15:21:02,42,46,5142,21748
2023-03-22 15:21:04,43,46,5142,21748
2023-03-22 15:21:06,45,46,5142,21748
2023-03-22 15:21:09,45,47,5230,21836
2023-03-22 15:21:10,43,45,5358,21964
2023-03-22 15:21:17,43,47,5358,21964
2023-03-22 15:21:17,43,48,5358,21964
2023-03-22 15:21:17,45,48,5358,21964
2023-03-22 15:21:17,46,48,5358,21964
2023-03-22 15:21:17,46,49,5358,21964
2023-03-22 15:21:17,46,48,5358,21964
2023-03-22 15:21:18,46,49,5358,21964
2023-03-22 15:21:22,46,50,5358,21964
2023-03-22 15:21:22,46,49,5358,21964
2023-03-22 15:21:23,46,50,5358,21964
2023-03-22 15:21:23,46,50,5558,22164
2023-03-22 15:21:26,46,49,5558,22164
2023-03-22 15:21:30,44,49,5758,22364
2023-03-22 15:21:35,44,48,5758,22364
2023-03-22 15:21:39,39,48,5758,22364
2023-03-22 15:21:39,43,48,5758,22364
2023-03-22 15:21:39,45,48,5758,22364
2023-03-22 15:21:44,39,48,5758,22364
2023-03-22 15:21:44,46,48,5758,22364
2023-03-22 15:21:50,44,48,5738,22384
2023-03-22 15:21:54,45,48,5738,22384
2023-03-22 15:22:27,45,50,5738,22384
2023-03-22 15:22:31,46,50,5738,22384
2023-03-22 15:22:31,48,50,5738,22384
2023-03-22 15:22:38,46,50,5738,22384
2023-03-22 15:22:38,45,50,5738,22384
2023-03-22 15:22:38,46,50,5738,22384
2023-03-22 15:22:38,46,49,5738,22384
2023-03-22 15:22:48,46,50,5738,22384
2023-03-22 15:22:49,47,50,5738,22384
2023-03-22 15:23:14,46,50,5738,22384
2023-03-22 15:23:15,47,50,5738,22384
2023-03-22 15:23:20,47,49,5738,22384
2023-03-22 15:23:37,45,49,5738,22384
2023-03-22 15:23:38,47,49,5738,22384
2023-03-22 15:23:43,45,49,5736,22386
2023-03-22 15:23:43,45,48,5736,22386
2023-03-22 15:23:49,43,48,5736,22386
2023-03-22 15:23:49,39,48,5736,22386
2023-03-22 15:23:49,42,48,5736,22386
2023-03-22 15:23:49,44,48,5736,22386
2023-03-22 15:23:53,44,46,5736,22386
2023-03-22 15:23:54,42,46,5707,22415
2023-03-22 15:23:58,39,46,5678,22452
2023-03-22 15:24:01,39,47,5678,22452
2023-03-22 15:24:04,39,45,5678,22452
2023-03-22 15:24:09,39,47,5678,22452
2023-03-22 15:24:14,39,49,5678,22452
2023-03-22 15:24:15,40,49,5678,22452
2023-03-22 15:24:15,40,46,5678,22452
2023-03-22 15:24:17,39,46,5678,22452
2023-03-22 15:24:17,39,48,5678,22452
2023-03-22 15:24:17,39,49,5678,22452
2023-03-22 15:24:23,39,47,5678,22452
2023-03-22 15:24:23,44,47,5678,22452
2023-03-22 15:24:30,44,47,5678,22503
2023-03-22 15:24:34,39,47,5678,22503
2023-03-22 15:24:44,35,47,5678,22503
2023-03-22 15:24:46,32,47,5678,22503
2023-03-22 15:24:46,32,46,5678,22503
2023-03-22 15:24:54,34,46,5678,22503
2023-03-22 15:24:54,34,45,5678,22503
2023-03-22 15:24:54,34,41,5678,22503
2023-03-22 15:25:05,34,46,5678,22503
2023-03-22 15:25:19,34,45,5678,22503
2023-03-22 15:25:22,40,45,5678,22503
2023-03-22 15:25:46,40,46,5678,22503
2023-03-22 15:25:49,36,46,5678,22503
2023-03-22 15:25:49,36,43,5678,22503
2023-03-22 15:25:51,34,43,5678,22503
2023-03-22 15:26:16,35,43,5678,22503
2023-03-22 15:26:16,35,42,5678,22503
2023-03-22 15:26:26,33,42,5678,22503
2023-03-22 15:26:28,28,42,5678,22503
2023-03-22 15:26:29,28,41,5678,22503
2023-03-22 15:26:31,28,40,5678,22503
2023-03-22 15:26:32,28,39,5678,22503
2023-03-22 15:26:36,28,40,5678,22503
2023-03-22 15:26:36,28,40,5658,22523
2023-03-22 15:26:38,28,39,5658,22523
2023-03-22 15:26:39,28,40,5658,22523
2023-03-22 15:26:41,28,41,5658,22523
2023-03-22 15:26:41,30,41,5658,22523
2023-03-22 15:26:43,30,40,5658,22523
2023-03-22 15:26:44,30,33,5658,22523
2023-03-22 15:26:46,33,40,5530,22651
2023-03-22 15:26:47,30,40,5458,22723
2023-03-22 15:26:48,30,41,5458,22723
2023-03-22 15:26:50,30,40,5458,22723
2023-03-22 15:26:53,30,41,5458,22723
2023-03-22 15:26:55,30,40,5458,22723
2023-03-22 15:27:08,30,33,5458,22723
2023-03-22 15:27:10,33,40,5330,22851
2023-03-22 15:27:14,30,40,5258,22923
2023-03-22 15:27:14,30,39,5258,22923
2023-03-22 15:27:21,30,40,5258,22923
2023-03-22 15:27:22,30,41,5258,22923
2023-03-22 15:27:24,30,42,5258,22923
2023-03-22 15:27:29,39,42,5258,22923
2023-03-22 15:27:29,41,42,5258,22923
2023-03-22 15:27:34,39,42,5239,22942
2023-03-22 15:27:40,41,42,5239,22942
2023-03-22 15:27:40,39,42,5207,22974
2023-03-22 15:27:40,39,41,5207,22974
2023-03-22 15:27:45,39,42,5207,22974
2023-03-22 15:27:46,39,43,5207,22974
2023-03-22 15:27:46,39,44,5207,22974
2023-03-22 15:27:50,33,44,5207,22974
2023-03-22 15:27:51,42,44,5207,22974
2023-03-22 15:27:56,42,46,5207,22974
2023-03-22 15:28:01,43,46,5207,22974
2023-03-22 15:28:06,43,45,5207,22974
2023-03-22 15:28:17,44,45,5207,22974
2023-03-22 15:28:17,44,46,5207,22974
2023-03-22 15:28:17,43,46,5207,22989
2023-03-22 15:28:17,43,45,5207,22989
2023-03-22 15:28:17,43,46,5207,22989
2023-03-22 15:28:18,44,46,5207,22989
2023-03-22 15:28:29,44,46,5207,23190
2023-03-22 15:28:30,44,47,5207,23190
2023-03-22 15:28:30,45,47,5207,23190
2023-03-22 15:28:37,45,47,5257,23240
2023-03-22 15:28:38,45,49,5339,23322
2023-03-22 15:28:38,45,48,5339,23322
2023-03-22 15:28:39,46,48,5339,23322
2023-03-22 15:28:46,46,49,5339,23322
2023-03-22 15:28:50,45,49,5339,23322
2023-03-22 15:28:55,45,48,5339,23322
2023-03-22 15:29:01,45,49,5339,23322
2023-03-22 15:29:15,48,49,5339,23322
2023-03-22 15:29:16,47,48,5439,23422
2023-03-22 15:29:25,47,49,5439,23422
2023-03-22 15:29:47,47,48,5439,23422
2023-03-22 15:29:48,47,49,5439,23422
2023-03-22 15:30:10,48,49,5439,23422
2023-03-22 15:30:17,48,49,5456,23439
2023-03-22 15:30:18,46,48,5567,23564
2023-03-22 15:30:26,46,49,5567,23564
2023-03-22 15:30:27,47,49,5567,23564
2023-03-22 15:30:30,47,48,5567,23564
2023-03-22 15:30:32,46,47,5539,23592
2023-03-22 15:30:35,44,46,5511,23620
2023-03-22 15:30:38,44,45,5511,23620
2023-03-22 15:30:40,42,45,5483,23648
2023-03-22 15:30:42,43,45,5483,23648
2023-03-22 15:30:42,43,46,5483,23648
2023-03-22 15:31:05,43,45,5483,23648
2023-03-22 15:31:05,43,44,5483,23648
2023-03-22 15:31:05,42,44,5460,23671
2023-03-22 15:31:15,36,44,5689,23951
2023-03-22 15:31:17,39,44,5689,23951
2023-03-22 15:31:17,43,44,5689,23951
2023-03-22 15:31:18,39,44,5685,23955
2023-03-22 15:31:21,39,42,5685,23955
2023-03-22 15:31:25,36,42,5662,23978
2023-03-22 15:31:27,37,42,5662,23978
2023-03-22 15:31:27,39,42,5662,23978
2023-03-22 15:31:27,41,42,5662,23978
2023-03-22 15:31:30,41,44,5662,23978
2023-03-22 15:31:31,41,43,5662,23978
2023-03-22 15:31:31,39,43,5650,23990
2023-03-22 15:31:31,39,42,5650,23990
2023-03-22 15:31:35,39,41,5650,23990
2023-03-22 15:31:36,37,39,5625,24015
2023-03-22 15:31:37,36,39,5600,24040
2023-03-22 15:31:37,32,39,5598,24046
2023-03-22 15:31:37,35,39,5598,24046
2023-03-22 15:31:38,38,39,5598,24046
2023-03-22 15:31:38,38,39,5586,24058
2023-03-22 15:31:39,36,38,5562,24082
2023-03-22 15:31:40,36,37,5562,24082
2023-03-22 15:31:42,33,36,5538,24106
2023-03-22 15:31:43,32,36,5538,24167
2023-03-22 15:31:43,32,36,5439,24266
2023-03-22 15:31:45,31,36,5439,24266
2023-03-22 15:31:45,31,34,5439,24266
2023-03-22 15:31:49,30,34,5439,24266
2023-03-22 15:31:49,25,34,5371,24358
2023-03-22 15:31:51,28,34,5371,24358
2023-03-22 15:31:51,30,34,5371,24358
2023-03-22 15:31:56,25,34,5277,24452
2023-03-22 15:31:59,25,35,5277,24452
2023-03-22 15:32:00,31,35,5277,24452
2023-03-22 15:32:02,31,35,5183,24546
2023-03-22 15:32:02,25,35,5155,24574
2023-03-22 15:32:05,25,34,5155,24574
2023-03-22 15:32:06,25,33,5155,24574
2023-03-22 15:32:09,25,32,5155,24574
2023-03-22 15:32:10,25,32,5066,24663
2023-03-22 15:32:11,23,33,4995,24734
2023-03-22 15:32:11,23,34,4995,24734
2023-03-22 15:32:12,23,33,4995,24734
2023-03-22 15:32:13,23,25,4995,24734
2023-03-22 15:32:14,25,34,4994,24735
2023-03-22 15:32:14,25,33,4994,24735
2023-03-22 15:32:15,25,34,4994,24735
2023-03-22 15:32:16,27,34,4994,24735
2023-03-22 15:32:16,27,35,4994,24735
2023-03-22 15:32:16,27,34,4994,24735
2023-03-22 15:32:21,27,31,4994,24735
2023-03-22 15:32:21,31,35,4866,24863
2023-03-22 15:32:21,31,34,4866,24863
2023-03-22 15:32:22,27,34,4794,24935
2023-03-22 15:32:23,27,35,4794,24935
2023-03-22 15:32:24,27,34,4794,24935
2023-03-22 15:32:26,27,33,4794,24935
2023-03-22 15:32:27,27,32,4794,24935
2023-03-22 15:32:28,23,32,4778,24951
2023-03-22 15:32:28,23,33,4778,24951
2023-03-22 15:32:29,23,32,4778,24951
2023-03-22 15:32:30,23,33,4778,24951
2023-03-22 15:32:42,23,34,4778,24951
2023-03-22 15:32:42,23,33,4778,24951
2023-03-22 15:32:43,23,32,4778,24951
2023-03-22 15:32:45,23,33,4778,24951
2023-03-22 15:32:46,23,32,4778,24951
2023-03-22 15:32:47,23,33,4778,24951
2023-03-22 15:32:49,23,34,4778,24951
2023-03-22 15:32:52,27,34,4778,24951
2023-03-22 15:32:52,27,30,4778,24951
2023-03-22 15:32:54,30,34,4650,25079
2023-03-22 15:32:56,30,36,4650,25079
2023-03-22 15:33:00,27,36,4650,25079
2023-03-22 15:33:01,27,38,4650,25079
2023-03-22 15:33:04,27,28,4650,25079
2023-03-22 15:33:05,28,38,4522,25207
2023-03-22 15:33:10,27,38,4522,25207
2023-03-22 15:33:10,27,37,4522,25207
2023-03-22 15:33:11,34,37,4522,25207
2023-03-22 15:33:12,34,38,4522,25207
2023-03-22 15:33:13,34,37,4522,25207
2023-03-22 15:33:15,34,36,4522,25207
2023-03-22 15:33:17,28,36,4463,25266
2023-03-22 15:33:19,27,35,4463,25266
2023-03-22 15:33:21,27,34,4463,25266
2023-03-22 15:33:22,27,33,4463,25266
2023-03-22 15:33:28,27,31,4463,25266
2023-03-22 15:33:29,23,31,4403,25326
2023-03-22 15:33:29,23,30,4403,25326
2023-03-22 15:33:35,29,30,4403,25326
2023-03-22 15:33:36,23,30,4332,25397
2023-03-22 15:33:40,23,29,4332,25397
2023-03-22 15:33:41,23,24,4332,25397
2023-03-22 15:33:42,24,29,4204,25525
2023-03-22 15:33:42,24,30,4204,25525
2023-03-22 15:33:43,24,29,4204,25525
2023-03-22 15:33:44,24,30,4204,25525
2023-03-22 15:33:48,23,31,4204,25525
2023-03-22 15:33:51,22,31,4204,25525
2023-03-22 15:33:51,22,33,4204,25525
2023-03-22 15:33:52,22,31,4204,25525
2023-03-22 15:33:52,26,31,4204,25525
2023-03-22 15:33:53,26,30,4204,25525
2023-03-22 15:33:56,22,30,4144,25585
2023-03-22 15:34:00,22,31,4144,25585
2023-03-22 15:34:02,22,29,4144,25585
2023-03-22 15:34:03,22,29,3944,25785
2023-03-22 15:34:04,25,29,3944,25785
2023-03-22 15:34:05,25,29,3944,25857
2023-03-22 15:34:05,22,29,3944,25985
2023-03-22 15:34:09,22,26,3944,25985
2023-03-22 15:34:11,26,29,3816,26113
2023-03-22 15:34:14,26,28,3816,26113
2023-03-22 15:34:15,26,28,3752,26177
2023-03-22 15:34:15,22,28,3544,26385
2023-03-22 15:34:15,22,26,3544,26385
2023-03-22 15:34:16,22,28,3544,26385
2023-03-22 15:34:16,22,26,3544,26385
2023-03-22 15:34:17,22,28,3344,26585
2023-03-22 15:34:20,25,28,3344,26585
2023-03-22 15:34:21,25,28,3344,26643
2023-03-22 15:34:21,22,27,3344,26696
2023-03-22 15:34:23,22,28,3344,26696
2023-03-22 15:34:25,22,26,3344,26696
2023-03-22 15:34:26,22,26,3291,26749
2023-03-22 15:34:27,21,26,3024,27016
2023-03-22 15:34:27,22,26,3024,27016
2023-03-22 15:34:28,21,26,3024,27016
2023-03-22 15:34:29,21,22,3224,27216
2023-03-22 15:34:30,22,27,3544,27536
2023-03-22 15:34:34,22,27,3373,27736
2023-03-22 15:34:35,23,27,3373,27736
2023-03-22 15:34:36,23,27,3373,27936
2023-03-22 15:34:36,24,27,3373,27936
2023-03-22 15:34:38,27,29,3373,27984
2023-03-22 15:34:39,27,30,3373,27984
2023-03-22 15:34:45,25,30,3373,27984
2023-03-22 15:34:47,24,30,3373,27984
2023-03-22 15:34:49,24,29,3373,27984
2023-03-22 15:34:53,24,30,3373,27984
2023-03-22 15:34:54,22,28,3373,27984
2023-03-22 15:34:58,22,30,3373,27984
2023-03-22 15:35:00,23,30,3373,27984
2023-03-22 15:35:02,25,30,3373,27984
2023-03-22 15:35:07,25,29,3373,27984
2023-03-22 15:35:11,23,29,3373,27984
2023-03-22 15:35:14,22,28,3373,27984
2023-03-22 15:35:18,23,27,3373,27984
2023-03-22 15:35:23,24,28,3373,27984
2023-03-22 15:35:24,25,28,3373,27984
2023-03-22 15:35:27,25,30,3373,27984
2023-03-22 15:35:27,25,28,3373,27984
2023-03-22 15:35:30,28,30,3376,27987
2023-03-22 15:35:35,25,29,3376,27987
2023-03-22 15:35:35,24,29,3376,27987
2023-03-22 15:35:39,25,29,3376,27987
2023-03-22 15:35:39,25,28,3376,27987
2023-03-22 15:35:45,24,28,3356,28007
2023-03-22 15:35:45,23,28,3356,28007
2023-03-22 15:35:46,23,27,3356,28007
2023-03-22 15:35:51,25,27,3356,28007
2023-03-22 15:35:54,22,27,3371,28063
2023-03-22 15:35:54,22,28,3371,28063
2023-03-22 15:35:55,22,28,3371,28063
2023-03-22 15:35:55,22,25,3371,28063
2023-03-22 15:35:57,22,24,3371,28063
2023-03-22 15:35:58,21,24,3337,28142
2023-03-22 15:35:58,21,23,3337,28142
2023-03-22 15:36:01,21,22,3337,28142
2023-03-22 15:36:08,17,22,3403,28208
2023-03-22 15:36:21,17,22,3403,28298
2023-03-22 15:36:21,17,21,3403,28298
2023-03-22 15:36:21,17,19,3403,28298
2023-03-22 15:36:24,17,18,3403,28298
2023-03-22 15:36:28,16,17,3403,28494
2023-03-22 15:36:29,15,17,3392,28505
2023-03-22 15:36:31,15,18,3392,28505
2023-03-22 15:36:32,15,18,3392,28505
2023-03-22 15:36:39,14,15,3638,28966
2023-03-22 15:36:40,13,15,3627,28977
2023-03-22 15:36:45,12,15,3617,29027
2023-03-22 15:36:45,12,17,3617,29027
2023-03-22 15:36:45,13,17,3617,29027
2023-03-22 15:36:49,13,18,3617,29027
2023-03-22 15:36:49,13,16,3617,29027
2023-03-22 15:36:50,15,16,3617,29027
2023-03-22 15:36:51,16,18,3760,29170
2023-03-22 15:36:51,13,18,3750,29237
2023-03-22 15:36:52,13,16,3750,29237
2023-03-22 15:36:55,11,16,3750,29237
2023-03-22 15:36:55,14,16,3750,29237
2023-03-22 15:36:56,16,18,3750,29365
2023-03-22 15:37:04,15,18,3750,29365
2023-03-22 15:37:11,14,18,3750,29365
2023-03-22 15:37:17,13,18,3750,29365
2023-03-22 15:37:17,11,18,3750,29365
2023-03-22 15:37:17,11,17,3750,29365
2023-03-22 15:37:20,12,17,3750,29365
2023-03-22 15:37:23,12,15,3750,29365
2023-03-22 15:37:24,11,15,3750,29365
2023-03-22 15:37:24,13,15,3750,29365
2023-03-22 15:37:26,15,18,3750,29493
2023-03-22 15:37:35,13,18,3750,29493
2023-03-22 15:37:46,11,18,3750,29493
2023-03-22 15:37:46,15,18,3750,29493
2023-03-22 15:37:48,13,18,3750,29493
2023-03-22 15:37:48,16,18,3750,29493
2023-03-22 15:37:49,16,21,3750,29493
2023-03-22 15:37:50,16,20,3750,29493
2023-03-22 15:38:00,13,20,3750,29493
2023-03-22 15:38:06,14,19,3750,29493
2023-03-22 15:38:10,13,19,3750,29493
2023-03-22 15:38:12,13,20,3750,29493
2023-03-22 15:38:12,11,17,3750,29493
2023-03-22 15:38:16,12,17,3750,29493
2023-03-22 15:38:17,11,17,3750,29493
2023-03-22 15:38:21,11,15,3750,29493
2023-03-22 15:38:48,12,15,3750,29493
2023-03-22 15:39:04,11,15,3750,29493
2023-03-22 15:39:10,12,15,3750,29493
2023-03-22 15:39:10,12,17,3750,29493
2023-03-22 15:39:14,14,17,3750,29493
2023-03-22 15:39:14,14,20,3750,29493
2023-03-22 15:39:15,15,20,3750,29493
2023-03-22 15:39:23,15,18,3750,29493
2023-03-22 15:39:23,12,18,3750,29493
2023-03-22 15:39:23,13,18,3750,29493
2023-03-22 15:39:24,12,18,3750,29493
2023-03-22 15:39:24,14,18,3750,29493
2023-03-22 15:39:49,12,18,3750,29493
2023-03-22 15:39:50,12,16,3750,29493
2023-03-22 15:39:57,13,16,3750,29493
2023-03-22 15:39:58,13,18,3750,29493
2023-03-22 15:40:00,12,18,3750,29493
2023-03-22 15:40:00,14,18,3750,29493
2023-03-22 15:40:05,13,18,3750,29493
2023-03-22 15:40:05,15,18,3750,29493
2023-03-22 15:40:06,15,20,3750,29493
2023-03-22 15:40:06,13,20,3750,29493
2023-03-22 15:40:08,13,20,3750,29493
2023-03-22 15:40:08,18,20,3750,29493
2023-03-22 15:40:10,19,20,3750,29493
2023-03-22 15:40:10,19,23,3750,29493
2023-03-22 15:40:12,13,23,3750,29493
2023-03-22 15:40:12,20,23,3750,29493
2023-03-22 15:40:13,20,26,3750,29493
2023-03-22 15:40:16,20,22,3750,29493
2023-03-22 15:40:16,18,22,3750,29493
2023-03-22 15:40:17,17,22,3750,29493
2023-03-22 15:40:20,15,22,3750,29493
2023-03-22 15:40:20,18,22,3750,29493
2023-03-22 15:40:26,15,22,3750,29493
2023-03-22 15:40:28,17,22,3750,29493
2023-03-22 15:40:31,17,22,3750,29503
2023-03-22 15:40:31,17,21,3750,29503
2023-03-22 15:40:31,17,20,3750,29503
2023-03-22 15:40:31,17,19,3750,29503
2023-03-22 15:40:31,17,19,3750,29516
2023-03-22 15:40:31,17,19,3750,29529
2023-03-22 15:40:31,17,20,3750,29529
2023-03-22 15:40:34,15,20,3750,29529
2023-03-22 15:40:35,13,21,3750,29529
2023-03-22 15:40:35,19,22,3750,29529
2023-03-22 15:40:43,19,21,3750,29529
2023-03-22 15:40:48,17,21,3750,29529
2023-03-22 15:40:50,17,20,3750,29529
2023-03-22 15:40:56,17,21,3750,29529
2023-03-22 15:40:58,17,21,3750,29529
2023-03-22 15:40:58,20,21,3750,29529
2023-03-22 15:40:59,20,23,3750,29529
2023-03-22 15:41:10,20,22,3750,29529
2023-03-22 15:41:13,18,22,3750,29529
2023-03-22 15:41:17,18,21,3750,29529
2023-03-22 15:41:18,18,20,3750,29529
2023-03-22 15:41:19,17,20,3750,29529
2023-03-22 15:41:27,17,20,3587,29692
2023-03-22 15:41:34,17,19,3571,29708
2023-03-22 15:41:34,15,19,3571,29708
2023-03-22 15:41:35,13,19,3571,29708
2023-03-22 15:41:35,13,17,3571,29708
2023-03-22 15:41:42,13,16,3571,29708
2023-03-22 15:41:51,13,18,3571,29708
2023-03-22 15:41:52,13,18,3571,29708
2023-03-22 15:41:56,13,18,3571,29708
2023-03-22 15:41:56,13,16,3571,29708
2023-03-22 15:42:08,14,16,3571,29708
2023-03-22 15:42:09,14,18,3571,29708
2023-03-22 15:42:11,13,18,3571,29708
2023-03-22 15:42:11,13,17,3571,29708
2023-03-22 15:42:19,13,18,3571,29708
2023-03-22 15:42:19,14,18,3571,29708
2023-03-22 15:42:21,15,18,3571,29708
2023-03-22 15:42:35,13,18,3571,29708
2023-03-22 15:42:37,13,18,3571,29708
2023-03-22 15:42:50,14,18,3771,29908
2023-03-22 15:42:52,15,18,3771,29908
2023-03-22 15:42:53,17,20,3771,29908
2023-03-22 15:42:53,15,20,3771,29908
2023-03-22 15:42:53,15,22,3771,29908
2023-03-22 15:42:53,18,22,3771,29908
2023-03-22 15:42:55,19,22,3771,29908
2023-03-22 15:42:57,20,22,3771,29908
2023-03-22 15:43:01,19,24,3771,29908
2023-03-22 15:43:07,21,23,3771,29908
2023-03-22 15:43:08,22,23,3771,29908
2023-03-22 15:43:09,22,26,3771,29908
2023-03-22 15:43:09,22,25,3771,29908
2023-03-22 15:43:11,22,27,3771,29908
2023-03-22 15:43:11,20,27,3771,29908
2023-03-22 15:43:12,20,27,3771,29908
2023-03-22 15:43:12,20,22,3771,29908
2023-03-22 15:43:14,17,20,3771,29908
2023-03-22 15:43:18,14,20,3771,29908
2023-03-22 15:43:18,18,20,3771,29908
2023-03-22 15:43:18,18,22,3771,29908
2023-03-22 15:43:21,18,21,3771,29908
2023-03-22 15:43:22,18,22,3771,29908
2023-03-22 15:43:29,18,21,3771,29908
2023-03-22 15:43:32,18,22,3771,29908
2023-03-22 15:43:35,16,22,3771,29908
2023-03-22 15:43:56,16,22,3771,29908
2023-03-22 15:43:56,14,23,3771,29908
2023-03-22 15:44:04,20,22,3771,29908
2023-03-22 15:44:04,18,22,3771,29908
2023-03-22 15:44:07,16,22,3771,29908
2023-03-22 15:44:07,16,20,3771,29908
2023-03-22 15:44:09,17,20,3771,29908
2023-03-22 15:44:10,16,20,3771,29908
2023-03-22 15:44:12,16,19,3771,29908
2023-03-22 15:44:13,14,19,3771,29908
2023-03-22 15:44:13,15,18,3771,29908
2023-03-22 15:44:16,14,18,3771,29908
2023-03-22 15:44:18,15,18,3771,29908
2023-03-22 15:44:23,15,19,3771,29908
2023-03-22 15:44:23,15,17,3771,29908
2023-03-22 15:44:28,15,16,3771,29908
2023-03-22 15:44:31,14,15,3771,29918
2023-03-22 15:44:41,14,15,3776,29923
2023-03-22 15:44:56,12,14,3901,30048
2023-03-22 15:44:56,12,13,3901,30048
2023-03-22 15:45:02,11,12,3901,30058
2023-03-22 15:45:15,10,12,3901,30058
2023-03-22 15:45:15,9,12,3901,30058
2023-03-22 15:45:29,9,11,3901,30058
2023-03-22 15:45:29,8,11,3901,30058
2023-03-22 15:45:30,8,10,3901,30058
2023-03-22 15:45:43,8,9,3901,30058
2023-03-22 15:45:48,8,9,4146,30303
2023-03-22 15:45:50,5,8,4146,30436
2023-03-22 15:45:57,5,9,4146,30436
2023-03-22 15:46:06,5,13,4146,30436
2023-03-22 15:46:34,5,7,4171,30461
2023-03-22 15:46:49,5,13,4171,30461
2023-03-22 15:46:49,5,9,4171,30461
2023-03-22 15:46:49,5,8,4171,30461
2023-03-22 15:46:49,5,9,4171,30461
2023-03-22 15:46:57,5,13,4171,30461
2023-03-22 15:47:11,6,7,4171,30461
2023-03-22 15:47:17,6,7,4271,30561
2023-03-22 15:47:42,5,6,4299,30589
2023-03-22 15:47:42,6,7,4321,30611
2023-03-22 15:48:03,6,7,4341,30631
2023-03-22 15:48:07,6,11,4366,30656
2023-03-22 15:48:07,6,11,4371,30661
2023-03-22 15:48:17,5,6,4371,30717
2023-03-22 15:48:21,3,5,4371,30892
2023-03-22 15:48:22,5,11,4371,30917
2023-03-22 15:48:22,5,10,4371,30917
2023-03-22 15:48:24,3,5,4371,31020
2023-03-22 15:48:29,3,9,4371,31020
2023-03-22 15:48:31,3,10,4371,31020
2023-03-22 15:48:31,3,8,4371,31020
2023-03-22 15:48:31,3,10,4371,31020
2023-03-22 15:48:43,5,10,4371,31020
2023-03-22 15:48:53,3,10,4371,31120
2023-03-22 15:48:54,3,5,4371,31120
2023-03-22 15:50:00,3,5,4424,31173
2023-03-22 15:50:00,3,4,4424,31173
2023-03-22 15:50:01,3,4,4424,31270
2023-03-22 15:50:02,3,5,4424,31270
2023-03-22 15:50:02,3,5,4523,31369
2023-03-22 15:50:02,3,5,4622,31468
2023-03-22 15:50:08,2,5,4657,31503
2023-03-22 15:50:42,2,4,4657,31503
2023-03-22 15:50:53,2,4,4682,31528
2023-03-22 15:51:11,1,4,4707,31567
2023-03-22 15:51:15,1,3,4707,31567
2023-03-22 15:51:16,1,4,4707,31567
2023-03-22 15:51:35,0,4,4757,31673
2023-03-22 15:51:40,0,3,4757,31673
2023-03-22 15:52:16,0,1,4757,31673
2023-03-22 15:52:17,0,1,4944,31860
