datetime,bid,ask,open_interest,volume
2023-01-19 09:31:51,23,28,0,0
2023-01-19 09:32:28,23,28,100,100
2023-01-19 09:32:42,15,28,150,150
2023-01-19 09:37:24,15,100,150,150
2023-01-19 09:37:25,15,28,150,150
2023-01-19 09:38:10,15,28,237,237
2023-01-19 09:40:49,15,25,237,237
2023-01-19 09:40:50,15,23,237,237
2023-01-19 09:40:50,16,23,237,237
2023-01-19 09:40:50,16,21,237,237
2023-01-19 09:41:20,14,21,237,237
2023-01-19 09:41:21,14,19,237,237
2023-01-19 09:41:21,15,19,237,237
2023-01-19 09:41:47,15,21,237,237
2023-01-19 09:41:48,15,22,237,237
2023-01-19 09:41:48,15,20,237,237
2023-01-19 09:42:48,17,20,237,237
2023-01-19 09:42:49,17,25,237,237
2023-01-19 09:42:49,17,21,237,237
2023-01-19 09:43:18,17,27,237,237
2023-01-19 09:43:18,17,24,237,237
2023-01-19 09:43:19,17,22,237,237
2023-01-19 09:43:53,17,22,287,287
2023-01-19 09:44:01,17,22,337,387
2023-01-19 09:44:03,17,22,387,437
2023-01-19 09:44:10,17,22,487,537
2023-01-19 09:44:10,22,24,493,549
2023-01-19 09:44:18,17,24,493,549
2023-01-19 09:44:19,19,24,493,549
2023-01-19 09:44:48,20,24,493,549
2023-01-19 09:44:48,20,25,493,549
2023-01-19 09:45:11,20,25,555,649
2023-01-19 09:45:12,20,25,580,699
2023-01-19 09:45:21,20,27,720,839
2023-01-19 09:45:22,22,27,720,839
2023-01-19 09:46:21,24,27,720,839
2023-01-19 09:46:22,24,28,720,839
2023-01-19 09:46:47,22,28,720,839
2023-01-19 09:46:47,20,28,720,839
2023-01-19 09:46:48,19,28,720,839
2023-01-19 09:46:48,23,28,720,839
2023-01-19 09:47:19,24,28,720,839
2023-01-19 09:47:28,24,29,720,839
2023-01-19 09:47:47,22,29,720,839
2023-01-19 09:47:47,19,29,720,839
2023-01-19 09:47:48,19,31,720,839
2023-01-19 09:47:48,25,31,720,839
2023-01-19 09:47:49,25,33,720,839
2023-01-19 09:47:49,25,32,720,839
2023-01-19 09:47:49,25,30,720,839
2023-01-19 09:48:45,25,32,1039,1158
2023-01-19 09:49:18,21,32,1039,1158
2023-01-19 09:49:19,24,32,1039,1158
2023-01-19 09:49:19,24,31,1039,1158
2023-01-19 09:49:19,26,31,1039,1158
2023-01-19 09:49:48,25,31,1039,1158
2023-01-19 09:49:48,27,31,1039,1158
2023-01-19 09:49:48,27,34,1039,1158
2023-01-19 09:49:48,27,32,1039,1158
2023-01-19 09:50:42,27,31,1039,1158
2023-01-19 09:50:48,25,31,1039,1158
2023-01-19 09:50:49,23,31,1039,1158
2023-01-19 09:50:52,24,31,1039,1158
2023-01-19 09:50:52,26,31,1039,1158
2023-01-19 09:51:48,24,31,1039,1158
2023-01-19 09:51:48,26,31,1039,1158
2023-01-19 09:53:48,24,31,1039,1158
2023-01-19 09:53:48,27,31,1039,1158
2023-01-19 09:54:18,25,31,1039,1158
2023-01-19 09:54:19,26,31,1039,1158
2023-01-19 09:55:22,24,31,1039,1158
2023-01-19 09:55:23,26,31,1039,1158
2023-01-19 09:55:49,22,31,1039,1158
2023-01-19 09:55:50,25,31,1039,1158
2023-01-19 09:56:21,25,30,1039,1158
2023-01-19 09:56:48,25,31,1039,1158
2023-01-19 09:56:50,24,31,1039,1158
2023-01-19 09:56:50,24,29,1039,1158
2023-01-19 09:57:20,24,30,1039,1158
2023-01-19 09:57:51,22,30,1039,1158
2023-01-19 09:57:51,22,28,1039,1158
2023-01-19 09:57:51,23,28,1039,1158
2023-01-19 09:58:47,21,28,1039,1158
2023-01-19 09:58:47,21,26,1039,1158
2023-01-19 09:59:48,21,28,1039,1158
2023-01-19 09:59:48,21,27,1039,1158
2023-01-19 09:59:48,22,27,1039,1158
2023-01-19 10:00:50,22,29,1039,1158
2023-01-19 10:00:51,24,29,1039,1158
2023-01-19 10:01:19,22,29,1039,1158
2023-01-19 10:01:20,25,29,1039,1158
2023-01-19 10:01:20,25,30,1039,1158
2023-01-19 10:02:19,21,30,1039,1158
2023-01-19 10:02:19,20,30,1039,1158
2023-01-19 10:02:21,20,31,1039,1158
2023-01-19 10:02:21,22,31,1039,1158
2023-01-19 10:02:21,24,31,1039,1158
2023-01-19 10:02:21,24,29,1039,1158
2023-01-19 10:02:47,24,31,1039,1158
2023-01-19 10:02:47,22,31,1039,1158
2023-01-19 10:02:47,20,31,1039,1158
2023-01-19 10:02:48,21,31,1039,1158
2023-01-19 10:02:48,21,30,1039,1158
2023-01-19 10:02:48,23,30,1039,1158
2023-01-19 10:02:49,23,28,1039,1158
2023-01-19 10:03:47,21,28,1039,1158
2023-01-19 10:03:47,21,31,1039,1158
2023-01-19 10:03:48,22,31,1039,1158
2023-01-19 10:03:48,24,31,1039,1158
2023-01-19 10:03:49,24,29,1039,1158
2023-01-19 10:04:19,24,31,1039,1158
2023-01-19 10:04:19,20,31,1039,1158
2023-01-19 10:04:19,20,30,1039,1158
2023-01-19 10:04:19,23,30,1039,1158
2023-01-19 10:04:20,25,30,1039,1158
2023-01-19 10:04:47,23,30,1039,1158
2023-01-19 10:04:47,23,29,1039,1158
2023-01-19 10:04:48,24,29,1039,1158
2023-01-19 10:05:49,22,29,1039,1158
2023-01-19 10:05:49,22,28,1039,1158
2023-01-19 10:05:49,23,28,1039,1158
2023-01-19 10:06:21,22,28,1039,1158
2023-01-19 10:06:22,22,31,1039,1158
2023-01-19 10:06:22,24,31,1039,1158
2023-01-19 10:06:25,24,29,1039,1158
2023-01-19 10:06:48,22,29,1039,1158
2023-01-19 10:06:48,22,27,1039,1158
2023-01-19 10:08:47,22,29,1039,1158
2023-01-19 10:08:47,22,28,1039,1158
2023-01-19 10:08:48,21,28,1039,1158
2023-01-19 10:08:48,23,28,1039,1158
2023-01-19 10:09:18,23,31,1039,1158
2023-01-19 10:09:18,21,31,1039,1158
2023-01-19 10:09:18,21,29,1039,1158
2023-01-19 10:09:19,22,29,1039,1158
2023-01-19 10:09:20,22,27,1039,1158
2023-01-19 10:09:47,22,29,1039,1158
2023-01-19 10:09:48,22,28,1039,1158
2023-01-19 10:09:48,22,26,1039,1158
2023-01-19 10:10:24,22,31,1039,1158
2023-01-19 10:10:24,22,29,1039,1158
2023-01-19 10:10:26,22,27,1039,1158
2023-01-19 10:10:28,22,27,1044,1168
2023-01-19 10:10:43,22,26,1044,1168
2023-01-19 10:10:49,20,26,1044,1168
2023-01-19 10:10:49,22,26,1044,1168
2023-01-19 10:11:19,20,26,1044,1168
2023-01-19 10:11:19,19,26,1044,1168
2023-01-19 10:11:20,21,26,1044,1168
2023-01-19 10:11:20,23,26,1044,1168
2023-01-19 10:11:30,23,28,1054,1178
2023-01-19 10:11:48,23,30,1054,1178
2023-01-19 10:11:48,19,30,1054,1178
2023-01-19 10:11:48,19,29,1054,1178
2023-01-19 10:11:48,20,29,1054,1178
2023-01-19 10:11:48,22,29,1054,1178
2023-01-19 10:11:49,24,29,1054,1178
2023-01-19 10:12:19,24,32,1054,1178
2023-01-19 10:12:20,24,30,1054,1178
2023-01-19 10:12:47,24,32,1054,1178
2023-01-19 10:12:47,24,34,1054,1178
2023-01-19 10:12:48,24,31,1054,1178
2023-01-19 10:12:48,26,31,1054,1178
2023-01-19 10:13:19,24,31,1054,1178
2023-01-19 10:13:19,27,31,1054,1178
2023-01-19 10:13:21,27,33,1054,1178
2023-01-19 10:13:48,26,33,1054,1178
2023-01-19 10:13:49,26,31,1054,1178
2023-01-19 10:14:17,26,33,1054,1178
2023-01-19 10:14:17,27,33,1054,1178
2023-01-19 10:14:17,27,32,1054,1178
2023-01-19 10:14:47,25,32,1054,1178
2023-01-19 10:14:47,25,34,1054,1178
2023-01-19 10:14:48,25,31,1054,1178
2023-01-19 10:14:48,24,31,1054,1178
2023-01-19 10:14:49,26,31,1054,1178
2023-01-19 10:15:21,24,31,1054,1178
2023-01-19 10:15:21,23,31,1054,1178
2023-01-19 10:15:22,23,35,1054,1178
2023-01-19 10:15:22,23,34,1054,1178
2023-01-19 10:15:23,23,32,1054,1178
2023-01-19 10:15:24,25,32,1054,1178
2023-01-19 10:15:24,27,32,1054,1178
2023-01-19 10:16:47,25,32,1054,1178
2023-01-19 10:16:48,25,33,1054,1178
2023-01-19 10:16:48,26,33,1054,1178
2023-01-19 10:16:48,26,31,1054,1178
2023-01-19 10:17:47,24,31,1054,1178
2023-01-19 10:17:48,23,31,1054,1178
2023-01-19 10:17:49,23,34,1054,1178
2023-01-19 10:17:49,25,34,1054,1178
2023-01-19 10:17:49,25,30,1054,1178
2023-01-19 10:18:06,23,30,1054,1444
2023-01-19 10:18:18,21,30,1054,1444
2023-01-19 10:18:19,17,30,1054,1444
2023-01-19 10:18:19,17,27,1054,1444
2023-01-19 10:18:19,17,25,1054,1444
2023-01-19 10:18:19,20,25,1054,1444
2023-01-19 10:18:46,20,27,1054,1444
2023-01-19 10:18:47,19,27,1054,1444
2023-01-19 10:18:47,19,26,1054,1444
2023-01-19 10:18:48,21,26,1054,1444
2023-01-19 10:19:17,19,26,1054,1444
2023-01-19 10:19:17,17,26,1054,1444
2023-01-19 10:19:17,20,26,1054,1444
2023-01-19 10:19:17,22,26,1054,1444
2023-01-19 10:19:18,22,27,1054,1444
2023-01-19 10:19:46,20,27,1054,1444
2023-01-19 10:19:46,23,27,1054,1444
2023-01-19 10:19:47,23,30,1054,1444
2023-01-19 10:19:47,23,28,1054,1444
2023-01-19 10:20:53,21,28,1054,1444
2023-01-19 10:20:53,23,28,1054,1444
2023-01-19 10:21:48,24,28,1054,1444
2023-01-19 10:21:49,24,29,1054,1444
2023-01-19 10:23:49,22,29,1054,1444
2023-01-19 10:23:49,22,31,1054,1444
2023-01-19 10:23:49,23,31,1054,1444
2023-01-19 10:23:49,25,31,1054,1444
2023-01-19 10:23:51,25,32,1054,1444
2023-01-19 10:23:51,25,30,1054,1444
2023-01-19 10:25:21,23,30,1054,1444
2023-01-19 10:25:22,26,30,1054,1444
2023-01-19 10:25:22,26,31,1054,1444
2023-01-19 10:25:48,26,32,1054,1444
2023-01-19 10:26:18,26,34,1054,1444
2023-01-19 10:26:19,26,31,1054,1444
2023-01-19 10:27:19,26,35,1054,1444
2023-01-19 10:27:19,26,34,1054,1444
2023-01-19 10:27:19,26,30,1054,1444
2023-01-19 10:27:19,22,30,1054,1444
2023-01-19 10:27:19,23,30,1054,1444
2023-01-19 10:27:20,25,30,1054,1444
2023-01-19 10:27:47,24,30,1054,1444
2023-01-19 10:27:47,24,32,1054,1444
2023-01-19 10:27:48,24,31,1054,1444
2023-01-19 10:27:48,26,31,1054,1444
2023-01-19 10:29:19,26,33,1054,1444
2023-01-19 10:29:20,27,33,1054,1444
2023-01-19 10:29:21,27,32,1054,1444
2023-01-19 10:29:47,27,31,1054,1444
2023-01-19 10:29:47,25,31,1054,1444
2023-01-19 10:29:47,26,31,1054,1444
2023-01-19 10:30:49,27,31,1054,1444
2023-01-19 10:30:49,27,33,1054,1444
2023-01-19 10:30:49,27,35,1054,1444
2023-01-19 10:30:49,27,39,1054,1444
2023-01-19 10:30:50,27,36,1054,1444
2023-01-19 10:30:51,27,34,1054,1444
2023-01-19 10:30:51,27,32,1054,1444
2023-01-19 10:31:47,25,32,1054,1444
2023-01-19 10:31:47,26,32,1054,1444
2023-01-19 10:32:19,27,32,1054,1444
2023-01-19 10:33:19,27,34,1054,1444
2023-01-19 10:33:19,23,34,1054,1444
2023-01-19 10:33:20,28,34,1054,1444
2023-01-19 10:33:20,28,33,1054,1444
2023-01-19 10:34:18,24,33,1054,1444
2023-01-19 10:34:18,27,33,1054,1444
2023-01-19 10:34:48,25,33,1054,1444
2023-01-19 10:34:48,26,33,1054,1444
2023-01-19 10:34:50,28,33,1054,1444
2023-01-19 10:36:47,28,35,1054,1444
2023-01-19 10:36:48,28,34,1054,1444
2023-01-19 10:37:18,26,34,1054,1444
2023-01-19 10:37:19,29,34,1054,1444
2023-01-19 10:37:48,27,34,1054,1444
2023-01-19 10:37:48,28,34,1054,1444
2023-01-19 10:38:19,28,33,1054,1444
2023-01-19 10:38:47,26,33,1054,1444
2023-01-19 10:38:48,26,32,1054,1444
2023-01-19 10:38:48,24,32,1054,1444
2023-01-19 10:38:48,27,32,1054,1444
2023-01-19 10:39:20,27,34,1054,1444
2023-01-19 10:39:20,27,35,1054,1444
2023-01-19 10:39:20,24,35,1054,1444
2023-01-19 10:39:21,24,31,1054,1444
2023-01-19 10:39:22,26,31,1054,1444
2023-01-19 10:39:50,25,31,1054,1444
2023-01-19 10:40:24,24,31,1054,1444
2023-01-19 10:40:25,26,31,1054,1444
2023-01-19 10:40:49,26,33,1054,1444
2023-01-19 10:40:52,26,31,1054,1444
2023-01-19 10:41:19,25,31,1054,1444
2023-01-19 10:41:48,23,31,1054,1444
2023-01-19 10:41:48,22,31,1054,1444
2023-01-19 10:41:48,24,31,1054,1444
2023-01-19 10:41:48,26,31,1054,1444
2023-01-19 10:42:18,27,31,1054,1444
2023-01-19 10:42:19,27,32,1054,1444
2023-01-19 10:42:48,25,32,1054,1444
2023-01-19 10:42:48,25,30,1054,1444
2023-01-19 10:43:46,25,32,1054,1444
2023-01-19 10:43:47,27,32,1054,1444
2023-01-19 10:44:19,27,37,1054,1444
2023-01-19 10:44:19,28,37,1054,1444
2023-01-19 10:44:20,28,35,1054,1444
2023-01-19 10:44:21,28,33,1054,1444
2023-01-19 10:45:22,28,34,1054,1444
2023-01-19 10:45:49,29,34,1054,1444
2023-01-19 10:45:49,29,35,1054,1444
2023-01-19 10:46:19,29,37,1054,1444
2023-01-19 10:46:19,29,39,1054,1444
2023-01-19 10:46:19,29,38,1054,1444
2023-01-19 10:46:19,29,34,1054,1444
2023-01-19 10:46:47,29,36,1054,1444
2023-01-19 10:46:48,31,36,1054,1444
2023-01-19 10:47:47,26,36,1054,1444
2023-01-19 10:47:48,28,36,1054,1444
2023-01-19 10:47:48,28,35,1054,1444
2023-01-19 10:47:48,30,35,1054,1444
2023-01-19 10:48:48,30,37,1054,1444
2023-01-19 10:48:48,31,37,1054,1444
2023-01-19 10:48:48,31,36,1054,1444
2023-01-19 10:49:45,31,35,1054,1444
2023-01-19 10:49:52,30,35,1054,1444
2023-01-19 10:50:23,26,35,1054,1444
2023-01-19 10:50:23,29,35,1054,1444
2023-01-19 10:50:24,31,35,1054,1444
2023-01-19 10:53:47,29,35,1054,1444
2023-01-19 10:53:48,30,35,1054,1444
2023-01-19 10:53:48,32,35,1054,1444
2023-01-19 10:55:22,30,35,1054,1444
2023-01-19 10:55:22,32,35,1054,1444
2023-01-19 10:55:30,32,37,1064,1454
2023-01-19 10:55:48,32,39,1064,1454
2023-01-19 10:55:49,34,39,1064,1454
2023-01-19 10:56:47,34,41,1064,1454
2023-01-19 10:56:48,34,43,1064,1454
2023-01-19 10:56:48,34,42,1064,1454
2023-01-19 10:56:48,34,40,1064,1454
2023-01-19 10:57:17,32,40,1064,1454
2023-01-19 10:57:19,34,40,1064,1454
2023-01-19 10:57:20,34,39,1064,1454
2023-01-19 10:58:20,37,39,1064,1454
2023-01-19 10:59:55,37,39,1068,1458
2023-01-19 11:03:49,37,38,1068,1458
2023-01-19 11:04:18,37,39,1068,1458
2023-01-19 11:08:17,37,38,1068,1458
2023-01-19 11:08:48,37,39,1068,1458
2023-01-19 11:08:51,33,39,1332,1828
2023-01-19 11:09:17,33,37,1332,1828
2023-01-19 11:09:19,32,37,1332,1828
2023-01-19 11:09:46,28,37,1332,1828
2023-01-19 11:09:46,29,37,1332,1828
2023-01-19 11:09:46,31,37,1332,1828
2023-01-19 11:10:22,31,36,1332,1828
2023-01-19 11:10:48,30,36,1332,1828
2023-01-19 11:10:48,30,35,1332,1828
2023-01-19 11:11:18,28,35,1332,1828
2023-01-19 11:11:18,28,33,1332,1828
2023-01-19 11:12:20,26,33,1332,1828
2023-01-19 11:12:20,28,33,1332,1828
2023-01-19 11:12:49,28,34,1332,1828
2023-01-19 11:13:18,28,33,1332,1828
2023-01-19 11:14:47,28,35,1332,1828
2023-01-19 11:14:47,26,35,1332,1828
2023-01-19 11:14:47,26,39,1332,1828
2023-01-19 11:14:48,24,39,1332,1828
2023-01-19 11:14:48,25,39,1332,1828
2023-01-19 11:14:48,27,39,1332,1828
2023-01-19 11:14:48,29,39,1332,1828
2023-01-19 11:14:48,29,36,1332,1828
2023-01-19 11:14:48,29,34,1332,1828
2023-01-19 11:16:18,27,34,1332,1828
2023-01-19 11:16:19,27,35,1332,1828
2023-01-19 11:16:19,30,35,1332,1828
2023-01-19 11:16:38,30,35,1337,1838
2023-01-19 11:17:51,30,36,1363,1891
2023-01-19 11:18:17,31,36,1363,1891
2023-01-19 11:18:32,31,36,1644,2224
2023-01-19 11:18:48,31,38,1644,2224
2023-01-19 11:18:48,32,38,1644,2224
2023-01-19 11:19:18,33,38,1644,2224
2023-01-19 11:20:50,33,39,1644,2224
2023-01-19 11:20:51,32,39,1644,2224
2023-01-19 11:20:52,34,39,1644,2224
2023-01-19 11:21:46,32,39,1644,2224
2023-01-19 11:21:46,34,39,1644,2224
2023-01-19 11:24:18,35,39,1644,2224
2023-01-19 11:25:49,28,39,1644,2224
2023-01-19 11:25:49,30,39,1644,2224
2023-01-19 11:25:49,32,39,1644,2224
2023-01-19 11:25:49,34,39,1644,2224
2023-01-19 11:26:18,35,39,1644,2224
2023-01-19 11:26:46,33,39,1644,2224
2023-01-19 11:26:46,36,39,1644,2224
2023-01-19 11:29:18,34,39,1644,2224
2023-01-19 11:29:18,36,39,1644,2224
2023-01-19 11:29:47,37,39,1644,2224
2023-01-19 11:30:25,29,39,1644,2224
2023-01-19 11:30:25,32,39,1644,2224
2023-01-19 11:30:25,36,39,1644,2224
2023-01-19 11:31:47,37,39,1644,2224
2023-01-19 11:32:18,35,39,1644,2224
2023-01-19 11:32:19,34,39,1644,2224
2023-01-19 11:32:19,36,39,1644,2224
2023-01-19 11:32:46,37,39,1644,2224
2023-01-19 11:38:47,30,39,1644,2224
2023-01-19 11:38:47,36,39,1644,2224
2023-01-19 11:38:47,38,39,1644,2224
2023-01-19 11:39:17,34,39,1644,2224
2023-01-19 11:39:17,30,39,1644,2224
2023-01-19 11:39:18,37,39,1644,2224
2023-01-19 11:42:47,30,39,1644,2224
2023-01-19 11:42:47,34,39,1644,2224
2023-01-19 11:42:48,38,39,1644,2224
2023-01-19 11:44:04,38,44,1650,2230
2023-01-19 11:50:24,38,45,1650,2230
2023-01-19 11:50:24,38,43,1650,2230
2023-01-19 11:50:39,38,47,2400,2980
2023-01-19 11:50:47,38,50,2400,2980
2023-01-19 11:50:47,38,44,2400,2980
2023-01-19 11:51:48,40,44,2400,2980
2023-01-19 11:51:48,40,46,2400,2980
2023-01-19 11:52:18,39,46,2400,2980
2023-01-19 11:52:18,41,46,2400,2980
2023-01-19 11:53:47,38,46,2400,2980
2023-01-19 11:53:47,40,46,2400,2980
2023-01-19 11:54:17,36,46,2400,2980
2023-01-19 11:54:17,37,46,2400,2980
2023-01-19 11:54:17,39,46,2400,2980
2023-01-19 11:54:18,41,46,2400,2980
2023-01-19 11:54:47,41,48,2400,2980
2023-01-19 11:54:47,41,47,2400,2980
2023-01-19 11:55:48,41,46,2400,2980
2023-01-19 11:56:49,41,50,2400,2980
2023-01-19 11:56:49,39,50,2400,2980
2023-01-19 11:56:49,39,49,2400,2980
2023-01-19 11:56:49,41,49,2400,2980
2023-01-19 11:56:49,41,47,2400,2980
2023-01-19 11:57:43,41,44,2400,2980
2023-01-19 12:00:26,41,43,2400,2980
2023-01-19 12:01:19,39,43,2400,2980
2023-01-19 12:01:19,37,43,2400,2980
2023-01-19 12:01:19,31,43,2400,2980
2023-01-19 12:01:19,38,43,2400,2980
2023-01-19 12:01:19,40,43,2400,2980
2023-01-19 12:01:52,37,43,2400,2980
2023-01-19 12:01:52,39,43,2400,2980
2023-01-19 12:03:48,37,43,2400,2980
2023-01-19 12:03:48,39,43,2400,2980
2023-01-19 12:06:20,37,43,2400,2980
2023-01-19 12:06:20,36,43,2400,2980
2023-01-19 12:06:23,38,43,2400,2980
2023-01-19 12:07:47,39,43,2400,2980
2023-01-19 12:08:47,40,43,2400,2980
2023-01-19 12:10:51,36,43,2400,2980
2023-01-19 12:10:51,39,43,2400,2980
2023-01-19 12:11:18,40,43,2400,2980
2023-01-19 12:12:48,36,43,2400,2980
2023-01-19 12:12:48,39,43,2400,2980
2023-01-19 12:14:46,37,43,2400,2980
2023-01-19 12:14:47,38,43,2400,2980
2023-01-19 12:15:47,36,43,2400,2980
2023-01-19 12:15:48,36,42,2400,2980
2023-01-19 12:16:20,36,43,2400,2980
2023-01-19 12:16:20,36,41,2400,2980
2023-01-19 12:16:49,34,41,2400,2980
2023-01-19 12:16:49,32,41,2400,2980
2023-01-19 12:16:49,30,41,2400,2980
2023-01-19 12:16:49,33,41,2400,2980
2023-01-19 12:16:49,35,41,2400,2980
2023-01-19 12:17:19,35,43,2400,2980
2023-01-19 12:17:20,35,41,2400,2980
2023-01-19 12:17:47,35,43,2400,2980
2023-01-19 12:17:47,35,40,2400,2980
2023-01-19 12:17:47,33,40,2400,2980
2023-01-19 12:17:47,34,40,2400,2980
2023-01-19 12:18:17,34,39,2400,2980
2023-01-19 12:18:47,34,38,2400,2980
2023-01-19 12:19:20,31,38,2400,2980
2023-01-19 12:19:20,33,38,2400,2980
2023-01-19 12:19:20,35,38,2400,2980
2023-01-19 12:19:33,35,38,2405,2990
2023-01-19 12:19:48,31,38,2405,2990
2023-01-19 12:19:48,34,38,2405,2990
2023-01-19 12:20:26,30,38,2405,2990
2023-01-19 12:20:26,28,38,2405,2990
2023-01-19 12:20:27,33,38,2405,2990
2023-01-19 12:20:27,35,38,2405,2990
2023-01-19 12:20:50,36,38,2405,2990
2023-01-19 12:21:19,37,38,2405,2990
2023-01-19 12:21:47,35,38,2405,2990
2023-01-19 12:21:48,34,38,2405,2990
2023-01-19 12:21:48,36,38,2405,2990
2023-01-19 12:22:47,37,38,2405,2990
2023-01-19 12:24:23,39,44,2410,3000
2023-01-19 12:27:18,40,44,2410,3000
2023-01-19 12:27:33,41,44,2410,3000
2023-01-19 12:42:21,41,43,2410,3000
2023-01-19 12:43:06,38,43,2460,3100
2023-01-19 12:43:45,38,44,2460,3100
2023-01-19 12:43:45,36,44,2460,3100
2023-01-19 12:43:45,37,44,2460,3100
2023-01-19 12:43:46,39,44,2460,3100
2023-01-19 12:43:59,40,44,2460,3100
2023-01-19 12:46:46,40,43,2460,3100
2023-01-19 12:47:17,40,44,2460,3100
2023-01-19 12:48:18,41,44,2460,3100
2023-01-19 12:48:47,40,44,2460,3100
2023-01-19 12:49:18,41,44,2460,3100
2023-01-19 12:49:47,40,44,2460,3100
2023-01-19 12:50:24,41,44,2460,3100
2023-01-19 12:51:19,40,44,2460,3100
2023-01-19 12:51:47,41,44,2460,3100
2023-01-19 12:52:18,40,44,2460,3100
2023-01-19 12:52:19,42,44,2460,3100
2023-01-19 12:52:46,40,44,2460,3100
2023-01-19 12:52:46,41,44,2460,3100
2023-01-19 12:54:18,40,44,2460,3100
2023-01-19 12:54:46,41,44,2460,3100
2023-01-19 12:55:21,42,44,2460,3100
2023-01-19 12:55:48,40,44,2460,3100
2023-01-19 12:55:48,41,44,2460,3100
2023-01-19 12:55:49,43,44,2460,3100
2023-01-19 12:56:22,42,44,2460,3100
2023-01-19 12:58:47,41,44,2460,3100
2023-01-19 13:00:25,40,44,2460,3100
2023-01-19 13:01:47,40,43,2460,3100
2023-01-19 13:01:48,38,43,2593,3300
2023-01-19 13:02:17,34,43,2593,3300
2023-01-19 13:02:18,32,43,2593,3300
2023-01-19 13:02:18,33,43,2593,3300
2023-01-19 13:02:18,37,43,2593,3300
2023-01-19 13:02:30,38,43,2593,3300
2023-01-19 13:02:54,38,43,2603,3310
2023-01-19 13:03:18,37,43,2603,3310
2023-01-19 13:03:18,35,43,2603,3310
2023-01-19 13:03:18,36,43,2603,3310
2023-01-19 13:03:18,36,42,2603,3310
2023-01-19 13:03:18,36,37,2603,3310
2023-01-19 13:03:29,36,42,2608,3320
2023-01-19 13:03:48,36,41,2608,3320
2023-01-19 13:03:48,32,41,2608,3320
2023-01-19 13:03:48,32,39,2608,3320
2023-01-19 13:03:49,31,39,2608,3320
2023-01-19 13:03:49,31,37,2608,3320
2023-01-19 13:04:18,31,39,2608,3320
2023-01-19 13:04:18,31,38,2608,3320
2023-01-19 13:04:18,32,38,2608,3320
2023-01-19 13:05:04,33,38,2608,3320
2023-01-19 13:05:55,33,42,2608,3320
2023-01-19 13:05:55,33,41,2608,3320
2023-01-19 13:05:55,33,39,2608,3320
2023-01-19 13:06:21,33,41,2608,3320
2023-01-19 13:06:22,33,42,2608,3320
2023-01-19 13:06:22,33,40,2608,3320
2023-01-19 13:06:22,35,40,2608,3320
2023-01-19 13:08:19,35,42,2608,3320
2023-01-19 13:08:19,37,42,2608,3320
2023-01-19 13:08:48,35,42,2608,3320
2023-01-19 13:08:48,35,41,2608,3320
2023-01-19 13:08:48,33,41,2608,3320
2023-01-19 13:08:48,34,41,2608,3320
2023-01-19 13:08:49,36,41,2608,3320
2023-01-19 13:09:17,35,41,2608,3320
2023-01-19 13:10:24,33,41,2608,3320
2023-01-19 13:10:24,36,41,2608,3320
2023-01-19 13:11:20,36,42,2608,3320
2023-01-19 13:11:35,36,42,2728,3440
2023-01-19 13:11:47,38,42,2728,3440
2023-01-19 13:11:51,38,44,2728,3440
2023-01-19 13:12:51,38,43,2728,3440
2023-01-19 13:12:51,37,43,2728,3440
2023-01-19 13:13:18,35,43,2728,3440
2023-01-19 13:13:18,35,42,2728,3440
2023-01-19 13:13:18,34,42,2728,3440
2023-01-19 13:13:22,36,42,2728,3440
2023-01-19 13:13:23,36,39,2728,3440
2023-01-19 13:13:37,36,42,2728,3440
2023-01-19 13:13:48,36,41,2728,3440
2023-01-19 13:14:51,32,41,2728,3440
2023-01-19 13:14:52,33,41,2728,3440
2023-01-19 13:14:52,35,41,2728,3440
2023-01-19 13:15:22,35,40,2728,3440
2023-01-19 13:15:49,31,40,2728,3440
2023-01-19 13:15:49,38,40,2728,3440
2023-01-19 13:15:50,38,45,2728,3440
2023-01-19 13:16:19,38,47,2728,3440
2023-01-19 13:16:19,38,48,2728,3440
2023-01-19 13:16:19,38,46,2728,3440
2023-01-19 13:16:19,38,44,2728,3440
2023-01-19 13:16:47,37,44,2728,3440
2023-01-19 13:16:48,39,44,2728,3440
2023-01-19 13:17:17,39,48,2728,3440
2023-01-19 13:17:18,39,47,2728,3440
2023-01-19 13:17:18,39,45,2728,3440
2023-01-19 13:17:50,37,45,2728,3440
2023-01-19 13:17:50,39,45,2728,3440
2023-01-19 13:18:18,39,48,2728,3440
2023-01-19 13:18:18,39,46,2728,3440
2023-01-19 13:18:19,39,44,2728,3440
2023-01-19 13:18:47,37,44,2728,3440
2023-01-19 13:18:48,37,42,2728,3440
2023-01-19 13:19:17,35,42,2728,3440
2023-01-19 13:19:17,36,42,2728,3440
2023-01-19 13:19:18,36,41,2728,3440
2023-01-19 13:19:46,34,41,2728,3440
2023-01-19 13:19:47,34,45,2728,3440
2023-01-19 13:19:47,34,38,2728,3440
2023-01-19 13:19:48,32,38,2728,3440
2023-01-19 13:20:24,28,38,2728,3440
2023-01-19 13:20:24,28,41,2728,3440
2023-01-19 13:20:24,29,41,2728,3440
2023-01-19 13:20:25,31,41,2728,3440
2023-01-19 13:20:25,33,41,2728,3440
2023-01-19 13:20:28,33,39,2728,3440
2023-01-19 13:20:49,33,41,2728,3440
2023-01-19 13:20:49,33,40,2728,3440
2023-01-19 13:20:49,35,40,2728,3440
2023-01-19 13:21:19,35,42,2728,3440
2023-01-19 13:21:19,33,42,2728,3440
2023-01-19 13:21:19,31,42,2728,3440
2023-01-19 13:21:19,31,44,2728,3440
2023-01-19 13:21:20,32,44,2728,3440
2023-01-19 13:21:20,32,43,2728,3440
2023-01-19 13:21:20,32,41,2728,3440
2023-01-19 13:21:20,32,39,2728,3440
2023-01-19 13:21:20,34,39,2728,3440
2023-01-19 13:21:49,29,39,2728,3440
2023-01-19 13:21:49,29,37,2728,3440
2023-01-19 13:21:49,31,37,2728,3440
2023-01-19 13:22:19,30,37,2728,3440
2023-01-19 13:22:19,30,35,2728,3440
2023-01-19 13:22:47,28,35,2728,3440
2023-01-19 13:22:47,23,35,2728,3440
2023-01-19 13:22:47,29,35,2728,3440
2023-01-19 13:23:06,29,34,2728,3440
2023-01-19 13:23:18,28,34,2728,3440
2023-01-19 13:23:18,30,34,2728,3440
2023-01-19 13:23:28,30,34,2733,3450
2023-01-19 13:23:48,32,34,2733,3450
2023-01-19 13:24:19,31,34,2733,3450
2023-01-19 13:24:19,33,34,2733,3450
2023-01-19 13:24:48,23,34,2733,3450
2023-01-19 13:24:48,28,34,2733,3450
2023-01-19 13:24:49,30,34,2733,3450
2023-01-19 13:24:52,32,34,2733,3450
2023-01-19 13:25:21,34,39,2738,3460
2023-01-19 13:25:48,34,41,2738,3460
2023-01-19 13:25:49,36,41,2738,3460
2023-01-19 13:26:18,36,42,2738,3460
2023-01-19 13:26:47,36,44,2738,3460
2023-01-19 13:26:48,38,44,2738,3460
2023-01-19 13:26:48,38,43,2738,3460
2023-01-19 13:27:20,38,44,2738,3460
2023-01-19 13:28:48,36,44,2738,3460
2023-01-19 13:28:48,37,44,2738,3460
2023-01-19 13:28:48,37,42,2738,3460
2023-01-19 13:29:48,36,42,2738,3460
2023-01-19 13:30:48,36,40,2738,3460
2023-01-19 13:30:48,35,40,2738,3460
2023-01-19 13:31:17,35,40,2775,3560
2023-01-19 13:31:18,35,42,2775,3560
2023-01-19 13:31:18,35,44,2775,3560
2023-01-19 13:31:18,33,44,2775,3560
2023-01-19 13:31:18,33,43,2775,3560
2023-01-19 13:31:18,33,39,2775,3560
2023-01-19 13:31:48,33,38,2775,3560
2023-01-19 13:31:48,33,36,2775,3560
2023-01-19 13:31:48,31,36,2775,3560
2023-01-19 13:32:18,29,36,2775,3560
2023-01-19 13:32:18,28,36,2775,3560
2023-01-19 13:32:19,30,36,2775,3560
2023-01-19 13:32:47,30,35,2775,3560
2023-01-19 13:33:46,28,35,2775,3560
2023-01-19 13:33:47,27,35,2775,3560
2023-01-19 13:33:47,31,35,2775,3560
2023-01-19 13:33:47,31,37,2775,3560
2023-01-19 13:34:46,33,37,2775,3560
2023-01-19 13:34:47,33,38,2775,3560
2023-01-19 13:35:21,33,40,2775,3560
2023-01-19 13:35:21,33,37,2775,3560
2023-01-19 13:35:21,30,37,2775,3560
2023-01-19 13:35:21,32,37,2775,3560
2023-01-19 13:35:48,30,37,2775,3560
2023-01-19 13:35:49,30,35,2775,3560
2023-01-19 13:36:18,30,36,2775,3560
2023-01-19 13:36:18,31,36,2775,3560
2023-01-19 13:36:46,29,36,2775,3560
2023-01-19 13:36:46,29,34,2775,3560
2023-01-19 13:36:47,29,32,2775,3560
2023-01-19 13:36:47,27,32,2775,3560
2023-01-19 13:37:48,25,32,2775,3560
2023-01-19 13:37:48,26,32,2775,3560
2023-01-19 13:38:17,25,32,2775,3560
2023-01-19 13:38:17,27,32,2775,3560
2023-01-19 13:38:50,25,32,2775,3560
2023-01-19 13:38:50,25,38,2775,3560
2023-01-19 13:38:51,25,35,2775,3560
2023-01-19 13:38:51,25,33,2775,3560
2023-01-19 13:38:51,25,31,2775,3560
2023-01-19 13:39:17,25,33,2775,3560
2023-01-19 13:39:17,25,35,2775,3560
2023-01-19 13:39:18,25,30,2775,3560
2023-01-19 13:39:46,25,28,2775,3560
2023-01-19 13:39:47,23,28,2775,3560
2023-01-19 13:40:18,23,28,2825,3660
2023-01-19 13:40:24,21,28,2825,3660
2023-01-19 13:40:24,21,26,2825,3660
2023-01-19 13:40:49,21,23,2825,3660
2023-01-19 13:40:49,19,23,2825,3660
2023-01-19 13:40:51,17,23,2825,3660
2023-01-19 13:41:17,18,23,2825,3660
2023-01-19 13:41:47,16,23,2825,3660
2023-01-19 13:41:47,16,21,2825,3660
2023-01-19 13:41:47,17,21,2825,3660
2023-01-19 13:42:17,17,23,2825,3660
2023-01-19 13:42:17,17,25,2825,3660
2023-01-19 13:42:18,19,25,2825,3660
2023-01-19 13:42:18,19,29,2825,3660
2023-01-19 13:42:18,19,26,2825,3660
2023-01-19 13:42:18,19,24,2825,3660
2023-01-19 13:42:47,19,26,2825,3660
2023-01-19 13:42:47,20,26,2825,3660
2023-01-19 13:42:47,20,27,2825,3660
2023-01-19 13:42:47,20,25,2825,3660
2023-01-19 13:43:17,20,26,2825,3660
2023-01-19 13:43:17,21,26,2825,3660
2023-01-19 13:43:45,19,26,2825,3660
2023-01-19 13:43:45,17,26,2825,3660
2023-01-19 13:43:45,15,26,2825,3660
2023-01-19 13:43:46,22,26,2825,3660
2023-01-19 13:43:46,22,27,2825,3660
2023-01-19 13:44:17,20,27,2825,3660
2023-01-19 13:44:17,23,27,2825,3660
2023-01-19 13:44:18,23,28,2825,3660
2023-01-19 13:45:20,23,30,2825,3660
2023-01-19 13:45:20,23,31,2825,3660
2023-01-19 13:45:20,15,31,2825,3660
2023-01-19 13:45:20,22,31,2825,3660
2023-01-19 13:45:20,22,29,2825,3660
2023-01-19 13:45:20,24,29,2825,3660
2023-01-19 13:45:48,22,29,2825,3660
2023-01-19 13:45:48,21,29,2825,3660
2023-01-19 13:45:48,21,28,2825,3660
2023-01-19 13:45:48,23,28,2825,3660
2023-01-19 13:46:17,22,28,2825,3660
2023-01-19 13:46:17,22,35,2825,3660
2023-01-19 13:46:17,22,29,2825,3660
2023-01-19 13:46:17,22,27,2825,3660
2023-01-19 13:47:17,24,27,2825,3660
2023-01-19 13:47:17,24,29,2825,3660
2023-01-19 13:47:46,24,27,2825,3660
2023-01-19 13:47:46,22,27,2825,3660
2023-01-19 13:49:16,21,27,2825,3660
2023-01-19 13:49:17,23,27,2825,3660
2023-01-19 13:49:17,23,28,2825,3660
2023-01-19 13:49:48,23,30,2825,3660
2023-01-19 13:49:48,21,30,2825,3660
2023-01-19 13:49:48,21,33,2825,3660
2023-01-19 13:49:49,21,29,2825,3660
2023-01-19 13:49:49,24,29,2825,3660
2023-01-19 13:50:48,26,29,2825,3660
2023-01-19 13:50:48,26,31,2825,3660
2023-01-19 13:51:17,25,31,2825,3660
2023-01-19 13:51:18,27,31,2825,3660
2023-01-19 13:51:18,27,32,2825,3660
2023-01-19 13:52:21,25,32,2825,3660
2023-01-19 13:52:21,28,32,2825,3660
2023-01-19 13:52:21,28,34,2825,3660
2023-01-19 13:53:46,26,34,2825,3660
2023-01-19 13:53:46,26,31,2825,3660
2023-01-19 13:54:46,27,31,2825,3660
2023-01-19 13:54:48,27,32,2825,3660
2023-01-19 13:55:19,27,34,2825,3660
2023-01-19 13:55:20,24,34,2825,3660
2023-01-19 13:55:20,28,34,2825,3660
2023-01-19 13:55:46,30,34,2825,3660
2023-01-19 13:55:47,30,35,2825,3660
2023-01-19 13:56:46,28,35,2825,3660
2023-01-19 13:56:46,27,35,2825,3660
2023-01-19 13:56:47,27,37,2825,3660
2023-01-19 13:56:47,29,37,2825,3660
2023-01-19 13:56:47,29,35,2825,3660
2023-01-19 13:56:58,29,35,2841,3676
2023-01-19 13:57:17,31,35,2841,3676
2023-01-19 13:57:18,31,37,2841,3676
2023-01-19 13:57:18,31,36,2841,3676
2023-01-19 13:57:46,29,36,2841,3676
2023-01-19 13:57:46,29,34,2841,3676
2023-01-19 13:58:46,27,34,2841,3676
2023-01-19 13:58:46,27,36,2841,3676
2023-01-19 13:58:46,27,35,2841,3676
2023-01-19 13:58:46,28,35,2841,3676
2023-01-19 13:58:47,28,33,2841,3676
2023-01-19 13:59:16,28,35,2841,3676
2023-01-19 13:59:17,28,37,2841,3676
2023-01-19 13:59:17,28,34,2841,3676
2023-01-19 13:59:17,29,34,2841,3676
2023-01-19 13:59:46,27,34,2841,3676
2023-01-19 13:59:46,27,36,2841,3676
2023-01-19 13:59:46,27,33,2841,3676
2023-01-19 14:00:24,27,31,2841,3676
2023-01-19 14:00:24,26,31,2841,3676
2023-01-19 14:00:47,24,31,2841,3676
2023-01-19 14:00:47,24,32,2841,3676
2023-01-19 14:00:48,23,32,2841,3676
2023-01-19 14:00:48,25,32,2841,3676
2023-01-19 14:00:48,25,30,2841,3676
2023-01-19 14:01:01,25,30,2891,3776
2023-01-19 14:01:17,25,32,2891,3776
2023-01-19 14:01:17,25,34,2891,3776
2023-01-19 14:01:17,25,37,2891,3776
2023-01-19 14:01:18,23,37,2891,3776
2023-01-19 14:01:18,27,37,2891,3776
2023-01-19 14:01:19,29,37,2891,3776
2023-01-19 14:01:19,31,37,2891,3776
2023-01-19 14:01:45,31,36,2891,3776
2023-01-19 14:01:45,31,36,2991,3876
2023-01-19 14:02:17,31,40,2991,3876
2023-01-19 14:02:17,31,37,2991,3876
2023-01-19 14:02:17,29,37,2991,3876
2023-01-19 14:02:17,29,35,2991,3876
2023-01-19 14:02:47,28,35,2991,3876
2023-01-19 14:02:47,28,33,2991,3876
2023-01-19 14:03:17,26,33,2991,3876
2023-01-19 14:03:17,26,31,2991,3876
2023-01-19 14:03:18,25,31,2991,3876
2023-01-19 14:03:46,25,33,2991,3876
2023-01-19 14:03:46,25,35,2991,3876
2023-01-19 14:03:47,25,32,2991,3876
2023-01-19 14:03:47,27,32,2991,3876
2023-01-19 14:05:20,25,32,2991,3876
2023-01-19 14:05:20,18,32,2991,3876
2023-01-19 14:05:20,26,32,2991,3876
2023-01-19 14:05:20,26,31,2991,3876
2023-01-19 14:05:50,26,32,2991,3876
2023-01-19 14:05:50,25,32,2991,3876
2023-01-19 14:05:51,27,32,2991,3876
2023-01-19 14:06:19,27,34,2991,3876
2023-01-19 14:06:20,29,34,2991,3876
2023-01-19 14:06:20,29,35,2991,3876
2023-01-19 14:06:46,30,35,2991,3876
2023-01-19 14:06:46,30,39,2991,3876
2023-01-19 14:06:46,30,36,2991,3876
2023-01-19 14:07:17,30,38,2991,3876
2023-01-19 14:07:17,28,38,2991,3876
2023-01-19 14:07:17,28,41,2991,3876
2023-01-19 14:07:17,33,41,2991,3876
2023-01-19 14:07:17,33,39,2991,3876
2023-01-19 14:07:46,33,40,2991,3876
2023-01-19 14:07:46,33,38,2991,3876
2023-01-19 14:08:18,33,39,2991,3876
2023-01-19 14:08:47,33,36,2991,3876
2023-01-19 14:08:48,31,36,2991,3876
2023-01-19 14:09:46,31,38,2991,3876
2023-01-19 14:09:46,31,37,2991,3876
2023-01-19 14:10:22,31,39,2991,3876
2023-01-19 14:10:22,31,36,2991,3876
2023-01-19 14:10:48,29,36,2991,3876
2023-01-19 14:10:48,29,34,2991,3876
2023-01-19 14:11:17,29,36,2991,3876
2023-01-19 14:11:17,27,36,2991,3876
2023-01-19 14:11:17,27,33,2991,3876
2023-01-19 14:11:17,28,33,2991,3876
2023-01-19 14:11:46,28,40,2991,3876
2023-01-19 14:11:46,28,34,2991,3876
2023-01-19 14:11:46,28,34,2991,3976
2023-01-19 14:11:46,27,34,2991,3976
2023-01-19 14:11:46,27,32,2991,3976
2023-01-19 14:12:17,24,32,2991,3976
2023-01-19 14:12:17,26,32,2991,3976
2023-01-19 14:12:19,28,32,2991,3976
2023-01-19 14:12:19,28,33,2991,3976
2023-01-19 14:12:47,28,31,2991,3976
2023-01-19 14:12:49,26,31,2991,3976
2023-01-19 14:13:17,24,31,2991,3976
2023-01-19 14:13:17,24,29,2991,3976
2023-01-19 14:13:46,24,30,2991,3976
2023-01-19 14:13:46,23,30,2991,3976
2023-01-19 14:13:46,23,28,2991,3976
2023-01-19 14:14:20,23,29,2991,3976
2023-01-19 14:14:20,23,27,2991,3976
2023-01-19 14:14:21,22,27,2991,3976
2023-01-19 14:14:53,20,27,2991,3976
2023-01-19 14:14:53,20,25,2991,3976
2023-01-19 14:15:48,17,25,2991,3976
2023-01-19 14:15:49,17,23,2991,3976
2023-01-19 14:15:49,19,23,2991,3976
2023-01-19 14:16:18,17,23,2991,3976
2023-01-19 14:16:18,18,23,2991,3976
2023-01-19 14:16:47,15,23,2991,3976
2023-01-19 14:16:47,15,22,2991,3976
2023-01-19 14:16:47,17,22,2991,3976
2023-01-19 14:17:11,17,22,2994,3979
2023-01-19 14:17:16,17,24,2994,3979
2023-01-19 14:17:17,19,24,2994,3979
2023-01-19 14:17:48,19,26,2994,3979
2023-01-19 14:17:48,21,26,2994,3979
2023-01-19 14:18:17,19,26,2994,3979
2023-01-19 14:18:17,22,26,2994,3979
2023-01-19 14:18:18,22,27,2994,3979
2023-01-19 14:18:46,22,25,2994,3979
2023-01-19 14:18:46,21,25,2994,3979
2023-01-19 14:19:16,19,25,2994,3979
2023-01-19 14:19:16,14,25,2994,3979
2023-01-19 14:19:16,16,25,2994,3979
2023-01-19 14:19:17,18,25,2994,3979
2023-01-19 14:19:18,20,25,2994,3979
2023-01-19 14:19:47,20,26,2994,3979
2023-01-19 14:19:48,21,26,2994,3979
2023-01-19 14:20:25,19,26,2994,3979
2023-01-19 14:20:25,14,26,2994,3979
2023-01-19 14:20:26,14,27,2994,3979
2023-01-19 14:20:26,14,25,2994,3979
2023-01-19 14:20:26,20,25,2994,3979
2023-01-19 14:20:47,20,27,2994,3979
2023-01-19 14:20:47,20,26,2994,3979
2023-01-19 14:20:47,20,24,2994,3979
2023-01-19 14:20:48,19,24,2994,3979
2023-01-19 14:21:18,19,22,2994,3979
2023-01-19 14:21:19,17,22,2994,3979
2023-01-19 14:21:47,16,22,2994,3979
2023-01-19 14:21:47,16,20,2994,3979
2023-01-19 14:22:17,16,22,2994,3979
2023-01-19 14:22:17,17,22,2994,3979
2023-01-19 14:22:30,17,21,2994,3979
2023-01-19 14:22:46,16,21,2994,3979
2023-01-19 14:22:47,18,21,2994,3979
2023-01-19 14:23:17,16,21,2994,3979
2023-01-19 14:23:17,16,20,2994,3979
2023-01-19 14:23:50,16,18,2994,3979
2023-01-19 14:23:51,12,18,2994,3979
2023-01-19 14:24:06,12,17,2994,3979
2023-01-19 14:24:47,12,14,2994,3979
2023-01-19 14:24:47,9,14,2994,3979
2023-01-19 14:24:47,9,13,2994,3979
2023-01-19 14:25:20,7,13,2994,3979
2023-01-19 14:25:20,7,11,2994,3979
2023-01-19 14:25:51,8,11,2994,3979
2023-01-19 14:25:51,8,12,2994,3979
2023-01-19 14:26:05,8,12,3027,4044
2023-01-19 14:26:11,8,13,3232,4249
2023-01-19 14:26:16,7,13,3232,4249
2023-01-19 14:26:17,10,13,3232,4249
2023-01-19 14:26:17,11,13,3232,4249
2023-01-19 14:26:18,11,15,3232,4249
2023-01-19 14:26:45,10,15,3232,4249
2023-01-19 14:26:45,10,14,3232,4249
2023-01-19 14:26:45,9,14,3232,4249
2023-01-19 14:26:45,9,13,3232,4249
2023-01-19 14:27:49,8,13,3232,4249
2023-01-19 14:27:49,8,12,3232,4249
2023-01-19 14:28:18,8,11,3232,4249
2023-01-19 14:28:20,7,11,3232,4249
2023-01-19 14:28:46,7,10,3232,4249
2023-01-19 14:28:47,6,10,3232,4249
2023-01-19 14:29:48,7,10,3232,4249
2023-01-19 14:29:48,7,11,3232,4249
2023-01-19 14:30:30,7,12,3517,4534
2023-01-19 14:30:53,10,12,3517,4534
2023-01-19 14:30:53,10,13,3517,4534
2023-01-19 14:30:53,10,14,3517,4534
2023-01-19 14:31:50,10,17,3517,4534
2023-01-19 14:31:50,10,15,3517,4534
2023-01-19 14:32:19,10,14,3517,4534
2023-01-19 14:32:46,10,13,3517,4534
2023-01-19 14:32:47,9,13,3517,4534
2023-01-19 14:33:16,8,13,3517,4534
2023-01-19 14:33:17,8,11,3517,4534
2023-01-19 14:33:17,7,11,3517,4534
2023-01-19 14:33:46,8,11,3517,4534
2023-01-19 14:33:46,8,12,3517,4534
2023-01-19 14:34:46,7,12,3517,4534
2023-01-19 14:34:47,7,11,3517,4534
2023-01-19 14:35:19,6,11,3517,4534
2023-01-19 14:35:20,6,10,3517,4534
2023-01-19 14:36:18,6,9,3517,4534
2023-01-19 14:36:19,5,9,3517,4534
2023-01-19 14:36:50,5,8,3517,4534
2023-01-19 14:36:50,5,7,3517,4534
2023-01-19 14:36:52,4,7,3517,4534
2023-01-19 14:39:49,3,7,3517,4534
2023-01-19 14:39:49,3,8,3517,4534
2023-01-19 14:39:50,4,8,3517,4534
2023-01-19 14:40:09,4,7,3517,4534
2023-01-19 14:40:24,5,7,3517,4534
2023-01-19 14:41:49,6,7,3517,4534
2023-01-19 14:42:51,6,7,3567,4634
2023-01-19 14:42:52,5,7,3567,4634
2023-01-19 14:43:24,4,7,3567,4634
2023-01-19 14:43:25,3,7,3567,4634
2023-01-19 14:43:51,2,7,3567,4634
2023-01-19 14:43:52,2,6,3567,4634
2023-01-19 14:44:52,2,7,3567,4634
2023-01-19 14:44:52,3,7,3567,4634
2023-01-19 14:45:51,3,6,3567,4634
2023-01-19 14:46:31,3,6,3642,4784
2023-01-19 14:46:31,2,3,3682,4864
2023-01-19 14:47:13,2,5,3918,5100
2023-01-19 14:47:48,2,6,3918,5100
2023-01-19 14:48:19,2,6,4251,5433
2023-01-19 14:48:19,3,6,4251,5433
2023-01-19 14:48:48,4,6,4251,5433
2023-01-19 14:48:48,4,7,4251,5433
2023-01-19 14:50:23,3,7,4251,5433
2023-01-19 14:50:23,2,7,4251,5433
2023-01-19 14:50:24,4,7,4251,5433
2023-01-19 14:50:46,4,8,4251,5433
2023-01-19 14:51:17,4,7,4251,5433
2023-01-19 14:52:24,4,8,4251,5433
2023-01-19 14:52:24,5,8,4251,5433
2023-01-19 14:52:25,5,9,4251,5433
2023-01-19 14:53:25,4,9,4251,5433
2023-01-19 14:53:25,4,8,4251,5433
2023-01-19 14:53:50,3,8,4251,5433
2023-01-19 14:53:50,4,8,4251,5433
2023-01-19 14:54:49,4,8,4351,5533
2023-01-19 14:54:52,4,9,4351,5533
2023-01-19 14:54:52,5,9,4351,5533
2023-01-19 14:55:20,6,9,4351,5533
2023-01-19 14:55:21,6,10,4351,5533
2023-01-19 14:56:25,6,9,4351,5533
2023-01-19 14:56:27,5,9,4351,5533
2023-01-19 14:57:21,5,8,4351,5533
2023-01-19 14:57:21,3,8,4351,5533
2023-01-19 14:57:21,3,7,4351,5533
2023-01-19 14:58:18,4,7,4351,5533
2023-01-19 14:59:19,4,8,4351,5533
2023-01-19 14:59:54,4,7,4351,5533
2023-01-19 14:59:54,3,7,4351,5533
2023-01-19 15:00:38,4,7,4351,5533
2023-01-19 15:01:25,4,6,4351,5533
2023-01-19 15:01:41,4,7,4456,5638
2023-01-19 15:01:51,4,6,4456,5638
2023-01-19 15:04:02,4,6,4466,5648
2023-01-19 15:04:18,4,6,4476,5658
2023-01-19 15:04:26,4,5,4476,5658
2023-01-19 15:04:49,4,5,4576,5758
2023-01-19 15:05:27,4,5,4586,5768
2023-01-19 15:06:24,4,6,4808,5990
2023-01-19 15:06:37,4,7,5056,6238
2023-01-19 15:07:03,5,7,5056,6238
2023-01-19 15:07:04,5,15,5056,6238
2023-01-19 15:07:04,5,11,5056,6238
2023-01-19 15:07:04,5,10,5056,6238
2023-01-19 15:07:05,5,9,5056,6238
2023-01-19 15:07:42,5,8,5056,6238
2023-01-19 15:09:40,5,9,5066,6248
2023-01-19 15:09:44,5,10,5265,6447
2023-01-19 15:10:28,6,10,5265,6447
2023-01-19 15:10:28,7,10,5265,6447
2023-01-19 15:11:23,7,11,5265,6447
2023-01-19 15:11:52,8,11,5265,6447
2023-01-19 15:13:01,8,10,5265,6447
2023-01-19 15:13:01,8,9,5265,6447
2023-01-19 15:13:09,5,9,5275,6457
2023-01-19 15:13:14,5,8,5275,6457
2023-01-19 15:13:28,5,7,5275,6457
2023-01-19 15:13:29,4,7,5275,6457
2023-01-19 15:14:21,4,8,5275,6457
2023-01-19 15:16:19,4,7,5275,6457
2023-01-19 15:16:19,4,6,5275,6457
2023-01-19 15:16:47,4,7,5275,6457
2023-01-19 15:17:10,4,6,5275,6457
2023-01-19 15:17:18,5,6,5275,6457
2023-01-19 15:17:35,6,8,5280,6467
2023-01-19 15:17:44,5,8,5280,6467
2023-01-19 15:17:49,5,9,5280,6467
2023-01-19 15:18:08,5,8,5280,6467
2023-01-19 15:18:13,8,9,5285,6477
2023-01-19 15:18:18,7,9,5285,6477
2023-01-19 15:18:18,7,11,5394,6586
2023-01-19 15:18:48,8,11,5394,6586
2023-01-19 15:18:48,8,12,5394,6586
2023-01-19 15:19:19,7,12,5394,6586
2023-01-19 15:19:19,7,10,5394,6586
2023-01-19 15:19:49,7,9,5394,6586
2023-01-19 15:19:49,6,9,5394,6586
2023-01-19 15:20:27,5,8,5394,6586
2023-01-19 15:20:50,5,9,5394,6586
2023-01-19 15:21:18,5,10,5394,6586
2023-01-19 15:21:18,6,10,5394,6586
2023-01-19 15:21:53,6,10,5434,6626
2023-01-19 15:22:18,7,10,5434,6626
2023-01-19 15:22:18,7,11,5434,6626
2023-01-19 15:22:43,7,10,5434,6626
2023-01-19 15:22:51,9,10,5434,6626
2023-01-19 15:23:08,9,13,5449,6646
2023-01-19 15:23:18,9,12,5449,6646
2023-01-19 15:23:18,8,12,5449,6646
2023-01-19 15:24:00,9,12,5449,6646
2023-01-19 15:24:12,8,12,5449,6646
2023-01-19 15:24:18,8,11,5449,6646
2023-01-19 15:24:26,7,8,5454,6656
2023-01-19 15:24:47,6,8,5454,6656
2023-01-19 15:24:56,6,8,5459,6666
2023-01-19 15:25:19,5,8,5459,6666
2023-01-19 15:25:19,4,8,5459,6666
2023-01-19 15:25:47,5,8,5459,6666
2023-01-19 15:26:31,6,8,5459,6666
2023-01-19 15:27:18,5,8,5459,6666
2023-01-19 15:27:19,5,7,5459,6666
2023-01-19 15:27:19,5,6,5459,6666
2023-01-19 15:27:19,4,6,5459,6666
2023-01-19 15:27:47,4,5,5459,6666
2023-01-19 15:28:06,4,5,5469,6676
2023-01-19 15:28:47,4,6,5469,6676
2023-01-19 15:29:45,4,5,5469,6676
2023-01-19 15:30:19,4,5,5479,6686
2023-01-19 15:30:23,4,6,5479,6686
2023-01-19 15:30:57,4,6,5551,6786
2023-01-19 15:31:05,6,7,5618,6853
2023-01-19 15:31:18,4,7,5618,6853
2023-01-19 15:31:18,5,7,5618,6853
2023-01-19 15:31:18,6,7,5618,6853
2023-01-19 15:31:18,6,8,5618,6853
2023-01-19 15:31:37,8,10,5663,6943
2023-01-19 15:31:46,6,10,5663,6943
2023-01-19 15:31:46,4,10,5663,6943
2023-01-19 15:31:46,4,15,5663,6943
2023-01-19 15:32:23,5,15,5663,6943
2023-01-19 15:33:27,6,15,5663,6943
2023-01-19 15:33:40,6,14,5663,6943
2023-01-19 15:33:46,6,10,5663,6943
2023-01-19 15:34:17,6,11,5663,6943
2023-01-19 15:34:17,6,12,5663,6943
2023-01-19 15:34:17,6,15,5663,6943
2023-01-19 15:34:30,6,14,5663,6943
2023-01-19 15:34:46,6,13,5663,6943
2023-01-19 15:40:05,6,12,5663,6943
2023-01-19 15:40:58,4,12,5663,6943
2023-01-19 15:41:08,4,11,5663,6943
2023-01-19 15:43:14,11,15,5673,6953
2023-01-19 15:43:21,4,15,5673,6953
2023-01-19 15:44:01,5,15,5673,6953
2023-01-19 15:44:02,5,30,5773,7053
2023-01-19 15:44:11,5,29,5773,7053
2023-01-19 15:44:38,6,29,5773,7053
2023-01-19 15:44:47,7,29,5773,7053
2023-01-19 15:44:50,7,28,5773,7053
2023-01-19 15:45:32,7,27,5773,7053
2023-01-19 15:45:56,7,26,5773,7053
2023-01-19 15:46:08,7,25,5773,7053
2023-01-19 15:46:25,7,24,5773,7053
2023-01-19 15:47:39,8,24,5773,7053
2023-01-19 15:49:06,6,24,5773,7053
2023-01-19 15:49:08,6,23,5773,7053
2023-01-19 15:49:15,7,23,5773,7053
2023-01-19 15:51:44,7,22,5773,7053
2023-01-19 15:51:44,8,22,5773,7053
2023-01-19 15:52:15,8,21,5773,7053
2023-01-19 15:53:23,21,24,5783,7063
2023-01-19 15:53:39,8,24,5783,7063
2023-01-19 15:53:47,24,50,5788,7073
2023-01-19 15:54:17,21,50,5788,7073
2023-01-19 15:54:42,13,50,5788,7073
2023-01-19 15:55:10,15,50,5788,7073
2023-01-19 15:55:24,16,50,5788,7073
2023-01-19 15:55:33,16,58,5788,7073
2023-01-19 15:56:05,16,66,5788,7073
2023-01-19 15:56:06,16,100,5788,7073
2023-01-19 15:56:29,16,99,5788,7073
2023-01-19 15:56:43,16,90,5788,7073
2023-01-19 15:56:57,16,45,5788,7073
2023-01-19 15:57:08,16,45,5838,7173
2023-01-19 15:57:11,16,90,5838,7173
2023-01-19 15:57:18,45,90,5838,7173
2023-01-19 15:57:26,45,75,5838,7173
2023-01-19 15:58:08,45,65,5838,7173
2023-01-19 15:58:30,45,60,5838,7173
2023-01-19 15:58:34,36,60,5838,7173
2023-01-19 15:58:45,36,45,5838,7173
2023-01-19 15:58:55,36,60,5888,7273
2023-01-19 15:59:07,37,60,5888,7273
2023-01-19 15:59:10,45,60,5888,7273
2023-01-19 15:59:15,45,65,5938,7373
2023-01-19 15:59:20,45,75,5938,7598
2023-01-19 15:59:23,65,75,5938,7598
2023-01-19 15:59:28,65,84,5938,7598
2023-01-19 15:59:29,65,93,5938,7598
2023-01-19 15:59:29,65,99,5938,7598
2023-01-19 15:59:30,75,99,5938,7598
2023-01-19 15:59:30,75,99,5948,7608
2023-01-19 15:59:31,75,99,5951,7611
2023-01-19 15:59:31,75,99,5952,7612
2023-01-19 15:59:36,65,99,6138,7798
2023-01-19 15:59:41,90,99,6138,7798
2023-01-19 15:59:42,65,99,6296,7998
2023-01-19 15:59:50,37,99,6381,8083
2023-01-19 15:59:50,37,100,6808,8638
