datetime,bid,ask,open_interest,volume
2023-01-19 09:31:11,30,90,750,750
2023-01-19 09:31:51,30,43,750,750
2023-01-19 09:37:29,30,100,750,750
2023-01-19 09:37:29,30,44,750,750
2023-01-19 09:38:02,30,38,750,750
2023-01-19 09:40:00,30,37,750,750
2023-01-19 09:40:40,30,38,750,750
2023-01-19 09:40:49,30,37,750,750
2023-01-19 09:40:50,30,35,750,750
2023-01-19 09:40:51,30,33,750,750
2023-01-19 09:41:21,30,44,750,750
2023-01-19 09:41:21,30,38,750,750
2023-01-19 09:41:21,30,36,750,750
2023-01-19 09:41:21,30,32,750,750
2023-01-19 09:41:48,30,33,750,750
2023-01-19 09:46:20,30,35,750,750
2023-01-19 09:46:21,30,33,750,750
2023-01-19 09:47:19,30,35,750,750
2023-01-19 09:47:20,30,33,750,750
2023-01-19 09:47:47,30,35,750,750
2023-01-19 09:47:49,30,34,750,750
2023-01-19 09:47:49,30,32,750,750
2023-01-19 09:49:18,30,34,750,750
2023-01-19 09:49:19,30,32,750,750
2023-01-19 09:49:47,30,34,750,750
2023-01-19 09:49:47,30,31,750,750
2023-01-19 09:50:30,30,31,950,950
2023-01-19 09:50:36,30,33,1087,1087
2023-01-19 09:50:36,26,33,1087,1087
2023-01-19 09:50:50,28,33,1087,1087
2023-01-19 09:50:52,28,32,1087,1087
2023-01-19 09:51:47,24,32,1087,1087
2023-01-19 09:51:47,23,32,1087,1087
2023-01-19 09:51:48,25,32,1087,1087
2023-01-19 09:51:48,27,32,1087,1087
2023-01-19 09:51:58,28,32,1087,1087
2023-01-19 09:52:48,27,32,1087,1087
2023-01-19 09:53:18,26,32,1087,1087
2023-01-19 09:53:19,28,32,1087,1087
2023-01-19 09:53:47,22,32,1087,1087
2023-01-19 09:53:48,23,32,1087,1087
2023-01-19 09:53:48,27,32,1087,1087
2023-01-19 09:54:18,25,32,1087,1087
2023-01-19 09:54:18,22,32,1087,1087
2023-01-19 09:54:19,24,32,1087,1087
2023-01-19 09:54:19,28,32,1087,1087
2023-01-19 09:55:53,28,34,1097,1097
2023-01-19 09:56:20,23,34,1097,1097
2023-01-19 09:56:20,25,34,1097,1097
2023-01-19 09:56:20,27,34,1097,1097
2023-01-19 09:56:20,29,34,1097,1097
2023-01-19 09:57:50,29,36,1097,1097
2023-01-19 09:57:51,29,38,1097,1097
2023-01-19 09:57:51,29,37,1097,1097
2023-01-19 09:57:51,29,35,1097,1097
2023-01-19 09:58:47,25,35,1097,1097
2023-01-19 09:58:47,23,35,1097,1097
2023-01-19 09:58:47,30,35,1097,1097
2023-01-19 10:00:49,29,35,1097,1097
2023-01-19 10:01:20,29,34,1097,1097
2023-01-19 10:01:47,29,42,1097,1097
2023-01-19 10:01:47,29,37,1097,1097
2023-01-19 10:01:47,29,35,1097,1097
2023-01-19 10:02:47,30,35,1097,1097
2023-01-19 10:04:19,30,37,1097,1097
2023-01-19 10:04:19,30,39,1097,1097
2023-01-19 10:04:19,30,42,1097,1097
2023-01-19 10:04:20,30,37,1097,1097
2023-01-19 10:04:20,30,35,1097,1097
2023-01-19 10:05:49,28,35,1097,1097
2023-01-19 10:05:49,30,35,1097,1097
2023-01-19 10:06:48,30,42,1097,1097
2023-01-19 10:06:48,30,40,1097,1097
2023-01-19 10:06:48,30,38,1097,1097
2023-01-19 10:06:49,30,36,1097,1097
2023-01-19 10:09:47,31,36,1097,1097
2023-01-19 10:10:49,31,35,1097,1097
2023-01-19 10:11:49,30,35,1097,1097
2023-01-19 10:11:52,30,35,1099,1099
2023-01-19 10:12:47,28,35,1099,1099
2023-01-19 10:12:49,27,35,1099,1099
2023-01-19 10:12:49,29,35,1099,1099
2023-01-19 10:13:19,29,34,1099,1099
2023-01-19 10:13:47,27,34,1099,1099
2023-01-19 10:13:48,28,34,1099,1099
2023-01-19 10:13:48,28,35,1099,1099
2023-01-19 10:13:49,30,35,1099,1099
2023-01-19 10:14:18,28,35,1099,1099
2023-01-19 10:14:18,27,35,1099,1099
2023-01-19 10:14:18,29,35,1099,1099
2023-01-19 10:14:49,30,35,1099,1099
2023-01-19 10:16:48,28,35,1099,1099
2023-01-19 10:16:48,30,35,1099,1099
2023-01-19 10:17:48,25,35,1099,1099
2023-01-19 10:17:48,31,35,1099,1099
2023-01-19 10:18:19,32,35,1099,1099
2023-01-19 10:23:18,26,35,1099,1099
2023-01-19 10:23:20,28,35,1099,1099
2023-01-19 10:23:20,30,35,1099,1099
2023-01-19 10:23:20,32,35,1099,1099
2023-01-19 10:25:22,30,35,1099,1099
2023-01-19 10:25:22,31,35,1099,1099
2023-01-19 10:26:46,32,35,1099,1099
2023-01-19 10:29:21,25,35,1099,1099
2023-01-19 10:29:22,31,35,1099,1099
2023-01-19 10:29:47,29,35,1099,1099
2023-01-19 10:29:47,30,35,1099,1099
2023-01-19 10:29:47,32,35,1099,1099
2023-01-19 10:30:49,30,35,1099,1099
2023-01-19 10:30:49,25,35,1099,1099
2023-01-19 10:30:49,29,35,1099,1099
2023-01-19 10:30:50,31,35,1099,1099
2023-01-19 10:31:47,30,35,1099,1099
2023-01-19 10:31:47,32,35,1099,1099
2023-01-19 10:32:19,30,35,1099,1099
2023-01-19 10:32:19,31,35,1099,1099
2023-01-19 10:34:18,29,35,1099,1099
2023-01-19 10:34:18,31,35,1099,1099
2023-01-19 10:35:49,28,35,1099,1099
2023-01-19 10:35:49,30,35,1099,1099
2023-01-19 10:35:49,32,35,1099,1099
2023-01-19 10:36:19,30,35,1099,1099
2023-01-19 10:36:19,31,35,1099,1099
2023-01-19 10:38:48,29,35,1099,1099
2023-01-19 10:38:48,30,35,1099,1099
2023-01-19 10:38:48,32,35,1099,1099
2023-01-19 10:39:20,30,35,1099,1099
2023-01-19 10:39:20,25,35,1099,1099
2023-01-19 10:39:21,33,35,1099,1099
2023-01-19 10:40:48,31,35,1099,1099
2023-01-19 10:40:50,33,35,1099,1099
2023-01-19 10:42:48,31,35,1099,1099
2023-01-19 10:42:48,34,35,1099,1099
2023-01-19 10:43:47,33,35,1099,1099
2023-01-19 10:44:20,32,35,1099,1099
2023-01-19 10:45:48,26,35,1099,1099
2023-01-19 10:45:49,27,35,1099,1099
2023-01-19 10:45:49,29,35,1099,1099
2023-01-19 10:45:49,31,35,1099,1099
2023-01-19 10:46:18,32,35,1099,1099
2023-01-19 10:46:47,30,35,1099,1099
2023-01-19 10:47:47,28,35,1099,1099
2023-01-19 10:47:48,29,35,1099,1099
2023-01-19 10:47:48,31,35,1099,1099
2023-01-19 10:48:48,29,35,1099,1099
2023-01-19 10:48:48,30,35,1099,1099
2023-01-19 10:49:36,30,35,1104,1109
2023-01-19 10:49:49,29,35,1104,1109
2023-01-19 10:49:50,31,35,1104,1109
2023-01-19 10:50:23,29,35,1104,1109
2023-01-19 10:50:23,27,35,1104,1109
2023-01-19 10:50:23,28,35,1104,1109
2023-01-19 10:50:23,30,35,1104,1109
2023-01-19 10:50:48,31,35,1104,1109
2023-01-19 10:52:18,29,35,1104,1109
2023-01-19 10:52:18,30,35,1104,1109
2023-01-19 10:53:18,31,35,1104,1109
2023-01-19 10:53:49,30,35,1104,1109
2023-01-19 10:55:35,30,35,1104,1142
2023-01-19 10:55:40,30,35,1104,1256
2023-01-19 10:55:49,30,34,1104,1256
2023-01-19 10:55:49,30,32,1104,1256
2023-01-19 10:55:52,27,32,1104,1256
2023-01-19 10:56:19,25,32,1104,1256
2023-01-19 10:56:20,24,32,1104,1256
2023-01-19 10:56:20,26,32,1104,1256
2023-01-19 10:56:20,28,32,1104,1256
2023-01-19 10:56:23,28,33,1104,1256
2023-01-19 10:56:47,26,33,1104,1256
2023-01-19 10:56:48,26,31,1104,1256
2023-01-19 10:56:58,26,30,1104,1256
2023-01-19 10:57:48,24,30,1104,1256
2023-01-19 10:57:49,26,30,1104,1256
2023-01-19 10:58:47,24,30,1104,1256
2023-01-19 10:58:48,27,30,1104,1256
2023-01-19 10:59:18,25,30,1104,1256
2023-01-19 10:59:18,24,30,1104,1256
2023-01-19 10:59:19,26,30,1104,1256
2023-01-19 10:59:49,28,30,1104,1256
2023-01-19 11:01:19,29,30,1104,1256
2023-01-19 11:02:49,28,30,1104,1256
2023-01-19 11:03:17,26,30,1104,1256
2023-01-19 11:03:17,27,30,1104,1256
2023-01-19 11:03:18,29,30,1104,1256
2023-01-19 11:03:49,31,35,1109,1266
2023-01-19 11:04:18,27,35,1109,1266
2023-01-19 11:04:18,30,35,1109,1266
2023-01-19 11:04:47,30,33,1109,1266
2023-01-19 11:04:47,28,33,1109,1266
2023-01-19 11:05:19,29,33,1109,1266
2023-01-19 11:05:19,29,35,1109,1266
2023-01-19 11:05:19,29,34,1109,1266
2023-01-19 11:05:46,29,35,1109,1266
2023-01-19 11:06:19,29,34,1109,1266
2023-01-19 11:06:46,29,35,1109,1266
2023-01-19 11:06:47,28,35,1109,1266
2023-01-19 11:06:48,28,33,1109,1266
2023-01-19 11:07:47,28,35,1109,1266
2023-01-19 11:07:47,30,35,1109,1266
2023-01-19 11:09:14,30,37,1358,1515
2023-01-19 11:09:17,30,36,1358,1515
2023-01-19 11:09:17,31,36,1358,1515
2023-01-19 11:09:46,31,38,1358,1515
2023-01-19 11:09:46,29,38,1358,1515
2023-01-19 11:09:46,32,38,1358,1515
2023-01-19 11:10:21,32,40,1358,1515
2023-01-19 11:10:21,32,42,1358,1515
2023-01-19 11:10:22,28,42,1358,1515
2023-01-19 11:10:22,22,42,1358,1515
2023-01-19 11:10:22,33,42,1358,1515
2023-01-19 11:10:22,33,39,1358,1515
2023-01-19 11:10:47,32,39,1358,1515
2023-01-19 11:10:47,34,39,1358,1515
2023-01-19 11:10:52,34,39,1469,1626
2023-01-19 11:11:19,36,39,1469,1626
2023-01-19 11:11:19,36,41,1469,1626
2023-01-19 11:12:20,35,41,1469,1626
2023-01-19 11:13:18,36,41,1469,1626
2023-01-19 11:13:19,36,43,1469,1626
2023-01-19 11:13:20,36,41,1469,1626
2023-01-19 11:14:47,32,41,1469,1626
2023-01-19 11:14:47,33,41,1469,1626
2023-01-19 11:14:48,35,41,1469,1626
2023-01-19 11:16:18,35,40,1469,1626
2023-01-19 11:16:47,33,40,1469,1626
2023-01-19 11:16:47,34,40,1469,1626
2023-01-19 11:17:18,35,40,1469,1626
2023-01-19 11:17:48,31,40,1469,1626
2023-01-19 11:17:48,34,40,1469,1626
2023-01-19 11:18:17,34,42,1469,1626
2023-01-19 11:18:19,34,41,1469,1626
2023-01-19 11:18:19,34,39,1469,1626
2023-01-19 11:18:48,32,39,1469,1626
2023-01-19 11:18:48,32,43,1469,1626
2023-01-19 11:18:48,32,42,1469,1626
2023-01-19 11:18:48,32,38,1469,1626
2023-01-19 11:18:48,31,38,1469,1626
2023-01-19 11:18:48,33,38,1469,1626
2023-01-19 11:19:17,31,38,1469,1626
2023-01-19 11:19:18,30,38,1469,1626
2023-01-19 11:19:19,32,38,1469,1626
2023-01-19 11:19:49,32,37,1469,1626
2023-01-19 11:20:51,31,37,1469,1626
2023-01-19 11:21:18,31,36,1469,1626
2023-01-19 11:22:17,29,36,1469,1626
2023-01-19 11:22:17,30,36,1469,1626
2023-01-19 11:22:46,29,36,1469,1626
2023-01-19 11:22:46,31,36,1469,1626
2023-01-19 11:24:18,30,36,1469,1626
2023-01-19 11:24:18,30,38,1469,1626
2023-01-19 11:24:18,30,36,1469,1626
2023-01-19 11:25:20,30,38,1469,1626
2023-01-19 11:25:20,30,35,1469,1626
2023-01-19 11:25:48,30,37,1469,1626
2023-01-19 11:25:48,30,39,1469,1626
2023-01-19 11:25:48,24,39,1469,1626
2023-01-19 11:25:48,27,39,1469,1626
2023-01-19 11:25:49,29,39,1469,1626
2023-01-19 11:25:49,31,39,1469,1626
2023-01-19 11:25:49,31,38,1469,1626
2023-01-19 11:25:49,31,36,1469,1626
2023-01-19 11:26:18,29,36,1469,1626
2023-01-19 11:26:18,27,36,1469,1626
2023-01-19 11:26:18,30,36,1469,1626
2023-01-19 11:26:46,28,36,1469,1626
2023-01-19 11:26:47,28,34,1469,1626
2023-01-19 11:26:47,27,34,1469,1626
2023-01-19 11:26:48,29,34,1469,1626
2023-01-19 11:29:17,27,34,1469,1626
2023-01-19 11:29:17,27,36,1469,1626
2023-01-19 11:29:17,25,36,1469,1626
2023-01-19 11:29:18,28,36,1469,1626
2023-01-19 11:29:18,28,35,1469,1626
2023-01-19 11:29:18,28,33,1469,1626
2023-01-19 11:29:47,27,33,1469,1626
2023-01-19 11:30:24,23,33,1469,1626
2023-01-19 11:30:25,26,33,1469,1626
2023-01-19 11:30:26,28,33,1469,1626
2023-01-19 11:30:48,27,33,1469,1626
2023-01-19 11:31:47,27,32,1469,1626
2023-01-19 11:32:19,27,35,1469,1626
2023-01-19 11:32:20,27,33,1469,1626
2023-01-19 11:32:47,27,34,1469,1626
2023-01-19 11:32:48,27,32,1469,1626
2023-01-19 11:34:47,25,32,1469,1626
2023-01-19 11:34:47,25,30,1469,1626
2023-01-19 11:36:18,24,30,1469,1626
2023-01-19 11:36:47,24,34,1469,1626
2023-01-19 11:36:48,24,35,1469,1626
2023-01-19 11:36:48,26,35,1469,1626
2023-01-19 11:36:49,26,33,1469,1626
2023-01-19 11:36:49,26,31,1469,1626
2023-01-19 11:37:18,26,35,1469,1626
2023-01-19 11:37:18,26,34,1469,1626
2023-01-19 11:37:18,27,34,1469,1626
2023-01-19 11:37:19,27,32,1469,1626
2023-01-19 11:37:47,24,32,1469,1626
2023-01-19 11:37:47,26,32,1469,1626
2023-01-19 11:37:47,26,31,1469,1626
2023-01-19 11:38:17,24,31,1469,1626
2023-01-19 11:38:18,25,31,1469,1626
2023-01-19 11:38:46,25,30,1469,1626
2023-01-19 11:39:18,26,30,1469,1626
2023-01-19 11:39:19,26,31,1469,1626
2023-01-19 11:40:25,26,33,1469,1626
2023-01-19 11:40:25,26,32,1469,1626
2023-01-19 11:40:26,27,32,1469,1626
2023-01-19 11:41:20,25,32,1469,1626
2023-01-19 11:41:20,25,31,1469,1626
2023-01-19 11:41:21,24,31,1469,1626
2023-01-19 11:41:21,26,31,1469,1626
2023-01-19 11:43:47,26,30,1469,1626
2023-01-19 11:43:47,23,30,1469,1626
2023-01-19 11:43:47,23,28,1469,1626
2023-01-19 11:44:40,23,28,1469,1786
2023-01-19 11:45:48,21,28,1469,1786
2023-01-19 11:45:49,23,28,1469,1786
2023-01-19 11:46:17,23,30,1469,1786
2023-01-19 11:46:17,23,29,1469,1786
2023-01-19 11:46:17,21,29,1469,1786
2023-01-19 11:46:18,22,29,1469,1786
2023-01-19 11:46:18,24,29,1469,1786
2023-01-19 11:47:21,24,28,1469,1786
2023-01-19 11:47:22,23,28,1469,1786
2023-01-19 11:48:52,22,28,1469,1786
2023-01-19 11:48:52,24,28,1469,1786
2023-01-19 11:48:52,24,29,1469,1786
2023-01-19 11:49:20,24,30,1469,1786
2023-01-19 11:49:47,24,32,1469,1786
2023-01-19 11:49:47,25,32,1469,1786
2023-01-19 11:49:48,25,31,1469,1786
2023-01-19 11:50:23,23,31,1469,1786
2023-01-19 11:50:23,20,31,1469,1786
2023-01-19 11:50:23,26,31,1469,1786
2023-01-19 11:51:48,26,30,1469,1786
2023-01-19 11:51:48,24,30,1469,1786
2023-01-19 11:51:48,22,30,1469,1786
2023-01-19 11:51:48,23,30,1469,1786
2023-01-19 11:51:48,25,30,1469,1786
2023-01-19 11:52:18,23,30,1469,1786
2023-01-19 11:52:19,24,30,1469,1786
2023-01-19 11:52:19,24,29,1469,1786
2023-01-19 11:53:18,24,33,1469,1786
2023-01-19 11:53:18,24,32,1469,1786
2023-01-19 11:53:18,25,32,1469,1786
2023-01-19 11:53:18,25,30,1469,1786
2023-01-19 11:54:17,25,29,1469,1786
2023-01-19 11:54:17,23,29,1469,1786
2023-01-19 11:54:18,24,29,1469,1786
2023-01-19 11:54:47,24,28,1469,1786
2023-01-19 11:54:47,23,28,1469,1786
2023-01-19 11:55:48,24,28,1469,1786
2023-01-19 11:55:51,24,29,1469,1786
2023-01-19 11:56:48,22,29,1469,1786
2023-01-19 11:56:49,22,31,1469,1786
2023-01-19 11:56:49,22,30,1469,1786
2023-01-19 11:56:49,22,28,1469,1786
2023-01-19 11:56:49,23,28,1469,1786
2023-01-19 11:57:47,24,28,1469,1786
2023-01-19 11:57:47,24,29,1469,1786
2023-01-19 11:58:18,22,29,1469,1786
2023-01-19 11:58:18,22,100,1469,1786
2023-01-19 11:58:18,25,100,1469,1786
2023-01-19 11:58:18,25,34,1469,1786
2023-01-19 11:58:18,25,30,1469,1786
2023-01-19 11:59:47,25,29,1469,1786
2023-01-19 11:59:47,24,29,1469,1786
2023-01-19 12:00:24,24,33,1469,1786
2023-01-19 12:00:24,22,33,1469,1786
2023-01-19 12:00:24,23,33,1469,1786
2023-01-19 12:00:24,25,33,1469,1786
2023-01-19 12:00:25,25,32,1469,1786
2023-01-19 12:00:25,25,30,1469,1786
2023-01-19 12:00:49,26,30,1469,1786
2023-01-19 12:00:49,26,34,1469,1786
2023-01-19 12:00:49,26,40,1469,1786
2023-01-19 12:00:50,26,33,1469,1786
2023-01-19 12:00:50,26,31,1469,1786
2023-01-19 12:01:03,26,31,1519,1836
2023-01-19 12:01:10,26,31,1569,1886
2023-01-19 12:01:19,26,33,1569,1886
2023-01-19 12:01:20,27,33,1569,1886
2023-01-19 12:01:51,27,35,1569,1886
2023-01-19 12:01:52,30,35,1569,1886
2023-01-19 12:02:18,26,35,1569,1886
2023-01-19 12:02:18,29,35,1569,1886
2023-01-19 12:02:49,29,40,1569,1886
2023-01-19 12:02:50,29,38,1569,1886
2023-01-19 12:02:50,29,36,1569,1886
2023-01-19 12:02:50,29,34,1569,1886
2023-01-19 12:03:21,27,34,1569,1886
2023-01-19 12:03:21,27,36,1569,1886
2023-01-19 12:03:22,27,38,1569,1886
2023-01-19 12:03:22,28,38,1569,1886
2023-01-19 12:03:22,28,40,1569,1886
2023-01-19 12:03:23,28,35,1569,1886
2023-01-19 12:03:24,30,35,1569,1886
2023-01-19 12:03:48,28,35,1569,1886
2023-01-19 12:03:48,29,35,1569,1886
2023-01-19 12:04:19,30,35,1569,1886
2023-01-19 12:05:47,28,35,1569,1886
2023-01-19 12:05:48,30,35,1569,1886
2023-01-19 12:06:19,30,37,1569,1886
2023-01-19 12:06:20,32,37,1569,1886
2023-01-19 12:06:47,30,37,1569,1886
2023-01-19 12:06:47,30,36,1569,1886
2023-01-19 12:06:47,31,36,1569,1886
2023-01-19 12:07:47,29,36,1569,1886
2023-01-19 12:07:47,28,36,1569,1886
2023-01-19 12:07:47,30,36,1569,1886
2023-01-19 12:07:47,30,38,1569,1886
2023-01-19 12:07:48,30,39,1569,1886
2023-01-19 12:07:48,30,37,1569,1886
2023-01-19 12:07:48,30,35,1569,1886
2023-01-19 12:08:46,28,35,1569,1886
2023-01-19 12:08:46,26,35,1569,1886
2023-01-19 12:08:47,20,35,1569,1886
2023-01-19 12:08:47,20,39,1569,1886
2023-01-19 12:08:47,20,34,1569,1886
2023-01-19 12:08:47,25,34,1569,1886
2023-01-19 12:08:47,27,34,1569,1886
2023-01-19 12:08:48,29,34,1569,1886
2023-01-19 12:09:18,29,36,1569,1886
2023-01-19 12:09:18,25,36,1569,1886
2023-01-19 12:09:18,28,36,1569,1886
2023-01-19 12:09:19,28,35,1569,1886
2023-01-19 12:09:19,28,33,1569,1886
2023-01-19 12:10:51,30,33,1569,1886
2023-01-19 12:10:52,30,35,1569,1886
2023-01-19 12:11:18,29,35,1569,1886
2023-01-19 12:11:47,29,36,1569,1886
2023-01-19 12:11:47,29,34,1569,1886
2023-01-19 12:12:48,29,36,1569,1886
2023-01-19 12:12:48,30,36,1569,1886
2023-01-19 12:12:48,30,35,1569,1886
2023-01-19 12:13:46,30,37,1569,1886
2023-01-19 12:13:47,30,36,1569,1886
2023-01-19 12:13:48,31,36,1569,1886
2023-01-19 12:14:46,29,36,1569,1886
2023-01-19 12:14:46,29,38,1569,1886
2023-01-19 12:14:46,32,38,1569,1886
2023-01-19 12:14:47,32,39,1569,1886
2023-01-19 12:14:47,32,37,1569,1886
2023-01-19 12:15:21,33,37,1569,1886
2023-01-19 12:15:22,33,41,1569,1886
2023-01-19 12:15:22,33,38,1569,1886
2023-01-19 12:15:31,33,38,1739,2056
2023-01-19 12:15:48,31,38,1739,2056
2023-01-19 12:15:48,32,38,1739,2056
2023-01-19 12:15:48,34,38,1739,2056
2023-01-19 12:15:48,34,40,1739,2056
2023-01-19 12:15:59,36,40,1739,2056
2023-01-19 12:17:09,36,42,2058,2375
2023-01-19 12:17:19,36,41,2058,2375
2023-01-19 12:17:25,38,41,2058,2375
2023-01-19 12:18:07,36,41,2058,2375
2023-01-19 12:18:09,36,40,2058,2375
2023-01-19 12:18:19,37,40,2058,2375
2023-01-19 12:18:28,37,42,2068,2385
2023-01-19 12:19:19,37,44,2068,2385
2023-01-19 12:19:19,37,46,2068,2385
2023-01-19 12:19:19,37,48,2068,2385
2023-01-19 12:19:20,37,41,2068,2385
2023-01-19 12:19:48,37,42,2068,2385
2023-01-19 12:20:27,37,43,2068,2385
2023-01-19 12:20:27,37,41,2068,2385
2023-01-19 12:20:50,37,43,2068,2385
2023-01-19 12:20:51,37,46,2068,2385
2023-01-19 12:20:51,37,42,2068,2385
2023-01-19 12:20:51,37,40,2068,2385
2023-01-19 12:21:10,35,40,2068,2385
2023-01-19 12:21:19,36,40,2068,2385
2023-01-19 12:22:19,36,42,2068,2385
2023-01-19 12:22:20,36,40,2068,2385
2023-01-19 12:23:43,34,40,2068,2385
2023-01-19 12:23:56,35,40,2068,2385
2023-01-19 12:24:24,35,38,2068,2385
2023-01-19 12:24:54,35,37,2068,2385
2023-01-19 12:25:00,32,37,2068,2385
2023-01-19 12:26:13,33,37,2068,2385
2023-01-19 12:27:16,31,37,2068,2385
2023-01-19 12:27:19,31,39,2068,2385
2023-01-19 12:27:19,31,36,2068,2385
2023-01-19 12:27:25,32,36,2068,2385
2023-01-19 12:27:48,32,39,2068,2385
2023-01-19 12:27:48,32,37,2068,2385
2023-01-19 12:32:48,32,39,2068,2385
2023-01-19 12:32:49,32,41,2068,2385
2023-01-19 12:32:49,33,41,2068,2385
2023-01-19 12:32:49,33,40,2068,2385
2023-01-19 12:32:49,33,38,2068,2385
2023-01-19 12:33:46,32,38,2068,2385
2023-01-19 12:34:18,32,40,2068,2385
2023-01-19 12:34:18,32,37,2068,2385
2023-01-19 12:35:48,32,39,2068,2385
2023-01-19 12:35:48,32,37,2068,2385
2023-01-19 12:37:17,34,37,2068,2385
2023-01-19 12:37:18,34,39,2068,2385
2023-01-19 12:37:46,34,40,2068,2385
2023-01-19 12:37:47,34,38,2068,2385
2023-01-19 12:37:47,33,38,2068,2385
2023-01-19 12:38:24,32,38,2068,2385
2023-01-19 12:38:49,33,38,2068,2385
2023-01-19 12:38:49,33,39,2068,2385
2023-01-19 12:39:21,32,39,2068,2385
2023-01-19 12:39:22,34,39,2068,2385
2023-01-19 12:39:47,35,39,2068,2385
2023-01-19 12:41:47,35,40,2068,2385
2023-01-19 12:42:22,35,43,2068,2385
2023-01-19 12:42:22,35,41,2068,2385
2023-01-19 12:43:46,35,39,2068,2385
2023-01-19 12:44:09,33,39,2068,2385
2023-01-19 12:44:18,34,39,2068,2385
2023-01-19 12:46:19,34,40,2068,2385
2023-01-19 12:46:45,34,42,2068,2385
2023-01-19 12:46:46,34,41,2068,2385
2023-01-19 12:46:46,35,41,2068,2385
2023-01-19 12:47:18,34,41,2068,2385
2023-01-19 12:47:18,34,39,2068,2385
2023-01-19 12:47:47,34,38,2068,2385
2023-01-19 12:48:17,34,40,2068,2385
2023-01-19 12:48:18,34,42,2068,2385
2023-01-19 12:48:18,34,43,2068,2385
2023-01-19 12:48:18,34,39,2068,2385
2023-01-19 12:48:18,34,37,2068,2385
2023-01-19 12:48:46,34,38,2068,2385
2023-01-19 12:50:24,34,37,2068,2385
2023-01-19 12:50:53,34,38,2068,2385
2023-01-19 12:51:20,34,39,2068,2385
2023-01-19 12:51:47,34,37,2068,2385
2023-01-19 12:53:46,34,39,2068,2385
2023-01-19 12:53:46,34,37,2068,2385
2023-01-19 12:54:18,34,38,2068,2385
2023-01-19 12:54:46,34,39,2068,2385
2023-01-19 12:54:46,34,37,2068,2385
2023-01-19 12:55:20,32,37,2168,2485
2023-01-19 12:55:21,32,41,2168,2485
2023-01-19 12:55:21,32,43,2168,2485
2023-01-19 12:55:21,32,40,2168,2485
2023-01-19 12:55:21,32,36,2168,2485
2023-01-19 12:55:48,31,35,2168,2485
2023-01-19 12:55:48,29,35,2168,2485
2023-01-19 12:55:53,32,35,2168,2485
2023-01-19 12:56:11,29,35,2168,2485
2023-01-19 12:56:18,26,35,2168,2485
2023-01-19 12:56:18,30,35,2168,2485
2023-01-19 12:56:30,32,35,2168,2485
2023-01-19 12:57:10,30,35,2168,2485
2023-01-19 12:57:10,32,35,2168,2485
2023-01-19 12:57:19,32,36,2168,2485
2023-01-19 12:57:46,30,36,2168,2485
2023-01-19 12:57:46,32,36,2168,2485
2023-01-19 12:58:24,31,36,2168,2485
2023-01-19 12:58:24,32,36,2168,2485
2023-01-19 12:58:46,31,36,2168,2485
2023-01-19 12:58:47,30,36,2168,2485
2023-01-19 12:58:47,30,39,2168,2485
2023-01-19 12:58:47,32,39,2168,2485
2023-01-19 12:58:47,32,37,2168,2485
2023-01-19 12:59:17,32,39,2168,2485
2023-01-19 12:59:17,30,38,2168,2485
2023-01-19 12:59:17,31,38,2168,2485
2023-01-19 12:59:18,33,38,2168,2485
2023-01-19 12:59:47,33,40,2168,2485
2023-01-19 12:59:47,33,39,2168,2485
2023-01-19 13:00:25,33,41,2168,2485
2023-01-19 13:00:25,33,45,2168,2485
2023-01-19 13:00:25,31,45,2168,2485
2023-01-19 13:00:26,32,45,2168,2485
2023-01-19 13:00:26,34,45,2168,2485
2023-01-19 13:00:26,34,44,2168,2485
2023-01-19 13:00:26,34,40,2168,2485
2023-01-19 13:00:51,36,40,2168,2485
2023-01-19 13:00:52,36,41,2168,2485
2023-01-19 13:01:19,36,59,2168,2485
2023-01-19 13:01:19,36,46,2168,2485
2023-01-19 13:01:19,36,42,2168,2485
2023-01-19 13:01:46,37,42,2168,2485
2023-01-19 13:02:17,37,44,2168,2485
2023-01-19 13:02:17,37,47,2168,2485
2023-01-19 13:02:18,37,43,2168,2485
2023-01-19 13:02:36,37,43,2173,2495
2023-01-19 13:03:18,37,45,2173,2495
2023-01-19 13:03:18,37,47,2173,2495
2023-01-19 13:03:18,37,46,2173,2495
2023-01-19 13:03:18,37,44,2173,2495
2023-01-19 13:03:19,36,44,2173,2495
2023-01-19 13:03:19,38,44,2173,2495
2023-01-19 13:03:48,38,46,2173,2495
2023-01-19 13:03:48,40,46,2173,2495
2023-01-19 13:03:48,42,46,2173,2495
2023-01-19 13:03:49,42,48,2173,2495
2023-01-19 13:04:18,42,47,2173,2495
2023-01-19 13:04:18,41,47,2173,2495
2023-01-19 13:05:23,41,49,2173,2495
2023-01-19 13:05:23,41,47,2173,2495
2023-01-19 13:05:55,41,49,2173,2495
2023-01-19 13:05:55,41,48,2173,2495
2023-01-19 13:05:55,41,46,2173,2495
2023-01-19 13:06:21,39,46,2173,2495
2023-01-19 13:06:22,39,48,2173,2495
2023-01-19 13:06:22,39,45,2173,2495
2023-01-19 13:08:19,39,47,2173,2495
2023-01-19 13:08:19,35,47,2173,2495
2023-01-19 13:08:19,35,49,2173,2495
2023-01-19 13:08:19,34,49,2173,2495
2023-01-19 13:08:19,34,48,2173,2495
2023-01-19 13:08:20,38,48,2173,2495
2023-01-19 13:08:20,38,46,2173,2495
2023-01-19 13:08:20,38,44,2173,2495
2023-01-19 13:08:48,37,44,2173,2495
2023-01-19 13:08:49,39,44,2173,2495
2023-01-19 13:09:17,39,46,2173,2495
2023-01-19 13:09:17,39,47,2173,2495
2023-01-19 13:09:18,39,45,2173,2495
2023-01-19 13:10:48,39,44,2173,2495
2023-01-19 13:11:48,39,48,2173,2495
2023-01-19 13:11:48,39,47,2173,2495
2023-01-19 13:11:48,39,45,2173,2495
2023-01-19 13:11:48,39,43,2173,2495
2023-01-19 13:11:48,37,43,2173,2495
2023-01-19 13:12:21,37,42,2173,2495
2023-01-19 13:12:50,38,42,2173,2495
2023-01-19 13:12:51,38,45,2173,2495
2023-01-19 13:12:52,38,43,2173,2495
2023-01-19 13:13:18,39,43,2173,2495
2023-01-19 13:13:18,39,44,2173,2495
2023-01-19 13:13:47,39,46,2173,2495
2023-01-19 13:13:48,39,47,2173,2495
2023-01-19 13:13:48,39,45,2173,2495
2023-01-19 13:14:52,40,45,2173,2495
2023-01-19 13:15:22,40,46,2173,2495
2023-01-19 13:15:49,40,48,2173,2495
2023-01-19 13:15:50,40,45,2173,2495
2023-01-19 13:15:50,40,43,2173,2495
2023-01-19 13:15:50,35,43,2173,2495
2023-01-19 13:15:51,35,41,2173,2495
2023-01-19 13:16:19,35,43,2173,2495
2023-01-19 13:16:19,37,43,2173,2495
2023-01-19 13:16:47,37,44,2173,2495
2023-01-19 13:16:47,37,42,2173,2495
2023-01-19 13:17:18,35,42,2173,2495
2023-01-19 13:17:18,36,42,2173,2495
2023-01-19 13:17:48,36,44,2173,2495
2023-01-19 13:17:52,36,42,2173,2495
2023-01-19 13:18:18,37,42,2173,2495
2023-01-19 13:18:48,39,42,2173,2495
2023-01-19 13:18:48,39,44,2173,2495
2023-01-19 13:19:17,39,46,2173,2495
2023-01-19 13:19:17,40,46,2173,2495
2023-01-19 13:19:47,42,46,2173,2495
2023-01-19 13:19:47,42,48,2173,2495
2023-01-19 13:20:24,42,50,2173,2495
2023-01-19 13:20:24,42,49,2173,2495
2023-01-19 13:20:24,42,47,2173,2495
2023-01-19 13:20:49,40,47,2173,2495
2023-01-19 13:20:49,41,47,2173,2495
2023-01-19 13:20:49,41,50,2173,2495
2023-01-19 13:20:49,41,46,2173,2495
2023-01-19 13:21:19,41,48,2173,2495
2023-01-19 13:21:19,42,48,2173,2495
2023-01-19 13:21:20,42,47,2173,2495
2023-01-19 13:21:48,42,49,2173,2495
2023-01-19 13:21:49,38,49,2173,2495
2023-01-19 13:21:49,39,49,2173,2495
2023-01-19 13:21:49,43,49,2173,2495
2023-01-19 13:22:19,41,49,2173,2495
2023-01-19 13:22:19,42,49,2173,2495
2023-01-19 13:22:19,42,50,2173,2495
2023-01-19 13:22:20,44,50,2173,2495
2023-01-19 13:22:47,45,50,2173,2495
2023-01-19 13:22:55,45,49,2173,2495
2023-01-19 13:23:17,43,49,2173,2495
2023-01-19 13:23:18,44,49,2173,2495
2023-01-19 13:23:43,44,50,2173,2495
2023-01-19 13:23:48,42,50,2173,2495
2023-01-19 13:23:48,40,50,2173,2495
2023-01-19 13:23:48,41,50,2173,2495
2023-01-19 13:23:48,41,53,2173,2495
2023-01-19 13:23:48,41,49,2173,2495
2023-01-19 13:23:49,43,49,2173,2495
2023-01-19 13:24:18,43,51,2173,2495
2023-01-19 13:24:19,43,50,2173,2495
2023-01-19 13:24:19,43,48,2173,2495
2023-01-19 13:24:48,43,50,2173,2495
2023-01-19 13:24:49,43,51,2173,2495
2023-01-19 13:24:49,43,49,2173,2495
2023-01-19 13:25:21,43,53,2173,2495
2023-01-19 13:25:21,43,48,2173,2495
2023-01-19 13:25:21,41,48,2173,2495
2023-01-19 13:25:22,40,48,2173,2495
2023-01-19 13:25:22,42,48,2173,2495
2023-01-19 13:25:48,42,46,2173,2495
2023-01-19 13:25:49,40,46,2173,2495
2023-01-19 13:26:47,38,46,2173,2495
2023-01-19 13:26:47,36,46,2173,2495
2023-01-19 13:26:48,36,44,2173,2495
2023-01-19 13:26:48,39,44,2173,2495
2023-01-19 13:27:17,38,44,2173,2495
2023-01-19 13:28:18,38,46,2173,2495
2023-01-19 13:28:19,38,44,2173,2495
2023-01-19 13:28:48,40,44,2173,2495
2023-01-19 13:28:48,40,46,2173,2495
2023-01-19 13:29:48,41,46,2173,2495
2023-01-19 13:30:23,40,46,2173,2495
2023-01-19 13:30:47,40,48,2173,2495
2023-01-19 13:30:48,42,48,2173,2495
2023-01-19 13:31:18,40,48,2173,2495
2023-01-19 13:31:18,43,48,2173,2495
2023-01-19 13:31:18,43,49,2173,2495
2023-01-19 13:31:47,43,51,2173,2495
2023-01-19 13:31:48,43,50,2173,2495
2023-01-19 13:31:48,45,50,2173,2495
2023-01-19 13:32:17,46,50,2173,2495
2023-01-19 13:32:46,46,51,2173,2495
2023-01-19 13:33:47,46,50,2173,2495
2023-01-19 13:34:47,46,54,2173,2495
2023-01-19 13:34:47,46,53,2173,2495
2023-01-19 13:34:47,46,51,2173,2495
2023-01-19 13:34:47,46,49,2173,2495
2023-01-19 13:35:20,46,51,2173,2495
2023-01-19 13:35:21,46,50,2173,2495
2023-01-19 13:35:48,46,51,2173,2495
2023-01-19 13:36:12,46,50,2173,2495
2023-01-19 13:36:46,46,51,2173,2495
2023-01-19 13:36:46,46,53,2173,2495
2023-01-19 13:36:47,47,53,2173,2495
2023-01-19 13:36:50,47,48,2173,2495
2023-01-19 13:37:21,48,53,2173,2495
2023-01-19 13:37:30,46,48,2289,2728
2023-01-19 13:37:47,46,53,2289,2728
2023-01-19 13:37:47,47,53,2289,2728
2023-01-19 13:38:22,47,48,2289,2728
2023-01-19 13:38:30,47,48,2572,3061
2023-01-19 13:38:50,47,53,2572,3061
2023-01-19 13:38:50,46,53,2572,3061
2023-01-19 13:38:51,48,53,2572,3061
2023-01-19 13:38:58,46,47,2715,3346
2023-01-19 13:39:02,46,53,2947,3578
2023-01-19 13:39:18,47,53,2947,3578
2023-01-19 13:39:38,45,46,3115,3914
2023-01-19 13:39:39,45,46,3215,4014
2023-01-19 13:39:46,43,46,3215,4014
2023-01-19 13:39:46,41,46,3215,4014
2023-01-19 13:39:46,44,46,3215,4014
2023-01-19 13:39:47,46,53,3241,4066
2023-01-19 13:39:47,48,53,3241,4066
2023-01-19 13:40:04,50,53,3241,4066
2023-01-19 13:40:16,50,53,3526,4351
2023-01-19 13:40:26,50,54,3526,4351
2023-01-19 13:40:51,50,52,3526,4351
2023-01-19 13:40:56,50,52,4175,5000
2023-01-19 13:41:36,50,52,4532,5357
2023-01-19 13:42:16,50,52,4827,5652
2023-01-19 13:42:19,50,53,4827,5652
2023-01-19 13:42:58,50,53,5132,5957
2023-01-19 13:43:38,50,53,5573,6398
2023-01-19 13:44:00,50,53,5739,6731
2023-01-19 13:44:16,50,53,6085,7077
2023-01-19 13:44:54,50,53,6781,7773
2023-01-19 13:45:34,50,53,7384,8376
2023-01-19 13:46:14,50,53,8027,9019
2023-01-19 13:47:06,50,53,8575,9567
2023-01-19 13:47:46,50,53,8865,9857
2023-01-19 13:48:26,50,53,9547,10539
2023-01-19 13:48:36,50,54,9547,10539
2023-01-19 13:49:08,50,54,9906,10898
2023-01-19 13:49:48,50,56,9906,10898
2023-01-19 13:49:48,50,56,10189,11181
2023-01-19 13:49:49,50,53,10189,11181
2023-01-19 13:50:22,50,55,10189,11181
2023-01-19 13:50:23,50,56,10189,11181
2023-01-19 13:50:23,50,54,10189,11181
2023-01-19 13:50:28,50,54,10609,11601
2023-01-19 13:50:48,50,53,10609,11601
2023-01-19 13:50:50,48,53,10609,11601
2023-01-19 13:50:57,49,53,10609,11601
2023-01-19 13:51:08,48,49,11074,12066
2023-01-19 13:51:17,46,49,11074,12066
2023-01-19 13:51:17,47,49,11074,12066
2023-01-19 13:51:18,47,53,11074,12066
2023-01-19 13:51:41,48,53,11074,12066
2023-01-19 13:51:50,48,50,11074,12066
2023-01-19 13:52:09,48,53,11074,12066
2023-01-19 13:52:20,48,53,11079,12071
2023-01-19 13:52:21,48,52,11079,12071
2023-01-19 13:52:28,48,50,11079,12071
2023-01-19 13:52:40,48,52,11079,12071
2023-01-19 13:53:16,48,49,11079,12071
2023-01-19 13:53:46,48,52,11079,12071
2023-01-19 13:53:46,48,54,11079,12071
2023-01-19 13:53:54,46,48,11220,12351
2023-01-19 13:54:16,46,54,11220,12351
2023-01-19 13:54:16,47,54,11220,12351
2023-01-19 13:54:16,47,56,11220,12351
2023-01-19 13:54:16,47,53,11220,12351
2023-01-19 13:54:32,47,49,11220,12351
2023-01-19 13:54:43,47,53,11220,12351
2023-01-19 13:54:45,48,53,11220,12351
2023-01-19 13:55:10,48,53,11240,12371
2023-01-19 13:55:12,48,50,11240,12371
2023-01-19 13:55:31,50,52,11240,12371
2023-01-19 13:55:40,47,52,11240,12371
2023-01-19 13:55:46,45,52,11240,12371
2023-01-19 13:55:46,45,51,11240,12371
2023-01-19 13:55:46,46,51,11240,12371
2023-01-19 13:55:51,48,51,11240,12371
2023-01-19 13:55:52,48,50,11240,12371
2023-01-19 13:56:17,48,51,11240,12371
2023-01-19 13:56:17,48,53,11240,12371
2023-01-19 13:56:17,48,56,11240,12371
2023-01-19 13:56:17,48,54,11240,12371
2023-01-19 13:56:18,48,52,11240,12371
2023-01-19 13:57:17,48,54,11240,12371
2023-01-19 13:57:17,48,56,11240,12371
2023-01-19 13:57:17,48,55,11240,12371
2023-01-19 13:57:17,48,53,11240,12371
2023-01-19 13:57:17,48,51,11240,12371
2023-01-19 13:57:46,48,55,11240,12371
2023-01-19 13:57:46,48,52,11240,12371
2023-01-19 13:58:41,47,52,11240,12371
2023-01-19 13:58:46,47,54,11240,12371
2023-01-19 13:58:46,47,56,11240,12371
2023-01-19 13:58:46,47,53,11240,12371
2023-01-19 13:58:49,50,53,11240,12371
2023-01-19 14:00:24,50,56,11240,12371
2023-01-19 14:00:24,50,54,11240,12371
2023-01-19 14:00:32,48,54,11240,12371
2023-01-19 14:00:45,53,54,11240,12371
2023-01-19 14:01:09,49,54,11240,12371
2023-01-19 14:01:17,45,54,11240,12371
2023-01-19 14:01:17,42,54,11240,12371
2023-01-19 14:01:17,44,54,11240,12371
2023-01-19 14:01:18,44,52,11240,12371
2023-01-19 14:01:18,46,52,11240,12371
2023-01-19 14:01:59,50,52,11240,12371
2023-01-19 14:02:17,50,53,11240,12371
2023-01-19 14:03:17,50,55,11240,12371
2023-01-19 14:03:17,50,56,11240,12371
2023-01-19 14:03:17,50,54,11240,12371
2023-01-19 14:03:57,48,54,11240,12371
2023-01-19 14:04:47,46,54,11240,12371
2023-01-19 14:04:48,49,54,11240,12371
2023-01-19 14:05:21,49,55,11240,12371
2023-01-19 14:05:27,52,55,11240,12371
2023-01-19 14:05:50,52,56,11240,12371
2023-01-19 14:05:50,52,54,11240,12371
2023-01-19 14:06:20,52,56,11240,12371
2023-01-19 14:06:20,52,53,11240,12371
2023-01-19 14:06:58,47,53,11240,12371
2023-01-19 14:07:17,47,51,11240,12371
2023-01-19 14:07:19,46,51,11240,12371
2023-01-19 14:07:47,46,54,11240,12371
2023-01-19 14:07:47,46,52,11240,12371
2023-01-19 14:08:17,46,54,11240,12371
2023-01-19 14:08:17,46,53,11240,12371
2023-01-19 14:08:17,46,51,11240,12371
2023-01-19 14:08:47,47,51,11240,12371
2023-01-19 14:08:48,47,53,11240,12371
2023-01-19 14:10:22,48,53,11240,12371
2023-01-19 14:10:45,52,53,11240,12371
2023-01-19 14:10:48,52,54,11240,12371
2023-01-19 14:10:59,53,54,11240,12371
2023-01-19 14:11:17,53,56,11240,12371
2023-01-19 14:11:18,53,55,11240,12371
2023-01-19 14:11:28,49,55,11240,12371
2023-01-19 14:11:33,55,56,11492,12623
2023-01-19 14:12:08,55,56,11692,12823
2023-01-19 14:12:49,55,57,11692,12823
2023-01-19 14:13:11,56,57,11692,12823
2023-01-19 14:13:16,56,59,11692,12823
2023-01-19 14:13:17,56,58,11692,12823
2023-01-19 14:14:53,56,60,11692,12823
2023-01-19 14:14:53,56,59,11692,12823
2023-01-19 14:17:37,58,59,11692,12823
2023-01-19 14:20:27,58,60,11692,12823
2023-01-19 14:20:29,59,60,11692,12823
2023-01-19 14:21:04,60,62,11944,13075
2023-01-19 14:21:18,60,67,11944,13075
2023-01-19 14:21:19,60,63,11944,13075
2023-01-19 14:21:19,60,61,11944,13075
2023-01-19 14:21:34,61,63,12170,13301
2023-01-19 14:21:47,61,66,12170,13301
2023-01-19 14:21:47,61,64,12170,13301
2023-01-19 14:21:47,61,62,12170,13301
2023-01-19 14:22:52,62,64,12423,13554
2023-01-19 14:23:18,62,64,12654,13785
2023-01-19 14:23:50,62,64,12874,14005
2023-01-19 14:23:56,62,64,12935,14127
2023-01-19 14:24:03,62,64,12940,14137
2023-01-19 14:24:40,56,64,13378,14575
2023-01-19 14:24:47,56,61,13378,14575
2023-01-19 14:25:20,56,60,13378,14575
2023-01-19 14:25:51,56,62,13378,14575
2023-01-19 14:25:51,56,64,13378,14575
2023-01-19 14:25:51,56,61,13378,14575
2023-01-19 14:26:17,58,61,13378,14575
2023-01-19 14:26:17,58,63,13378,14575
2023-01-19 14:26:45,58,62,13378,14575
2023-01-19 14:26:46,57,62,13378,14575
2023-01-19 14:27:16,60,62,13378,14575
2023-01-19 14:27:39,56,62,13378,14575
2023-01-19 14:27:50,56,64,13378,14575
2023-01-19 14:27:50,56,63,13378,14575
2023-01-19 14:27:51,56,61,13378,14575
2023-01-19 14:28:18,56,60,13378,14575
2023-01-19 14:28:46,56,59,13378,14575
2023-01-19 14:29:47,56,63,13378,14575
2023-01-19 14:29:47,56,62,13378,14575
2023-01-19 14:29:48,56,60,13378,14575
2023-01-19 14:30:26,56,62,13378,14575
2023-01-19 14:30:26,56,65,13378,14575
2023-01-19 14:30:27,56,63,13378,14575
2023-01-19 14:30:28,56,61,13378,14575
2023-01-19 14:30:35,61,63,13608,14805
2023-01-19 14:31:18,61,65,13608,14805
2023-01-19 14:31:18,61,64,13608,14805
2023-01-19 14:31:52,61,65,13608,14805
2023-01-19 14:32:19,61,67,13608,14805
2023-01-19 14:32:20,61,66,13608,14805
2023-01-19 14:32:21,61,64,13608,14805
2023-01-19 14:32:27,59,64,13608,14805
2023-01-19 14:32:47,56,64,13608,14805
2023-01-19 14:32:47,58,64,13608,14805
2023-01-19 14:33:17,58,66,13608,14805
2023-01-19 14:33:17,58,65,13608,14805
2023-01-19 14:33:17,58,63,13608,14805
2023-01-19 14:34:08,63,65,13762,14959
2023-01-19 14:34:17,63,67,13762,14959
2023-01-19 14:34:17,63,66,13762,14959
2023-01-19 14:34:18,63,64,13762,14959
2023-01-19 14:34:46,63,66,13762,14959
2023-01-19 14:34:46,63,68,13762,14959
2023-01-19 14:34:46,63,68,13980,15177
2023-01-19 14:34:47,63,67,13980,15177
2023-01-19 14:34:47,63,65,13980,15177
2023-01-19 14:35:04,63,65,14313,15510
2023-01-19 14:35:05,63,65,14363,15610
2023-01-19 14:35:11,63,65,14696,15943
2023-01-19 14:35:20,63,65,14889,16136
2023-01-19 14:35:46,63,65,14989,16236
2023-01-19 14:35:47,63,66,14989,16236
2023-01-19 14:35:47,63,64,14989,16236
2023-01-19 14:35:55,63,64,15089,16336
2023-01-19 14:36:04,63,64,15189,16436
2023-01-19 14:36:09,58,64,15189,16436
2023-01-19 14:36:18,58,65,15189,16436
2023-01-19 14:36:20,58,63,15189,16436
2023-01-19 14:36:50,58,68,15189,16436
2023-01-19 14:36:50,58,64,15189,16436
2023-01-19 14:36:50,58,60,15189,16436
2023-01-19 14:36:50,56,60,15189,16436
2023-01-19 14:38:15,56,62,15189,16436
2023-01-19 14:38:16,56,61,15189,16436
2023-01-19 14:39:49,57,61,15189,16436
2023-01-19 14:39:50,57,63,15189,16436
2023-01-19 14:40:24,58,63,15189,16436
2023-01-19 14:40:24,58,65,15189,16436
2023-01-19 14:40:25,58,68,15189,16436
2023-01-19 14:40:25,58,64,15189,16436
2023-01-19 14:41:19,56,64,15189,16436
2023-01-19 14:41:19,59,64,15189,16436
2023-01-19 14:41:40,59,64,15324,16571
2023-01-19 14:41:48,58,64,15324,16571
2023-01-19 14:41:49,60,64,15324,16571
2023-01-19 14:41:49,60,65,15324,16571
2023-01-19 14:42:15,60,65,15369,16616
2023-01-19 14:42:19,58,65,15369,16616
2023-01-19 14:42:19,58,66,15369,16616
2023-01-19 14:42:19,61,66,15369,16616
2023-01-19 14:42:48,61,65,15369,16616
2023-01-19 14:43:24,59,63,15369,16616
2023-01-19 14:43:25,57,63,15369,16616
2023-01-19 14:43:51,57,58,15369,16616
2023-01-19 14:43:51,56,58,15369,16616
2023-01-19 14:44:19,56,60,15434,16747
2023-01-19 14:44:52,57,60,15434,16747
2023-01-19 14:44:53,57,63,15434,16747
2023-01-19 14:45:21,58,63,15434,16747
2023-01-19 14:45:52,58,64,15434,16747
2023-01-19 14:45:52,58,62,15434,16747
2023-01-19 14:45:53,56,62,15434,16747
2023-01-19 14:46:31,56,62,15510,16897
2023-01-19 14:46:31,54,56,15528,16933
2023-01-19 14:46:48,52,56,15528,16933
2023-01-19 14:47:29,52,58,15668,17213
2023-01-19 14:47:48,51,58,15668,17213
2023-01-19 14:47:48,53,58,15668,17213
2023-01-19 14:47:48,55,58,15668,17213
2023-01-19 14:47:49,55,60,15668,17213
2023-01-19 14:48:19,56,60,15668,17213
2023-01-19 14:48:19,56,62,15668,17213
2023-01-19 14:48:48,54,62,15668,17213
2023-01-19 14:48:48,55,62,15668,17213
2023-01-19 14:48:48,55,65,15668,17213
2023-01-19 14:48:50,57,65,15668,17213
2023-01-19 14:48:52,59,65,15668,17213
2023-01-19 14:49:19,59,67,15668,17213
2023-01-19 14:49:19,59,69,15668,17213
2023-01-19 14:49:19,59,68,15668,17213
2023-01-19 14:49:19,57,68,15668,17213
2023-01-19 14:49:19,58,68,15668,17213
2023-01-19 14:49:20,60,68,15668,17213
2023-01-19 14:49:20,60,66,15668,17213
2023-01-19 14:50:23,60,68,15668,17213
2023-01-19 14:50:23,45,68,15668,17213
2023-01-19 14:50:24,45,67,15668,17213
2023-01-19 14:50:24,45,65,15668,17213
2023-01-19 14:50:24,55,65,15668,17213
2023-01-19 14:50:24,57,65,15668,17213
2023-01-19 14:50:24,59,65,15668,17213
2023-01-19 14:50:46,58,65,15668,17213
2023-01-19 14:50:46,60,65,15668,17213
2023-01-19 14:50:46,60,66,15668,17213
2023-01-19 14:51:17,60,68,15668,17213
2023-01-19 14:51:17,60,67,15668,17213
2023-01-19 14:51:17,60,65,15668,17213
2023-01-19 14:52:25,60,69,15668,17213
2023-01-19 14:52:25,60,68,15668,17213
2023-01-19 14:52:25,62,68,15668,17213
2023-01-19 14:53:24,61,68,15668,17213
2023-01-19 14:53:26,61,66,15668,17213
2023-01-19 14:53:50,61,68,15668,17213
2023-01-19 14:53:50,59,68,15668,17213
2023-01-19 14:53:50,59,67,15668,17213
2023-01-19 14:53:50,57,67,15668,17213
2023-01-19 14:53:50,62,67,15668,17213
2023-01-19 14:54:07,62,67,15678,17223
2023-01-19 14:54:52,62,69,15678,17223
2023-01-19 14:54:53,63,69,15678,17223
2023-01-19 14:55:21,65,69,15678,17223
2023-01-19 14:55:21,65,71,15678,17223
2023-01-19 14:55:21,65,70,15678,17223
2023-01-19 14:56:14,65,70,15688,17233
2023-01-19 14:56:25,63,70,15688,17233
2023-01-19 14:56:25,64,70,15688,17233
2023-01-19 14:56:26,64,69,15688,17233
2023-01-19 14:57:12,64,69,15702,17247
2023-01-19 14:57:21,64,67,15702,17247
2023-01-19 14:57:22,61,67,15702,17247
2023-01-19 14:57:50,61,66,15702,17247
2023-01-19 14:57:53,59,66,15702,17247
2023-01-19 14:57:53,62,66,15702,17247
2023-01-19 14:58:54,60,66,15702,17247
2023-01-19 14:58:54,59,66,15702,17247
2023-01-19 14:58:55,63,66,15702,17247
2023-01-19 14:59:19,64,66,15702,17247
2023-01-19 14:59:54,62,66,15702,17247
2023-01-19 14:59:54,63,66,15702,17247
2023-01-19 15:00:07,63,68,15712,17257
2023-01-19 15:00:27,64,68,15712,17257
2023-01-19 15:00:48,66,68,15712,17257
2023-01-19 15:01:28,63,68,15723,17268
2023-01-19 15:02:41,64,68,15723,17268
2023-01-19 15:03:42,62,68,15733,17278
2023-01-19 15:04:27,62,66,15733,17278
2023-01-19 15:04:27,60,66,15733,17278
2023-01-19 15:05:28,60,67,15733,17278
2023-01-19 15:05:29,59,67,15733,17278
2023-01-19 15:05:31,61,67,15733,17278
2023-01-19 15:05:38,67,69,15885,17430
2023-01-19 15:05:46,67,68,15885,17430
2023-01-19 15:06:56,67,69,15945,17490
2023-01-19 15:07:04,67,80,15945,17490
2023-01-19 15:07:04,67,78,15945,17490
2023-01-19 15:07:04,67,76,15945,17490
2023-01-19 15:07:04,67,74,15945,17490
2023-01-19 15:07:10,67,74,15985,17530
2023-01-19 15:07:29,67,76,16085,17630
2023-01-19 15:08:01,71,76,16085,17630
2023-01-19 15:08:32,71,76,16095,17640
2023-01-19 15:08:55,71,77,16095,17640
2023-01-19 15:09:10,71,76,16095,17640
2023-01-19 15:09:54,74,76,16095,17640
2023-01-19 15:11:15,73,76,16095,17640
2023-01-19 15:11:22,74,76,16095,17640
2023-01-19 15:11:27,74,78,16095,17640
2023-01-19 15:11:43,74,77,16095,17640
2023-01-19 15:13:53,76,77,16095,17640
2023-01-19 15:14:05,74,77,16095,17640
2023-01-19 15:14:07,72,77,16095,17640
2023-01-19 15:14:21,73,77,16095,17640
2023-01-19 15:14:38,73,77,16100,17650
2023-01-19 15:16:19,71,77,16100,17650
2023-01-19 15:16:19,72,77,16100,17650
2023-01-19 15:16:47,74,77,16100,17650
2023-01-19 15:17:18,75,77,16100,17650
2023-01-19 15:17:47,76,77,16100,17650
2023-01-19 15:18:11,77,81,16110,17660
2023-01-19 15:18:26,77,80,16110,17660
2023-01-19 15:18:33,77,79,16110,17660
2023-01-19 15:18:42,77,80,16120,17670
2023-01-19 15:19:18,78,80,16120,17670
2023-01-19 15:20:38,78,81,16120,17670
2023-01-19 15:22:18,79,81,16120,17670
2023-01-19 15:22:50,78,81,16120,17670
2023-01-19 15:23:18,76,81,16120,17670
2023-01-19 15:23:18,74,81,16120,17670
2023-01-19 15:23:18,75,81,16120,17670
2023-01-19 15:23:18,79,81,16120,17670
2023-01-19 15:23:31,79,81,16125,17680
2023-01-19 15:23:50,79,81,16135,17690
2023-01-19 15:24:04,79,84,16145,17700
2023-01-19 15:24:25,79,83,16145,17700
2023-01-19 15:24:46,77,83,16145,17700
2023-01-19 15:24:47,80,83,16145,17700
2023-01-19 15:25:30,81,83,16145,17700
2023-01-19 15:27:08,81,83,16147,17702
2023-01-19 15:27:47,80,83,16147,17702
2023-01-19 15:28:47,78,83,16147,17702
2023-01-19 15:28:47,76,83,16147,17702
2023-01-19 15:28:48,77,83,16147,17702
2023-01-19 15:28:48,79,83,16147,17702
2023-01-19 15:28:48,81,83,16147,17702
2023-01-19 15:29:18,82,83,16147,17702
2023-01-19 15:29:37,82,84,16147,17702
2023-01-19 15:30:23,84,85,16152,17712
2023-01-19 15:30:47,83,85,16152,17712
2023-01-19 15:31:47,81,85,16152,17712
2023-01-19 15:31:56,70,84,16152,17712
2023-01-19 15:32:10,73,84,16152,17712
2023-01-19 15:32:54,73,83,16152,17712
2023-01-19 15:33:05,74,83,16152,17712
2023-01-19 15:33:46,82,83,16157,17722
2023-01-19 15:33:46,84,85,16157,17722
2023-01-19 15:34:17,74,85,16157,17722
2023-01-19 15:34:25,74,91,16157,17722
2023-01-19 15:34:37,74,90,16157,17722
2023-01-19 15:34:45,75,90,16157,17722
2023-01-19 15:34:54,75,89,16157,17722
2023-01-19 15:34:58,75,90,16187,17752
2023-01-19 15:35:03,76,90,16187,17752
2023-01-19 15:35:08,89,90,16187,17752
2023-01-19 15:35:27,89,90,16189,17754
2023-01-19 15:35:34,76,90,16189,17754
2023-01-19 15:36:01,84,90,16189,17754
2023-01-19 15:38:11,87,90,16189,17754
2023-01-19 15:40:29,87,95,16189,17754
2023-01-19 15:41:33,87,94,16189,17754
2023-01-19 15:43:06,94,95,16199,17764
2023-01-19 15:43:11,70,94,16220,17785
2023-01-19 15:43:35,80,94,16220,17785
2023-01-19 15:44:38,80,92,16220,17785
2023-01-19 15:45:42,80,91,16220,17785
2023-01-19 15:46:15,70,91,16220,17785
2023-01-19 15:46:30,71,91,16220,17785
2023-01-19 15:46:55,80,91,16220,17785
2023-01-19 15:48:38,80,92,16230,17795
2023-01-19 15:49:13,85,92,16230,17795
2023-01-19 15:49:25,85,91,16230,17795
2023-01-19 15:49:41,85,92,16280,17845
2023-01-19 15:51:09,61,92,16280,17845
2023-01-19 15:51:32,61,91,16280,17845
2023-01-19 15:51:38,90,91,16280,17845
2023-01-19 15:51:43,75,91,16290,17855
2023-01-19 15:51:44,75,90,16290,17855
2023-01-19 15:52:39,75,91,16290,17855
2023-01-19 15:52:45,86,91,16290,17855
2023-01-19 15:53:01,75,91,16300,17865
2023-01-19 15:53:10,64,91,16300,17865
2023-01-19 15:53:23,56,91,16300,17865
2023-01-19 15:53:30,77,91,16300,17865
2023-01-19 15:53:47,56,77,16310,17875
2023-01-19 15:53:53,56,90,16310,17875
2023-01-19 15:54:17,56,79,16310,17875
2023-01-19 15:54:42,56,87,16310,17875
2023-01-19 15:54:54,56,85,16310,17875
2023-01-19 15:55:25,48,85,16310,17875
2023-01-19 15:55:36,48,84,16310,17875
2023-01-19 15:55:43,48,83,16310,17875
2023-01-19 15:55:56,45,83,16310,17875
2023-01-19 15:56:26,40,83,16310,17875
2023-01-19 15:56:47,40,82,16310,17875
2023-01-19 15:56:51,40,81,16310,17875
2023-01-19 15:57:16,1,81,16310,17875
2023-01-19 15:57:31,1,80,16310,17875
2023-01-19 15:57:49,35,80,16310,17875
2023-01-19 15:57:56,35,79,16310,17875
2023-01-19 15:58:17,35,55,16310,17875
2023-01-19 15:58:25,35,64,16310,17875
2023-01-19 15:58:39,35,45,16310,17875
2023-01-19 15:58:39,35,45,16410,18075
2023-01-19 15:58:48,35,45,16460,18175
2023-01-19 15:58:57,35,45,16544,18275
2023-01-19 15:59:17,36,64,16544,18275
2023-01-19 15:59:27,36,73,16544,18275
2023-01-19 15:59:27,36,79,16544,18275
2023-01-19 15:59:30,1,79,16549,18285
2023-01-19 15:59:31,1,36,16549,18285
2023-01-19 15:59:31,1,34,16549,18285
2023-01-19 15:59:38,5,34,16549,18285
2023-01-19 15:59:49,5,34,16649,18485
2023-01-19 15:59:56,5,34,16764,18715
