datetime,bid,ask,open_interest,volume
2023-11-01 09:31:00,2,24,905,1305
2023-11-01 09:31:00,19,24,905,1305
2023-11-01 09:31:00,21,24,905,1305
2023-11-01 09:31:00,21,23,905,1305
2023-11-01 09:31:01,21,24,905,1305
2023-11-01 09:31:01,21,23,905,1305
2023-11-01 09:31:20,21,24,905,1305
2023-11-01 09:31:23,21,23,905,1305
2023-11-01 09:31:26,21,24,905,1305
2023-11-01 09:32:07,21,23,905,1305
2023-11-01 09:32:26,21,24,905,1705
2023-11-01 09:32:39,22,24,905,1705
2023-11-01 09:32:39,22,24,1042,1842
2023-11-01 09:32:41,22,23,1042,1842
2023-11-01 09:32:41,21,23,1090,1890
2023-11-01 09:32:42,21,23,1090,1958
2023-11-01 09:32:44,21,23,1090,2094
2023-11-01 09:32:46,21,23,1090,2108
2023-11-01 09:32:47,21,23,1090,2119
2023-11-01 09:32:49,21,23,1090,2146
2023-11-01 09:32:55,22,23,1090,2146
2023-11-01 09:32:55,22,23,1137,2193
2023-11-01 09:32:55,21,23,1137,2193
2023-11-01 09:32:56,22,23,1137,2193
2023-11-01 09:32:57,22,23,1257,2313
2023-11-01 09:32:57,21,23,1257,2313
2023-11-01 09:32:59,22,23,1257,2313
2023-11-01 09:33:15,22,24,1257,2313
2023-11-01 09:33:17,22,24,1363,2419
2023-11-01 09:33:20,22,24,1380,2436
2023-11-01 09:33:22,22,24,1399,2455
2023-11-01 09:33:27,22,24,1417,2473
2023-11-01 09:33:28,21,24,1417,2473
2023-11-01 09:34:15,21,23,1417,2473
2023-11-01 09:34:15,21,24,1417,2473
2023-11-01 09:34:16,21,23,1417,2473
2023-11-01 09:34:21,21,24,1417,2745
2023-11-01 09:34:27,21,23,1417,2745
2023-11-01 09:34:29,21,24,1417,2745
2023-11-01 09:34:29,21,23,1417,2745
2023-11-01 09:34:37,21,24,1417,2745
2023-11-01 09:34:42,22,24,1417,2745
2023-11-01 09:35:14,21,24,1417,2745
2023-11-01 09:35:14,22,24,1417,2745
2023-11-01 09:35:33,22,24,1428,2756
2023-11-01 09:35:35,22,24,1437,2765
2023-11-01 09:35:38,22,24,1441,2769
2023-11-01 09:35:54,22,24,1460,2788
2023-11-01 09:35:57,21,24,1460,2788
2023-11-01 09:36:04,21,23,1460,2788
2023-11-01 09:36:07,21,24,1460,2788
2023-11-01 09:36:08,21,23,1460,2788
2023-11-01 09:36:10,21,24,1460,2788
2023-11-01 09:36:12,21,23,1460,2788
2023-11-01 09:36:28,21,24,1460,2788
2023-11-01 09:36:28,21,23,1460,2788
2023-11-01 09:36:37,21,24,1460,2788
2023-11-01 09:36:40,21,23,1460,2788
2023-11-01 09:36:40,21,24,1460,2788
2023-11-01 09:36:53,22,24,1460,2788
2023-11-01 09:37:01,21,24,1460,2788
2023-11-01 09:37:02,22,24,1460,2788
2023-11-01 09:37:02,21,24,1460,2788
2023-11-01 09:37:22,22,24,1460,2788
2023-11-01 09:38:05,22,24,1479,2807
2023-11-01 09:38:06,21,24,1479,2807
2023-11-01 09:38:06,22,24,1479,2807
2023-11-01 09:38:12,21,24,1479,2807
2023-11-01 09:38:12,22,24,1479,2807
2023-11-01 09:38:18,21,24,1479,2807
2023-11-01 09:38:19,22,24,1479,2807
2023-11-01 09:38:19,21,24,1479,2807
2023-11-01 09:38:26,21,23,1479,2807
2023-11-01 09:38:29,21,24,1479,2807
2023-11-01 09:38:32,21,23,1479,2807
2023-11-01 09:38:35,21,24,1479,2807
2023-11-01 09:38:37,21,23,1479,2807
2023-11-01 09:38:38,21,24,1479,2807
2023-11-01 09:38:44,22,24,1479,2807
2023-11-01 09:38:46,21,24,1479,2807
2023-11-01 09:38:46,22,24,1479,2807
2023-11-01 09:39:11,23,24,1479,2807
2023-11-01 09:39:11,23,24,1490,2818
2023-11-01 09:39:12,22,24,1490,2818
2023-11-01 09:39:13,23,24,1490,2818
2023-11-01 09:39:13,22,24,1490,2818
2023-11-01 09:39:39,22,23,1490,2818
2023-11-01 09:39:40,22,24,1490,2818
2023-11-01 09:39:41,22,23,1490,2818
2023-11-01 09:39:47,22,24,1490,2818
2023-11-01 09:39:54,22,23,1490,2818
2023-11-01 09:39:55,22,24,1490,2818
2023-11-01 09:39:55,22,23,1490,2818
2023-11-01 09:39:57,22,24,1490,2818
2023-11-01 09:39:59,22,23,1490,2818
2023-11-01 09:40:07,22,24,1490,2818
2023-11-01 09:40:18,22,23,1490,2818
2023-11-01 09:40:31,22,24,1490,2818
2023-11-01 09:40:46,23,24,1490,2818
2023-11-01 09:40:46,23,24,1501,2829
2023-11-01 09:41:48,23,24,1550,2878
2023-11-01 09:42:02,22,24,1550,2878
2023-11-01 09:42:35,22,24,1550,2938
2023-11-01 09:42:35,23,24,1550,2938
2023-11-01 09:42:36,23,24,1599,2987
2023-11-01 09:42:39,22,24,1599,2987
2023-11-01 09:42:39,23,24,1599,2987
2023-11-01 09:42:40,22,24,1599,2987
2023-11-01 09:42:40,23,24,1599,2987
2023-11-01 09:42:41,22,24,1599,2987
2023-11-01 09:42:42,23,24,1599,2987
2023-11-01 09:42:42,22,24,1599,2987
2023-11-01 09:43:24,22,23,1599,2987
2023-11-01 09:43:32,21,23,1599,2987
2023-11-01 09:44:12,21,24,1599,2987
2023-11-01 09:44:16,22,24,1599,2987
2023-11-01 09:44:41,21,24,1599,2987
2023-11-01 09:44:41,22,24,1599,2987
2023-11-01 09:45:44,23,24,1599,2987
2023-11-01 09:45:44,23,24,1645,3033
2023-11-01 09:45:50,22,24,1645,3033
2023-11-01 09:45:51,23,24,1645,3033
2023-11-01 09:45:56,22,24,1645,3033
2023-11-01 09:45:57,23,24,1645,3033
2023-11-01 09:46:05,22,24,1645,3033
2023-11-01 09:46:05,23,24,1645,3033
2023-11-01 09:46:19,22,24,1645,3033
2023-11-01 09:46:39,22,23,1645,3033
2023-11-01 09:46:41,21,23,1645,3033
2023-11-01 09:47:38,21,24,1645,3033
2023-11-01 09:47:48,22,24,1645,3033
2023-11-01 09:47:50,21,24,1645,3033
2023-11-01 09:47:51,22,24,1645,3033
2023-11-01 09:47:52,21,24,1645,3033
2023-11-01 09:47:53,22,24,1645,3033
2023-11-01 09:47:58,21,24,1645,3033
2023-11-01 09:47:58,22,24,1645,3033
2023-11-01 09:48:00,21,24,1645,3033
2023-11-01 09:48:01,21,23,1645,3033
2023-11-01 09:49:39,21,22,1645,3033
2023-11-01 09:50:16,21,23,1645,3033
2023-11-01 09:50:20,21,22,1645,3033
2023-11-01 09:50:22,21,23,1645,3033
2023-11-01 09:51:29,21,22,1645,3033
2023-11-01 09:51:31,21,23,1645,3033
2023-11-01 09:51:31,21,22,1645,3033
2023-11-01 09:52:21,21,23,1645,3033
2023-11-01 09:52:22,21,22,1645,3033
2023-11-01 09:52:27,21,23,1645,3033
2023-11-01 09:52:28,21,22,1645,3033
2023-11-01 09:52:37,21,23,1645,3033
2023-11-01 09:52:46,21,22,1645,3033
2023-11-01 09:52:53,21,23,1645,3033
2023-11-01 09:52:53,21,22,1645,3033
2023-11-01 09:52:54,21,23,1645,3033
2023-11-01 09:53:38,21,24,1645,3033
2023-11-01 09:53:39,21,23,1645,3033
2023-11-01 09:54:09,21,22,1645,3033
2023-11-01 09:54:10,21,23,1645,3033
2023-11-01 09:54:10,21,22,1645,3033
2023-11-01 09:54:16,21,23,1645,3033
2023-11-01 09:54:16,21,22,1645,3033
2023-11-01 09:54:32,21,23,1645,3033
2023-11-01 09:54:32,21,22,1645,3033
2023-11-01 09:54:56,21,23,1645,3033
2023-11-01 09:56:29,21,24,1645,3033
2023-11-01 09:56:34,21,23,1645,3033
2023-11-01 09:57:52,21,22,1645,3033
2023-11-01 09:57:54,21,23,1645,3033
2023-11-01 09:57:55,21,22,1645,3033
2023-11-01 09:57:56,21,23,1645,3033
2023-11-01 09:58:17,21,22,1645,3033
2023-11-01 09:58:23,21,23,1645,3033
2023-11-01 10:00:01,21,22,1645,3033
2023-11-01 10:00:02,20,22,1645,3033
2023-11-01 10:00:06,20,21,1645,3033
2023-11-01 10:00:10,20,22,1645,3033
2023-11-01 10:00:28,20,23,1645,3033
2023-11-01 10:00:28,21,23,1645,3033
2023-11-01 10:01:11,21,22,1645,3033
2023-11-01 10:01:18,21,23,1645,3033
2023-11-01 10:01:20,21,22,1645,3033
2023-11-01 10:01:26,21,23,1645,3033
2023-11-01 10:01:27,21,22,1645,3033
2023-11-01 10:01:27,21,23,1645,3033
2023-11-01 10:01:44,21,22,1645,3033
2023-11-01 10:01:46,21,23,1645,3033
2023-11-01 10:01:47,21,22,1645,3033
2023-11-01 10:01:48,21,23,1645,3033
2023-11-01 10:01:50,21,22,1645,3033
2023-11-01 10:01:59,20,22,1645,3033
2023-11-01 10:02:20,20,21,1645,3033
2023-11-01 10:02:25,20,22,1645,3033
2023-11-01 10:02:26,20,21,1645,3033
2023-11-01 10:02:31,20,21,1645,3048
2023-11-01 10:02:45,20,22,1645,3048
2023-11-01 10:03:01,21,22,1645,3048
2023-11-01 10:03:02,21,23,1645,3048
2023-11-01 10:03:02,21,22,1645,3048
2023-11-01 10:03:10,20,22,1645,3048
2023-11-01 10:03:13,20,21,1645,3048
2023-11-01 10:03:23,20,22,1645,3048
2023-11-01 10:03:46,20,23,1645,3048
2023-11-01 10:04:05,20,22,1645,3048
2023-11-01 10:04:07,20,23,1645,3048
2023-11-01 10:04:10,20,22,1645,3048
2023-11-01 10:04:11,20,23,1645,3048
2023-11-01 10:04:27,20,22,1645,3048
2023-11-01 10:04:29,20,23,1645,3048
2023-11-01 10:04:29,20,22,1645,3048
2023-11-01 10:04:30,20,23,1645,3048
2023-11-01 10:04:32,21,23,1645,3048
2023-11-01 10:05:03,20,23,1645,3048
2023-11-01 10:05:09,20,22,1645,3048
2023-11-01 10:05:12,20,23,1645,3048
2023-11-01 10:05:22,21,23,1645,3048
2023-11-01 10:05:29,22,23,1645,3048
2023-11-01 10:06:07,22,24,1645,3048
2023-11-01 10:06:54,22,23,1645,3048
2023-11-01 10:07:18,22,24,1645,3048
2023-11-01 10:07:19,22,23,1645,3048
2023-11-01 10:07:23,22,24,1645,3048
2023-11-01 10:07:23,22,23,1645,3048
2023-11-01 10:07:33,22,24,1645,3048
2023-11-01 10:08:48,22,23,1645,3048
2023-11-01 10:09:32,22,23,1645,3058
2023-11-01 10:10:17,22,24,1645,3058
2023-11-01 10:10:18,22,23,1645,3058
2023-11-01 10:10:20,22,24,1645,3058
2023-11-01 10:10:40,22,23,1645,3058
2023-11-01 10:10:46,22,24,1645,3058
2023-11-01 10:10:46,22,23,1645,3058
2023-11-01 10:10:56,22,24,1645,3058
2023-11-01 10:10:56,22,23,1645,3058
2023-11-01 10:10:56,22,24,1645,3058
2023-11-01 10:10:56,22,23,1645,3058
2023-11-01 10:11:05,22,24,1645,3058
2023-11-01 10:11:39,22,23,1645,3058
2023-11-01 10:11:57,22,24,1645,3058
2023-11-01 10:12:10,22,23,1645,3058
2023-11-01 10:12:40,22,23,1645,3059
2023-11-01 10:12:43,22,24,1645,3059
2023-11-01 10:12:43,22,23,1645,3059
2023-11-01 10:12:58,22,24,1645,3059
2023-11-01 10:12:59,22,23,1645,3059
2023-11-01 10:13:06,22,24,1645,3059
2023-11-01 10:13:07,22,23,1645,3059
2023-11-01 10:13:40,22,23,1645,3073
2023-11-01 10:13:42,22,23,1645,3086
2023-11-01 10:13:55,21,23,1645,3086
2023-11-01 10:13:55,21,22,1645,3086
2023-11-01 10:13:56,20,22,1645,3086
2023-11-01 10:14:26,20,23,1645,3086
2023-11-01 10:14:26,20,22,1645,3086
2023-11-01 10:14:39,20,21,1645,3086
2023-11-01 10:14:50,20,22,1645,3086
2023-11-01 10:14:54,20,21,1645,3086
2023-11-01 10:14:55,20,22,1645,3086
2023-11-01 10:15:06,20,21,1645,3086
2023-11-01 10:15:16,20,22,1645,3086
2023-11-01 10:15:16,20,21,1645,3086
2023-11-01 10:15:21,20,22,1645,3086
2023-11-01 10:15:25,20,21,1645,3086
2023-11-01 10:15:52,20,22,1645,3086
2023-11-01 10:15:52,20,21,1645,3086
2023-11-01 10:16:16,20,22,1645,3086
2023-11-01 10:16:20,20,21,1645,3086
2023-11-01 10:16:22,20,22,1645,3086
2023-11-01 10:16:22,20,21,1645,3086
2023-11-01 10:16:24,20,22,1645,3086
2023-11-01 10:16:26,21,22,1645,3086
2023-11-01 10:16:59,21,22,1655,3096
2023-11-01 10:18:00,21,23,1655,3096
2023-11-01 10:18:00,21,22,1655,3096
2023-11-01 10:18:05,21,23,1655,3096
2023-11-01 10:18:05,21,22,1655,3096
2023-11-01 10:18:07,21,23,1655,3096
2023-11-01 10:18:07,21,22,1655,3096
2023-11-01 10:18:16,21,22,1655,3121
2023-11-01 10:18:43,21,22,1655,3171
2023-11-01 10:18:44,20,22,1655,3211
2023-11-01 10:19:01,20,23,1655,3211
2023-11-01 10:19:02,20,22,1655,3211
2023-11-01 10:19:15,20,21,1655,3211
2023-11-01 10:19:34,20,22,1655,3211
2023-11-01 10:19:35,20,21,1655,3211
2023-11-01 10:19:44,20,22,1655,3211
2023-11-01 10:19:45,20,21,1655,3211
2023-11-01 10:20:16,20,21,1655,3223
2023-11-01 10:20:18,20,21,1655,3236
2023-11-01 10:20:19,20,21,1655,3248
2023-11-01 10:20:21,20,21,1655,3259
2023-11-01 10:20:23,20,21,1655,3267
2023-11-01 10:20:24,20,21,1655,3281
2023-11-01 10:20:26,20,21,1655,3299
2023-11-01 10:20:28,20,21,1655,3311
2023-11-01 10:20:30,20,21,1655,3329
2023-11-01 10:20:31,20,21,1655,3341
2023-11-01 10:20:33,19,21,1723,3411
2023-11-01 10:20:33,19,20,1723,3411
2023-11-01 10:20:47,19,20,1733,3421
2023-11-01 10:21:17,19,21,1733,3421
2023-11-01 10:21:17,19,20,1733,3421
2023-11-01 10:21:22,19,21,1733,3421
2023-11-01 10:21:23,19,20,1733,3421
2023-11-01 10:21:47,19,20,1745,3433
2023-11-01 10:22:41,18,20,1745,3433
2023-11-01 10:22:41,17,20,1745,3433
2023-11-01 10:22:41,17,19,1745,3433
2023-11-01 10:22:51,17,18,1745,3433
2023-11-01 10:24:09,17,18,1745,3483
2023-11-01 10:24:10,17,18,1745,3533
2023-11-01 10:24:10,17,18,1745,3583
2023-11-01 10:24:10,16,18,1745,3633
2023-11-01 10:24:10,16,17,1745,3633
2023-11-01 10:24:44,16,18,1745,3633
2023-11-01 10:24:44,16,17,1745,3633
2023-11-01 10:25:02,16,17,1759,3647
2023-11-01 10:26:01,16,17,1769,3657
2023-11-01 10:27:11,16,18,1769,3657
2023-11-01 10:27:11,16,17,1769,3657
2023-11-01 10:27:25,16,17,1785,3673
2023-11-01 10:27:29,16,17,1785,3773
2023-11-01 10:27:41,16,18,1785,3873
2023-11-01 10:27:41,16,17,1785,3873
2023-11-01 10:27:44,16,17,1799,3887
2023-11-01 10:27:46,16,17,1816,3904
2023-11-01 10:28:43,16,18,1816,3904
2023-11-01 10:28:43,16,17,1816,3904
2023-11-01 10:28:55,16,18,1816,3904
2023-11-01 10:28:55,16,17,1816,3904
2023-11-01 10:29:21,16,18,1816,3904
2023-11-01 10:29:21,16,17,1816,3904
2023-11-01 10:29:22,16,18,1816,3904
2023-11-01 10:29:22,16,17,1816,3904
2023-11-01 10:29:36,16,18,1816,3904
2023-11-01 10:29:36,16,17,1816,3904
2023-11-01 10:29:42,16,18,1816,3904
2023-11-01 10:29:42,16,17,1816,3904
2023-11-01 10:30:05,16,18,1816,3904
2023-11-01 10:30:05,16,17,1816,3904
2023-11-01 10:30:18,16,18,1816,3904
2023-11-01 10:30:18,16,17,1816,3904
2023-11-01 10:33:13,16,17,1835,3923
2023-11-01 10:34:13,15,16,2076,4164
2023-11-01 10:34:26,15,16,2426,4514
2023-11-01 10:35:56,15,16,2626,4714
2023-11-01 10:35:58,15,16,2976,5064
2023-11-01 10:44:24,15,16,2991,5079
2023-11-01 10:44:28,14,16,2991,5079
2023-11-01 10:44:28,14,15,2991,5079
2023-11-01 10:44:40,14,16,2991,5079
2023-11-01 10:44:40,14,15,2991,5079
2023-11-01 10:45:02,14,15,2991,5101
2023-11-01 10:45:19,13,14,3569,5679
2023-11-01 10:45:30,13,14,3669,5779
2023-11-01 10:47:09,13,14,4019,6129
2023-11-01 10:47:13,13,14,4369,6479
2023-11-01 10:47:20,13,14,4719,6829
2023-11-01 10:47:26,13,14,5069,7179
2023-11-01 10:47:29,13,14,5419,7529
2023-11-01 10:47:34,13,14,5769,7879
2023-11-01 10:47:42,13,14,5769,7987
2023-11-01 10:47:47,13,14,5962,8180
2023-11-01 10:47:48,13,14,6140,8358
2023-11-01 10:48:18,13,14,6490,8708
2023-11-01 10:48:28,13,16,6742,8960
2023-11-01 10:48:28,14,16,6742,8960
2023-11-01 10:48:47,13,16,6742,8960
2023-11-01 10:48:47,14,16,6742,8960
2023-11-01 10:48:49,13,16,6742,8960
2023-11-01 10:48:49,14,16,6742,8960
2023-11-01 10:49:01,13,16,6742,8960
2023-11-01 10:49:01,14,16,6742,8960
2023-11-01 10:50:16,15,16,6742,8960
2023-11-01 10:50:16,14,16,6742,8960
2023-11-01 10:50:17,15,16,6742,8960
2023-11-01 10:50:31,15,17,6742,8960
2023-11-01 10:51:11,15,16,6742,8960
2023-11-01 10:54:32,15,17,6742,8960
2023-11-01 10:55:36,15,16,6742,8960
2023-11-01 10:55:40,15,17,6742,8960
2023-11-01 10:55:42,15,16,6742,8960
2023-11-01 10:55:45,15,17,6742,8960
2023-11-01 10:55:46,15,16,6742,8960
2023-11-01 10:57:06,15,17,6742,8960
2023-11-01 10:57:41,15,16,6742,8960
2023-11-01 10:57:42,15,17,6742,8960
2023-11-01 10:57:45,15,16,6742,8960
2023-11-01 10:57:46,15,17,6742,8960
2023-11-01 10:57:47,15,16,6742,8960
2023-11-01 10:57:48,15,17,6742,8960
2023-11-01 10:58:02,15,17,6742,9360
2023-11-01 10:58:03,15,16,6742,9360
2023-11-01 10:58:39,14,16,6742,9360
2023-11-01 10:58:41,15,16,6742,9360
2023-11-01 10:58:49,14,16,6742,9360
2023-11-01 10:59:33,15,16,6742,9360
2023-11-01 10:59:34,14,16,6742,9360
2023-11-01 10:59:34,15,16,6742,9360
2023-11-01 10:59:52,14,16,6742,9360
2023-11-01 10:59:53,15,16,6742,9360
2023-11-01 10:59:54,14,16,6742,9360
2023-11-01 10:59:56,15,16,6742,9360
2023-11-01 10:59:57,14,16,6742,9360
2023-11-01 11:00:07,15,16,6742,9360
2023-11-01 11:00:14,14,16,6742,9360
2023-11-01 11:00:16,15,16,6742,9360
2023-11-01 11:00:17,14,16,6742,9360
2023-11-01 11:00:17,15,16,6742,9360
2023-11-01 11:00:19,14,16,6742,9360
2023-11-01 11:00:19,15,16,6742,9360
2023-11-01 11:00:28,14,16,6742,9360
2023-11-01 11:00:52,15,16,6742,9360
2023-11-01 11:01:01,14,16,6742,9360
2023-11-01 11:01:01,15,16,6742,9360
2023-11-01 11:01:04,14,16,6742,9360
2023-11-01 11:01:06,15,16,6742,9360
2023-11-01 11:01:08,14,16,6742,9360
2023-11-01 11:02:06,14,15,6742,9360
2023-11-01 11:02:25,13,15,6742,9360
2023-11-01 11:02:50,14,15,6742,9360
2023-11-01 11:02:55,13,15,6742,9360
2023-11-01 11:03:28,14,15,6742,9360
2023-11-01 11:03:42,13,15,6742,9360
2023-11-01 11:04:11,13,14,6742,9360
2023-11-01 11:05:06,13,16,6742,9360
2023-11-01 11:05:06,13,15,6742,9360
2023-11-01 11:05:09,14,15,6742,9360
2023-11-01 11:05:11,13,15,6742,9360
2023-11-01 11:05:12,14,15,6742,9360
2023-11-01 11:05:22,13,15,6742,9360
2023-11-01 11:05:28,13,14,6742,9360
2023-11-01 11:06:02,13,16,6742,9360
2023-11-01 11:06:02,13,15,6742,9360
2023-11-01 11:07:11,14,15,6742,9360
2023-11-01 11:07:36,13,15,6742,9360
2023-11-01 11:07:36,14,15,6742,9360
2023-11-01 11:08:32,13,15,6742,9360
2023-11-01 11:08:39,14,15,6742,9360
2023-11-01 11:08:50,13,15,6742,9360
2023-11-01 11:08:50,14,15,6742,9360
2023-11-01 11:08:51,13,15,6742,9360
2023-11-01 11:09:03,14,15,6742,9360
2023-11-01 11:09:04,13,15,6742,9360
2023-11-01 11:09:05,14,15,6742,9360
2023-11-01 11:09:40,13,15,6742,9360
2023-11-01 11:09:41,14,15,6742,9360
2023-11-01 11:09:42,13,15,6742,9360
2023-11-01 11:09:43,14,15,6742,9360
2023-11-01 11:09:43,13,14,6742,9470
2023-11-01 11:10:31,13,16,6742,9470
2023-11-01 11:10:31,13,15,6742,9470
2023-11-01 11:10:35,14,15,6742,9470
2023-11-01 11:10:45,13,15,6742,9470
2023-11-01 11:10:45,14,15,6742,9470
2023-11-01 11:11:03,14,16,6742,9560
2023-11-01 11:11:19,14,17,6742,9560
2023-11-01 11:11:26,15,17,6742,9560
2023-11-01 11:12:04,16,17,6742,9560
2023-11-01 11:12:12,15,17,6742,9560
2023-11-01 11:12:12,16,17,6742,9560
2023-11-01 11:12:28,16,18,6742,9560
2023-11-01 11:12:42,17,18,6742,9560
2023-11-01 11:14:35,17,18,6745,9563
2023-11-01 11:15:51,17,19,6745,9563
2023-11-01 11:15:51,18,19,6745,9563
2023-11-01 11:16:02,17,19,6745,9563
2023-11-01 11:16:05,18,19,6745,9563
2023-11-01 11:16:06,17,19,6745,9563
2023-11-01 11:16:07,18,19,6745,9563
2023-11-01 11:16:10,17,19,6745,9563
2023-11-01 11:16:17,18,19,6745,9563
2023-11-01 11:16:34,17,19,6745,9563
2023-11-01 11:16:34,18,19,6745,9563
2023-11-01 11:16:39,17,19,6745,9563
2023-11-01 11:16:39,18,19,6745,9563
2023-11-01 11:17:02,17,19,6745,9563
2023-11-01 11:17:03,18,19,6745,9563
2023-11-01 11:17:16,17,19,6745,9563
2023-11-01 11:17:16,18,19,6745,9563
2023-11-01 11:17:31,17,19,6745,9563
2023-11-01 11:17:31,18,19,6745,9563
2023-11-01 11:17:42,17,19,6745,9563
2023-11-01 11:17:43,18,19,6745,9563
2023-11-01 11:17:55,17,19,6745,9563
2023-11-01 11:17:56,18,19,6745,9563
2023-11-01 11:18:01,17,19,6745,9563
2023-11-01 11:18:01,18,19,6745,9563
2023-11-01 11:19:09,17,19,6745,9563
2023-11-01 11:19:10,18,19,6745,9563
2023-11-01 11:19:11,17,19,6745,9563
2023-11-01 11:19:11,18,19,6745,9563
2023-11-01 11:19:24,17,19,6745,9563
2023-11-01 11:19:24,18,19,6745,9563
2023-11-01 11:19:28,17,19,6745,9563
2023-11-01 11:19:28,18,19,6745,9563
2023-11-01 11:19:29,17,19,6745,9563
2023-11-01 11:19:29,18,19,6745,9563
2023-11-01 11:20:01,17,19,6745,9563
2023-11-01 11:20:02,18,19,6745,9563
2023-11-01 11:22:45,18,20,6745,9963
2023-11-01 11:22:45,19,20,6745,9963
2023-11-01 11:23:18,18,20,6745,9963
2023-11-01 11:23:19,19,20,6745,9963
2023-11-01 11:23:21,18,20,6745,9963
2023-11-01 11:24:00,19,20,6745,9963
2023-11-01 11:24:01,18,20,6745,9963
2023-11-01 11:24:01,19,20,6745,9963
2023-11-01 11:24:16,18,20,6745,9963
2023-11-01 11:24:17,19,20,6745,9963
2023-11-01 11:24:35,18,20,6745,9963
2023-11-01 11:24:35,19,20,6745,9963
2023-11-01 11:24:36,18,20,6745,9963
2023-11-01 11:24:36,19,20,6745,9963
2023-11-01 11:24:37,18,20,6745,9963
2023-11-01 11:24:38,19,20,6745,9963
2023-11-01 11:24:46,18,20,6745,9963
2023-11-01 11:25:28,18,19,6745,9963
2023-11-01 11:25:39,18,20,6745,9963
2023-11-01 11:26:11,18,19,6745,9963
2023-11-01 11:26:14,18,20,6745,9963
2023-11-01 11:26:17,18,19,6745,9963
2023-11-01 11:26:18,18,20,6745,9963
2023-11-01 11:26:19,18,19,6745,9963
2023-11-01 11:26:20,18,20,6745,9963
2023-11-01 11:28:04,19,20,6745,9963
2023-11-01 11:28:04,19,20,6757,9975
2023-11-01 11:28:06,19,20,6774,9992
2023-11-01 11:28:06,18,20,6774,9992
2023-11-01 11:28:07,19,20,6774,9992
2023-11-01 11:28:07,18,20,6774,9992
2023-11-01 11:28:08,19,20,6774,9992
2023-11-01 11:28:12,18,20,6774,9992
2023-11-01 11:28:34,19,20,6774,9992
2023-11-01 11:28:35,18,20,6774,9992
2023-11-01 11:28:40,19,20,6774,9992
2023-11-01 11:29:05,19,20,6787,10005
2023-11-01 11:29:27,18,20,6787,10005
2023-11-01 11:29:28,19,20,6787,10005
2023-11-01 11:29:42,18,20,6787,10005
2023-11-01 11:29:44,19,20,6787,10005
2023-11-01 11:29:54,18,20,6787,10005
2023-11-01 11:29:55,19,20,6787,10005
2023-11-01 11:29:56,18,20,6787,10005
2023-11-01 11:29:56,19,20,6787,10005
2023-11-01 11:31:21,18,20,6787,10005
2023-11-01 11:32:12,19,20,6787,10005
2023-11-01 11:32:24,18,20,6787,10005
2023-11-01 11:32:28,19,20,6787,10005
2023-11-01 11:32:33,18,20,6787,10005
2023-11-01 11:32:33,19,20,6787,10005
2023-11-01 11:32:39,18,20,6787,10005
2023-11-01 11:32:39,19,20,6787,10005
2023-11-01 11:32:39,19,20,6804,10022
2023-11-01 11:32:50,18,20,6804,10022
2023-11-01 11:32:54,19,20,6804,10022
2023-11-01 11:33:04,18,20,6804,10022
2023-11-01 11:33:22,19,20,6804,10022
2023-11-01 11:33:28,18,20,6804,10022
2023-11-01 11:33:35,19,20,6804,10022
2023-11-01 11:33:41,18,20,6804,10022
2023-11-01 11:33:42,19,20,6804,10022
2023-11-01 11:33:42,18,19,6804,10203
2023-11-01 11:38:51,17,18,6804,10206
2023-11-01 11:50:09,17,19,6804,10206
2023-11-01 11:50:13,18,19,6804,10206
2023-11-01 11:50:15,17,19,6804,10206
2023-11-01 11:50:55,17,20,6804,10206
2023-11-01 11:50:55,18,20,6804,10206
2023-11-01 11:50:59,17,20,6804,10206
2023-11-01 11:50:59,18,20,6804,10206
2023-11-01 11:52:47,18,19,6804,10206
2023-11-01 11:52:51,17,19,6804,10206
2023-11-01 11:56:56,17,18,6804,10206
2023-11-01 11:58:05,17,19,6804,10206
2023-11-01 12:01:04,17,20,6804,10206
2023-11-01 12:01:09,18,20,6804,10206
2023-11-01 12:01:10,17,20,6804,10206
2023-11-01 12:01:10,18,20,6804,10206
2023-11-01 12:03:54,18,19,6804,10206
2023-11-01 12:04:05,18,20,6804,10206
2023-11-01 12:04:28,18,19,6804,10206
2023-11-01 12:04:41,18,20,6804,10206
2023-11-01 12:06:56,18,19,6804,10206
2023-11-01 12:07:08,17,19,6804,10206
2023-11-01 12:07:17,17,20,6804,10206
2023-11-01 12:07:18,18,20,6804,10206
2023-11-01 12:07:25,17,20,6804,10206
2023-11-01 12:07:26,18,20,6804,10206
2023-11-01 12:08:23,19,20,6804,10206
2023-11-01 12:08:24,18,20,6804,10206
2023-11-01 12:08:29,19,20,6804,10206
2023-11-01 12:10:08,18,20,6804,10206
2023-11-01 12:11:40,19,20,6804,10206
2023-11-01 12:13:35,19,20,6823,10225
2023-11-01 12:15:05,19,21,6823,10225
2023-11-01 12:15:05,20,21,6823,10225
2023-11-01 12:15:11,19,21,6823,10225
2023-11-01 12:15:11,20,21,6823,10225
2023-11-01 12:15:14,19,21,6823,10225
2023-11-01 12:15:15,20,21,6823,10225
2023-11-01 12:17:05,20,22,6823,10225
2023-11-01 12:17:05,21,22,6823,10225
2023-11-01 12:17:28,20,22,6823,10225
2023-11-01 12:17:28,21,22,6823,10225
2023-11-01 12:17:30,20,22,6823,10225
2023-11-01 12:17:30,21,22,6823,10225
2023-11-01 12:17:49,20,22,6823,10225
2023-11-01 12:17:49,21,22,6823,10225
2023-11-01 12:17:54,20,22,6823,10225
2023-11-01 12:17:54,21,22,6823,10225
2023-11-01 12:17:56,20,22,6823,10225
2023-11-01 12:17:56,21,22,6823,10225
2023-11-01 12:18:34,20,22,6823,10225
2023-11-01 12:18:34,21,22,6823,10225
2023-11-01 12:18:49,21,22,6823,10230
2023-11-01 12:19:04,20,22,6823,10230
2023-11-01 12:19:04,20,21,6823,10230
2023-11-01 12:19:04,21,22,6823,10430
2023-11-01 12:19:09,20,22,6823,10430
2023-11-01 12:19:09,21,22,6823,10430
2023-11-01 12:19:25,20,22,6823,10430
2023-11-01 12:19:26,21,22,6823,10430
2023-11-01 12:19:40,20,22,6823,10430
2023-11-01 12:19:43,21,22,6823,10430
2023-11-01 12:19:47,20,22,6823,10430
2023-11-01 12:19:47,21,22,6823,10430
2023-11-01 12:19:50,20,22,6823,10430
2023-11-01 12:19:51,21,22,6823,10430
2023-11-01 12:19:52,20,22,6823,10430
2023-11-01 12:19:52,21,22,6823,10430
2023-11-01 12:19:58,20,22,6823,10430
2023-11-01 12:20:06,21,22,6823,10430
2023-11-01 12:20:19,20,22,6823,10430
2023-11-01 12:20:27,21,22,6823,10430
2023-11-01 12:20:30,20,22,6823,10430
2023-11-01 12:20:30,21,22,6823,10430
2023-11-01 12:20:35,20,22,6823,10430
2023-11-01 12:20:35,21,22,6823,10430
2023-11-01 12:20:40,20,22,6823,10430
2023-11-01 12:23:42,21,22,6823,10430
2023-11-01 12:23:53,20,22,6823,10430
2023-11-01 12:25:22,21,22,6823,10430
2023-11-01 12:25:39,20,22,6823,10430
2023-11-01 12:26:06,21,22,6823,10430
2023-11-01 12:26:14,20,22,6823,10430
2023-11-01 12:26:14,21,22,6823,10430
2023-11-01 12:26:44,20,22,6823,10430
2023-11-01 12:26:44,21,22,6823,10430
2023-11-01 12:26:46,20,22,6823,10430
2023-11-01 12:26:46,21,22,6823,10430
2023-11-01 12:26:50,20,22,6823,10430
2023-11-01 12:26:54,21,22,6823,10430
2023-11-01 12:26:55,20,22,6823,10430
2023-11-01 12:32:13,20,21,6823,10430
2023-11-01 12:32:26,20,22,6823,10430
2023-11-01 12:32:44,20,21,6823,10430
2023-11-01 12:33:59,19,21,6823,10430
2023-11-01 12:34:56,19,22,6823,10430
2023-11-01 12:35:19,20,22,6823,10430
2023-11-01 12:37:32,20,22,6823,10530
2023-11-01 12:38:59,21,22,6823,10530
2023-11-01 12:39:01,21,23,6823,10530
2023-11-01 12:40:34,22,23,6823,10530
2023-11-01 12:40:41,22,24,6823,10530
2023-11-01 12:41:33,22,24,6823,11085
2023-11-01 12:41:34,23,24,6823,11085
2023-11-01 12:46:00,22,24,6823,11085
2023-11-01 12:46:05,23,24,6823,11085
2023-11-01 12:46:09,23,24,6838,11100
2023-11-01 12:46:11,23,24,6852,11114
2023-11-01 12:46:11,22,24,6852,11114
2023-11-01 12:46:12,23,24,6852,11114
2023-11-01 12:46:12,23,24,6862,11124
2023-11-01 12:46:13,22,24,6862,11124
2023-11-01 12:46:18,23,24,6862,11124
2023-11-01 12:46:18,23,24,6880,11142
2023-11-01 12:46:18,22,24,6880,11142
2023-11-01 12:46:19,23,24,6880,11142
2023-11-01 12:46:28,22,24,6880,11142
2023-11-01 12:46:28,23,24,6880,11142
2023-11-01 12:46:29,22,24,6880,11142
2023-11-01 12:46:29,23,24,6880,11142
2023-11-01 12:47:26,22,24,6880,11142
2023-11-01 12:52:08,23,24,6880,11142
2023-11-01 12:52:08,23,24,6947,11209
2023-11-01 12:52:08,22,24,6947,11209
2023-11-01 12:52:09,23,24,6947,11209
2023-11-01 12:52:41,22,24,6947,11209
2023-11-01 12:53:03,22,24,6956,11218
2023-11-01 12:53:05,22,24,6963,11225
2023-11-01 12:53:10,22,24,6967,11229
2023-11-01 12:53:51,22,23,6967,11229
2023-11-01 12:53:53,22,24,6967,11229
2023-11-01 12:56:17,22,23,6967,11229
2023-11-01 12:56:20,22,24,6967,11229
2023-11-01 12:56:21,22,23,6967,11229
2023-11-01 12:56:29,22,24,6967,11229
2023-11-01 12:56:30,22,23,6967,11229
2023-11-01 12:56:35,22,24,6967,11229
2023-11-01 12:56:36,22,23,6967,11229
2023-11-01 12:56:45,22,23,6986,11248
2023-11-01 12:56:59,22,23,7003,11265
2023-11-01 12:57:00,22,23,7020,11282
2023-11-01 12:57:02,22,23,7034,11296
2023-11-01 12:57:04,22,23,7050,11312
2023-11-01 12:57:05,22,23,7063,11325
2023-11-01 12:57:08,22,23,7071,11333
2023-11-01 12:57:24,22,24,7071,11333
2023-11-01 12:57:24,22,23,7071,11333
2023-11-01 12:57:25,22,24,7071,11333
2023-11-01 12:59:12,22,23,7071,11333
2023-11-01 12:59:12,22,24,7071,11333
2023-11-01 13:00:28,22,23,7071,11333
2023-11-01 13:00:30,22,24,7071,11333
2023-11-01 13:00:30,22,23,7071,11333
2023-11-01 13:00:35,22,23,7089,11351
2023-11-01 13:00:37,22,24,7089,11351
2023-11-01 13:00:42,22,24,7099,11361
2023-11-01 13:02:54,23,24,7099,11361
2023-11-01 13:02:56,23,24,7137,11399
2023-11-01 13:03:05,22,24,7137,11399
2023-11-01 13:03:07,23,24,7137,11399
2023-11-01 13:03:21,22,24,7137,11399
2023-11-01 13:03:27,23,24,7137,11399
2023-11-01 13:03:29,22,24,7137,11399
2023-11-01 13:03:30,23,24,7137,11399
2023-11-01 13:03:35,22,24,7137,11399
2023-11-01 13:03:42,23,24,7137,11399
2023-11-01 13:04:05,23,25,7137,11399
2023-11-01 13:04:07,23,24,7137,11399
2023-11-01 13:04:18,22,24,7137,11399
2023-11-01 13:04:19,23,24,7137,11399
2023-11-01 13:04:32,22,24,7137,11399
2023-11-01 13:06:07,23,24,7137,11399
2023-11-01 13:06:14,22,24,7137,11399
2023-11-01 13:06:14,23,24,7137,11399
2023-11-01 13:06:20,22,24,7137,11399
2023-11-01 13:07:03,22,23,7137,11399
2023-11-01 13:07:32,21,23,7137,11399
2023-11-01 13:07:36,21,22,7137,11399
2023-11-01 13:07:46,21,23,7137,11399
2023-11-01 13:07:57,21,22,7137,11399
2023-11-01 13:07:57,21,23,7137,11399
2023-11-01 13:07:58,21,22,7137,11399
2023-11-01 13:07:59,21,23,7137,11399
2023-11-01 13:08:52,21,24,7137,11399
2023-11-01 13:09:15,21,23,7137,11399
2023-11-01 13:09:16,21,24,7137,11399
2023-11-01 13:09:17,21,23,7137,11399
2023-11-01 13:10:45,21,22,7137,11399
2023-11-01 13:11:03,21,23,7137,11399
2023-11-01 13:11:06,21,22,7137,11399
2023-11-01 13:11:06,21,23,7137,11399
2023-11-01 13:11:07,21,22,7137,11399
2023-11-01 13:11:39,21,23,7137,11399
2023-11-01 13:11:41,21,22,7137,11399
2023-11-01 13:11:47,21,23,7137,11399
2023-11-01 13:11:47,21,22,7137,11399
2023-11-01 13:11:50,21,23,7137,11399
2023-11-01 13:11:53,21,22,7137,11399
2023-11-01 13:12:55,20,22,7137,11399
2023-11-01 13:12:55,20,21,7137,11399
2023-11-01 13:13:03,20,22,7137,11399
2023-11-01 13:13:03,20,21,7137,11399
2023-11-01 13:13:40,20,22,7137,11399
2023-11-01 13:13:41,20,21,7137,11399
2023-11-01 13:13:56,20,22,7137,11399
2023-11-01 13:13:56,20,21,7137,11399
2023-11-01 13:14:09,20,22,7137,11399
2023-11-01 13:14:10,20,21,7137,11399
2023-11-01 13:14:13,20,22,7137,11399
2023-11-01 13:15:13,20,21,7137,11399
2023-11-01 13:15:27,20,22,7137,11399
2023-11-01 13:16:08,20,23,7137,11399
2023-11-01 13:16:44,20,22,7137,11399
2023-11-01 13:16:49,20,23,7137,11399
2023-11-01 13:16:56,20,22,7137,11399
2023-11-01 13:17:04,20,23,7137,11399
2023-11-01 13:17:05,20,22,7137,11399
2023-11-01 13:17:10,20,23,7137,11399
2023-11-01 13:17:12,20,22,7137,11399
2023-11-01 13:17:19,20,23,7137,11399
2023-11-01 13:17:21,20,22,7137,11399
2023-11-01 13:19:55,20,23,7137,11399
2023-11-01 13:19:55,20,22,7137,11399
2023-11-01 13:20:54,20,23,7137,11399
2023-11-01 13:20:54,20,22,7137,11399
2023-11-01 13:21:06,20,23,7137,11399
2023-11-01 13:21:07,20,22,7137,11399
2023-11-01 13:21:18,20,23,7137,11399
2023-11-01 13:21:19,21,23,7137,11399
2023-11-01 13:21:45,21,22,7137,11399
2023-11-01 13:21:46,21,23,7137,11399
2023-11-01 13:21:47,21,22,7137,11399
2023-11-01 13:21:50,21,23,7137,11399
2023-11-01 13:21:52,21,22,7137,11399
2023-11-01 13:21:59,21,23,7137,11399
2023-11-01 13:22:49,21,24,7137,11399
2023-11-01 13:23:01,22,24,7137,11399
2023-11-01 13:23:11,22,25,7137,11399
2023-11-01 13:23:14,22,24,7137,11399
2023-11-01 13:23:15,22,25,7137,11399
2023-11-01 13:23:24,22,24,7137,11399
2023-11-01 13:23:52,22,25,7137,11399
2023-11-01 13:23:58,23,25,7137,11399
2023-11-01 13:24:03,22,25,7137,11399
2023-11-01 13:24:03,23,25,7137,11399
2023-11-01 13:24:43,23,24,7137,11399
2023-11-01 13:28:33,22,24,7137,11399
2023-11-01 13:31:37,22,25,7137,11399
2023-11-01 13:31:45,22,24,7137,11399
2023-11-01 13:32:05,23,24,7137,11399
2023-11-01 13:41:12,22,24,7178,11440
2023-11-01 13:42:39,22,23,7178,11440
2023-11-01 13:44:46,22,23,7192,11454
2023-11-01 13:44:48,22,23,7209,11471
2023-11-01 13:44:52,22,23,7226,11488
2023-11-01 13:44:53,22,23,7238,11500
2023-11-01 13:44:55,22,23,7256,11518
2023-11-01 13:45:20,22,24,7256,11518
2023-11-01 13:45:20,22,23,7256,11518
2023-11-01 13:45:30,22,24,7256,11518
2023-11-01 13:45:47,22,23,7256,11518
2023-11-01 13:45:51,22,24,7256,11518
2023-11-01 13:45:55,22,23,7256,11518
2023-11-01 13:46:03,22,24,7256,11518
2023-11-01 13:46:13,22,23,7256,11518
2023-11-01 13:46:15,22,24,7256,11518
2023-11-01 13:46:15,22,23,7256,11518
2023-11-01 13:46:17,22,24,7256,11518
2023-11-01 13:46:22,22,23,7256,11518
2023-11-01 13:46:22,22,23,7267,11529
2023-11-01 13:46:23,22,24,7267,11529
2023-11-01 13:46:48,22,25,7267,11529
2023-11-01 13:46:52,23,25,7267,11529
2023-11-01 13:46:53,23,24,7267,11529
2023-11-01 13:46:53,22,24,7267,11529
2023-11-01 13:46:57,22,25,7267,11529
2023-11-01 13:47:00,22,24,7267,11529
2023-11-01 13:47:01,22,25,7267,11529
2023-11-01 13:47:02,22,24,7267,11529
2023-11-01 13:47:17,22,25,7267,11529
2023-11-01 13:47:22,23,25,7267,11529
2023-11-01 13:47:23,23,25,7292,11554
2023-11-01 13:47:23,22,25,7292,11554
2023-11-01 13:47:38,23,25,7292,11554
2023-11-01 13:47:48,23,24,7292,11554
2023-11-01 13:47:48,22,24,7292,11554
2023-11-01 13:47:48,23,24,7292,11554
2023-11-01 13:47:52,22,24,7292,11554
2023-11-01 13:47:53,23,24,7292,11554
2023-11-01 13:47:53,22,24,7292,11554
2023-11-01 13:47:54,23,24,7292,11554
2023-11-01 13:47:59,23,24,7367,11629
2023-11-01 13:48:02,22,24,7367,11629
2023-11-01 13:48:02,23,24,7367,11629
2023-11-01 13:48:03,22,24,7367,11629
2023-11-01 13:48:04,23,24,7367,11629
2023-11-01 13:48:05,22,24,7367,11629
2023-11-01 13:48:05,23,24,7367,11629
2023-11-01 13:48:10,22,24,7367,11629
2023-11-01 13:48:10,23,24,7367,11629
2023-11-01 13:48:32,22,24,7367,11629
2023-11-01 13:50:49,22,23,7367,11629
2023-11-01 13:50:53,22,24,7367,11629
2023-11-01 13:50:53,22,23,7367,11629
2023-11-01 13:51:00,22,24,7367,11629
2023-11-01 13:51:00,22,23,7367,11629
2023-11-01 13:51:01,22,24,7367,11629
2023-11-01 13:51:14,22,24,7368,11630
2023-11-01 13:51:37,22,23,7368,11630
2023-11-01 13:51:54,21,23,7368,11630
2023-11-01 13:52:09,21,22,7368,11630
2023-11-01 13:52:12,21,23,7368,11630
2023-11-01 13:52:13,21,22,7368,11630
2023-11-01 13:52:22,21,22,7428,11690
2023-11-01 13:53:39,21,23,7428,11690
2023-11-01 13:55:41,21,24,7428,11690
2023-11-01 13:55:46,21,23,7428,11690
2023-11-01 13:55:47,21,24,7428,11690
2023-11-01 13:55:48,21,23,7428,11690
2023-11-01 13:55:49,21,24,7428,11690
2023-11-01 13:56:32,21,23,7428,11690
2023-11-01 13:57:25,21,24,7428,11690
2023-11-01 13:57:29,21,23,7428,11690
2023-11-01 13:57:30,21,24,7428,11690
2023-11-01 13:57:50,21,23,7428,11690
2023-11-01 14:00:06,21,22,7428,11690
2023-11-01 14:00:06,20,22,7428,11690
2023-11-01 14:00:15,19,22,7428,11690
2023-11-01 14:00:15,19,21,7428,11690
2023-11-01 14:00:17,19,20,7428,11690
2023-11-01 14:00:20,19,20,7458,11720
2023-11-01 14:00:32,18,20,7458,11720
2023-11-01 14:00:33,18,19,7458,11720
2023-11-01 14:00:35,17,19,7458,11720
2023-11-01 14:00:43,17,20,7458,11720
2023-11-01 14:00:45,18,20,7458,11720
2023-11-01 14:00:51,18,19,7458,11720
2023-11-01 14:00:56,17,19,7458,11720
2023-11-01 14:01:03,17,20,7458,11720
2023-11-01 14:01:04,18,20,7458,11720
2023-11-01 14:01:05,18,21,7458,11720
2023-11-01 14:01:05,19,21,7458,11720
2023-11-01 14:01:12,19,22,7458,11720
2023-11-01 14:01:12,20,22,7458,11720
2023-11-01 14:01:20,20,23,7458,11720
2023-11-01 14:01:20,20,22,7458,11720
2023-11-01 14:01:44,20,23,7458,11720
2023-11-01 14:01:44,21,23,7458,11720
2023-11-01 14:01:51,22,23,7458,11720
2023-11-01 14:02:16,21,23,7458,11720
2023-11-01 14:02:32,21,22,7458,11720
2023-11-01 14:02:37,20,22,7458,11720
2023-11-01 14:03:09,20,23,7458,11720
2023-11-01 14:03:24,20,22,7458,11720
2023-11-01 14:03:32,20,21,7458,11720
2023-11-01 14:03:50,19,21,7458,11720
2023-11-01 14:04:00,19,22,7458,11720
2023-11-01 14:04:03,20,22,7458,11720
2023-11-01 14:04:10,20,23,7458,11720
2023-11-01 14:04:10,21,23,7458,11720
2023-11-01 14:04:14,21,24,7458,11720
2023-11-01 14:04:15,21,23,7458,11720
2023-11-01 14:04:18,21,24,7458,11720
2023-11-01 14:04:19,21,23,7458,11720
2023-11-01 14:04:34,21,22,7458,11720
2023-11-01 14:04:46,21,23,7458,11720
2023-11-01 14:04:46,21,22,7458,11720
2023-11-01 14:05:01,21,23,7458,11720
2023-11-01 14:05:08,21,22,7458,11720
2023-11-01 14:05:55,20,22,7458,11720
2023-11-01 14:05:55,20,21,7458,11720
2023-11-01 14:06:03,20,22,7458,11720
2023-11-01 14:06:07,20,21,7458,11720
2023-11-01 14:06:10,20,22,7458,11720
2023-11-01 14:06:14,20,21,7458,11720
2023-11-01 14:06:14,20,22,7458,11720
2023-11-01 14:06:27,21,22,7458,11720
2023-11-01 14:06:47,20,22,7458,11720
2023-11-01 14:06:49,20,21,7458,11720
2023-11-01 14:06:50,20,22,7458,11720
2023-11-01 14:07:02,21,22,7458,11720
2023-11-01 14:07:05,21,23,7458,11720
2023-11-01 14:07:09,21,24,7458,11720
2023-11-01 14:07:09,21,23,7458,11720
2023-11-01 14:07:32,21,24,7458,11720
2023-11-01 14:07:36,21,23,7458,11720
2023-11-01 14:07:38,21,24,7458,11720
2023-11-01 14:07:45,21,23,7458,11720
2023-11-01 14:08:11,21,22,7458,11720
2023-11-01 14:08:16,21,23,7458,11720
2023-11-01 14:08:20,21,22,7458,11720
2023-11-01 14:08:27,20,22,7458,11720
2023-11-01 14:08:52,20,23,7458,11720
2023-11-01 14:08:55,21,23,7458,11720
2023-11-01 14:09:09,21,24,7458,11720
2023-11-01 14:09:10,22,24,7458,11720
2023-11-01 14:09:20,22,23,7458,11720
2023-11-01 14:09:22,22,24,7458,11720
2023-11-01 14:09:23,22,23,7458,11720
2023-11-01 14:09:31,22,24,7458,11720
2023-11-01 14:09:45,22,23,7458,11720
2023-11-01 14:10:46,22,24,7458,11720
2023-11-01 14:10:53,22,23,7458,11720
2023-11-01 14:10:55,22,24,7458,11720
2023-11-01 14:11:51,22,23,7458,11720
2023-11-01 14:12:07,21,23,7458,11720
2023-11-01 14:12:11,21,22,7458,11720
2023-11-01 14:12:12,21,23,7458,11720
2023-11-01 14:12:13,21,22,7458,11720
2023-11-01 14:12:14,21,23,7458,11720
2023-11-01 14:12:32,21,24,7458,11720
2023-11-01 14:12:32,21,23,7458,11720
2023-11-01 14:12:32,21,24,7458,11720
2023-11-01 14:12:36,22,24,7458,11720
2023-11-01 14:12:44,21,24,7458,11720
2023-11-01 14:12:47,21,23,7458,11720
2023-11-01 14:12:54,21,24,7458,11720
2023-11-01 14:12:56,22,24,7458,11720
2023-11-01 14:13:00,22,24,7458,11740
2023-11-01 14:13:37,23,24,7458,11740
2023-11-01 14:13:46,22,24,7458,11740
2023-11-01 14:14:12,23,24,7458,11740
2023-11-01 14:14:14,22,24,7458,11740
2023-11-01 14:14:45,22,23,7458,11740
2023-11-01 14:15:04,23,24,7467,11749
2023-11-01 14:15:12,23,25,7467,11749
2023-11-01 14:15:18,24,25,7467,11749
2023-11-01 14:15:18,23,25,7467,11749
2023-11-01 14:15:47,24,25,7467,11749
2023-11-01 14:15:48,23,25,7467,11749
2023-11-01 14:15:53,24,25,7467,11749
2023-11-01 14:16:15,24,26,7467,11749
2023-11-01 14:16:15,25,26,7467,11749
2023-11-01 14:16:27,24,26,7467,11749
2023-11-01 14:16:27,25,26,7467,11749
2023-11-01 14:16:38,24,25,7467,11849
2023-11-01 14:16:51,24,25,7480,11862
2023-11-01 14:16:53,23,25,7480,11862
2023-11-01 14:17:16,23,24,7480,11862
2023-11-01 14:17:17,23,25,7480,11862
2023-11-01 14:17:19,23,24,7480,11862
2023-11-01 14:17:31,23,25,7480,11862
2023-11-01 14:17:50,23,24,7480,11862
2023-11-01 14:17:56,23,25,7480,11862
2023-11-01 14:18:00,23,24,7480,11862
2023-11-01 14:18:01,23,25,7480,11862
2023-11-01 14:18:05,23,24,7480,11862
2023-11-01 14:18:41,22,24,7480,11862
2023-11-01 14:18:41,22,23,7480,11862
2023-11-01 14:18:45,22,24,7480,11862
2023-11-01 14:18:46,22,23,7480,11862
2023-11-01 14:18:46,22,24,7480,11862
2023-11-01 14:18:47,22,23,7480,11862
2023-11-01 14:19:08,22,24,7480,11862
2023-11-01 14:19:52,22,25,7480,11862
2023-11-01 14:19:52,22,24,7480,11862
2023-11-01 14:19:52,22,25,7480,11862
2023-11-01 14:19:56,22,24,7480,11862
2023-11-01 14:20:15,22,23,7480,11862
2023-11-01 14:20:41,22,24,7480,11862
2023-11-01 14:20:41,22,23,7480,11862
2023-11-01 14:20:51,22,24,7480,11862
2023-11-01 14:20:51,22,23,7480,11862
2023-11-01 14:21:06,21,23,7480,11862
2023-11-01 14:21:06,21,22,7480,11862
2023-11-01 14:21:34,21,23,7480,11862
2023-11-01 14:22:21,21,22,7480,11862
2023-11-01 14:22:29,21,22,7492,11874
2023-11-01 14:22:36,21,23,7492,11874
2023-11-01 14:22:36,21,23,7502,11884
2023-11-01 14:22:36,21,22,7502,11884
2023-11-01 14:23:44,20,22,7502,11884
2023-11-01 14:23:44,20,21,7502,11884
2023-11-01 14:23:58,20,22,7502,11884
2023-11-01 14:23:58,20,21,7502,11884
2023-11-01 14:24:16,20,22,7502,11884
2023-11-01 14:24:19,20,21,7502,11884
2023-11-01 14:24:26,20,22,7502,11884
2023-11-01 14:24:28,20,21,7502,11884
2023-11-01 14:24:30,20,22,7502,11884
2023-11-01 14:24:31,20,21,7502,11884
2023-11-01 14:24:41,20,22,7502,11884
2023-11-01 14:24:44,20,21,7502,11884
2023-11-01 14:25:01,20,22,7502,11884
2023-11-01 14:25:01,20,21,7502,11884
2023-11-01 14:25:05,20,22,7502,11884
2023-11-01 14:25:06,20,21,7502,11884
2023-11-01 14:25:07,20,22,7502,11884
2023-11-01 14:25:08,20,21,7502,11884
2023-11-01 14:25:44,20,22,7502,11884
2023-11-01 14:25:47,20,21,7502,11884
2023-11-01 14:25:54,20,22,7502,11884
2023-11-01 14:25:56,20,21,7502,11884
2023-11-01 14:26:06,20,22,7502,11884
2023-11-01 14:26:07,20,21,7502,11884
2023-11-01 14:26:37,20,22,7502,11884
2023-11-01 14:26:37,20,21,7502,11884
2023-11-01 14:26:50,20,22,7502,11884
2023-11-01 14:26:55,20,21,7502,11884
2023-11-01 14:26:56,20,22,7502,11884
2023-11-01 14:27:01,21,22,7502,11884
2023-11-01 14:27:02,21,23,7502,11884
2023-11-01 14:27:09,20,23,7502,11884
2023-11-01 14:27:09,20,22,7502,11884
2023-11-01 14:27:16,20,21,7502,11884
2023-11-01 14:27:19,20,22,7502,11884
2023-11-01 14:27:22,20,21,7502,11884
2023-11-01 14:27:32,20,21,7537,11919
2023-11-01 14:27:41,20,21,7553,11935
2023-11-01 14:27:47,19,21,7553,11935
2023-11-01 14:27:47,19,20,7553,11935
2023-11-01 14:28:39,19,21,7553,11935
2023-11-01 14:28:39,19,20,7553,11935
2023-11-01 14:29:15,19,21,7553,11935
2023-11-01 14:29:16,19,20,7553,11935
2023-11-01 14:29:41,19,21,7553,11935
2023-11-01 14:29:41,19,20,7553,11935
2023-11-01 14:29:49,19,21,7553,11935
2023-11-01 14:29:53,19,20,7553,11935
2023-11-01 14:29:57,19,21,7553,11935
2023-11-01 14:29:58,19,20,7553,11935
2023-11-01 14:30:00,19,21,7553,11935
2023-11-01 14:30:02,19,20,7553,11935
2023-11-01 14:30:26,18,20,7553,11935
2023-11-01 14:30:26,18,19,7553,11935
2023-11-01 14:31:17,18,19,7569,11951
2023-11-01 14:31:23,18,19,7582,11964
2023-11-01 14:31:25,18,19,7596,11978
2023-11-01 14:31:27,18,19,7612,11994
2023-11-01 14:31:28,17,19,7612,11994
2023-11-01 14:31:28,17,18,7612,11994
2023-11-01 14:31:37,16,18,7612,11994
2023-11-01 14:31:37,16,17,7612,11994
2023-11-01 14:31:42,15,17,7612,11994
2023-11-01 14:31:42,15,16,7612,11994
2023-11-01 14:32:06,15,17,7612,11994
2023-11-01 14:32:07,15,16,7612,11994
2023-11-01 14:32:34,15,16,7626,12008
2023-11-01 14:32:36,15,16,7638,12020
2023-11-01 14:32:38,15,16,7645,12027
2023-11-01 14:32:39,14,16,7645,12027
2023-11-01 14:32:39,14,15,7645,12027
2023-11-01 14:33:01,14,16,7645,12027
2023-11-01 14:33:02,14,15,7645,12027
2023-11-01 14:33:18,14,15,7655,12037
2023-11-01 14:33:19,14,15,7664,12046
2023-11-01 14:33:27,14,15,7679,12061
2023-11-01 14:33:29,14,15,7691,12073
2023-11-01 14:33:36,14,15,7701,12083
2023-11-01 14:33:37,14,15,7715,12097
2023-11-01 14:33:39,14,15,7734,12116
2023-11-01 14:33:41,14,15,7739,12121
2023-11-01 14:33:45,14,15,7752,12134
2023-11-01 14:34:04,14,15,7752,12234
2023-11-01 14:34:05,13,15,7752,12234
2023-11-01 14:34:31,13,14,7752,12234
2023-11-01 14:34:33,12,14,7752,12234
2023-11-01 14:34:42,12,15,7752,12234
2023-11-01 14:34:44,13,15,7752,12234
2023-11-01 14:34:58,13,14,7752,12234
2023-11-01 14:35:05,13,15,7752,12234
2023-11-01 14:35:31,13,14,7752,12234
2023-11-01 14:35:31,12,14,7752,12234
2023-11-01 14:35:38,12,13,7752,12234
2023-11-01 14:35:38,11,13,7752,12234
2023-11-01 14:35:48,11,14,7752,12234
2023-11-01 14:35:50,12,14,7752,12234
2023-11-01 14:35:52,13,14,7752,12234
2023-11-01 14:35:52,13,15,7752,12234
2023-11-01 14:35:53,14,15,7752,12234
2023-11-01 14:35:54,14,15,7752,12434
2023-11-01 14:36:39,13,15,7752,12434
2023-11-01 14:36:57,13,14,7752,12434
2023-11-01 14:36:58,12,14,7752,12434
2023-11-01 14:37:00,12,13,7752,12434
2023-11-01 14:37:13,12,14,7752,12434
2023-11-01 14:37:13,12,13,7752,12434
2023-11-01 14:37:15,12,14,7752,12434
2023-11-01 14:37:19,12,14,7817,12499
2023-11-01 14:37:26,12,13,7817,12499
2023-11-01 14:37:31,12,13,7817,12599
2023-11-01 14:37:33,11,13,7817,12599
2023-11-01 14:37:50,11,14,7817,12599
2023-11-01 14:37:52,12,14,7817,12599
2023-11-01 14:38:34,12,15,7817,12599
2023-11-01 14:38:35,13,15,7817,12599
2023-11-01 14:38:36,14,15,7817,12599
2023-11-01 14:38:47,15,17,7817,12735
2023-11-01 14:38:48,16,17,7817,12735
2023-11-01 14:38:51,16,18,7817,12735
2023-11-01 14:38:51,17,18,7817,12735
2023-11-01 14:38:52,17,19,7817,12735
2023-11-01 14:38:52,18,19,7817,12735
2023-11-01 14:38:56,17,19,7817,12735
2023-11-01 14:38:58,18,19,7817,12735
2023-11-01 14:38:59,17,19,7817,12735
2023-11-01 14:39:01,18,19,7817,12735
2023-11-01 14:39:02,18,20,7817,12735
2023-11-01 14:39:02,19,20,7817,12735
2023-11-01 14:39:03,19,20,7817,12935
2023-11-01 14:39:15,15,20,7817,12935
2023-11-01 14:39:21,17,20,7817,12935
2023-11-01 14:39:23,18,20,7817,12935
2023-11-01 14:39:31,18,21,7817,12935
2023-11-01 14:39:31,19,21,7817,12935
2023-11-01 14:39:39,19,20,7817,12935
2023-11-01 14:39:39,14,20,7817,12935
2023-11-01 14:39:39,18,20,7817,12935
2023-11-01 14:39:40,18,19,7817,12935
2023-11-01 14:39:40,15,19,7817,12935
2023-11-01 14:39:41,17,20,7817,12935
2023-11-01 14:39:46,17,19,7817,12935
2023-11-01 14:39:47,13,19,7817,12935
2023-11-01 14:39:47,16,19,7817,12935
2023-11-01 14:39:48,16,20,7817,12935
2023-11-01 14:39:48,16,19,7817,12935
2023-11-01 14:39:48,13,19,7817,12935
2023-11-01 14:39:48,17,19,7817,12935
2023-11-01 14:39:53,17,20,7817,12935
2023-11-01 14:39:54,17,19,7817,12935
2023-11-01 14:39:55,17,20,7817,12935
2023-11-01 14:40:07,13,20,7817,12935
2023-11-01 14:40:08,18,21,7817,12935
2023-11-01 14:40:12,18,20,7817,12935
2023-11-01 14:40:14,17,20,7817,12935
2023-11-01 14:40:23,18,20,7817,12935
2023-11-01 14:40:23,17,20,7817,12935
2023-11-01 14:40:27,17,19,7817,12935
2023-11-01 14:40:27,16,19,7817,12935
2023-11-01 14:40:28,16,20,7817,12935
2023-11-01 14:40:28,16,19,7817,12935
2023-11-01 14:40:28,17,19,7817,12935
2023-11-01 14:40:32,17,20,7817,12935
2023-11-01 14:40:33,18,20,7817,12935
2023-11-01 14:40:33,18,21,7817,12935
2023-11-01 14:40:34,12,21,7817,12935
2023-11-01 14:40:34,18,21,7817,12935
2023-11-01 14:40:34,19,21,7817,12935
2023-11-01 14:40:35,1,21,7817,12935
2023-11-01 14:40:35,20,21,7817,12935
2023-11-01 14:40:36,20,22,7817,12935
2023-11-01 14:40:36,21,22,7817,12935
2023-11-01 14:40:37,21,23,7817,12935
2023-11-01 14:40:37,1,23,7817,12935
2023-11-01 14:40:37,22,23,7817,12935
2023-11-01 14:40:44,22,24,7817,12935
2023-11-01 14:40:44,23,24,7817,12935
2023-11-01 14:40:44,23,24,7837,12955
2023-11-01 14:40:49,22,24,7837,12955
2023-11-01 14:40:53,17,24,7837,12955
2023-11-01 14:40:53,23,24,7837,12955
2023-11-01 14:41:06,23,25,7837,12955
2023-11-01 14:41:07,24,25,7837,12955
2023-11-01 14:41:25,23,25,7887,13005
2023-11-01 14:41:26,22,25,7887,13005
2023-11-01 14:41:29,23,25,7887,13005
2023-11-01 14:41:30,22,25,7887,13005
2023-11-01 14:41:34,22,24,7887,13005
2023-11-01 14:41:39,21,24,7887,13005
2023-11-01 14:41:43,21,23,7887,13005
2023-11-01 14:41:44,21,24,7887,13005
2023-11-01 14:41:44,21,23,7887,13005
2023-11-01 14:41:45,21,24,7887,13005
2023-11-01 14:41:48,22,24,7887,13005
2023-11-01 14:41:48,22,25,7887,13005
2023-11-01 14:41:52,23,25,7887,13005
2023-11-01 14:41:59,24,25,7887,13005
2023-11-01 14:42:09,24,27,7912,13030
2023-11-01 14:42:09,25,27,7912,13030
2023-11-01 14:42:12,26,27,7912,13030
2023-11-01 14:42:13,25,27,7912,13030
2023-11-01 14:42:15,26,27,7912,13030
2023-11-01 14:42:17,26,27,7912,13130
2023-11-01 14:42:20,27,28,7913,13131
2023-11-01 14:42:30,27,29,7913,13131
2023-11-01 14:42:30,28,29,7913,13131
2023-11-01 14:42:43,26,29,7913,13131
2023-11-01 14:42:43,27,29,7913,13131
2023-11-01 14:42:44,26,29,7913,13131
2023-11-01 14:42:45,27,29,7913,13131
2023-11-01 14:42:46,27,28,7913,13131
2023-11-01 14:42:46,25,28,7913,13131
2023-11-01 14:42:46,26,28,7913,13131
2023-11-01 14:42:48,27,28,7913,13131
2023-11-01 14:42:52,25,28,7913,13131
2023-11-01 14:42:52,26,28,7913,13131
2023-11-01 14:42:53,26,27,7913,13131
2023-11-01 14:42:53,24,27,7913,13131
2023-11-01 14:42:53,25,27,7913,13131
2023-11-01 14:43:03,25,28,7913,13131
2023-11-01 14:43:03,26,28,7913,13131
2023-11-01 14:43:05,26,27,7913,13131
2023-11-01 14:43:05,23,27,7913,13131
2023-11-01 14:43:05,25,27,7913,13131
2023-11-01 14:43:06,23,27,7913,13131
2023-11-01 14:43:06,24,27,7913,13131
2023-11-01 14:43:07,24,26,7913,13131
2023-11-01 14:43:07,22,26,7913,13131
2023-11-01 14:43:07,23,26,7913,13131
2023-11-01 14:43:08,22,26,7913,13131
2023-11-01 14:43:09,23,26,7913,13131
2023-11-01 14:43:18,23,25,7913,13131
2023-11-01 14:43:21,23,26,7913,13131
2023-11-01 14:43:26,23,25,7913,13131
2023-11-01 14:43:26,20,25,7913,13131
2023-11-01 14:43:26,21,25,7913,13131
2023-11-01 14:43:27,20,25,7913,13131
2023-11-01 14:43:27,21,25,7913,13131
2023-11-01 14:43:33,22,25,7913,13131
2023-11-01 14:43:45,23,25,7913,13131
2023-11-01 14:43:48,20,25,7913,13131
2023-11-01 14:43:48,17,25,7913,13131
2023-11-01 14:43:48,21,25,7913,13131
2023-11-01 14:43:48,22,25,7913,13131
2023-11-01 14:43:50,23,25,7913,13131
2023-11-01 14:43:51,23,26,7913,13131
2023-11-01 14:43:57,23,25,7913,13131
2023-11-01 14:44:03,23,25,7913,13181
2023-11-01 14:44:05,23,24,7913,13181
2023-11-01 14:44:13,23,25,7913,13181
2023-11-01 14:44:16,23,26,7913,13181
2023-11-01 14:44:19,24,26,7913,13181
2023-11-01 14:44:20,24,27,7913,13181
2023-11-01 14:44:21,25,27,7913,13181
2023-11-01 14:44:29,25,26,7913,13181
2023-11-01 14:44:32,25,27,7913,13181
2023-11-01 14:44:40,26,27,7913,13181
2023-11-01 14:44:43,25,27,7913,13181
2023-11-01 14:45:06,25,28,7913,13181
2023-11-01 14:45:09,26,28,7913,13181
2023-11-01 14:45:11,26,27,7913,13181
2023-11-01 14:45:11,25,27,7913,13181
2023-11-01 14:45:15,25,26,7913,13181
2023-11-01 14:45:23,25,26,7943,13211
2023-11-01 14:45:26,23,25,7943,13304
2023-11-01 14:45:30,24,25,7943,13304
2023-11-01 14:45:31,24,26,7943,13304
2023-11-01 14:45:32,23,26,7943,13304
2023-11-01 14:45:33,24,26,7943,13304
2023-11-01 14:45:45,24,25,7943,13304
2023-11-01 14:45:45,23,25,7943,13304
2023-11-01 14:45:46,23,24,7943,13304
2023-11-01 14:45:49,21,24,7943,13304
2023-11-01 14:45:49,21,23,7943,13304
2023-11-01 14:45:54,22,23,7943,13304
2023-11-01 14:45:54,21,23,7943,13304
2023-11-01 14:45:56,22,23,7943,13304
2023-11-01 14:45:56,21,23,7943,13304
2023-11-01 14:45:57,22,23,7943,13304
2023-11-01 14:45:57,21,23,7943,13304
2023-11-01 14:46:02,21,22,7943,13304
2023-11-01 14:46:36,21,23,7943,13304
2023-11-01 14:46:59,22,23,7943,13304
2023-11-01 14:47:00,22,24,7943,13304
2023-11-01 14:47:01,23,24,7943,13304
2023-11-01 14:47:01,23,25,7943,13304
2023-11-01 14:47:09,23,24,7943,13304
2023-11-01 14:47:10,23,24,7932,13315
2023-11-01 14:47:11,23,25,7932,13315
2023-11-01 14:47:13,23,24,7932,13315
2023-11-01 14:47:17,23,24,7918,13329
2023-11-01 14:47:33,23,24,7885,13362
2023-11-01 14:47:33,23,25,7885,13362
2023-11-01 14:47:41,24,25,7885,13362
2023-11-01 14:47:43,24,26,7885,13362
2023-11-01 14:47:48,25,26,7885,13362
2023-11-01 14:47:54,24,26,7885,13362
2023-11-01 14:48:04,23,26,7885,13362
2023-11-01 14:48:04,24,26,7885,13362
2023-11-01 14:48:13,23,26,7885,13362
2023-11-01 14:48:13,24,26,7885,13362
2023-11-01 14:48:20,23,26,7885,13362
2023-11-01 14:48:22,23,25,7885,13362
2023-11-01 14:48:24,23,26,7885,13362
2023-11-01 14:48:24,24,26,7885,13362
2023-11-01 14:48:27,24,27,7885,13362
2023-11-01 14:48:27,25,27,7885,13362
2023-11-01 14:48:41,25,26,7885,13362
2023-11-01 14:48:43,25,27,7885,13362
2023-11-01 14:48:44,25,28,7885,13399
2023-11-01 14:48:44,26,28,7885,13399
2023-11-01 14:48:45,27,28,7885,13399
2023-11-01 14:48:46,27,29,7885,13399
2023-11-01 14:48:46,28,29,7885,13399
2023-11-01 14:49:05,29,30,7887,13401
2023-11-01 14:49:22,28,30,7887,13401
2023-11-01 14:49:23,27,30,7887,13401
2023-11-01 14:49:23,28,30,7887,13401
2023-11-01 14:49:25,27,30,7887,13401
2023-11-01 14:49:25,28,30,7887,13401
2023-11-01 14:49:34,29,30,7887,13401
2023-11-01 14:49:35,28,30,7887,13401
2023-11-01 14:49:36,29,30,7887,13401
2023-11-01 14:49:48,28,30,7887,13401
2023-11-01 14:49:50,27,30,7887,13401
2023-11-01 14:49:52,28,30,7887,13401
2023-11-01 14:49:53,28,29,7887,13401
2023-11-01 14:49:53,27,29,7887,13401
2023-11-01 14:49:53,28,29,7887,13401
2023-11-01 14:49:54,27,29,7887,13401
2023-11-01 14:49:55,26,29,7887,13401
2023-11-01 14:49:55,26,28,7887,13401
2023-11-01 14:49:55,25,28,7887,13401
2023-11-01 14:49:56,25,27,7887,13401
2023-11-01 14:49:57,24,27,7887,13401
2023-11-01 14:49:57,24,26,7887,13401
2023-11-01 14:49:57,23,26,7887,13401
2023-11-01 14:49:59,23,27,7887,13401
2023-11-01 14:49:59,24,27,7887,13401
2023-11-01 14:50:00,24,26,7887,13401
2023-11-01 14:50:00,23,26,7887,13401
2023-11-01 14:50:00,24,26,7887,13401
2023-11-01 14:50:01,23,26,7887,13401
2023-11-01 14:50:02,24,26,7887,13401
2023-11-01 14:50:03,23,26,7887,13401
2023-11-01 14:50:07,24,26,7887,13401
2023-11-01 14:50:10,23,26,7887,13401
2023-11-01 14:50:17,24,26,7887,13401
2023-11-01 14:50:21,23,26,7887,13401
2023-11-01 14:50:21,24,26,7887,13401
2023-11-01 14:50:32,23,26,7887,13401
2023-11-01 14:50:33,23,25,7887,13401
2023-11-01 14:50:39,23,24,7887,13401
2023-11-01 14:50:41,21,24,7887,13401
2023-11-01 14:50:41,21,23,7887,13401
2023-11-01 14:50:41,20,23,7887,13401
2023-11-01 14:50:42,20,22,7887,13401
2023-11-01 14:50:43,20,23,7887,13401
2023-11-01 14:50:45,20,22,7887,13401
2023-11-01 14:50:50,20,23,7887,13401
2023-11-01 14:50:51,20,22,7887,13401
2023-11-01 14:50:56,20,21,7887,13401
2023-11-01 14:50:57,17,21,7887,13401
2023-11-01 14:50:57,18,21,7887,13401
2023-11-01 14:51:06,18,20,7887,13401
2023-11-01 14:51:13,18,21,7887,13401
2023-11-01 14:51:16,18,22,7887,13401
2023-11-01 14:51:18,19,22,7887,13401
2023-11-01 14:51:20,20,22,7887,13401
2023-11-01 14:51:46,20,21,7887,13401
2023-11-01 14:51:50,20,21,8075,13589
2023-11-01 14:51:51,19,21,8075,13589
2023-11-01 14:51:51,19,22,8075,13589
2023-11-01 14:51:55,19,23,8075,13589
2023-11-01 14:51:55,20,23,8075,13589
2023-11-01 14:51:59,20,22,8075,13589
2023-11-01 14:52:00,21,23,8075,13589
2023-11-01 14:52:03,21,24,8075,13589
2023-11-01 14:52:03,21,23,8075,13589
2023-11-01 14:52:12,22,23,8075,13589
2023-11-01 14:52:12,22,24,8075,13589
2023-11-01 14:52:20,21,24,8075,13589
2023-11-01 14:52:23,22,24,8075,13589
2023-11-01 14:52:26,21,24,8075,13589
2023-11-01 14:52:26,22,24,8075,13589
2023-11-01 14:52:29,22,25,8075,13589
2023-11-01 14:52:30,22,24,8075,13589
2023-11-01 14:52:34,21,24,8075,13589
2023-11-01 14:52:38,22,24,8075,13589
2023-11-01 14:52:43,21,24,8075,13589
2023-11-01 14:52:47,21,23,8075,13589
2023-11-01 14:52:48,20,23,8075,13589
2023-11-01 14:53:00,20,22,8075,13589
2023-11-01 14:53:00,19,22,8075,13589
2023-11-01 14:53:01,18,22,8075,13589
2023-11-01 14:53:04,19,22,8075,13589
2023-11-01 14:53:05,19,21,8075,13589
2023-11-01 14:53:06,19,22,8075,13589
2023-11-01 14:53:07,19,21,8075,13589
2023-11-01 14:53:08,17,21,8075,13589
2023-11-01 14:53:12,18,21,8075,13589
2023-11-01 14:53:12,18,20,8075,13589
2023-11-01 14:53:15,17,20,8075,13589
2023-11-01 14:53:25,17,21,8075,13589
2023-11-01 14:53:25,16,21,8075,13589
2023-11-01 14:53:31,14,21,8075,13589
2023-11-01 14:53:31,17,21,8075,13589
2023-11-01 14:53:35,17,20,8075,13589
2023-11-01 14:53:48,17,21,8075,13589
2023-11-01 14:53:48,17,20,8075,13589
2023-11-01 14:53:49,17,21,8075,13589
2023-11-01 14:53:49,17,20,8075,13589
2023-11-01 14:53:49,18,20,8075,13589
2023-11-01 14:53:53,17,20,8075,13589
2023-11-01 14:53:53,17,21,8075,13589
2023-11-01 14:53:53,17,20,8075,13589
2023-11-01 14:53:56,18,20,8075,13589
2023-11-01 14:53:59,17,20,8075,13589
2023-11-01 14:54:14,18,20,8075,13589
2023-11-01 14:54:14,18,21,8075,13589
2023-11-01 14:54:15,17,21,8075,13589
2023-11-01 14:54:15,17,20,8075,13589
2023-11-01 14:54:25,17,21,8075,13589
2023-11-01 14:54:25,17,20,8075,13589
2023-11-01 14:54:26,17,21,8075,13589
2023-11-01 14:54:26,18,21,8075,13589
2023-11-01 14:54:31,17,21,8075,13589
2023-11-01 14:54:31,18,21,8075,13589
2023-11-01 14:54:32,18,20,8075,13589
2023-11-01 14:54:33,18,21,8075,13589
2023-11-01 14:54:34,19,21,8075,13589
2023-11-01 14:54:39,20,21,8075,13589
2023-11-01 14:54:41,20,22,8075,13589
2023-11-01 14:54:44,19,22,8075,13589
2023-11-01 14:54:45,19,23,8075,13589
2023-11-01 14:54:45,20,23,8075,13589
2023-11-01 14:54:55,20,22,8075,13589
2023-11-01 14:54:55,19,22,8075,13589
2023-11-01 14:54:57,20,22,8075,13589
2023-11-01 14:55:02,19,22,8075,13589
2023-11-01 14:55:18,19,21,8075,13589
2023-11-01 14:55:18,18,21,8075,13589
2023-11-01 14:55:19,17,21,8075,13589
2023-11-01 14:55:20,18,21,8075,13589
2023-11-01 14:55:22,17,21,8075,13589
2023-11-01 14:55:22,18,21,8075,13589
2023-11-01 14:55:28,18,20,8075,13589
2023-11-01 14:55:28,16,20,8075,13589
2023-11-01 14:55:28,17,20,8075,13589
2023-11-01 14:55:36,18,20,8075,13589
2023-11-01 14:55:50,18,19,8075,13589
2023-11-01 14:55:55,16,19,8075,13589
2023-11-01 14:55:56,17,19,8075,13589
2023-11-01 14:55:59,16,19,8075,13589
2023-11-01 14:56:02,16,18,8075,13589
2023-11-01 14:56:02,14,18,8075,13589
2023-11-01 14:56:03,14,19,8075,13589
2023-11-01 14:56:03,14,18,8075,13589
2023-11-01 14:56:03,15,18,8075,13589
2023-11-01 14:56:04,15,19,8075,13589
2023-11-01 14:56:07,16,19,8075,13589
2023-11-01 14:56:08,16,18,8075,13589
2023-11-01 14:56:10,15,18,8075,13589
2023-11-01 14:56:16,14,18,8075,13589
2023-11-01 14:56:16,14,17,8075,13589
2023-11-01 14:56:17,13,17,8075,13589
2023-11-01 14:56:20,14,17,8075,13589
2023-11-01 14:56:21,14,16,8075,13589
2023-11-01 14:56:25,12,16,8075,13589
2023-11-01 14:56:25,13,16,8075,13589
2023-11-01 14:56:30,13,15,8075,13589
2023-11-01 14:56:30,11,15,8075,13589
2023-11-01 14:56:30,12,15,8075,13589
2023-11-01 14:56:31,10,15,8075,13589
2023-11-01 14:56:31,11,15,8075,13589
2023-11-01 14:56:32,11,14,8075,13589
2023-11-01 14:56:35,12,14,8075,13589
2023-11-01 14:56:39,10,14,8075,13589
2023-11-01 14:56:39,11,14,8075,13589
2023-11-01 14:56:41,12,14,8075,13589
2023-11-01 14:56:49,10,14,8075,13589
2023-11-01 14:56:49,11,14,8075,13589
2023-11-01 14:56:49,12,14,8075,13589
2023-11-01 14:56:51,10,14,8075,13589
2023-11-01 14:56:51,11,14,8075,13589
2023-11-01 14:56:55,12,14,8075,13589
2023-11-01 14:57:01,12,13,8075,13589
2023-11-01 14:57:01,9,13,8075,13589
2023-11-01 14:57:01,10,13,8075,13589
2023-11-01 14:57:06,10,12,8075,13589
2023-11-01 14:57:09,10,13,8075,13589
2023-11-01 14:57:12,11,13,8075,13589
2023-11-01 14:57:19,10,13,8075,13589
2023-11-01 14:57:19,11,13,8075,13589
2023-11-01 14:57:26,11,14,8075,13589
2023-11-01 14:57:28,11,13,8075,13589
2023-11-01 14:57:34,9,13,8075,13589
2023-11-01 14:57:34,10,13,8075,13589
2023-11-01 14:57:34,9,13,8075,13589
2023-11-01 14:57:34,10,13,8075,13589
2023-11-01 14:57:35,10,13,8075,13639
2023-11-01 14:57:36,10,12,8075,13639
2023-11-01 14:57:39,10,11,8075,13639
2023-11-01 14:57:39,10,11,8275,13839
2023-11-01 14:57:39,8,11,8275,13839
2023-11-01 14:57:39,9,11,8275,13839
2023-11-01 14:57:43,10,11,8275,13839
2023-11-01 14:57:47,7,11,8275,13839
2023-11-01 14:57:47,8,11,8275,13839
2023-11-01 14:57:50,9,11,8275,13839
2023-11-01 14:57:53,9,10,8275,13839
2023-11-01 14:57:53,7,10,8275,13839
2023-11-01 14:57:53,8,10,8275,13839
2023-11-01 14:57:57,9,10,8275,13839
2023-11-01 14:58:01,9,10,8286,13850
2023-11-01 14:58:02,9,11,8286,13850
2023-11-01 14:58:10,9,11,8287,13851
2023-11-01 14:58:13,9,10,8287,13851
2023-11-01 14:58:13,7,10,8287,13851
2023-11-01 14:58:13,8,10,8287,13851
2023-11-01 14:58:18,8,11,8287,13851
2023-11-01 14:58:18,9,11,8287,13851
2023-11-01 14:58:24,9,10,8287,13851
2023-11-01 14:58:24,7,10,8287,13851
2023-11-01 14:58:24,8,10,8287,13851
2023-11-01 14:58:26,8,11,8287,13851
2023-11-01 14:58:30,9,11,8287,13851
2023-11-01 14:58:33,9,10,8287,13851
2023-11-01 14:58:41,7,10,8287,13851
2023-11-01 14:58:41,9,10,8287,13851
2023-11-01 14:58:42,9,11,8287,13851
2023-11-01 14:58:46,9,10,8287,13851
2023-11-01 14:58:49,6,10,8287,13851
2023-11-01 14:58:49,7,10,8287,13851
2023-11-01 14:58:54,9,10,8287,13851
2023-11-01 14:58:56,6,10,8287,13851
2023-11-01 14:58:56,7,10,8287,13851
2023-11-01 14:58:57,7,9,8287,13851
2023-11-01 14:59:00,5,9,8287,13851
2023-11-01 14:59:00,6,9,8287,13851
2023-11-01 14:59:01,8,9,8287,13851
2023-11-01 14:59:01,8,9,8347,13911
2023-11-01 14:59:05,9,10,8362,13926
2023-11-01 14:59:05,8,10,8397,13961
2023-11-01 14:59:07,8,10,8542,14106
2023-11-01 14:59:13,8,9,8542,14106
2023-11-01 14:59:17,8,9,8556,14120
2023-11-01 14:59:19,6,9,8556,14120
2023-11-01 14:59:19,6,10,8556,14120
2023-11-01 14:59:19,8,10,8556,14120
2023-11-01 14:59:20,8,10,8567,14131
2023-11-01 14:59:21,8,10,8568,14132
2023-11-01 14:59:27,6,10,8568,14132
2023-11-01 14:59:27,7,10,8568,14132
2023-11-01 14:59:30,9,10,8568,14132
2023-11-01 14:59:30,9,10,8628,14192
2023-11-01 14:59:33,9,11,8628,14192
2023-11-01 14:59:37,9,11,8629,14193
2023-11-01 14:59:45,9,11,8630,14194
2023-11-01 14:59:47,9,10,8630,14194
2023-11-01 14:59:49,7,10,8630,14194
2023-11-01 14:59:49,9,10,8630,14194
2023-11-01 14:59:54,6,10,8630,14194
2023-11-01 14:59:54,7,10,8630,14194
2023-11-01 14:59:57,8,10,8630,14194
2023-11-01 14:59:57,9,10,8630,14194
2023-11-01 15:00:01,6,10,8630,14194
2023-11-01 15:00:01,7,10,8630,14194
2023-11-01 15:00:04,8,10,8630,14194
2023-11-01 15:00:05,8,9,8630,14194
2023-11-01 15:00:05,5,9,8630,14194
2023-11-01 15:00:05,6,9,8630,14194
2023-11-01 15:00:06,6,10,8630,14194
2023-11-01 15:00:06,6,9,8630,14194
2023-11-01 15:00:06,7,9,8630,14194
2023-11-01 15:00:08,8,9,8630,14194
2023-11-01 15:00:09,5,9,8630,14194
2023-11-01 15:00:09,7,9,8630,14194
2023-11-01 15:00:14,7,8,8630,14194
2023-11-01 15:00:30,5,7,8630,14314
2023-11-01 15:00:30,4,7,8630,14314
2023-11-01 15:00:30,5,7,8630,14314
2023-11-01 15:00:34,5,6,8630,14314
2023-11-01 15:00:37,5,6,8630,14434
2023-11-01 15:00:37,3,6,8630,14434
2023-11-01 15:00:38,4,6,8630,14434
2023-11-01 15:00:42,3,6,8630,14434
2023-11-01 15:00:43,4,6,8630,14434
2023-11-01 15:00:44,5,6,8630,14434
2023-11-01 15:00:44,5,6,8630,14534
2023-11-01 15:01:01,3,6,8630,14534
2023-11-01 15:01:01,4,6,8630,14534
2023-11-01 15:01:02,4,5,8630,14534
2023-11-01 15:01:04,4,5,8631,14535
2023-11-01 15:01:05,3,4,8631,14720
2023-11-01 15:01:06,3,4,8653,14742
2023-11-01 15:01:21,3,4,8653,14835
2023-11-01 15:01:27,3,4,8653,15035
2023-11-01 15:01:27,2,4,8653,15035
2023-11-01 15:01:44,2,3,8653,15035
2023-11-01 15:01:50,2,4,8653,15035
2023-11-01 15:01:59,2,4,8653,15135
2023-11-01 15:02:21,2,3,8653,15135
2023-11-01 15:02:39,2,3,8648,15140
2023-11-01 15:03:00,1,2,8644,15144
2023-11-01 15:03:29,1,3,8644,15344
2023-11-01 15:03:34,1,2,8644,15344
2023-11-01 15:04:28,2,3,8644,15359
2023-11-01 15:04:38,1,3,8644,15359
2023-11-01 15:04:44,1,3,8644,15444
2023-11-01 15:05:10,1,3,8644,15445
2023-11-01 15:05:17,1,4,8644,15445
2023-11-01 15:05:17,1,3,8644,15445
2023-11-01 15:05:18,2,3,8644,15445
2023-11-01 15:05:31,1,3,8644,15445
2023-11-01 15:06:46,1,2,8644,15445
2023-11-01 15:08:04,1,3,8644,15445
2023-11-01 15:08:06,1,2,8644,15445
2023-11-01 15:08:08,1,3,8644,15445
2023-11-01 15:08:11,1,2,8644,15445
2023-11-01 15:09:17,1,2,8345,15765
2023-11-01 15:09:18,1,3,8345,15765
2023-11-01 15:09:18,1,2,8345,15765
2023-11-01 15:10:08,0,1,8345,15766
2023-11-01 15:13:01,0,1,8345,16266
2023-11-01 15:15:11,0,2,8350,16671
2023-11-01 15:22:11,0,1,8350,16671
2023-11-01 15:26:05,0,1,8345,16840
2023-11-01 15:26:06,0,2,8345,16840
2023-11-01 15:26:06,0,1,8345,16840
2023-11-01 15:28:37,0,1,8347,16842
2023-11-01 15:32:34,0,1,8372,16867
2023-11-01 15:32:34,0,1,8372,16892
2023-11-01 15:32:35,0,2,8372,16892
2023-11-01 15:34:06,1,2,8372,16892
2023-11-01 15:38:15,0,2,8272,16992
2023-11-01 15:38:32,0,1,8272,16992
2023-11-01 15:40:54,0,2,8272,16992
2023-11-01 15:44:00,0,1,8272,16992
2023-11-01 15:44:02,0,2,8272,16992
2023-11-01 15:45:38,0,1,8272,16992
