datetime,bid,ask,open_interest,volume
2023-04-20 09:30:04,21,30,679,774
2023-04-20 09:30:28,29,30,679,774
2023-04-20 09:30:29,29,30,719,814
2023-04-20 09:30:30,29,30,759,854
2023-04-20 09:30:31,22,29,764,859
2023-04-20 09:30:31,22,30,764,859
2023-04-20 09:30:45,21,30,764,859
2023-04-20 09:30:45,23,30,764,859
2023-04-20 09:31:01,22,30,764,859
2023-04-20 09:31:01,24,30,764,859
2023-04-20 09:31:03,28,30,764,859
2023-04-20 09:31:08,28,31,764,859
2023-04-20 09:31:43,30,31,764,859
2023-04-20 09:32:25,31,34,761,864
2023-04-20 09:32:25,30,34,761,864
2023-04-20 09:32:25,30,33,761,864
2023-04-20 09:32:37,30,34,761,864
2023-04-20 09:32:47,30,35,761,864
2023-04-20 09:32:47,32,35,761,864
2023-04-20 09:32:52,32,36,761,864
2023-04-20 09:32:53,32,35,761,864
2023-04-20 09:33:37,32,35,801,904
2023-04-20 09:34:28,32,34,801,904
2023-04-20 09:35:15,32,35,801,904
2023-04-20 09:35:37,34,35,801,904
2023-04-20 09:36:08,34,38,801,904
2023-04-20 09:36:09,34,37,801,904
2023-04-20 09:36:17,34,36,801,904
2023-04-20 09:37:02,32,36,801,904
2023-04-20 09:37:02,32,35,801,904
2023-04-20 09:38:13,32,34,801,904
2023-04-20 09:38:45,34,35,798,909
2023-04-20 09:38:45,32,35,798,909
2023-04-20 09:38:55,34,35,798,909
2023-04-20 09:39:17,34,37,798,909
2023-04-20 09:40:13,34,36,798,909
2023-04-20 09:41:40,36,37,812,926
2023-04-20 09:41:41,36,37,815,929
2023-04-20 09:43:14,36,39,815,929
2023-04-20 09:43:15,36,40,815,929
2023-04-20 09:43:15,36,39,815,929
2023-04-20 09:43:15,36,38,815,929
2023-04-20 09:43:43,36,38,820,934
2023-04-20 09:43:43,36,38,833,947
2023-04-20 09:44:00,36,39,833,947
2023-04-20 09:44:01,37,39,833,947
2023-04-20 09:44:48,37,38,833,947
2023-04-20 09:44:48,36,38,833,950
2023-04-20 09:44:48,36,38,845,962
2023-04-20 09:44:49,36,38,917,1034
2023-04-20 09:44:49,36,39,917,1034
2023-04-20 09:44:59,36,39,955,1072
2023-04-20 09:44:59,36,38,955,1072
2023-04-20 09:44:59,36,39,955,1072
2023-04-20 09:45:03,36,38,955,1072
2023-04-20 09:45:03,36,39,955,1072
2023-04-20 09:45:32,37,39,955,1072
2023-04-20 09:45:47,37,38,955,1072
2023-04-20 09:46:06,38,39,963,1080
2023-04-20 09:46:06,38,39,966,1083
2023-04-20 09:46:06,38,39,1027,1144
2023-04-20 09:46:07,38,39,1138,1255
2023-04-20 09:46:33,39,41,1138,1261
2023-04-20 09:46:33,38,41,1138,1261
2023-04-20 09:46:41,38,40,1138,1261
2023-04-20 09:46:52,39,40,1138,1261
2023-04-20 09:47:17,38,40,1138,1269
2023-04-20 09:47:32,39,40,1138,1269
2023-04-20 09:47:44,38,40,1138,1277
2023-04-20 09:47:49,39,40,1138,1277
2023-04-20 09:47:54,38,40,1138,1280
2023-04-20 09:47:54,38,40,1141,1283
2023-04-20 09:47:54,38,40,1230,1372
2023-04-20 09:47:54,38,39,1230,1372
2023-04-20 09:47:54,38,40,1230,1372
2023-04-20 09:47:54,38,40,1230,1372
2023-04-20 09:47:55,38,40,1285,1427
2023-04-20 09:47:55,38,40,1300,1442
2023-04-20 09:47:55,38,39,1300,1442
2023-04-20 09:48:03,38,40,1300,1442
2023-04-20 09:48:03,38,42,1300,1442
2023-04-20 09:48:04,39,42,1300,1442
2023-04-20 09:48:04,39,41,1300,1442
2023-04-20 09:48:16,39,40,1300,1442
2023-04-20 09:48:32,39,41,1300,1442
2023-04-20 09:48:32,39,40,1300,1442
2023-04-20 09:48:33,39,40,1305,1447
2023-04-20 09:48:46,39,41,1305,1447
2023-04-20 09:48:49,40,41,1305,1447
2023-04-20 09:48:50,40,41,1308,1450
2023-04-20 09:48:50,39,41,1317,1459
2023-04-20 09:48:50,39,40,1317,1459
2023-04-20 09:48:51,39,40,1405,1547
2023-04-20 09:48:51,39,41,1405,1547
2023-04-20 09:48:55,39,40,1405,1547
2023-04-20 09:49:03,38,39,1429,1571
2023-04-20 09:49:19,38,40,1429,1571
2023-04-20 09:49:39,38,39,1429,1571
2023-04-20 09:49:55,38,40,1429,1571
2023-04-20 09:49:55,38,41,1429,1571
2023-04-20 09:50:06,38,39,1429,1571
2023-04-20 09:50:12,38,39,1451,1593
2023-04-20 09:50:22,38,41,1451,1593
2023-04-20 09:50:22,38,39,1451,1593
2023-04-20 09:50:38,38,40,1451,1593
2023-04-20 09:50:53,38,39,1451,1593
2023-04-20 09:51:23,38,40,1451,1593
2023-04-20 09:51:23,38,40,1464,1606
2023-04-20 09:51:23,38,39,1464,1606
2023-04-20 09:51:39,38,40,1464,1606
2023-04-20 09:51:39,38,39,1464,1606
2023-04-20 09:52:27,38,40,1464,1606
2023-04-20 09:52:27,38,39,1464,1606
2023-04-20 09:52:31,38,39,1473,1615
2023-04-20 09:52:35,38,39,1473,1655
2023-04-20 09:52:36,39,40,1473,1665
2023-04-20 09:52:36,38,40,1473,1665
2023-04-20 09:52:36,38,39,1473,1665
2023-04-20 09:54:16,38,39,1523,1715
2023-04-20 09:54:47,38,39,1573,1765
2023-04-20 09:56:35,38,39,1673,1865
2023-04-20 09:56:51,38,39,1723,1915
2023-04-20 09:58:15,39,40,1703,1941
2023-04-20 09:58:15,38,40,1703,1941
2023-04-20 09:58:27,40,41,1985,2232
2023-04-20 09:58:40,40,41,2085,2332
2023-04-20 09:58:41,40,43,2085,2332
2023-04-20 09:58:41,40,42,2085,2332
2023-04-20 09:58:54,41,42,2085,2332
2023-04-20 09:58:56,40,41,2085,2335
2023-04-20 09:59:11,40,42,2085,2335
2023-04-20 09:59:11,40,41,2085,2335
2023-04-20 09:59:26,40,42,2085,2335
2023-04-20 09:59:31,40,43,2085,2335
2023-04-20 09:59:31,41,43,2085,2335
2023-04-20 09:59:42,40,41,2085,2338
2023-04-20 09:59:57,40,41,2135,2388
2023-04-20 09:59:57,40,41,2160,2413
2023-04-20 09:59:59,41,43,2160,2418
2023-04-20 09:59:59,40,43,2160,2418
2023-04-20 10:00:00,40,43,2132,2458
2023-04-20 10:00:01,40,42,2132,2458
2023-04-20 10:00:01,40,43,2132,2458
2023-04-20 10:00:03,40,43,2142,2468
2023-04-20 10:00:03,40,42,2142,2468
2023-04-20 10:00:03,40,43,2142,2468
2023-04-20 10:00:03,40,42,2142,2468
2023-04-20 10:00:03,40,43,2142,2468
2023-04-20 10:00:05,40,42,2142,2468
2023-04-20 10:00:05,40,43,2142,2468
2023-04-20 10:00:06,40,42,2142,2468
2023-04-20 10:00:06,40,42,2172,2498
2023-04-20 10:00:06,40,43,2172,2498
2023-04-20 10:00:09,40,42,2172,2498
2023-04-20 10:00:13,40,41,2172,2498
2023-04-20 10:00:15,40,41,2200,2538
2023-04-20 10:00:16,40,41,2240,2578
2023-04-20 10:00:17,40,41,2280,2618
2023-04-20 10:00:27,40,41,2320,2658
2023-04-20 10:00:27,40,41,2360,2698
2023-04-20 10:00:29,40,41,2410,2748
2023-04-20 10:00:55,40,41,2425,2763
2023-04-20 10:01:33,40,41,2575,2913
2023-04-20 10:01:48,40,41,2650,2988
2023-04-20 10:03:14,40,41,2662,3000
2023-04-20 10:03:30,40,41,2662,3040
2023-04-20 10:03:37,40,43,2662,3040
2023-04-20 10:03:37,40,41,2662,3040
2023-04-20 10:04:01,42,43,2667,3045
2023-04-20 10:04:01,42,43,2707,3085
2023-04-20 10:04:03,42,43,2747,3125
2023-04-20 10:04:09,42,43,2763,3141
2023-04-20 10:04:25,42,43,2838,3216
2023-04-20 10:05:05,42,43,2840,3218
2023-04-20 10:05:59,40,43,2840,3218
2023-04-20 10:06:00,41,43,2840,3218
2023-04-20 10:07:08,42,43,2840,3218
2023-04-20 10:09:22,42,44,2840,3218
2023-04-20 10:09:23,43,46,2840,3218
2023-04-20 10:09:23,43,45,2840,3218
2023-04-20 10:09:23,43,46,2840,3218
2023-04-20 10:09:23,43,44,2840,3218
2023-04-20 10:09:25,42,43,2840,3221
2023-04-20 10:09:25,42,44,2840,3221
2023-04-20 10:09:39,42,46,2840,3221
2023-04-20 10:09:39,43,46,2840,3221
2023-04-20 10:09:39,43,45,2840,3221
2023-04-20 10:09:39,43,44,2840,3221
2023-04-20 10:10:13,43,46,2840,3221
2023-04-20 10:10:14,43,45,2840,3221
2023-04-20 10:10:14,43,44,2840,3221
2023-04-20 10:10:25,44,45,3070,3451
2023-04-20 10:10:26,44,46,3070,3451
2023-04-20 10:10:26,43,44,3255,3636
2023-04-20 10:10:26,42,43,3255,3639
2023-04-20 10:10:32,41,43,3255,3639
2023-04-20 10:10:33,40,43,3255,3639
2023-04-20 10:11:15,42,43,3255,3639
2023-04-20 10:11:18,42,46,3255,3639
2023-04-20 10:11:18,43,46,3255,3639
2023-04-20 10:11:19,42,43,3255,3644
2023-04-20 10:11:19,42,46,3255,3644
2023-04-20 10:11:34,40,46,3255,3644
2023-04-20 10:11:35,36,46,3255,3644
2023-04-20 10:11:36,37,46,3255,3644
2023-04-20 10:11:45,41,46,3255,3644
2023-04-20 10:11:45,41,45,3255,3644
2023-04-20 10:12:01,37,46,3255,3644
2023-04-20 10:12:01,41,46,3255,3644
2023-04-20 10:12:05,41,45,3255,3644
2023-04-20 10:12:14,42,45,3255,3644
2023-04-20 10:12:47,43,45,3255,3644
2023-04-20 10:13:01,42,45,3255,3644
2023-04-20 10:13:06,42,46,3255,3644
2023-04-20 10:13:07,43,46,3255,3644
2023-04-20 10:13:17,43,44,3255,3644
2023-04-20 10:13:32,43,46,3255,3644
2023-04-20 10:13:32,43,44,3255,3644
2023-04-20 10:13:48,43,46,3255,3644
2023-04-20 10:13:48,43,45,3255,3644
2023-04-20 10:14:04,43,44,3255,3644
2023-04-20 10:14:20,43,45,3255,3644
2023-04-20 10:14:20,43,44,3255,3644
2023-04-20 10:15:33,42,44,3255,3644
2023-04-20 10:15:33,42,43,3255,3644
2023-04-20 10:15:47,42,44,3260,3649
2023-04-20 10:15:49,42,43,3260,3649
2023-04-20 10:15:49,42,44,3260,3649
2023-04-20 10:16:16,42,45,3260,3649
2023-04-20 10:16:16,42,46,3260,3649
2023-04-20 10:16:24,42,44,3260,3649
2023-04-20 10:16:39,42,45,3260,3649
2023-04-20 10:16:39,42,44,3260,3649
2023-04-20 10:16:55,42,46,3260,3649
2023-04-20 10:16:55,42,45,3260,3649
2023-04-20 10:17:04,42,45,3263,3652
2023-04-20 10:17:40,42,44,3263,3652
2023-04-20 10:17:56,42,45,3263,3652
2023-04-20 10:17:56,42,44,3263,3652
2023-04-20 10:18:57,43,44,3263,3652
2023-04-20 10:19:12,43,45,3263,3652
2023-04-20 10:19:13,43,46,3263,3652
2023-04-20 10:19:13,44,46,3263,3652
2023-04-20 10:20:46,44,46,3265,3654
2023-04-20 10:21:12,43,46,3265,3654
2023-04-20 10:21:13,43,47,3265,3654
2023-04-20 10:21:15,43,46,3265,3654
2023-04-20 10:21:18,44,46,3265,3654
2023-04-20 10:21:40,43,46,3265,3654
2023-04-20 10:21:40,43,47,3265,3654
2023-04-20 10:21:51,44,47,3265,3654
2023-04-20 10:21:51,44,46,3265,3654
2023-04-20 10:21:57,45,46,3265,3654
2023-04-20 10:22:52,43,46,3265,3654
2023-04-20 10:22:53,42,46,3265,3654
2023-04-20 10:22:53,43,46,3265,3654
2023-04-20 10:23:08,44,46,3265,3654
2023-04-20 10:23:23,42,46,3265,3654
2023-04-20 10:23:23,44,46,3265,3654
2023-04-20 10:23:39,43,46,3265,3654
2023-04-20 10:23:39,42,46,3265,3654
2023-04-20 10:23:40,44,46,3265,3654
2023-04-20 10:23:45,45,46,3265,3654
2023-04-20 10:24:35,45,47,3265,3654
2023-04-20 10:25:42,45,46,3265,3654
2023-04-20 10:25:59,45,47,3265,3654
2023-04-20 10:25:59,45,46,3265,3654
2023-04-20 10:26:14,45,47,3265,3654
2023-04-20 10:26:14,45,46,3265,3654
2023-04-20 10:28:22,45,46,3265,3714
2023-04-20 10:28:37,45,47,3265,3714
2023-04-20 10:28:55,46,47,3265,3714
2023-04-20 10:29:11,45,47,3265,3714
2023-04-20 10:29:55,37,47,3265,3714
2023-04-20 10:29:55,38,47,3265,3714
2023-04-20 10:29:57,45,47,3265,3714
2023-04-20 10:30:11,38,47,3265,3714
2023-04-20 10:30:11,44,47,3265,3714
2023-04-20 10:30:38,39,47,3265,3714
2023-04-20 10:30:38,39,46,3265,3714
2023-04-20 10:30:41,44,46,3265,3714
2023-04-20 10:30:52,44,47,3265,3714
2023-04-20 10:30:53,45,47,3265,3714
2023-04-20 10:31:29,45,46,3265,3714
2023-04-20 10:32:44,45,48,3298,3747
2023-04-20 10:32:47,45,46,3298,3747
2023-04-20 10:32:47,44,46,3298,3747
2023-04-20 10:33:01,38,46,3298,3747
2023-04-20 10:33:17,42,48,3298,3747
2023-04-20 10:33:17,44,48,3298,3747
2023-04-20 10:33:17,44,47,3298,3747
2023-04-20 10:33:31,42,47,3298,3747
2023-04-20 10:33:31,42,48,3298,3747
2023-04-20 10:33:31,44,48,3298,3747
2023-04-20 10:33:31,44,46,3298,3747
2023-04-20 10:33:31,45,46,3298,3747
2023-04-20 10:33:48,45,47,3298,3747
2023-04-20 10:33:48,45,46,3298,3747
2023-04-20 10:34:06,45,47,3298,3747
2023-04-20 10:34:06,43,45,3298,3767
2023-04-20 10:34:19,41,45,3298,3767
2023-04-20 10:34:19,41,47,3298,3767
2023-04-20 10:34:20,43,47,3298,3767
2023-04-20 10:34:20,43,45,3298,3767
2023-04-20 10:34:32,44,45,3298,3767
2023-04-20 10:34:45,44,45,3298,3770
2023-04-20 10:34:54,43,45,3298,3770
2023-04-20 10:34:54,43,46,3298,3770
2023-04-20 10:35:06,40,46,3298,3770
2023-04-20 10:35:06,40,47,3298,3770
2023-04-20 10:35:07,42,47,3298,3770
2023-04-20 10:35:07,44,47,3298,3770
2023-04-20 10:35:08,44,46,3298,3770
2023-04-20 10:35:14,46,47,3448,3920
2023-04-20 10:35:14,46,47,3460,3932
2023-04-20 10:36:50,47,48,3465,3937
2023-04-20 10:38:02,48,50,3732,4204
2023-04-20 10:38:15,48,49,3732,4204
2023-04-20 10:38:23,48,49,3733,4205
2023-04-20 10:38:34,47,49,3733,4205
2023-04-20 10:38:34,47,50,3733,4205
2023-04-20 10:39:14,48,50,3733,4205
2023-04-20 10:39:19,49,50,3733,4205
2023-04-20 10:39:43,48,49,3733,4208
2023-04-20 10:39:44,48,50,3733,4208
2023-04-20 10:40:12,49,50,3733,4208
2023-04-20 10:42:37,47,49,3730,4211
2023-04-20 10:42:37,47,49,3430,4511
2023-04-20 10:42:47,48,49,3430,4511
2023-04-20 10:46:01,48,49,3355,4586
2023-04-20 10:48:07,49,50,3298,4648
2023-04-20 10:48:23,48,50,3298,4648
2023-04-20 10:48:37,49,50,3298,4648
2023-04-20 10:49:01,48,50,3298,4648
2023-04-20 10:49:01,47,50,3298,4648
2023-04-20 10:49:03,46,50,3298,4648
2023-04-20 10:49:03,40,50,3298,4648
2023-04-20 10:49:03,41,50,3298,4648
2023-04-20 10:49:08,48,50,3298,4648
2023-04-20 10:49:24,44,50,3298,4648
2023-04-20 10:49:24,46,50,3298,4648
2023-04-20 10:49:24,48,50,3298,4648
2023-04-20 10:49:40,41,52,3298,4648
2023-04-20 10:49:41,41,51,3298,4648
2023-04-20 10:49:52,48,51,3298,4648
2023-04-20 10:49:52,48,50,3298,4648
2023-04-20 10:50:07,41,51,3298,4648
2023-04-20 10:50:09,44,51,3298,4648
2023-04-20 10:50:09,48,51,3298,4648
2023-04-20 10:50:09,48,49,3298,4648
2023-04-20 10:50:23,46,49,3298,4648
2023-04-20 10:50:23,46,51,3298,4648
2023-04-20 10:50:23,46,50,3298,4648
2023-04-20 10:50:23,48,50,3298,4648
2023-04-20 10:50:23,48,49,3298,4648
2023-04-20 10:50:38,41,51,3298,4648
2023-04-20 10:50:38,46,51,3298,4648
2023-04-20 10:50:38,48,51,3298,4648
2023-04-20 10:50:39,48,50,3298,4648
2023-04-20 10:50:46,49,50,3298,4648
2023-04-20 10:50:46,48,50,3298,4656
2023-04-20 10:50:55,46,50,3298,4656
2023-04-20 10:50:55,48,50,3298,4656
2023-04-20 10:50:55,48,49,3298,4656
2023-04-20 10:51:56,49,50,3298,4661
2023-04-20 10:51:57,49,50,3298,4666
2023-04-20 10:51:57,49,50,3298,4671
2023-04-20 10:51:58,49,50,3298,4736
2023-04-20 10:52:13,48,50,3298,4736
2023-04-20 10:52:13,48,49,3298,4736
2023-04-20 10:52:27,48,50,3298,4736
2023-04-20 10:52:27,48,49,3298,4736
2023-04-20 10:52:42,40,49,3298,4736
2023-04-20 10:52:42,40,50,3298,4736
2023-04-20 10:52:43,40,52,3298,4736
2023-04-20 10:52:43,45,52,3298,4736
2023-04-20 10:52:43,49,52,3298,4736
2023-04-20 10:52:43,49,50,3298,4736
2023-04-20 10:52:43,47,50,3298,4811
2023-04-20 10:52:58,42,51,3298,4811
2023-04-20 10:52:58,42,52,3298,4811
2023-04-20 10:52:58,49,52,3298,4811
2023-04-20 10:53:13,42,51,3298,4811
2023-04-20 10:53:13,42,52,3298,4811
2023-04-20 10:53:14,42,51,3298,4811
2023-04-20 10:53:14,45,51,3298,4811
2023-04-20 10:53:14,47,51,3298,4811
2023-04-20 10:53:14,49,51,3298,4811
2023-04-20 10:53:14,49,50,3298,4811
2023-04-20 10:53:14,49,50,3298,4886
2023-04-20 10:53:15,47,50,3298,4961
2023-04-20 10:53:31,50,52,3298,4961
2023-04-20 10:53:31,50,51,3298,4961
2023-04-20 10:53:46,50,53,3298,4961
2023-04-20 10:53:46,43,51,3298,4961
2023-04-20 10:54:01,43,53,3298,4961
2023-04-20 10:54:01,46,53,3298,4961
2023-04-20 10:54:01,48,53,3298,4961
2023-04-20 10:54:01,48,52,3298,4961
2023-04-20 10:54:01,48,50,3298,4961
2023-04-20 10:54:17,45,53,3298,4961
2023-04-20 10:54:17,47,53,3298,4961
2023-04-20 10:54:17,49,53,3298,4961
2023-04-20 10:54:17,49,51,3298,4961
2023-04-20 10:54:32,47,53,3298,4961
2023-04-20 10:54:32,49,53,3298,4961
2023-04-20 10:54:33,49,52,3298,4961
2023-04-20 10:54:33,49,50,3298,4961
2023-04-20 10:54:47,43,52,3298,4961
2023-04-20 10:54:47,43,53,3298,4961
2023-04-20 10:54:47,43,52,3298,4961
2023-04-20 10:55:00,43,53,3298,4961
2023-04-20 10:55:04,49,53,3298,4961
2023-04-20 10:55:04,49,51,3298,4961
2023-04-20 10:55:18,49,53,3298,4961
2023-04-20 10:55:19,49,51,3298,4961
2023-04-20 10:55:30,50,51,3298,4961
2023-04-20 10:56:04,50,51,3298,5021
2023-04-20 10:56:05,50,51,3319,5081
2023-04-20 10:56:06,50,53,3319,5081
2023-04-20 10:56:06,50,51,3319,5081
2023-04-20 10:56:22,50,53,3319,5081
2023-04-20 10:56:22,50,51,3319,5081
2023-04-20 10:56:37,42,52,3319,5081
2023-04-20 10:56:38,50,52,3319,5081
2023-04-20 10:56:38,50,51,3319,5081
2023-04-20 10:56:54,49,50,3319,5089
2023-04-20 10:56:57,49,50,3379,5149
2023-04-20 10:56:59,49,50,3439,5209
2023-04-20 10:57:08,46,51,3439,5209
2023-04-20 10:57:08,48,51,3439,5209
2023-04-20 10:57:08,50,51,3439,5209
2023-04-20 10:57:23,46,51,3439,5209
2023-04-20 10:57:24,50,51,3439,5209
2023-04-20 10:57:27,50,52,3439,5209
2023-04-20 10:57:27,51,52,3439,5209
2023-04-20 10:57:27,50,52,3439,5217
2023-04-20 10:57:44,51,52,3439,5217
2023-04-20 10:59:16,49,52,3439,5217
2023-04-20 10:59:16,49,53,3439,5217
2023-04-20 10:59:16,50,53,3439,5217
2023-04-20 10:59:24,50,52,3439,5217
2023-04-20 10:59:41,50,53,3439,5217
2023-04-20 11:00:07,50,51,3439,5217
2023-04-20 11:00:43,50,51,3364,5292
2023-04-20 11:01:15,50,51,3364,5385
2023-04-20 11:01:53,42,51,3364,5385
2023-04-20 11:02:04,46,51,3364,5385
2023-04-20 11:02:04,50,51,3364,5385
2023-04-20 11:02:34,51,53,3189,5565
2023-04-20 11:02:34,51,52,3189,5565
2023-04-20 11:02:50,50,51,3189,5568
2023-04-20 11:03:37,49,50,3189,5573
2023-04-20 11:03:52,46,51,3189,5573
2023-04-20 11:03:52,48,51,3189,5573
2023-04-20 11:03:52,48,50,3189,5573
2023-04-20 11:03:54,49,50,3189,5573
2023-04-20 11:04:39,48,49,3189,5578
2023-04-20 11:04:40,48,49,3249,5638
2023-04-20 11:04:41,48,49,3309,5698
2023-04-20 11:04:42,49,50,3334,5723
2023-04-20 11:04:42,48,50,3334,5723
2023-04-20 11:04:53,46,50,3334,5723
2023-04-20 11:04:53,48,50,3334,5723
2023-04-20 11:04:53,48,49,3334,5723
2023-04-20 11:05:09,49,50,3334,5728
2023-04-20 11:05:18,49,51,3334,5728
2023-04-20 11:05:19,50,51,3334,5728
2023-04-20 11:05:26,51,52,3334,5733
2023-04-20 11:05:41,50,52,3334,5733
2023-04-20 11:05:41,50,51,3334,5733
2023-04-20 11:05:56,49,50,3334,5736
2023-04-20 11:06:04,49,50,3394,5796
2023-04-20 11:06:47,49,50,3399,5856
2023-04-20 11:07:09,48,49,3384,5872
2023-04-20 11:07:27,48,49,3384,5932
2023-04-20 11:07:29,48,49,3384,5992
2023-04-20 11:07:31,46,48,3081,6295
2023-04-20 11:07:32,46,48,3081,6355
2023-04-20 11:07:36,46,47,3081,6355
2023-04-20 11:07:39,44,47,3081,6355
2023-04-20 11:07:48,44,46,3081,6355
2023-04-20 11:07:49,44,47,3081,6355
2023-04-20 11:07:55,43,47,3081,6355
2023-04-20 11:07:57,44,47,3081,6355
2023-04-20 11:08:02,44,46,3081,6355
2023-04-20 11:08:04,44,45,3081,6355
2023-04-20 11:08:06,44,46,3081,6355
2023-04-20 11:08:41,45,46,3081,6355
2023-04-20 11:08:57,44,46,3081,6355
2023-04-20 11:08:57,46,47,3081,6360
2023-04-20 11:09:11,44,47,3081,6360
2023-04-20 11:09:12,46,47,3081,6360
2023-04-20 11:09:14,46,48,3081,6360
2023-04-20 11:09:15,47,48,3081,6360
2023-04-20 11:09:34,44,48,3081,6360
2023-04-20 11:09:34,45,48,3081,6360
2023-04-20 11:09:44,46,48,3081,6360
2023-04-20 11:09:52,46,47,3081,6360
2023-04-20 11:09:59,45,47,3081,6360
2023-04-20 11:09:59,45,48,3081,6360
2023-04-20 11:09:59,46,48,3081,6360
2023-04-20 11:10:00,46,47,3081,6360
2023-04-20 11:10:16,47,48,3081,6365
2023-04-20 11:11:02,46,47,3081,6373
2023-04-20 11:11:53,47,48,3081,6378
2023-04-20 11:12:10,46,48,3081,6378
2023-04-20 11:12:23,47,48,3081,6378
2023-04-20 11:12:37,46,48,3081,6378
2023-04-20 11:12:48,47,48,3081,6378
2023-04-20 11:14:30,47,49,3081,6378
2023-04-20 11:14:31,47,50,3081,6378
2023-04-20 11:14:31,48,50,3081,6378
2023-04-20 11:14:43,48,49,3081,6378
2023-04-20 11:15:00,48,50,3081,6378
2023-04-20 11:15:01,48,49,3081,6378
2023-04-20 11:15:31,47,49,3081,6378
2023-04-20 11:15:31,47,50,3081,6378
2023-04-20 11:15:31,47,49,3081,6378
2023-04-20 11:15:42,48,49,3081,6378
2023-04-20 11:15:56,47,49,3090,6387
2023-04-20 11:16:16,47,48,3090,6387
2023-04-20 11:16:31,47,49,3090,6387
2023-04-20 11:16:31,48,49,3090,6387
2023-04-20 11:17:25,48,50,3090,6387
2023-04-20 11:17:25,49,50,3090,6387
2023-04-20 11:18:04,48,49,3090,6390
2023-04-20 11:19:01,48,50,3090,6390
2023-04-20 11:19:01,49,50,3090,6390
2023-04-20 11:19:38,48,49,3090,6393
2023-04-20 11:19:55,49,50,3090,6398
2023-04-20 11:20:40,49,51,3090,6398
2023-04-20 11:20:41,50,51,3090,6398
2023-04-20 11:20:42,49,50,3090,6401
2023-04-20 11:21:12,48,50,3090,6409
2023-04-20 11:21:31,49,50,3090,6409
2023-04-20 11:21:59,49,52,3090,6409
2023-04-20 11:21:59,49,50,3090,6409
2023-04-20 11:22:14,50,52,3090,6409
2023-04-20 11:22:14,50,51,3090,6409
2023-04-20 11:22:14,50,51,3090,6421
2023-04-20 11:22:48,51,52,3320,6651
2023-04-20 11:23:03,51,52,3545,6876
2023-04-20 11:24:07,51,54,3545,6876
2023-04-20 11:24:07,52,54,3545,6876
2023-04-20 11:24:07,52,53,3545,6876
2023-04-20 11:24:07,51,53,3617,6951
2023-04-20 11:24:08,51,52,3617,6951
2023-04-20 11:24:19,51,52,3917,7251
2023-04-20 11:25:20,51,52,3917,7897
2023-04-20 11:25:39,50,51,3921,7905
2023-04-20 11:25:55,50,52,3921,7905
2023-04-20 11:25:55,51,52,3921,7905
2023-04-20 11:26:15,50,52,3921,7905
2023-04-20 11:26:16,50,51,3921,7905
2023-04-20 11:26:49,51,52,3933,7921
2023-04-20 11:26:50,51,52,4233,8221
2023-04-20 11:26:52,50,51,4444,8432
2023-04-20 11:28:15,51,52,4444,8448
2023-04-20 11:28:31,50,52,4444,8448
2023-04-20 11:28:31,52,54,4444,8453
2023-04-20 11:28:31,52,53,4444,8453
2023-04-20 11:30:20,52,54,4444,8453
2023-04-20 11:30:20,52,53,4444,8453
2023-04-20 11:30:35,52,55,4444,8453
2023-04-20 11:30:35,52,56,4444,8453
2023-04-20 11:30:36,52,55,4444,8453
2023-04-20 11:30:36,52,53,4444,8453
2023-04-20 11:30:43,53,55,4669,8678
2023-04-20 11:30:52,53,56,4669,8678
2023-04-20 11:30:52,53,56,5044,9053
2023-04-20 11:30:52,53,55,5044,9053
2023-04-20 11:31:06,53,56,5044,9053
2023-04-20 11:31:08,53,55,5044,9053
2023-04-20 11:31:09,54,55,5044,9053
2023-04-20 11:31:11,53,54,5041,9056
2023-04-20 11:31:22,52,54,5041,9056
2023-04-20 11:31:22,53,54,5041,9056
2023-04-20 11:32:01,52,53,4738,9359
2023-04-20 11:32:57,50,52,4580,9517
2023-04-20 11:33:04,51,52,4580,9517
2023-04-20 11:33:43,50,51,4591,9547
2023-04-20 11:33:56,49,51,4591,9547
2023-04-20 11:33:56,49,52,4591,9547
2023-04-20 11:33:57,51,52,4591,9547
2023-04-20 11:34:47,50,52,4591,9547
2023-04-20 11:34:48,50,51,4591,9547
2023-04-20 11:35:47,49,50,4591,9552
2023-04-20 11:35:48,47,50,4591,9552
2023-04-20 11:35:48,48,50,4591,9552
2023-04-20 11:35:48,50,51,4460,9683
2023-04-20 11:36:19,51,52,4444,9711
2023-04-20 11:36:34,50,52,4444,9711
2023-04-20 11:36:35,51,52,4444,9711
2023-04-20 11:36:50,49,52,4444,9711
2023-04-20 11:36:50,50,52,4444,9711
2023-04-20 11:36:50,52,53,4444,9739
2023-04-20 11:37:22,51,52,4444,9770
2023-04-20 11:37:38,50,53,4444,9770
2023-04-20 11:37:38,51,53,4444,9770
2023-04-20 11:37:38,51,52,4444,9770
2023-04-20 11:38:28,51,53,4444,9770
2023-04-20 11:38:28,52,53,4444,9770
2023-04-20 11:40:27,53,54,4674,10000
2023-04-20 11:40:31,53,54,4824,10150
2023-04-20 11:41:03,53,54,4974,10300
2023-04-20 11:41:10,53,55,4974,10300
2023-04-20 11:41:11,54,55,4974,10300
2023-04-20 11:41:19,53,54,4974,10303
2023-04-20 11:41:35,53,55,4974,10303
2023-04-20 11:41:35,53,54,4974,10303
2023-04-20 11:41:38,53,55,4974,10303
2023-04-20 11:41:38,53,54,4974,10303
2023-04-20 11:41:38,54,55,4974,10306
2023-04-20 11:41:54,53,55,4974,10306
2023-04-20 11:41:54,54,55,4974,10306
2023-04-20 11:41:59,54,57,4974,10306
2023-04-20 11:41:59,55,57,4974,10306
2023-04-20 11:42:11,55,58,4974,10306
2023-04-20 11:42:11,56,58,4974,10306
2023-04-20 11:42:38,56,57,4974,10306
2023-04-20 11:43:56,55,56,4974,10309
2023-04-20 11:45:20,55,57,4974,10309
2023-04-20 11:45:21,56,57,4974,10309
2023-04-20 11:45:32,55,56,4971,10312
2023-04-20 11:45:32,55,57,4971,10312
2023-04-20 11:45:38,56,57,4971,10312
2023-04-20 11:46:02,55,56,4968,10315
2023-04-20 11:46:02,55,57,4968,10315
2023-04-20 11:46:18,56,57,4968,10315
2023-04-20 11:46:38,56,57,4909,10375
2023-04-20 11:46:44,56,57,4849,10435
2023-04-20 11:46:45,55,56,4816,10468
2023-04-20 11:46:45,55,57,4816,10468
2023-04-20 11:46:50,55,56,4816,10468
2023-04-20 11:47:07,55,57,4816,10468
2023-04-20 11:47:07,55,56,4816,10468
2023-04-20 11:47:07,55,56,4819,10471
2023-04-20 11:47:38,56,57,4815,10487
2023-04-20 11:48:02,56,57,4755,10547
2023-04-20 11:48:24,55,56,4758,10562
2023-04-20 11:48:40,55,57,4758,10562
2023-04-20 11:48:40,56,57,4758,10562
2023-04-20 11:48:55,55,57,4758,10562
2023-04-20 11:48:56,55,58,4758,10562
2023-04-20 11:48:56,56,58,4758,10562
2023-04-20 11:48:56,56,57,4758,10562
2023-04-20 11:49:13,55,57,4758,10562
2023-04-20 11:49:13,55,56,4758,10562
2023-04-20 11:49:28,55,57,4758,10562
2023-04-20 11:49:28,55,56,4758,10562
2023-04-20 11:49:43,56,57,4758,10564
2023-04-20 11:49:57,56,57,4838,10644
2023-04-20 11:50:15,55,56,4843,10649
2023-04-20 11:50:30,55,57,4843,10649
2023-04-20 11:50:31,55,56,4843,10649
2023-04-20 11:50:45,55,57,4843,10649
2023-04-20 11:50:45,55,56,4843,10649
2023-04-20 11:51:05,55,57,4843,10649
2023-04-20 11:51:05,55,58,4843,10649
2023-04-20 11:51:10,55,58,4848,10654
2023-04-20 11:51:17,55,56,4848,10654
2023-04-20 11:51:32,55,57,4848,10654
2023-04-20 11:51:32,55,58,4848,10654
2023-04-20 11:51:33,56,58,4848,10654
2023-04-20 11:51:33,56,57,4848,10654
2023-04-20 11:52:33,55,57,4848,10654
2023-04-20 11:52:34,55,56,4848,10654
2023-04-20 11:52:35,56,57,4837,10677
2023-04-20 11:53:22,55,56,4840,10692
2023-04-20 11:55:29,55,56,4845,10700
2023-04-20 11:55:49,55,57,4845,10700
2023-04-20 11:55:58,55,56,4845,10700
2023-04-20 11:56:14,55,56,4920,10775
2023-04-20 11:57:33,55,56,4995,10850
2023-04-20 11:57:48,55,56,5370,11225
2023-04-20 11:58:20,56,57,5370,11230
2023-04-20 12:00:15,56,58,5370,11230
2023-04-20 12:00:15,57,58,5370,11230
2023-04-20 12:00:26,55,56,5376,11246
2023-04-20 12:01:17,55,57,5376,11246
2023-04-20 12:01:45,55,56,5376,11246
2023-04-20 12:02:00,55,57,5376,11246
2023-04-20 12:02:11,55,56,5376,11246
2023-04-20 12:02:16,56,57,5388,11264
2023-04-20 12:02:16,55,57,5388,11264
2023-04-20 12:02:21,56,57,5388,11264
2023-04-20 12:03:02,55,56,5391,11279
2023-04-20 12:03:32,56,57,5388,11295
2023-04-20 12:03:59,56,58,5388,11295
2023-04-20 12:03:59,57,58,5388,11295
2023-04-20 12:04:36,55,56,5388,11303
2023-04-20 12:04:50,56,59,5388,11308
2023-04-20 12:04:50,56,58,5388,11308
2023-04-20 12:05:07,55,58,5388,11308
2023-04-20 12:05:07,55,57,5388,11308
2023-04-20 12:05:11,55,56,5388,11308
2023-04-20 12:05:15,53,55,5004,11698
2023-04-20 12:05:23,52,55,5004,11698
2023-04-20 12:05:23,54,55,5004,11698
2023-04-20 12:05:51,53,55,5004,11698
2023-04-20 12:05:52,53,54,5004,11698
2023-04-20 12:05:54,54,55,5001,11701
2023-04-20 12:06:25,53,55,5001,11701
2023-04-20 12:06:25,54,55,5001,11701
2023-04-20 12:07:28,54,55,4776,11926
2023-04-20 12:07:39,55,56,4791,11944
2023-04-20 12:07:39,54,56,4791,11944
2023-04-20 12:07:43,54,57,4791,11944
2023-04-20 12:07:43,54,55,4791,11944
2023-04-20 12:07:58,54,57,4791,11944
2023-04-20 12:07:58,56,57,4791,11944
2023-04-20 12:08:15,54,57,4791,11944
2023-04-20 12:08:15,55,57,4791,11944
2023-04-20 12:08:15,55,56,4791,11944
2023-04-20 12:08:31,55,57,4791,11944
2023-04-20 12:08:32,56,57,4791,11944
2023-04-20 12:08:46,55,56,4791,11947
2023-04-20 12:09:02,55,57,4791,11947
2023-04-20 12:09:02,55,57,4936,12097
2023-04-20 12:09:12,56,57,4936,12097
2023-04-20 12:09:49,55,56,4936,12100
2023-04-20 12:10:04,55,58,4936,12100
2023-04-20 12:10:05,56,58,4936,12100
2023-04-20 12:10:05,55,56,4936,12103
2023-04-20 12:10:12,55,56,4996,12163
2023-04-20 12:10:53,56,58,4996,12168
2023-04-20 12:11:00,57,58,4996,12168
2023-04-20 12:11:14,57,59,5226,12398
2023-04-20 12:11:24,57,58,5226,12398
2023-04-20 12:11:52,57,58,5218,12628
2023-04-20 12:12:47,57,58,5268,12678
2023-04-20 12:13:15,57,58,5268,12728
2023-04-20 12:13:28,57,59,5268,12728
2023-04-20 12:13:43,57,58,5268,12728
2023-04-20 12:14:04,57,59,5268,12728
2023-04-20 12:14:04,58,59,5268,12728
2023-04-20 12:14:19,58,59,5318,12778
2023-04-20 12:14:29,58,60,5318,12778
2023-04-20 12:14:29,58,59,5318,12778
2023-04-20 12:14:45,58,60,5318,12778
2023-04-20 12:15:01,58,59,5318,12778
2023-04-20 12:15:31,58,60,5318,12778
2023-04-20 12:15:31,58,59,5318,12778
2023-04-20 12:16:51,58,59,5318,12783
2023-04-20 12:17:38,58,59,5318,12791
2023-04-20 12:17:38,57,58,5323,12796
2023-04-20 12:18:11,57,59,5327,12805
2023-04-20 12:18:15,57,60,5333,12811
2023-04-20 12:18:15,57,59,5333,12811
2023-04-20 12:18:19,57,59,5343,12821
2023-04-20 12:18:23,57,60,5343,12821
2023-04-20 12:18:23,57,59,5343,12821
2023-04-20 12:18:23,57,60,5343,12821
2023-04-20 12:18:23,58,60,5343,12821
2023-04-20 12:18:24,58,59,5343,12821
2023-04-20 12:18:26,58,59,5368,12846
2023-04-20 12:18:38,58,60,5368,12846
2023-04-20 12:18:40,58,59,5368,12846
2023-04-20 12:18:54,58,60,5368,12846
2023-04-20 12:18:56,58,59,5368,12846
2023-04-20 12:19:43,58,60,5368,12846
2023-04-20 12:19:48,58,60,5368,13046
2023-04-20 12:19:51,59,60,5368,13046
2023-04-20 12:19:56,58,59,5418,13096
2023-04-20 12:20:09,58,59,5478,13156
2023-04-20 12:20:11,58,60,5478,13156
2023-04-20 12:20:11,58,60,5478,13156
2023-04-20 12:20:13,58,59,5478,13156
2023-04-20 12:20:15,58,59,5538,13216
2023-04-20 12:20:37,59,60,5543,13221
2023-04-20 12:20:44,58,59,5588,13266
2023-04-20 12:21:16,59,60,5588,13271
2023-04-20 12:21:16,59,60,5588,13287
2023-04-20 12:21:16,59,60,5588,13297
2023-04-20 12:21:18,58,59,5588,13491
2023-04-20 12:21:47,59,60,5588,13496
2023-04-20 12:22:02,58,60,5588,13496
2023-04-20 12:22:38,58,61,5588,13496
2023-04-20 12:23:05,58,60,5588,13496
2023-04-20 12:23:22,58,59,5588,13496
2023-04-20 12:23:37,58,60,5588,13496
2023-04-20 12:23:53,59,60,5588,13496
2023-04-20 12:24:10,58,59,5591,13519
2023-04-20 12:24:20,57,59,5591,13519
2023-04-20 12:24:20,57,58,5591,13519
2023-04-20 12:25:13,60,61,5588,13527
2023-04-20 12:25:13,60,61,5588,13542
2023-04-20 12:25:13,60,61,5588,13552
2023-04-20 12:25:14,57,60,5588,13594
2023-04-20 12:25:17,57,60,5588,13654
2023-04-20 12:25:28,57,61,5588,13654
2023-04-20 12:25:28,59,61,5588,13654
2023-04-20 12:25:40,59,61,5528,13714
2023-04-20 12:25:44,57,61,5528,13714
2023-04-20 12:25:44,57,59,5528,13714
2023-04-20 12:25:46,57,58,5528,13714
2023-04-20 12:26:00,57,61,5528,13714
2023-04-20 12:26:00,57,60,5528,13714
2023-04-20 12:26:01,58,60,5528,13714
2023-04-20 12:26:14,58,61,5528,13714
2023-04-20 12:26:14,58,59,5528,13714
2023-04-20 12:26:30,58,61,5528,13714
2023-04-20 12:26:30,58,59,5528,13714
2023-04-20 12:27:33,57,58,5531,13722
2023-04-20 12:28:10,59,60,5623,13817
2023-04-20 12:28:11,59,60,5781,13975
2023-04-20 12:28:19,59,61,5791,13985
2023-04-20 12:28:19,59,61,5941,14135
2023-04-20 12:28:20,59,60,5941,14135
2023-04-20 12:28:37,59,61,5941,14135
2023-04-20 12:28:37,59,61,6016,14210
2023-04-20 12:28:40,59,60,6016,14210
2023-04-20 12:29:29,57,59,6011,14258
2023-04-20 12:29:31,58,59,6011,14258
2023-04-20 12:29:41,58,60,6011,14258
2023-04-20 12:29:54,58,59,6011,14258
2023-04-20 12:30:42,59,60,6009,14265
2023-04-20 12:30:57,58,60,6009,14265
2023-04-20 12:31:05,58,61,6009,14265
2023-04-20 12:31:06,58,62,6009,14265
2023-04-20 12:31:06,58,61,6009,14265
2023-04-20 12:31:12,58,62,6009,14265
2023-04-20 12:31:13,59,62,6009,14265
2023-04-20 12:31:13,59,60,6009,14265
2023-04-20 12:31:59,58,59,6009,14273
2023-04-20 12:32:16,59,60,6009,14278
2023-04-20 12:32:24,59,60,6082,14351
2023-04-20 12:32:31,58,61,6082,14351
2023-04-20 12:32:31,59,61,6082,14351
2023-04-20 12:32:31,59,62,6082,14351
2023-04-20 12:32:31,59,61,6082,14351
2023-04-20 12:32:46,60,61,6082,14351
2023-04-20 12:32:46,60,62,6082,14351
2023-04-20 12:32:46,60,61,6082,14351
2023-04-20 12:33:01,58,59,6082,14359
2023-04-20 12:33:17,58,61,6082,14359
2023-04-20 12:33:17,58,60,6082,14359
2023-04-20 12:33:17,57,58,6091,14379
2023-04-20 12:33:27,57,59,6091,14379
2023-04-20 12:33:27,57,58,6091,14379
2023-04-20 12:33:38,54,58,6091,14379
2023-04-20 12:33:39,55,58,6091,14379
2023-04-20 12:33:55,52,58,6091,14379
2023-04-20 12:33:56,55,58,6091,14379
2023-04-20 12:34:11,52,58,6091,14379
2023-04-20 12:34:11,55,58,6091,14379
2023-04-20 12:34:27,52,58,6091,14379
2023-04-20 12:34:27,55,58,6091,14379
2023-04-20 12:34:27,55,57,6091,14379
2023-04-20 12:34:40,55,56,6091,14379
2023-04-20 12:34:48,55,56,6148,14439
2023-04-20 12:34:51,55,56,6208,14499
2023-04-20 12:34:59,56,58,6205,14502
2023-04-20 12:34:59,56,57,6205,14502
2023-04-20 12:35:13,55,58,6205,14502
2023-04-20 12:35:13,56,58,6205,14502
2023-04-20 12:35:29,55,58,6205,14502
2023-04-20 12:35:29,56,58,6205,14502
2023-04-20 12:35:31,56,57,6205,14502
2023-04-20 12:35:45,55,57,6205,14502
2023-04-20 12:35:45,51,57,6205,14502
2023-04-20 12:35:45,51,58,6205,14502
2023-04-20 12:35:46,56,58,6205,14502
2023-04-20 12:35:46,56,57,6205,14502
2023-04-20 12:36:01,54,57,6205,14502
2023-04-20 12:36:01,54,59,6205,14502
2023-04-20 12:36:01,56,60,6205,14502
2023-04-20 12:36:01,56,57,6205,14502
2023-04-20 12:36:16,51,59,6205,14502
2023-04-20 12:36:18,55,59,6205,14502
2023-04-20 12:36:18,55,57,6205,14502
2023-04-20 12:36:29,55,56,6205,14502
2023-04-20 12:36:48,50,55,6210,14507
2023-04-20 12:36:57,50,54,6210,14507
2023-04-20 12:37:18,51,54,6210,14507
2023-04-20 12:37:51,53,54,6210,14507
2023-04-20 12:38:04,53,54,6210,14607
2023-04-20 12:38:08,51,54,6210,14607
2023-04-20 12:38:08,52,54,6210,14607
2023-04-20 12:38:08,54,56,6207,14610
2023-04-20 12:38:08,54,55,6207,14610
2023-04-20 12:38:22,53,56,6207,14610
2023-04-20 12:38:22,55,56,6207,14610
2023-04-20 12:38:39,56,61,6202,14618
2023-04-20 12:38:39,56,57,6202,14618
2023-04-20 12:39:27,56,58,6202,14618
2023-04-20 12:39:27,57,58,6202,14618
2023-04-20 12:40:21,57,60,6202,14618
2023-04-20 12:40:21,58,60,6202,14618
2023-04-20 12:40:28,59,60,6202,14618
2023-04-20 12:41:14,58,60,6202,14618
2023-04-20 12:41:14,59,60,6202,14618
2023-04-20 12:41:29,57,60,6202,14618
2023-04-20 12:41:29,56,60,6202,14618
2023-04-20 12:41:30,55,60,6202,14618
2023-04-20 12:41:30,52,60,6202,14618
2023-04-20 12:41:31,59,60,6202,14618
2023-04-20 12:41:47,56,60,6202,14618
2023-04-20 12:41:47,59,60,6202,14618
2023-04-20 12:42:16,53,60,6202,14618
2023-04-20 12:42:16,56,60,6202,14618
2023-04-20 12:42:16,59,60,6202,14618
2023-04-20 12:43:05,59,60,6132,14693
2023-04-20 12:43:09,57,60,6132,14693
2023-04-20 12:43:09,58,60,6132,14693
2023-04-20 12:43:19,59,60,6132,14693
2023-04-20 12:44:09,59,60,6147,14708
2023-04-20 12:45:10,58,59,6147,14721
2023-04-20 12:45:23,58,60,6147,14721
2023-04-20 12:45:23,56,58,6150,14724
2023-04-20 12:45:37,52,59,6150,14724
2023-04-20 12:45:37,52,60,6150,14724
2023-04-20 12:45:38,53,60,6150,14724
2023-04-20 12:45:38,56,60,6150,14724
2023-04-20 12:45:39,56,59,6150,14724
2023-04-20 12:45:45,57,59,6150,14724
2023-04-20 12:45:54,57,58,6150,14724
2023-04-20 12:45:56,56,58,6150,14724
2023-04-20 12:45:56,56,57,6150,14724
2023-04-20 12:46:26,57,59,6147,14727
2023-04-20 12:46:40,57,58,6147,14727
2023-04-20 12:46:52,56,58,6147,14727
2023-04-20 12:47:42,56,57,6147,14727
2023-04-20 12:47:58,56,58,6147,14727
2023-04-20 12:47:58,56,57,6147,14727
2023-04-20 12:48:16,56,58,6147,14727
2023-04-20 12:48:16,56,57,6147,14727
2023-04-20 12:48:21,55,57,6147,14727
2023-04-20 12:48:31,55,56,6147,14727
2023-04-20 12:48:48,55,57,6147,14727
2023-04-20 12:49:02,54,55,6159,14739
2023-04-20 12:49:17,55,57,6147,14751
2023-04-20 12:49:17,55,56,6147,14751
2023-04-20 12:49:33,56,57,6147,14763
2023-04-20 12:49:49,55,57,6147,14763
2023-04-20 12:49:49,54,55,6147,14775
2023-04-20 12:49:56,55,57,6147,14838
2023-04-20 12:49:58,54,57,6147,14838
2023-04-20 12:50:04,55,57,6147,14838
2023-04-20 12:50:04,55,56,6147,14838
2023-04-20 12:50:50,54,55,6159,14850
2023-04-20 12:53:11,56,57,6147,14886
2023-04-20 12:53:27,55,57,6147,14886
2023-04-20 12:53:27,55,56,6147,14886
2023-04-20 12:53:41,54,56,6147,14886
2023-04-20 12:53:41,54,57,6147,14886
2023-04-20 12:53:41,54,56,6147,14886
2023-04-20 12:53:41,55,56,6147,14886
2023-04-20 12:53:49,56,57,6147,14910
2023-04-20 12:53:54,56,58,6147,14910
2023-04-20 12:53:54,56,61,6147,14910
2023-04-20 12:53:54,56,60,6147,14910
2023-04-20 12:53:55,57,60,6147,14910
2023-04-20 12:54:05,59,60,6147,14910
2023-04-20 12:54:05,59,60,6147,14918
2023-04-20 12:54:20,57,60,6147,14918
2023-04-20 12:54:21,59,60,6147,14918
2023-04-20 12:54:22,59,60,6087,14978
2023-04-20 12:54:22,59,61,6087,14978
2023-04-20 12:54:22,59,60,6087,14978
2023-04-20 12:54:23,57,59,6072,14993
2023-04-20 12:54:23,57,60,6072,14993
2023-04-20 12:54:23,57,61,6072,14993
2023-04-20 12:54:23,57,60,6072,14993
2023-04-20 12:54:24,56,57,6069,14996
2023-04-20 12:54:24,56,60,6069,14996
2023-04-20 12:54:24,56,61,6069,14996
2023-04-20 12:54:24,56,60,6069,14996
2023-04-20 12:54:33,57,60,6069,14996
2023-04-20 12:54:48,58,60,6069,14996
2023-04-20 12:54:49,57,58,6066,14999
2023-04-20 12:54:49,57,60,6066,14999
2023-04-20 12:54:53,59,60,6066,14999
2023-04-20 12:54:54,59,60,6006,15059
2023-04-20 12:54:55,59,60,5946,15119
2023-04-20 12:54:57,59,60,5886,15179
2023-04-20 12:54:58,57,59,5841,15224
2023-04-20 12:54:58,57,60,5841,15224
2023-04-20 12:55:23,57,59,5841,15224
2023-04-20 12:56:10,58,59,5841,15224
2023-04-20 12:56:10,57,58,5838,15227
2023-04-20 12:56:10,57,59,5838,15227
2023-04-20 12:56:22,58,59,5838,15227
2023-04-20 12:56:39,57,58,5835,15230
2023-04-20 12:56:39,57,59,5835,15230
2023-04-20 12:56:40,57,59,5775,15290
2023-04-20 12:56:56,55,59,5775,15290
2023-04-20 12:56:57,56,59,5775,15290
2023-04-20 12:56:57,59,60,5775,15295
2023-04-20 12:56:57,59,60,5715,15355
2023-04-20 12:56:58,57,59,5705,15365
2023-04-20 12:56:58,57,60,5705,15365
2023-04-20 12:56:58,56,60,5705,15365
2023-04-20 12:57:01,57,60,5705,15365
2023-04-20 12:57:09,57,59,5705,15365
2023-04-20 12:57:14,58,59,5705,15365
2023-04-20 12:57:36,57,58,5697,15373
2023-04-20 12:57:36,57,59,5697,15373
2023-04-20 12:57:52,58,59,5697,15373
2023-04-20 12:57:54,57,58,5689,15381
2023-04-20 12:57:54,57,59,5689,15381
2023-04-20 12:58:04,57,60,5689,15381
2023-04-20 12:58:04,58,60,5689,15381
2023-04-20 12:58:07,58,59,5689,15381
2023-04-20 12:58:21,57,58,5686,15384
2023-04-20 12:58:21,57,59,5686,15384
2023-04-20 12:58:23,57,58,5686,15384
2023-04-20 12:58:47,56,58,5686,15384
2023-04-20 12:59:01,57,58,5686,15384
2023-04-20 12:59:03,56,57,5686,15387
2023-04-20 12:59:11,56,57,5678,15395
2023-04-20 12:59:17,55,58,5678,15395
2023-04-20 12:59:19,56,58,5678,15395
2023-04-20 12:59:19,56,57,5678,15395
2023-04-20 12:59:32,56,57,5618,15455
2023-04-20 12:59:34,55,57,5618,15455
2023-04-20 12:59:44,55,56,5567,15515
2023-04-20 12:59:46,55,56,5565,15575
2023-04-20 12:59:49,52,56,5565,15575
2023-04-20 12:59:49,53,56,5565,15575
2023-04-20 12:59:49,52,56,5565,15575
2023-04-20 12:59:50,52,55,5565,15575
2023-04-20 12:59:51,54,55,5565,15575
2023-04-20 13:00:07,52,55,5565,15575
2023-04-20 13:00:07,52,54,5565,15575
2023-04-20 13:00:22,52,55,5565,15575
2023-04-20 13:00:39,51,55,5565,15575
2023-04-20 13:01:10,53,55,5565,15575
2023-04-20 13:01:10,53,54,5565,15575
2023-04-20 13:01:26,52,54,5565,15575
2023-04-20 13:01:26,52,55,5565,15575
2023-04-20 13:01:26,54,55,5565,15575
2023-04-20 13:01:29,54,55,5565,15635
2023-04-20 13:01:42,52,55,5565,15635
2023-04-20 13:01:42,54,55,5565,15635
2023-04-20 13:02:02,55,56,5556,15656
2023-04-20 13:02:02,54,56,5556,15656
2023-04-20 13:02:12,56,58,5556,15661
2023-04-20 13:02:12,54,58,5556,15661
2023-04-20 13:02:12,55,58,5556,15661
2023-04-20 13:02:20,55,59,5556,15661
2023-04-20 13:02:21,56,59,5556,15661
2023-04-20 13:02:26,56,58,5556,15661
2023-04-20 13:02:40,56,59,5556,15661
2023-04-20 13:02:41,56,58,5556,15661
2023-04-20 13:02:41,56,57,5556,15661
2023-04-20 13:02:56,56,58,5556,15661
2023-04-20 13:02:56,56,57,5556,15661
2023-04-20 13:03:07,54,57,5556,15661
2023-04-20 13:03:10,54,55,5556,15661
2023-04-20 13:03:26,54,57,5556,15661
2023-04-20 13:03:26,54,56,5556,15661
2023-04-20 13:03:26,54,55,5556,15661
2023-04-20 13:03:57,54,56,5556,15661
2023-04-20 13:03:58,54,55,5556,15661
2023-04-20 13:03:59,53,55,5556,15661
2023-04-20 13:04:13,52,55,5556,15661
2023-04-20 13:04:15,52,53,5556,15661
2023-04-20 13:04:28,52,56,5556,15661
2023-04-20 13:04:28,53,56,5556,15661
2023-04-20 13:04:28,53,54,5556,15661
2023-04-20 13:04:43,52,55,5556,15661
2023-04-20 13:04:44,53,55,5556,15661
2023-04-20 13:04:47,54,55,5556,15661
2023-04-20 13:05:16,52,53,5559,15681
2023-04-20 13:05:31,52,55,5559,15681
2023-04-20 13:05:31,53,55,5559,15681
2023-04-20 13:05:31,53,54,5559,15681
2023-04-20 13:05:46,52,53,5579,15701
2023-04-20 13:06:02,51,52,5599,15721
2023-04-20 13:06:18,51,53,5599,15721
2023-04-20 13:06:18,51,52,5599,15721
2023-04-20 13:07:02,51,52,5576,16021
2023-04-20 13:07:03,52,53,5576,16104
2023-04-20 13:07:11,52,53,5556,16164
2023-04-20 13:07:21,51,54,5556,16164
2023-04-20 13:07:21,51,53,5556,16164
2023-04-20 13:07:21,53,54,5556,16174
2023-04-20 13:07:21,53,54,5556,16184
2023-04-20 13:07:21,53,54,5556,16194
2023-04-20 13:07:56,51,54,5559,16271
2023-04-20 13:07:57,51,53,5559,16271
2023-04-20 13:08:09,51,52,5559,16271
2023-04-20 13:08:18,49,52,5559,16271
2023-04-20 13:08:35,48,52,5559,16271
2023-04-20 13:08:36,48,51,5559,16271
2023-04-20 13:09:03,49,51,5559,16271
2023-04-20 13:09:14,49,50,5559,16271
2023-04-20 13:09:19,48,49,5564,16276
2023-04-20 13:09:26,49,50,5556,16421
2023-04-20 13:09:29,49,51,5556,16421
2023-04-20 13:09:33,50,51,5556,16421
2023-04-20 13:09:49,49,51,5556,16421
2023-04-20 13:10:04,49,50,5556,16421
2023-04-20 13:10:51,49,50,5568,16481
2023-04-20 13:10:53,48,50,5568,16481
2023-04-20 13:11:05,46,47,5282,16779
2023-04-20 13:11:07,44,47,5282,16779
2023-04-20 13:11:07,43,47,5282,16779
2023-04-20 13:11:07,44,47,5282,16779
2023-04-20 13:11:11,44,46,5282,16779
2023-04-20 13:11:24,46,47,5279,16782
2023-04-20 13:11:25,46,47,5279,16852
2023-04-20 13:11:28,44,47,5279,16852
2023-04-20 13:11:34,44,45,5279,16852
2023-04-20 13:11:45,44,46,5279,16852
2023-04-20 13:11:54,44,45,5279,16852
2023-04-20 13:11:54,41,45,5279,16852
2023-04-20 13:11:55,41,45,5082,17152
2023-04-20 13:11:56,42,45,5082,17152
2023-04-20 13:11:56,42,45,5082,17452
2023-04-20 13:11:57,45,46,5082,17455
2023-04-20 13:11:59,42,46,5082,17455
2023-04-20 13:12:09,42,45,5082,17455
2023-04-20 13:12:11,43,45,5082,17455
2023-04-20 13:12:12,43,44,5082,17455
2023-04-20 13:12:12,44,45,5221,17594
2023-04-20 13:12:20,43,45,5221,17594
2023-04-20 13:12:25,45,46,5221,17597
2023-04-20 13:12:26,45,48,5221,17597
2023-04-20 13:12:26,45,47,5221,17597
2023-04-20 13:12:26,45,46,5221,17597
2023-04-20 13:12:41,43,48,5221,17597
2023-04-20 13:12:41,45,48,5221,17597
2023-04-20 13:12:41,45,46,5221,17597
2023-04-20 13:12:57,43,45,5226,17602
2023-04-20 13:13:07,43,44,5226,17602
2023-04-20 13:13:16,44,45,5226,17605
2023-04-20 13:13:29,43,45,5226,17605
2023-04-20 13:13:29,43,46,5226,17605
2023-04-20 13:13:29,43,45,5226,17605
2023-04-20 13:13:37,43,45,5426,17805
2023-04-20 13:13:43,43,44,5426,17805
2023-04-20 13:13:48,43,44,5426,17905
2023-04-20 13:13:59,44,46,5423,17908
2023-04-20 13:13:59,44,45,5423,17908
2023-04-20 13:14:13,43,44,5428,17913
2023-04-20 13:14:29,43,45,5428,17913
2023-04-20 13:14:29,43,44,5428,17913
2023-04-20 13:14:54,42,43,5291,18055
2023-04-20 13:15:03,41,43,5291,18055
2023-04-20 13:15:05,41,42,5291,18055
2023-04-20 13:15:06,42,44,5291,18058
2023-04-20 13:15:14,41,44,5291,18058
2023-04-20 13:15:43,41,43,5291,18058
2023-04-20 13:16:32,41,42,5291,18058
2023-04-20 13:16:34,42,43,5291,18061
2023-04-20 13:16:39,41,43,5291,18061
2023-04-20 13:17:23,41,42,5291,18061
2023-04-20 13:17:24,42,43,5291,18064
2023-04-20 13:17:26,43,44,5494,18275
2023-04-20 13:17:35,41,44,5494,18275
2023-04-20 13:17:35,42,44,5494,18275
2023-04-20 13:17:36,42,43,5494,18275
2023-04-20 13:17:38,43,44,5494,18278
2023-04-20 13:18:19,42,44,5494,18278
2023-04-20 13:18:20,42,43,5494,18278
2023-04-20 13:19:24,39,40,5504,18288
2023-04-20 13:19:24,39,40,5504,18293
2023-04-20 13:19:25,40,41,5560,18349
2023-04-20 13:19:31,39,41,5560,18349
2023-04-20 13:19:32,39,40,5560,18349
2023-04-20 13:19:46,39,40,5629,18421
2023-04-20 13:19:47,40,43,5827,18619
2023-04-20 13:19:47,40,42,5827,18619
2023-04-20 13:19:55,39,42,5827,18619
2023-04-20 13:19:56,39,43,5827,18619
2023-04-20 13:19:56,41,43,5827,18619
2023-04-20 13:20:11,39,43,5827,18619
2023-04-20 13:20:11,40,43,5827,18619
2023-04-20 13:20:14,40,42,5827,18619
2023-04-20 13:20:26,41,42,5827,18619
2023-04-20 13:20:41,38,42,5827,18619
2023-04-20 13:20:42,39,42,5827,18619
2023-04-20 13:20:42,41,42,5827,18619
2023-04-20 13:20:46,42,43,5829,18632
2023-04-20 13:20:57,41,43,5829,18632
2023-04-20 13:20:57,40,43,5829,18632
2023-04-20 13:20:57,42,43,5829,18632
2023-04-20 13:21:20,42,44,5829,18632
2023-04-20 13:21:20,43,44,5829,18632
2023-04-20 13:21:36,43,45,5966,18769
2023-04-20 13:21:38,43,46,5966,18769
2023-04-20 13:21:38,43,45,5966,18769
2023-04-20 13:21:43,43,47,5966,18769
2023-04-20 13:21:43,43,46,5966,18769
2023-04-20 13:21:44,44,46,5966,18769
2023-04-20 13:21:57,45,46,5966,18769
2023-04-20 13:21:58,45,46,5966,18829
2023-04-20 13:21:59,46,47,5966,18836
2023-04-20 13:21:59,45,47,5966,18836
2023-04-20 13:22:01,46,47,5966,18836
2023-04-20 13:22:01,46,47,5966,18837
2023-04-20 13:22:31,46,48,5971,18842
2023-04-20 13:22:33,45,46,5971,18850
2023-04-20 13:22:47,45,47,5971,18850
2023-04-20 13:22:48,45,46,5971,18850
2023-04-20 13:23:02,45,48,5971,18850
2023-04-20 13:23:04,45,46,5971,18850
2023-04-20 13:23:48,45,48,6041,18920
2023-04-20 13:23:48,45,47,6041,18920
2023-04-20 13:23:54,46,47,6041,18920
2023-04-20 13:23:55,46,47,6041,18923
2023-04-20 13:23:55,46,47,6041,18985
2023-04-20 13:24:21,45,46,6041,18995
2023-04-20 13:24:36,45,47,6041,18995
2023-04-20 13:24:37,44,45,6045,19003
2023-04-20 13:24:37,44,45,6045,19008
2023-04-20 13:25:33,43,45,6045,19008
2023-04-20 13:25:34,43,44,6045,19008
2023-04-20 13:25:55,44,45,6042,19011
2023-04-20 13:26:10,43,45,6042,19011
2023-04-20 13:26:11,44,45,6042,19011
2023-04-20 13:27:28,45,46,6041,19030
2023-04-20 13:27:32,44,45,5997,19074
2023-04-20 13:27:55,43,45,5997,19074
2023-04-20 13:27:55,43,44,5997,19074
2023-04-20 13:28:23,41,43,5919,19155
2023-04-20 13:28:31,42,43,5919,19155
2023-04-20 13:29:02,43,44,5881,19207
2023-04-20 13:29:04,43,44,5881,19208
2023-04-20 13:29:19,42,44,5881,19208
2023-04-20 13:29:31,43,44,5881,19208
2023-04-20 13:29:36,43,47,5881,19208
2023-04-20 13:29:36,43,46,5881,19208
2023-04-20 13:29:46,44,46,5881,19208
2023-04-20 13:30:23,43,44,5881,19211
2023-04-20 13:30:23,43,46,5881,19211
2023-04-20 13:30:23,43,45,5881,19211
2023-04-20 13:30:25,43,45,5884,19214
2023-04-20 13:30:25,43,45,5944,19274
2023-04-20 13:30:26,42,43,5981,19316
2023-04-20 13:30:26,42,45,5981,19316
2023-04-20 13:30:26,42,46,5981,19316
2023-04-20 13:30:27,42,45,5981,19316
2023-04-20 13:30:30,41,42,5995,19334
2023-04-20 13:30:30,41,45,5995,19334
2023-04-20 13:30:30,41,46,5995,19334
2023-04-20 13:30:31,40,46,5995,19334
2023-04-20 13:30:31,40,44,5995,19334
2023-04-20 13:30:31,40,45,5995,19334
2023-04-20 13:30:31,40,43,5995,19334
2023-04-20 13:30:31,40,45,5995,19334
2023-04-20 13:30:31,41,44,5995,19334
2023-04-20 13:30:31,40,44,5995,19334
2023-04-20 13:30:37,41,44,5995,19334
2023-04-20 13:30:52,40,41,6002,19346
2023-04-20 13:30:53,41,43,6176,19520
2023-04-20 13:30:53,41,43,6181,19525
2023-04-20 13:30:53,41,42,6181,19525
2023-04-20 13:30:53,40,42,6302,19646
2023-04-20 13:30:53,40,44,6302,19646
2023-04-20 13:30:53,40,42,6302,19646
2023-04-20 13:30:53,40,43,6302,19646
2023-04-20 13:30:53,40,44,6302,19646
2023-04-20 13:30:53,40,42,6302,19646
2023-04-20 13:30:53,40,43,6302,19646
2023-04-20 13:30:53,40,44,6302,19646
2023-04-20 13:30:53,40,42,6302,19646
2023-04-20 13:30:53,40,44,6302,19646
2023-04-20 13:30:53,40,44,6302,19646
2023-04-20 13:30:56,40,44,6302,19646
2023-04-20 13:31:07,41,44,6302,19646
2023-04-20 13:31:07,41,43,6302,19646
2023-04-20 13:31:15,41,44,6302,19646
2023-04-20 13:31:21,41,43,6302,19646
2023-04-20 13:31:23,42,43,6302,19646
2023-04-20 13:31:36,41,43,6302,19646
2023-04-20 13:31:37,42,43,6302,19646
2023-04-20 13:31:37,42,44,6302,19646
2023-04-20 13:31:38,42,45,6302,19646
2023-04-20 13:31:38,42,46,6302,19646
2023-04-20 13:31:38,42,45,6302,19646
2023-04-20 13:31:52,43,45,6302,19646
2023-04-20 13:32:08,42,45,6302,19646
2023-04-20 13:32:08,44,45,6302,19646
2023-04-20 13:32:16,44,46,6302,19646
2023-04-20 13:32:24,46,47,6281,19679
2023-04-20 13:32:24,46,48,6281,19679
2023-04-20 13:32:33,47,48,6281,19679
2023-04-20 13:33:19,46,48,6281,19679
2023-04-20 13:33:20,46,49,6281,19679
2023-04-20 13:33:20,46,50,6281,19679
2023-04-20 13:33:20,46,53,6281,19679
2023-04-20 13:33:20,46,51,6281,19679
2023-04-20 13:33:20,47,51,6281,19679
2023-04-20 13:33:21,47,49,6281,19679
2023-04-20 13:33:21,46,49,6281,19679
2023-04-20 13:33:21,46,48,6281,19679
2023-04-20 13:33:39,51,53,6281,19690
2023-04-20 13:33:39,51,52,6281,19690
2023-04-20 13:33:52,49,51,6281,19739
2023-04-20 13:33:52,49,52,6281,19739
2023-04-20 13:33:54,48,52,6281,19739
2023-04-20 13:33:56,49,52,6281,19739
2023-04-20 13:33:56,51,52,6281,19739
2023-04-20 13:33:58,49,52,6281,19799
2023-04-20 13:34:05,49,52,6281,19804
2023-04-20 13:34:09,50,52,6281,19804
2023-04-20 13:34:12,51,52,6281,19804
2023-04-20 13:34:13,51,52,6281,19864
2023-04-20 13:34:14,51,52,6281,19924
2023-04-20 13:34:55,51,52,6281,19984
2023-04-20 13:34:56,51,52,6281,20044
2023-04-20 13:34:57,51,52,6281,20104
2023-04-20 13:34:59,50,52,6281,20104
2023-04-20 13:34:59,50,51,6281,20104
2023-04-20 13:35:15,48,50,6281,20107
2023-04-20 13:35:15,48,49,6281,20107
2023-04-20 13:35:29,46,49,6281,20107
2023-04-20 13:35:29,46,51,6281,20107
2023-04-20 13:35:29,47,51,6281,20107
2023-04-20 13:35:29,47,48,6281,20107
2023-04-20 13:35:52,47,49,6281,20107
2023-04-20 13:35:53,48,49,6281,20107
2023-04-20 13:36:03,47,48,6281,20110
2023-04-20 13:36:17,47,49,6281,20110
2023-04-20 13:36:17,46,47,6281,20115
2023-04-20 13:37:19,47,49,6281,20120
2023-04-20 13:37:19,47,48,6281,20120
2023-04-20 13:37:36,48,49,6281,20125
2023-04-20 13:37:53,49,53,6281,20130
2023-04-20 13:37:53,49,51,6281,20130
2023-04-20 13:38:08,48,54,6281,20130
2023-04-20 13:38:08,50,54,6281,20130
2023-04-20 13:38:08,50,52,6281,20130
2023-04-20 13:38:23,49,52,6281,20130
2023-04-20 13:38:23,49,54,6281,20130
2023-04-20 13:38:23,51,54,6281,20130
2023-04-20 13:38:23,51,52,6281,20130
2023-04-20 13:38:39,50,51,6281,20133
2023-04-20 13:38:53,51,52,6281,20138
2023-04-20 13:39:08,50,52,6281,20138
2023-04-20 13:39:09,52,56,6281,20143
2023-04-20 13:39:09,52,53,6281,20143
2023-04-20 13:39:26,50,56,6281,20143
2023-04-20 13:39:26,52,56,6281,20143
2023-04-20 13:39:26,52,53,6281,20143
2023-04-20 13:39:56,50,52,6281,20151
2023-04-20 13:40:12,50,53,6281,20151
2023-04-20 13:40:12,51,53,6281,20151
2023-04-20 13:40:12,51,52,6281,20151
2023-04-20 13:40:44,50,51,6281,20164
2023-04-20 13:40:59,50,52,6281,20164
2023-04-20 13:41:01,50,51,6281,20164
2023-04-20 13:41:15,51,52,6281,20169
2023-04-20 13:41:30,52,53,6281,20174
2023-04-20 13:41:46,51,52,6281,20182
2023-04-20 13:42:01,52,53,6281,20182
2023-04-20 13:42:16,51,53,6281,20182
2023-04-20 13:42:16,52,53,6281,20182
2023-04-20 13:42:46,51,52,6275,20190
2023-04-20 13:43:03,51,53,6275,20190
2023-04-20 13:43:03,51,52,6275,20190
2023-04-20 13:43:20,50,51,6283,20198
2023-04-20 13:43:37,49,50,6288,20203
2023-04-20 13:43:54,49,51,6288,20203
2023-04-20 13:43:54,49,50,6288,20203
2023-04-20 13:44:08,51,52,6274,20217
2023-04-20 13:45:10,52,53,6273,20230
2023-04-20 13:45:24,51,53,6273,20230
2023-04-20 13:45:24,52,53,6273,20230
2023-04-20 13:45:41,53,56,6273,20235
2023-04-20 13:45:41,53,55,6273,20235
2023-04-20 13:45:56,52,55,6273,20235
2023-04-20 13:45:56,52,56,6273,20235
2023-04-20 13:45:56,54,56,6273,20235
2023-04-20 13:45:56,54,55,6273,20235
2023-04-20 13:46:11,52,56,6273,20235
2023-04-20 13:46:11,53,56,6273,20235
2023-04-20 13:46:11,53,54,6273,20235
2023-04-20 13:46:42,54,56,6273,20240
2023-04-20 13:46:58,53,56,6273,20240
2023-04-20 13:47:07,52,56,6273,20240
2023-04-20 13:47:14,55,56,6273,20240
2023-04-20 13:47:23,53,55,6215,20298
2023-04-20 13:47:28,53,56,6215,20298
2023-04-20 13:47:30,52,56,6215,20298
2023-04-20 13:47:30,54,56,6215,20298
2023-04-20 13:47:30,54,55,6215,20298
2023-04-20 13:47:44,52,55,6215,20298
2023-04-20 13:47:44,52,56,6215,20298
2023-04-20 13:47:44,53,56,6215,20298
2023-04-20 13:47:44,53,55,6215,20298
2023-04-20 13:47:58,54,55,6215,20298
2023-04-20 13:48:01,53,54,6215,20306
2023-04-20 13:48:16,52,53,6215,20309
2023-04-20 13:48:30,52,54,6215,20309
2023-04-20 13:48:32,53,54,6215,20309
2023-04-20 13:48:46,52,54,6215,20309
2023-04-20 13:48:47,52,53,6215,20309
2023-04-20 13:49:34,53,54,6215,20314
2023-04-20 13:50:00,53,55,6215,20314
2023-04-20 13:50:00,54,55,6215,20314
2023-04-20 13:50:30,54,58,6441,20540
2023-04-20 13:50:35,55,58,6441,20540
2023-04-20 13:50:36,56,58,6441,20540
2023-04-20 13:50:36,56,57,6441,20540
2023-04-20 13:51:34,55,57,6380,20601
2023-04-20 13:51:35,55,56,6380,20601
2023-04-20 13:51:38,54,55,6380,20604
2023-04-20 13:51:55,53,54,6380,20607
2023-04-20 13:52:10,53,55,6380,20607
2023-04-20 13:52:24,54,55,6380,20607
2023-04-20 13:52:26,53,54,6380,20610
2023-04-20 13:52:39,53,55,6380,20610
2023-04-20 13:52:39,53,54,6380,20610
2023-04-20 13:52:39,52,53,6380,20613
2023-04-20 13:52:41,51,52,6221,20772
2023-04-20 13:52:42,50,52,6221,20772
2023-04-20 13:52:42,49,52,6221,20772
2023-04-20 13:52:44,48,52,6221,20772
2023-04-20 13:52:46,48,53,6221,20772
2023-04-20 13:52:46,48,52,6221,20772
2023-04-20 13:52:48,49,52,6221,20772
2023-04-20 13:53:00,49,51,6221,20772
2023-04-20 13:53:17,47,49,6224,20778
2023-04-20 13:53:17,45,49,6224,20778
2023-04-20 13:53:32,45,52,6224,20778
2023-04-20 13:53:32,46,52,6224,20778
2023-04-20 13:53:32,46,50,6224,20778
2023-04-20 13:53:34,46,49,6224,20778
2023-04-20 13:53:49,45,49,6224,20778
2023-04-20 13:53:49,48,49,6224,20778
2023-04-20 13:53:50,48,50,6224,20778
2023-04-20 13:54:04,50,51,6224,20778
2023-04-20 13:54:05,47,50,6274,20828
2023-04-20 13:54:05,47,48,6274,20828
2023-04-20 13:54:20,47,51,6274,20828
2023-04-20 13:54:20,47,50,6274,20828
2023-04-20 13:54:20,47,48,6274,20828
2023-04-20 13:54:36,46,47,6279,20833
2023-04-20 13:54:56,46,47,6321,20883
2023-04-20 13:55:05,46,48,6321,20883
2023-04-20 13:55:05,46,47,6321,20883
2023-04-20 13:55:21,46,48,6321,20883
2023-04-20 13:55:21,48,52,6321,20886
2023-04-20 13:55:21,48,51,6321,20886
2023-04-20 13:55:21,48,49,6321,20886
2023-04-20 13:55:32,48,51,6476,21041
2023-04-20 13:55:32,48,49,6476,21041
2023-04-20 13:55:44,48,50,6476,21041
2023-04-20 13:55:45,49,50,6476,21041
2023-04-20 13:55:45,48,49,6473,21044
2023-04-20 13:55:48,48,50,6473,21044
2023-04-20 13:55:52,46,48,6485,21056
2023-04-20 13:56:07,46,50,6485,21056
2023-04-20 13:56:08,48,50,6485,21056
2023-04-20 13:56:08,48,49,6485,21056
2023-04-20 13:56:24,47,50,6485,21056
2023-04-20 13:56:24,49,50,6485,21056
2023-04-20 13:56:28,49,51,6485,21056
2023-04-20 13:56:56,51,56,6473,21068
2023-04-20 13:56:56,51,54,6473,21068
2023-04-20 13:56:56,51,52,6473,21068
2023-04-20 13:57:04,50,52,6473,21068
2023-04-20 13:57:04,50,54,6473,21068
2023-04-20 13:57:04,52,54,6473,21068
2023-04-20 13:57:09,54,56,6473,21092
2023-04-20 13:57:09,52,56,6473,21092
2023-04-20 13:57:09,53,56,6473,21092
2023-04-20 13:57:10,53,58,6473,21092
2023-04-20 13:57:10,53,60,6473,21092
2023-04-20 13:57:10,54,60,6473,21092
2023-04-20 13:57:10,54,59,6473,21092
2023-04-20 13:57:10,54,55,6473,21092
2023-04-20 13:57:17,54,55,6413,21152
2023-04-20 13:57:18,54,55,6353,21212
2023-04-20 13:57:19,56,61,6153,21412
2023-04-20 13:57:20,56,61,6153,21424
2023-04-20 13:57:21,57,61,6153,21424
2023-04-20 13:57:34,57,63,6153,21424
2023-04-20 13:57:36,57,62,6153,21424
2023-04-20 13:57:50,57,63,6153,21424
2023-04-20 13:57:50,57,62,6153,21424
2023-04-20 13:57:51,58,62,6153,21424
2023-04-20 13:58:06,58,63,6153,21424
2023-04-20 13:58:06,60,63,6153,21424
2023-04-20 13:58:18,61,63,6153,21424
2023-04-20 13:58:19,60,61,6150,21427
2023-04-20 13:58:22,58,61,6150,21427
2023-04-20 13:58:23,59,61,6150,21427
2023-04-20 13:58:32,60,61,6150,21427
2023-04-20 13:58:38,59,60,6150,21430
2023-04-20 13:58:53,58,61,6150,21430
2023-04-20 13:58:53,57,61,6150,21430
2023-04-20 13:58:53,57,60,6150,21430
2023-04-20 13:59:08,57,61,6150,21430
2023-04-20 13:59:09,60,61,6150,21430
2023-04-20 13:59:23,62,63,6150,21435
2023-04-20 13:59:54,61,62,6150,21438
2023-04-20 14:00:09,61,63,6150,21438
2023-04-20 14:00:10,61,62,6150,21438
2023-04-20 14:00:11,62,63,6150,21443
2023-04-20 14:00:39,62,64,6180,21473
2023-04-20 14:00:40,62,66,6180,21473
2023-04-20 14:00:41,63,66,6180,21473
2023-04-20 14:00:41,63,65,6180,21473
2023-04-20 14:00:46,62,65,6180,21473
2023-04-20 14:00:46,62,69,6180,21473
2023-04-20 14:00:46,63,69,6180,21473
2023-04-20 14:00:46,65,69,6180,21473
2023-04-20 14:01:01,64,69,6180,21473
2023-04-20 14:01:01,63,69,6180,21473
2023-04-20 14:01:01,63,67,6180,21473
2023-04-20 14:01:02,64,67,6180,21473
2023-04-20 14:01:08,63,67,6180,21473
2023-04-20 14:01:10,64,67,6180,21473
2023-04-20 14:01:24,65,67,6180,21473
2023-04-20 14:01:24,64,65,6180,21543
2023-04-20 14:01:37,62,64,6177,21546
2023-04-20 14:01:40,63,64,6177,21546
2023-04-20 14:01:48,64,65,6177,21551
2023-04-20 14:01:48,63,65,6177,21644
2023-04-20 14:02:21,64,65,6177,21644
2023-04-20 14:02:22,63,64,6174,21647
2023-04-20 14:02:27,63,65,6174,21647
2023-04-20 14:02:35,63,67,6174,21647
2023-04-20 14:02:35,63,64,6174,21647
2023-04-20 14:02:58,62,63,6174,21849
2023-04-20 14:03:19,62,64,6174,21849
2023-04-20 14:03:21,61,64,6174,21849
2023-04-20 14:03:21,63,64,6174,21849
2023-04-20 14:03:21,63,65,6174,21849
2023-04-20 14:03:36,62,68,6174,21849
2023-04-20 14:03:36,64,68,6174,21849
2023-04-20 14:03:36,64,65,6174,21849
2023-04-20 14:03:48,64,65,6174,21909
2023-04-20 14:03:49,65,68,6174,21951
2023-04-20 14:03:49,64,68,6174,21951
2023-04-20 14:03:50,65,68,6174,21951
2023-04-20 14:03:50,66,68,6174,21951
2023-04-20 14:03:54,65,66,6174,22198
2023-04-20 14:03:54,64,66,6174,22198
2023-04-20 14:04:07,64,68,6174,22198
2023-04-20 14:04:07,65,68,6174,22198
2023-04-20 14:04:23,61,64,6174,22201
2023-04-20 14:04:23,63,64,6174,22201
2023-04-20 14:04:23,63,64,6174,22261
2023-04-20 14:04:26,63,64,6174,22321
2023-04-20 14:04:27,63,64,6174,22381
2023-04-20 14:04:29,64,68,6285,22492
2023-04-20 14:04:40,64,70,6285,22492
2023-04-20 14:04:40,64,67,6285,22492
2023-04-20 14:04:41,65,67,6285,22492
2023-04-20 14:04:52,64,65,6285,22497
2023-04-20 14:04:55,64,65,6285,22592
2023-04-20 14:05:10,64,70,6285,22592
2023-04-20 14:05:10,64,66,6285,22592
2023-04-20 14:05:22,65,66,6285,22592
2023-04-20 14:05:28,65,66,6285,22652
2023-04-20 14:05:29,66,68,6285,22692
2023-04-20 14:05:29,65,68,6285,22692
2023-04-20 14:05:29,65,66,6285,22692
2023-04-20 14:05:30,66,70,6285,22712
2023-04-20 14:05:30,65,70,6285,22712
2023-04-20 14:05:30,66,70,6285,22712
2023-04-20 14:05:30,66,70,6285,22897
2023-04-20 14:05:48,65,66,6285,23047
2023-04-20 14:05:50,65,66,6334,23107
2023-04-20 14:05:51,65,66,6394,23167
2023-04-20 14:05:53,65,66,6454,23227
2023-04-20 14:05:54,65,66,6514,23287
2023-04-20 14:05:58,65,66,6574,23347
2023-04-20 14:05:59,66,70,6589,23362
2023-04-20 14:05:59,65,70,6589,23362
2023-04-20 14:06:01,66,70,6589,23362
2023-04-20 14:06:17,65,70,7262,24040
2023-04-20 14:06:17,66,70,7262,24040
2023-04-20 14:06:28,67,70,7262,24040
2023-04-20 14:06:29,66,67,7259,24043
2023-04-20 14:06:32,65,70,7259,24043
2023-04-20 14:06:32,67,70,7259,24043
2023-04-20 14:06:32,67,69,7259,24043
2023-04-20 14:06:32,67,69,7259,24137
2023-04-20 14:06:33,65,67,7070,24326
2023-04-20 14:06:38,65,69,7070,24326
2023-04-20 14:06:41,66,69,7070,24326
2023-04-20 14:06:41,68,69,7070,24326
2023-04-20 14:06:45,68,69,7597,25027
2023-04-20 14:06:57,66,68,7535,25089
2023-04-20 14:06:59,67,68,7535,25089
2023-04-20 14:07:02,67,69,7535,25089
2023-04-20 14:07:13,66,67,7535,25183
2023-04-20 14:07:25,66,70,7535,25183
2023-04-20 14:07:25,67,70,7535,25183
2023-04-20 14:07:26,66,67,7532,25186
2023-04-20 14:07:29,66,69,7532,25186
2023-04-20 14:07:39,64,69,7532,25186
2023-04-20 14:07:39,65,69,7532,25186
2023-04-20 14:07:44,67,69,7532,25186
2023-04-20 14:07:44,67,68,7532,25186
2023-04-20 14:07:44,65,67,7392,25326
2023-04-20 14:07:46,65,68,7392,25326
2023-04-20 14:08:00,65,69,7392,25326
2023-04-20 14:08:00,66,69,7392,25326
2023-04-20 14:08:00,66,68,7392,25326
2023-04-20 14:08:11,65,66,7392,25559
2023-04-20 14:08:21,64,65,7392,25562
2023-04-20 14:08:32,64,66,7392,25562
2023-04-20 14:08:32,65,66,7392,25562
2023-04-20 14:08:32,64,66,7392,25562
2023-04-20 14:08:36,64,68,7392,25562
2023-04-20 14:08:36,65,68,7392,25562
2023-04-20 14:09:19,65,69,7392,25562
2023-04-20 14:09:20,65,70,7392,25562
2023-04-20 14:09:21,66,70,7392,25562
2023-04-20 14:10:20,67,70,7392,25562
2023-04-20 14:10:20,67,69,7392,25562
2023-04-20 14:10:21,67,69,7452,25622
2023-04-20 14:10:22,67,69,7512,25682
2023-04-20 14:10:23,67,69,7572,25742
2023-04-20 14:10:24,67,69,7632,25802
2023-04-20 14:10:26,68,69,7632,25802
2023-04-20 14:10:36,69,70,7632,25807
2023-04-20 14:10:42,68,69,7592,25847
2023-04-20 14:10:50,67,68,7592,25855
2023-04-20 14:10:52,66,68,7592,25991
2023-04-20 14:10:57,67,68,7592,25991
2023-04-20 14:11:07,69,70,7592,26001
2023-04-20 14:11:11,67,69,7549,26044
2023-04-20 14:11:23,68,69,7549,26044
2023-04-20 14:11:27,67,68,7504,26089
2023-04-20 14:11:34,66,67,7504,26092
2023-04-20 14:11:38,66,67,7504,26227
2023-04-20 14:11:46,66,69,7504,26227
2023-04-20 14:11:50,64,69,7504,26227
2023-04-20 14:11:50,65,69,7504,26227
2023-04-20 14:11:54,68,69,7504,26227
2023-04-20 14:11:57,66,68,7504,26452
2023-04-20 14:12:04,67,68,7504,26452
2023-04-20 14:12:19,65,67,7504,26686
2023-04-20 14:12:24,67,68,7504,26908
2023-04-20 14:12:40,65,68,7504,26908
2023-04-20 14:12:40,67,68,7504,26908
2023-04-20 14:12:55,68,69,7504,26913
2023-04-20 14:13:01,67,68,7504,26997
2023-04-20 14:13:45,65,68,7504,26997
2023-04-20 14:13:45,65,69,7504,26997
2023-04-20 14:13:45,66,69,7504,26997
2023-04-20 14:14:05,66,68,7504,26997
2023-04-20 14:14:06,66,69,7504,26997
2023-04-20 14:14:11,67,69,7504,26997
2023-04-20 14:14:23,67,69,7504,27048
2023-04-20 14:14:28,66,69,7504,27048
2023-04-20 14:14:28,67,69,7504,27048
2023-04-20 14:14:39,67,70,7504,27048
2023-04-20 14:14:39,67,72,7504,27048
2023-04-20 14:14:39,68,72,7504,27048
2023-04-20 14:15:13,69,72,7504,27048
2023-04-20 14:15:22,68,72,7504,27048
2023-04-20 14:15:22,70,72,7504,27048
2023-04-20 14:15:31,70,74,7504,27048
2023-04-20 14:15:32,71,74,7504,27048
2023-04-20 14:15:33,70,71,7501,27051
2023-04-20 14:15:36,68,71,7501,27051
2023-04-20 14:15:38,68,74,7501,27051
2023-04-20 14:15:46,65,74,7501,27051
2023-04-20 14:15:46,65,75,7501,27051
2023-04-20 14:15:46,66,75,7501,27051
2023-04-20 14:16:07,66,75,7501,27071
2023-04-20 14:16:24,69,75,7501,27071
2023-04-20 14:16:24,69,72,7501,27071
2023-04-20 14:16:29,70,72,7501,27071
2023-04-20 14:17:22,67,72,7501,27071
2023-04-20 14:17:23,68,72,7501,27071
2023-04-20 14:17:32,72,74,7506,27076
2023-04-20 14:17:34,72,74,7506,27376
2023-04-20 14:17:35,72,74,7520,27676
2023-04-20 14:17:36,72,74,7820,27976
2023-04-20 14:17:38,72,74,8120,28276
2023-04-20 14:17:39,72,74,8420,28576
2023-04-20 14:17:40,72,74,8720,28876
2023-04-20 14:17:41,65,72,8915,29071
2023-04-20 14:17:41,65,72,8915,29074
2023-04-20 14:17:42,68,72,8915,29074
2023-04-20 14:17:44,69,72,8915,29074
2023-04-20 14:18:21,69,72,8940,29099
2023-04-20 14:18:26,67,72,8940,29099
2023-04-20 14:18:27,68,74,8940,29099
2023-04-20 14:18:27,68,72,8940,29099
2023-04-20 14:18:33,72,73,9114,29273
2023-04-20 14:18:33,72,73,9214,29373
2023-04-20 14:18:33,68,72,9229,29388
2023-04-20 14:18:38,72,73,9314,29473
2023-04-20 14:18:44,72,73,9567,29726
2023-04-20 14:18:46,72,73,9572,29731
2023-04-20 14:18:46,72,73,9664,29823
2023-04-20 14:18:56,72,73,10028,30187
2023-04-20 14:19:01,72,73,10280,30439
2023-04-20 14:19:16,72,73,10427,30586
2023-04-20 14:19:16,72,73,10468,30627
2023-04-20 14:19:16,72,73,10887,31046
2023-04-20 14:19:35,72,74,10887,31046
2023-04-20 14:19:35,73,74,10887,31046
2023-04-20 14:19:42,72,73,10887,31049
2023-04-20 14:19:47,72,73,10896,31058
2023-04-20 14:19:52,72,73,10905,31067
2023-04-20 14:19:59,72,73,10914,31076
2023-04-20 14:20:00,68,72,11229,31406
2023-04-20 14:20:04,69,72,11229,31406
2023-04-20 14:20:29,68,72,11231,31409
2023-04-20 14:20:44,66,72,11231,31409
2023-04-20 14:20:49,67,72,11231,31409
2023-04-20 14:20:50,67,73,11275,31455
2023-04-20 14:20:58,72,73,11275,31455
2023-04-20 14:21:00,69,73,11279,31459
2023-04-20 14:21:00,69,72,11279,31459
2023-04-20 14:21:07,70,72,11279,31459
2023-04-20 14:21:09,70,71,11279,31459
2023-04-20 14:21:10,70,72,11279,31459
2023-04-20 14:21:12,70,71,11279,31459
2023-04-20 14:21:44,70,72,11279,31459
2023-04-20 14:21:45,67,72,11284,31467
2023-04-20 14:21:46,68,72,11284,31467
2023-04-20 14:21:52,69,72,11284,31467
2023-04-20 14:22:00,67,72,11292,31475
2023-04-20 14:22:05,68,72,11292,31475
2023-04-20 14:22:08,69,72,11292,31475
2023-04-20 14:22:13,68,72,11292,31475
2023-04-20 14:22:14,68,71,11292,31475
2023-04-20 14:23:19,69,71,11292,31475
2023-04-20 14:23:35,68,71,11292,31475
2023-04-20 14:23:59,71,72,11296,31492
2023-04-20 14:24:09,72,73,11301,31497
2023-04-20 14:24:23,72,73,11380,31576
2023-04-20 14:24:39,72,73,11605,31801
2023-04-20 14:24:40,72,73,11605,33001
2023-04-20 14:24:51,72,74,11605,33001
2023-04-20 14:24:52,70,72,11600,33484
2023-04-20 14:24:52,73,74,11599,33485
2023-04-20 14:24:53,67,73,11597,33487
2023-04-20 14:24:54,68,73,11597,33487
2023-04-20 14:24:54,68,72,11597,33487
2023-04-20 14:24:54,69,72,11597,33487
2023-04-20 14:26:11,65,68,11612,33503
2023-04-20 14:26:24,65,69,11612,33503
2023-04-20 14:26:24,65,66,11612,33503
2023-04-20 14:26:39,65,69,11612,33503
2023-04-20 14:26:39,65,66,11612,33503
2023-04-20 14:26:59,65,68,11612,33503
2023-04-20 14:26:59,65,67,11612,33503
2023-04-20 14:27:04,66,67,11612,33503
2023-04-20 14:27:09,65,67,11612,33503
2023-04-20 14:27:11,65,66,11612,33503
2023-04-20 14:27:18,65,67,11612,33503
2023-04-20 14:27:18,61,64,11624,33566
2023-04-20 14:27:23,59,64,11624,33566
2023-04-20 14:27:33,59,66,11624,33566
2023-04-20 14:27:34,60,66,11624,33566
2023-04-20 14:27:34,60,64,11624,33566
2023-04-20 14:27:44,60,63,11624,33566
2023-04-20 14:28:02,59,63,11624,33566
2023-04-20 14:28:03,59,62,11624,33566
2023-04-20 14:28:07,60,62,11624,33566
2023-04-20 14:28:22,59,62,11624,33566
2023-04-20 14:28:37,59,60,11624,33566
2023-04-20 14:28:48,56,60,11624,33566
2023-04-20 14:28:49,56,59,11624,33566
2023-04-20 14:28:49,57,59,11624,33566
2023-04-20 14:28:49,59,60,11621,33569
2023-04-20 14:28:52,59,62,11621,33569
2023-04-20 14:29:04,59,61,11621,33569
2023-04-20 14:29:42,57,61,11621,33569
2023-04-20 14:29:43,57,60,11621,33569
2023-04-20 14:30:26,59,60,11621,33569
2023-04-20 14:30:27,60,61,11618,33572
2023-04-20 14:30:42,57,61,11618,33572
2023-04-20 14:30:42,60,61,11618,33572
2023-04-20 14:30:52,60,62,11618,33572
2023-04-20 14:30:57,61,62,11618,33572
2023-04-20 14:31:04,61,64,11618,33572
2023-04-20 14:31:05,61,63,11618,33572
2023-04-20 14:31:07,61,62,11618,33572
2023-04-20 14:31:08,61,62,11618,33577
2023-04-20 14:31:23,59,60,11630,33592
2023-04-20 14:31:23,56,60,11630,33592
2023-04-20 14:31:35,56,60,11635,33597
2023-04-20 14:31:38,55,61,11635,33597
2023-04-20 14:31:38,55,62,11635,33597
2023-04-20 14:31:39,55,61,11635,33597
2023-04-20 14:31:39,55,62,11635,33597
2023-04-20 14:31:39,55,61,11635,33597
2023-04-20 14:31:40,55,59,11635,33597
2023-04-20 14:31:44,55,58,11635,33597
2023-04-20 14:31:53,55,57,11635,33597
2023-04-20 14:32:00,53,57,11635,33597
2023-04-20 14:32:01,53,56,11635,33597
2023-04-20 14:32:02,53,55,11635,33597
2023-04-20 14:32:07,53,54,11635,33597
2023-04-20 14:32:09,53,54,11638,33600
2023-04-20 14:32:09,50,53,11640,33602
2023-04-20 14:32:10,50,52,11640,33602
2023-04-20 14:32:10,50,53,11640,33602
2023-04-20 14:32:18,49,53,11640,33675
2023-04-20 14:32:21,49,52,11640,33675
2023-04-20 14:32:33,50,52,11640,33675
2023-04-20 14:32:42,49,52,11640,33675
2023-04-20 14:32:48,49,53,11643,33680
2023-04-20 14:32:49,49,51,11643,33680
2023-04-20 14:32:49,49,52,11643,33680
2023-04-20 14:32:49,49,53,11643,33680
2023-04-20 14:32:51,53,54,11648,33693
2023-04-20 14:32:54,50,54,11648,33693
2023-04-20 14:33:05,50,54,11648,33710
2023-04-20 14:33:08,50,53,11648,33710
2023-04-20 14:33:15,50,53,11650,33720
2023-04-20 14:33:24,50,54,11650,33720
2023-04-20 14:33:25,49,54,11650,33720
2023-04-20 14:33:26,49,53,11650,33720
2023-04-20 14:33:27,49,52,11650,33720
2023-04-20 14:33:29,49,52,11650,33725
2023-04-20 14:33:35,49,51,11650,33725
2023-04-20 14:33:35,51,52,11650,33733
2023-04-20 14:33:35,49,52,11659,33742
2023-04-20 14:33:38,49,53,11659,33778
2023-04-20 14:33:41,52,53,11659,33778
2023-04-20 14:33:43,52,56,11659,33778
2023-04-20 14:33:44,52,55,11659,33778
2023-04-20 14:33:56,53,55,11659,33778
2023-04-20 14:34:05,53,57,11659,33781
2023-04-20 14:34:10,52,58,11659,33781
2023-04-20 14:34:10,52,57,11659,33781
2023-04-20 14:34:27,52,58,11659,33781
2023-04-20 14:34:32,49,58,11659,33781
2023-04-20 14:34:32,49,57,11659,33781
2023-04-20 14:34:41,53,57,11659,33781
2023-04-20 14:34:41,53,56,11659,33781
2023-04-20 14:34:47,53,55,11659,33781
2023-04-20 14:35:26,52,53,11659,33786
2023-04-20 14:35:27,48,53,11659,33786
2023-04-20 14:35:28,50,53,11659,33786
2023-04-20 14:35:30,50,52,11659,33786
2023-04-20 14:35:41,48,52,11664,33931
2023-04-20 14:35:42,48,51,11664,33931
2023-04-20 14:35:44,46,51,11664,33931
2023-04-20 14:35:44,48,51,11664,33931
2023-04-20 14:35:45,48,50,11664,33931
2023-04-20 14:36:08,48,49,11664,33931
2023-04-20 14:36:11,46,49,11669,33971
2023-04-20 14:36:34,46,48,11669,33971
2023-04-20 14:36:40,46,47,11669,33971
2023-04-20 14:36:58,45,47,11669,33971
2023-04-20 14:36:58,44,47,11669,33971
2023-04-20 14:36:58,44,46,11669,33971
2023-04-20 14:36:59,45,46,11669,33971
2023-04-20 14:37:22,44,45,11669,33976
2023-04-20 14:37:30,42,45,11669,33976
2023-04-20 14:37:30,42,44,11669,33976
2023-04-20 14:37:42,43,44,11669,33976
2023-04-20 14:37:53,44,45,11666,33979
2023-04-20 14:37:55,43,45,11666,33979
2023-04-20 14:37:55,44,45,11666,33979
2023-04-20 14:37:59,44,45,11668,33981
2023-04-20 14:38:01,45,46,11660,33989
2023-04-20 14:38:04,44,46,11660,33989
2023-04-20 14:38:05,44,47,11655,33994
2023-04-20 14:38:06,44,46,11655,33994
2023-04-20 14:38:09,44,47,11655,33997
2023-04-20 14:38:13,44,46,11655,33997
2023-04-20 14:38:19,44,46,11655,34000
2023-04-20 14:38:27,44,48,10475,35320
2023-04-20 14:38:28,44,47,10475,35320
2023-04-20 14:38:31,45,47,10475,35320
2023-04-20 14:38:31,45,48,10478,35323
2023-04-20 14:38:31,45,47,10478,35323
2023-04-20 14:38:31,45,48,10478,35323
2023-04-20 14:38:36,45,50,10579,35434
2023-04-20 14:38:37,45,49,10579,35434
2023-04-20 14:38:48,44,49,10579,35434
2023-04-20 14:38:48,44,48,10579,35434
2023-04-20 14:38:51,44,47,10579,35434
2023-04-20 14:39:04,44,49,10579,35434
2023-04-20 14:39:05,44,48,10579,35434
2023-04-20 14:39:11,44,47,10579,35434
2023-04-20 14:39:32,44,45,10579,35434
2023-04-20 14:39:42,43,45,10579,35434
2023-04-20 14:39:43,43,44,10579,35434
2023-04-20 14:39:55,43,46,10579,35437
2023-04-20 14:39:57,43,50,10579,35437
2023-04-20 14:39:57,43,49,10579,35437
2023-04-20 14:39:57,45,49,10579,35437
2023-04-20 14:39:59,46,49,10579,35437
2023-04-20 14:40:14,46,49,10579,35442
2023-04-20 14:40:20,46,48,10579,35442
2023-04-20 14:40:23,44,48,10582,35445
2023-04-20 14:40:28,44,46,10582,35445
2023-04-20 14:40:29,43,46,10582,35445
2023-04-20 14:40:36,43,48,10615,35478
2023-04-20 14:40:36,43,47,10615,35478
2023-04-20 14:40:40,43,48,10618,35481
2023-04-20 14:40:40,43,47,10618,35481
2023-04-20 14:40:44,43,46,10618,35481
2023-04-20 14:40:44,43,45,10618,35481
2023-04-20 14:40:47,43,45,10622,35486
2023-04-20 14:40:47,42,43,10623,35487
2023-04-20 14:41:00,41,43,10623,35487
2023-04-20 14:41:20,40,41,10623,35492
2023-04-20 14:41:20,40,43,10623,35492
2023-04-20 14:41:23,40,42,10623,35492
2023-04-20 14:41:24,40,42,10563,35552
2023-04-20 14:41:24,40,41,10563,35552
2023-04-20 14:41:25,38,40,10520,35595
2023-04-20 14:41:25,38,41,10520,35595
2023-04-20 14:41:27,36,41,10520,35595
2023-04-20 14:41:27,37,41,10520,35595
2023-04-20 14:41:27,37,40,10520,35595
2023-04-20 14:41:42,35,40,10520,35595
2023-04-20 14:41:43,37,40,10520,35595
2023-04-20 14:41:43,37,39,10520,35595
2023-04-20 14:41:49,37,38,10520,35595
2023-04-20 14:41:54,37,39,10531,35606
2023-04-20 14:41:54,37,38,10531,35606
2023-04-20 14:42:09,37,40,10540,35618
2023-04-20 14:42:09,37,39,10540,35618
2023-04-20 14:42:13,37,40,10549,35627
2023-04-20 14:42:13,37,39,10549,35627
2023-04-20 14:42:17,37,40,10558,35636
2023-04-20 14:42:18,37,39,10558,35636
2023-04-20 14:42:21,37,40,10567,35645
2023-04-20 14:42:21,37,39,10567,35645
2023-04-20 14:42:23,39,40,10576,35654
2023-04-20 14:42:23,37,40,10576,35654
2023-04-20 14:42:23,37,39,10576,35654
2023-04-20 14:42:24,37,40,10576,35654
2023-04-20 14:42:24,40,41,10576,35657
2023-04-20 14:42:24,37,41,10576,35657
2023-04-20 14:42:25,37,40,10576,35657
2023-04-20 14:42:25,39,40,10576,35657
2023-04-20 14:42:25,40,41,10585,35666
2023-04-20 14:42:25,39,41,10585,35666
2023-04-20 14:42:26,39,40,10585,35666
2023-04-20 14:42:26,39,40,10590,35671
2023-04-20 14:42:29,39,43,10650,35731
2023-04-20 14:42:29,39,40,10650,35731
2023-04-20 14:42:29,39,43,10650,35731
2023-04-20 14:42:46,39,41,10650,35731
2023-04-20 14:42:46,39,40,10650,35731
2023-04-20 14:42:54,38,40,10650,35731
2023-04-20 14:42:58,38,40,10650,35740
2023-04-20 14:42:58,37,38,10655,35832
2023-04-20 14:43:02,37,40,10664,35841
2023-04-20 14:43:02,37,39,10664,35841
2023-04-20 14:43:03,37,39,10664,35895
2023-04-20 14:43:03,37,40,10664,35895
2023-04-20 14:43:04,37,40,10673,35904
2023-04-20 14:43:05,37,39,10673,35904
2023-04-20 14:43:07,37,40,10682,35913
2023-04-20 14:43:07,37,39,10682,35913
2023-04-20 14:43:09,37,40,10691,35922
2023-04-20 14:43:09,37,39,10691,35922
2023-04-20 14:43:11,37,40,10700,35931
2023-04-20 14:43:11,37,39,10700,35931
2023-04-20 14:43:12,35,39,10700,35943
2023-04-20 14:43:16,35,40,10709,35952
2023-04-20 14:43:16,35,39,10709,35952
2023-04-20 14:43:16,33,39,10709,35952
2023-04-20 14:43:16,34,39,10709,35952
2023-04-20 14:43:16,34,38,10709,35952
2023-04-20 14:43:16,34,37,10709,35952
2023-04-20 14:43:20,34,38,10712,35955
2023-04-20 14:43:20,34,37,10712,35955
2023-04-20 14:43:20,34,38,10712,35955
2023-04-20 14:43:20,34,37,10712,35955
2023-04-20 14:43:23,34,38,10721,35964
2023-04-20 14:43:23,34,37,10721,35964
2023-04-20 14:43:29,34,38,10730,35973
2023-04-20 14:43:30,34,37,10730,35973
2023-04-20 14:43:32,33,37,10730,35973
2023-04-20 14:43:38,37,38,10730,35976
2023-04-20 14:43:38,37,38,10739,35985
2023-04-20 14:43:39,37,38,10739,36045
2023-04-20 14:43:40,33,37,10739,36073
2023-04-20 14:43:40,33,38,10739,36073
2023-04-20 14:43:42,33,38,10714,36098
2023-04-20 14:43:43,33,37,10714,36098
2023-04-20 14:43:46,33,36,10714,36098
2023-04-20 14:43:50,33,36,10694,36123
2023-04-20 14:43:51,33,35,10694,36123
2023-04-20 14:43:55,35,36,10694,36126
2023-04-20 14:43:55,35,36,10686,36134
2023-04-20 14:43:58,35,37,10686,36134
2023-04-20 14:44:09,37,38,10690,36146
2023-04-20 14:44:09,37,38,10692,36148
2023-04-20 14:44:09,37,39,10692,36148
2023-04-20 14:44:09,37,38,10692,36148
2023-04-20 14:44:10,37,38,10692,36173
2023-04-20 14:44:13,37,38,10692,36233
2023-04-20 14:44:16,35,37,10692,36246
2023-04-20 14:44:16,35,38,10692,36246
2023-04-20 14:44:16,35,39,10692,36246
2023-04-20 14:44:16,35,38,10692,36246
2023-04-20 14:44:16,35,37,10692,36246
2023-04-20 14:44:26,37,39,10667,36365
2023-04-20 14:44:26,37,38,10667,36365
2023-04-20 14:44:26,37,38,10667,36438
2023-04-20 14:44:26,37,38,10667,36511
2023-04-20 14:44:26,37,39,10667,36511
2023-04-20 14:44:28,37,40,10667,36511
2023-04-20 14:44:31,36,40,10667,36511
2023-04-20 14:44:40,36,40,10642,36536
2023-04-20 14:44:41,37,40,10642,36536
2023-04-20 14:44:41,37,39,10642,36536
2023-04-20 14:44:42,37,38,10642,36536
2023-04-20 14:44:49,38,39,10643,36537
2023-04-20 14:45:23,38,39,10643,36597
2023-04-20 14:45:25,37,38,10640,36639
2023-04-20 14:45:25,37,39,10640,36639
2023-04-20 14:45:26,35,37,10639,36651
2023-04-20 14:45:26,35,39,10639,36651
2023-04-20 14:45:30,35,38,10639,36651
2023-04-20 14:45:41,36,38,10639,36651
2023-04-20 14:45:52,38,39,10634,36656
2023-04-20 14:45:55,36,39,10634,36656
2023-04-20 14:45:55,38,39,10634,36656
2023-04-20 14:45:57,39,40,10628,36671
2023-04-20 14:45:59,38,40,10628,36671
2023-04-20 14:46:00,38,42,10628,36671
2023-04-20 14:46:01,36,42,10628,36671
2023-04-20 14:46:01,37,42,10628,36671
2023-04-20 14:46:01,38,42,10628,36671
2023-04-20 14:46:01,38,40,10628,36671
2023-04-20 14:46:03,40,43,10628,36676
2023-04-20 14:46:03,40,42,10628,36676
2023-04-20 14:46:06,40,43,10628,36676
2023-04-20 14:46:10,39,43,10628,36676
2023-04-20 14:46:10,43,44,10637,36685
2023-04-20 14:46:10,39,44,10637,36685
2023-04-20 14:46:10,39,43,10637,36685
2023-04-20 14:46:12,39,43,10638,36686
2023-04-20 14:46:12,39,44,10638,36686
2023-04-20 14:46:16,40,43,10638,36686
2023-04-20 14:46:22,40,44,10638,36686
2023-04-20 14:46:31,40,45,10638,36686
2023-04-20 14:46:32,41,45,10638,36686
2023-04-20 14:46:38,41,45,10641,36689
2023-04-20 14:46:48,40,45,10641,36689
2023-04-20 14:46:57,40,45,10645,36693
2023-04-20 14:46:57,41,45,10645,36693
2023-04-20 14:47:05,41,44,10645,36693
2023-04-20 14:47:20,41,45,10645,36693
2023-04-20 14:47:20,41,44,10645,36693
2023-04-20 14:47:36,41,45,10645,36693
2023-04-20 14:47:36,42,45,10645,36693
2023-04-20 14:47:46,42,45,10648,36696
2023-04-20 14:47:52,41,45,10648,36696
2023-04-20 14:47:52,41,44,10648,36696
2023-04-20 14:47:54,40,41,10640,36704
2023-04-20 14:47:54,40,44,10640,36704
2023-04-20 14:48:05,41,44,10640,36704
2023-04-20 14:48:11,41,44,10645,36709
2023-04-20 14:48:25,41,45,10645,36709
2023-04-20 14:48:25,41,44,10645,36709
2023-04-20 14:48:38,41,45,10645,36709
2023-04-20 14:48:38,41,44,10645,36709
2023-04-20 14:48:42,41,44,10670,36734
2023-04-20 14:48:42,42,44,10670,36734
2023-04-20 14:48:46,41,42,10667,36737
2023-04-20 14:48:46,41,44,10667,36737
2023-04-20 14:48:48,42,44,10667,36737
2023-04-20 14:48:48,42,44,10607,36797
2023-04-20 14:48:49,41,42,10607,37187
2023-04-20 14:48:50,39,41,10607,37249
2023-04-20 14:48:51,37,39,10594,37277
2023-04-20 14:48:51,37,41,10594,37277
2023-04-20 14:48:54,38,41,10594,37277
2023-04-20 14:48:56,39,41,10594,37277
2023-04-20 14:48:56,38,39,10565,37306
2023-04-20 14:48:56,38,41,10565,37306
2023-04-20 14:48:59,37,41,10565,37306
2023-04-20 14:49:04,37,40,10565,37306
2023-04-20 14:49:04,37,40,10505,37366
2023-04-20 14:49:05,37,40,10445,37426
2023-04-20 14:49:06,36,37,10447,37431
2023-04-20 14:49:07,36,40,10447,37431
2023-04-20 14:49:12,35,40,10447,37431
2023-04-20 14:49:12,35,38,10447,37431
2023-04-20 14:49:25,35,38,10447,37491
2023-04-20 14:49:26,35,40,10447,37491
2023-04-20 14:49:26,35,39,10447,37491
2023-04-20 14:49:26,35,37,10447,37491
2023-04-20 14:49:28,33,37,10447,37491
2023-04-20 14:49:41,33,38,10447,37491
2023-04-20 14:49:42,33,36,10447,37491
2023-04-20 14:49:57,33,38,10447,37491
2023-04-20 14:49:57,33,37,10447,37491
2023-04-20 14:49:57,33,36,10447,37491
2023-04-20 14:49:58,33,36,10422,37516
2023-04-20 14:50:04,34,36,10422,37516
2023-04-20 14:50:06,36,37,10422,37691
2023-04-20 14:50:11,37,38,10414,37699
2023-04-20 14:50:15,36,41,10414,37699
2023-04-20 14:50:17,36,40,10414,37699
2023-04-20 14:50:17,36,39,10414,37699
2023-04-20 14:50:23,36,39,10364,37749
2023-04-20 14:50:28,36,40,10364,37749
2023-04-20 14:50:28,36,39,10364,37749
2023-04-20 14:50:30,36,39,10314,37799
2023-04-20 14:50:31,39,41,10314,37885
2023-04-20 14:50:32,36,39,10314,37915
2023-04-20 14:50:32,36,41,10314,37915
2023-04-20 14:50:35,38,41,10314,37915
2023-04-20 14:50:36,38,42,10314,37915
2023-04-20 14:50:38,38,43,10314,37915
2023-04-20 14:50:42,38,42,10314,37915
2023-04-20 14:50:43,38,41,10314,37915
2023-04-20 14:50:55,38,40,10314,37915
2023-04-20 14:51:13,39,40,10314,37915
2023-04-20 14:51:18,38,39,10314,37920
2023-04-20 14:51:18,38,40,10314,37920
2023-04-20 14:51:20,39,40,10314,37920
2023-04-20 14:51:20,38,40,10314,37920
2023-04-20 14:51:34,38,39,10314,37920
2023-04-20 14:51:37,38,40,10314,37920
2023-04-20 14:51:41,37,40,10314,37920
2023-04-20 14:51:42,37,39,10314,37920
2023-04-20 14:52:23,38,39,10314,37920
2023-04-20 14:52:24,37,39,10314,37920
2023-04-20 14:53:11,36,37,10319,37930
2023-04-20 14:53:11,36,39,10319,37930
2023-04-20 14:53:12,37,39,10319,37930
2023-04-20 14:53:12,36,39,10319,37930
2023-04-20 14:53:12,36,37,10319,37930
2023-04-20 14:53:13,36,38,10319,37930
2023-04-20 14:53:17,35,38,10319,37930
2023-04-20 14:53:20,35,37,10319,37930
2023-04-20 14:53:39,36,37,10319,37930
2023-04-20 14:53:46,37,38,10311,37993
2023-04-20 14:53:46,37,39,10311,37993
2023-04-20 14:53:49,36,39,10311,37993
2023-04-20 14:54:02,38,39,10311,37993
2023-04-20 14:54:12,38,40,10302,38023
2023-04-20 14:54:14,40,41,10302,38034
2023-04-20 14:54:16,38,41,10302,38034
2023-04-20 14:54:17,40,41,10302,38034
2023-04-20 14:54:17,40,42,10302,38034
2023-04-20 14:54:17,40,43,10302,38034
2023-04-20 14:54:18,40,44,10302,38034
2023-04-20 14:54:22,41,44,10302,38034
2023-04-20 14:54:38,40,41,10302,38037
2023-04-20 14:54:38,40,44,10302,38037
2023-04-20 14:54:39,39,44,10302,38037
2023-04-20 14:54:39,39,43,10302,38037
2023-04-20 14:55:04,40,43,10302,38037
2023-04-20 14:55:05,39,43,10302,38037
2023-04-20 14:55:12,39,42,10302,38037
2023-04-20 14:55:18,38,39,10316,38081
2023-04-20 14:55:18,38,42,10316,38081
2023-04-20 14:55:19,38,41,10316,38081
2023-04-20 14:55:20,39,41,10316,38081
2023-04-20 14:55:20,38,41,10316,38081
2023-04-20 14:55:20,38,40,10316,38081
2023-04-20 14:55:29,38,41,10316,38081
2023-04-20 14:55:34,38,42,10316,38081
2023-04-20 14:55:36,38,41,10316,38081
2023-04-20 14:55:52,39,41,10316,38081
2023-04-20 14:55:57,38,39,10352,38117
2023-04-20 14:55:57,38,41,10352,38117
2023-04-20 14:56:04,38,40,10352,38117
2023-04-20 14:56:07,40,41,10302,38171
2023-04-20 14:56:09,39,41,10302,38171
2023-04-20 14:56:10,39,42,10302,38171
2023-04-20 14:56:10,41,42,10302,38171
2023-04-20 14:56:44,42,43,10302,38176
2023-04-20 14:56:44,41,43,10302,38176
2023-04-20 14:56:50,42,43,10302,38176
2023-04-20 14:56:53,43,44,10302,38186
2023-04-20 14:56:55,43,44,10302,38189
2023-04-20 14:56:55,43,47,10302,38189
2023-04-20 14:56:55,43,46,10302,38189
2023-04-20 14:56:56,43,47,10302,38189
2023-04-20 14:56:56,43,46,10302,38189
2023-04-20 14:56:56,42,46,10302,38189
2023-04-20 14:56:58,43,46,10302,38189
2023-04-20 14:57:05,44,46,10302,38189
2023-04-20 14:57:20,46,50,10302,38194
2023-04-20 14:57:20,44,50,10302,38194
2023-04-20 14:57:20,44,51,10302,38194
2023-04-20 14:57:20,45,51,10302,38194
2023-04-20 14:57:20,44,51,10302,38194
2023-04-20 14:57:20,45,51,10302,38194
2023-04-20 14:57:21,44,51,10302,38194
2023-04-20 14:57:21,45,51,10302,38194
2023-04-20 14:57:21,44,51,10302,38194
2023-04-20 14:57:22,45,51,10302,38194
2023-04-20 14:57:22,46,51,10302,38194
2023-04-20 14:57:22,46,50,10302,38194
2023-04-20 14:57:34,47,50,10302,38194
2023-04-20 14:57:47,47,51,10302,38194
2023-04-20 14:57:52,48,51,10302,38194
2023-04-20 14:58:08,47,51,10302,38194
2023-04-20 14:58:08,48,51,10302,38194
2023-04-20 14:58:23,47,51,10302,38194
2023-04-20 14:58:38,49,51,10302,38194
2023-04-20 14:58:53,48,51,10302,38194
2023-04-20 14:59:08,47,51,10302,38194
2023-04-20 14:59:08,47,50,10302,38194
2023-04-20 14:59:11,47,49,10302,38194
2023-04-20 14:59:20,49,50,10302,38201
2023-04-20 14:59:20,49,51,10302,38201
2023-04-20 14:59:31,49,53,10302,38306
2023-04-20 14:59:35,48,53,10302,38306
2023-04-20 14:59:37,49,53,10302,38306
2023-04-20 14:59:54,48,53,10302,38306
2023-04-20 14:59:54,48,52,10302,38306
2023-04-20 15:00:07,48,53,10302,38306
2023-04-20 15:00:11,49,53,10302,38306
2023-04-20 15:00:12,49,53,10302,38366
2023-04-20 15:00:23,50,53,10302,38366
2023-04-20 15:00:31,50,54,10302,38471
2023-04-20 15:00:38,50,53,10302,38471
2023-04-20 15:00:45,51,53,10302,38471
2023-04-20 15:00:54,51,54,10302,38471
2023-04-20 15:00:55,51,55,10302,38471
2023-04-20 15:01:03,52,55,10302,38471
2023-04-20 15:01:09,52,54,10302,38471
2023-04-20 15:01:19,53,54,10302,38471
2023-04-20 15:01:26,52,54,10302,38471
2023-04-20 15:01:27,53,54,10302,38471
2023-04-20 15:01:35,53,55,10307,38476
2023-04-20 15:01:38,53,56,10312,38481
2023-04-20 15:01:42,53,57,10313,38482
2023-04-20 15:01:43,53,56,10313,38482
2023-04-20 15:01:43,53,57,10313,38482
2023-04-20 15:01:45,52,57,10313,38482
2023-04-20 15:01:46,53,57,10313,38482
2023-04-20 15:01:46,52,57,10313,38482
2023-04-20 15:01:46,53,57,10313,38482
2023-04-20 15:01:47,52,57,10313,38482
2023-04-20 15:01:47,53,57,10313,38482
2023-04-20 15:01:47,52,57,10313,38482
2023-04-20 15:01:50,53,57,10313,38482
2023-04-20 15:01:55,53,56,10313,38482
2023-04-20 15:02:02,54,56,10313,38482
2023-04-20 15:02:43,55,56,10313,38482
2023-04-20 15:02:47,55,57,10002,38798
2023-04-20 15:02:51,57,58,10002,38803
2023-04-20 15:02:59,57,58,9998,38807
2023-04-20 15:03:03,54,58,9998,38807
2023-04-20 15:03:03,55,58,9998,38807
2023-04-20 15:03:06,55,57,9998,38807
2023-04-20 15:03:10,54,57,9998,38807
2023-04-20 15:03:15,54,55,9998,38807
2023-04-20 15:03:20,53,55,9998,38807
2023-04-20 15:03:20,53,54,9998,38807
2023-04-20 15:03:20,53,55,9998,38807
2023-04-20 15:03:21,52,55,9998,38807
2023-04-20 15:03:29,52,54,9998,38807
2023-04-20 15:03:29,52,53,9998,38807
2023-04-20 15:03:34,49,52,9998,38825
2023-04-20 15:03:34,49,53,9998,38825
2023-04-20 15:03:36,50,53,9998,38825
2023-04-20 15:03:37,50,52,9998,38825
2023-04-20 15:03:50,49,50,9998,38858
2023-04-20 15:03:50,49,52,9998,38858
2023-04-20 15:03:51,48,49,9998,38881
2023-04-20 15:03:51,48,52,9998,38881
2023-04-20 15:03:53,48,51,9998,38881
2023-04-20 15:03:53,48,50,9998,38881
2023-04-20 15:03:53,47,50,9998,38881
2023-04-20 15:03:54,47,49,9998,38881
2023-04-20 15:03:55,45,49,9998,38881
2023-04-20 15:04:00,45,47,9998,38881
2023-04-20 15:04:01,45,47,9998,38941
2023-04-20 15:04:02,44,45,9998,38997
2023-04-20 15:04:02,44,47,9998,38997
2023-04-20 15:04:02,43,47,9998,38997
2023-04-20 15:04:03,43,47,9998,39057
2023-04-20 15:04:04,43,47,9998,39117
2023-04-20 15:04:04,43,45,9998,39117
2023-04-20 15:04:04,42,45,9998,39117
2023-04-20 15:04:05,42,44,9998,39117
2023-04-20 15:04:05,42,45,9998,39117
2023-04-20 15:04:05,42,44,9998,39117
2023-04-20 15:04:05,42,45,9998,39117
2023-04-20 15:04:06,41,45,9998,39117
2023-04-20 15:04:09,41,44,9998,39117
2023-04-20 15:04:09,40,44,9998,39117
2023-04-20 15:04:09,40,43,9998,39117
2023-04-20 15:04:16,39,40,9998,39168
2023-04-20 15:04:16,39,43,9998,39168
2023-04-20 15:04:17,38,43,9998,39168
2023-04-20 15:04:18,41,43,9998,39168
2023-04-20 15:04:18,41,44,9998,39168
2023-04-20 15:04:18,41,43,9998,39168
2023-04-20 15:04:18,39,41,10030,39203
2023-04-20 15:04:18,39,43,10030,39203
2023-04-20 15:04:19,38,43,10030,39203
2023-04-20 15:04:19,38,41,10030,39203
2023-04-20 15:04:20,38,41,10030,39263
2023-04-20 15:04:22,37,41,10030,39263
2023-04-20 15:04:22,35,41,10030,39263
2023-04-20 15:04:22,35,40,10030,39263
2023-04-20 15:04:25,35,39,10030,39263
2023-04-20 15:04:29,34,39,10030,39263
2023-04-20 15:04:29,35,39,10030,39263
2023-04-20 15:04:29,34,39,10030,39263
2023-04-20 15:04:29,34,37,10030,39263
2023-04-20 15:04:29,33,37,10030,39263
2023-04-20 15:04:34,33,36,10030,39263
2023-04-20 15:04:39,33,34,10030,39263
2023-04-20 15:04:53,33,35,10030,39263
2023-04-20 15:04:53,33,34,10030,39263
2023-04-20 15:05:09,33,36,10030,39263
2023-04-20 15:05:11,33,35,10030,39263
2023-04-20 15:05:13,33,34,10030,39263
2023-04-20 15:05:16,31,33,10035,39268
2023-04-20 15:05:19,31,32,10035,39268
2023-04-20 15:05:33,30,31,10040,39274
2023-04-20 15:05:34,29,30,10040,39275
2023-04-20 15:05:57,28,29,10040,39280
2023-04-20 15:05:57,26,29,10040,39280
2023-04-20 15:06:05,26,28,10040,39280
2023-04-20 15:06:05,25,28,10040,39280
2023-04-20 15:06:16,26,28,10040,39280
2023-04-20 15:06:16,27,28,10040,39280
2023-04-20 15:06:18,28,29,10040,39302
2023-04-20 15:06:20,28,29,9740,39602
2023-04-20 15:06:20,28,29,9728,39614
2023-04-20 15:06:21,28,29,9428,39914
2023-04-20 15:06:22,27,29,9428,39914
2023-04-20 15:06:22,27,30,9428,39914
2023-04-20 15:06:22,29,30,9428,39914
2023-04-20 15:06:24,30,31,9425,39917
2023-04-20 15:06:28,27,31,9425,39917
2023-04-20 15:06:32,27,30,9425,39917
2023-04-20 15:06:32,30,31,9422,39921
2023-04-20 15:06:36,30,32,9422,39921
2023-04-20 15:06:37,28,32,9422,39921
2023-04-20 15:06:38,28,33,9422,39924
2023-04-20 15:06:38,28,30,9422,39924
2023-04-20 15:06:47,28,29,9422,39924
2023-04-20 15:06:47,28,30,9122,40224
2023-04-20 15:06:48,28,30,8837,40524
2023-04-20 15:06:49,28,30,8837,40824
2023-04-20 15:06:50,28,29,8837,40824
2023-04-20 15:06:50,29,30,8837,40827
2023-04-20 15:06:51,29,30,8837,41127
2023-04-20 15:06:52,29,30,8793,41171
2023-04-20 15:06:52,30,34,8793,41317
2023-04-20 15:06:53,30,34,8793,41320
2023-04-20 15:06:56,30,33,8793,41320
2023-04-20 15:07:22,32,33,8793,41320
2023-04-20 15:07:36,30,33,8793,41320
2023-04-20 15:07:36,30,35,8793,41320
2023-04-20 15:07:37,30,34,8793,41320
2023-04-20 15:07:37,30,35,8793,41320
2023-04-20 15:07:37,32,35,8793,41320
2023-04-20 15:07:37,32,36,8793,41320
2023-04-20 15:07:37,32,35,8793,41320
2023-04-20 15:08:28,32,34,8793,41320
2023-04-20 15:08:30,32,33,8793,41320
2023-04-20 15:08:36,33,34,8793,41323
2023-04-20 15:08:38,34,35,8836,41366
2023-04-20 15:08:58,34,36,8836,41369
2023-04-20 15:08:58,34,37,8836,41369
2023-04-20 15:09:10,35,37,8836,41369
2023-04-20 15:09:11,35,38,8836,41369
2023-04-20 15:09:24,35,37,8836,41369
2023-04-20 15:09:30,34,37,8836,41369
2023-04-20 15:09:30,33,37,8836,41369
2023-04-20 15:09:31,33,36,8836,41369
2023-04-20 15:09:45,35,36,8836,41369
2023-04-20 15:10:09,33,35,9841,42374
2023-04-20 15:10:14,32,33,9846,42379
2023-04-20 15:10:17,31,33,9846,42379
2023-04-20 15:10:18,31,32,9846,42379
2023-04-20 15:10:25,30,31,9851,42384
2023-04-20 15:10:26,28,31,9851,42384
2023-04-20 15:10:33,27,31,9851,42384
2023-04-20 15:10:33,27,30,9851,42384
2023-04-20 15:10:33,26,30,9851,42384
2023-04-20 15:10:33,26,29,9851,42384
2023-04-20 15:10:34,25,29,9851,42384
2023-04-20 15:10:49,26,29,9851,42384
2023-04-20 15:10:50,26,29,9851,42385
2023-04-20 15:10:55,25,29,9851,42385
2023-04-20 15:10:57,25,28,9851,42385
2023-04-20 15:11:00,25,27,9851,42385
2023-04-20 15:11:07,25,27,9851,42386
2023-04-20 15:11:12,25,26,9851,42386
2023-04-20 15:11:27,25,26,9905,42440
2023-04-20 15:11:33,25,26,10088,42623
2023-04-20 15:11:40,25,26,10096,42631
2023-04-20 15:11:45,25,26,10105,42640
2023-04-20 15:11:52,25,28,10105,42640
2023-04-20 15:11:52,25,26,10105,42640
2023-04-20 15:12:00,25,27,10105,42640
2023-04-20 15:12:02,25,28,10105,42640
2023-04-20 15:12:12,25,28,10109,42644
2023-04-20 15:12:24,25,28,10162,42697
2023-04-20 15:12:30,25,27,10162,42697
2023-04-20 15:12:46,25,26,10162,42697
2023-04-20 15:12:48,25,26,10166,42701
2023-04-20 15:13:01,24,25,10166,42891
2023-04-20 15:13:02,23,25,10166,42891
2023-04-20 15:13:02,23,24,10166,42891
2023-04-20 15:13:16,22,23,10171,42897
2023-04-20 15:13:17,20,23,10171,42897
2023-04-20 15:13:30,20,22,10171,42897
2023-04-20 15:13:33,21,22,10171,42897
2023-04-20 15:14:10,21,24,10171,42897
2023-04-20 15:14:11,21,23,10171,42897
2023-04-20 15:14:22,21,22,10171,42897
2023-04-20 15:14:22,20,22,10366,43093
2023-04-20 15:14:54,20,22,10375,43102
2023-04-20 15:14:54,20,22,10460,43187
2023-04-20 15:14:54,20,22,10477,43204
2023-04-20 15:14:54,20,22,10494,43221
2023-04-20 15:14:54,20,22,10511,43238
2023-04-20 15:14:54,20,22,10520,43247
2023-04-20 15:14:54,20,22,10537,43264
2023-04-20 15:14:54,20,22,10571,43298
2023-04-20 15:14:54,20,22,10588,43315
2023-04-20 15:14:54,20,22,10605,43332
2023-04-20 15:14:54,16,22,10621,43355
2023-04-20 15:14:54,16,22,10621,43364
2023-04-20 15:14:54,16,20,10621,43364
2023-04-20 15:15:00,16,19,10621,43364
2023-04-20 15:15:17,15,19,10621,43364
2023-04-20 15:15:26,15,19,10622,43365
2023-04-20 15:15:32,17,19,10622,43365
2023-04-20 15:15:47,15,19,10638,43382
2023-04-20 15:15:57,15,18,10638,43382
2023-04-20 15:16:03,16,18,10638,43382
2023-04-20 15:16:26,16,17,10638,43382
2023-04-20 15:16:35,15,17,10638,43384
2023-04-20 15:16:35,15,17,10702,43448
2023-04-20 15:16:41,14,15,10876,43622
2023-04-20 15:17:14,14,16,10876,43622
2023-04-20 15:17:35,14,15,10876,43622
2023-04-20 15:17:35,13,15,10881,43629
2023-04-20 15:18:11,13,14,10881,43629
2023-04-20 15:18:26,13,14,10879,43631
2023-04-20 15:18:38,12,13,10884,43639
2023-04-20 15:19:20,13,14,10884,43642
2023-04-20 15:19:35,13,15,11173,43942
2023-04-20 15:19:37,13,14,11173,43942
2023-04-20 15:19:48,13,15,11175,43947
2023-04-20 15:20:01,12,15,11577,44349
2023-04-20 15:20:05,12,13,11577,44349
2023-04-20 15:20:34,11,12,11577,44604
2023-04-20 15:20:36,9,11,11577,44606
2023-04-20 15:20:41,10,11,11577,44606
2023-04-20 15:21:07,7,9,11827,44859
2023-04-20 15:21:14,7,9,12127,45159
2023-04-20 15:21:14,7,8,12127,45159
2023-04-20 15:21:15,8,9,12124,45162
2023-04-20 15:21:16,8,11,12124,45162
2023-04-20 15:21:19,9,11,12124,45162
2023-04-20 15:21:20,9,13,12124,45162
2023-04-20 15:21:20,9,14,12124,45162
2023-04-20 15:21:20,9,13,12124,45162
2023-04-20 15:21:21,9,14,12124,45162
2023-04-20 15:21:21,9,13,12124,45162
2023-04-20 15:21:21,9,14,12124,45162
2023-04-20 15:21:22,9,13,12124,45162
2023-04-20 15:21:22,9,14,12124,45162
2023-04-20 15:21:22,9,13,12124,45162
2023-04-20 15:21:23,9,14,12124,45162
2023-04-20 15:21:23,9,13,12124,45162
2023-04-20 15:21:24,9,14,12124,45162
2023-04-20 15:21:33,9,13,12124,45162
2023-04-20 15:21:38,10,13,12124,45162
2023-04-20 15:21:52,9,13,12124,45162
2023-04-20 15:22:26,10,12,12124,45162
2023-04-20 15:23:04,9,12,12124,45162
2023-04-20 15:23:04,9,13,12124,45162
2023-04-20 15:23:04,9,10,12124,45162
2023-04-20 15:23:29,9,10,12179,45217
2023-04-20 15:24:11,9,11,12179,45217
2023-04-20 15:24:15,8,11,12320,45507
2023-04-20 15:24:20,9,11,12320,45507
2023-04-20 15:24:37,8,11,12320,45507
2023-04-20 15:24:45,8,10,12320,45507
2023-04-20 15:24:51,8,9,12320,45507
2023-04-20 15:25:44,8,9,12325,45517
2023-04-20 15:25:47,7,8,12325,45643
2023-04-20 15:26:30,6,8,12325,45643
2023-04-20 15:26:31,6,7,12325,45643
2023-04-20 15:27:40,6,8,12322,45646
2023-04-20 15:27:47,6,8,12522,45846
2023-04-20 15:28:15,6,7,12522,45846
2023-04-20 15:28:20,4,7,12577,45904
2023-04-20 15:28:20,4,6,12577,45904
2023-04-20 15:28:27,4,7,12577,45904
2023-04-20 15:28:41,5,7,12577,45904
2023-04-20 15:30:31,6,7,12577,45904
2023-04-20 15:30:38,6,8,12569,45912
2023-04-20 15:30:43,6,10,12689,46053
2023-04-20 15:31:04,6,9,12689,46053
2023-04-20 15:31:17,7,9,12689,46053
2023-04-20 15:31:22,8,9,12689,46053
2023-04-20 15:31:23,9,13,12669,46073
2023-04-20 15:31:59,9,12,12669,46073
2023-04-20 15:32:10,9,10,12669,46073
2023-04-20 15:32:13,10,12,12669,46173
2023-04-20 15:32:13,10,12,12666,46176
2023-04-20 15:32:17,10,14,12666,46176
2023-04-20 15:32:31,10,13,12666,46176
2023-04-20 15:32:43,10,13,10666,48176
2023-04-20 15:32:57,10,12,10666,48176
2023-04-20 15:32:58,9,12,10666,48176
2023-04-20 15:32:59,8,12,10666,48176
2023-04-20 15:33:05,8,12,10666,48188
2023-04-20 15:33:26,9,12,10666,48188
2023-04-20 15:33:38,9,11,10666,48188
2023-04-20 15:33:44,8,9,10466,48388
2023-04-20 15:33:45,7,9,10466,48388
2023-04-20 15:33:47,7,8,10466,48388
2023-04-20 15:34:00,8,9,10463,48391
2023-04-20 15:34:05,8,12,10463,48391
2023-04-20 15:34:12,8,13,10463,48391
2023-04-20 15:34:12,9,13,10463,48391
2023-04-20 15:34:44,9,12,10463,48391
2023-04-20 15:35:07,10,12,10463,48391
2023-04-20 15:35:14,9,10,9596,49258
2023-04-20 15:35:27,9,10,9595,49259
2023-04-20 15:35:36,7,10,9595,49259
2023-04-20 15:35:37,8,10,9595,49259
2023-04-20 15:35:37,8,9,9595,49259
2023-04-20 15:35:45,8,9,9593,49261
2023-04-20 15:35:48,7,9,9593,49261
2023-04-20 15:35:48,7,11,9593,49261
2023-04-20 15:35:49,7,10,9593,49261
2023-04-20 15:36:01,8,10,9593,49261
2023-04-20 15:36:05,8,9,9593,49261
2023-04-20 15:36:39,7,9,9591,49268
2023-04-20 15:37:01,5,9,9591,49273
2023-04-20 15:37:03,5,7,9591,49273
2023-04-20 15:37:14,5,6,9591,49273
2023-04-20 15:37:28,6,7,9588,49276
2023-04-20 15:37:43,7,9,9588,49281
2023-04-20 15:37:46,6,9,9588,49281
2023-04-20 15:37:47,7,9,9588,49281
2023-04-20 15:38:11,7,12,9588,49281
2023-04-20 15:38:11,8,12,9588,49281
2023-04-20 15:38:12,8,11,9588,49281
2023-04-20 15:38:13,7,11,9588,49281
2023-04-20 15:38:34,8,11,9588,49281
2023-04-20 15:38:35,7,11,9588,49281
2023-04-20 15:38:47,7,9,9588,49281
2023-04-20 15:38:55,8,9,9588,49281
2023-04-20 15:39:15,8,9,8674,50195
2023-04-20 15:39:20,8,11,8674,50418
2023-04-20 15:39:49,8,13,8674,50418
2023-04-20 15:39:49,8,12,8674,50418
2023-04-20 15:39:52,10,12,8674,50418
2023-04-20 15:39:57,8,12,8674,50615
2023-04-20 15:39:58,8,10,8674,50615
2023-04-20 15:39:59,8,13,9015,52961
2023-04-20 15:39:59,9,13,9015,52961
2023-04-20 15:40:01,9,14,9015,52961
2023-04-20 15:40:01,9,12,9015,52961
2023-04-20 15:40:02,11,12,9015,52961
2023-04-20 15:40:05,11,14,9015,52961
2023-04-20 15:40:05,11,13,9015,52961
2023-04-20 15:40:07,11,13,8818,53158
2023-04-20 15:40:34,9,11,8823,53307
2023-04-20 15:40:40,9,11,9156,53640
2023-04-20 15:40:41,9,10,9156,53640
2023-04-20 15:40:55,8,10,9156,53640
2023-04-20 15:40:55,8,13,9156,53640
2023-04-20 15:41:18,8,10,9156,53640
2023-04-20 15:41:33,8,9,9156,53640
2023-04-20 15:42:12,10,12,9156,53643
2023-04-20 15:42:12,10,11,9156,53643
2023-04-20 15:42:22,10,12,9156,53643
2023-04-20 15:42:22,10,11,9156,53643
2023-04-20 15:42:22,8,11,9328,53815
2023-04-20 15:42:37,8,10,9328,53815
2023-04-20 15:42:37,8,9,9328,53815
2023-04-20 15:42:39,8,9,9332,53820
2023-04-20 15:42:44,8,10,9332,53820
2023-04-20 15:42:44,8,9,9332,53820
2023-04-20 15:42:45,7,9,9332,53820
2023-04-20 15:42:45,7,10,9332,53820
2023-04-20 15:42:46,7,9,9332,53820
2023-04-20 15:42:59,6,9,9337,53828
2023-04-20 15:43:17,6,8,9337,53828
2023-04-20 15:43:25,5,6,9336,53834
2023-04-20 15:43:31,4,6,9375,53884
2023-04-20 15:43:38,4,5,9375,53884
2023-04-20 15:43:46,4,8,9375,54169
2023-04-20 15:43:46,4,7,9375,54169
2023-04-20 15:43:53,4,8,9375,54169
2023-04-20 15:44:01,4,7,9375,54169
2023-04-20 15:44:05,5,7,9375,54169
2023-04-20 15:44:09,5,8,9375,54169
2023-04-20 15:44:25,5,10,9375,54169
2023-04-20 15:44:25,5,9,9375,54169
2023-04-20 15:44:34,5,8,9375,54169
2023-04-20 15:44:34,5,7,9375,54169
2023-04-20 15:44:47,4,7,9380,54177
2023-04-20 15:44:53,3,7,9385,54182
2023-04-20 15:45:10,3,7,9385,54393
2023-04-20 15:45:15,3,6,9385,54393
2023-04-20 15:45:28,3,7,9385,54393
2023-04-20 15:45:28,3,9,9385,54393
2023-04-20 15:45:29,3,8,9385,54393
2023-04-20 15:45:54,3,7,9385,54393
2023-04-20 15:45:55,3,8,9385,54393
2023-04-20 15:45:56,4,8,9385,54393
2023-04-20 15:46:05,4,9,9385,54393
2023-04-20 15:46:18,5,9,9385,54393
2023-04-20 15:46:29,4,9,9385,54393
2023-04-20 15:46:37,4,8,9385,54393
2023-04-20 15:46:57,3,8,9385,54393
2023-04-20 15:46:57,3,7,9385,54393
2023-04-20 15:47:31,3,6,9385,54393
2023-04-20 15:47:33,3,7,9385,54393
2023-04-20 15:47:34,3,6,9385,54393
2023-04-20 15:47:35,3,7,9385,54393
2023-04-20 15:47:50,3,6,9385,54393
2023-04-20 15:47:59,3,6,9385,54403
2023-04-20 15:48:01,3,5,9385,54403
2023-04-20 15:48:03,3,6,9385,54403
2023-04-20 15:48:21,3,5,9385,54403
2023-04-20 15:48:42,3,4,9385,54403
2023-04-20 15:49:25,3,6,9385,54403
2023-04-20 15:49:50,3,5,9385,54403
2023-04-20 15:49:53,4,5,9385,54403
2023-04-20 15:50:01,3,5,9385,54403
2023-04-20 15:50:04,3,6,9385,54403
2023-04-20 15:50:08,3,5,9385,54403
2023-04-20 15:50:08,2,5,9510,54528
2023-04-20 15:50:12,2,6,9510,54528
2023-04-20 15:50:12,2,5,9510,54528
2023-04-20 15:50:13,2,6,9510,54528
2023-04-20 15:50:13,2,3,9510,54528
2023-04-20 15:50:13,2,6,9510,54528
2023-04-20 15:50:15,2,5,9510,54531
2023-04-20 15:50:58,3,5,9510,54531
2023-04-20 15:50:59,2,5,9510,54531
2023-04-20 15:51:02,4,5,9510,54531
2023-04-20 15:51:09,4,5,9510,54631
