datetime,bid,ask,open_interest,volume
2023-12-06 09:30:01,25,37,9,9
2023-12-06 09:30:01,0,37,9,9
2023-12-06 09:30:01,0,39,9,9
2023-12-06 09:30:01,0,99,9,9
2023-12-06 09:30:01,0,98,9,9
2023-12-06 09:31:00,0,38,9,9
2023-12-06 09:31:00,35,38,9,9
2023-12-06 09:31:00,36,38,9,9
2023-12-06 09:31:05,35,38,9,9
2023-12-06 09:31:06,36,38,9,9
2023-12-06 09:31:41,35,38,9,9
2023-12-06 09:32:01,35,37,9,9
2023-12-06 09:32:03,34,37,9,9
2023-12-06 09:32:03,35,37,9,9
2023-12-06 09:32:28,34,37,9,9
2023-12-06 09:32:28,35,37,9,9
2023-12-06 09:32:30,34,37,9,9
2023-12-06 09:32:32,35,37,9,9
2023-12-06 09:33:02,34,37,9,9
2023-12-06 09:33:15,35,37,9,9
2023-12-06 09:33:16,35,37,46,46
2023-12-06 09:33:18,34,37,46,46
2023-12-06 09:33:40,35,37,46,46
2023-12-06 09:35:16,34,37,46,46
2023-12-06 09:35:36,35,37,46,46
2023-12-06 09:35:36,36,37,46,46
2023-12-06 09:35:36,35,37,249,249
2023-12-06 09:35:36,36,37,249,249
2023-12-06 09:35:38,36,37,286,286
2023-12-06 09:35:48,34,37,286,286
2023-12-06 09:35:48,35,37,286,286
2023-12-06 09:35:54,34,37,286,286
2023-12-06 09:35:55,35,37,286,286
2023-12-06 09:36:02,34,37,286,286
2023-12-06 09:36:25,35,37,286,286
2023-12-06 09:36:25,35,37,346,346
2023-12-06 09:36:28,34,37,346,346
2023-12-06 09:36:35,35,37,346,346
2023-12-06 09:36:38,34,37,346,346
2023-12-06 09:36:38,35,37,346,346
2023-12-06 09:36:40,34,37,346,346
2023-12-06 09:36:40,35,37,346,346
2023-12-06 09:37:07,34,37,346,346
2023-12-06 09:37:13,35,37,346,346
2023-12-06 09:37:14,34,37,346,346
2023-12-06 09:37:44,34,36,346,346
2023-12-06 09:37:45,34,37,346,346
2023-12-06 09:37:45,34,36,346,346
2023-12-06 09:37:46,34,37,346,346
2023-12-06 09:38:04,35,37,346,346
2023-12-06 09:38:09,34,37,346,346
2023-12-06 09:38:09,35,37,346,346
2023-12-06 09:38:19,34,37,346,346
2023-12-06 09:38:24,35,37,346,346
2023-12-06 09:38:24,36,37,346,346
2023-12-06 09:38:27,36,37,466,466
2023-12-06 09:38:28,34,37,481,481
2023-12-06 09:38:29,35,37,481,481
2023-12-06 09:38:30,34,37,622,622
2023-12-06 09:38:30,35,37,622,622
2023-12-06 09:38:35,35,36,622,622
2023-12-06 09:38:36,35,36,728,728
2023-12-06 09:38:36,33,36,728,728
2023-12-06 09:38:36,34,36,728,728
2023-12-06 09:38:43,33,36,728,728
2023-12-06 09:38:44,34,36,728,728
2023-12-06 09:38:44,33,36,728,728
2023-12-06 09:38:45,34,36,728,728
2023-12-06 09:38:47,33,36,728,728
2023-12-06 09:39:00,34,36,728,728
2023-12-06 09:39:23,34,35,728,728
2023-12-06 09:39:23,34,35,788,788
2023-12-06 09:39:36,33,35,788,788
2023-12-06 09:39:36,34,35,788,788
2023-12-06 09:40:02,34,35,826,826
2023-12-06 09:40:10,33,35,935,935
2023-12-06 09:40:10,34,35,935,935
2023-12-06 09:40:11,33,35,935,935
2023-12-06 09:40:11,34,35,935,935
2023-12-06 09:40:31,33,35,935,935
2023-12-06 09:40:39,34,35,935,935
2023-12-06 09:40:51,33,35,935,935
2023-12-06 09:40:53,34,35,935,935
2023-12-06 09:40:53,33,35,935,935
2023-12-06 09:40:54,34,35,935,935
2023-12-06 09:41:29,33,35,935,935
2023-12-06 09:41:37,34,35,935,935
2023-12-06 09:41:43,33,35,935,935
2023-12-06 09:41:43,34,35,935,935
2023-12-06 09:41:46,34,36,935,935
2023-12-06 09:42:01,35,36,935,935
2023-12-06 09:42:02,35,37,935,935
2023-12-06 09:42:02,35,36,935,935
2023-12-06 09:42:02,34,36,935,935
2023-12-06 09:42:08,34,37,935,935
2023-12-06 09:42:08,34,36,935,935
2023-12-06 09:42:15,35,36,935,935
2023-12-06 09:42:15,34,36,935,935
2023-12-06 09:42:16,35,36,935,935
2023-12-06 09:42:24,34,36,935,935
2023-12-06 09:42:29,34,37,935,935
2023-12-06 09:42:32,34,36,935,935
2023-12-06 09:42:34,34,37,935,935
2023-12-06 09:42:35,34,36,935,935
2023-12-06 09:42:37,34,37,935,935
2023-12-06 09:42:40,35,37,935,935
2023-12-06 09:42:42,34,37,935,935
2023-12-06 09:42:43,35,37,935,935
2023-12-06 09:42:44,34,37,935,935
2023-12-06 09:42:44,35,37,935,935
2023-12-06 09:42:49,34,37,935,935
2023-12-06 09:42:51,35,37,935,935
2023-12-06 09:42:51,34,37,935,935
2023-12-06 09:44:53,35,37,935,935
2023-12-06 09:44:53,36,37,935,935
2023-12-06 09:44:55,34,37,935,935
2023-12-06 09:44:55,35,37,935,935
2023-12-06 09:44:59,35,36,935,935
2023-12-06 09:45:00,35,37,935,935
2023-12-06 09:45:06,35,36,935,935
2023-12-06 09:45:07,35,37,935,935
2023-12-06 09:45:12,36,37,935,935
2023-12-06 09:45:17,36,37,1098,1135
2023-12-06 09:45:17,36,37,1209,1246
2023-12-06 09:45:18,34,37,1209,1246
2023-12-06 09:45:18,35,37,1209,1246
2023-12-06 09:45:35,35,36,1209,1246
2023-12-06 09:45:44,35,36,1339,1376
2023-12-06 09:45:45,34,36,1339,1376
2023-12-06 09:45:55,35,36,1339,1376
2023-12-06 09:46:13,34,36,1339,1376
2023-12-06 09:46:25,35,36,1339,1376
2023-12-06 09:46:28,34,36,1339,1376
2023-12-06 09:46:43,35,36,1339,1376
2023-12-06 09:47:36,35,37,1339,1376
2023-12-06 09:47:38,35,36,1339,1376
2023-12-06 09:47:52,35,37,1339,1376
2023-12-06 09:47:54,35,36,1339,1376
2023-12-06 09:48:00,35,37,1339,1376
2023-12-06 09:48:01,36,37,1339,1376
2023-12-06 09:48:09,34,37,1339,1376
2023-12-06 09:48:09,35,37,1339,1376
2023-12-06 09:48:10,35,36,1339,1376
2023-12-06 09:48:11,35,37,1339,1376
2023-12-06 09:48:17,35,36,1339,1376
2023-12-06 09:48:32,34,36,1339,1376
2023-12-06 09:48:32,35,36,1339,1376
2023-12-06 09:49:35,34,36,1339,1376
2023-12-06 09:49:35,35,36,1339,1376
2023-12-06 09:49:40,35,37,1339,1376
2023-12-06 09:49:41,35,36,1339,1376
2023-12-06 09:49:47,35,37,1339,1376
2023-12-06 09:49:51,35,36,1339,1376
2023-12-06 09:50:00,35,37,1339,1376
2023-12-06 09:50:01,34,37,1339,1376
2023-12-06 09:50:01,36,37,1339,1376
2023-12-06 09:50:01,36,37,1347,1384
2023-12-06 09:50:04,34,37,1347,1384
2023-12-06 09:50:04,35,37,1347,1384
2023-12-06 09:50:05,35,36,1347,1384
2023-12-06 09:50:17,35,37,1347,1384
2023-12-06 09:51:19,36,37,1347,1384
2023-12-06 09:51:25,35,37,1347,1384
2023-12-06 09:52:03,36,37,1347,1384
2023-12-06 09:53:37,36,37,1347,1422
2023-12-06 09:59:40,36,38,1547,1622
2023-12-06 10:00:03,37,38,1547,1622
2023-12-06 10:00:03,36,38,1547,1622
2023-12-06 10:00:04,37,38,1547,1622
2023-12-06 10:00:15,36,38,1547,1622
2023-12-06 10:00:24,36,37,1547,1622
2023-12-06 10:00:27,36,37,1547,1742
2023-12-06 10:00:29,35,37,1547,1742
2023-12-06 10:00:33,34,37,1547,1742
2023-12-06 10:00:46,35,37,1547,1742
2023-12-06 10:00:51,34,37,1547,1742
2023-12-06 10:01:00,35,37,1547,1742
2023-12-06 10:01:18,36,37,1547,1742
2023-12-06 10:01:18,35,37,1547,1742
2023-12-06 10:01:19,36,37,1547,1742
2023-12-06 10:01:34,34,37,1547,1742
2023-12-06 10:01:39,34,36,1547,1742
2023-12-06 10:01:40,34,35,1547,1742
2023-12-06 10:02:24,34,36,1747,1942
2023-12-06 10:02:36,35,36,1747,1942
2023-12-06 10:02:38,34,36,1747,1942
2023-12-06 10:02:41,34,36,2080,2275
2023-12-06 10:02:57,35,36,2080,2275
2023-12-06 10:03:04,35,37,2080,2275
2023-12-06 10:03:19,35,36,2080,2275
2023-12-06 10:03:21,35,37,2080,2275
2023-12-06 10:03:22,35,36,2080,2275
2023-12-06 10:03:23,35,37,2080,2275
2023-12-06 10:03:24,35,36,2080,2275
2023-12-06 10:03:35,35,36,2080,2275
2023-12-06 10:03:36,35,37,2080,2275
2023-12-06 10:03:39,35,36,2080,2275
2023-12-06 10:03:40,34,36,2080,2275
2023-12-06 10:03:53,35,36,2080,2275
2023-12-06 10:03:55,35,36,2080,2335
2023-12-06 10:04:12,35,37,2080,2335
2023-12-06 10:04:14,36,37,2080,2335
2023-12-06 10:04:41,35,37,2080,2335
2023-12-06 10:04:41,34,37,2080,2335
2023-12-06 10:04:41,35,37,2080,2335
2023-12-06 10:04:44,35,36,2080,2335
2023-12-06 10:04:55,34,36,2080,2335
2023-12-06 10:05:02,35,36,2080,2335
2023-12-06 10:05:06,34,36,2080,2335
2023-12-06 10:05:06,34,35,2080,2335
2023-12-06 10:05:38,34,37,2080,2335
2023-12-06 10:05:38,35,37,2080,2335
2023-12-06 10:06:03,36,37,2080,2335
2023-12-06 10:06:21,35,37,2080,2335
2023-12-06 10:06:25,36,37,2080,2335
2023-12-06 10:06:27,36,37,2080,2395
2023-12-06 10:06:50,36,38,2480,2795
2023-12-06 10:06:56,36,37,2480,2795
2023-12-06 10:07:16,35,37,2480,2795
2023-12-06 10:07:17,36,37,2480,2795
2023-12-06 10:07:43,36,38,2480,2795
2023-12-06 10:07:47,37,38,2480,2795
2023-12-06 10:07:53,36,38,2480,2808
2023-12-06 10:08:09,37,38,2480,2808
2023-12-06 10:08:31,37,39,2480,2808
2023-12-06 10:09:03,38,39,2480,2808
2023-12-06 10:09:13,38,40,2480,2808
2023-12-06 10:09:28,39,40,2480,2808
2023-12-06 10:09:43,39,40,2630,2958
2023-12-06 10:10:04,39,41,2630,2958
2023-12-06 10:10:04,40,41,2630,2958
2023-12-06 10:10:29,39,41,2758,3086
2023-12-06 10:10:29,40,41,2758,3086
2023-12-06 10:10:56,39,41,2868,3196
2023-12-06 10:10:56,40,41,2868,3196
2023-12-06 10:11:06,39,41,2868,3196
2023-12-06 10:11:09,40,41,2868,3196
2023-12-06 10:11:17,39,41,2868,3196
2023-12-06 10:11:44,40,41,2868,3196
2023-12-06 10:11:45,39,41,2868,3196
2023-12-06 10:11:45,40,41,2868,3196
2023-12-06 10:12:14,39,41,2868,3196
2023-12-06 10:12:14,40,41,2868,3196
2023-12-06 10:13:12,40,41,2973,3396
2023-12-06 10:14:35,40,42,2973,3396
2023-12-06 10:14:35,41,42,2973,3396
2023-12-06 10:14:39,40,42,3092,3515
2023-12-06 10:14:39,41,42,3092,3515
2023-12-06 10:14:48,41,42,3159,3582
2023-12-06 10:16:24,41,43,3159,3582
2023-12-06 10:16:24,42,43,3159,3582
2023-12-06 10:16:54,42,43,3299,3722
2023-12-06 10:17:26,42,44,3699,4122
2023-12-06 10:17:26,43,44,3699,4122
2023-12-06 10:17:26,43,44,3759,4182
2023-12-06 10:17:29,43,44,3878,4301
2023-12-06 10:17:32,43,44,4018,4441
2023-12-06 10:18:34,42,44,4018,4441
2023-12-06 10:18:41,41,44,4018,4441
2023-12-06 10:18:41,42,44,4018,4441
2023-12-06 10:18:45,41,44,4018,4441
2023-12-06 10:18:58,41,43,4018,4441
2023-12-06 10:18:58,41,44,4018,4441
2023-12-06 10:18:59,41,43,4018,4441
2023-12-06 10:18:59,41,44,4018,4441
2023-12-06 10:19:02,41,43,4018,4441
2023-12-06 10:19:26,41,44,4018,4441
2023-12-06 10:19:41,41,43,4018,4441
2023-12-06 10:19:59,42,43,4018,4441
2023-12-06 10:20:01,41,43,4018,4441
2023-12-06 10:20:02,42,43,4018,4441
2023-12-06 10:20:18,41,43,4018,4441
2023-12-06 10:20:24,42,43,4018,4441
2023-12-06 10:20:31,41,43,4018,4441
2023-12-06 10:20:34,42,43,4018,4441
2023-12-06 10:20:34,41,43,4018,4441
2023-12-06 10:21:27,41,42,4018,4441
2023-12-06 10:21:28,41,43,4018,4441
2023-12-06 10:21:28,41,42,4018,4441
2023-12-06 10:21:29,41,42,4018,4501
2023-12-06 10:21:29,41,43,4018,4501
2023-12-06 10:21:30,41,43,4018,4561
2023-12-06 10:21:31,40,43,4018,4561
2023-12-06 10:21:40,40,42,4018,4561
2023-12-06 10:21:58,40,41,4018,4561
2023-12-06 10:22:00,40,42,4018,4561
2023-12-06 10:22:04,40,41,4018,4561
2023-12-06 10:22:07,39,41,4018,4561
2023-12-06 10:22:07,39,42,4018,4561
2023-12-06 10:22:08,39,41,4018,4561
2023-12-06 10:22:16,39,40,4018,4561
2023-12-06 10:22:25,39,42,4018,4561
2023-12-06 10:22:25,39,41,4018,4561
2023-12-06 10:22:34,39,42,4018,4561
2023-12-06 10:22:38,40,42,4018,4561
2023-12-06 10:23:14,39,42,4018,4561
2023-12-06 10:23:15,39,41,4018,4561
2023-12-06 10:23:15,39,42,4018,4561
2023-12-06 10:23:16,39,41,4018,4561
2023-12-06 10:23:17,39,42,4018,4561
2023-12-06 10:23:19,39,41,4018,4561
2023-12-06 10:23:36,39,41,4018,4681
2023-12-06 10:23:37,39,40,4018,4681
2023-12-06 10:23:37,38,40,4018,4681
2023-12-06 10:23:51,38,39,4018,4681
2023-12-06 10:23:52,37,39,4018,4681
2023-12-06 10:23:52,37,39,4138,4801
2023-12-06 10:23:54,37,38,4138,4801
2023-12-06 10:23:55,36,37,4138,4801
2023-12-06 10:23:56,35,37,3738,5201
2023-12-06 10:23:56,35,36,3738,5201
2023-12-06 10:23:57,35,37,3738,5201
2023-12-06 10:24:12,35,36,3738,5201
2023-12-06 10:24:23,34,36,3738,5201
2023-12-06 10:24:23,34,35,3738,5201
2023-12-06 10:24:25,34,36,3738,5201
2023-12-06 10:24:26,34,35,3738,5201
2023-12-06 10:24:30,33,35,3738,5201
2023-12-06 10:24:30,33,34,3738,5201
2023-12-06 10:24:32,32,34,3738,5201
2023-12-06 10:24:33,31,34,3738,5201
2023-12-06 10:24:34,31,33,3738,5201
2023-12-06 10:24:34,31,32,3738,5201
2023-12-06 10:24:38,31,33,3738,5201
2023-12-06 10:24:39,31,32,3738,5201
2023-12-06 10:25:01,30,32,3738,5201
2023-12-06 10:25:01,30,31,3738,5201
2023-12-06 10:25:07,30,32,3738,5201
2023-12-06 10:25:11,30,31,3738,5201
2023-12-06 10:25:18,30,31,3738,5261
2023-12-06 10:25:19,30,31,3738,5372
2023-12-06 10:25:21,29,31,3738,5401
2023-12-06 10:25:21,29,30,3738,5401
2023-12-06 10:25:27,29,30,3738,5569
2023-12-06 10:25:28,29,30,3738,5629
2023-12-06 10:25:29,29,30,3738,5732
2023-12-06 10:25:30,29,30,3738,5792
2023-12-06 10:25:32,29,30,3738,5852
2023-12-06 10:25:33,29,30,3738,5912
2023-12-06 10:25:39,29,30,3836,6099
2023-12-06 10:25:40,28,30,3836,6099
2023-12-06 10:25:40,28,29,3836,6099
2023-12-06 10:25:41,28,29,3962,6225
2023-12-06 10:25:52,28,29,4122,6405
2023-12-06 10:25:53,28,29,4299,6582
2023-12-06 10:25:57,27,29,4299,6582
2023-12-06 10:25:57,27,28,4299,6582
2023-12-06 10:25:57,26,28,4299,6582
2023-12-06 10:25:58,26,27,4299,6582
2023-12-06 10:26:05,25,27,4299,6582
2023-12-06 10:26:08,25,26,4299,6582
2023-12-06 10:26:08,25,26,4477,6760
2023-12-06 10:26:08,25,27,4477,6760
2023-12-06 10:26:09,25,26,4477,6760
2023-12-06 10:26:09,25,27,4477,6760
2023-12-06 10:26:22,25,27,4477,6910
2023-12-06 10:26:29,25,26,4477,6910
2023-12-06 10:26:34,25,27,4477,7086
2023-12-06 10:26:34,25,26,4477,7086
2023-12-06 10:26:35,25,27,4477,7086
2023-12-06 10:26:37,25,28,4477,7388
2023-12-06 10:26:41,26,28,4477,7388
2023-12-06 10:26:42,25,28,4477,7388
2023-12-06 10:26:45,26,28,4477,7388
2023-12-06 10:26:46,25,28,4477,7388
2023-12-06 10:26:50,26,28,4477,7388
2023-12-06 10:26:51,25,28,4477,7388
2023-12-06 10:26:52,25,27,4477,7388
2023-12-06 10:26:58,25,28,4477,7388
2023-12-06 10:26:58,26,28,4477,7388
2023-12-06 10:27:00,25,28,4477,7388
2023-12-06 10:27:00,25,27,4477,7388
2023-12-06 10:27:08,25,28,4477,7388
2023-12-06 10:27:09,25,27,4477,7388
2023-12-06 10:27:16,25,27,4477,7888
2023-12-06 10:27:17,25,28,4477,8164
2023-12-06 10:27:17,25,27,4477,8164
2023-12-06 10:27:26,25,28,4477,8164
2023-12-06 10:27:26,25,27,4477,8164
2023-12-06 10:27:32,26,27,4477,8164
2023-12-06 10:27:35,26,28,4477,8617
2023-12-06 10:27:36,26,27,4477,8617
2023-12-06 10:27:36,26,28,4477,8617
2023-12-06 10:27:48,26,27,4477,8617
2023-12-06 10:27:49,26,28,4477,8617
2023-12-06 10:27:49,26,27,4477,8617
2023-12-06 10:27:50,26,28,4477,8759
2023-12-06 10:27:51,26,27,4477,8759
2023-12-06 10:27:52,26,28,4477,8934
2023-12-06 10:27:52,26,27,4477,8934
2023-12-06 10:27:53,26,28,4477,9049
2023-12-06 10:27:57,27,28,4477,9049
2023-12-06 10:27:58,27,29,4477,9049
2023-12-06 10:28:04,27,30,4477,9049
2023-12-06 10:28:09,27,29,4477,9049
2023-12-06 10:28:22,26,29,4477,9049
2023-12-06 10:28:36,26,28,4477,9049
2023-12-06 10:28:43,27,28,4477,9049
2023-12-06 10:28:43,27,29,4477,9049
2023-12-06 10:28:49,27,30,4477,9049
2023-12-06 10:28:53,28,30,4477,9049
2023-12-06 10:28:55,28,30,4640,9549
2023-12-06 10:28:56,28,31,4640,9549
2023-12-06 10:29:00,30,31,4640,9549
2023-12-06 10:29:07,30,32,4840,9749
2023-12-06 10:29:24,30,33,4840,9749
2023-12-06 10:29:35,30,33,4965,9874
2023-12-06 10:29:36,31,33,4965,9874
2023-12-06 10:29:39,30,33,4965,9874
2023-12-06 10:29:40,30,32,4965,9874
2023-12-06 10:29:54,29,32,4765,10074
2023-12-06 10:29:55,29,31,4765,10074
2023-12-06 10:30:04,30,31,4765,10074
2023-12-06 10:30:04,30,32,4765,10074
2023-12-06 10:30:25,31,32,4765,10074
2023-12-06 10:30:26,31,33,4765,10074
2023-12-06 10:30:36,31,32,4765,10074
2023-12-06 10:30:47,31,33,4765,10074
2023-12-06 10:30:49,31,32,4765,10074
2023-12-06 10:30:49,31,33,4765,10074
2023-12-06 10:30:50,31,32,4765,10074
2023-12-06 10:30:50,31,33,4765,10074
2023-12-06 10:31:06,32,33,4765,10074
2023-12-06 10:31:06,32,34,4765,10074
2023-12-06 10:31:11,33,34,4765,10074
2023-12-06 10:31:12,33,35,4765,10074
2023-12-06 10:31:18,34,35,4765,10074
2023-12-06 10:31:21,34,36,4765,10074
2023-12-06 10:31:27,35,36,4765,10074
2023-12-06 10:31:43,34,36,4765,10074
2023-12-06 10:31:54,33,36,4765,10074
2023-12-06 10:32:14,33,35,4765,10074
2023-12-06 10:32:23,33,34,4765,10074
2023-12-06 10:32:29,33,35,4765,10074
2023-12-06 10:32:36,34,35,4765,10074
2023-12-06 10:32:36,34,35,4765,10247
2023-12-06 10:32:36,34,36,4765,10247
2023-12-06 10:32:37,33,36,4765,10247
2023-12-06 10:32:39,34,36,4765,10247
2023-12-06 10:33:01,35,36,4765,10247
2023-12-06 10:33:12,34,36,4765,10247
2023-12-06 10:33:15,35,36,4765,10247
2023-12-06 10:33:29,34,36,4765,10247
2023-12-06 10:33:44,35,36,4765,10247
2023-12-06 10:33:56,34,36,4765,10247
2023-12-06 10:33:56,35,36,4765,10247
2023-12-06 10:34:10,34,36,4765,10247
2023-12-06 10:34:40,34,37,4765,10247
2023-12-06 10:34:40,35,37,4765,10247
2023-12-06 10:35:11,36,37,4765,10247
2023-12-06 10:35:12,35,37,4765,10247
2023-12-06 10:35:18,36,37,4765,10247
2023-12-06 10:35:19,35,37,4765,10247
2023-12-06 10:35:19,36,37,4765,10247
2023-12-06 10:35:21,35,37,4765,10247
2023-12-06 10:35:21,36,37,4765,10247
2023-12-06 10:36:08,36,38,4765,10247
2023-12-06 10:36:29,34,38,4765,10247
2023-12-06 10:36:29,34,37,4765,10247
2023-12-06 10:36:41,35,37,4765,10247
2023-12-06 10:36:42,34,37,4765,10247
2023-12-06 10:36:48,35,37,4765,10247
2023-12-06 10:36:50,35,38,4765,10247
2023-12-06 10:36:51,35,37,4765,10247
2023-12-06 10:36:59,34,37,4765,10247
2023-12-06 10:37:04,35,37,4765,10247
2023-12-06 10:37:07,35,38,4765,10247
2023-12-06 10:37:17,36,38,4765,10247
2023-12-06 10:37:20,37,38,4765,10247
2023-12-06 10:37:24,37,39,4765,10247
2023-12-06 10:37:57,37,38,4765,10247
2023-12-06 10:37:58,36,38,4765,10247
2023-12-06 10:38:12,36,39,4765,10247
2023-12-06 10:38:14,37,39,4765,10247
2023-12-06 10:38:20,36,39,4765,10247
2023-12-06 10:38:20,36,38,4765,10247
2023-12-06 10:38:36,36,39,4765,10247
2023-12-06 10:38:50,37,39,4765,10247
2023-12-06 10:39:02,37,38,4765,10247
2023-12-06 10:39:04,36,38,4765,10247
2023-12-06 10:39:44,36,37,4765,10247
2023-12-06 10:39:44,36,37,4765,10262
2023-12-06 10:39:50,36,38,4765,10262
2023-12-06 10:40:14,36,39,4765,10262
2023-12-06 10:40:19,36,38,4765,10262
2023-12-06 10:40:54,35,38,4765,10262
2023-12-06 10:40:55,35,37,4765,10262
2023-12-06 10:40:58,35,38,4765,10262
2023-12-06 10:40:58,35,37,4765,10262
2023-12-06 10:41:05,35,38,4765,10262
2023-12-06 10:41:06,35,37,4765,10262
2023-12-06 10:41:15,36,37,4765,10262
2023-12-06 10:41:15,36,37,4765,10322
2023-12-06 10:41:15,36,38,4765,10322
2023-12-06 10:41:33,36,37,4765,10322
2023-12-06 10:41:33,35,37,4765,10322
2023-12-06 10:41:58,35,37,4725,10447
2023-12-06 10:42:35,35,38,4725,10447
2023-12-06 10:42:42,35,37,4725,10447
2023-12-06 10:42:47,36,37,4725,10447
2023-12-06 10:42:47,36,38,4725,10447
2023-12-06 10:42:48,35,38,4725,10447
2023-12-06 10:42:51,36,38,4725,10447
2023-12-06 10:43:02,36,39,4725,10447
2023-12-06 10:43:03,36,38,4725,10447
2023-12-06 10:43:21,37,38,4725,10447
2023-12-06 10:43:22,36,38,4725,10447
2023-12-06 10:43:34,37,38,4725,10447
2023-12-06 10:43:37,36,38,4725,10447
2023-12-06 10:43:42,37,38,4725,10447
2023-12-06 10:43:43,36,38,4725,10447
2023-12-06 10:43:51,37,38,4725,10447
2023-12-06 10:43:55,37,39,4725,10447
2023-12-06 10:44:23,38,39,4725,10447
2023-12-06 10:44:49,37,39,4725,10447
2023-12-06 10:45:18,38,39,4725,10447
2023-12-06 10:45:18,37,39,4725,10447
2023-12-06 10:45:29,38,39,4725,10447
2023-12-06 10:45:29,37,39,4725,10447
2023-12-06 10:45:36,38,39,4725,10447
2023-12-06 10:45:58,38,40,4725,10447
2023-12-06 10:46:15,39,40,4725,10447
2023-12-06 10:46:38,39,41,4765,10572
2023-12-06 10:46:38,40,41,4765,10572
2023-12-06 10:46:39,39,41,4765,10572
2023-12-06 10:46:53,40,41,4765,10572
2023-12-06 10:46:54,39,41,4765,10572
2023-12-06 10:46:59,40,41,4765,10572
2023-12-06 10:47:30,39,41,4765,10572
2023-12-06 10:47:32,40,41,4765,10572
2023-12-06 10:47:33,39,41,4765,10572
2023-12-06 10:47:33,40,41,4765,10572
2023-12-06 10:47:34,39,41,4765,10572
2023-12-06 10:47:34,40,41,4765,10572
2023-12-06 10:47:42,39,41,4765,10572
2023-12-06 10:47:42,40,41,4765,10572
2023-12-06 10:48:05,39,41,4765,10572
2023-12-06 10:48:19,39,40,4765,10572
2023-12-06 10:48:19,38,40,4765,10572
2023-12-06 10:48:29,38,41,4765,10572
2023-12-06 10:48:36,38,40,4765,10572
2023-12-06 10:48:41,37,40,4765,10572
2023-12-06 10:48:56,38,40,4765,10572
2023-12-06 10:49:06,38,41,4765,10572
2023-12-06 10:49:22,39,41,4765,10572
2023-12-06 10:49:28,38,41,4765,10572
2023-12-06 10:49:28,39,41,4765,10572
2023-12-06 10:49:39,38,41,4765,10572
2023-12-06 10:49:39,39,41,4765,10572
2023-12-06 10:49:43,39,40,4765,10572
2023-12-06 10:49:44,38,40,4765,10572
2023-12-06 10:49:56,37,40,4765,10572
2023-12-06 10:49:58,38,40,4765,10572
2023-12-06 10:50:17,37,40,4765,10572
2023-12-06 10:50:30,38,40,4765,10572
2023-12-06 10:50:46,38,41,4765,10572
2023-12-06 10:50:47,38,40,4765,10572
2023-12-06 10:50:51,39,40,4765,10572
2023-12-06 10:50:53,39,41,4765,10572
2023-12-06 10:51:27,40,41,4765,10572
2023-12-06 10:51:27,39,41,4765,10572
2023-12-06 10:51:28,40,41,4765,10572
2023-12-06 10:51:31,40,42,4765,10572
2023-12-06 10:51:40,41,42,4765,10572
2023-12-06 10:51:40,40,42,4765,10572
2023-12-06 10:51:41,41,42,4765,10572
2023-12-06 10:51:46,40,42,4765,10572
2023-12-06 10:51:48,40,41,4765,10572
2023-12-06 10:51:50,39,41,4765,10572
2023-12-06 10:52:02,38,41,4765,10572
2023-12-06 10:52:14,39,41,4765,10572
2023-12-06 10:52:17,39,42,4765,10572
2023-12-06 10:52:34,40,42,4765,10572
2023-12-06 10:52:37,39,42,4765,10572
2023-12-06 10:52:37,41,42,4765,10572
2023-12-06 10:52:40,40,42,4765,10572
2023-12-06 10:52:52,41,42,4765,10572
2023-12-06 10:53:02,41,43,4765,10572
2023-12-06 10:53:02,41,42,4765,10572
2023-12-06 10:53:02,41,43,4765,10572
2023-12-06 10:53:08,42,43,4765,10572
2023-12-06 10:53:16,41,43,4765,10572
2023-12-06 10:53:19,42,43,4765,10572
2023-12-06 10:53:23,41,43,4765,10572
2023-12-06 10:53:23,42,43,4765,10572
2023-12-06 10:53:32,41,43,4765,10572
2023-12-06 10:54:34,42,43,4765,10572
2023-12-06 10:54:34,42,43,4885,10692
2023-12-06 10:54:34,41,43,4885,10692
2023-12-06 10:54:35,42,43,4885,10692
2023-12-06 10:54:36,41,43,4885,10692
2023-12-06 10:54:37,42,43,4885,10692
2023-12-06 10:54:38,41,43,4885,10692
2023-12-06 10:55:14,42,43,4885,10692
2023-12-06 10:55:14,42,43,4945,10752
2023-12-06 10:55:14,41,43,4945,10752
2023-12-06 10:55:15,42,43,4945,10752
2023-12-06 10:55:16,41,43,4945,10752
2023-12-06 10:55:19,42,43,4945,10752
2023-12-06 10:55:20,41,43,4945,10752
2023-12-06 10:55:23,42,43,4945,10752
2023-12-06 10:55:25,41,43,4945,10752
2023-12-06 10:55:31,42,43,4945,10752
2023-12-06 10:55:35,41,43,4945,10752
2023-12-06 10:56:28,42,43,4945,10752
2023-12-06 10:56:45,41,43,4945,10752
2023-12-06 10:56:45,42,43,4945,10752
2023-12-06 10:56:52,41,43,4945,10752
2023-12-06 10:56:52,42,43,4945,10752
2023-12-06 10:56:55,42,43,5005,10812
2023-12-06 10:56:57,42,43,5065,10872
2023-12-06 10:56:59,41,43,5065,10872
2023-12-06 10:57:34,42,43,5065,10872
2023-12-06 10:57:34,42,43,5244,11051
2023-12-06 10:57:35,41,43,5244,11051
2023-12-06 10:57:35,42,43,5244,11051
2023-12-06 10:57:36,41,43,5244,11051
2023-12-06 10:57:39,42,43,5244,11051
2023-12-06 10:57:39,42,43,5350,11157
2023-12-06 10:57:39,41,43,5350,11157
2023-12-06 10:57:40,42,43,5350,11157
2023-12-06 10:57:40,42,43,5463,11270
2023-12-06 10:57:41,41,43,5463,11270
2023-12-06 10:57:47,42,43,5463,11270
2023-12-06 10:57:47,42,43,5637,11444
2023-12-06 10:57:49,41,43,5653,11460
2023-12-06 10:57:49,42,43,5653,11460
2023-12-06 10:57:50,42,43,5842,11649
2023-12-06 10:57:50,41,43,5842,11649
2023-12-06 10:57:55,42,43,5842,11649
2023-12-06 10:58:00,41,43,5842,11649
2023-12-06 10:58:09,41,43,5922,11769
2023-12-06 10:58:13,40,43,6002,11849
2023-12-06 10:58:14,40,42,6002,11849
2023-12-06 10:58:45,41,42,6002,11849
2023-12-06 10:58:47,41,43,6002,11849
2023-12-06 10:58:52,40,43,6002,11849
2023-12-06 10:58:56,41,43,6002,11849
2023-12-06 10:58:56,40,43,6115,11962
2023-12-06 10:58:57,40,42,6115,11962
2023-12-06 10:59:07,41,42,6115,11962
2023-12-06 10:59:09,40,42,6115,11962
2023-12-06 10:59:09,41,42,6115,11962
2023-12-06 10:59:10,41,42,6175,12022
2023-12-06 10:59:10,40,42,6175,12022
2023-12-06 10:59:27,40,43,6175,12022
2023-12-06 10:59:29,40,42,6175,12022
2023-12-06 10:59:31,40,43,6175,12022
2023-12-06 10:59:31,40,42,6175,12022
2023-12-06 10:59:34,41,42,6175,12022
2023-12-06 10:59:36,40,42,6175,12022
2023-12-06 10:59:37,41,42,6175,12022
2023-12-06 10:59:43,40,42,6175,12022
2023-12-06 10:59:43,41,43,6175,12022
2023-12-06 10:59:45,41,43,6175,12022
2023-12-06 10:59:56,40,43,6175,12022
2023-12-06 10:59:57,41,43,6175,12022
2023-12-06 11:00:07,42,43,6175,12022
2023-12-06 11:00:12,42,44,6175,12022
2023-12-06 11:00:32,43,44,6175,12022
2023-12-06 11:00:32,43,44,6185,12032
2023-12-06 11:01:40,42,44,6356,12203
2023-12-06 11:01:56,42,44,6596,12443
2023-12-06 11:01:58,42,44,6716,12563
2023-12-06 11:01:59,41,44,6956,12803
2023-12-06 11:02:00,41,43,6956,12803
2023-12-06 11:02:02,41,43,7016,12863
2023-12-06 11:02:04,41,42,7016,12863
2023-12-06 11:02:05,40,42,7016,12863
2023-12-06 11:02:21,41,42,7016,12863
2023-12-06 11:02:21,40,42,7132,12979
2023-12-06 11:02:21,41,42,7132,12979
2023-12-06 11:02:23,40,42,7279,13126
2023-12-06 11:02:23,41,42,7279,13126
2023-12-06 11:02:24,40,42,7279,13126
2023-12-06 11:02:25,40,42,7339,13186
2023-12-06 11:02:25,40,41,7339,13186
2023-12-06 11:02:28,40,41,7539,13386
2023-12-06 11:02:30,40,41,7659,13506
2023-12-06 11:02:31,39,41,7659,13506
2023-12-06 11:02:42,39,41,7664,13511
2023-12-06 11:02:46,39,40,7664,13511
2023-12-06 11:03:00,39,41,7664,13511
2023-12-06 11:03:11,40,41,7664,13511
2023-12-06 11:03:11,40,42,7664,13511
2023-12-06 11:03:33,41,42,7664,13511
2023-12-06 11:03:36,40,42,7664,13511
2023-12-06 11:03:54,41,42,7664,13511
2023-12-06 11:04:51,40,42,7664,13511
2023-12-06 11:04:54,41,42,7664,13511
2023-12-06 11:04:55,40,42,7664,13511
2023-12-06 11:04:57,41,42,7664,13511
2023-12-06 11:05:11,41,43,7664,13511
2023-12-06 11:05:28,42,43,7664,13511
2023-12-06 11:05:29,41,43,7664,13511
2023-12-06 11:05:29,42,43,7664,13511
2023-12-06 11:05:35,42,44,7664,13571
2023-12-06 11:05:37,41,44,7664,13571
2023-12-06 11:05:37,42,44,7664,13571
2023-12-06 11:05:38,43,44,7664,13571
2023-12-06 11:05:39,42,44,7664,13571
2023-12-06 11:05:39,43,44,7664,13571
2023-12-06 11:06:05,42,44,7664,13571
2023-12-06 11:06:05,43,44,7664,13571
2023-12-06 11:06:11,42,44,8008,13915
2023-12-06 11:06:11,43,44,8008,13915
2023-12-06 11:06:13,42,44,8307,14214
2023-12-06 11:06:13,43,44,8307,14214
2023-12-06 11:06:15,43,44,8510,14417
2023-12-06 11:06:28,42,44,8510,14417
2023-12-06 11:06:44,43,44,8510,14417
2023-12-06 11:06:48,43,44,8528,14435
2023-12-06 11:07:09,42,44,8528,14435
2023-12-06 11:07:14,41,44,8528,14435
2023-12-06 11:07:30,41,43,8528,14435
2023-12-06 11:07:42,41,42,8528,14435
2023-12-06 11:07:43,41,43,8528,14435
2023-12-06 11:07:50,40,43,8528,14435
2023-12-06 11:07:50,40,42,8528,14435
2023-12-06 11:07:55,40,41,8528,14435
2023-12-06 11:07:59,39,41,8528,14435
2023-12-06 11:08:06,39,42,8528,14435
2023-12-06 11:08:06,39,41,8528,14435
2023-12-06 11:08:19,39,42,8528,14435
2023-12-06 11:08:29,40,42,8528,14435
2023-12-06 11:08:43,40,43,8528,14435
2023-12-06 11:09:00,41,43,8528,14435
2023-12-06 11:09:03,41,44,8528,14435
2023-12-06 11:09:05,41,43,8528,14435
2023-12-06 11:09:32,41,44,8528,14435
2023-12-06 11:09:37,41,43,8528,14435
2023-12-06 11:10:35,41,44,8528,14435
2023-12-06 11:10:49,41,43,8528,14435
2023-12-06 11:10:53,41,44,8528,14435
2023-12-06 11:10:55,41,43,8528,14435
2023-12-06 11:11:05,41,44,8528,14435
2023-12-06 11:11:14,42,44,8528,14435
2023-12-06 11:11:34,43,44,8528,14435
2023-12-06 11:11:35,43,45,8528,14835
2023-12-06 11:12:38,44,45,8528,14835
2023-12-06 11:12:46,44,46,8528,14835
2023-12-06 11:13:57,45,46,8528,14835
2023-12-06 11:15:08,44,46,8528,14835
2023-12-06 11:15:12,43,46,8528,14835
2023-12-06 11:15:12,43,45,8528,14835
2023-12-06 11:15:35,43,44,8528,14835
2023-12-06 11:15:41,43,45,8528,14835
2023-12-06 11:16:21,43,46,8528,14835
2023-12-06 11:16:42,43,45,8528,14835
2023-12-06 11:17:34,43,44,8528,14835
2023-12-06 11:17:38,42,44,8528,14835
2023-12-06 11:18:01,42,45,8528,14835
2023-12-06 11:18:32,42,44,8528,14835
2023-12-06 11:18:52,42,43,8528,14835
2023-12-06 11:19:00,41,43,8528,14835
2023-12-06 11:20:40,41,44,8528,14835
2023-12-06 11:20:40,42,44,8528,14835
2023-12-06 11:20:52,41,44,8528,14835
2023-12-06 11:20:58,42,44,8528,14835
2023-12-06 11:21:25,42,45,8528,14835
2023-12-06 11:21:27,42,44,8528,14835
2023-12-06 11:21:58,42,45,8528,14835
2023-12-06 11:22:06,43,45,8528,14835
2023-12-06 11:22:16,42,45,8528,14835
2023-12-06 11:22:19,42,44,8528,14835
2023-12-06 11:22:30,41,44,8528,14835
2023-12-06 11:22:32,41,43,8528,14835
2023-12-06 11:22:47,41,42,8528,14835
2023-12-06 11:22:49,40,42,8528,14835
2023-12-06 11:22:57,39,42,8528,14835
2023-12-06 11:22:57,39,41,8528,14835
2023-12-06 11:22:58,39,40,8528,14835
2023-12-06 11:22:58,38,40,8528,14835
2023-12-06 11:22:59,37,40,8528,14835
2023-12-06 11:22:59,37,38,8528,14835
2023-12-06 11:23:05,36,38,8528,14835
2023-12-06 11:23:05,36,37,8528,14835
2023-12-06 11:23:06,34,36,8528,14839
2023-12-06 11:23:17,35,36,8528,14839
2023-12-06 11:23:40,35,37,8528,14839
2023-12-06 11:24:08,35,36,8528,14839
2023-12-06 11:24:11,34,36,8528,14839
2023-12-06 11:24:15,34,35,8528,14839
2023-12-06 11:24:16,33,35,8528,14839
2023-12-06 11:24:23,33,36,8528,14839
2023-12-06 11:24:24,33,35,8528,14839
2023-12-06 11:24:32,33,34,8528,14839
2023-12-06 11:24:36,33,35,8528,14839
2023-12-06 11:24:49,33,36,8528,14839
2023-12-06 11:24:51,34,36,8528,14839
2023-12-06 11:24:55,34,37,8528,14839
2023-12-06 11:25:01,35,37,8528,14839
2023-12-06 11:25:11,35,36,8528,14839
2023-12-06 11:25:20,34,36,8528,14839
2023-12-06 11:25:24,34,37,8528,14991
2023-12-06 11:25:24,35,37,8528,14991
2023-12-06 11:25:24,35,36,8528,14991
2023-12-06 11:25:25,35,37,8528,15093
2023-12-06 11:25:25,35,36,8528,15093
2023-12-06 11:25:26,35,37,8528,15093
2023-12-06 11:25:26,35,36,8528,15093
2023-12-06 11:25:27,35,37,8639,15204
2023-12-06 11:25:41,35,36,8639,15204
2023-12-06 11:25:41,35,37,8639,15342
2023-12-06 11:25:41,35,36,8639,15342
2023-12-06 11:25:43,35,37,8639,15493
2023-12-06 11:25:43,35,36,8639,15493
2023-12-06 11:25:43,35,37,8639,15615
2023-12-06 11:25:44,35,36,8639,15615
2023-12-06 11:25:46,35,37,8639,15800
2023-12-06 11:25:46,35,36,8639,15800
2023-12-06 11:25:51,35,37,8639,15919
2023-12-06 11:25:51,35,36,8639,15919
2023-12-06 11:26:01,35,37,8639,16057
2023-12-06 11:26:01,35,36,8639,16057
2023-12-06 11:26:02,35,37,8639,16173
2023-12-06 11:26:02,35,36,8639,16173
2023-12-06 11:26:04,35,37,8639,16285
2023-12-06 11:26:04,35,36,8639,16285
2023-12-06 11:26:04,35,37,8639,16461
2023-12-06 11:26:05,35,36,8639,16461
2023-12-06 11:26:06,35,37,8639,16461
2023-12-06 11:26:09,35,38,8639,16661
2023-12-06 11:26:19,35,37,8639,16661
2023-12-06 11:26:21,35,38,8639,16661
2023-12-06 11:26:23,35,37,8639,16661
2023-12-06 11:26:24,35,38,8639,16789
2023-12-06 11:26:25,35,37,8639,16789
2023-12-06 11:26:25,36,37,8639,16789
2023-12-06 11:26:25,36,38,8639,16789
2023-12-06 11:26:33,36,39,8639,16789
2023-12-06 11:26:35,37,39,8639,16789
2023-12-06 11:26:42,37,39,8639,17289
2023-12-06 11:26:43,37,40,8639,17289
2023-12-06 11:26:48,38,39,8639,17289
2023-12-06 11:26:54,38,40,8639,17469
2023-12-06 11:27:02,38,41,8639,17469
2023-12-06 11:27:04,39,41,8639,17469
2023-12-06 11:27:26,39,41,9698,18569
2023-12-06 11:27:27,40,41,9698,18569
2023-12-06 11:27:27,40,41,9698,18676
2023-12-06 11:27:29,40,41,9698,18749
2023-12-06 11:27:33,40,42,9698,18749
2023-12-06 11:27:33,40,41,9698,18749
2023-12-06 11:27:36,40,42,9698,18749
2023-12-06 11:28:21,40,41,9698,18749
2023-12-06 11:28:28,40,42,9698,18749
2023-12-06 11:28:28,40,41,9698,18749
2023-12-06 11:28:40,40,42,9698,18749
2023-12-06 11:28:41,40,41,9698,18749
2023-12-06 11:28:52,40,42,9698,18749
2023-12-06 11:28:53,40,41,9698,18749
2023-12-06 11:29:03,39,41,9698,18856
2023-12-06 11:29:17,38,41,9698,18856
2023-12-06 11:29:18,38,40,9698,18856
2023-12-06 11:29:34,38,39,9698,18856
2023-12-06 11:29:35,38,40,9698,18856
2023-12-06 11:29:35,38,39,9698,18856
2023-12-06 11:29:36,37,39,9698,18856
2023-12-06 11:29:36,37,38,9698,18856
2023-12-06 11:29:37,37,39,9698,18856
2023-12-06 11:29:52,37,38,9698,18856
2023-12-06 11:30:04,37,38,9698,19048
2023-12-06 11:30:05,36,38,9698,19048
2023-12-06 11:30:05,36,37,9698,19048
2023-12-06 11:30:14,36,38,9698,19048
2023-12-06 11:30:18,37,38,9698,19048
2023-12-06 11:30:27,36,38,9698,19048
2023-12-06 11:30:27,36,37,9698,19048
2023-12-06 11:30:28,36,38,9698,19048
2023-12-06 11:30:29,36,37,9698,19048
2023-12-06 11:30:38,36,37,9698,19248
2023-12-06 11:30:38,35,37,9698,19248
2023-12-06 11:30:38,35,36,9698,19248
2023-12-06 11:30:42,35,37,9698,19248
2023-12-06 11:30:50,36,37,9698,19248
2023-12-06 11:30:50,36,37,9698,19304
2023-12-06 11:30:57,36,38,9698,19304
2023-12-06 11:31:04,36,37,9698,19304
2023-12-06 11:31:05,36,38,9698,19304
2023-12-06 11:31:06,36,37,9698,19304
2023-12-06 11:31:08,36,38,9698,19304
2023-12-06 11:31:08,36,37,9698,19304
2023-12-06 11:31:18,35,37,9698,19304
2023-12-06 11:31:18,35,36,9698,19304
2023-12-06 11:31:19,35,37,9698,19304
2023-12-06 11:31:19,35,36,9698,19304
2023-12-06 11:31:20,35,37,9698,19304
2023-12-06 11:31:22,35,36,9698,19304
2023-12-06 11:31:23,35,36,9698,19364
2023-12-06 11:31:23,34,36,9558,19504
2023-12-06 11:31:26,35,36,9558,19504
2023-12-06 11:31:26,34,36,9558,19556
2023-12-06 11:31:32,34,35,9558,19556
2023-12-06 11:31:34,33,35,9558,19556
2023-12-06 11:31:43,33,34,9558,19556
2023-12-06 11:31:44,32,34,9558,19556
2023-12-06 11:31:46,31,34,9558,19556
2023-12-06 11:32:01,31,34,9558,19556
2023-12-06 11:32:03,31,33,9558,19556
2023-12-06 11:32:06,31,34,9558,19556
2023-12-06 11:32:12,32,34,9558,19556
2023-12-06 11:32:14,32,35,9558,19556
2023-12-06 11:32:26,32,34,9558,19556
2023-12-06 11:32:29,31,33,9558,19556
2023-12-06 11:32:30,32,33,9558,19556
2023-12-06 11:32:30,32,34,9558,19556
2023-12-06 11:32:37,32,33,9558,19556
2023-12-06 11:32:37,32,33,9758,19756
2023-12-06 11:32:37,31,33,9758,19756
2023-12-06 11:32:38,30,33,9758,19756
2023-12-06 11:32:39,30,31,9758,19756
2023-12-06 11:32:40,30,31,10058,20256
2023-12-06 11:32:47,29,31,10058,20256
2023-12-06 11:32:47,29,30,10058,20256
2023-12-06 11:33:01,30,31,10258,20456
2023-12-06 11:33:01,30,31,10438,20636
2023-12-06 11:33:09,29,31,10558,20756
2023-12-06 11:33:11,29,30,10558,20756
2023-12-06 11:33:16,28,30,10558,20956
2023-12-06 11:33:16,28,29,10558,20956
2023-12-06 11:33:26,27,29,10558,20956
2023-12-06 11:33:30,26,29,10558,20956
2023-12-06 11:33:30,25,29,10558,20956
2023-12-06 11:33:30,25,28,10558,20956
2023-12-06 11:33:30,26,28,10558,20956
2023-12-06 11:33:36,25,28,10558,20956
2023-12-06 11:33:36,25,27,10558,20956
2023-12-06 11:33:37,25,26,10558,20956
2023-12-06 11:33:37,24,26,10558,20956
2023-12-06 11:33:40,25,26,10558,20956
2023-12-06 11:33:42,25,26,10558,21156
2023-12-06 11:33:42,24,26,10558,21156
2023-12-06 11:33:42,24,26,10558,21165
2023-12-06 11:33:54,24,25,10558,21165
2023-12-06 11:33:55,23,25,10558,21165
2023-12-06 11:34:03,24,25,10558,21165
2023-12-06 11:34:05,24,26,10558,21165
2023-12-06 11:34:05,24,26,10558,21225
2023-12-06 11:34:07,23,26,10558,21225
2023-12-06 11:34:07,25,26,10558,21225
2023-12-06 11:34:07,25,26,10558,21326
2023-12-06 11:34:16,24,26,10558,21326
2023-12-06 11:34:19,24,26,10558,21457
2023-12-06 11:34:20,23,26,10558,21457
2023-12-06 11:34:20,25,26,10558,21457
2023-12-06 11:34:20,25,26,10558,21525
2023-12-06 11:34:21,23,26,10558,21525
2023-12-06 11:34:21,24,26,10558,21525
2023-12-06 11:34:22,24,25,10558,21525
2023-12-06 11:34:31,24,25,10558,21585
2023-12-06 11:34:34,24,25,10547,21596
2023-12-06 11:34:34,24,26,10547,21596
2023-12-06 11:34:35,25,26,10547,21596
2023-12-06 11:34:35,24,26,10647,21696
2023-12-06 11:34:48,23,26,10647,21696
2023-12-06 11:34:48,24,26,10647,21696
2023-12-06 11:34:48,24,25,10647,21696
2023-12-06 11:34:50,24,26,10647,21696
2023-12-06 11:34:50,24,25,10647,21696
2023-12-06 11:35:02,24,25,10647,21796
2023-12-06 11:35:06,23,25,10647,21796
2023-12-06 11:35:07,24,25,10647,21796
2023-12-06 11:35:07,24,25,10647,21953
2023-12-06 11:35:08,23,25,10647,21953
2023-12-06 11:35:27,23,26,10647,21953
2023-12-06 11:35:27,23,24,10647,21953
2023-12-06 11:35:33,23,24,10472,22153
2023-12-06 11:35:33,23,26,10472,22153
2023-12-06 11:35:34,23,24,10472,22153
2023-12-06 11:35:35,23,25,10472,22310
2023-12-06 11:35:35,23,24,10472,22310
2023-12-06 11:35:36,23,26,10472,22310
2023-12-06 11:35:36,24,26,10472,22310
2023-12-06 11:35:37,24,27,10472,22310
2023-12-06 11:35:38,25,27,10472,22310
2023-12-06 11:35:43,25,27,10663,22501
2023-12-06 11:35:50,25,28,10663,22501
2023-12-06 11:35:55,26,28,10663,22501
2023-12-06 11:35:57,25,28,10663,22501
2023-12-06 11:35:59,26,28,10663,22501
2023-12-06 11:36:02,26,27,10663,22501
2023-12-06 11:36:03,26,28,10663,22676
2023-12-06 11:36:04,26,27,10663,22676
2023-12-06 11:36:05,25,27,10663,22676
2023-12-06 11:36:05,25,28,10663,22819
2023-12-06 11:36:05,25,27,10663,22819
2023-12-06 11:36:07,26,27,10663,22819
2023-12-06 11:36:07,26,28,10663,22819
2023-12-06 11:36:08,26,28,11138,23319
2023-12-06 11:36:09,26,29,11138,23319
2023-12-06 11:36:09,27,29,11138,23319
2023-12-06 11:36:10,27,29,11447,23819
2023-12-06 11:36:11,27,29,11947,24319
2023-12-06 11:36:11,28,29,11947,24319
2023-12-06 11:36:12,28,30,12038,24410
2023-12-06 11:36:17,27,30,12038,24410
2023-12-06 11:36:17,27,29,12038,24410
2023-12-06 11:36:24,27,28,12038,24410
2023-12-06 11:36:41,27,29,12038,24410
2023-12-06 11:36:41,27,28,12038,24410
2023-12-06 11:36:42,26,28,11638,24810
2023-12-06 11:36:49,26,27,11638,24810
2023-12-06 11:37:46,25,27,11638,24810
2023-12-06 11:37:47,26,27,11638,24810
2023-12-06 11:37:47,26,27,11138,25310
2023-12-06 11:37:51,25,27,11138,25310
2023-12-06 11:37:51,25,28,11138,25310
2023-12-06 11:37:51,25,26,11138,25310
2023-12-06 11:38:04,25,26,11138,25810
2023-12-06 11:38:05,26,27,10992,25956
2023-12-06 11:38:38,26,27,11492,26456
2023-12-06 11:38:39,26,27,11992,26956
2023-12-06 11:39:56,25,27,11992,26956
2023-12-06 11:40:06,24,27,11992,26956
2023-12-06 11:40:11,24,26,11992,26956
2023-12-06 11:40:13,23,26,11992,26956
2023-12-06 11:40:14,23,25,11992,26956
2023-12-06 11:40:18,22,25,11863,27356
2023-12-06 11:40:19,22,24,11863,27356
2023-12-06 11:40:27,21,24,11863,27356
2023-12-06 11:40:27,21,23,11863,27356
2023-12-06 11:40:34,22,23,11863,27356
2023-12-06 11:40:36,22,24,11863,27356
2023-12-06 11:40:42,21,24,11863,27356
2023-12-06 11:40:58,21,22,11863,27356
2023-12-06 11:41:00,21,24,11863,27356
2023-12-06 11:41:00,22,24,11863,27356
2023-12-06 11:41:00,22,23,11863,27356
2023-12-06 11:41:02,22,24,11863,27356
2023-12-06 11:41:03,21,24,11863,27356
2023-12-06 11:41:03,22,24,11863,27356
2023-12-06 11:41:03,23,24,11863,27356
2023-12-06 11:41:04,22,24,11863,27356
2023-12-06 11:41:05,23,24,11863,27356
2023-12-06 11:41:06,23,25,11863,27356
2023-12-06 11:41:23,23,24,11863,27356
2023-12-06 11:41:27,22,24,11863,27356
2023-12-06 11:41:42,22,23,11863,27356
2023-12-06 11:41:53,22,24,11863,27356
2023-12-06 11:41:53,22,23,11863,27356
2023-12-06 11:42:11,21,23,11863,27356
2023-12-06 11:42:21,22,23,11863,27356
2023-12-06 11:42:29,22,24,11863,27356
2023-12-06 11:42:31,23,24,11863,27356
2023-12-06 11:42:31,23,25,11863,27356
2023-12-06 11:42:39,23,24,11863,27356
2023-12-06 11:42:41,23,25,11863,27356
2023-12-06 11:42:42,23,24,11863,27356
2023-12-06 11:42:58,22,24,11863,27356
2023-12-06 11:42:58,22,25,11863,27356
2023-12-06 11:42:58,22,23,11863,27356
2023-12-06 11:42:58,22,24,11863,27356
2023-12-06 11:42:58,22,23,11863,27356
2023-12-06 11:43:15,22,24,11863,27356
2023-12-06 11:43:15,23,24,11863,27356
2023-12-06 11:43:27,22,24,11863,27356
2023-12-06 11:43:27,22,23,11863,27356
2023-12-06 11:43:42,21,23,11663,27556
2023-12-06 11:43:53,21,24,11663,27556
2023-12-06 11:43:53,21,23,11663,27556
2023-12-06 11:44:08,21,22,11663,27556
2023-12-06 11:44:39,21,23,11663,27556
2023-12-06 11:44:39,21,24,11663,27556
2023-12-06 11:44:39,21,22,11663,27556
2023-12-06 11:44:44,20,22,11663,27556
2023-12-06 11:44:45,19,22,11663,27956
2023-12-06 11:44:46,19,21,11663,27956
2023-12-06 11:44:50,19,21,11663,28056
2023-12-06 11:44:53,20,21,11663,28056
2023-12-06 11:45:08,21,22,11663,28056
2023-12-06 11:45:09,21,23,11663,28056
2023-12-06 11:45:24,21,22,11663,28056
2023-12-06 11:45:24,20,22,11663,28056
2023-12-06 11:45:30,20,23,11663,28173
2023-12-06 11:45:33,20,22,11663,28173
2023-12-06 11:45:33,20,23,11762,28421
2023-12-06 11:45:34,20,22,11762,28421
2023-12-06 11:45:34,20,23,11913,28572
2023-12-06 11:45:35,20,22,11913,28572
2023-12-06 11:45:35,20,23,12026,28685
2023-12-06 11:45:35,20,22,12026,28685
2023-12-06 11:45:36,20,23,12148,28807
2023-12-06 11:45:36,20,22,12148,28807
2023-12-06 11:45:37,20,23,12249,28908
2023-12-06 11:45:38,20,22,12249,28908
2023-12-06 11:45:38,20,23,12414,29073
2023-12-06 11:45:38,20,22,12414,29073
2023-12-06 11:45:39,20,23,12576,29235
2023-12-06 11:45:39,20,22,12576,29235
2023-12-06 11:45:40,20,23,12697,29356
2023-12-06 11:45:41,20,22,12697,29356
2023-12-06 11:45:42,20,23,12803,29462
2023-12-06 11:45:44,21,23,12803,29462
2023-12-06 11:45:45,20,23,12803,29462
2023-12-06 11:45:53,20,22,12803,29462
2023-12-06 11:45:54,20,23,12803,29462
2023-12-06 11:46:02,20,22,12803,29462
2023-12-06 11:46:18,20,23,12803,29462
2023-12-06 11:46:27,21,23,12803,29462
2023-12-06 11:46:27,22,23,12803,29462
2023-12-06 11:46:31,22,24,12803,29462
2023-12-06 11:46:37,22,23,12803,29462
2023-12-06 11:46:39,22,24,12803,29462
2023-12-06 11:46:40,22,25,12803,29462
2023-12-06 11:46:41,22,24,12803,29462
2023-12-06 11:46:41,22,25,12803,29662
2023-12-06 11:46:44,22,24,12803,29662
2023-12-06 11:46:45,22,25,12803,29862
2023-12-06 11:46:48,23,25,12803,29862
2023-12-06 11:46:49,23,26,12932,30262
2023-12-06 11:46:51,23,25,12932,30262
2023-12-06 11:46:56,22,25,12932,30262
2023-12-06 11:46:58,23,25,12932,30262
2023-12-06 11:46:59,22,25,12932,30262
2023-12-06 11:47:05,23,25,12932,30262
2023-12-06 11:47:08,22,25,12932,30262
2023-12-06 11:47:21,23,25,12932,30262
2023-12-06 11:47:46,24,25,12932,30262
2023-12-06 11:47:48,24,26,12932,30262
2023-12-06 11:48:38,24,26,13132,30462
2023-12-06 11:49:32,24,26,13232,30562
2023-12-06 11:49:34,24,27,13232,30562
2023-12-06 11:50:26,24,26,13232,30562
2023-12-06 11:50:53,24,27,13232,30562
2023-12-06 11:51:13,24,26,13232,30562
2023-12-06 11:51:22,24,27,13232,30562
2023-12-06 11:51:28,25,27,13232,30562
2023-12-06 11:52:42,26,27,13232,30562
2023-12-06 11:52:45,26,28,13232,30562
2023-12-06 11:53:00,27,28,13232,30562
2023-12-06 11:53:01,27,29,13232,30562
2023-12-06 11:53:03,27,30,13232,30562
2023-12-06 11:53:03,28,30,13232,30562
2023-12-06 11:53:05,29,30,13232,30562
2023-12-06 11:53:05,29,30,13232,30622
2023-12-06 11:53:06,29,31,13232,30622
2023-12-06 11:53:07,29,31,13232,30802
2023-12-06 11:53:08,29,31,13252,30822
2023-12-06 11:53:10,28,31,13252,30822
2023-12-06 11:53:11,28,30,13252,30822
2023-12-06 11:53:15,28,31,13252,30842
2023-12-06 11:53:22,29,31,13252,30842
2023-12-06 11:53:23,29,30,13252,30842
2023-12-06 11:53:24,29,31,13354,30944
2023-12-06 11:53:24,29,30,13354,30944
2023-12-06 11:53:25,29,31,13354,30944
2023-12-06 11:53:45,30,31,13354,30944
2023-12-06 11:53:53,30,31,13354,30965
2023-12-06 11:53:56,29,31,13354,30965
2023-12-06 11:54:06,30,31,13354,30965
2023-12-06 11:54:08,29,32,13354,30965
2023-12-06 11:54:17,29,31,13354,30965
2023-12-06 11:54:18,30,31,13354,30965
2023-12-06 11:54:23,29,31,13354,30965
2023-12-06 11:54:23,30,31,13354,30965
2023-12-06 11:54:37,29,31,13354,30965
2023-12-06 11:54:56,30,31,13354,30965
2023-12-06 11:55:05,30,32,13354,30965
2023-12-06 11:55:12,29,32,13354,30965
2023-12-06 11:55:14,30,32,13354,30965
2023-12-06 11:55:30,31,32,13354,30965
2023-12-06 11:55:33,31,32,13254,31065
2023-12-06 11:55:54,31,33,13254,31065
2023-12-06 11:56:08,32,33,13254,31065
2023-12-06 11:56:44,31,33,13254,31065
2023-12-06 11:56:44,32,33,13254,31065
2023-12-06 11:56:47,32,34,13254,31065
2023-12-06 11:57:02,31,34,13254,31065
2023-12-06 11:57:14,32,34,13254,31065
2023-12-06 11:57:21,31,34,13254,31065
2023-12-06 11:57:28,32,34,13254,31065
2023-12-06 11:57:50,33,34,13254,31065
2023-12-06 11:57:50,33,34,13254,31178
2023-12-06 11:57:50,32,34,13254,31178
2023-12-06 11:57:51,33,34,13254,31178
2023-12-06 11:57:55,33,34,13254,31265
2023-12-06 11:57:59,33,35,13454,31465
2023-12-06 11:58:01,33,36,13454,31465
2023-12-06 11:58:02,34,36,13454,31465
2023-12-06 11:58:33,35,36,13454,31465
2023-12-06 11:58:38,35,37,13454,31465
2023-12-06 11:58:52,35,38,13454,31465
2023-12-06 11:58:53,36,38,13454,31465
2023-12-06 11:59:33,37,38,13454,31465
2023-12-06 11:59:59,38,39,13454,31465
2023-12-06 12:00:00,37,39,13454,31465
2023-12-06 12:00:03,38,39,13454,31465
2023-12-06 12:00:10,37,39,13454,31465
2023-12-06 12:00:16,38,39,13454,31465
2023-12-06 12:00:43,37,39,13379,31565
2023-12-06 12:00:46,36,39,13379,31565
2023-12-06 12:00:47,36,38,13379,31565
2023-12-06 12:00:49,35,38,13379,31565
2023-12-06 12:00:57,35,37,13379,31565
2023-12-06 12:01:01,35,38,13379,31565
2023-12-06 12:01:06,36,38,13379,31565
2023-12-06 12:01:09,35,38,13379,31565
2023-12-06 12:01:15,35,37,13379,31565
2023-12-06 12:01:23,34,37,13379,31565
2023-12-06 12:01:35,34,36,13379,31565
2023-12-06 12:01:48,33,36,13379,31565
2023-12-06 12:01:58,34,36,13379,31565
2023-12-06 12:02:04,33,36,13379,31565
2023-12-06 12:02:16,35,36,13379,31565
2023-12-06 12:02:20,33,36,13379,31565
2023-12-06 12:02:20,34,36,13379,31565
2023-12-06 12:02:24,34,35,13379,31565
2023-12-06 12:02:55,33,35,13379,31565
2023-12-06 12:03:01,32,35,13379,31565
2023-12-06 12:03:05,32,34,13379,31565
2023-12-06 12:03:18,32,35,13379,31565
2023-12-06 12:03:35,33,35,13379,31565
2023-12-06 12:03:41,32,35,13379,31565
2023-12-06 12:03:43,32,34,13379,31565
2023-12-06 12:03:52,32,35,13379,31565
2023-12-06 12:03:55,32,34,13379,31565
2023-12-06 12:03:58,32,35,13379,31565
2023-12-06 12:04:05,33,35,13379,31565
2023-12-06 12:04:22,34,35,13379,31565
2023-12-06 12:04:22,33,35,13379,31737
2023-12-06 12:04:23,34,35,13379,31737
2023-12-06 12:04:23,33,35,13379,31737
2023-12-06 12:04:23,34,35,13379,31737
2023-12-06 12:04:24,33,35,13379,31737
2023-12-06 12:04:24,33,34,13379,31737
2023-12-06 12:04:26,32,34,13379,31737
2023-12-06 12:04:31,33,34,13379,31737
2023-12-06 12:04:36,32,34,13379,31737
2023-12-06 12:04:39,33,34,13379,31737
2023-12-06 12:04:56,32,34,13379,31737
2023-12-06 12:05:05,33,35,13407,31765
2023-12-06 12:05:21,34,35,13407,31765
2023-12-06 12:05:46,34,36,13438,31796
2023-12-06 12:05:49,34,37,13438,31796
2023-12-06 12:05:50,35,37,13438,31796
2023-12-06 12:06:06,35,38,13438,31796
2023-12-06 12:06:06,36,38,13438,31796
2023-12-06 12:06:12,35,38,13438,31796
2023-12-06 12:06:16,35,37,13438,31796
2023-12-06 12:06:31,35,38,13438,31796
2023-12-06 12:06:44,36,38,13438,31796
2023-12-06 12:07:01,37,38,13438,31796
2023-12-06 12:07:01,36,38,13438,31928
2023-12-06 12:07:01,37,38,13438,31928
2023-12-06 12:07:02,36,38,13438,31928
2023-12-06 12:07:03,37,38,13438,31928
2023-12-06 12:07:04,35,38,13438,31928
2023-12-06 12:07:04,36,38,13438,31928
2023-12-06 12:07:12,37,38,13438,31928
2023-12-06 12:07:16,35,38,13438,31928
2023-12-06 12:07:16,36,38,13438,31928
2023-12-06 12:07:18,37,38,13438,31928
2023-12-06 12:07:24,36,38,13438,31928
2023-12-06 12:07:26,36,39,13438,31928
2023-12-06 12:07:28,37,39,13438,31928
2023-12-06 12:07:29,36,39,13438,31928
2023-12-06 12:07:33,37,39,13438,31928
2023-12-06 12:07:44,37,40,13438,31928
2023-12-06 12:08:01,39,40,13438,31928
2023-12-06 12:08:02,38,40,13438,31928
2023-12-06 12:08:14,37,40,13438,31928
2023-12-06 12:08:15,37,39,13438,31928
2023-12-06 12:08:31,38,39,13438,31928
2023-12-06 12:08:43,37,39,13438,31928
2023-12-06 12:08:46,38,39,13438,31928
2023-12-06 12:08:51,37,39,13438,31928
2023-12-06 12:08:52,38,39,13438,31928
2023-12-06 12:08:54,38,40,13438,31928
2023-12-06 12:08:54,37,40,13438,31928
2023-12-06 12:09:03,38,40,13438,31928
2023-12-06 12:09:36,37,40,13438,31928
2023-12-06 12:09:36,39,40,13438,31928
2023-12-06 12:09:36,38,40,13438,31928
2023-12-06 12:09:36,39,40,13438,31928
2023-12-06 12:09:42,38,40,13438,31928
2023-12-06 12:09:46,39,40,13438,31928
2023-12-06 12:09:48,38,40,13438,31928
2023-12-06 12:10:35,39,40,13438,31928
2023-12-06 12:10:53,38,40,13438,31928
2023-12-06 12:10:53,37,40,13438,31928
2023-12-06 12:10:53,39,40,13438,31928
2023-12-06 12:11:20,39,41,13438,31928
2023-12-06 12:11:22,40,41,13438,31928
2023-12-06 12:11:26,40,42,13438,31928
2023-12-06 12:11:38,41,42,13438,31928
2023-12-06 12:12:27,41,43,13438,31928
2023-12-06 12:12:27,42,43,13438,31928
2023-12-06 12:12:27,41,43,13438,32060
2023-12-06 12:12:27,42,43,13438,32060
2023-12-06 12:12:33,41,43,13438,32060
2023-12-06 12:12:33,42,43,13438,32060
2023-12-06 12:13:22,41,43,13034,32510
2023-12-06 12:13:22,42,43,13034,32510
2023-12-06 12:13:27,41,43,13034,32510
2023-12-06 12:13:34,40,43,13034,32510
2023-12-06 12:13:36,40,42,13034,32510
2023-12-06 12:13:40,39,42,13034,32510
2023-12-06 12:13:49,39,41,13034,32510
2023-12-06 12:13:57,38,41,12834,32710
2023-12-06 12:13:58,38,40,12834,32710
2023-12-06 12:14:06,37,40,12834,32710
2023-12-06 12:14:08,38,40,12834,32710
2023-12-06 12:14:08,37,40,12834,32710
2023-12-06 12:14:09,38,40,12834,32710
2023-12-06 12:14:18,39,40,12834,32710
2023-12-06 12:14:24,37,40,12834,32710
2023-12-06 12:14:24,38,40,12834,32710
2023-12-06 12:14:33,38,39,12834,32710
2023-12-06 12:14:33,37,39,12834,32710
2023-12-06 12:14:39,36,39,12834,32710
2023-12-06 12:14:50,37,39,12834,32710
2023-12-06 12:14:58,36,39,12834,32710
2023-12-06 12:14:58,37,39,12834,32710
2023-12-06 12:15:02,36,39,12834,32710
2023-12-06 12:15:18,37,39,12834,32710
2023-12-06 12:15:19,37,38,12834,32710
2023-12-06 12:15:19,36,38,12834,32710
2023-12-06 12:15:29,37,38,12834,32710
2023-12-06 12:15:30,36,38,12834,32710
2023-12-06 12:15:34,37,38,12834,32710
2023-12-06 12:15:36,36,38,12834,32710
2023-12-06 12:15:41,36,37,12834,32710
2023-12-06 12:15:41,35,37,12834,32710
2023-12-06 12:16:14,35,38,12834,32710
2023-12-06 12:16:27,35,37,12834,32710
2023-12-06 12:16:36,36,37,12834,32710
2023-12-06 12:16:51,35,37,12834,32710
2023-12-06 12:16:59,36,37,12834,32710
2023-12-06 12:17:14,36,38,12834,32710
2023-12-06 12:17:25,36,39,12834,32710
2023-12-06 12:17:37,37,39,12834,32710
2023-12-06 12:17:47,37,38,12834,32710
2023-12-06 12:17:47,36,38,12834,32710
2023-12-06 12:17:48,35,38,12834,32710
2023-12-06 12:17:58,35,37,12834,32710
2023-12-06 12:18:06,35,38,12834,32710
2023-12-06 12:18:06,36,38,12834,32710
2023-12-06 12:18:30,37,38,12834,32710
2023-12-06 12:18:33,36,38,12834,32710
2023-12-06 12:18:41,36,37,12834,32710
2023-12-06 12:18:41,35,37,12834,32710
2023-12-06 12:18:53,36,37,12834,32710
2023-12-06 12:18:57,35,37,12834,32710
2023-12-06 12:18:57,35,37,12834,32747
2023-12-06 12:18:58,36,37,12834,32747
2023-12-06 12:19:03,35,37,12834,32747
2023-12-06 12:19:16,35,36,12834,32747
2023-12-06 12:19:18,34,36,12834,32747
2023-12-06 12:19:22,33,36,12834,32747
2023-12-06 12:19:22,33,35,12834,32747
2023-12-06 12:19:25,32,35,12834,32747
2023-12-06 12:19:25,32,34,12834,32747
2023-12-06 12:20:02,32,35,12834,32747
2023-12-06 12:20:11,33,35,12834,32747
2023-12-06 12:20:21,33,36,12834,32747
2023-12-06 12:20:26,33,35,12834,32747
2023-12-06 12:20:32,32,35,12834,32747
2023-12-06 12:20:42,33,35,12834,32747
2023-12-06 12:20:49,33,36,12834,32747
2023-12-06 12:21:02,34,36,12834,32747
2023-12-06 12:21:08,35,36,12834,32747
2023-12-06 12:21:08,35,37,12834,32747
2023-12-06 12:21:08,35,38,12834,32747
2023-12-06 12:21:09,36,38,12834,32747
2023-12-06 12:21:17,35,38,12834,32747
2023-12-06 12:21:31,35,37,12834,32747
2023-12-06 12:21:34,35,38,12834,32747
2023-12-06 12:21:37,36,38,12834,32747
2023-12-06 12:21:52,36,37,12834,32747
2023-12-06 12:21:55,35,37,12834,32747
2023-12-06 12:22:00,36,37,12834,32747
2023-12-06 12:22:04,36,38,12834,32747
2023-12-06 12:22:10,35,38,12834,32747
2023-12-06 12:22:14,35,37,12834,32747
2023-12-06 12:22:17,36,37,12834,32747
2023-12-06 12:22:25,36,38,12834,32747
2023-12-06 12:22:29,35,38,12834,32747
2023-12-06 12:22:29,36,38,12834,32747
2023-12-06 12:22:47,35,38,12834,32881
2023-12-06 12:22:48,35,37,12834,32881
2023-12-06 12:22:49,34,37,12834,32881
2023-12-06 12:22:53,34,36,12834,32881
2023-12-06 12:22:56,33,36,12834,32881
2023-12-06 12:23:01,34,36,12834,32881
2023-12-06 12:23:03,33,36,12834,32881
2023-12-06 12:23:07,34,36,12834,32881
2023-12-06 12:23:31,34,37,12834,32881
2023-12-06 12:23:33,35,37,12834,32881
2023-12-06 12:23:35,34,37,12834,32881
2023-12-06 12:23:48,34,36,12834,32881
2023-12-06 12:23:56,33,36,12834,32881
2023-12-06 12:24:03,34,36,12834,32881
2023-12-06 12:24:18,35,36,12834,32881
2023-12-06 12:24:22,34,36,12834,32881
2023-12-06 12:24:24,35,36,12834,32881
2023-12-06 12:24:26,34,36,12834,32881
2023-12-06 12:24:53,33,36,12834,32881
2023-12-06 12:24:57,33,35,12834,32881
2023-12-06 12:25:02,32,35,12834,32881
2023-12-06 12:25:08,33,35,12834,32881
2023-12-06 12:25:19,33,36,12834,32881
2023-12-06 12:25:22,33,35,12834,32881
2023-12-06 12:25:25,32,35,12834,32881
2023-12-06 12:25:42,33,35,12834,32881
2023-12-06 12:25:43,32,35,12944,32991
2023-12-06 12:25:44,33,35,12944,32991
2023-12-06 12:25:51,33,34,12944,32991
2023-12-06 12:25:51,32,34,12944,32991
2023-12-06 12:26:08,32,33,12944,32991
2023-12-06 12:26:11,31,33,12944,32991
2023-12-06 12:26:29,31,32,12944,32991
2023-12-06 12:26:29,30,32,12944,32991
2023-12-06 12:26:45,30,31,12944,32991
2023-12-06 12:26:45,29,31,12944,32991
2023-12-06 12:27:10,29,30,12944,32991
2023-12-06 12:27:11,29,31,12944,32991
2023-12-06 12:27:11,29,30,12944,32991
2023-12-06 12:27:12,29,31,12944,32991
2023-12-06 12:27:16,29,30,12944,32991
2023-12-06 12:27:25,29,31,12944,33148
2023-12-06 12:27:26,29,30,12944,33148
2023-12-06 12:27:28,29,31,12944,33148
2023-12-06 12:27:29,29,30,12944,33148
2023-12-06 12:27:31,29,31,12944,33148
2023-12-06 12:27:32,29,30,12944,33148
2023-12-06 12:27:33,29,31,12944,33148
2023-12-06 12:27:44,29,30,12944,33148
2023-12-06 12:27:46,29,31,12944,33148
2023-12-06 12:27:46,29,30,12944,33148
2023-12-06 12:27:48,29,31,12944,33148
2023-12-06 12:27:49,29,30,12944,33148
2023-12-06 12:27:53,29,31,12944,33148
2023-12-06 12:27:58,29,30,12944,33148
2023-12-06 12:28:00,29,31,12944,33148
2023-12-06 12:28:01,29,30,12944,33148
2023-12-06 12:28:03,29,31,12944,33148
2023-12-06 12:28:13,29,32,12944,33148
2023-12-06 12:28:16,29,31,12944,33148
2023-12-06 12:28:49,29,30,12944,33148
2023-12-06 12:28:53,29,31,12944,33148
2023-12-06 12:28:54,29,30,12944,33148
2023-12-06 12:28:54,29,31,12944,33148
2023-12-06 12:29:06,29,32,12944,33148
2023-12-06 12:29:23,29,31,12944,33148
2023-12-06 12:29:24,30,32,12944,33262
2023-12-06 12:29:24,30,31,12944,33262
2023-12-06 12:29:25,30,32,13051,33388
2023-12-06 12:29:28,29,32,13051,33388
2023-12-06 12:29:28,30,32,13051,33388
2023-12-06 12:29:51,30,33,13051,33388
2023-12-06 12:29:52,30,32,13051,33388
2023-12-06 12:29:59,29,32,13051,33388
2023-12-06 12:30:02,30,32,13051,33388
2023-12-06 12:30:05,29,32,13051,33388
2023-12-06 12:30:11,29,31,13051,33388
2023-12-06 12:30:16,29,32,13051,33388
2023-12-06 12:30:25,29,31,13051,33388
2023-12-06 12:30:41,29,30,13051,33388
2023-12-06 12:30:41,28,30,13051,33388
2023-12-06 12:30:43,28,29,13051,33388
2023-12-06 12:30:44,27,29,13051,33388
2023-12-06 12:31:23,27,30,13051,33388
2023-12-06 12:31:26,28,30,13051,33388
2023-12-06 12:31:36,27,30,13051,33388
2023-12-06 12:31:40,28,30,13051,33388
2023-12-06 12:31:53,28,31,13051,33388
2023-12-06 12:32:07,29,31,13051,33388
2023-12-06 12:32:07,29,32,13051,33388
2023-12-06 12:32:11,30,32,13051,33388
2023-12-06 12:32:12,30,32,13551,33888
2023-12-06 12:32:14,30,33,13551,33888
2023-12-06 12:32:16,31,33,13551,33888
2023-12-06 12:32:27,31,34,13551,33888
2023-12-06 12:32:28,32,34,13551,33888
2023-12-06 12:32:39,33,34,13551,33888
2023-12-06 12:32:39,33,35,13751,34088
2023-12-06 12:32:43,32,35,13751,34088
2023-12-06 12:32:45,33,35,13751,34088
2023-12-06 12:32:47,32,35,13751,34088
2023-12-06 12:32:49,32,34,13751,34088
2023-12-06 12:33:03,32,35,13751,34088
2023-12-06 12:33:05,32,34,13751,34088
2023-12-06 12:33:06,33,34,13751,34088
2023-12-06 12:33:07,33,35,13751,34088
2023-12-06 12:33:09,32,35,13751,34088
2023-12-06 12:33:09,32,34,13751,34088
2023-12-06 12:33:12,33,34,13751,34088
2023-12-06 12:33:18,32,34,13751,34088
2023-12-06 12:33:35,32,33,13751,34088
2023-12-06 12:33:36,32,34,13751,34088
2023-12-06 12:33:36,32,33,13751,34088
2023-12-06 12:33:37,31,33,13251,34588
2023-12-06 12:33:42,30,33,13251,34588
2023-12-06 12:33:52,31,33,13251,34588
2023-12-06 12:34:03,30,33,13251,34588
2023-12-06 12:34:03,30,32,13251,34588
2023-12-06 12:34:08,30,33,13251,34588
2023-12-06 12:34:10,30,32,13251,34588
2023-12-06 12:34:22,30,33,13251,34588
2023-12-06 12:34:22,30,32,13251,34588
2023-12-06 12:34:28,31,32,13251,34588
2023-12-06 12:34:29,31,33,13251,34588
2023-12-06 12:34:45,31,32,13251,34588
2023-12-06 12:34:46,31,33,13251,34588
2023-12-06 12:34:47,31,32,13251,34588
2023-12-06 12:34:47,31,33,13251,34588
2023-12-06 12:34:48,31,33,13751,35088
2023-12-06 12:34:48,31,34,13751,35088
2023-12-06 12:34:49,32,34,13751,35088
2023-12-06 12:35:03,32,33,13751,35088
2023-12-06 12:35:22,32,34,13751,35088
2023-12-06 12:35:24,33,34,13751,35088
2023-12-06 12:35:24,33,35,13751,35088
2023-12-06 12:35:26,34,35,13751,35088
2023-12-06 12:35:33,34,36,13751,35088
2023-12-06 12:35:36,33,36,13751,35088
2023-12-06 12:35:40,34,36,13751,35088
2023-12-06 12:35:41,34,35,13751,35088
2023-12-06 12:36:02,33,35,13751,35088
2023-12-06 12:36:12,32,35,13751,35088
2023-12-06 12:36:12,33,35,13751,35088
2023-12-06 12:36:13,32,35,13251,35588
2023-12-06 12:36:15,32,34,13251,35588
2023-12-06 12:36:26,31,34,13251,35588
2023-12-06 12:36:30,32,34,13251,35588
2023-12-06 12:36:32,31,34,13251,35588
2023-12-06 12:36:33,32,34,13251,35588
2023-12-06 12:36:33,32,33,13251,35588
2023-12-06 12:36:33,32,34,13251,35588
2023-12-06 12:36:42,32,33,13251,35588
2023-12-06 12:36:43,32,34,13251,35588
2023-12-06 12:36:53,32,33,13251,35588
2023-12-06 12:36:57,31,33,13251,35588
2023-12-06 12:37:01,31,34,13251,35588
2023-12-06 12:37:04,32,34,13251,35588
2023-12-06 12:37:20,31,34,13251,35588
2023-12-06 12:37:21,31,33,13251,35588
2023-12-06 12:37:30,31,32,13251,35588
2023-12-06 12:37:39,30,32,13251,35588
2023-12-06 12:37:40,30,33,13251,35588
2023-12-06 12:37:40,30,32,13251,35588
2023-12-06 12:37:51,30,33,13251,35588
2023-12-06 12:37:51,31,33,13251,35588
2023-12-06 12:38:04,31,34,13251,35588
2023-12-06 12:38:05,32,34,13251,35588
2023-12-06 12:38:27,32,33,13251,35588
2023-12-06 12:38:27,32,34,13443,35780
2023-12-06 12:38:32,32,35,13443,35780
2023-12-06 12:38:32,32,34,13443,35780
2023-12-06 12:38:40,33,34,13443,35780
2023-12-06 12:38:40,33,35,13443,35780
2023-12-06 12:38:53,33,36,13443,35780
2023-12-06 12:38:54,33,35,13443,35780
2023-12-06 12:38:55,33,36,13443,35780
2023-12-06 12:39:01,34,36,13443,35780
2023-12-06 12:39:03,33,36,13443,35780
2023-12-06 12:39:03,33,35,13443,35780
2023-12-06 12:39:26,32,35,13243,35980
2023-12-06 12:39:33,32,34,13243,35980
2023-12-06 12:39:42,32,35,13243,35980
2023-12-06 12:39:44,32,34,13243,35980
2023-12-06 12:40:06,32,35,13243,35980
2023-12-06 12:40:20,33,35,13243,35980
2023-12-06 12:40:21,33,36,13243,35980
2023-12-06 12:40:21,33,35,13243,35980
2023-12-06 12:40:21,33,36,13243,35980
2023-12-06 12:40:32,34,36,13243,35980
2023-12-06 12:40:39,33,36,13243,35980
2023-12-06 12:40:45,34,36,13243,35980
2023-12-06 12:41:10,34,37,13243,35980
2023-12-06 12:41:15,34,37,13743,36480
2023-12-06 12:41:15,35,37,13743,36480
2023-12-06 12:41:17,36,37,13743,36480
2023-12-06 12:41:19,36,38,13943,36680
2023-12-06 12:41:22,36,39,13943,36680
2023-12-06 12:41:22,37,39,13943,36680
2023-12-06 12:41:46,37,40,13943,36680
2023-12-06 12:41:53,37,39,13943,36680
2023-12-06 12:41:56,37,40,13943,36680
2023-12-06 12:41:57,37,39,13943,36680
2023-12-06 12:41:58,37,40,13943,36680
2023-12-06 12:41:59,38,40,13943,36680
2023-12-06 12:41:59,38,39,13943,36680
2023-12-06 12:42:00,37,39,13943,36680
2023-12-06 12:42:02,38,39,13943,36680
2023-12-06 12:42:06,37,39,13943,36680
2023-12-06 12:42:17,37,40,13943,36680
2023-12-06 12:42:18,37,39,13943,36680
2023-12-06 12:42:29,36,39,13743,36880
2023-12-06 12:42:30,36,38,13743,36880
2023-12-06 12:42:56,37,38,13743,36880
2023-12-06 12:42:56,37,39,13743,36880
2023-12-06 12:42:57,36,39,13743,36880
2023-12-06 12:43:08,36,38,13743,36880
2023-12-06 12:43:33,37,38,13743,36880
2023-12-06 12:43:33,37,39,13743,36880
2023-12-06 12:43:38,37,38,13743,36880
2023-12-06 12:43:44,36,38,13743,36880
2023-12-06 12:43:52,37,38,13743,36880
2023-12-06 12:43:53,37,39,13743,36880
2023-12-06 12:43:55,37,38,13743,36880
2023-12-06 12:43:59,36,38,13743,36880
2023-12-06 12:44:08,35,38,13743,36880
2023-12-06 12:44:10,36,38,13743,36880
2023-12-06 12:44:14,35,38,13743,36880
2023-12-06 12:44:23,35,37,13743,36880
2023-12-06 12:44:37,35,36,13743,36880
2023-12-06 12:44:37,34,36,13743,36880
2023-12-06 12:44:45,33,36,13243,37380
2023-12-06 12:44:59,34,36,13243,37380
2023-12-06 12:45:02,34,37,13243,37380
2023-12-06 12:45:06,35,37,13243,37380
2023-12-06 12:45:09,34,37,13243,37380
2023-12-06 12:45:19,34,36,13243,37380
2023-12-06 12:45:20,33,36,13243,37380
2023-12-06 12:45:28,34,36,13243,37380
2023-12-06 12:45:30,33,36,13243,37380
2023-12-06 12:45:34,33,35,13243,37380
2023-12-06 12:45:43,32,35,13243,37380
2023-12-06 12:45:57,32,34,13243,37380
2023-12-06 12:46:16,31,34,13243,37380
2023-12-06 12:46:16,31,33,13243,37380
2023-12-06 12:46:25,31,32,13243,37380
2023-12-06 12:46:26,30,32,13243,37380
2023-12-06 12:46:28,29,32,13187,37580
2023-12-06 12:46:29,29,31,13187,37580
2023-12-06 12:46:38,29,30,13187,37580
2023-12-06 12:46:38,29,30,13443,37980
2023-12-06 12:46:38,26,30,13643,38180
2023-12-06 12:46:39,27,30,13643,38180
2023-12-06 12:46:39,27,29,13643,38180
2023-12-06 12:46:39,27,28,13643,38180
2023-12-06 12:46:40,27,29,13643,38180
2023-12-06 12:46:44,26,29,13643,38180
2023-12-06 12:46:44,26,28,13643,38180
2023-12-06 12:46:45,25,28,13243,38580
2023-12-06 12:46:50,25,27,13243,38580
2023-12-06 12:46:52,25,28,13243,38580
2023-12-06 12:46:54,25,27,13243,38580
2023-12-06 12:47:06,25,26,13243,38580
2023-12-06 12:47:18,24,26,13243,38580
2023-12-06 12:47:27,24,27,13243,38580
2023-12-06 12:47:30,25,27,13243,38580
2023-12-06 12:47:33,24,27,13243,38580
2023-12-06 12:47:45,25,27,13243,38580
2023-12-06 12:47:48,25,26,13243,38580
2023-12-06 12:47:50,25,27,13243,38580
2023-12-06 12:47:58,25,26,13243,38580
2023-12-06 12:47:58,24,26,13243,38580
2023-12-06 12:48:39,24,25,13243,38580
2023-12-06 12:49:01,24,26,13243,38580
2023-12-06 12:49:02,24,25,13243,38580
2023-12-06 12:49:04,24,26,13243,38580
2023-12-06 12:49:13,24,25,13243,38580
2023-12-06 12:49:17,24,26,13243,38580
2023-12-06 12:49:18,24,25,13243,38580
2023-12-06 12:49:18,24,26,13243,38580
2023-12-06 12:50:06,24,27,13243,38580
2023-12-06 12:50:11,24,26,13243,38580
2023-12-06 12:50:29,25,26,13243,38580
2023-12-06 12:50:30,24,26,13243,38580
2023-12-06 12:50:33,25,26,13243,38580
2023-12-06 12:50:38,25,27,13243,38580
2023-12-06 12:50:43,24,27,13243,38580
2023-12-06 12:50:45,25,27,13243,38580
2023-12-06 12:50:52,25,26,13243,38580
2023-12-06 12:51:51,23,25,13243,38680
2023-12-06 12:51:58,22,25,13243,38680
2023-12-06 12:51:58,22,24,13243,38680
2023-12-06 12:51:58,22,23,13243,38680
2023-12-06 12:51:58,20,23,13243,38680
2023-12-06 12:51:58,20,22,13243,38680
2023-12-06 12:52:11,20,23,13243,38680
2023-12-06 12:52:15,20,22,13243,38680
2023-12-06 12:52:15,20,23,13243,38680
2023-12-06 12:52:16,20,22,13243,38680
2023-12-06 12:52:17,20,23,13243,38680
2023-12-06 12:52:37,21,23,13243,38680
2023-12-06 12:52:41,21,24,13243,38680
2023-12-06 12:52:41,21,23,13243,38680
2023-12-06 12:52:42,21,24,13243,38680
2023-12-06 12:52:46,22,24,13243,38680
2023-12-06 12:53:46,21,24,13243,38680
2023-12-06 12:53:48,21,23,13243,38680
2023-12-06 12:53:54,21,24,13243,38680
2023-12-06 12:53:54,22,24,13243,38680
2023-12-06 12:54:02,23,24,13243,38680
2023-12-06 12:54:05,22,24,13243,38680
2023-12-06 12:54:13,22,25,13243,39180
2023-12-06 12:54:14,23,25,13243,39180
2023-12-06 12:54:24,23,26,13243,39180
2023-12-06 12:54:28,24,26,13243,39180
2023-12-06 12:54:28,24,27,13243,39180
2023-12-06 12:54:33,24,26,13243,39180
2023-12-06 12:54:47,24,27,13243,39180
2023-12-06 12:55:00,24,26,13243,39180
2023-12-06 12:55:14,23,26,13243,39180
2023-12-06 12:55:20,23,25,13243,39180
2023-12-06 12:55:21,22,25,13243,39180
2023-12-06 12:55:30,22,24,13243,39180
2023-12-06 12:55:41,21,24,13243,39180
2023-12-06 12:55:45,21,23,13243,39180
2023-12-06 12:55:47,20,23,13243,39180
2023-12-06 12:55:51,20,22,13243,39180
2023-12-06 12:56:08,20,21,13243,39180
2023-12-06 12:56:10,19,21,13243,39180
2023-12-06 12:56:21,19,20,13243,39180
2023-12-06 12:56:24,19,21,13243,39180
2023-12-06 12:56:27,18,21,13243,39180
2023-12-06 12:56:32,18,20,13243,39180
2023-12-06 12:56:34,18,19,13243,39180
2023-12-06 12:56:36,17,19,13243,39185
2023-12-06 12:56:38,16,19,13243,39185
2023-12-06 12:56:38,16,18,13243,39185
2023-12-06 12:57:19,16,19,13243,39185
2023-12-06 12:57:29,17,19,13243,39185
2023-12-06 12:57:35,17,18,13243,39185
2023-12-06 12:57:41,17,19,13243,39185
2023-12-06 12:57:48,17,18,13243,39185
2023-12-06 12:57:51,17,19,13243,39185
2023-12-06 12:57:52,17,18,13243,39185
2023-12-06 12:57:56,17,19,13243,39185
2023-12-06 12:57:58,17,18,13243,39185
2023-12-06 12:58:00,16,18,13243,39185
2023-12-06 12:58:18,16,17,13243,39185
2023-12-06 12:58:28,16,17,13243,39185
2023-12-06 12:58:29,16,18,13243,39185
2023-12-06 12:58:30,15,18,13243,39185
2023-12-06 12:58:45,16,18,13243,39185
2023-12-06 12:59:06,16,17,13243,39185
2023-12-06 12:59:07,16,18,13243,39185
2023-12-06 12:59:09,16,17,13243,39185
2023-12-06 12:59:14,15,17,13243,39185
2023-12-06 12:59:17,15,18,13243,39185
2023-12-06 12:59:18,15,17,13243,39185
2023-12-06 12:59:21,15,18,13243,39185
2023-12-06 12:59:22,15,17,13243,39185
2023-12-06 12:59:50,16,17,13243,39185
2023-12-06 12:59:51,16,18,13243,39185
2023-12-06 12:59:57,15,18,13243,39185
2023-12-06 12:59:57,16,18,13243,39185
2023-12-06 12:59:58,15,18,13243,39185
2023-12-06 13:00:01,15,17,13243,39185
2023-12-06 13:00:16,15,18,13243,39185
2023-12-06 13:00:16,15,17,13243,39185
2023-12-06 13:00:27,15,18,13243,39185
2023-12-06 13:00:28,16,18,13243,39185
2023-12-06 13:00:42,16,19,13243,39185
2023-12-06 13:00:48,17,19,13243,39185
2023-12-06 13:00:49,16,19,13243,39185
2023-12-06 13:00:51,17,19,13243,39185
2023-12-06 13:00:54,17,20,13243,39185
2023-12-06 13:01:01,18,20,13243,39185
2023-12-06 13:01:02,18,21,13243,39185
2023-12-06 13:01:14,18,20,13243,39185
2023-12-06 13:01:23,18,19,13243,39185
2023-12-06 13:01:24,18,20,13243,39185
2023-12-06 13:01:24,18,19,13243,39185
2023-12-06 13:01:26,18,20,13243,39185
2023-12-06 13:01:29,18,19,13243,39185
2023-12-06 13:01:30,18,20,13243,39185
2023-12-06 13:01:30,18,19,13243,39185
2023-12-06 13:01:43,18,20,13243,39185
2023-12-06 13:01:43,18,19,13243,39185
2023-12-06 13:01:46,18,20,13243,39185
2023-12-06 13:01:46,18,19,13243,39185
2023-12-06 13:02:16,17,19,13243,39185
2023-12-06 13:02:16,17,20,13243,39185
2023-12-06 13:02:16,17,19,13243,39185
2023-12-06 13:02:17,18,19,13243,39185
2023-12-06 13:02:26,17,19,13243,39185
2023-12-06 13:02:36,18,19,13243,39185
2023-12-06 13:02:37,18,20,13243,39185
2023-12-06 13:02:38,18,21,13243,39185
2023-12-06 13:02:55,19,21,13243,39185
2023-12-06 13:02:55,19,20,13243,39185
2023-12-06 13:02:56,19,21,13243,39185
2023-12-06 13:02:56,19,20,13243,39185
2023-12-06 13:03:02,18,20,13243,39185
2023-12-06 13:03:04,18,21,13243,39185
2023-12-06 13:03:04,18,20,13243,39185
2023-12-06 13:03:06,18,21,13243,39185
2023-12-06 13:03:06,18,20,13243,39185
2023-12-06 13:03:12,19,20,13243,39185
2023-12-06 13:03:20,18,20,13243,39185
2023-12-06 13:03:32,18,21,13243,39185
2023-12-06 13:03:33,19,21,13243,39185
2023-12-06 13:03:35,19,20,13243,39185
2023-12-06 13:03:36,19,21,13243,39185
2023-12-06 13:03:43,19,20,13243,39185
2023-12-06 13:03:47,18,20,13243,39185
2023-12-06 13:03:52,17,20,13243,39185
2023-12-06 13:04:08,17,19,13243,39185
2023-12-06 13:04:10,17,18,13243,39185
2023-12-06 13:04:11,17,19,13243,39185
2023-12-06 13:04:12,16,19,13243,39185
2023-12-06 13:04:27,16,18,13243,39185
2023-12-06 13:04:51,16,17,13243,39185
2023-12-06 13:04:53,15,17,13243,39185
2023-12-06 13:04:54,15,18,13243,39185
2023-12-06 13:04:57,15,17,13243,39185
2023-12-06 13:05:12,15,16,13243,39185
2023-12-06 13:05:17,14,16,13243,39435
2023-12-06 13:05:22,14,15,13243,39435
2023-12-06 13:05:23,13,15,13243,39435
2023-12-06 13:05:28,13,14,13243,39435
2023-12-06 13:05:50,13,14,13493,39685
2023-12-06 13:06:00,14,15,13640,39832
2023-12-06 13:06:01,13,14,13643,39835
2023-12-06 13:06:14,12,14,13643,39835
2023-12-06 13:06:14,12,13,13643,39835
2023-12-06 13:06:14,12,13,13793,39985
2023-12-06 13:06:18,11,12,13893,40085
2023-12-06 13:06:18,9,12,13893,40085
2023-12-06 13:06:18,9,10,13893,40085
2023-12-06 13:06:53,10,12,13893,40185
2023-12-06 13:07:19,11,12,13893,40185
2023-12-06 13:07:20,11,13,14125,40417
2023-12-06 13:07:20,11,12,14125,40417
2023-12-06 13:07:21,11,13,14125,40417
2023-12-06 13:07:28,11,12,14125,40417
2023-12-06 13:07:43,10,12,14125,40417
2023-12-06 13:07:47,11,12,14125,40417
2023-12-06 13:07:53,11,13,14125,40417
2023-12-06 13:08:00,11,14,14125,40417
2023-12-06 13:08:07,12,14,14125,40417
2023-12-06 13:08:17,12,13,14125,40417
2023-12-06 13:08:19,11,13,14125,40417
2023-12-06 13:08:46,11,14,14125,40417
2023-12-06 13:08:46,11,13,14125,40417
2023-12-06 13:08:55,11,14,14125,40417
2023-12-06 13:08:55,11,13,14125,40417
2023-12-06 13:09:10,12,13,14125,40417
2023-12-06 13:09:12,12,14,14125,40417
2023-12-06 13:09:29,12,13,14125,40417
2023-12-06 13:09:52,12,14,14125,40417
2023-12-06 13:10:13,12,15,14125,40417
2023-12-06 13:10:16,13,15,14125,40417
2023-12-06 13:10:18,14,15,14125,40417
2023-12-06 13:10:18,14,16,14125,40417
2023-12-06 13:10:35,14,15,14125,40417
2023-12-06 13:10:48,14,16,14125,40417
2023-12-06 13:10:49,15,16,14125,40417
2023-12-06 13:10:49,15,17,14125,40417
2023-12-06 13:11:05,15,16,14125,40417
2023-12-06 13:11:09,15,17,14125,40417
2023-12-06 13:11:23,16,17,14125,40417
2023-12-06 13:11:23,16,18,14125,40417
2023-12-06 13:11:41,16,19,14522,40814
2023-12-06 13:11:41,16,18,14522,40814
2023-12-06 13:11:42,17,18,14522,40814
2023-12-06 13:11:42,17,19,14522,40814
2023-12-06 13:11:55,17,18,14522,40814
2023-12-06 13:12:02,17,18,14372,40964
2023-12-06 13:12:03,16,18,14372,40964
2023-12-06 13:12:03,17,18,14372,40964
2023-12-06 13:12:13,16,18,14372,40964
2023-12-06 13:12:19,16,17,14372,40964
2023-12-06 13:12:32,16,18,14372,40964
2023-12-06 13:12:42,16,19,14372,40964
2023-12-06 13:12:44,17,19,14372,40964
2023-12-06 13:12:52,17,20,14372,40964
2023-12-06 13:13:06,18,20,14372,40964
2023-12-06 13:13:48,18,21,14372,40964
2023-12-06 13:13:51,19,21,14372,40964
2023-12-06 13:14:03,19,20,14372,40964
2023-12-06 13:14:06,19,22,14772,41364
2023-12-06 13:14:06,19,21,14772,41364
2023-12-06 13:14:06,19,20,14772,41364
2023-12-06 13:14:31,19,21,14772,41364
2023-12-06 13:14:37,19,20,14772,41364
2023-12-06 13:14:41,19,21,14772,41364
2023-12-06 13:14:41,19,22,14772,41364
2023-12-06 13:14:41,19,21,14772,41364
2023-12-06 13:14:41,19,20,14772,41364
2023-12-06 13:14:43,19,21,14772,41364
2023-12-06 13:15:01,19,22,14772,41364
2023-12-06 13:15:13,19,21,14772,41364
2023-12-06 13:15:17,19,22,14772,41364
2023-12-06 13:15:17,20,22,14772,41364
2023-12-06 13:15:17,20,21,14772,41364
2023-12-06 13:15:22,20,22,14772,41364
2023-12-06 13:15:58,19,22,14772,41364
2023-12-06 13:15:59,20,22,14772,41364
2023-12-06 13:16:00,19,22,14772,41364
2023-12-06 13:16:10,19,21,14772,41364
2023-12-06 13:16:10,19,20,14772,41364
2023-12-06 13:16:11,18,20,14772,41364
2023-12-06 13:16:29,17,20,14772,41364
2023-12-06 13:16:29,17,19,14772,41364
2023-12-06 13:16:40,16,18,14772,41364
2023-12-06 13:17:18,16,17,14772,41364
2023-12-06 13:17:23,16,18,14772,41364
2023-12-06 13:17:27,16,17,14772,41364
2023-12-06 13:17:34,16,17,14772,41514
2023-12-06 13:17:39,16,17,14772,41664
2023-12-06 13:17:40,15,17,14772,41664
2023-12-06 13:18:03,16,17,14772,41664
2023-12-06 13:18:03,16,18,14772,41664
2023-12-06 13:18:08,16,19,14772,41664
2023-12-06 13:18:12,16,18,14772,41664
2023-12-06 13:18:25,16,19,14772,41664
2023-12-06 13:18:27,17,19,14772,41664
2023-12-06 13:18:29,16,19,14772,41664
2023-12-06 13:18:35,16,18,14772,41664
2023-12-06 13:19:00,15,18,14772,41664
2023-12-06 13:19:01,15,17,14772,41664
2023-12-06 13:19:02,15,18,14772,41664
2023-12-06 13:19:05,16,18,14772,41664
2023-12-06 13:19:19,15,18,14772,41664
2023-12-06 13:19:21,16,18,14772,41664
2023-12-06 13:19:26,16,19,14772,41664
2023-12-06 13:19:28,17,19,14772,41664
2023-12-06 13:19:34,16,19,14772,41664
2023-12-06 13:19:44,17,19,14772,41664
2023-12-06 13:19:48,17,18,14772,41664
2023-12-06 13:19:49,17,19,14911,41803
2023-12-06 13:19:52,18,19,14911,41803
2023-12-06 13:19:52,18,20,15397,42289
2023-12-06 13:19:57,18,21,15547,42439
2023-12-06 13:20:02,19,21,15547,42439
2023-12-06 13:20:13,19,20,15547,42439
2023-12-06 13:20:15,19,21,15667,42559
2023-12-06 13:20:17,20,21,15667,42559
2023-12-06 13:20:17,20,22,15667,42559
2023-12-06 13:20:26,20,21,15667,42559
2023-12-06 13:20:26,20,21,15727,42619
2023-12-06 13:20:26,18,21,15727,42769
2023-12-06 13:20:27,18,20,15727,42769
2023-12-06 13:20:27,18,19,15727,42769
2023-12-06 13:20:27,18,20,15727,42769
2023-12-06 13:20:27,18,20,16167,43269
2023-12-06 13:20:33,19,20,16167,43269
2023-12-06 13:20:36,19,21,16167,43269
2023-12-06 13:20:40,20,21,16167,43269
2023-12-06 13:20:41,19,21,16167,43269
2023-12-06 13:21:05,19,20,16167,43269
2023-12-06 13:21:20,18,20,16167,43269
2023-12-06 13:21:25,19,20,16167,43269
2023-12-06 13:21:29,19,21,16167,43269
2023-12-06 13:21:34,19,20,16167,43269
2023-12-06 13:22:00,18,20,16167,43269
2023-12-06 13:22:11,19,20,16167,43269
2023-12-06 13:22:12,18,20,16167,43269
2023-12-06 13:22:16,19,20,16167,43269
2023-12-06 13:22:19,18,20,16167,43269
2023-12-06 13:22:21,18,19,16167,43269
2023-12-06 13:22:25,17,19,16167,43269
2023-12-06 13:22:27,17,18,16167,43269
2023-12-06 13:22:29,16,18,16167,43269
2023-12-06 13:22:30,16,17,16167,43269
2023-12-06 13:22:39,15,17,16167,43269
2023-12-06 13:22:47,15,16,16167,43269
2023-12-06 13:22:52,14,16,16167,43269
2023-12-06 13:23:00,15,16,16167,43269
2023-12-06 13:23:07,15,17,16167,43269
2023-12-06 13:23:17,15,16,16167,43269
2023-12-06 13:23:18,15,17,16167,43269
2023-12-06 13:23:20,15,16,16167,43269
2023-12-06 13:23:39,15,17,16167,43269
2023-12-06 13:23:46,16,17,16167,43269
2023-12-06 13:24:07,15,17,16167,43269
2023-12-06 13:24:12,15,16,16167,43269
2023-12-06 13:24:27,15,16,16167,43419
2023-12-06 13:24:27,14,16,16167,43419
2023-12-06 13:24:27,14,15,16167,43419
2023-12-06 13:24:27,14,15,16167,43473
2023-12-06 13:25:05,13,15,16167,43473
2023-12-06 13:25:05,13,14,16167,43473
2023-12-06 13:25:08,13,14,16261,43623
2023-12-06 13:25:09,12,13,16311,43673
2023-12-06 13:25:30,12,13,16461,43823
2023-12-06 13:25:52,12,14,16461,43823
2023-12-06 13:25:54,12,13,16461,43823
2023-12-06 13:26:20,12,14,16461,43823
2023-12-06 13:26:20,13,14,16461,43823
2023-12-06 13:26:30,13,15,16461,43823
2023-12-06 13:26:31,13,14,16461,43823
2023-12-06 13:26:38,13,15,16461,43823
2023-12-06 13:26:43,14,15,16461,43823
2023-12-06 13:26:48,14,16,16461,43823
2023-12-06 13:27:05,15,16,16461,43823
2023-12-06 13:27:13,15,17,16461,43823
2023-12-06 13:27:14,16,17,16461,43823
2023-12-06 13:27:16,16,18,16461,43823
2023-12-06 13:27:27,16,18,16461,43824
2023-12-06 13:28:09,17,18,16461,43824
2023-12-06 13:28:40,16,18,16461,43824
2023-12-06 13:28:41,17,18,16461,43824
2023-12-06 13:28:56,16,18,16461,43824
2023-12-06 13:28:58,17,18,16461,43824
2023-12-06 13:29:14,17,19,16461,43824
2023-12-06 13:29:14,18,19,16461,43824
2023-12-06 13:29:21,18,20,16461,44024
2023-12-06 13:29:21,19,20,16461,44024
2023-12-06 13:29:29,18,20,16461,44024
2023-12-06 13:29:49,18,19,16461,44024
2023-12-06 13:30:04,17,19,16461,44024
2023-12-06 13:30:04,17,18,16461,44024
2023-12-06 13:30:07,17,19,16461,44024
2023-12-06 13:30:07,18,19,16461,44024
2023-12-06 13:30:11,17,19,16461,44024
2023-12-06 13:30:14,18,19,16461,44024
2023-12-06 13:30:24,17,19,16461,44024
2023-12-06 13:30:25,17,18,16461,44024
2023-12-06 13:30:28,17,18,16461,44174
2023-12-06 13:30:28,16,18,16461,44174
2023-12-06 13:30:29,16,17,16461,44174
2023-12-06 13:30:34,16,17,16461,44324
2023-12-06 13:30:35,15,16,16467,44374
2023-12-06 13:30:38,15,17,16467,44374
2023-12-06 13:30:45,16,17,16467,44374
2023-12-06 13:30:47,16,18,16467,44374
2023-12-06 13:30:58,16,17,16467,44374
2023-12-06 13:31:00,16,18,16467,44374
2023-12-06 13:31:02,17,18,16467,44374
2023-12-06 13:31:08,15,18,16467,44489
2023-12-06 13:31:08,16,17,16467,44489
2023-12-06 13:31:12,15,17,16467,44489
2023-12-06 13:31:13,15,16,16467,44489
2023-12-06 13:31:25,15,16,16617,44639
2023-12-06 13:31:26,14,16,16617,44639
2023-12-06 13:31:32,15,16,16617,44639
2023-12-06 13:31:36,15,17,16617,44639
2023-12-06 13:31:45,15,16,16617,44639
2023-12-06 13:31:48,15,17,16617,44639
2023-12-06 13:31:49,15,16,16617,44639
2023-12-06 13:31:59,15,17,16617,44639
2023-12-06 13:31:59,16,17,16617,44639
2023-12-06 13:32:00,15,17,16617,44639
2023-12-06 13:32:13,16,17,16617,44639
2023-12-06 13:32:35,15,17,16617,44639
2023-12-06 13:32:38,15,16,16617,44639
2023-12-06 13:32:50,14,16,16617,44639
2023-12-06 13:32:50,15,16,16617,44639
2023-12-06 13:33:12,15,16,16617,44789
2023-12-06 13:33:33,14,16,16617,44789
2023-12-06 13:33:33,15,16,16617,44789
2023-12-06 13:33:35,15,17,16617,44789
2023-12-06 13:33:40,15,16,16617,44789
2023-12-06 13:33:46,14,16,16617,44789
2023-12-06 13:33:47,14,15,16617,44789
2023-12-06 13:33:50,13,15,16617,44789
2023-12-06 13:34:01,13,14,16617,44789
2023-12-06 13:34:04,13,15,16617,44789
2023-12-06 13:34:08,14,15,16617,44789
2023-12-06 13:34:25,13,15,16617,44789
2023-12-06 13:34:25,14,15,16617,44789
2023-12-06 13:34:35,14,15,16617,44939
2023-12-06 13:34:36,13,15,16617,44939
2023-12-06 13:34:36,14,15,16617,44939
2023-12-06 13:34:44,14,15,16617,45089
2023-12-06 13:34:45,14,15,16617,45239
2023-12-06 13:34:46,13,14,16617,45356
2023-12-06 13:34:50,12,14,16617,45356
2023-12-06 13:34:51,12,13,16617,45356
2023-12-06 13:35:02,12,13,16767,45506
2023-12-06 13:35:13,12,14,16767,45506
2023-12-06 13:35:25,13,14,16767,45506
2023-12-06 13:35:27,12,13,16767,45613
2023-12-06 13:35:34,12,13,16867,45763
2023-12-06 13:35:40,12,14,16867,45763
2023-12-06 13:35:49,13,14,16867,45763
2023-12-06 13:35:50,12,14,16867,45763
2023-12-06 13:35:50,13,14,16867,45763
2023-12-06 13:36:09,12,14,16867,45763
2023-12-06 13:36:11,12,13,16867,45763
2023-12-06 13:36:14,11,13,16867,45763
2023-12-06 13:36:24,12,13,16867,45763
2023-12-06 13:36:36,12,14,16867,45763
2023-12-06 13:36:47,13,14,16867,45763
2023-12-06 13:36:53,12,14,16867,45763
2023-12-06 13:36:53,13,14,16867,45763
2023-12-06 13:37:05,12,14,16867,45763
2023-12-06 13:37:05,13,14,16867,45763
2023-12-06 13:37:11,13,15,16867,45763
2023-12-06 13:37:14,13,14,16867,45763
2023-12-06 13:37:41,12,14,16867,45763
2023-12-06 13:37:41,13,14,16867,45763
2023-12-06 13:37:50,13,14,16867,45913
2023-12-06 13:37:51,12,14,16867,45913
2023-12-06 13:37:51,12,13,16867,45913
2023-12-06 13:37:52,11,13,16867,45913
2023-12-06 13:37:52,11,12,16867,45913
2023-12-06 13:37:53,11,13,16867,45913
2023-12-06 13:37:58,11,12,16867,45913
2023-12-06 13:38:02,11,13,16867,45913
2023-12-06 13:38:09,12,13,16867,45913
2023-12-06 13:38:23,12,14,16867,45913
2023-12-06 13:38:34,13,14,16867,45913
2023-12-06 13:38:38,12,14,16867,45913
2023-12-06 13:38:40,13,14,16867,45913
2023-12-06 13:38:53,12,14,16867,45913
2023-12-06 13:39:01,12,13,16867,45913
2023-12-06 13:39:05,11,13,16867,45913
2023-12-06 13:39:18,11,12,16867,45913
2023-12-06 13:39:40,11,13,16661,46119
2023-12-06 13:39:44,12,13,16661,46278
2023-12-06 13:39:47,12,13,16661,46338
2023-12-06 13:39:47,11,13,16661,46338
2023-12-06 13:39:48,11,12,16661,46338
2023-12-06 13:39:51,11,13,16661,46338
2023-12-06 13:39:52,11,12,16661,46338
2023-12-06 13:39:57,11,13,16661,46338
2023-12-06 13:39:58,11,12,16661,46338
2023-12-06 13:40:01,11,13,16661,46338
2023-12-06 13:40:12,12,13,16661,46338
2023-12-06 13:40:14,12,14,16661,46338
2023-12-06 13:40:16,12,13,16661,46338
2023-12-06 13:40:22,12,14,16661,46338
2023-12-06 13:40:22,12,13,16661,46338
2023-12-06 13:40:29,12,14,16661,46338
2023-12-06 13:40:40,12,13,16661,46338
2023-12-06 13:40:46,12,13,16811,46488
2023-12-06 13:40:49,11,12,16911,46588
2023-12-06 13:41:01,11,13,16911,46588
2023-12-06 13:41:05,11,12,16911,46588
2023-12-06 13:41:28,11,12,17061,46738
2023-12-06 13:41:29,10,12,17061,46738
2023-12-06 13:41:30,10,11,17061,46738
2023-12-06 13:41:32,9,11,17061,46738
2023-12-06 13:41:36,9,10,17061,46738
2023-12-06 13:41:38,8,10,17061,46988
2023-12-06 13:41:40,8,9,17061,46988
2023-12-06 13:44:13,8,10,17061,46988
2023-12-06 13:44:26,9,10,17061,46988
2023-12-06 13:44:31,9,11,17061,46988
2023-12-06 13:44:33,9,12,17061,46988
2023-12-06 13:44:33,9,11,17061,46988
2023-12-06 13:44:49,10,11,17061,46988
2023-12-06 13:45:00,10,12,17061,46988
2023-12-06 13:45:35,11,12,17061,46988
2023-12-06 13:45:43,11,13,17061,46988
2023-12-06 13:46:09,11,12,17061,46988
2023-12-06 13:46:18,11,13,17061,46988
2023-12-06 13:46:30,11,12,17061,46988
2023-12-06 13:46:32,11,13,17061,46988
2023-12-06 13:46:36,11,12,17061,46988
2023-12-06 13:46:39,11,13,17061,46988
2023-12-06 13:46:46,11,12,17061,46988
2023-12-06 13:46:53,10,12,17061,46988
2023-12-06 13:46:53,11,12,17061,46988
2023-12-06 13:46:53,11,12,17061,47138
2023-12-06 13:46:54,10,12,17061,47138
2023-12-06 13:46:57,10,11,17061,47138
2023-12-06 13:46:58,10,12,17061,47138
2023-12-06 13:47:05,11,12,17061,47138
2023-12-06 13:47:13,11,13,17061,47138
2023-12-06 13:47:24,11,12,17061,47138
2023-12-06 13:47:30,10,12,17061,47138
2023-12-06 13:47:30,11,12,17061,47138
2023-12-06 13:47:32,10,12,17061,47331
2023-12-06 13:47:32,11,12,17061,47331
2023-12-06 13:47:35,10,12,17061,47331
2023-12-06 13:47:36,11,12,17061,47331
2023-12-06 13:47:37,10,12,17061,47331
2023-12-06 13:47:40,10,11,17061,47331
2023-12-06 13:47:50,10,12,17061,47331
2023-12-06 13:47:53,10,11,17061,47331
2023-12-06 13:48:03,10,12,17061,47331
2023-12-06 13:48:24,10,11,17061,47331
2023-12-06 13:48:28,10,12,17061,47331
2023-12-06 13:48:42,10,11,17061,47331
2023-12-06 13:48:48,10,12,17061,47331
2023-12-06 13:48:51,11,12,17061,47331
2023-12-06 13:48:59,10,12,17061,47331
2023-12-06 13:49:02,11,12,17061,47331
2023-12-06 13:49:05,10,12,17061,47331
2023-12-06 13:49:05,11,12,17061,47331
2023-12-06 13:49:28,11,13,17061,47331
2023-12-06 13:49:34,11,12,17061,47331
2023-12-06 13:49:45,11,13,17061,47331
2023-12-06 13:49:49,12,13,17061,47331
2023-12-06 13:49:58,11,13,17061,47331
2023-12-06 13:49:58,12,13,17061,47331
2023-12-06 13:50:00,11,13,17061,47331
2023-12-06 13:50:01,12,13,17061,47331
2023-12-06 13:50:18,12,14,17061,47331
2023-12-06 13:50:18,13,14,17061,47331
2023-12-06 13:50:18,12,14,17161,47431
2023-12-06 13:50:31,13,14,17161,47431
2023-12-06 13:50:36,12,14,17161,47431
2023-12-06 13:50:36,13,14,17161,47431
2023-12-06 13:50:42,12,14,17161,47431
2023-12-06 13:50:45,12,13,17161,47431
2023-12-06 13:50:45,11,13,17161,47431
2023-12-06 13:51:02,12,13,17161,47431
2023-12-06 13:51:10,10,13,17161,47431
2023-12-06 13:51:10,11,13,17161,47431
2023-12-06 13:51:10,11,12,17161,47431
2023-12-06 13:51:11,12,13,17311,47581
2023-12-06 13:51:11,10,11,17456,47726
2023-12-06 13:51:11,10,13,17456,47731
2023-12-06 13:51:12,11,13,17456,47731
2023-12-06 13:51:13,11,12,17456,47731
2023-12-06 13:51:16,10,12,17456,47731
2023-12-06 13:51:18,11,12,17456,47731
2023-12-06 13:51:23,11,13,17456,47731
2023-12-06 13:51:38,11,14,17456,47731
2023-12-06 13:51:39,11,13,17456,47731
2023-12-06 13:51:47,12,13,17456,47731
2023-12-06 13:52:00,12,14,17456,47731
2023-12-06 13:52:08,13,14,17456,47731
2023-12-06 13:52:08,12,14,17456,47864
2023-12-06 13:52:12,13,14,17456,47864
2023-12-06 13:52:14,13,15,17456,48264
2023-12-06 13:52:35,14,15,17456,48264
2023-12-06 13:52:36,14,16,17456,48264
2023-12-06 13:52:36,13,16,17456,48264
2023-12-06 13:52:37,14,16,17456,48264
2023-12-06 13:53:02,14,15,17456,48264
2023-12-06 13:53:05,13,15,17456,48264
2023-12-06 13:53:34,13,14,17456,48264
2023-12-06 13:53:40,13,14,17606,48414
2023-12-06 13:53:41,12,13,17656,48464
2023-12-06 13:53:45,12,14,17656,48464
2023-12-06 13:53:51,12,15,17656,48464
2023-12-06 13:53:54,13,15,17656,48464
2023-12-06 13:53:58,13,14,17656,48464
2023-12-06 13:53:59,13,15,17656,48464
2023-12-06 13:54:02,13,14,17656,48464
2023-12-06 13:54:03,13,15,17656,48464
2023-12-06 13:54:03,13,15,17656,48464
2023-12-06 13:54:25,13,16,17656,48464
2023-12-06 13:54:35,14,16,17656,48464
2023-12-06 13:54:41,13,16,17656,48464
2023-12-06 13:54:41,14,16,17656,48464
2023-12-06 13:55:02,13,16,17761,48617
2023-12-06 13:55:02,14,16,17761,48617
2023-12-06 13:55:02,14,15,17761,48617
2023-12-06 13:55:04,13,15,17911,48767
2023-12-06 13:55:04,14,15,17911,48767
2023-12-06 13:55:07,13,15,17911,48767
2023-12-06 13:55:12,14,15,17911,48767
2023-12-06 13:55:16,13,15,17911,48767
2023-12-06 13:55:29,14,15,17911,48767
2023-12-06 13:55:29,14,16,17911,48767
2023-12-06 13:55:47,14,15,17911,48767
2023-12-06 13:55:57,14,16,17911,48767
2023-12-06 13:56:03,14,16,18061,48917
2023-12-06 13:56:04,13,16,18061,48917
2023-12-06 13:56:04,13,15,18061,48917
2023-12-06 13:56:04,14,15,18061,48917
2023-12-06 13:56:27,13,15,18061,48917
2023-12-06 13:56:27,14,15,18061,48917
2023-12-06 13:56:28,13,15,18061,48917
2023-12-06 13:56:28,14,15,18061,48917
2023-12-06 13:56:29,13,15,18061,48917
2023-12-06 13:56:39,13,16,18061,48917
2023-12-06 13:56:39,14,16,18061,48917
2023-12-06 13:57:02,15,16,18061,48917
2023-12-06 13:57:13,15,17,18061,49117
2023-12-06 13:57:29,16,17,18061,49117
2023-12-06 13:57:36,16,18,18068,49317
2023-12-06 13:57:56,16,19,18068,49317
2023-12-06 13:58:03,16,18,18068,49317
2023-12-06 13:58:03,16,19,18068,49452
2023-12-06 13:58:05,16,18,18068,49452
2023-12-06 13:58:20,16,19,18068,49452
2023-12-06 13:58:20,17,19,18068,49452
2023-12-06 13:58:24,17,20,18068,49452
2023-12-06 13:58:37,17,19,18068,49452
2023-12-06 13:58:49,16,19,18068,49452
2023-12-06 13:58:52,17,19,18068,49452
2023-12-06 13:58:54,16,19,18068,49452
2023-12-06 13:59:06,17,19,18068,49452
2023-12-06 13:59:09,17,20,18068,49452
2023-12-06 13:59:15,18,20,18068,49452
2023-12-06 13:59:31,17,20,18068,49452
2023-12-06 13:59:44,17,19,18068,49452
2023-12-06 13:59:45,17,20,18068,49452
2023-12-06 13:59:45,17,19,18068,49452
2023-12-06 14:00:22,18,19,18068,49452
2023-12-06 14:00:22,18,20,18068,49452
2023-12-06 14:00:40,17,20,18068,49452
2023-12-06 14:00:46,18,20,18068,49452
2023-12-06 14:00:49,18,19,18068,49452
2023-12-06 14:00:50,18,19,18068,49452
2023-12-06 14:00:50,18,20,18068,49452
2023-12-06 14:01:00,17,20,18068,49452
2023-12-06 14:01:00,18,20,18068,49452
2023-12-06 14:01:02,18,19,18068,49452
2023-12-06 14:01:04,18,20,18068,49452
2023-12-06 14:01:15,17,20,18068,49452
2023-12-06 14:01:23,17,20,18061,49747
2023-12-06 14:01:23,17,19,18061,49747
2023-12-06 14:01:26,17,20,18061,49747
2023-12-06 14:01:26,18,20,18061,49747
2023-12-06 14:01:30,18,19,18061,49747
2023-12-06 14:01:34,17,19,18061,49747
2023-12-06 14:01:35,18,19,18061,49747
2023-12-06 14:01:41,17,19,18061,49747
2023-12-06 14:01:57,17,18,18061,49747
2023-12-06 14:01:57,16,18,18061,49747
2023-12-06 14:01:59,16,17,18061,49747
2023-12-06 14:02:00,15,17,18061,49747
2023-12-06 14:02:01,15,18,18061,49747
2023-12-06 14:02:03,15,19,18061,49747
2023-12-06 14:02:03,15,18,18061,49747
2023-12-06 14:02:03,15,17,18061,49747
2023-12-06 14:02:11,15,18,18061,49747
2023-12-06 14:02:15,16,18,18061,49747
2023-12-06 14:02:31,15,18,18061,49747
2023-12-06 14:02:31,16,18,18061,49747
2023-12-06 14:02:33,17,18,18061,49747
2023-12-06 14:02:35,16,17,18167,49853
2023-12-06 14:02:40,15,17,18167,49853
2023-12-06 14:02:40,15,16,18167,49853
2023-12-06 14:02:42,15,17,18167,49853
2023-12-06 14:02:43,15,16,18167,49853
2023-12-06 14:02:43,14,16,18167,49853
2023-12-06 14:03:01,15,16,18167,49853
2023-12-06 14:03:04,14,16,18167,49853
2023-12-06 14:03:05,15,16,18167,49853
2023-12-06 14:03:05,13,16,18167,49853
2023-12-06 14:03:05,14,16,18167,49853
2023-12-06 14:03:06,14,15,18167,49853
2023-12-06 14:03:08,14,16,18167,49853
2023-12-06 14:03:13,13,16,18167,49853
2023-12-06 14:03:13,14,16,18167,49853
2023-12-06 14:03:14,14,15,18167,49853
2023-12-06 14:03:24,14,15,18317,50003
2023-12-06 14:03:25,13,15,18317,50003
2023-12-06 14:03:31,13,15,18317,50003
2023-12-06 14:03:31,14,15,18317,50003
2023-12-06 14:03:35,13,15,18317,50003
2023-12-06 14:03:35,14,15,18317,50003
2023-12-06 14:03:47,13,15,18317,50003
2023-12-06 14:03:47,14,15,18317,50003
2023-12-06 14:03:48,13,15,18317,50003
2023-12-06 14:03:48,14,15,18317,50003
2023-12-06 14:03:49,13,15,18317,50003
2023-12-06 14:03:51,14,15,18317,50003
2023-12-06 14:03:56,13,15,18317,50003
2023-12-06 14:03:57,14,15,18317,50003
2023-12-06 14:04:00,14,16,18317,50003
2023-12-06 14:04:06,13,16,18317,50003
2023-12-06 14:04:06,13,15,18317,50003
2023-12-06 14:04:09,14,15,18317,50003
2023-12-06 14:04:12,14,16,18317,50003
2023-12-06 14:04:28,15,16,18317,50003
2023-12-06 14:04:34,14,16,18317,50003
2023-12-06 14:04:55,14,17,18317,50003
2023-12-06 14:05:01,15,17,18317,50003
2023-12-06 14:05:02,14,17,18317,50003
2023-12-06 14:05:02,15,17,18317,50003
2023-12-06 14:05:05,14,17,18317,50003
2023-12-06 14:05:06,14,16,18317,50003
2023-12-06 14:05:23,15,16,18317,50003
2023-12-06 14:05:50,14,16,18317,50003
2023-12-06 14:05:58,13,16,18317,50003
2023-12-06 14:05:58,13,15,18317,50003
2023-12-06 14:06:08,14,15,18317,50003
2023-12-06 14:06:14,13,15,18317,50003
2023-12-06 14:06:14,14,15,18317,50003
2023-12-06 14:06:24,14,16,18317,50003
2023-12-06 14:06:32,14,17,18317,50003
2023-12-06 14:06:39,14,16,18317,50003
2023-12-06 14:06:43,15,16,18317,50003
2023-12-06 14:06:51,15,17,18317,50003
2023-12-06 14:06:54,15,16,18317,50003
2023-12-06 14:06:58,14,16,18317,50003
2023-12-06 14:06:58,15,16,18317,50003
2023-12-06 14:07:09,15,17,18317,50003
2023-12-06 14:07:28,15,16,18317,50003
2023-12-06 14:07:29,14,16,18317,50003
2023-12-06 14:07:46,15,16,18317,50003
2023-12-06 14:07:50,14,16,18317,50003
2023-12-06 14:07:55,14,15,18317,50003
2023-12-06 14:07:55,13,15,18317,50003
2023-12-06 14:08:03,12,15,18317,50003
2023-12-06 14:08:07,12,14,18317,50003
2023-12-06 14:08:19,13,14,18317,50003
2023-12-06 14:08:22,13,15,18317,50003
2023-12-06 14:08:30,13,14,18317,50003
2023-12-06 14:08:31,12,14,18317,50003
2023-12-06 14:08:34,12,13,18317,50003
2023-12-06 14:08:34,11,13,18317,50003
2023-12-06 14:08:50,12,13,18317,50003
2023-12-06 14:08:55,11,13,18317,50003
2023-12-06 14:08:55,12,13,18317,50003
2023-12-06 14:09:17,11,13,18317,50003
2023-12-06 14:09:17,12,13,18317,50003
2023-12-06 14:09:19,11,13,18317,50003
2023-12-06 14:09:19,11,12,18317,50003
2023-12-06 14:09:28,11,13,18317,50003
2023-12-06 14:09:28,12,13,18317,50003
2023-12-06 14:09:51,11,13,18317,50003
2023-12-06 14:09:55,12,13,18317,50003
2023-12-06 14:09:56,11,13,18317,50003
2023-12-06 14:09:56,12,13,18317,50003
2023-12-06 14:10:04,12,13,18467,50153
2023-12-06 14:10:18,11,13,18467,50153
2023-12-06 14:10:18,11,12,18467,50153
2023-12-06 14:10:28,11,13,18467,50153
2023-12-06 14:10:32,11,12,18467,50153
2023-12-06 14:10:40,10,12,18467,50153
2023-12-06 14:10:40,10,11,18467,50153
2023-12-06 14:10:45,9,11,18467,50153
2023-12-06 14:10:46,9,10,18467,50153
2023-12-06 14:10:47,8,10,18467,50153
2023-12-06 14:10:53,8,9,18467,50153
2023-12-06 14:10:55,6,9,18967,50653
2023-12-06 14:11:02,6,8,18967,50653
2023-12-06 14:11:04,7,8,18967,50653
2023-12-06 14:11:05,7,9,18967,50653
2023-12-06 14:11:07,7,8,18967,50653
2023-12-06 14:11:18,7,9,18967,50653
2023-12-06 14:11:18,6,9,18967,50653
2023-12-06 14:11:18,8,9,18967,50653
2023-12-06 14:11:21,8,9,19167,50853
2023-12-06 14:11:30,7,9,19167,50853
2023-12-06 14:11:33,8,9,19167,50853
2023-12-06 14:11:35,7,9,19167,50853
2023-12-06 14:11:35,8,9,19167,50853
2023-12-06 14:11:35,7,9,19167,50853
2023-12-06 14:11:35,8,9,19167,50853
2023-12-06 14:11:36,8,10,19167,50853
2023-12-06 14:11:36,7,10,19167,50853
2023-12-06 14:11:36,8,10,19167,50853
2023-12-06 14:11:44,9,10,19167,50853
2023-12-06 14:11:44,9,10,19287,50973
2023-12-06 14:12:00,9,11,19287,50973
2023-12-06 14:12:00,8,11,19287,50973
2023-12-06 14:12:00,9,11,19287,50973
2023-12-06 14:12:00,10,11,19287,50973
2023-12-06 14:12:00,9,11,19440,51126
2023-12-06 14:12:06,10,11,19440,51126
2023-12-06 14:12:06,10,12,19440,51126
2023-12-06 14:12:23,10,13,19440,51126
2023-12-06 14:12:23,11,13,19440,51126
2023-12-06 14:12:34,11,14,19440,51126
2023-12-06 14:12:34,11,13,19440,51126
2023-12-06 14:12:36,12,13,19440,51126
2023-12-06 14:12:36,12,14,19440,51126
2023-12-06 14:12:49,12,13,19440,51126
2023-12-06 14:13:07,10,13,19440,51126
2023-12-06 14:13:07,10,12,19440,51126
2023-12-06 14:13:09,11,12,19440,51126
2023-12-06 14:13:22,10,12,19440,51126
2023-12-06 14:13:24,11,12,19440,51126
2023-12-06 14:13:36,10,11,19561,51247
2023-12-06 14:13:38,10,12,19561,51247
2023-12-06 14:13:38,11,12,19561,51247
2023-12-06 14:13:42,10,11,19686,51372
2023-12-06 14:13:46,9,11,19686,51372
2023-12-06 14:13:56,9,10,19686,51372
2023-12-06 14:13:56,8,10,19686,51372
2023-12-06 14:14:00,7,10,19686,51372
2023-12-06 14:14:00,7,9,19686,51372
2023-12-06 14:14:12,7,10,19686,51372
2023-12-06 14:14:13,8,10,19686,51372
2023-12-06 14:14:25,8,9,19686,51372
2023-12-06 14:14:30,8,10,19686,51372
2023-12-06 14:14:38,7,10,19686,51372
2023-12-06 14:14:38,9,10,19686,51372
2023-12-06 14:15:14,9,11,19686,51372
2023-12-06 14:15:14,10,11,19686,51372
2023-12-06 14:15:19,9,11,19686,51372
2023-12-06 14:15:20,10,11,19686,51372
2023-12-06 14:15:22,8,11,19686,51372
2023-12-06 14:15:22,10,11,19686,51372
2023-12-06 14:15:23,9,11,19686,51372
2023-12-06 14:15:26,10,11,19686,51372
2023-12-06 14:15:27,9,11,19686,51372
2023-12-06 14:15:27,9,10,19686,51372
2023-12-06 14:15:44,9,11,19686,51372
2023-12-06 14:15:44,10,11,19686,51372
2023-12-06 14:15:46,9,11,19686,51372
2023-12-06 14:15:46,8,11,19686,51372
2023-12-06 14:15:46,10,11,19686,51372
2023-12-06 14:15:54,9,11,19686,51372
2023-12-06 14:15:58,10,11,19686,51372
2023-12-06 14:17:03,10,12,19686,51372
2023-12-06 14:17:15,11,12,19686,51372
2023-12-06 14:17:16,10,12,19686,51372
2023-12-06 14:17:19,10,11,19686,51372
2023-12-06 14:17:24,10,12,19686,51372
2023-12-06 14:17:24,11,12,19686,51372
2023-12-06 14:17:36,11,13,19686,51372
2023-12-06 14:17:52,12,13,19686,51372
2023-12-06 14:17:57,11,12,19808,51494
2023-12-06 14:18:01,11,13,19808,51494
2023-12-06 14:18:01,12,13,19808,51494
2023-12-06 14:18:14,12,14,19808,51494
2023-12-06 14:18:32,12,13,19808,51494
2023-12-06 14:18:35,12,14,19808,51494
2023-12-06 14:18:37,12,13,19808,51494
2023-12-06 14:18:41,12,13,19958,51644
2023-12-06 14:18:42,11,13,19958,51644
2023-12-06 14:18:50,12,13,19958,51644
2023-12-06 14:19:03,11,12,20073,51759
2023-12-06 14:19:08,10,12,20073,51759
2023-12-06 14:19:08,10,11,20073,51759
2023-12-06 14:19:38,9,10,20073,51809
2023-12-06 14:19:42,8,10,20073,51809
2023-12-06 14:19:53,9,10,20073,51809
2023-12-06 14:20:01,8,9,20073,51911
2023-12-06 14:20:01,7,9,20073,51911
2023-12-06 14:20:01,8,9,20073,51911
2023-12-06 14:20:06,8,10,20073,51911
2023-12-06 14:20:06,9,10,20073,51911
2023-12-06 14:20:07,8,10,20073,51911
2023-12-06 14:20:07,9,10,20073,51911
2023-12-06 14:20:11,8,9,20073,52070
2023-12-06 14:20:11,7,9,20073,52070
2023-12-06 14:20:15,7,8,20073,52070
2023-12-06 14:20:15,6,8,20073,52070
2023-12-06 14:20:18,6,7,20073,52070
2023-12-06 14:20:21,5,7,20273,52270
2023-12-06 14:20:21,5,6,20273,52270
2023-12-06 14:20:23,5,7,20273,52270
2023-12-06 14:20:35,6,7,20273,52270
2023-12-06 14:20:36,5,7,20273,52270
2023-12-06 14:20:37,5,8,20273,52270
2023-12-06 14:20:40,6,8,20273,52270
2023-12-06 14:20:48,6,7,20273,52270
2023-12-06 14:20:49,6,8,20273,52270
2023-12-06 14:20:53,6,7,20273,52270
2023-12-06 14:21:01,6,8,20273,52270
2023-12-06 14:21:02,5,8,20273,52270
2023-12-06 14:21:02,7,8,20273,52270
2023-12-06 14:21:04,7,8,20291,52288
2023-12-06 14:21:19,6,8,20291,52288
2023-12-06 14:21:19,7,8,20291,52288
2023-12-06 14:21:27,6,8,20291,52288
2023-12-06 14:21:27,7,8,20291,52288
2023-12-06 14:21:43,6,8,20291,52288
2023-12-06 14:21:43,7,8,20291,52288
2023-12-06 14:21:44,5,8,20291,52288
2023-12-06 14:21:44,6,8,20291,52288
2023-12-06 14:21:50,6,7,20291,52288
2023-12-06 14:22:03,5,7,20291,52288
2023-12-06 14:22:03,6,7,20291,52288
2023-12-06 14:23:02,6,8,20291,52288
2023-12-06 14:23:02,7,8,20291,52288
2023-12-06 14:23:02,7,8,20351,52348
2023-12-06 14:23:11,5,8,20351,52348
2023-12-06 14:23:11,6,8,20351,52348
2023-12-06 14:23:11,7,8,20351,52348
2023-12-06 14:23:26,7,9,20351,52348
2023-12-06 14:23:43,8,9,20351,52348
2023-12-06 14:23:44,8,10,20351,52348
2023-12-06 14:23:46,7,10,20351,52348
2023-12-06 14:23:50,8,10,20351,52348
2023-12-06 14:23:52,8,11,20351,52348
2023-12-06 14:23:58,9,11,20351,52348
2023-12-06 14:24:19,10,11,20351,52348
2023-12-06 14:24:20,9,11,20351,52348
2023-12-06 14:24:20,10,11,20351,52348
2023-12-06 14:24:22,10,12,20351,52548
2023-12-06 14:24:26,10,11,20351,52548
2023-12-06 14:24:28,10,11,20351,52557
2023-12-06 14:24:37,9,11,20351,52557
2023-12-06 14:24:43,9,10,20351,52557
2023-12-06 14:24:48,9,11,20351,52557
2023-12-06 14:24:49,9,10,20351,52557
2023-12-06 14:24:51,9,10,20490,52696
2023-12-06 14:24:51,9,11,20490,52696
2023-12-06 14:24:54,9,10,20490,52696
2023-12-06 14:25:12,9,10,20550,52756
2023-12-06 14:25:36,9,11,20550,52756
2023-12-06 14:25:53,9,12,20550,52756
2023-12-06 14:25:53,10,12,20550,52756
2023-12-06 14:26:45,10,11,20550,52756
2023-12-06 14:26:46,9,11,20550,52756
2023-12-06 14:27:37,9,10,20550,52756
2023-12-06 14:27:52,8,10,20550,52756
2023-12-06 14:27:53,7,10,20550,52756
2023-12-06 14:27:55,7,9,20550,52756
2023-12-06 14:28:10,7,8,20550,52756
2023-12-06 14:28:21,6,8,20550,52756
2023-12-06 14:28:26,7,8,20550,52756
2023-12-06 14:29:03,6,8,20550,52756
2023-12-06 14:29:09,6,7,20550,52756
2023-12-06 14:29:10,6,8,20550,52756
2023-12-06 14:29:15,6,7,20550,52756
2023-12-06 14:29:40,5,7,21050,53256
2023-12-06 14:29:40,6,7,21050,53256
2023-12-06 14:29:45,5,7,21050,53256
2023-12-06 14:30:04,6,7,21050,53256
2023-12-06 14:30:13,5,7,21050,53256
2023-12-06 14:30:22,6,7,21050,53256
2023-12-06 14:30:29,6,8,21050,53256
2023-12-06 14:30:57,7,8,21050,53256
2023-12-06 14:30:59,6,8,21050,53256
2023-12-06 14:31:09,7,8,21050,53256
2023-12-06 14:31:10,7,9,21050,53256
2023-12-06 14:31:12,6,9,21050,53256
2023-12-06 14:31:17,7,9,21050,53256
2023-12-06 14:31:24,7,10,21050,53256
2023-12-06 14:31:24,7,11,21050,53256
2023-12-06 14:31:24,7,10,21050,53256
2023-12-06 14:31:28,7,9,21050,53256
2023-12-06 14:31:30,8,9,21050,53256
2023-12-06 14:31:31,7,9,21050,53256
2023-12-06 14:31:32,8,9,21050,53256
2023-12-06 14:31:47,8,11,21050,53256
2023-12-06 14:31:47,8,10,21050,53256
2023-12-06 14:32:05,9,10,21050,53256
2023-12-06 14:32:05,9,10,21110,53316
2023-12-06 14:32:23,9,11,21110,53316
2023-12-06 14:32:41,10,11,21110,53316
2023-12-06 14:32:45,10,12,21110,53316
2023-12-06 14:32:46,9,12,21110,53316
2023-12-06 14:32:46,10,12,21110,53316
2023-12-06 14:32:51,11,12,21110,53316
2023-12-06 14:32:56,11,13,21110,53316
2023-12-06 14:33:12,11,14,21381,53787
2023-12-06 14:33:13,12,14,21381,53787
2023-12-06 14:34:07,13,14,21381,53787
