datetime,bid,ask,open_interest,volume
2023-03-29 09:31:00,27,32,1253,1276
2023-03-29 09:31:00,27,31,1253,1276
2023-03-29 09:31:19,27,30,1253,1276
2023-03-29 09:31:20,27,31,1253,1276
2023-03-29 09:31:22,29,31,1253,1276
2023-03-29 09:31:27,29,31,1253,1476
2023-03-29 09:31:31,29,31,1253,1676
2023-03-29 09:31:37,29,31,1253,1876
2023-03-29 09:31:38,29,31,1253,2076
2023-03-29 09:31:40,29,32,1253,2076
2023-03-29 09:31:40,29,32,1253,2276
2023-03-29 09:31:42,29,32,1253,2476
2023-03-29 09:31:44,29,32,1403,2676
2023-03-29 09:31:46,29,32,1603,2876
2023-03-29 09:33:40,30,32,1603,2876
2023-03-29 09:34:07,31,32,1603,2876
2023-03-29 09:35:00,30,31,1734,3007
2023-03-29 09:35:53,30,32,1755,3028
2023-03-29 09:36:33,31,32,1755,3028
2023-03-29 09:37:48,31,34,1756,3029
2023-03-29 09:39:00,32,34,1756,3029
2023-03-29 09:39:01,31,32,1759,3032
2023-03-29 09:39:02,31,34,1856,3129
2023-03-29 09:39:03,31,33,1856,3129
2023-03-29 09:39:16,31,32,1856,3129
2023-03-29 09:39:28,31,33,1856,3129
2023-03-29 09:39:55,30,31,1984,3258
2023-03-29 09:40:07,30,33,1984,3258
2023-03-29 09:41:10,30,32,1984,3258
2023-03-29 09:42:28,31,32,1984,3258
2023-03-29 09:42:54,30,31,2112,3386
2023-03-29 09:42:59,30,32,2112,3386
2023-03-29 09:46:16,29,30,2112,3387
2023-03-29 09:46:25,29,31,2112,3387
2023-03-29 09:47:46,30,31,2112,3387
2023-03-29 09:48:00,30,32,2113,3388
2023-03-29 09:48:06,30,33,2174,3449
2023-03-29 09:48:36,30,32,2174,3449
2023-03-29 09:48:38,30,33,2204,3479
2023-03-29 09:48:38,31,33,2204,3479
2023-03-29 09:49:47,32,33,2204,3479
2023-03-29 09:50:09,31,33,2204,3479
2023-03-29 09:52:15,32,33,2204,3479
2023-03-29 09:54:04,31,33,2204,3479
2023-03-29 09:54:23,31,34,2292,3567
2023-03-29 09:54:38,31,33,2292,3567
2023-03-29 09:54:52,31,34,2292,3567
2023-03-29 09:54:52,31,33,2292,3567
2023-03-29 09:54:58,32,33,2292,3567
2023-03-29 09:55:00,31,32,2295,3570
2023-03-29 09:55:21,31,33,2295,3570
2023-03-29 09:55:24,31,34,2295,3570
2023-03-29 09:55:25,31,33,2295,3570
2023-03-29 09:55:27,30,31,2298,3574
2023-03-29 09:55:31,30,33,2298,3574
2023-03-29 09:55:45,31,33,2298,3574
2023-03-29 09:55:48,30,31,2298,3575
2023-03-29 09:55:56,30,33,2298,3575
2023-03-29 09:57:07,30,32,2298,3575
2023-03-29 09:57:10,31,32,2298,3575
2023-03-29 09:57:11,30,31,2298,3576
2023-03-29 09:57:15,30,31,2301,3579
2023-03-29 09:57:21,31,32,2301,3579
2023-03-29 09:57:25,30,32,2301,3579
2023-03-29 09:57:35,30,33,2301,3579
2023-03-29 09:57:43,32,33,2301,3579
2023-03-29 09:57:44,32,33,2501,3779
2023-03-29 09:57:46,32,33,2701,3979
2023-03-29 09:57:47,32,33,2901,4179
2023-03-29 09:57:49,32,33,3101,4379
2023-03-29 09:57:57,32,33,3115,4393
2023-03-29 09:57:57,32,33,3129,4407
2023-03-29 09:57:58,32,33,3143,4421
2023-03-29 09:58:30,33,34,3244,4522
2023-03-29 10:00:00,33,34,3264,5579
2023-03-29 10:00:01,33,34,3264,5673
2023-03-29 10:00:01,33,34,3264,6042
2023-03-29 10:00:12,33,36,3264,6042
2023-03-29 10:00:12,33,35,3264,6042
2023-03-29 10:00:15,33,35,3367,6145
2023-03-29 10:00:15,33,36,3564,6342
2023-03-29 10:00:37,35,36,3564,6342
2023-03-29 10:00:41,33,35,3692,6470
2023-03-29 10:00:51,33,36,3692,6470
2023-03-29 10:00:53,34,36,3692,6470
2023-03-29 10:01:00,34,36,4629,7970
2023-03-29 10:01:12,34,35,4629,7970
2023-03-29 10:01:18,34,35,4666,8007
2023-03-29 10:01:23,34,35,4774,8115
2023-03-29 10:01:25,34,35,4775,8116
2023-03-29 10:01:27,34,36,4775,8116
2023-03-29 10:01:27,34,35,4775,8116
2023-03-29 10:01:27,34,35,4819,8160
2023-03-29 10:01:30,34,35,4862,8203
2023-03-29 10:01:33,33,35,4902,8243
2023-03-29 10:02:31,33,35,4903,8244
2023-03-29 10:02:33,33,35,4943,8284
2023-03-29 10:03:51,32,35,4943,8310
2023-03-29 10:04:07,35,36,5029,8396
2023-03-29 10:04:15,36,37,6033,9528
2023-03-29 10:04:18,36,37,6233,9728
2023-03-29 10:04:23,36,37,6473,9968
2023-03-29 10:04:40,35,37,6473,9968
2023-03-29 10:04:45,36,37,6473,9968
2023-03-29 10:04:53,37,38,6573,10196
2023-03-29 10:04:53,37,38,6626,10249
2023-03-29 10:05:08,37,38,6687,10310
2023-03-29 10:05:15,36,38,6687,10310
2023-03-29 10:05:25,36,37,6687,10310
2023-03-29 10:05:52,36,37,6687,10410
2023-03-29 10:05:55,36,38,6687,10410
2023-03-29 10:05:58,39,40,6559,11054
2023-03-29 10:05:59,37,39,6559,11110
2023-03-29 10:06:01,37,39,6559,11310
2023-03-29 10:06:03,37,39,6559,11510
2023-03-29 10:06:05,37,40,6559,11710
2023-03-29 10:06:07,37,40,6559,11910
2023-03-29 10:06:10,37,40,6759,12110
2023-03-29 10:06:11,37,38,6759,12110
2023-03-29 10:06:12,37,38,6959,12310
2023-03-29 10:06:14,36,38,6959,12310
2023-03-29 10:06:15,36,37,6959,12310
2023-03-29 10:06:17,35,36,7087,12438
2023-03-29 10:06:18,34,35,7087,12439
2023-03-29 10:06:26,34,38,7087,12439
2023-03-29 10:06:27,34,37,7087,12439
2023-03-29 10:06:51,34,36,7087,12439
2023-03-29 10:06:54,34,36,7087,12539
2023-03-29 10:07:04,33,36,7087,12539
2023-03-29 10:07:16,34,36,7087,12539
2023-03-29 10:07:19,35,36,7087,12539
2023-03-29 10:07:26,36,37,7912,13764
2023-03-29 10:07:28,35,36,8687,14539
2023-03-29 10:07:33,34,36,8687,14539
2023-03-29 10:07:33,35,36,8687,14539
2023-03-29 10:07:49,34,36,8687,14539
2023-03-29 10:07:53,33,36,8815,14968
2023-03-29 10:07:54,34,36,8815,14968
2023-03-29 10:07:56,34,35,8815,14968
2023-03-29 10:10:59,32,34,8815,14969
2023-03-29 10:11:11,33,34,8815,14969
2023-03-29 10:11:30,33,35,8815,14969
2023-03-29 10:12:36,34,35,8815,14969
2023-03-29 10:13:38,33,35,8815,14969
2023-03-29 10:13:41,33,34,8815,14969
2023-03-29 10:14:06,32,34,8815,14969
2023-03-29 10:14:20,33,34,8815,14969
2023-03-29 10:14:36,32,34,8815,14969
2023-03-29 10:14:36,34,35,8815,14994
2023-03-29 10:14:45,32,35,8815,15029
2023-03-29 10:14:51,33,35,8815,15029
2023-03-29 10:15:04,32,35,8815,15329
2023-03-29 10:15:06,33,35,8815,15329
2023-03-29 10:15:08,33,35,8815,15429
2023-03-29 10:15:21,32,35,8815,15429
2023-03-29 10:15:22,32,34,8815,15429
2023-03-29 10:15:38,32,35,8815,15429
2023-03-29 10:15:45,33,35,8815,15429
2023-03-29 10:15:52,33,35,8825,15439
2023-03-29 10:16:10,33,34,8825,15439
2023-03-29 10:16:50,32,33,8825,15440
2023-03-29 10:17:15,32,34,8855,15470
2023-03-29 10:17:24,33,34,8855,15470
2023-03-29 10:18:39,33,35,8857,15472
2023-03-29 10:19:54,34,35,8857,15472
2023-03-29 10:21:32,33,35,8985,15660
2023-03-29 10:24:19,33,34,8985,15660
2023-03-29 10:24:25,33,34,8985,15681
2023-03-29 10:24:30,32,33,8985,15781
2023-03-29 10:24:54,32,33,8985,15782
2023-03-29 10:25:15,31,33,8899,15868
2023-03-29 10:25:19,31,32,8899,15868
2023-03-29 10:25:56,31,32,8899,15895
2023-03-29 10:25:56,30,32,8899,15895
2023-03-29 10:26:22,30,31,8899,15895
2023-03-29 10:26:28,31,32,8899,15995
2023-03-29 10:26:44,30,32,8899,15995
2023-03-29 10:26:44,31,32,8899,15995
2023-03-29 10:26:57,30,32,8899,15995
2023-03-29 10:26:57,30,32,8899,16055
2023-03-29 10:27:22,30,31,8899,16055
2023-03-29 10:27:28,30,31,8899,16115
2023-03-29 10:27:56,29,31,8898,16120
2023-03-29 10:27:59,29,30,8898,16120
2023-03-29 10:28:01,28,30,8902,16924
2023-03-29 10:28:15,29,30,8902,16924
2023-03-29 10:28:16,29,31,8902,16924
2023-03-29 10:28:18,29,30,8902,16924
2023-03-29 10:28:52,28,30,8902,16924
2023-03-29 10:30:37,29,30,8902,16924
2023-03-29 10:32:17,28,30,8906,16928
2023-03-29 10:33:13,30,31,8778,17093
2023-03-29 10:33:16,30,31,8778,17094
2023-03-29 10:33:28,28,31,8778,17094
2023-03-29 10:33:45,29,31,8778,17094
2023-03-29 10:34:30,29,30,8778,17094
2023-03-29 10:34:37,28,30,8777,17095
2023-03-29 10:35:23,28,29,8777,17095
2023-03-29 10:35:41,27,29,8777,17106
2023-03-29 10:36:11,27,28,8777,17106
2023-03-29 10:36:15,26,28,8777,17110
2023-03-29 10:36:45,25,28,8776,17118
2023-03-29 10:36:45,25,27,8776,17118
2023-03-29 10:37:38,24,27,8775,17122
2023-03-29 10:37:38,24,26,8775,17122
2023-03-29 10:37:38,23,26,8775,17122
2023-03-29 10:37:48,24,26,8775,17122
2023-03-29 10:38:05,24,25,8775,17122
2023-03-29 10:38:20,23,25,8775,17122
2023-03-29 10:38:49,24,25,8775,17122
2023-03-29 10:39:04,23,25,8775,17122
2023-03-29 10:39:04,23,24,8775,17122
2023-03-29 10:39:10,24,25,8775,17142
2023-03-29 10:39:21,23,25,8775,17142
2023-03-29 10:39:21,24,25,8775,17142
2023-03-29 10:40:07,23,25,8775,17142
2023-03-29 10:40:07,24,25,8775,17142
2023-03-29 10:40:39,23,25,8775,17142
2023-03-29 10:41:41,24,25,8775,17142
2023-03-29 10:42:35,25,27,8775,17143
2023-03-29 10:43:26,26,27,8775,17143
2023-03-29 10:43:57,25,27,8775,17143
2023-03-29 10:43:57,26,27,8775,17143
2023-03-29 10:44:59,25,27,8775,17143
2023-03-29 10:45:28,24,27,8903,17691
2023-03-29 10:45:38,23,27,8902,17692
2023-03-29 10:45:41,24,27,8902,17692
2023-03-29 10:45:48,23,27,8901,17693
2023-03-29 10:45:49,23,25,8901,17693
2023-03-29 10:46:35,23,24,8901,17693
2023-03-29 10:46:54,22,24,8900,17704
2023-03-29 10:47:03,21,24,8899,17705
2023-03-29 10:47:03,21,23,8899,17705
2023-03-29 10:47:31,21,22,8899,17705
2023-03-29 10:47:33,22,23,8771,17833
2023-03-29 10:47:46,23,24,8643,17961
2023-03-29 10:48:05,22,24,8643,17961
2023-03-29 10:48:50,22,23,8643,17961
2023-03-29 10:50:18,23,24,8643,17962
2023-03-29 10:50:25,22,24,8643,17962
2023-03-29 10:51:57,22,23,8643,17962
2023-03-29 10:52:44,21,22,8647,17967
2023-03-29 10:53:01,21,23,8647,17967
2023-03-29 10:53:10,22,23,8647,17967
2023-03-29 10:53:15,22,24,8647,17967
2023-03-29 10:53:15,22,23,8647,17967
2023-03-29 10:53:30,22,24,8647,17967
2023-03-29 10:53:35,22,23,8647,17967
2023-03-29 10:53:54,21,23,8647,17967
2023-03-29 10:55:10,21,22,8647,17967
2023-03-29 10:56:01,22,23,8647,17968
2023-03-29 10:56:12,21,23,8647,17968
2023-03-29 10:56:44,23,24,8647,17969
2023-03-29 10:56:51,22,24,8647,17969
2023-03-29 10:58:14,22,23,8647,17969
2023-03-29 10:58:16,21,23,8646,17970
2023-03-29 10:58:33,21,23,8645,18110
2023-03-29 10:59:36,21,22,8645,18110
2023-03-29 11:00:56,22,23,8645,18111
2023-03-29 11:01:01,21,23,8645,18111
2023-03-29 11:02:13,22,23,8645,18111
2023-03-29 11:02:14,23,24,8639,18118
2023-03-29 11:02:27,22,24,8639,18118
2023-03-29 11:04:00,24,25,8639,18119
2023-03-29 11:04:08,23,25,8639,18119
2023-03-29 11:04:27,24,25,8639,18119
2023-03-29 11:04:30,25,26,8639,18180
2023-03-29 11:04:35,24,26,8639,18180
2023-03-29 11:04:43,24,27,8639,18180
2023-03-29 11:04:43,24,26,8639,18180
2023-03-29 11:04:59,24,27,8639,18180
2023-03-29 11:05:49,25,27,8639,18180
2023-03-29 11:06:17,24,27,8639,18180
2023-03-29 11:06:49,25,27,8639,18180
2023-03-29 11:09:34,26,27,8639,18180
2023-03-29 11:09:42,27,28,8639,18181
2023-03-29 11:10:35,26,28,8639,18181
2023-03-29 11:10:51,27,28,8639,18181
2023-03-29 11:11:26,26,28,8639,18181
2023-03-29 11:13:22,26,27,8639,18181
2023-03-29 11:13:38,26,28,8639,18181
2023-03-29 11:14:09,26,27,8639,18181
2023-03-29 11:14:19,24,27,8638,18182
2023-03-29 11:14:35,25,27,8638,18182
2023-03-29 11:15:15,24,27,8638,18182
2023-03-29 11:15:17,24,26,8638,18182
2023-03-29 11:15:28,24,27,8638,18182
2023-03-29 11:16:00,25,27,8638,18182
2023-03-29 11:16:13,26,27,8638,18182
2023-03-29 11:17:07,25,27,8638,18182
2023-03-29 11:17:24,24,27,8638,18182
2023-03-29 11:17:26,25,27,8638,18182
2023-03-29 11:18:22,24,27,8638,18182
2023-03-29 11:18:43,25,27,8638,18182
2023-03-29 11:18:44,24,27,8638,18182
2023-03-29 11:19:14,24,26,8638,18182
2023-03-29 11:19:29,22,26,8638,18183
2023-03-29 11:19:39,22,25,8638,18183
2023-03-29 11:19:53,23,25,8638,18183
2023-03-29 11:20:13,25,26,8638,18184
2023-03-29 11:20:22,24,26,8638,18184
2023-03-29 11:20:44,25,26,8638,18184
2023-03-29 11:21:00,26,27,8638,18185
2023-03-29 11:21:08,25,27,8638,18185
2023-03-29 11:21:36,27,28,8638,18186
2023-03-29 11:21:43,26,28,8638,18186
2023-03-29 11:22:10,27,28,8638,18186
2023-03-29 11:23:06,28,29,8638,18187
2023-03-29 11:23:51,29,31,8638,18188
2023-03-29 11:24:19,30,31,8638,18188
2023-03-29 11:24:26,31,32,8638,18189
2023-03-29 11:30:23,32,34,8638,18190
2023-03-29 11:31:42,31,34,8638,18190
2023-03-29 11:32:10,34,35,8510,18319
2023-03-29 11:32:43,33,35,8510,18319
2023-03-29 11:32:51,34,36,8382,18448
2023-03-29 11:33:27,34,37,8382,18474
2023-03-29 11:33:27,35,37,8382,18474
2023-03-29 11:33:35,36,37,8382,18474
2023-03-29 11:34:44,35,37,8382,18474
2023-03-29 11:34:57,34,37,8382,18475
2023-03-29 11:34:59,35,37,8382,18475
2023-03-29 11:35:11,34,37,8382,18475
2023-03-29 11:35:45,34,37,8382,18475
2023-03-29 11:35:54,34,36,8382,18475
2023-03-29 11:36:09,34,37,8382,18475
2023-03-29 11:36:57,34,36,8382,18475
2023-03-29 11:37:11,34,37,8382,18475
2023-03-29 11:37:13,34,36,8382,18475
2023-03-29 11:37:43,35,36,8382,18475
2023-03-29 11:38:22,36,37,8382,18476
2023-03-29 11:38:49,37,39,8382,18502
2023-03-29 11:39:38,36,39,8382,18502
2023-03-29 11:39:47,36,38,8382,18502
2023-03-29 11:40:17,36,37,8382,18502
2023-03-29 11:40:31,36,38,8382,18502
2023-03-29 11:41:17,36,37,8382,18502
2023-03-29 11:41:33,36,38,8382,18502
2023-03-29 11:41:33,36,37,8382,18502
2023-03-29 11:41:48,36,38,8382,18502
2023-03-29 11:41:48,36,37,8382,18502
2023-03-29 11:42:04,34,36,8382,18503
2023-03-29 11:42:21,34,37,8382,18503
2023-03-29 11:42:21,34,36,8382,18503
2023-03-29 11:42:27,35,36,8382,18503
2023-03-29 11:42:37,35,37,8382,18503
2023-03-29 11:42:37,35,36,8382,18503
2023-03-29 11:42:52,35,37,8382,18503
2023-03-29 11:42:52,35,36,8382,18503
2023-03-29 11:43:23,35,37,8382,18503
2023-03-29 11:43:23,35,36,8382,18503
2023-03-29 11:43:53,35,37,8382,18503
2023-03-29 11:43:53,35,36,8382,18503
2023-03-29 11:44:24,35,37,8382,18503
2023-03-29 11:44:24,35,36,8382,18503
2023-03-29 11:44:39,35,37,8382,18503
2023-03-29 11:44:53,34,37,8382,18504
2023-03-29 11:45:07,35,37,8382,18504
2023-03-29 11:45:53,36,37,8382,18504
2023-03-29 11:46:12,37,38,8382,18505
2023-03-29 11:47:07,38,39,8382,18506
2023-03-29 11:48:43,37,39,8382,18506
2023-03-29 11:48:43,39,40,8382,18507
2023-03-29 11:48:51,39,41,8382,18507
2023-03-29 11:49:06,39,40,8382,18507
2023-03-29 11:49:22,39,42,8382,18507
2023-03-29 11:49:22,39,40,8382,18507
2023-03-29 11:49:37,39,40,8382,18553
2023-03-29 11:50:51,38,40,8382,18553
2023-03-29 11:50:55,38,39,8382,18553
2023-03-29 11:51:25,38,40,8382,18553
2023-03-29 11:51:26,38,39,8382,18553
2023-03-29 11:51:56,38,40,8382,18553
2023-03-29 11:51:56,37,38,8382,18554
2023-03-29 11:52:17,37,38,8382,18555
2023-03-29 11:52:44,37,40,8382,18555
2023-03-29 11:52:44,37,39,8382,18555
2023-03-29 11:53:22,38,39,8382,18555
2023-03-29 11:53:33,37,39,8382,18555
2023-03-29 11:53:33,39,40,8382,18556
2023-03-29 11:55:05,39,40,8382,18616
2023-03-29 11:55:26,38,40,8382,18616
2023-03-29 11:55:37,38,39,8382,18616
2023-03-29 11:55:51,38,40,8382,18616
2023-03-29 11:55:51,38,39,8382,18616
2023-03-29 11:56:08,38,40,8382,18616
2023-03-29 11:56:23,38,39,8382,18616
2023-03-29 11:56:40,38,40,8382,18616
2023-03-29 11:57:11,38,39,8382,18616
2023-03-29 11:57:27,38,40,8382,18616
2023-03-29 11:57:27,38,39,8382,18616
2023-03-29 11:57:44,38,40,8382,18616
2023-03-29 11:57:44,36,38,8382,18617
2023-03-29 11:58:10,37,38,8382,18617
2023-03-29 11:58:35,36,38,8382,18617
2023-03-29 11:58:35,38,39,8382,18618
2023-03-29 11:58:44,38,40,8382,18618
2023-03-29 11:59:32,37,40,8382,18618
2023-03-29 12:00:05,37,40,8382,18618
2023-03-29 12:00:05,38,40,8382,18618
2023-03-29 12:01:05,40,41,8382,18704
2023-03-29 12:01:33,41,43,8382,18705
2023-03-29 12:01:33,41,42,8382,18705
2023-03-29 12:01:51,41,43,8382,18705
2023-03-29 12:02:22,41,42,8382,18765
2023-03-29 12:02:25,41,42,8383,18766
2023-03-29 12:03:40,39,40,8383,18768
2023-03-29 12:04:29,39,41,8383,18768
2023-03-29 12:04:45,40,41,8383,18768
2023-03-29 12:06:01,39,41,8383,18768
2023-03-29 12:06:05,39,40,8383,18768
2023-03-29 12:06:19,39,41,8383,18768
2023-03-29 12:06:19,39,40,8383,18768
2023-03-29 12:06:37,39,41,8383,18768
2023-03-29 12:06:37,39,40,8383,18768
2023-03-29 12:06:37,38,39,8383,18769
2023-03-29 12:06:52,38,40,8383,18769
2023-03-29 12:06:52,37,40,8383,18769
2023-03-29 12:06:52,37,39,8383,18769
2023-03-29 12:06:57,37,38,8383,18769
2023-03-29 12:07:07,36,37,8383,18770
2023-03-29 12:07:38,34,36,8383,18771
2023-03-29 12:07:55,34,37,8383,18771
2023-03-29 12:07:55,34,36,8383,18771
2023-03-29 12:08:33,35,36,8383,18771
2023-03-29 12:08:43,36,37,8383,18892
2023-03-29 12:10:32,35,37,8383,18892
2023-03-29 12:11:28,36,37,8383,18892
2023-03-29 12:11:52,37,39,8383,18893
2023-03-29 12:13:43,38,39,8383,18893
2023-03-29 12:14:09,39,40,8383,18894
2023-03-29 12:14:31,40,41,8383,18995
2023-03-29 12:14:39,42,43,8441,19056
2023-03-29 12:15:00,42,43,8487,19102
2023-03-29 12:15:00,42,43,8546,19161
2023-03-29 12:15:00,42,43,8596,19211
2023-03-29 12:15:00,42,43,8642,19257
2023-03-29 12:15:01,43,44,8643,19258
2023-03-29 12:15:01,43,44,8693,19308
2023-03-29 12:15:12,43,44,8728,19343
2023-03-29 12:15:30,41,44,8728,19343
2023-03-29 12:15:41,40,44,8728,19343
2023-03-29 12:15:41,42,44,8728,19343
2023-03-29 12:16:09,42,44,8968,19583
2023-03-29 12:16:11,42,43,8968,19583
2023-03-29 12:16:14,42,44,8968,19583
2023-03-29 12:17:03,42,43,8968,19583
2023-03-29 12:17:07,40,42,8968,19584
2023-03-29 12:17:11,40,43,8968,19584
2023-03-29 12:17:12,40,44,8968,19584
2023-03-29 12:18:07,42,44,8968,19584
2023-03-29 12:18:50,41,44,8968,19584
2023-03-29 12:19:12,44,45,9029,19645
2023-03-29 12:19:18,42,45,9029,19645
2023-03-29 12:19:25,42,44,9029,19645
2023-03-29 12:19:56,43,44,9029,19645
2023-03-29 12:19:57,43,45,9029,19645
2023-03-29 12:19:57,43,44,9029,19645
2023-03-29 12:20:12,43,45,9029,19645
2023-03-29 12:20:17,44,45,9029,19645
2023-03-29 12:20:22,43,45,9029,19645
2023-03-29 12:20:24,44,45,9029,19645
2023-03-29 12:20:36,44,45,9030,19646
2023-03-29 12:20:37,45,46,9031,19647
2023-03-29 12:20:45,45,46,9091,19707
2023-03-29 12:20:55,45,46,9184,19800
2023-03-29 12:20:58,44,46,9184,19800
2023-03-29 12:21:33,44,45,9184,19800
2023-03-29 12:21:47,44,46,9184,19800
2023-03-29 12:22:02,44,45,9184,19800
2023-03-29 12:22:14,45,46,9234,19850
2023-03-29 12:23:21,45,46,9235,19851
2023-03-29 12:23:21,45,48,9235,19851
2023-03-29 12:23:22,45,47,9235,19851
2023-03-29 12:23:24,46,47,9235,19851
2023-03-29 12:24:05,45,47,9235,19851
2023-03-29 12:24:07,45,48,9235,19851
2023-03-29 12:24:08,45,47,9235,19851
2023-03-29 12:24:24,45,48,9235,19851
2023-03-29 12:24:24,45,47,9235,19851
2023-03-29 12:24:28,45,47,9236,19852
2023-03-29 12:25:19,46,47,9236,19852
2023-03-29 12:26:19,46,50,9336,20002
2023-03-29 12:26:30,46,48,9336,20002
2023-03-29 12:26:33,46,48,9346,20012
2023-03-29 12:26:44,46,50,9346,20012
2023-03-29 12:26:44,46,48,9346,20012
2023-03-29 12:29:06,46,47,9346,20012
2023-03-29 12:29:22,46,48,9346,20012
2023-03-29 12:29:22,46,47,9346,20012
2023-03-29 12:29:44,46,48,9346,20012
2023-03-29 12:29:44,44,48,9463,20132
2023-03-29 12:29:44,44,47,9463,20132
2023-03-29 12:29:45,44,46,9463,20132
2023-03-29 12:29:46,43,46,9463,20132
2023-03-29 12:30:31,43,46,9463,20133
2023-03-29 12:30:45,44,46,9463,20133
2023-03-29 12:31:06,44,46,9464,20134
2023-03-29 12:31:24,44,47,9464,20134
2023-03-29 12:31:53,44,46,9464,20134
2023-03-29 12:31:55,44,46,9464,20135
2023-03-29 12:31:55,43,46,9464,20135
2023-03-29 12:32:03,44,46,9464,20135
2023-03-29 12:32:37,45,46,9464,20135
2023-03-29 12:32:43,45,47,9464,20135
2023-03-29 12:34:01,45,46,9464,20135
2023-03-29 12:34:10,43,46,9461,20145
2023-03-29 12:34:54,43,45,9461,20145
2023-03-29 12:35:05,42,45,9461,20145
2023-03-29 12:36:34,43,45,9461,20145
2023-03-29 12:36:57,43,46,9463,20147
2023-03-29 12:37:38,44,46,9463,20147
2023-03-29 12:38:10,43,46,9463,20148
2023-03-29 12:38:28,44,46,9463,20148
2023-03-29 12:38:42,45,46,9463,20148
2023-03-29 12:40:37,44,46,9463,20148
2023-03-29 12:41:23,44,45,9463,20148
2023-03-29 12:41:43,42,45,9463,20149
2023-03-29 12:42:11,42,44,9463,20149
2023-03-29 12:42:21,41,44,9463,20149
2023-03-29 12:42:31,41,43,9463,20149
2023-03-29 12:42:38,40,43,9463,20149
2023-03-29 12:42:38,41,43,9463,20149
2023-03-29 12:42:52,40,43,9463,20149
2023-03-29 12:42:52,41,43,9463,20149
2023-03-29 12:43:08,40,43,9463,20149
2023-03-29 12:43:19,40,42,9463,20149
2023-03-29 12:43:23,39,42,9463,20149
2023-03-29 12:43:23,40,42,9463,20149
2023-03-29 12:43:39,39,42,9463,20149
2023-03-29 12:43:39,40,42,9463,20149
2023-03-29 12:43:46,40,41,9463,20149
2023-03-29 12:43:52,40,42,9463,20149
2023-03-29 12:43:55,39,42,9463,20149
2023-03-29 12:44:31,39,41,9463,20149
2023-03-29 12:45:22,39,40,9463,20149
2023-03-29 12:45:30,39,40,9342,20270
2023-03-29 12:45:31,39,41,9342,20270
2023-03-29 12:45:44,37,41,9342,20270
2023-03-29 12:45:44,37,40,9342,20270
2023-03-29 12:46:10,38,40,9342,20270
2023-03-29 12:47:05,38,39,9342,20270
2023-03-29 12:47:18,37,39,9342,20271
2023-03-29 12:47:37,37,38,9342,20271
2023-03-29 12:47:48,36,37,9342,20274
2023-03-29 12:48:27,36,38,9342,20274
2023-03-29 12:48:48,37,38,9342,20274
2023-03-29 12:50:34,38,40,9342,20276
2023-03-29 12:51:37,39,40,9342,20276
2023-03-29 12:51:53,38,40,9342,20276
2023-03-29 12:51:53,39,40,9342,20276
2023-03-29 12:52:07,38,40,9342,20276
2023-03-29 12:52:24,37,40,9342,20276
2023-03-29 12:52:24,38,40,9342,20276
2023-03-29 12:52:40,37,40,9342,20276
2023-03-29 12:52:40,38,40,9342,20276
2023-03-29 12:52:55,37,40,9342,20276
2023-03-29 12:52:55,38,40,9342,20276
2023-03-29 12:53:11,37,40,9342,20276
2023-03-29 12:53:11,38,40,9342,20276
2023-03-29 12:54:12,37,40,9342,20276
2023-03-29 12:54:12,38,40,9342,20276
2023-03-29 12:54:27,37,40,9342,20276
2023-03-29 12:54:27,38,40,9342,20276
2023-03-29 12:54:42,37,40,9342,20276
2023-03-29 12:54:43,38,40,9342,20276
2023-03-29 12:54:59,37,40,9342,20276
2023-03-29 12:54:59,38,40,9342,20276
2023-03-29 12:55:15,37,40,9342,20276
2023-03-29 12:55:15,39,40,9342,20276
2023-03-29 12:55:21,39,41,9343,20277
2023-03-29 12:55:28,37,41,9343,20277
2023-03-29 12:55:28,38,41,9343,20277
2023-03-29 12:55:44,37,41,9343,20277
2023-03-29 12:55:44,38,41,9343,20277
2023-03-29 12:55:49,38,39,9343,20277
2023-03-29 12:55:56,38,41,9342,20278
2023-03-29 12:56:00,37,41,9342,20278
2023-03-29 12:56:00,39,41,9342,20278
2023-03-29 12:56:16,37,41,9342,20278
2023-03-29 12:56:16,38,41,9342,20278
2023-03-29 12:56:49,38,40,9342,20278
2023-03-29 12:57:08,38,39,9342,20278
2023-03-29 12:57:10,37,39,9341,20279
2023-03-29 12:57:19,37,38,9341,20279
2023-03-29 12:57:35,36,38,9340,20283
2023-03-29 12:58:01,36,37,9340,20283
2023-03-29 12:58:03,35,37,9338,20287
2023-03-29 12:58:27,35,36,9338,20287
2023-03-29 12:58:34,34,36,9338,20287
2023-03-29 12:58:42,34,35,9338,20287
2023-03-29 12:58:59,33,34,9337,20288
2023-03-29 12:59:01,33,35,9337,20288
2023-03-29 12:59:01,31,33,9037,20591
2023-03-29 12:59:23,32,33,9037,20591
2023-03-29 12:59:52,32,34,9037,20591
2023-03-29 12:59:59,33,34,9037,20591
2023-03-29 13:00:38,32,34,9036,20595
2023-03-29 13:00:47,33,34,9036,20595
2023-03-29 13:01:01,32,34,9035,20596
2023-03-29 13:01:28,32,33,9035,20596
2023-03-29 13:02:00,31,33,9035,20596
2023-03-29 13:02:05,31,32,9035,20596
2023-03-29 13:03:26,32,33,9035,20597
2023-03-29 13:03:35,31,33,9035,20597
2023-03-29 13:03:41,32,33,9035,20597
2023-03-29 13:03:44,33,34,9035,20598
2023-03-29 13:03:50,32,34,9035,20598
2023-03-29 13:04:05,33,34,9035,20598
2023-03-29 13:04:11,33,34,9035,20599
2023-03-29 13:04:14,33,35,9035,20599
2023-03-29 13:05:15,34,35,9035,20599
2023-03-29 13:05:23,35,36,9035,20600
2023-03-29 13:05:33,34,36,9035,20600
2023-03-29 13:05:39,35,36,9035,20600
2023-03-29 13:05:53,34,36,9035,20600
2023-03-29 13:06:01,35,36,9035,20600
2023-03-29 13:06:06,36,37,9036,20601
2023-03-29 13:06:08,36,38,9036,20601
2023-03-29 13:07:01,37,38,9036,20601
2023-03-29 13:07:15,38,39,9037,20602
2023-03-29 13:07:25,37,39,9037,20602
2023-03-29 13:07:25,39,40,9038,20603
2023-03-29 13:08:09,40,41,9039,20604
2023-03-29 13:08:13,41,42,9040,20605
2023-03-29 13:08:23,42,43,9041,20606
2023-03-29 13:08:25,43,44,9213,20778
2023-03-29 13:08:34,44,46,9328,20893
2023-03-29 13:08:35,44,45,9328,20893
2023-03-29 13:08:35,44,46,9328,20893
2023-03-29 13:09:07,45,46,9328,20893
2023-03-29 13:09:09,44,46,9328,20893
2023-03-29 13:09:20,45,46,9328,20893
2023-03-29 13:09:21,44,46,9328,20893
2023-03-29 13:09:22,45,46,9328,20893
2023-03-29 13:09:23,44,46,9328,20893
2023-03-29 13:09:46,45,46,9328,20893
2023-03-29 13:09:47,44,46,9328,20893
2023-03-29 13:09:48,45,46,9328,20893
2023-03-29 13:09:53,44,46,9328,20893
2023-03-29 13:09:56,45,46,9328,20893
2023-03-29 13:10:00,44,46,9328,20893
2023-03-29 13:10:07,45,46,9328,20893
2023-03-29 13:10:36,45,46,9339,20904
2023-03-29 13:12:29,45,46,9393,20959
2023-03-29 13:12:33,44,46,9393,20959
2023-03-29 13:13:23,44,46,9394,20960
2023-03-29 13:13:39,45,46,9394,20960
2023-03-29 13:14:22,44,46,9394,20960
2023-03-29 13:14:22,45,46,9394,20960
2023-03-29 13:14:38,46,47,9394,20975
2023-03-29 13:14:52,45,47,9394,20975
2023-03-29 13:15:24,46,47,9394,20975
2023-03-29 13:15:38,45,47,9394,20975
2023-03-29 13:15:39,46,47,9394,20975
2023-03-29 13:15:54,45,47,9394,20975
2023-03-29 13:15:54,46,47,9394,20975
2023-03-29 13:15:55,46,47,9395,20976
2023-03-29 13:16:11,45,47,9395,20976
2023-03-29 13:16:25,46,47,9395,20976
2023-03-29 13:19:25,45,47,9395,21137
2023-03-29 13:23:11,45,46,9395,21137
2023-03-29 13:23:56,45,47,9395,21137
2023-03-29 13:24:59,46,47,9395,21137
2023-03-29 13:25:58,45,47,9395,21137
2023-03-29 13:27:37,46,47,9395,21137
2023-03-29 13:27:54,47,48,9421,21163
2023-03-29 13:28:06,48,49,9452,21317
2023-03-29 13:28:07,48,49,9608,21478
2023-03-29 13:28:14,49,50,9623,21493
2023-03-29 13:28:53,49,50,9643,21513
2023-03-29 13:28:59,49,50,9652,21522
2023-03-29 13:29:08,49,50,9702,21572
2023-03-29 13:29:43,50,52,9814,21684
2023-03-29 13:29:54,50,51,9814,21684
2023-03-29 13:30:10,49,50,10034,21904
2023-03-29 13:30:11,48,50,10034,21904
2023-03-29 13:30:21,49,50,10034,21904
2023-03-29 13:30:41,49,51,10034,21904
2023-03-29 13:30:42,49,50,10034,21904
2023-03-29 13:30:44,47,50,10034,21904
2023-03-29 13:31:04,48,50,10034,21904
2023-03-29 13:31:11,48,51,10034,21904
2023-03-29 13:31:11,48,50,10034,21904
2023-03-29 13:31:26,48,51,10034,21904
2023-03-29 13:31:27,49,51,10034,21904
2023-03-29 13:32:29,49,50,10034,21904
2023-03-29 13:32:44,49,51,10034,21904
2023-03-29 13:32:44,49,51,10132,22002
2023-03-29 13:32:46,49,50,10132,22002
2023-03-29 13:32:48,49,50,10141,22011
2023-03-29 13:32:49,49,51,10141,22011
2023-03-29 13:32:49,49,50,10141,22011
2023-03-29 13:32:53,49,51,10141,22011
2023-03-29 13:32:55,49,50,10141,22011
2023-03-29 13:33:00,48,49,10141,22012
2023-03-29 13:33:21,47,49,10140,22013
2023-03-29 13:33:31,47,48,10140,22013
2023-03-29 13:33:34,45,46,10140,22014
2023-03-29 13:33:41,45,46,10140,22015
2023-03-29 13:34:03,44,46,10227,22103
2023-03-29 13:34:05,44,47,10227,22103
2023-03-29 13:34:06,44,45,10227,22103
2023-03-29 13:34:15,44,45,10226,22104
2023-03-29 13:34:17,43,45,10226,22104
2023-03-29 13:34:30,43,44,10226,22104
2023-03-29 13:34:47,43,44,10226,22105
2023-03-29 13:35:09,42,44,10226,22106
2023-03-29 13:35:18,40,44,10226,22107
2023-03-29 13:35:30,40,43,10226,22107
2023-03-29 13:35:32,38,39,10126,22463
2023-03-29 13:35:32,38,39,9926,22663
2023-03-29 13:35:33,37,38,9926,22791
2023-03-29 13:35:33,37,38,9825,22892
2023-03-29 13:35:36,36,37,9726,22991
2023-03-29 13:35:40,35,37,9726,22991
2023-03-29 13:35:41,37,39,9709,23008
2023-03-29 13:35:46,35,39,9709,23008
2023-03-29 13:35:50,35,40,9709,23008
2023-03-29 13:35:53,35,40,9707,23010
2023-03-29 13:35:54,36,40,9707,23010
2023-03-29 13:35:54,36,41,9707,23010
2023-03-29 13:35:54,36,42,9707,23010
2023-03-29 13:35:56,36,37,9707,23010
2023-03-29 13:35:57,37,42,9579,23138
2023-03-29 13:35:59,37,41,9579,23138
2023-03-29 13:36:00,37,42,9579,23138
2023-03-29 13:36:02,35,40,9579,23138
2023-03-29 13:36:07,36,40,9579,23138
2023-03-29 13:36:07,36,42,9579,23138
2023-03-29 13:36:10,36,41,9579,23138
2023-03-29 13:36:16,37,41,9579,23138
2023-03-29 13:36:31,37,38,9579,23138
2023-03-29 13:36:34,38,41,9451,23266
2023-03-29 13:36:36,38,40,9451,23266
2023-03-29 13:36:36,38,40,9451,23275
2023-03-29 13:36:36,38,40,9451,23284
2023-03-29 13:36:36,38,39,9451,23284
2023-03-29 13:36:36,38,39,9451,23293
2023-03-29 13:36:36,38,39,9451,23293
2023-03-29 13:36:39,37,39,9451,23293
2023-03-29 13:36:44,37,40,9451,23293
2023-03-29 13:36:44,37,39,9451,23293
2023-03-29 13:36:46,37,40,9451,23293
2023-03-29 13:36:56,37,39,9451,23293
2023-03-29 13:37:04,39,40,9323,23421
2023-03-29 13:37:09,37,39,9323,23421
2023-03-29 13:37:09,37,40,9323,23421
2023-03-29 13:37:22,37,39,9323,23421
2023-03-29 13:37:33,37,40,9323,23421
2023-03-29 13:37:34,37,39,9323,23421
2023-03-29 13:37:51,39,40,9323,23422
2023-03-29 13:37:56,37,40,9323,23422
2023-03-29 13:38:10,38,40,9323,23422
2023-03-29 13:38:27,38,39,9323,23422
2023-03-29 13:38:31,38,39,9323,23447
2023-03-29 13:38:31,38,39,9323,23472
2023-03-29 13:38:34,37,39,9323,23472
2023-03-29 13:38:41,38,39,9323,23472
2023-03-29 13:38:58,38,40,9323,23472
2023-03-29 13:38:58,37,38,9325,23475
2023-03-29 13:39:12,36,38,9324,23478
2023-03-29 13:39:16,36,37,9324,23478
2023-03-29 13:39:31,36,39,9324,23478
2023-03-29 13:39:31,36,38,9324,23478
2023-03-29 13:39:39,36,39,9324,23478
2023-03-29 13:39:48,37,39,9324,23478
2023-03-29 13:39:54,34,35,8984,23853
2023-03-29 13:40:01,34,37,8984,23853
2023-03-29 13:40:04,33,37,8984,23854
2023-03-29 13:40:05,34,37,8984,23854
2023-03-29 13:40:08,33,37,8984,23854
2023-03-29 13:40:19,33,36,8984,23854
2023-03-29 13:40:19,34,36,8984,23854
2023-03-29 13:40:19,34,35,8984,23854
2023-03-29 13:40:20,35,36,8934,23982
2023-03-29 13:40:27,34,35,8934,23982
2023-03-29 13:40:27,35,36,8934,24026
2023-03-29 13:40:27,35,36,8934,24140
2023-03-29 13:40:27,34,35,8934,24182
2023-03-29 13:40:30,33,35,8934,24183
2023-03-29 13:40:44,32,35,8937,24187
2023-03-29 13:40:48,33,35,8937,24187
2023-03-29 13:40:52,35,36,8937,24196
2023-03-29 13:40:58,33,36,8937,24196
2023-03-29 13:41:10,34,36,8937,24196
2023-03-29 13:41:11,34,37,8937,24196
2023-03-29 13:41:15,36,37,8937,24196
2023-03-29 13:41:17,37,38,8937,24197
2023-03-29 13:41:19,37,39,8937,24197
2023-03-29 13:41:22,36,39,8937,24197
2023-03-29 13:42:31,36,38,8937,24197
2023-03-29 13:42:39,36,39,8937,24197
2023-03-29 13:42:52,37,39,8937,24197
2023-03-29 13:43:28,37,38,8937,24197
2023-03-29 13:43:35,37,39,8937,24197
2023-03-29 13:43:35,37,38,8937,24197
2023-03-29 13:44:00,38,39,8937,24379
2023-03-29 13:44:05,37,39,8937,24379
2023-03-29 13:44:11,37,39,8975,24495
2023-03-29 13:44:12,39,40,8975,24606
2023-03-29 13:44:17,38,40,8975,24606
2023-03-29 13:44:17,37,40,8975,24606
2023-03-29 13:44:18,38,40,8975,24606
2023-03-29 13:44:21,38,39,8975,24606
2023-03-29 13:44:23,39,40,8975,24786
2023-03-29 13:44:24,39,40,8975,24986
2023-03-29 13:44:26,39,40,8975,25186
2023-03-29 13:44:36,39,41,8975,25186
2023-03-29 13:44:36,39,40,8975,25186
2023-03-29 13:44:53,38,40,8975,25186
2023-03-29 13:44:53,40,41,8975,25187
2023-03-29 13:45:08,39,41,8975,25187
2023-03-29 13:45:08,40,41,8975,25187
2023-03-29 13:45:18,40,41,8975,25226
2023-03-29 13:45:22,40,41,8937,25394
2023-03-29 13:45:24,39,41,8937,25394
2023-03-29 13:45:26,39,40,8937,25394
2023-03-29 13:45:44,38,39,8936,25395
2023-03-29 13:46:17,38,39,8935,25396
2023-03-29 13:46:46,38,40,8935,25396
2023-03-29 13:47:17,38,39,8935,25396
2023-03-29 13:47:19,37,38,8846,25487
2023-03-29 13:47:25,36,38,8848,25489
2023-03-29 13:47:33,35,38,8850,25492
2023-03-29 13:47:57,36,38,8850,25492
2023-03-29 13:48:08,37,38,8850,25492
2023-03-29 13:48:12,37,39,8850,25536
2023-03-29 13:48:13,37,40,8850,25536
2023-03-29 13:48:13,37,39,8850,25536
2023-03-29 13:48:23,37,40,8850,25536
2023-03-29 13:48:23,37,39,8850,25536
2023-03-29 13:48:36,38,39,8850,25536
2023-03-29 13:48:57,39,40,8850,25537
2023-03-29 13:49:07,38,40,8850,25537
2023-03-29 13:49:08,39,40,8850,25537
2023-03-29 13:50:58,39,41,8850,25538
2023-03-29 13:51:11,40,41,8850,25538
2023-03-29 13:51:12,40,41,8850,25539
2023-03-29 13:51:14,40,41,8898,25587
2023-03-29 13:51:16,41,43,8898,25667
2023-03-29 13:51:22,40,43,8898,25667
2023-03-29 13:51:29,40,42,8898,25667
2023-03-29 13:51:45,40,41,8898,25667
2023-03-29 13:51:53,40,42,8898,25667
2023-03-29 13:51:56,40,41,8898,25667
2023-03-29 13:51:57,40,42,8898,25667
2023-03-29 13:52:51,41,42,8898,25667
2023-03-29 13:53:27,41,43,8898,25668
2023-03-29 13:53:46,41,42,8898,25668
2023-03-29 13:54:02,40,42,8898,25668
2023-03-29 13:54:04,40,41,8898,25668
2023-03-29 13:54:09,39,40,8898,25669
2023-03-29 13:54:23,39,40,8898,25670
2023-03-29 13:54:32,38,40,8898,25670
2023-03-29 13:54:32,38,39,8898,25670
2023-03-29 13:54:44,37,38,8769,25799
2023-03-29 13:54:54,37,38,8768,25800
2023-03-29 13:54:56,36,38,8768,25800
2023-03-29 13:55:02,36,37,8768,25800
2023-03-29 13:55:04,36,38,8768,25800
2023-03-29 13:55:10,36,37,8768,25800
2023-03-29 13:55:16,36,38,8768,25800
2023-03-29 13:55:18,36,37,8768,25800
2023-03-29 13:55:23,35,36,8767,25801
2023-03-29 13:55:25,34,35,8684,25931
2023-03-29 13:55:56,33,34,8683,25932
2023-03-29 13:56:18,33,35,8683,25932
2023-03-29 13:56:28,35,36,8683,26056
2023-03-29 13:56:34,33,36,8683,26056
2023-03-29 13:56:46,33,37,8683,26056
2023-03-29 13:56:46,34,37,8683,26056
2023-03-29 13:56:51,35,37,8683,26056
2023-03-29 13:56:56,37,39,8683,26097
2023-03-29 13:57:01,35,39,8683,26097
2023-03-29 13:57:01,36,39,8683,26097
2023-03-29 13:57:16,36,38,8683,26097
2023-03-29 13:57:16,34,38,8683,26097
2023-03-29 13:57:17,35,38,8683,26097
2023-03-29 13:57:18,35,37,8683,26097
2023-03-29 13:57:32,34,37,8683,26097
2023-03-29 13:58:02,34,36,8683,26097
2023-03-29 13:58:04,34,37,8683,26097
2023-03-29 13:58:23,34,36,8683,26097
2023-03-29 13:58:30,34,37,8683,26097
2023-03-29 13:58:52,35,37,8683,26097
2023-03-29 13:59:22,34,37,8683,26097
2023-03-29 13:59:41,35,37,8683,26097
2023-03-29 13:59:58,37,39,8683,26098
2023-03-29 14:00:07,35,39,8683,26098
2023-03-29 14:00:09,36,39,8683,26098
2023-03-29 14:00:41,35,39,8683,26098
2023-03-29 14:00:50,36,39,8683,26098
2023-03-29 14:01:07,36,37,8683,26098
2023-03-29 14:02:15,35,36,8682,26099
2023-03-29 14:02:26,35,36,8681,26100
2023-03-29 14:02:30,34,36,8681,26100
2023-03-29 14:02:36,34,35,8681,26100
2023-03-29 14:02:40,34,36,8681,26100
2023-03-29 14:02:43,34,35,8681,26100
2023-03-29 14:02:43,33,35,8641,26216
2023-03-29 14:02:47,33,34,8641,26216
2023-03-29 14:02:50,33,35,8641,26216
2023-03-29 14:03:02,34,35,8641,26216
2023-03-29 14:03:08,34,36,8641,26216
2023-03-29 14:03:36,33,36,8641,26216
2023-03-29 14:04:59,36,38,8641,26217
2023-03-29 14:05:04,33,38,8641,26217
2023-03-29 14:05:06,35,38,8641,26217
2023-03-29 14:06:28,35,37,8641,26217
2023-03-29 14:07:01,37,38,8641,26218
2023-03-29 14:07:06,37,39,8642,26219
2023-03-29 14:07:13,39,41,8642,26370
2023-03-29 14:07:17,37,41,8642,26370
2023-03-29 14:07:24,39,41,8642,26370
2023-03-29 14:07:55,39,41,8743,26471
2023-03-29 14:08:02,41,42,8615,26599
2023-03-29 14:08:02,41,42,8615,26646
2023-03-29 14:08:07,39,42,8615,26646
2023-03-29 14:08:07,38,42,8615,26646
2023-03-29 14:08:07,41,42,8615,26646
2023-03-29 14:08:10,41,42,8665,26696
2023-03-29 14:08:10,41,42,8712,26743
2023-03-29 14:08:10,41,42,8724,26755
2023-03-29 14:08:11,41,42,8771,26802
2023-03-29 14:08:50,41,44,8772,26803
2023-03-29 14:09:25,41,43,8772,26803
2023-03-29 14:09:41,41,44,8772,26803
2023-03-29 14:09:41,41,43,8772,26803
2023-03-29 14:09:41,41,44,8772,26803
2023-03-29 14:09:41,41,43,8772,26803
2023-03-29 14:10:29,40,43,8772,26804
2023-03-29 14:10:32,39,43,8772,26805
2023-03-29 14:10:41,41,43,8772,26805
2023-03-29 14:11:25,41,44,8772,26806
2023-03-29 14:12:22,41,43,8772,26806
2023-03-29 14:12:23,39,43,8772,26806
2023-03-29 14:12:30,40,43,8772,26806
2023-03-29 14:13:01,40,42,8772,26806
2023-03-29 14:13:01,40,43,8772,26806
2023-03-29 14:13:02,41,43,8772,26806
2023-03-29 14:13:03,41,42,8772,26806
2023-03-29 14:13:06,41,43,8772,26806
2023-03-29 14:13:18,41,42,8772,26806
2023-03-29 14:13:32,40,41,8771,26807
2023-03-29 14:13:57,40,43,8771,26807
2023-03-29 14:14:05,39,43,8771,26807
2023-03-29 14:14:17,40,43,8771,26807
2023-03-29 14:14:31,41,43,8771,26807
2023-03-29 14:15:01,40,43,8771,26807
2023-03-29 14:15:17,40,42,8771,26807
2023-03-29 14:15:19,39,42,8771,26807
2023-03-29 14:15:24,39,41,8771,26807
2023-03-29 14:15:29,39,40,8771,26807
2023-03-29 14:15:31,39,41,8771,26807
2023-03-29 14:15:38,39,40,8771,26807
2023-03-29 14:15:42,38,39,8737,26841
2023-03-29 14:15:47,37,38,8736,26842
2023-03-29 14:15:51,36,38,8736,26842
2023-03-29 14:15:51,35,38,8736,26842
2023-03-29 14:16:06,35,37,8736,26842
2023-03-29 14:16:08,36,37,8736,26842
2023-03-29 14:16:18,36,38,8736,26842
2023-03-29 14:16:23,35,38,8736,26842
2023-03-29 14:16:38,35,39,8736,26842
2023-03-29 14:16:38,36,39,8736,26842
2023-03-29 14:16:39,36,40,8736,26842
2023-03-29 14:16:43,37,40,8736,26842
2023-03-29 14:17:02,37,39,8736,26842
2023-03-29 14:17:08,37,40,8736,26842
2023-03-29 14:17:23,37,39,8736,26842
2023-03-29 14:17:33,37,38,8736,26842
2023-03-29 14:17:41,37,39,8736,26842
2023-03-29 14:17:47,35,39,8736,26843
2023-03-29 14:17:52,36,39,8736,26843
2023-03-29 14:18:01,36,39,8736,26843
2023-03-29 14:18:08,36,38,8736,26843
2023-03-29 14:18:10,36,39,8736,26843
2023-03-29 14:18:18,36,38,8736,26843
2023-03-29 14:18:36,38,40,8736,26844
2023-03-29 14:18:44,36,40,8736,26844
2023-03-29 14:18:44,37,40,8736,26844
2023-03-29 14:19:00,38,40,8736,26844
2023-03-29 14:19:33,37,40,8736,26844
2023-03-29 14:19:45,37,39,8736,26844
2023-03-29 14:19:52,37,40,8736,26844
2023-03-29 14:20:04,36,40,8736,26845
2023-03-29 14:20:06,37,40,8736,26845
2023-03-29 14:20:15,37,39,8736,26845
2023-03-29 14:20:16,37,40,8736,26845
2023-03-29 14:20:19,37,39,8736,26845
2023-03-29 14:20:20,36,39,8736,26845
2023-03-29 14:20:21,36,40,8736,26845
2023-03-29 14:20:24,36,39,8736,26845
2023-03-29 14:20:25,36,38,8736,26845
2023-03-29 14:20:26,36,37,8736,26845
2023-03-29 14:20:28,36,38,8736,26845
2023-03-29 14:20:55,36,40,8737,26846
2023-03-29 14:21:04,37,40,8737,26846
2023-03-29 14:21:10,38,40,8737,26846
2023-03-29 14:21:14,40,41,8737,26847
2023-03-29 14:21:21,39,41,8737,26847
2023-03-29 14:21:21,39,43,8737,26847
2023-03-29 14:21:22,39,42,8737,26847
2023-03-29 14:21:23,39,43,8737,26847
2023-03-29 14:21:30,40,43,8737,26847
2023-03-29 14:21:34,39,43,8737,26847
2023-03-29 14:22:09,39,42,8737,26847
2023-03-29 14:22:27,39,41,8737,26847
2023-03-29 14:22:29,39,42,8737,26847
2023-03-29 14:22:30,39,41,8737,26847
2023-03-29 14:22:34,39,40,8737,26847
2023-03-29 14:22:45,39,41,8737,26847
2023-03-29 14:22:46,39,40,8737,26847
2023-03-29 14:22:50,39,41,8737,26847
2023-03-29 14:22:58,37,41,8737,26848
2023-03-29 14:23:12,38,41,8737,26848
2023-03-29 14:23:44,39,41,8737,26848
2023-03-29 14:23:51,40,41,8737,26848
2023-03-29 14:23:53,40,43,8738,26849
2023-03-29 14:24:01,41,43,8738,26849
2023-03-29 14:24:38,40,43,8738,26849
2023-03-29 14:24:50,40,42,8738,26849
2023-03-29 14:25:56,41,42,8738,26849
2023-03-29 14:25:57,41,43,8740,26851
2023-03-29 14:26:05,42,43,8740,26851
2023-03-29 14:26:08,41,43,8740,26851
2023-03-29 14:26:11,41,44,8766,26877
2023-03-29 14:26:11,42,44,8766,26877
2023-03-29 14:26:57,43,44,8766,26877
2023-03-29 14:26:58,42,44,8766,26877
2023-03-29 14:27:06,43,44,8766,26877
2023-03-29 14:27:07,42,44,8766,26877
2023-03-29 14:27:48,43,44,8766,26877
2023-03-29 14:27:50,44,45,8640,27031
2023-03-29 14:28:04,42,45,8640,27031
2023-03-29 14:28:22,43,45,8640,27031
2023-03-29 14:29:20,44,45,8640,27031
2023-03-29 14:30:00,45,46,8640,27147
2023-03-29 14:30:03,45,46,8640,27176
2023-03-29 14:30:31,44,46,8640,27176
2023-03-29 14:30:49,44,45,8640,27176
2023-03-29 14:31:19,45,46,8640,27205
2023-03-29 14:31:25,44,46,8640,27205
2023-03-29 14:32:19,45,46,8640,27205
2023-03-29 14:32:40,47,48,9044,27609
2023-03-29 14:32:55,47,48,9073,27638
2023-03-29 14:33:12,47,48,9101,27666
2023-03-29 14:33:12,45,48,9101,27666
2023-03-29 14:33:13,46,48,9101,27666
2023-03-29 14:33:17,45,48,9101,27666
2023-03-29 14:33:25,46,48,9101,27666
2023-03-29 14:33:27,45,48,9101,27666
2023-03-29 14:33:28,46,48,9101,27666
2023-03-29 14:33:29,45,48,9101,27666
2023-03-29 14:33:30,45,47,9101,27666
2023-03-29 14:33:44,45,46,9101,27666
2023-03-29 14:33:48,46,47,9101,27752
2023-03-29 14:33:53,45,47,9101,27752
2023-03-29 14:33:53,46,47,9101,27752
2023-03-29 14:33:55,45,47,9101,27752
2023-03-29 14:33:57,46,47,9101,27752
2023-03-29 14:34:02,46,47,9176,27827
2023-03-29 14:34:05,47,48,9176,27953
2023-03-29 14:34:10,45,48,9176,27953
2023-03-29 14:34:10,46,48,9176,27953
2023-03-29 14:34:33,47,48,9176,27953
2023-03-29 14:34:34,46,48,9176,27953
2023-03-29 14:34:46,47,48,9176,27953
2023-03-29 14:34:47,47,49,9190,27967
2023-03-29 14:34:51,48,49,9190,27967
2023-03-29 14:35:01,48,50,9190,27967
2023-03-29 14:35:01,48,51,9190,27967
2023-03-29 14:35:01,47,51,9190,27967
2023-03-29 14:35:06,48,51,9190,27967
2023-03-29 14:35:35,49,51,9190,27967
2023-03-29 14:35:36,48,51,9190,27967
2023-03-29 14:35:38,49,51,9190,27967
2023-03-29 14:35:59,50,51,9190,27967
2023-03-29 14:36:07,51,52,9247,28024
2023-03-29 14:36:10,50,52,9247,28024
2023-03-29 14:36:10,50,52,9247,28024
2023-03-29 14:36:45,51,52,9247,28024
2023-03-29 14:36:46,51,52,9259,28036
2023-03-29 14:36:57,50,52,9259,28036
2023-03-29 14:37:06,51,52,9271,28048
2023-03-29 14:37:15,53,54,9275,28052
2023-03-29 14:37:42,53,55,9275,28052
2023-03-29 14:38:27,53,55,9334,28111
2023-03-29 14:39:02,54,55,9334,28111
2023-03-29 14:39:18,53,55,9334,28111
2023-03-29 14:40:23,52,55,9334,28111
2023-03-29 14:41:04,52,54,9334,28111
2023-03-29 14:41:09,51,54,9334,28111
2023-03-29 14:41:22,50,54,9334,28112
2023-03-29 14:41:27,50,53,9334,28112
2023-03-29 14:41:33,52,53,9334,28112
2023-03-29 14:41:45,51,53,9334,28112
2023-03-29 14:42:05,52,53,9334,28112
2023-03-29 14:42:14,52,54,9334,28138
2023-03-29 14:42:23,53,54,9334,28138
2023-03-29 14:42:52,53,57,9859,28663
2023-03-29 14:42:54,53,58,9859,28663
2023-03-29 14:42:54,53,57,9859,28663
2023-03-29 14:43:04,53,59,9859,28688
2023-03-29 14:43:04,56,59,9859,28688
2023-03-29 14:43:25,56,57,9859,28688
2023-03-29 14:43:39,56,59,9889,28718
2023-03-29 14:43:43,56,60,9889,28718
2023-03-29 14:43:43,56,58,9889,28718
2023-03-29 14:43:54,56,59,9966,28795
2023-03-29 14:43:57,56,58,9966,28795
2023-03-29 14:44:18,56,59,9966,28795
2023-03-29 14:44:20,56,60,9966,28795
2023-03-29 14:44:21,57,60,9966,28795
2023-03-29 14:44:38,58,60,9966,28795
2023-03-29 14:44:54,57,60,9966,28795
2023-03-29 14:45:32,57,59,9966,28795
2023-03-29 14:45:37,56,57,9966,28796
2023-03-29 14:45:47,56,59,9966,28796
2023-03-29 14:45:51,55,59,9966,28796
2023-03-29 14:46:00,55,58,9966,28796
2023-03-29 14:46:03,55,57,9966,28796
2023-03-29 14:46:04,55,59,9966,28796
2023-03-29 14:46:04,55,58,9966,28796
2023-03-29 14:46:05,54,58,9966,28796
2023-03-29 14:46:24,56,58,9966,28796
2023-03-29 14:47:50,57,58,9966,28796
2023-03-29 14:47:51,57,59,9966,28898
2023-03-29 14:47:53,59,60,9966,28947
2023-03-29 14:48:09,60,64,9966,28948
2023-03-29 14:48:09,60,63,9966,28948
2023-03-29 14:48:26,59,63,9966,28948
2023-03-29 14:48:42,59,63,10195,29177
2023-03-29 14:48:47,59,64,10195,29177
2023-03-29 14:48:49,59,63,10195,29177
2023-03-29 14:48:55,60,63,10195,29177
2023-03-29 14:49:26,61,63,10195,29177
2023-03-29 14:49:47,61,63,10195,29178
2023-03-29 14:49:51,61,64,10240,29223
2023-03-29 14:49:51,61,63,10240,29223
2023-03-29 14:49:57,62,63,10240,29223
2023-03-29 14:50:28,61,63,10240,29223
2023-03-29 14:50:30,60,63,10240,29223
2023-03-29 14:50:30,61,63,10240,29223
2023-03-29 14:50:34,62,63,10240,29223
2023-03-29 14:50:40,62,64,10240,29224
2023-03-29 14:51:16,62,63,10240,29224
2023-03-29 14:51:18,62,63,10240,29334
2023-03-29 14:51:20,61,62,10240,29462
2023-03-29 14:51:23,60,61,10240,29507
2023-03-29 14:51:31,61,62,10240,29507
2023-03-29 14:51:32,60,61,10240,29508
2023-03-29 14:51:35,59,61,10240,29509
2023-03-29 14:51:35,59,60,10240,29509
2023-03-29 14:51:51,56,57,10239,29510
2023-03-29 14:51:52,55,57,10239,29510
2023-03-29 14:51:52,54,55,9989,29760
2023-03-29 14:51:52,54,55,9989,29772
2023-03-29 14:51:53,54,55,9989,29817
2023-03-29 14:52:01,53,55,9989,29817
2023-03-29 14:52:01,53,57,9989,29817
2023-03-29 14:52:03,53,56,9989,29817
2023-03-29 14:52:10,53,57,9989,29817
2023-03-29 14:52:10,53,56,9989,29817
2023-03-29 14:52:14,53,57,9989,29817
2023-03-29 14:52:20,55,57,9989,29817
2023-03-29 14:52:21,55,60,9989,29817
2023-03-29 14:52:26,58,60,9989,29817
2023-03-29 14:52:26,58,61,9989,29817
2023-03-29 14:52:26,58,60,9989,29817
2023-03-29 14:52:28,58,61,9989,29817
2023-03-29 14:52:28,58,63,9989,29817
2023-03-29 14:52:32,61,63,9989,29817
2023-03-29 14:52:40,61,64,9989,29818
2023-03-29 14:52:42,59,64,9989,29818
2023-03-29 14:54:01,62,64,9989,29818
2023-03-29 14:54:01,65,66,9990,29819
2023-03-29 14:54:02,65,66,10034,29863
2023-03-29 14:54:29,65,66,10044,29873
2023-03-29 14:54:43,65,67,10044,29873
2023-03-29 14:54:43,65,66,10044,29873
2023-03-29 14:54:44,65,67,10044,29873
2023-03-29 14:54:48,65,68,10044,29873
2023-03-29 14:54:48,67,68,10044,29873
2023-03-29 14:54:52,67,68,10240,30069
2023-03-29 14:55:29,67,70,10240,30069
2023-03-29 14:55:29,67,69,10240,30069
2023-03-29 14:55:29,69,70,10240,30072
2023-03-29 14:55:29,67,69,10240,30083
2023-03-29 14:55:29,67,70,10240,30083
2023-03-29 14:55:30,67,69,10240,30083
2023-03-29 14:55:30,67,68,10240,30083
2023-03-29 14:56:01,66,68,10240,30083
2023-03-29 14:56:01,67,68,10240,30083
2023-03-29 14:56:16,66,68,10240,30083
2023-03-29 14:56:17,68,70,10240,30084
2023-03-29 14:56:17,68,69,10240,30084
2023-03-29 14:56:21,68,70,10240,30084
2023-03-29 14:57:21,67,70,10240,30084
2023-03-29 14:57:21,68,70,10240,30084
2023-03-29 14:57:52,67,70,10240,30084
2023-03-29 14:57:52,68,70,10240,30084
2023-03-29 14:58:29,68,69,10240,30084
2023-03-29 14:58:55,67,69,10240,30084
2023-03-29 14:58:55,68,69,10240,30084
2023-03-29 14:59:10,68,69,10240,30097
2023-03-29 14:59:10,68,70,10240,30097
2023-03-29 14:59:10,68,69,10240,30097
2023-03-29 14:59:29,68,70,10240,30123
2023-03-29 14:59:42,68,70,10240,30136
2023-03-29 14:59:58,67,70,10240,30136
2023-03-29 14:59:58,69,70,10240,30136
2023-03-29 15:00:14,70,71,10240,30144
2023-03-29 15:00:15,69,70,10240,30162
2023-03-29 15:00:15,69,71,10240,30162
2023-03-29 15:00:15,69,70,10240,30162
2023-03-29 15:00:15,68,70,10240,30176
2023-03-29 15:00:31,70,71,10240,30220
2023-03-29 15:00:31,68,70,10240,30242
2023-03-29 15:00:31,68,71,10240,30242
2023-03-29 15:00:31,68,70,10240,30242
2023-03-29 15:00:31,68,71,10240,30242
2023-03-29 15:00:46,70,71,10240,30242
2023-03-29 15:01:03,68,71,10240,30242
2023-03-29 15:01:03,70,71,10240,30242
2023-03-29 15:01:13,70,71,10240,30285
2023-03-29 15:01:28,67,68,9815,30710
2023-03-29 15:01:28,63,66,9666,31228
2023-03-29 15:01:29,64,66,9666,31228
2023-03-29 15:01:29,64,68,9666,31228
2023-03-29 15:01:30,65,68,9666,31228
2023-03-29 15:01:32,66,68,9666,31228
2023-03-29 15:01:33,65,70,9666,31228
2023-03-29 15:01:34,63,70,9523,31371
2023-03-29 15:01:35,63,69,9523,31371
2023-03-29 15:01:37,68,69,9523,31371
2023-03-29 15:01:37,68,69,9550,31398
2023-03-29 15:01:37,68,72,9550,31398
2023-03-29 15:01:37,68,72,9750,31598
2023-03-29 15:01:38,71,72,9750,31598
2023-03-29 15:01:41,71,72,9760,31691
2023-03-29 15:01:41,71,72,10020,31951
2023-03-29 15:01:41,71,72,10064,31995
2023-03-29 15:01:41,68,72,10064,31995
2023-03-29 15:01:50,71,72,10064,31995
2023-03-29 15:01:51,69,72,10064,31995
2023-03-29 15:02:12,70,72,10064,31995
2023-03-29 15:02:13,70,71,10064,31995
2023-03-29 15:02:14,67,71,10064,31995
2023-03-29 15:02:16,65,71,10064,31995
2023-03-29 15:02:16,65,70,10064,31995
2023-03-29 15:02:18,65,69,10064,31995
2023-03-29 15:02:24,65,70,10064,31995
2023-03-29 15:02:24,65,71,10064,31995
2023-03-29 15:02:24,67,71,10064,31995
2023-03-29 15:02:27,65,71,10064,31995
2023-03-29 15:02:33,65,69,10064,31995
2023-03-29 15:02:39,66,69,10064,31995
2023-03-29 15:02:46,66,68,10064,31995
2023-03-29 15:02:52,65,68,10064,31996
2023-03-29 15:02:53,65,66,10064,31996
2023-03-29 15:02:58,65,67,10064,31996
2023-03-29 15:03:01,65,68,10064,31996
2023-03-29 15:03:01,65,67,10064,31996
2023-03-29 15:03:01,63,67,10064,31996
2023-03-29 15:03:12,63,66,10064,31996
2023-03-29 15:03:17,63,67,10064,31996
2023-03-29 15:03:20,64,67,10064,31996
2023-03-29 15:03:26,65,67,10064,31996
2023-03-29 15:03:28,65,71,10064,31997
2023-03-29 15:03:28,65,70,10064,31997
2023-03-29 15:03:28,65,71,10064,31997
2023-03-29 15:03:35,67,71,10064,31997
2023-03-29 15:03:44,67,70,10064,31997
2023-03-29 15:03:44,67,71,10064,31997
2023-03-29 15:03:57,69,71,10064,31997
2023-03-29 15:03:59,69,72,10064,31997
2023-03-29 15:04:15,69,71,10064,31997
2023-03-29 15:04:18,69,70,10064,31997
2023-03-29 15:04:26,67,70,10240,32173
2023-03-29 15:04:28,67,71,10240,32234
2023-03-29 15:04:30,69,72,10240,32234
2023-03-29 15:05:05,69,70,10240,32234
2023-03-29 15:05:21,69,72,10240,32234
2023-03-29 15:05:22,69,70,10240,32234
2023-03-29 15:05:28,67,69,10240,32362
2023-03-29 15:05:29,66,69,10240,32362
2023-03-29 15:05:32,66,68,10240,32362
2023-03-29 15:05:47,66,70,10240,32362
2023-03-29 15:05:47,66,69,10240,32362
2023-03-29 15:05:49,68,69,10240,32362
2023-03-29 15:05:58,68,70,10240,32375
2023-03-29 15:06:27,68,72,10240,32376
2023-03-29 15:06:42,68,71,10240,32376
2023-03-29 15:06:45,68,70,10240,32376
2023-03-29 15:06:53,68,69,10240,32377
2023-03-29 15:06:59,66,69,10240,32377
2023-03-29 15:07:17,66,70,10240,32377
2023-03-29 15:07:17,66,69,10240,32377
2023-03-29 15:07:27,67,69,10240,32377
2023-03-29 15:07:32,67,70,10240,32377
2023-03-29 15:07:32,67,69,10240,32377
2023-03-29 15:07:49,67,70,10240,32377
2023-03-29 15:08:01,68,70,10240,32377
2023-03-29 15:08:08,68,71,10240,32378
2023-03-29 15:08:13,69,71,10240,32378
2023-03-29 15:08:14,69,71,10240,32379
2023-03-29 15:08:18,69,72,10240,32379
2023-03-29 15:08:26,71,72,10240,32379
2023-03-29 15:09:15,70,72,10240,32379
2023-03-29 15:09:28,69,72,10240,32413
2023-03-29 15:09:38,68,72,10240,32413
2023-03-29 15:09:49,69,72,10240,32413
2023-03-29 15:09:54,70,72,10240,32413
2023-03-29 15:10:27,69,72,10240,32413
2023-03-29 15:11:05,72,73,10294,32467
2023-03-29 15:11:05,72,73,10313,32486
2023-03-29 15:11:29,72,74,10313,32486
2023-03-29 15:11:29,72,73,10313,32486
2023-03-29 15:12:09,72,76,10313,32533
2023-03-29 15:12:09,72,75,10313,32533
2023-03-29 15:12:09,72,76,10313,32533
2023-03-29 15:12:09,72,75,10313,32533
2023-03-29 15:12:44,73,75,10313,32533
2023-03-29 15:12:51,73,74,10313,32533
2023-03-29 15:12:52,73,75,10327,32565
2023-03-29 15:12:52,73,74,10327,32565
2023-03-29 15:13:05,72,74,10327,32565
2023-03-29 15:13:26,72,75,10327,32565
2023-03-29 15:13:43,73,74,10327,32565
2023-03-29 15:13:58,73,75,10372,32610
2023-03-29 15:13:58,73,74,10372,32610
2023-03-29 15:14:06,73,75,10372,32610
2023-03-29 15:14:14,74,75,10372,32610
2023-03-29 15:14:18,75,78,10373,32611
2023-03-29 15:14:18,75,77,10373,32611
2023-03-29 15:14:28,76,77,10373,32611
2023-03-29 15:14:29,77,78,10417,32655
2023-03-29 15:14:29,77,78,10513,32751
2023-03-29 15:14:29,77,78,10563,32801
2023-03-29 15:14:29,77,78,10607,32845
2023-03-29 15:14:38,77,79,10607,32845
2023-03-29 15:14:38,77,78,10607,32845
2023-03-29 15:14:39,77,79,10607,32845
2023-03-29 15:14:59,77,79,10726,33095
2023-03-29 15:15:14,77,78,10726,33095
2023-03-29 15:15:14,78,79,10728,33097
2023-03-29 15:15:14,78,79,10730,33099
2023-03-29 15:15:46,78,81,10732,33159
2023-03-29 15:15:46,78,80,10732,33159
2023-03-29 15:15:50,79,80,10732,33159
2023-03-29 15:15:50,79,80,10782,33209
2023-03-29 15:15:50,78,79,10849,33276
2023-03-29 15:15:59,78,79,10854,33281
2023-03-29 15:16:06,80,82,10949,33376
2023-03-29 15:16:06,80,81,10949,33376
2023-03-29 15:16:08,80,81,10999,33426
2023-03-29 15:16:08,80,81,11132,33559
2023-03-29 15:16:08,80,81,11175,33602
2023-03-29 15:16:08,80,81,11218,33645
2023-03-29 15:16:08,80,81,11271,33698
2023-03-29 15:16:09,80,82,11271,33698
2023-03-29 15:16:09,80,81,11271,33698
2023-03-29 15:16:09,80,81,11321,33748
2023-03-29 15:16:15,80,82,11321,33748
2023-03-29 15:16:18,78,82,11356,33783
2023-03-29 15:16:18,78,80,11356,33783
2023-03-29 15:16:18,78,79,11356,33783
2023-03-29 15:16:18,78,80,11356,33802
2023-03-29 15:16:18,78,79,11356,33802
2023-03-29 15:16:18,78,80,11356,33802
2023-03-29 15:16:19,78,79,11356,33802
2023-03-29 15:16:21,78,80,11356,33802
2023-03-29 15:16:32,77,80,11356,33802
2023-03-29 15:16:33,77,80,11356,33850
2023-03-29 15:16:33,78,80,11356,33850
2023-03-29 15:16:49,78,80,11322,33888
2023-03-29 15:17:27,78,80,11322,33903
2023-03-29 15:19:51,78,81,11328,33909
2023-03-29 15:20:11,78,80,11328,33909
2023-03-29 15:20:42,78,81,11328,33909
2023-03-29 15:20:55,79,81,11328,33909
2023-03-29 15:22:16,79,80,11328,33909
2023-03-29 15:22:44,79,81,11328,33909
2023-03-29 15:22:54,79,80,11328,33909
2023-03-29 15:23:23,79,81,11439,34020
2023-03-29 15:24:12,80,81,11439,34020
2023-03-29 15:25:45,80,84,11496,34198
2023-03-29 15:25:49,80,85,11496,34198
2023-03-29 15:26:27,81,85,11496,34198
2023-03-29 15:26:31,81,85,11597,34299
2023-03-29 15:27:06,83,85,11597,34299
2023-03-29 15:27:39,83,84,11597,34299
2023-03-29 15:27:54,83,85,11597,34299
2023-03-29 15:27:54,83,84,11597,34299
2023-03-29 15:28:05,82,84,11597,34299
2023-03-29 15:28:09,82,83,11597,34299
2023-03-29 15:28:17,82,84,11597,34320
2023-03-29 15:29:01,83,84,11597,34320
2023-03-29 15:29:01,83,85,11597,34321
2023-03-29 15:29:10,84,85,11597,34321
2023-03-29 15:29:29,83,84,11602,34326
2023-03-29 15:29:44,83,85,11602,34326
2023-03-29 15:29:44,83,84,11602,34326
2023-03-29 15:30:07,81,84,11847,34586
2023-03-29 15:30:07,83,84,11847,34586
2023-03-29 15:30:15,83,85,11847,34586
2023-03-29 15:31:02,83,85,11847,34587
2023-03-29 15:31:04,79,80,11770,34923
2023-03-29 15:31:05,79,80,11770,35051
2023-03-29 15:31:17,79,80,11770,35109
2023-03-29 15:31:17,80,85,11767,35112
2023-03-29 15:31:17,81,85,11767,35112
2023-03-29 15:31:17,83,85,11767,35112
2023-03-29 15:31:34,81,85,11767,35112
2023-03-29 15:31:34,84,85,11767,35112
2023-03-29 15:31:35,82,85,11755,35124
2023-03-29 15:31:42,82,84,11755,35124
2023-03-29 15:31:46,79,84,11755,35124
2023-03-29 15:31:46,81,84,11755,35124
2023-03-29 15:32:32,82,84,11755,35124
2023-03-29 15:33:08,81,84,11758,35127
2023-03-29 15:33:19,83,84,11758,35127
2023-03-29 15:33:36,81,84,11758,35127
2023-03-29 15:33:50,82,84,11758,35127
2023-03-29 15:34:12,82,84,11784,35177
2023-03-29 15:34:12,82,85,11784,35177
2023-03-29 15:34:39,83,85,11784,35177
2023-03-29 15:35:53,82,85,11784,35178
2023-03-29 15:35:55,84,85,11784,35178
2023-03-29 15:36:01,82,85,11787,35181
2023-03-29 15:36:13,83,85,11787,35181
2023-03-29 15:37:04,82,85,11787,35312
2023-03-29 15:37:19,83,85,11787,35312
2023-03-29 15:37:39,83,84,11787,35312
2023-03-29 15:38:04,83,84,11787,35380
2023-03-29 15:38:32,83,84,11787,35383
2023-03-29 15:38:54,83,85,11787,35384
2023-03-29 15:39:19,83,85,11837,35434
2023-03-29 15:39:53,84,85,11837,35434
2023-03-29 15:40:18,84,87,11855,35708
2023-03-29 15:40:30,83,87,11859,35713
2023-03-29 15:40:33,85,87,11859,35713
2023-03-29 15:40:39,85,88,11859,35713
2023-03-29 15:40:53,85,88,11959,35908
2023-03-29 15:41:48,86,88,11959,35908
2023-03-29 15:42:04,86,89,11961,35910
2023-03-29 15:42:06,86,90,11961,35910
2023-03-29 15:42:28,87,90,11961,35910
2023-03-29 15:43:16,88,90,11961,35910
2023-03-29 15:43:46,89,90,11961,35910
2023-03-29 15:44:10,89,90,11982,35931
2023-03-29 15:44:20,88,90,12089,36038
2023-03-29 15:44:33,89,90,12089,36038
2023-03-29 15:44:58,89,90,12089,36043
2023-03-29 15:46:08,89,90,12289,36243
2023-03-29 15:47:02,89,92,12340,36300
2023-03-29 15:47:04,89,90,12340,36300
2023-03-29 15:47:25,89,90,12340,36373
2023-03-29 15:47:41,89,91,12357,36518
2023-03-29 15:47:41,88,91,12357,36518
2023-03-29 15:47:44,89,91,12357,36518
2023-03-29 15:48:20,89,93,12359,36603
2023-03-29 15:48:20,89,92,12359,36603
2023-03-29 15:48:26,88,92,12369,36615
2023-03-29 15:48:39,88,92,12379,36625
2023-03-29 15:48:46,89,92,12379,36625
2023-03-29 15:49:24,89,91,12379,36625
2023-03-29 15:49:44,89,91,12379,36635
2023-03-29 15:49:54,90,91,12379,36635
2023-03-29 15:50:00,90,92,12379,36635
2023-03-29 15:50:49,90,93,12380,36636
2023-03-29 15:51:06,91,93,12380,36636
2023-03-29 15:51:12,91,94,12380,36636
2023-03-29 15:51:34,91,96,12860,37244
2023-03-29 15:51:38,92,96,12860,37244
2023-03-29 15:51:48,93,96,12860,37244
2023-03-29 15:52:01,93,95,12860,37244
2023-03-29 15:52:04,93,95,12860,37296
2023-03-29 15:52:17,93,94,12860,37296
2023-03-29 15:52:19,93,94,12886,37322
2023-03-29 15:52:19,93,95,12886,37322
2023-03-29 15:52:29,93,95,12886,37322
2023-03-29 15:52:40,93,95,12886,37325
2023-03-29 15:52:47,93,94,12886,37325
2023-03-29 15:53:05,93,94,12941,37380
2023-03-29 15:53:13,93,95,12986,37425
2023-03-29 15:53:20,93,95,12986,37426
2023-03-29 15:53:32,94,95,12986,37426
2023-03-29 15:53:35,94,96,12987,37427
2023-03-29 15:53:48,95,96,12987,37427
2023-03-29 15:53:58,96,97,12988,37428
2023-03-29 15:54:03,96,98,12988,37428
2023-03-29 15:54:07,97,98,12988,37428
2023-03-29 15:54:40,95,98,12988,37428
2023-03-29 15:55:02,95,97,12988,37428
2023-03-29 15:55:04,95,98,12988,37428
2023-03-29 15:55:09,95,97,12988,37428
2023-03-29 15:55:12,95,98,12988,37428
2023-03-29 15:55:12,95,97,12988,37428
2023-03-29 15:55:27,95,97,13038,37478
2023-03-29 15:55:49,94,95,13215,37656
2023-03-29 15:56:02,93,94,13214,37791
2023-03-29 15:56:04,92,93,13213,37927
2023-03-29 15:56:05,92,93,13013,38127
2023-03-29 15:56:07,91,92,13013,38263
2023-03-29 15:56:09,90,91,13012,38392
2023-03-29 15:56:11,91,92,12948,38456
2023-03-29 15:56:14,91,92,12948,38506
2023-03-29 15:56:14,90,91,12948,38592
2023-03-29 15:56:23,90,92,12948,38690
2023-03-29 15:56:43,91,92,12948,38690
2023-03-29 15:56:52,91,94,12948,38690
2023-03-29 15:56:52,91,95,12948,38690
2023-03-29 15:57:08,90,93,12949,38691
2023-03-29 15:57:21,90,94,12950,38692
2023-03-29 15:57:34,90,94,12950,38695
2023-03-29 15:57:37,90,94,12950,38705
2023-03-29 15:57:39,91,94,12950,38705
2023-03-29 15:57:43,91,95,12951,38821
2023-03-29 15:57:45,91,95,12961,38831
2023-03-29 15:57:48,91,96,13029,38899
2023-03-29 15:57:48,95,96,13029,38899
2023-03-29 15:57:52,95,97,13030,38900
2023-03-29 15:58:07,95,96,13030,38900
2023-03-29 15:58:09,95,97,13030,38900
2023-03-29 15:58:10,95,96,13030,38900
2023-03-29 15:58:12,95,97,13030,38900
2023-03-29 15:58:20,95,97,13031,38951
2023-03-29 15:58:21,95,97,13031,38952
2023-03-29 15:58:23,95,99,13032,39952
2023-03-29 15:58:23,97,99,13032,39952
2023-03-29 15:58:30,98,99,13032,39952
2023-03-29 15:58:40,97,98,13132,40052
2023-03-29 15:58:41,97,98,13532,40452
2023-03-29 15:58:43,97,98,13632,40552
2023-03-29 15:58:45,97,98,13732,40652
2023-03-29 15:58:50,97,99,13832,40752
2023-03-29 15:58:51,98,99,13832,40752
2023-03-29 15:58:57,98,100,13842,41176
2023-03-29 15:59:13,99,100,13842,41176
2023-03-29 15:59:40,99,100,13842,41321
