datetime,bid,ask,open_interest,volume
2023-06-28 09:30:04,43,45,870,1553
2023-06-28 09:30:11,43,46,950,1633
2023-06-28 09:30:33,44,46,950,1633
2023-06-28 09:31:00,45,46,950,1633
2023-06-28 09:31:27,46,47,1030,1713
2023-06-28 09:31:30,45,47,1030,1713
2023-06-28 09:31:32,46,47,1030,1713
2023-06-28 09:31:33,45,47,1030,1713
2023-06-28 09:31:36,46,47,1030,1713
2023-06-28 09:32:35,45,47,1030,1713
2023-06-28 09:32:36,46,47,1030,1713
2023-06-28 09:35:44,47,48,1055,1738
2023-06-28 09:36:24,46,48,1075,1838
2023-06-28 09:37:59,46,48,1076,1839
2023-06-28 09:42:30,46,47,1076,1839
2023-06-28 09:42:56,46,48,1076,1839
2023-06-28 09:42:58,45,48,1126,1915
2023-06-28 09:42:58,45,47,1126,1915
2023-06-28 09:43:02,46,47,1126,1915
2023-06-28 09:43:02,46,47,1150,1939
2023-06-28 09:43:02,46,48,1150,1939
2023-06-28 09:43:15,45,48,1150,1939
2023-06-28 09:43:19,45,47,1150,1939
2023-06-28 09:44:14,46,47,1150,1939
2023-06-28 09:44:40,46,48,1180,2038
2023-06-28 09:45:00,47,48,1180,2038
2023-06-28 09:46:14,47,49,1230,2088
2023-06-28 09:46:33,48,49,1230,2088
2023-06-28 09:46:36,47,49,1230,2088
2023-06-28 09:46:36,48,49,1230,2088
2023-06-28 09:46:46,47,49,1230,2088
2023-06-28 09:46:46,48,49,1230,2088
2023-06-28 09:47:09,47,49,1230,2088
2023-06-28 09:47:10,48,49,1230,2088
2023-06-28 09:47:14,47,49,1230,2088
2023-06-28 09:47:15,48,49,1230,2088
2023-06-28 09:47:20,47,49,1230,2088
2023-06-28 09:47:20,48,49,1230,2088
2023-06-28 09:47:30,47,49,1230,2088
2023-06-28 09:48:28,48,49,1230,2088
2023-06-28 09:54:30,48,50,1280,2138
2023-06-28 09:55:15,48,50,1300,2158
2023-06-28 09:55:15,48,50,1370,2228
2023-06-28 09:55:48,48,50,1430,2288
2023-06-28 09:56:32,48,50,1530,2438
2023-06-28 09:56:42,48,50,1680,2588
2023-06-28 09:57:08,47,50,1680,2588
2023-06-28 09:57:08,47,49,1680,2588
2023-06-28 09:57:16,47,49,1754,2662
2023-06-28 09:57:37,47,48,1754,2662
2023-06-28 09:57:39,46,48,1754,2862
2023-06-28 09:57:57,46,47,1754,2862
2023-06-28 09:58:06,45,47,1754,2912
2023-06-28 09:58:09,45,48,1754,2912
2023-06-28 09:58:12,46,48,1754,2912
2023-06-28 09:58:20,46,48,1754,2942
2023-06-28 09:58:39,45,48,1754,2992
2023-06-28 09:59:00,46,48,1754,2992
2023-06-28 09:59:01,45,48,1754,3042
2023-06-28 09:59:01,45,46,1754,3042
2023-06-28 09:59:04,46,48,1804,3092
2023-06-28 09:59:05,46,48,1904,3192
2023-06-28 09:59:11,47,48,1904,3192
2023-06-28 09:59:18,46,48,1954,3242
2023-06-28 09:59:25,45,48,1954,3242
2023-06-28 09:59:25,46,48,1954,3242
2023-06-28 10:00:06,47,48,1954,3242
2023-06-28 10:00:07,46,48,1954,3292
2023-06-28 10:00:09,47,48,1954,3292
2023-06-28 10:00:11,46,48,1954,3292
2023-06-28 10:00:11,47,48,1954,3292
2023-06-28 10:00:15,46,48,1954,3292
2023-06-28 10:00:15,47,48,1954,3292
2023-06-28 10:00:22,46,48,1954,3292
2023-06-28 10:00:22,47,48,1954,3292
2023-06-28 10:00:30,46,48,1987,3342
2023-06-28 10:00:31,46,47,1987,3342
2023-06-28 10:01:02,47,48,2041,3396
2023-06-28 10:01:04,46,48,2041,3396
2023-06-28 10:03:04,47,48,2041,3396
2023-06-28 10:03:20,47,49,2091,3495
2023-06-28 10:03:26,48,49,2091,3495
2023-06-28 10:05:08,48,50,2141,3545
2023-06-28 10:08:58,49,50,2141,3545
2023-06-28 10:12:53,49,51,2191,3595
2023-06-28 10:14:01,50,51,2191,3595
2023-06-28 10:18:45,49,50,2191,3695
2023-06-28 10:18:49,48,50,2191,3745
2023-06-28 10:18:49,48,49,2191,3745
2023-06-28 10:19:03,47,49,2191,3795
2023-06-28 10:20:00,47,48,2191,3795
2023-06-28 10:20:01,47,49,2191,3795
2023-06-28 10:20:03,47,48,2191,3795
2023-06-28 10:20:06,46,47,2061,3925
2023-06-28 10:20:11,46,47,2061,3995
2023-06-28 10:20:11,46,47,2071,4065
2023-06-28 10:20:11,45,47,2161,4155
2023-06-28 10:20:13,45,46,2161,4155
2023-06-28 10:20:15,45,46,2198,4192
2023-06-28 10:20:15,45,46,2268,4262
2023-06-28 10:20:15,45,46,2305,4299
2023-06-28 10:20:19,44,46,2184,4586
2023-06-28 10:20:26,45,46,2184,4586
2023-06-28 10:20:33,44,46,2184,4586
2023-06-28 10:20:51,44,45,2184,4586
2023-06-28 10:20:52,44,45,2184,4836
2023-06-28 10:20:56,44,46,2184,4836
2023-06-28 10:20:56,44,46,2184,4936
2023-06-28 10:21:05,44,45,2184,4936
2023-06-28 10:21:08,44,46,2184,5036
2023-06-28 10:21:24,45,46,2184,5036
2023-06-28 10:21:30,44,46,2184,5036
2023-06-28 10:21:38,44,45,2184,5036
2023-06-28 10:21:39,44,46,2184,5136
2023-06-28 10:21:50,45,46,2184,5136
2023-06-28 10:21:51,45,47,2225,5186
2023-06-28 10:22:16,45,46,2225,5186
2023-06-28 10:22:27,45,47,2225,5186
2023-06-28 10:22:42,46,47,2225,5186
2023-06-28 10:22:43,46,47,2245,5206
2023-06-28 10:22:45,45,47,2245,5206
2023-06-28 10:22:47,45,48,2358,5356
2023-06-28 10:23:00,45,47,2358,5356
2023-06-28 10:23:13,45,46,2358,5356
2023-06-28 10:23:27,45,48,2358,5356
2023-06-28 10:23:27,45,47,2358,5356
2023-06-28 10:23:34,46,47,2358,5356
2023-06-28 10:23:35,46,48,2358,5356
2023-06-28 10:23:46,47,48,2358,5356
2023-06-28 10:23:47,47,48,2558,5556
2023-06-28 10:23:47,47,49,2608,5606
2023-06-28 10:23:49,48,49,2608,5606
2023-06-28 10:23:49,48,49,2630,5628
2023-06-28 10:23:49,48,49,3030,6028
2023-06-28 10:23:50,48,50,3130,6128
2023-06-28 10:23:55,48,51,3130,6128
2023-06-28 10:23:56,48,50,3130,6128
2023-06-28 10:24:04,49,50,3130,6128
2023-06-28 10:24:08,49,51,3180,6178
2023-06-28 10:24:09,50,51,3180,6178
2023-06-28 10:24:28,49,51,3180,6178
2023-06-28 10:24:28,50,51,3180,6178
2023-06-28 10:24:35,48,51,3180,6178
2023-06-28 10:24:35,49,51,3180,6178
2023-06-28 10:24:38,50,51,3180,6178
2023-06-28 10:24:42,50,51,3179,6179
2023-06-28 10:25:09,48,51,3179,6179
2023-06-28 10:25:09,50,51,3179,6179
2023-06-28 10:25:23,48,51,3179,6179
2023-06-28 10:25:23,50,51,3179,6179
2023-06-28 10:25:57,49,51,3179,6179
2023-06-28 10:26:29,49,50,3179,6179
2023-06-28 10:26:48,48,50,3179,6179
2023-06-28 10:27:02,48,50,2979,6379
2023-06-28 10:27:02,48,49,2979,6379
2023-06-28 10:27:07,49,50,2779,6579
2023-06-28 10:27:07,49,50,2579,6779
2023-06-28 10:27:12,49,51,2579,6779
2023-06-28 10:27:15,50,51,2579,6779
2023-06-28 10:27:30,49,51,2579,6779
2023-06-28 10:27:30,49,51,2607,6979
2023-06-28 10:27:35,50,51,2607,6979
2023-06-28 10:27:52,49,51,2607,6979
2023-06-28 10:28:21,49,50,2607,6979
2023-06-28 10:28:24,48,50,2607,7029
2023-06-28 10:28:54,47,50,2507,7129
2023-06-28 10:29:04,48,50,2507,7129
2023-06-28 10:29:16,47,50,2507,7129
2023-06-28 10:29:16,48,50,2507,7129
2023-06-28 10:29:23,47,50,2507,7129
2023-06-28 10:29:26,48,50,2507,7129
2023-06-28 10:29:56,49,50,2507,7129
2023-06-28 10:29:56,48,50,2527,7149
2023-06-28 10:30:03,47,50,2527,7349
2023-06-28 10:30:05,48,50,2527,7349
2023-06-28 10:30:16,47,50,2527,7349
2023-06-28 10:30:34,47,49,2527,7349
2023-06-28 10:30:35,46,49,2397,7479
2023-06-28 10:31:06,46,48,2397,7479
2023-06-28 10:31:15,46,49,2397,7479
2023-06-28 10:31:19,47,49,2397,7479
2023-06-28 10:31:31,46,49,2397,7479
2023-06-28 10:31:33,47,49,2397,7479
2023-06-28 10:31:37,46,49,2397,7479
2023-06-28 10:31:37,46,48,2397,7479
2023-06-28 10:32:07,45,48,2396,7829
2023-06-28 10:32:17,45,48,2796,8229
2023-06-28 10:32:17,45,47,2796,8229
2023-06-28 10:32:18,44,47,3196,8629
2023-06-28 10:32:19,45,47,3196,8629
2023-06-28 10:32:21,45,46,3196,8629
2023-06-28 10:32:21,44,46,3196,8629
2023-06-28 10:32:23,44,47,3196,8629
2023-06-28 10:32:29,45,47,3196,8629
2023-06-28 10:32:33,45,46,3196,8629
2023-06-28 10:32:34,44,46,3196,8629
2023-06-28 10:32:34,44,45,3196,8629
2023-06-28 10:32:34,44,46,3196,8629
2023-06-28 10:32:49,44,45,3196,8629
2023-06-28 10:32:50,43,45,3416,8849
2023-06-28 10:32:51,43,46,3416,8849
2023-06-28 10:32:52,44,46,3416,8849
2023-06-28 10:32:57,43,46,3416,8849
2023-06-28 10:32:57,43,46,3417,8850
2023-06-28 10:32:58,43,45,3417,8850
2023-06-28 10:33:05,44,45,3417,8850
2023-06-28 10:33:14,44,46,3417,8860
2023-06-28 10:33:20,43,46,3417,8860
2023-06-28 10:33:20,43,45,3417,8860
2023-06-28 10:33:30,43,46,3417,8860
2023-06-28 10:33:30,43,44,3417,8860
2023-06-28 10:33:31,42,44,3617,9060
2023-06-28 10:33:52,42,43,3617,9060
2023-06-28 10:33:54,41,43,3718,9161
2023-06-28 10:33:59,41,43,4118,9561
2023-06-28 10:34:06,41,42,4118,9561
2023-06-28 10:34:06,40,42,4118,9561
2023-06-28 10:34:10,40,43,4118,9561
2023-06-28 10:34:11,41,43,4118,9561
2023-06-28 10:34:18,42,43,4118,9561
2023-06-28 10:34:20,41,43,4118,9561
2023-06-28 10:34:24,41,43,4137,9811
2023-06-28 10:34:26,41,43,4137,10061
2023-06-28 10:34:27,41,42,4137,10061
2023-06-28 10:34:28,41,43,4137,10071
2023-06-28 10:34:28,41,44,4156,10108
2023-06-28 10:35:01,41,43,4156,10108
2023-06-28 10:35:07,40,41,4118,10156
2023-06-28 10:35:07,40,41,4187,10225
2023-06-28 10:35:08,39,41,4187,10225
2023-06-28 10:35:08,40,41,4187,10225
2023-06-28 10:35:10,39,41,4287,10325
2023-06-28 10:35:11,39,42,4287,10325
2023-06-28 10:35:15,39,43,4287,10325
2023-06-28 10:35:18,39,42,4287,10325
2023-06-28 10:35:22,39,41,4287,10325
2023-06-28 10:35:23,38,41,4287,10363
2023-06-28 10:35:30,38,40,4287,10363
2023-06-28 10:35:33,37,40,4287,10363
2023-06-28 10:35:35,37,39,4287,10363
2023-06-28 10:35:38,38,39,4287,10363
2023-06-28 10:35:39,38,40,4287,10463
2023-06-28 10:35:44,38,40,4306,10713
2023-06-28 10:35:46,38,41,4306,10782
2023-06-28 10:36:02,38,40,4306,10782
2023-06-28 10:36:02,37,40,4306,10801
2023-06-28 10:36:02,37,41,4306,10801
2023-06-28 10:36:03,38,41,4306,10801
2023-06-28 10:36:18,38,40,4306,10801
2023-06-28 10:37:21,38,39,4306,10801
2023-06-28 10:37:24,37,39,4306,10820
2023-06-28 10:37:34,37,40,4306,10820
2023-06-28 10:37:35,37,39,4306,10820
2023-06-28 10:38:44,37,38,4306,10820
2023-06-28 10:38:49,36,38,4306,10820
2023-06-28 10:39:04,36,37,4306,10820
2023-06-28 10:39:16,35,37,4306,10870
2023-06-28 10:39:18,35,36,4306,10870
2023-06-28 10:39:28,34,36,4306,10920
2023-06-28 10:39:28,34,35,4306,10920
2023-06-28 10:39:35,32,35,4306,10920
2023-06-28 10:39:36,33,35,4306,10920
2023-06-28 10:39:40,33,35,4306,10940
2023-06-28 10:39:52,34,35,4306,10940
2023-06-28 10:39:55,34,36,4336,10970
2023-06-28 10:39:59,35,36,4336,10970
2023-06-28 10:40:00,35,36,4336,11220
2023-06-28 10:40:02,35,37,4336,11220
2023-06-28 10:40:02,35,38,4336,11220
2023-06-28 10:40:02,35,37,4336,11220
2023-06-28 10:40:12,35,38,4336,11220
2023-06-28 10:40:12,35,39,4336,11220
2023-06-28 10:40:12,35,38,4336,11220
2023-06-28 10:40:26,35,37,4336,11220
2023-06-28 10:41:03,35,38,4336,11220
2023-06-28 10:41:32,35,37,4336,11220
2023-06-28 10:41:41,35,36,4336,11220
2023-06-28 10:41:43,34,36,4336,11220
2023-06-28 10:41:49,34,36,4336,11247
2023-06-28 10:42:03,34,35,4336,11247
2023-06-28 10:42:06,33,35,4336,11247
2023-06-28 10:42:18,33,36,4336,11247
2023-06-28 10:42:26,33,37,4336,11247
2023-06-28 10:42:26,33,36,4336,11247
2023-06-28 10:42:28,34,36,4336,11247
2023-06-28 10:43:52,34,37,4336,11247
2023-06-28 10:44:06,34,38,4336,11247
2023-06-28 10:44:06,34,37,4336,11247
2023-06-28 10:44:08,35,37,4336,11247
2023-06-28 10:44:26,36,37,4336,11247
2023-06-28 10:44:27,36,37,4374,11285
2023-06-28 10:44:27,36,37,4412,11323
2023-06-28 10:44:27,36,39,4412,11323
2023-06-28 10:44:51,36,38,4412,11323
2023-06-28 10:44:53,36,39,4412,11323
2023-06-28 10:44:54,37,39,4412,11323
2023-06-28 10:44:54,37,39,4417,11328
2023-06-28 10:44:54,37,39,4422,11333
2023-06-28 10:44:55,36,39,4512,11423
2023-06-28 10:44:55,36,38,4512,11423
2023-06-28 10:44:56,36,39,4512,11423
2023-06-28 10:45:00,36,38,4512,11423
2023-06-28 10:45:01,36,39,4512,11423
2023-06-28 10:45:03,37,39,4512,11423
2023-06-28 10:45:03,37,38,4512,11423
2023-06-28 10:45:03,37,38,4574,11485
2023-06-28 10:45:03,37,39,4574,11485
2023-06-28 10:45:05,36,39,4574,11485
2023-06-28 10:45:05,36,38,4574,11485
2023-06-28 10:45:06,36,39,4574,11547
2023-06-28 10:45:06,37,39,4574,11547
2023-06-28 10:45:45,38,39,4574,11547
2023-06-28 10:45:46,38,39,4593,11566
2023-06-28 10:45:55,38,40,4612,11585
2023-06-28 10:46:07,40,41,4631,11604
2023-06-28 10:46:07,40,41,4681,11654
2023-06-28 10:46:07,38,40,4712,11685
2023-06-28 10:46:14,39,40,4712,11685
2023-06-28 10:46:15,39,40,4843,11816
2023-06-28 10:46:15,39,40,4912,11885
2023-06-28 10:46:27,38,40,4912,11885
2023-06-28 10:46:49,38,39,4912,11885
2023-06-28 10:46:52,38,40,4912,11885
2023-06-28 10:47:01,38,39,4912,11885
2023-06-28 10:47:07,37,39,4912,11885
2023-06-28 10:47:21,37,38,4912,11885
2023-06-28 10:47:24,37,39,4912,11885
2023-06-28 10:47:24,37,38,4912,11885
2023-06-28 10:47:28,36,38,4912,11885
2023-06-28 10:47:30,36,39,4912,11885
2023-06-28 10:47:50,36,40,4912,11885
2023-06-28 10:48:00,36,39,4912,11885
2023-06-28 10:48:07,36,38,4912,11885
2023-06-28 10:48:41,36,37,4912,11885
2023-06-28 10:48:46,35,37,4912,11885
2023-06-28 10:49:32,35,36,4912,11885
2023-06-28 10:49:42,34,36,4912,11935
2023-06-28 10:49:42,34,35,4912,11935
2023-06-28 10:50:08,33,35,4912,11935
2023-06-28 10:50:09,32,35,4912,11935
2023-06-28 10:50:41,32,34,4912,11935
2023-06-28 10:50:51,32,33,4912,11935
2023-06-28 10:50:52,31,34,4912,11985
2023-06-28 10:50:53,31,33,4912,11985
2023-06-28 10:51:06,31,34,4912,11985
2023-06-28 10:51:06,31,33,4912,11985
2023-06-28 10:51:13,32,33,4912,11985
2023-06-28 10:51:13,32,33,4931,12004
2023-06-28 10:51:13,32,34,4931,12004
2023-06-28 10:51:13,32,34,4950,12023
2023-06-28 10:51:17,32,35,4950,12023
2023-06-28 10:51:18,32,34,4950,12023
2023-06-28 10:51:30,33,34,4950,12023
2023-06-28 10:51:49,33,36,4950,12023
2023-06-28 10:51:49,33,35,4950,12023
2023-06-28 10:52:08,33,37,4950,12023
2023-06-28 10:52:08,33,36,4950,12023
2023-06-28 10:52:09,34,36,4950,12023
2023-06-28 10:52:10,34,37,4950,12023
2023-06-28 10:52:10,34,35,4950,12023
2023-06-28 10:52:17,34,37,4950,12023
2023-06-28 10:52:17,34,36,4950,12023
2023-06-28 10:52:23,34,37,4950,12023
2023-06-28 10:52:23,34,35,4950,12023
2023-06-28 10:52:50,34,36,4950,12023
2023-06-28 10:53:02,34,37,4950,12023
2023-06-28 10:53:02,34,36,4950,12023
2023-06-28 10:53:02,34,35,4950,12023
2023-06-28 10:53:04,34,37,4950,12023
2023-06-28 10:53:04,34,36,4950,12023
2023-06-28 10:53:16,35,36,4950,12023
2023-06-28 10:53:17,35,38,4950,12023
2023-06-28 10:53:17,35,37,4950,12023
2023-06-28 10:53:31,35,39,4950,12061
2023-06-28 10:54:08,36,39,4950,12061
2023-06-28 10:54:14,35,39,4950,12061
2023-06-28 10:54:19,35,38,4950,12061
2023-06-28 10:54:33,35,39,4950,12061
2023-06-28 10:54:35,35,38,4950,12061
2023-06-28 10:54:49,35,37,4950,12061
2023-06-28 10:55:13,35,38,4950,12061
2023-06-28 10:55:13,35,37,4950,12061
2023-06-28 10:55:19,35,36,4950,12061
2023-06-28 10:55:19,35,36,4950,12092
2023-06-28 10:55:25,35,38,4950,12092
2023-06-28 10:55:25,35,37,4950,12092
2023-06-28 10:55:28,35,38,4950,12092
2023-06-28 10:55:28,36,38,4950,12092
2023-06-28 10:55:28,36,37,4969,12111
2023-06-28 10:55:29,36,37,4988,12130
2023-06-28 10:55:30,36,39,4988,12180
2023-06-28 10:55:30,36,38,4988,12180
2023-06-28 10:55:32,36,38,5069,12261
2023-06-28 10:55:32,36,38,5150,12342
2023-06-28 10:55:43,36,39,5150,12342
2023-06-28 10:55:43,36,37,5150,12342
2023-06-28 10:55:45,36,39,5150,12392
2023-06-28 10:55:45,37,39,5150,12392
2023-06-28 10:56:04,37,40,5150,12392
2023-06-28 10:56:04,38,40,5150,12392
2023-06-28 10:56:04,38,39,5150,12392
2023-06-28 10:56:04,37,39,5200,12442
2023-06-28 10:56:04,37,38,5200,12442
2023-06-28 10:56:27,36,38,5150,12492
2023-06-28 10:56:36,36,37,5150,12492
2023-06-28 10:56:42,35,37,5192,12542
2023-06-28 10:56:43,35,36,5192,12542
2023-06-28 10:56:43,34,36,5211,12561
2023-06-28 10:56:48,35,36,5211,12561
2023-06-28 10:56:51,35,37,5211,12580
2023-06-28 10:56:51,35,38,5211,12580
2023-06-28 10:56:51,36,38,5211,12580
2023-06-28 10:57:03,37,38,5211,12580
2023-06-28 10:57:20,37,39,5261,12649
2023-06-28 10:57:23,37,38,5261,12649
2023-06-28 10:57:46,37,39,5261,12668
2023-06-28 10:57:46,38,39,5261,12668
2023-06-28 10:57:47,38,39,5272,12679
2023-06-28 10:58:02,38,40,5287,12698
2023-06-28 10:58:08,39,40,5287,12698
2023-06-28 10:58:12,40,42,5344,12755
2023-06-28 10:58:30,39,42,5344,12755
2023-06-28 10:58:30,40,42,5344,12755
2023-06-28 10:58:50,40,42,5475,12886
2023-06-28 10:58:52,38,42,5475,12886
2023-06-28 10:58:52,39,42,5475,12886
2023-06-28 10:58:52,39,41,5475,12886
2023-06-28 10:58:57,38,41,5475,12886
2023-06-28 10:58:57,38,42,5475,12886
2023-06-28 10:58:57,40,42,5475,12886
2023-06-28 10:59:04,39,42,5475,12886
2023-06-28 10:59:04,41,42,5475,12886
2023-06-28 10:59:13,39,42,5475,12886
2023-06-28 10:59:13,39,41,5475,12886
2023-06-28 10:59:27,40,41,5475,12886
2023-06-28 10:59:34,41,42,5494,12905
2023-06-28 10:59:42,42,43,5513,12924
2023-06-28 10:59:51,41,43,5513,12924
2023-06-28 10:59:51,42,43,5513,12924
2023-06-28 11:00:09,40,43,5513,12924
2023-06-28 11:00:09,42,43,5513,12924
2023-06-28 11:00:13,40,43,5513,12924
2023-06-28 11:00:13,41,43,5513,12924
2023-06-28 11:00:18,39,43,5513,12924
2023-06-28 11:00:19,41,43,5513,12924
2023-06-28 11:00:27,41,42,5513,12924
2023-06-28 11:00:34,42,43,5513,12954
2023-06-28 11:00:34,41,43,5583,13024
2023-06-28 11:00:43,41,43,5645,13105
2023-06-28 11:00:43,41,42,5645,13105
2023-06-28 11:00:44,41,43,5645,13105
2023-06-28 11:00:58,41,43,5626,13124
2023-06-28 11:01:00,41,42,5626,13124
2023-06-28 11:01:04,41,43,5626,13124
2023-06-28 11:01:24,40,43,5626,13124
2023-06-28 11:01:24,41,43,5626,13124
2023-06-28 11:01:24,41,43,5676,13174
2023-06-28 11:01:24,41,42,5676,13174
2023-06-28 11:01:24,41,43,5676,13174
2023-06-28 11:01:28,40,43,5826,13324
2023-06-28 11:01:28,40,42,5826,13324
2023-06-28 11:01:28,40,43,5826,13324
2023-06-28 11:01:28,40,41,5826,13324
2023-06-28 11:01:37,41,43,5845,13343
2023-06-28 11:01:37,41,43,5995,13493
2023-06-28 11:01:47,40,43,5995,13493
2023-06-28 11:01:47,40,41,5995,13493
2023-06-28 11:01:48,40,41,6088,13624
2023-06-28 11:02:08,39,40,6069,13673
2023-06-28 11:02:15,40,41,6100,13704
2023-06-28 11:02:15,39,41,6219,13823
2023-06-28 11:02:24,41,43,6238,13842
2023-06-28 11:02:25,39,43,6319,13923
2023-06-28 11:02:25,39,41,6319,13923
2023-06-28 11:02:48,41,43,6400,14033
2023-06-28 11:02:48,41,43,6469,14102
2023-06-28 11:02:48,41,42,6469,14102
2023-06-28 11:02:49,41,43,6469,14102
2023-06-28 11:02:57,41,42,6469,14102
2023-06-28 11:03:00,39,42,6469,14102
2023-06-28 11:03:00,41,42,6469,14102
2023-06-28 11:03:00,39,42,6569,14202
2023-06-28 11:03:03,40,42,6569,14202
2023-06-28 11:03:03,40,41,6569,14202
2023-06-28 11:03:18,40,43,6569,14202
2023-06-28 11:03:18,42,43,6569,14202
2023-06-28 11:03:18,42,43,6588,14221
2023-06-28 11:03:18,40,43,6619,14252
2023-06-28 11:03:22,42,43,6619,14252
2023-06-28 11:03:23,40,43,6769,14402
2023-06-28 11:03:30,41,43,6769,14402
2023-06-28 11:03:33,42,43,6769,14402
2023-06-28 11:03:38,40,43,6769,14402
2023-06-28 11:03:38,42,43,6769,14402
2023-06-28 11:03:38,40,43,6869,14502
2023-06-28 11:03:46,41,43,6869,14502
2023-06-28 11:03:46,40,43,7119,14752
2023-06-28 11:03:57,41,43,7119,14752
2023-06-28 11:03:57,40,43,7169,14802
2023-06-28 11:03:57,40,41,7169,14802
2023-06-28 11:04:13,40,41,7231,14883
2023-06-28 11:04:31,40,41,7300,14952
2023-06-28 11:04:32,40,41,7481,15152
2023-06-28 11:04:40,39,41,7481,15152
2023-06-28 11:04:41,41,43,7500,15171
2023-06-28 11:04:41,41,42,7500,15171
2023-06-28 11:04:41,41,42,7550,15221
2023-06-28 11:04:47,39,42,7550,15221
2023-06-28 11:04:47,40,42,7550,15221
2023-06-28 11:04:47,40,41,7550,15221
2023-06-28 11:05:01,40,41,7531,15240
2023-06-28 11:05:01,39,41,7581,15290
2023-06-28 11:05:01,38,41,7635,15359
2023-06-28 11:05:15,39,41,7635,15359
2023-06-28 11:05:19,41,42,7635,15378
2023-06-28 11:05:19,39,42,7716,15459
2023-06-28 11:05:34,42,43,7730,15478
2023-06-28 11:05:34,39,43,7761,15509
2023-06-28 11:05:36,40,43,7761,15509
2023-06-28 11:05:39,42,43,7761,15509
2023-06-28 11:05:39,40,43,7911,15659
2023-06-28 11:05:42,39,43,7911,15659
2023-06-28 11:05:43,41,43,7911,15659
2023-06-28 11:05:43,41,43,7961,15709
2023-06-28 11:05:54,41,43,7947,15728
2023-06-28 11:05:54,39,43,7997,15778
2023-06-28 11:06:18,40,43,7997,15778
2023-06-28 11:06:20,40,43,8097,15878
2023-06-28 11:06:20,40,42,8097,15878
2023-06-28 11:06:20,40,43,8097,15878
2023-06-28 11:06:20,40,42,8097,15878
2023-06-28 11:06:33,40,41,8097,15878
2023-06-28 11:06:34,41,42,8097,15978
2023-06-28 11:06:34,40,42,8247,16128
2023-06-28 11:06:35,40,41,8247,16128
2023-06-28 11:06:43,40,41,8261,16228
2023-06-28 11:06:44,40,42,8261,16228
2023-06-28 11:06:44,40,42,8266,16247
2023-06-28 11:06:45,40,41,8313,16294
2023-06-28 11:06:45,40,41,8371,16352
2023-06-28 11:06:51,39,41,8454,16435
2023-06-28 11:06:55,39,40,8454,16435
2023-06-28 11:06:55,39,40,8654,16635
2023-06-28 11:07:03,38,40,8654,16635
2023-06-28 11:07:03,38,41,8654,16635
2023-06-28 11:07:03,38,39,8654,16635
2023-06-28 11:07:04,38,39,8835,16816
2023-06-28 11:07:04,37,39,8943,16924
2023-06-28 11:07:08,38,39,8943,16924
2023-06-28 11:07:11,39,40,8943,16943
2023-06-28 11:07:12,38,40,9124,17124
2023-06-28 11:07:29,38,39,9124,17124
2023-06-28 11:07:29,38,39,9216,17216
2023-06-28 11:07:42,39,40,9216,17254
2023-06-28 11:07:43,38,40,9378,17416
2023-06-28 11:07:52,38,39,9378,17416
2023-06-28 11:07:53,38,39,9528,17566
2023-06-28 11:07:58,37,39,9528,17566
2023-06-28 11:07:58,37,40,9528,17566
2023-06-28 11:07:58,38,40,9528,17566
2023-06-28 11:07:58,38,39,9528,17566
2023-06-28 11:07:59,37,39,9628,17666
2023-06-28 11:08:06,37,38,9628,17666
2023-06-28 11:08:23,38,39,9628,17685
2023-06-28 11:08:34,38,39,9628,17704
2023-06-28 11:08:34,38,39,9778,17854
2023-06-28 11:08:34,37,38,9828,17904
2023-06-28 11:08:36,37,39,9897,17973
2023-06-28 11:08:37,37,38,9897,17973
2023-06-28 11:08:39,37,39,9897,17992
2023-06-28 11:08:43,38,39,9897,17992
2023-06-28 11:08:43,38,39,10097,18192
2023-06-28 11:08:46,37,39,10147,18242
2023-06-28 11:08:52,37,38,10147,18242
2023-06-28 11:08:52,37,38,10228,18323
2023-06-28 11:09:05,38,39,10228,18342
2023-06-28 11:09:06,38,39,10247,18361
2023-06-28 11:09:11,37,39,10373,18487
2023-06-28 11:09:15,37,38,10373,18487
2023-06-28 11:09:15,36,38,10480,18594
2023-06-28 11:09:15,36,37,10480,18594
2023-06-28 11:09:15,36,38,10480,18594
2023-06-28 11:09:37,36,37,10480,18594
2023-06-28 11:09:37,36,37,10661,18775
2023-06-28 11:09:47,37,38,10661,18794
2023-06-28 11:09:47,37,38,10711,18844
2023-06-28 11:09:54,37,38,10711,18863
2023-06-28 11:10:13,37,38,10761,18913
2023-06-28 11:10:30,36,37,10761,18932
2023-06-28 11:10:31,36,37,10842,19013
2023-06-28 11:10:32,36,37,10961,19132
2023-06-28 11:10:46,35,37,10961,19132
2023-06-28 11:10:46,36,37,10961,19132
2023-06-28 11:10:46,36,37,11011,19182
2023-06-28 11:10:47,36,37,11061,19232
2023-06-28 11:10:49,36,37,11111,19282
2023-06-28 11:10:55,36,38,11111,19351
2023-06-28 11:10:59,38,39,11111,19389
2023-06-28 11:10:59,38,39,11149,19427
2023-06-28 11:10:59,36,39,11173,19451
2023-06-28 11:11:04,38,39,11173,19451
2023-06-28 11:11:05,37,39,11423,19701
2023-06-28 11:11:06,39,40,11423,19820
2023-06-28 11:11:06,39,40,11473,19870
2023-06-28 11:11:06,38,39,11504,19901
2023-06-28 11:11:07,38,40,11504,19920
2023-06-28 11:11:10,39,40,11504,19920
2023-06-28 11:11:10,39,42,11455,19969
2023-06-28 11:11:12,39,42,11505,20019
2023-06-28 11:11:12,40,42,11505,20019
2023-06-28 11:11:21,39,42,11505,20019
2023-06-28 11:11:21,41,42,11505,20019
2023-06-28 11:11:21,39,42,11505,20069
2023-06-28 11:11:22,42,43,11505,20088
2023-06-28 11:11:33,40,43,11505,20088
2023-06-28 11:11:33,40,43,11655,20238
2023-06-28 11:11:34,41,43,11655,20238
2023-06-28 11:11:43,40,43,11655,20238
2023-06-28 11:11:43,42,43,11655,20238
2023-06-28 11:11:48,43,44,11655,20257
2023-06-28 11:11:48,43,44,11705,20307
2023-06-28 11:11:51,44,45,11705,20326
2023-06-28 11:11:51,43,45,11836,20457
2023-06-28 11:11:57,45,46,11849,20476
2023-06-28 11:11:57,45,46,11918,20545
2023-06-28 11:11:57,43,45,11930,20557
2023-06-28 11:11:57,43,46,11930,20557
2023-06-28 11:12:04,44,46,11930,20557
2023-06-28 11:12:07,43,46,11930,20557
2023-06-28 11:12:12,44,46,11930,20557
2023-06-28 11:12:14,43,46,11930,20557
2023-06-28 11:12:16,43,44,11930,20557
2023-06-28 11:12:16,43,46,11780,20707
2023-06-28 11:12:16,43,45,11780,20707
2023-06-28 11:12:16,43,46,11780,20707
2023-06-28 11:12:23,43,45,11780,20707
2023-06-28 11:12:23,43,44,11780,20707
2023-06-28 11:12:24,44,46,11780,20757
2023-06-28 11:12:25,43,46,11780,20757
2023-06-28 11:12:26,44,46,11780,20757
2023-06-28 11:12:26,44,45,11780,20757
2023-06-28 11:12:31,44,46,11780,20957
2023-06-28 11:12:34,43,46,11780,20957
2023-06-28 11:12:34,44,46,11780,20957
2023-06-28 11:12:45,46,47,11799,20976
2023-06-28 11:12:46,46,47,11818,20995
2023-06-28 11:12:50,45,47,11818,20995
2023-06-28 11:12:50,45,48,11818,20995
2023-06-28 11:12:50,45,48,11868,21045
2023-06-28 11:12:50,45,47,11868,21045
2023-06-28 11:12:50,46,47,11868,21045
2023-06-28 11:12:50,46,48,11868,21045
2023-06-28 11:13:01,47,48,11868,21045
2023-06-28 11:13:03,47,49,11906,21095
2023-06-28 11:13:07,46,49,11906,21095
2023-06-28 11:13:09,48,49,11906,21095
2023-06-28 11:13:17,46,49,12006,21195
2023-06-28 11:13:19,46,48,12006,21195
2023-06-28 11:13:20,47,48,12006,21195
2023-06-28 11:13:32,47,48,12256,21445
2023-06-28 11:13:40,46,47,12168,21533
2023-06-28 11:13:41,46,47,12217,21614
2023-06-28 11:13:41,46,47,12298,21695
2023-06-28 11:13:42,46,48,12298,21695
2023-06-28 11:13:43,46,47,12298,21695
2023-06-28 11:13:50,46,48,12311,21814
2023-06-28 11:13:51,47,48,12311,21814
2023-06-28 11:13:51,47,48,12380,21883
2023-06-28 11:14:06,46,48,12380,21883
2023-06-28 11:14:06,48,49,12399,22002
2023-06-28 11:14:06,46,49,12480,22083
2023-06-28 11:14:07,45,49,12480,22083
2023-06-28 11:14:08,47,49,12480,22083
2023-06-28 11:14:08,47,48,12480,22083
2023-06-28 11:14:10,47,48,12530,22133
2023-06-28 11:14:10,47,48,12580,22183
2023-06-28 11:14:24,45,48,12580,22183
2023-06-28 11:14:24,45,49,12580,22183
2023-06-28 11:14:24,47,49,12580,22183
2023-06-28 11:14:24,47,48,12580,22183
2023-06-28 11:14:24,45,48,12680,22283
2023-06-28 11:14:26,46,48,12680,22283
2023-06-28 11:14:26,46,47,12680,22283
2023-06-28 11:14:32,46,48,12530,22433
2023-06-28 11:14:45,46,49,12530,22433
2023-06-28 11:14:45,47,49,12530,22433
2023-06-28 11:14:45,47,48,12530,22433
2023-06-28 11:14:48,47,48,12625,22528
2023-06-28 11:14:48,46,47,12680,22583
2023-06-28 11:14:54,45,46,12648,22621
2023-06-28 11:15:06,47,48,12701,22680
2023-06-28 11:15:06,47,48,12751,22730
2023-06-28 11:15:06,47,48,12801,22780
2023-06-28 11:15:07,45,48,12801,22780
2023-06-28 11:15:07,45,48,12951,22930
2023-06-28 11:15:07,46,48,12951,22930
2023-06-28 11:15:08,46,49,12951,22930
2023-06-28 11:15:15,46,48,12951,22930
2023-06-28 11:15:18,46,49,12951,22930
2023-06-28 11:15:20,45,49,12951,22930
2023-06-28 11:15:20,47,49,12951,22930
2023-06-28 11:15:20,45,49,12951,23080
2023-06-28 11:15:28,46,49,12951,23080
2023-06-28 11:15:29,49,50,12970,23099
2023-06-28 11:15:31,46,50,13051,23180
2023-06-28 11:15:32,47,50,13051,23180
2023-06-28 11:15:32,47,50,13051,23230
2023-06-28 11:15:37,49,50,13051,23230
2023-06-28 11:15:37,47,50,13201,23380
2023-06-28 11:15:45,49,50,13201,23380
2023-06-28 11:15:52,47,50,13201,23380
2023-06-28 11:15:52,49,50,13201,23380
2023-06-28 11:15:53,47,50,13301,23480
2023-06-28 11:15:58,48,50,13301,23480
2023-06-28 11:15:58,48,49,13301,23480
2023-06-28 11:16:23,47,48,13282,23499
2023-06-28 11:16:54,47,48,13269,23522
2023-06-28 11:16:55,47,48,13269,23545
2023-06-28 11:16:57,46,48,13269,23545
2023-06-28 11:16:57,46,47,13269,23545
2023-06-28 11:16:58,46,47,13419,23695
2023-06-28 11:17:07,44,47,13538,23814
2023-06-28 11:17:09,44,46,13538,23814
2023-06-28 11:17:12,45,46,13538,23814
2023-06-28 11:17:12,44,46,13588,23864
2023-06-28 11:17:13,44,45,13588,23864
2023-06-28 11:17:15,43,45,13588,23864
2023-06-28 11:17:16,43,46,13588,23864
2023-06-28 11:17:16,44,46,13588,23864
2023-06-28 11:17:17,44,45,13588,23864
2023-06-28 11:17:32,43,45,13588,23864
2023-06-28 11:17:32,43,44,13588,23864
2023-06-28 11:17:47,42,44,13588,23864
2023-06-28 11:17:47,43,44,13588,23864
2023-06-28 11:17:47,43,44,13669,23945
2023-06-28 11:17:56,42,43,13669,24064
2023-06-28 11:17:57,42,44,13669,24064
2023-06-28 11:17:57,43,44,13669,24064
2023-06-28 11:17:57,42,44,13769,24164
2023-06-28 11:18:01,41,44,13769,24164
2023-06-28 11:18:02,41,43,13769,24164
2023-06-28 11:18:10,40,43,13907,24302
2023-06-28 11:18:10,40,41,13907,24302
2023-06-28 11:18:16,41,43,14007,24402
2023-06-28 11:18:26,41,42,14007,24402
2023-06-28 11:18:27,40,41,14007,24440
2023-06-28 11:18:38,39,40,14007,24490
2023-06-28 11:18:44,38,40,14007,24490
2023-06-28 11:18:44,38,39,14007,24490
2023-06-28 11:18:44,38,39,14088,24571
2023-06-28 11:18:44,38,39,14169,24652
2023-06-28 11:18:47,37,39,14169,24652
2023-06-28 11:18:47,37,40,14169,24652
2023-06-28 11:18:47,38,40,14169,24652
2023-06-28 11:18:47,38,39,14169,24652
2023-06-28 11:18:47,37,39,14269,24752
2023-06-28 11:18:48,37,38,14269,24752
2023-06-28 11:19:00,36,38,14269,24752
2023-06-28 11:19:08,36,37,14269,24752
2023-06-28 11:19:08,36,37,14269,24952
2023-06-28 11:19:11,35,37,14319,25002
2023-06-28 11:19:28,36,37,14319,25002
2023-06-28 11:19:28,35,37,14619,25302
2023-06-28 11:19:31,35,36,14619,25302
2023-06-28 11:19:45,34,36,14626,25309
2023-06-28 11:19:53,35,36,14626,25309
2023-06-28 11:20:05,35,36,14626,25359
2023-06-28 11:20:07,35,36,14626,25409
2023-06-28 11:20:07,35,36,14676,25459
2023-06-28 11:20:08,35,36,14676,25709
2023-06-28 11:20:10,35,36,14676,25959
2023-06-28 11:20:15,35,37,14676,25997
2023-06-28 11:20:18,35,36,14676,25997
2023-06-28 11:20:19,35,36,14926,26247
2023-06-28 11:20:20,35,37,14926,26447
2023-06-28 11:20:28,36,37,14926,26447
2023-06-28 11:20:30,36,37,14926,26697
2023-06-28 11:20:36,36,38,14926,26697
2023-06-28 11:20:36,36,37,14926,26697
2023-06-28 11:20:38,37,38,14926,26716
2023-06-28 11:20:39,36,38,14926,26716
2023-06-28 11:20:40,36,37,14926,26716
2023-06-28 11:20:41,36,38,14741,26901
2023-06-28 11:21:01,37,38,14741,26901
2023-06-28 11:21:07,36,38,14741,26901
2023-06-28 11:21:12,37,38,14741,26901
2023-06-28 11:21:19,37,39,14841,27020
2023-06-28 11:21:25,36,39,14841,27020
2023-06-28 11:22:27,37,39,14841,27020
2023-06-28 11:23:20,39,40,14841,27039
2023-06-28 11:23:25,40,41,14841,27208
2023-06-28 11:23:25,40,42,14841,27208
2023-06-28 11:23:26,39,42,14841,27208
2023-06-28 11:23:29,40,42,14841,27208
2023-06-28 11:23:29,40,42,14891,27258
2023-06-28 11:23:31,41,42,14891,27258
2023-06-28 11:23:31,41,43,14903,27308
2023-06-28 11:23:34,41,43,15153,27558
2023-06-28 11:23:36,41,44,15153,27558
2023-06-28 11:23:40,42,44,15153,27558
2023-06-28 11:23:45,42,44,15353,27758
2023-06-28 11:23:58,43,44,15353,27758
2023-06-28 11:24:00,43,45,15447,27858
2023-06-28 11:24:02,43,46,15651,28108
2023-06-28 11:24:02,43,45,15651,28108
2023-06-28 11:24:02,43,46,15651,28108
2023-06-28 11:24:05,43,46,15751,28208
2023-06-28 11:24:05,44,46,15751,28208
2023-06-28 11:24:06,45,46,15751,28208
2023-06-28 11:24:06,44,46,15801,28258
2023-06-28 11:24:10,43,46,15801,28258
2023-06-28 11:24:12,43,44,15801,28258
2023-06-28 11:24:31,43,44,15807,28389
2023-06-28 11:24:34,43,44,15607,28589
2023-06-28 11:24:35,43,44,15607,28839
2023-06-28 11:24:52,43,44,15557,28889
2023-06-28 11:24:52,43,44,15557,29039
2023-06-28 11:24:55,43,44,15622,29189
2023-06-28 11:24:55,44,45,15622,29308
2023-06-28 11:24:55,44,46,15576,29354
2023-06-28 11:24:56,44,46,15189,29754
2023-06-28 11:24:57,44,48,15022,29921
2023-06-28 11:25:00,45,48,15022,29921
2023-06-28 11:25:01,46,48,15022,29921
2023-06-28 11:25:03,46,49,14822,30140
2023-06-28 11:25:04,46,49,14822,30290
2023-06-28 11:25:04,46,48,14822,30290
2023-06-28 11:25:04,46,49,14822,30290
2023-06-28 11:25:08,46,49,14722,30690
2023-06-28 11:25:08,47,49,14722,30690
2023-06-28 11:25:08,47,49,14322,31090
2023-06-28 11:25:12,48,49,14322,31090
2023-06-28 11:25:18,48,50,14322,31109
2023-06-28 11:25:19,49,50,14322,31109
2023-06-28 11:25:19,49,51,14322,31109
2023-06-28 11:25:21,49,52,14322,31109
2023-06-28 11:25:22,49,51,14322,31109
2023-06-28 11:25:22,49,52,14322,31409
2023-06-28 11:25:25,49,51,14322,31409
2023-06-28 11:26:03,47,51,14322,31409
2023-06-28 11:26:03,48,51,14322,31409
2023-06-28 11:26:06,48,49,14322,31409
2023-06-28 11:26:11,48,49,14122,31609
2023-06-28 11:26:11,46,49,14122,31609
2023-06-28 11:26:11,48,49,14122,31609
2023-06-28 11:26:16,48,50,14122,31609
2023-06-28 11:26:16,48,51,14460,32109
2023-06-28 11:26:16,48,51,14472,32159
2023-06-28 11:26:19,48,52,14972,32659
2023-06-28 11:26:19,48,52,15079,32859
2023-06-28 11:26:20,48,51,15079,32859
2023-06-28 11:26:20,48,52,15079,32859
2023-06-28 11:26:44,48,51,15079,32859
2023-06-28 11:26:46,48,51,15079,33259
2023-06-28 11:27:00,48,51,15079,33659
2023-06-28 11:27:04,48,49,15079,33659
2023-06-28 11:27:05,48,49,15079,34059
2023-06-28 11:27:05,46,49,15079,34228
2023-06-28 11:27:21,47,49,15079,34228
2023-06-28 11:27:29,46,49,15079,34228
2023-06-28 11:27:42,47,49,15079,34228
2023-06-28 11:28:00,46,49,15079,34254
2023-06-28 11:28:12,46,48,15079,34254
2023-06-28 11:28:13,46,49,15079,34254
2023-06-28 11:28:13,45,49,15423,34611
2023-06-28 11:28:13,45,48,15423,34611
2023-06-28 11:28:20,46,48,15423,34611
2023-06-28 11:28:25,45,48,15423,34611
2023-06-28 11:28:32,45,47,15423,34611
2023-06-28 11:28:34,47,48,15423,34911
2023-06-28 11:28:34,45,48,15442,34930
2023-06-28 11:28:48,45,47,15442,34930
2023-06-28 11:28:52,45,48,15442,34930
2023-06-28 11:28:53,45,47,15442,34930
2023-06-28 11:28:55,44,47,15461,34949
2023-06-28 11:29:05,43,47,15461,34949
2023-06-28 11:29:08,43,45,15461,34949
2023-06-28 11:29:08,42,45,15761,35249
2023-06-28 11:29:16,42,46,15772,35768
2023-06-28 11:29:17,43,46,15772,35768
2023-06-28 11:29:17,42,46,16072,36068
2023-06-28 11:29:17,42,45,16072,36068
2023-06-28 11:29:21,42,46,16072,36068
2023-06-28 11:29:21,42,44,16072,36068
2023-06-28 11:29:33,42,46,16072,36387
2023-06-28 11:29:59,42,45,16072,36387
2023-06-28 11:30:01,41,45,16110,36425
2023-06-28 11:30:04,42,45,16110,36425
2023-06-28 11:30:08,42,46,16110,36425
2023-06-28 11:30:26,42,45,16110,36425
2023-06-28 11:30:28,42,44,16110,36425
2023-06-28 11:30:28,41,44,16148,36463
2023-06-28 11:30:31,41,45,16148,36463
2023-06-28 11:30:37,42,45,16148,36463
2023-06-28 11:30:40,41,45,16148,36463
2023-06-28 11:30:41,41,44,16148,36463
2023-06-28 11:30:46,41,45,16148,36463
2023-06-28 11:30:46,41,44,16148,36463
2023-06-28 11:30:46,41,43,16148,36463
2023-06-28 11:31:01,41,42,16148,36463
2023-06-28 11:31:01,41,43,16148,36463
2023-06-28 11:31:02,40,43,16148,36463
2023-06-28 11:31:05,40,41,16148,36463
2023-06-28 11:31:08,39,41,16248,36563
2023-06-28 11:31:08,39,41,16398,36713
2023-06-28 11:31:10,39,41,16417,36732
2023-06-28 11:31:17,39,41,16417,36782
2023-06-28 11:31:18,38,41,16417,36782
2023-06-28 11:31:20,38,40,16417,36782
2023-06-28 11:31:24,38,39,16417,36782
2023-06-28 11:31:35,37,39,16417,36782
2023-06-28 11:31:51,36,39,16417,36782
2023-06-28 11:31:52,36,38,16417,36782
2023-06-28 11:31:58,35,38,16417,36782
2023-06-28 11:32:00,36,38,16417,36782
2023-06-28 11:32:10,36,39,16417,36782
2023-06-28 11:32:10,36,37,16417,36782
2023-06-28 11:32:41,34,37,16467,36832
2023-06-28 11:32:41,34,36,16467,36832
2023-06-28 11:32:43,34,35,16467,36832
2023-06-28 11:32:54,33,35,16486,36851
2023-06-28 11:33:00,33,34,16486,36851
2023-06-28 11:33:40,33,35,16486,36870
2023-06-28 11:34:32,33,34,16486,36870
2023-06-28 11:34:55,32,34,16505,36889
2023-06-28 11:34:55,32,33,16505,36889
2023-06-28 11:35:05,32,33,16494,37089
2023-06-28 11:35:09,32,34,16494,37108
2023-06-28 11:36:25,33,34,16494,37108
2023-06-28 11:36:37,32,34,16494,37108
2023-06-28 11:37:57,31,34,16535,37149
2023-06-28 11:37:57,31,33,16535,37149
2023-06-28 11:38:04,31,32,16535,37149
2023-06-28 11:38:07,30,32,16576,37190
2023-06-28 11:38:07,30,31,16576,37190
2023-06-28 11:38:11,29,31,16617,37231
2023-06-28 11:38:11,28,31,16617,37231
2023-06-28 11:38:14,28,30,16617,37231
2023-06-28 11:38:16,27,30,16617,37231
2023-06-28 11:38:19,28,30,16617,37231
2023-06-28 11:38:37,27,30,16617,37231
2023-06-28 11:38:58,27,29,16617,37231
2023-06-28 11:39:07,26,29,16617,37231
2023-06-28 11:39:11,26,28,16617,37231
2023-06-28 11:39:49,27,28,16617,37231
2023-06-28 11:40:14,26,28,16617,37231
2023-06-28 11:40:29,27,28,16617,37231
2023-06-28 11:40:32,26,28,16617,37231
2023-06-28 11:40:53,27,28,16617,37231
2023-06-28 11:41:04,26,28,16617,37231
2023-06-28 11:41:17,27,28,16617,37231
2023-06-28 11:41:55,26,28,16617,37231
2023-06-28 11:42:04,25,28,16617,37231
2023-06-28 11:42:09,25,27,16617,37231
2023-06-28 11:42:16,25,28,16617,37231
2023-06-28 11:42:29,26,28,16617,37231
2023-06-28 11:42:34,27,28,16617,37231
2023-06-28 11:43:07,27,29,16617,37281
2023-06-28 11:43:41,28,29,16617,37281
2023-06-28 11:43:46,28,30,16617,37331
2023-06-28 11:44:20,28,29,16617,37331
2023-06-28 11:44:26,28,30,16617,37331
2023-06-28 11:44:26,27,28,16617,37349
2023-06-28 11:44:32,26,28,16617,37349
2023-06-28 11:45:01,26,27,16617,37349
2023-06-28 11:45:58,26,27,16617,37354
2023-06-28 11:46:05,27,28,16617,37368
2023-06-28 11:46:17,26,28,16617,37368
2023-06-28 11:46:35,27,28,16617,37368
2023-06-28 11:46:47,26,28,16617,37368
2023-06-28 11:49:05,27,28,16617,37368
2023-06-28 11:49:10,27,29,16617,37387
2023-06-28 11:49:11,28,29,16617,37387
2023-06-28 11:49:17,30,31,16617,37475
2023-06-28 11:49:21,31,32,16680,37554
2023-06-28 11:49:46,28,32,16680,37554
2023-06-28 11:49:46,30,32,16680,37554
2023-06-28 11:50:05,31,32,16680,37554
2023-06-28 11:50:08,30,32,16680,37554
2023-06-28 11:50:08,31,32,16680,37554
2023-06-28 11:50:10,30,32,16680,37554
2023-06-28 11:50:10,32,33,16699,37573
2023-06-28 11:50:14,30,33,16699,37573
2023-06-28 11:50:14,31,33,16699,37573
2023-06-28 11:50:18,30,33,16699,37573
2023-06-28 11:50:18,32,33,16699,37573
2023-06-28 11:50:27,30,33,16699,37573
2023-06-28 11:51:00,31,33,16699,37573
2023-06-28 11:51:20,30,33,16699,37573
2023-06-28 11:51:37,30,32,16699,37573
2023-06-28 11:51:54,31,32,16699,37573
2023-06-28 11:52:04,30,32,16699,37573
2023-06-28 11:52:04,31,32,16699,37573
2023-06-28 11:52:28,30,32,16699,37573
2023-06-28 11:53:48,31,32,16699,37573
2023-06-28 11:53:51,30,32,16699,37573
2023-06-28 11:54:52,31,32,16699,37573
2023-06-28 11:55:18,31,32,16749,37623
2023-06-28 11:55:21,30,32,16749,37623
2023-06-28 11:56:05,31,32,16749,37623
2023-06-28 11:56:11,30,32,16749,37623
2023-06-28 11:56:11,31,32,16749,37623
2023-06-28 11:56:58,30,32,16749,37623
2023-06-28 11:57:13,31,32,16749,37623
2023-06-28 11:57:30,30,32,16749,37623
2023-06-28 11:57:30,31,32,16749,37623
2023-06-28 11:57:44,30,32,16749,37623
2023-06-28 11:58:07,29,32,16749,37623
2023-06-28 11:59:12,29,31,16749,37623
2023-06-28 11:59:31,29,30,16749,37623
2023-06-28 11:59:37,28,30,16749,37623
2023-06-28 11:59:53,28,29,16749,37623
2023-06-28 12:00:00,28,30,16749,37623
2023-06-28 12:00:00,28,29,16749,37623
2023-06-28 12:00:06,28,30,16749,37623
2023-06-28 12:00:06,28,29,16749,37623
2023-06-28 12:00:09,28,31,16749,37623
2023-06-28 12:00:09,28,30,16749,37623
2023-06-28 12:00:20,28,29,16749,37623
2023-06-28 12:00:22,28,31,16749,37623
2023-06-28 12:00:22,28,30,16749,37623
2023-06-28 12:00:27,28,31,16749,37623
2023-06-28 12:00:49,28,30,16749,37623
2023-06-28 12:01:06,28,31,16749,37623
2023-06-28 12:01:14,30,31,16749,37623
2023-06-28 12:01:23,30,32,16749,37623
2023-06-28 12:01:28,31,32,16749,37623
2023-06-28 12:01:47,30,32,16749,37623
2023-06-28 12:01:47,30,31,16749,37623
2023-06-28 12:01:58,28,31,16749,37623
2023-06-28 12:02:03,28,32,16749,37623
2023-06-28 12:02:11,28,31,16749,37623
2023-06-28 12:02:26,28,30,16749,37623
2023-06-28 12:02:40,28,31,16749,37623
2023-06-28 12:03:03,28,30,16749,37623
2023-06-28 12:03:16,28,29,16749,37623
2023-06-28 12:03:18,27,28,16708,37723
2023-06-28 12:03:18,26,28,16708,37723
2023-06-28 12:03:19,26,29,16708,37723
2023-06-28 12:03:20,26,30,16708,37723
2023-06-28 12:03:20,26,29,16708,37723
2023-06-28 12:03:30,27,29,16708,37723
2023-06-28 12:03:36,28,29,16708,37723
2023-06-28 12:03:52,30,32,16718,37788
2023-06-28 12:03:52,30,32,16737,37807
2023-06-28 12:03:52,30,31,16737,37807
2023-06-28 12:03:52,30,32,16737,37807
2023-06-28 12:03:55,28,32,16737,37807
2023-06-28 12:03:56,28,31,16737,37807
2023-06-28 12:03:57,30,31,16737,37807
2023-06-28 12:04:07,28,31,16737,37807
2023-06-28 12:04:38,28,30,16737,37807
2023-06-28 12:04:46,28,29,16737,37807
2023-06-28 12:05:03,28,31,16737,37807
2023-06-28 12:05:04,28,30,16737,37807
2023-06-28 12:05:08,28,31,16737,37807
2023-06-28 12:05:23,28,30,16737,37807
2023-06-28 12:05:27,28,31,16737,37807
2023-06-28 12:05:27,28,30,16737,37807
2023-06-28 12:05:33,28,29,16737,37807
2023-06-28 12:05:39,28,30,16737,37807
2023-06-28 12:05:39,28,29,16737,37807
2023-06-28 12:05:53,28,30,16737,37807
2023-06-28 12:05:53,28,29,16737,37807
2023-06-28 12:05:58,28,30,16737,37807
2023-06-28 12:06:04,28,29,16737,37807
2023-06-28 12:06:32,27,29,16777,37857
2023-06-28 12:06:33,27,28,16777,37857
2023-06-28 12:07:08,26,28,16777,37957
2023-06-28 12:07:09,25,28,16777,37957
2023-06-28 12:07:16,26,28,16777,37957
2023-06-28 12:07:59,26,27,16777,37957
2023-06-28 12:08:05,26,28,16777,37957
2023-06-28 12:08:06,26,27,16777,37957
2023-06-28 12:08:26,25,26,16777,37990
2023-06-28 12:08:26,25,26,16796,38009
2023-06-28 12:08:36,24,25,16796,38040
2023-06-28 12:08:37,24,25,16802,38071
2023-06-28 12:08:37,22,25,16804,38073
2023-06-28 12:08:38,22,24,16804,38073
2023-06-28 12:08:40,22,23,16804,38073
2023-06-28 12:08:43,21,23,16854,38123
2023-06-28 12:08:43,21,23,16985,38254
2023-06-28 12:09:16,20,23,16985,38254
2023-06-28 12:09:18,20,22,16985,38254
2023-06-28 12:09:32,20,23,16985,38635
2023-06-28 12:09:41,21,23,16985,38635
2023-06-28 12:10:02,21,22,16985,38635
2023-06-28 12:10:53,21,22,16985,38735
2023-06-28 12:10:55,21,22,17016,38766
2023-06-28 12:10:55,19,22,17016,38804
2023-06-28 12:10:56,19,21,17016,38804
2023-06-28 12:10:58,19,20,17016,38804
2023-06-28 12:11:02,18,20,17216,39004
2023-06-28 12:11:03,17,19,17266,39054
2023-06-28 12:11:06,17,18,17266,39054
2023-06-28 12:11:27,16,18,17266,39154
2023-06-28 12:11:27,16,17,17266,39154
2023-06-28 12:11:56,16,18,17216,39204
2023-06-28 12:12:05,17,18,17216,39204
2023-06-28 12:12:09,16,18,17216,39204
2023-06-28 12:12:09,17,18,17216,39204
2023-06-28 12:12:14,16,18,17216,39204
2023-06-28 12:12:26,16,17,17216,39204
2023-06-28 12:16:02,15,17,17216,39390
2023-06-28 12:16:03,15,16,17216,39390
2023-06-28 12:17:07,15,16,17216,39640
2023-06-28 12:17:09,15,16,17216,39890
2023-06-28 12:17:22,14,16,17216,40026
2023-06-28 12:17:26,14,15,17216,40026
2023-06-28 12:17:45,13,15,17216,40026
2023-06-28 12:17:59,13,15,17219,40029
2023-06-28 12:18:23,14,15,17219,40029
2023-06-28 12:18:38,13,15,17319,40129
2023-06-28 12:20:15,14,15,17319,40129
2023-06-28 12:20:18,14,16,17269,40179
2023-06-28 12:20:21,15,16,17269,40179
2023-06-28 12:20:28,16,17,17269,40277
2023-06-28 12:20:28,16,17,17319,40327
2023-06-28 12:20:32,15,17,17319,40327
2023-06-28 12:20:32,17,19,17319,40401
2023-06-28 12:20:32,17,19,17338,40420
2023-06-28 12:20:32,17,18,17338,40420
2023-06-28 12:20:33,17,19,17338,40420
2023-06-28 12:21:05,18,19,17338,40420
2023-06-28 12:21:20,17,19,17338,40420
2023-06-28 12:21:20,18,19,17338,40420
2023-06-28 12:21:45,17,19,17338,40420
2023-06-28 12:21:56,18,19,17338,40420
2023-06-28 12:22:04,19,20,17319,40439
2023-06-28 12:22:13,19,20,17388,40508
2023-06-28 12:22:16,17,20,17388,40508
2023-06-28 12:22:16,18,20,17388,40508
2023-06-28 12:22:36,17,20,17407,40527
2023-06-28 12:22:45,17,19,17407,40527
2023-06-28 12:22:53,16,19,17426,40546
2023-06-28 12:23:06,16,18,17426,40546
2023-06-28 12:25:03,17,18,17426,40546
2023-06-28 12:25:22,18,19,17407,40565
2023-06-28 12:25:47,19,20,17407,40584
2023-06-28 12:26:16,18,20,17407,40584
2023-06-28 12:26:50,19,20,17407,40584
2023-06-28 12:26:55,19,21,17388,40603
2023-06-28 12:26:55,20,21,17388,40603
2023-06-28 12:27:10,19,21,17388,40603
2023-06-28 12:27:10,20,21,17388,40603
2023-06-28 12:27:29,19,21,17388,40603
2023-06-28 12:27:29,20,21,17388,40603
2023-06-28 12:27:35,21,22,17388,40622
2023-06-28 12:27:42,22,23,17335,40689
2023-06-28 12:27:42,22,23,17335,40708
2023-06-28 12:27:43,21,23,17335,40708
2023-06-28 12:27:44,22,23,17335,40708
2023-06-28 12:27:52,21,23,17335,40708
2023-06-28 12:27:53,23,25,17354,40727
2023-06-28 12:27:53,23,25,17373,40746
2023-06-28 12:27:53,23,25,17373,40746
2023-06-28 12:27:59,21,25,17435,40808
2023-06-28 12:28:01,22,25,17435,40808
2023-06-28 12:28:03,24,25,17435,40808
2023-06-28 12:28:07,24,25,17372,41008
2023-06-28 12:28:07,24,27,17372,41058
2023-06-28 12:28:07,25,27,17372,41058
2023-06-28 12:28:11,25,28,17372,41058
2023-06-28 12:28:17,26,28,17372,41058
2023-06-28 12:28:21,27,28,17372,41058
2023-06-28 12:28:21,27,29,17348,41120
2023-06-28 12:28:33,27,31,17325,41162
2023-06-28 12:28:42,27,30,17325,41162
2023-06-28 12:28:44,27,31,17325,41162
2023-06-28 12:28:47,28,31,17325,41162
2023-06-28 12:28:53,29,31,17325,41162
2023-06-28 12:28:56,30,31,17325,41162
2023-06-28 12:28:57,30,32,17325,41200
2023-06-28 12:29:03,32,34,17399,41274
2023-06-28 12:29:03,32,35,17399,41274
2023-06-28 12:29:05,31,35,17399,41274
2023-06-28 12:29:05,31,34,17399,41274
2023-06-28 12:29:10,30,34,17399,41274
2023-06-28 12:29:10,30,33,17399,41274
2023-06-28 12:29:23,30,32,17399,41274
2023-06-28 12:29:24,29,32,17399,41274
2023-06-28 12:29:28,29,31,17399,41274
2023-06-28 12:29:40,28,31,17399,41274
2023-06-28 12:29:47,28,30,17399,41274
2023-06-28 12:29:50,28,30,17399,41277
2023-06-28 12:29:53,28,31,17399,41277
2023-06-28 12:29:53,29,31,17399,41277
2023-06-28 12:29:56,28,31,17399,41277
2023-06-28 12:29:58,29,31,17399,41277
2023-06-28 12:30:04,28,31,17399,41277
2023-06-28 12:30:04,28,32,17399,41277
2023-06-28 12:30:04,30,32,17399,41277
2023-06-28 12:30:10,30,33,17399,41277
2023-06-28 12:30:10,31,33,17399,41277
2023-06-28 12:30:14,30,33,17399,41277
2023-06-28 12:30:14,30,32,17399,41277
2023-06-28 12:30:16,30,31,17399,41277
2023-06-28 12:30:17,29,31,17399,41277
2023-06-28 12:30:20,28,31,17399,41277
2023-06-28 12:30:20,28,32,17399,41277
2023-06-28 12:30:20,30,32,17399,41277
2023-06-28 12:30:24,28,32,17399,41277
2023-06-28 12:30:24,29,32,17399,41277
2023-06-28 12:30:24,31,32,17399,41277
2023-06-28 12:30:25,29,32,17399,41307
2023-06-28 12:30:26,29,31,17399,41307
2023-06-28 12:30:28,28,31,17399,41307
2023-06-28 12:30:28,28,32,17399,41307
2023-06-28 12:30:28,30,32,17399,41307
2023-06-28 12:30:32,29,32,17399,41307
2023-06-28 12:30:32,29,33,17399,41307
2023-06-28 12:30:33,31,33,17399,41307
2023-06-28 12:30:38,31,32,17399,41307
2023-06-28 12:31:38,31,33,17403,41311
2023-06-28 12:31:38,32,33,17403,41311
2023-06-28 12:31:44,33,35,17422,41330
2023-06-28 12:31:45,34,35,17422,41330
2023-06-28 12:32:07,34,36,17441,41349
2023-06-28 12:32:07,35,36,17441,41349
2023-06-28 12:32:24,33,36,17441,41349
2023-06-28 12:32:24,34,36,17441,41349
2023-06-28 12:32:39,34,35,17441,41349
2023-06-28 12:32:45,34,35,17444,41352
2023-06-28 12:32:53,33,35,17444,41371
2023-06-28 12:32:54,33,34,17444,41371
2023-06-28 12:33:00,32,34,17444,41390
2023-06-28 12:33:01,33,34,17444,41390
2023-06-28 12:33:09,32,34,17444,41390
2023-06-28 12:33:17,33,34,17444,41390
2023-06-28 12:33:20,34,35,17463,41409
2023-06-28 12:34:03,36,37,17518,41464
2023-06-28 12:34:03,36,37,17537,41483
2023-06-28 12:34:28,33,37,17537,41483
2023-06-28 12:34:29,33,35,17537,41483
2023-06-28 12:34:29,32,35,17537,41483
2023-06-28 12:34:29,32,35,17534,41486
2023-06-28 12:34:29,35,37,17630,41783
2023-06-28 12:34:29,35,36,17630,41783
2023-06-28 12:34:35,32,35,17592,41821
2023-06-28 12:34:35,34,35,17592,41821
2023-06-28 12:34:35,32,35,17592,41878
2023-06-28 12:34:46,33,35,17592,41878
2023-06-28 12:34:47,33,36,17592,41878
2023-06-28 12:34:48,33,37,17592,41878
2023-06-28 12:34:48,33,36,17592,41878
2023-06-28 12:35:11,33,35,17592,41878
2023-06-28 12:35:11,32,35,17592,41916
2023-06-28 12:35:40,33,35,17592,41916
2023-06-28 12:36:08,32,35,17592,41916
2023-06-28 12:36:18,33,35,17592,41916
2023-06-28 12:36:21,34,35,17592,41916
2023-06-28 12:36:31,36,37,17610,41954
2023-06-28 12:36:35,36,38,17610,41973
2023-06-28 12:36:38,35,38,17610,41973
2023-06-28 12:36:56,35,38,17610,41978
2023-06-28 12:36:57,35,37,17610,41978
2023-06-28 12:37:00,36,37,17610,41978
2023-06-28 12:37:00,36,38,17610,41978
2023-06-28 12:37:08,36,37,17610,41978
2023-06-28 12:37:10,36,38,17610,41978
2023-06-28 12:37:18,38,40,17648,42043
2023-06-28 12:37:19,38,41,17648,42043
2023-06-28 12:37:25,37,41,17648,42043
2023-06-28 12:37:25,37,40,17648,42043
2023-06-28 12:37:30,37,41,17648,42043
2023-06-28 12:37:32,37,40,17648,42043
2023-06-28 12:37:45,37,39,17648,42043
2023-06-28 12:37:49,36,39,17648,42043
2023-06-28 12:37:51,36,38,17648,42043
2023-06-28 12:38:03,36,39,17648,42043
2023-06-28 12:38:11,36,38,17648,42043
2023-06-28 12:38:31,36,39,17648,42043
2023-06-28 12:38:37,37,39,17648,42043
2023-06-28 12:38:43,36,39,17648,42043
2023-06-28 12:38:44,36,38,17648,42043
2023-06-28 12:38:47,36,39,17648,42043
2023-06-28 12:38:48,36,38,17648,42043
2023-06-28 12:39:45,36,39,17648,42043
2023-06-28 12:39:50,36,38,17648,42043
2023-06-28 12:39:58,36,39,17648,42043
2023-06-28 12:40:16,36,38,17648,42043
2023-06-28 12:40:16,37,38,17648,42043
2023-06-28 12:40:27,36,38,17610,42231
2023-06-28 12:40:27,36,37,17610,42231
2023-06-28 12:40:28,35,37,17610,42231
2023-06-28 12:40:33,35,38,17610,42231
2023-06-28 12:40:33,35,37,17610,42231
2023-06-28 12:40:49,35,38,17610,42231
2023-06-28 12:40:49,35,37,17610,42231
2023-06-28 12:40:56,35,38,17610,42231
2023-06-28 12:41:03,35,39,17610,42231
2023-06-28 12:41:04,36,39,17610,42231
2023-06-28 12:41:05,36,38,17610,42231
2023-06-28 12:41:08,36,37,17610,42231
2023-06-28 12:41:56,36,38,17610,42231
2023-06-28 12:41:57,35,38,17610,42250
2023-06-28 12:42:02,35,37,17610,42250
2023-06-28 12:42:13,35,36,17610,42250
2023-06-28 12:42:18,35,37,17610,42250
2023-06-28 12:42:21,36,37,17610,42250
2023-06-28 12:42:33,35,37,17610,42250
2023-06-28 12:42:33,36,37,17610,42250
2023-06-28 12:42:38,35,37,17610,42250
2023-06-28 12:42:38,36,37,17610,42250
2023-06-28 12:42:47,38,39,17648,42288
2023-06-28 12:42:55,37,39,17648,42288
2023-06-28 12:42:55,39,40,17667,42307
2023-06-28 12:43:03,40,41,17686,42326
2023-06-28 12:43:09,40,43,17686,42364
2023-06-28 12:43:10,40,44,17686,42364
2023-06-28 12:43:11,42,44,17686,42364
2023-06-28 12:43:13,43,44,17686,42364
2023-06-28 12:43:16,41,44,17686,42364
2023-06-28 12:43:16,40,44,17686,42364
2023-06-28 12:43:16,42,44,17686,42364
2023-06-28 12:43:16,42,44,17736,42414
2023-06-28 12:43:18,43,44,17736,42414
2023-06-28 12:43:23,41,44,17736,42414
2023-06-28 12:43:23,43,44,17736,42414
2023-06-28 12:43:31,42,44,17736,42414
2023-06-28 12:43:31,43,44,17736,42414
2023-06-28 12:43:38,44,45,17774,42452
2023-06-28 12:43:40,44,46,17774,42452
2023-06-28 12:43:44,44,46,17824,42502
2023-06-28 12:43:45,44,47,17824,42502
2023-06-28 12:43:46,45,47,17824,42502
2023-06-28 12:43:48,46,47,17824,42502
2023-06-28 12:43:49,46,47,17877,42555
2023-06-28 12:43:56,47,48,17915,42593
2023-06-28 12:43:56,46,48,18077,42755
2023-06-28 12:44:00,47,48,18077,42755
2023-06-28 12:44:00,47,48,18077,42809
2023-06-28 12:44:00,46,47,18077,42855
2023-06-28 12:44:00,48,49,18100,42878
2023-06-28 12:44:05,46,49,18100,42878
2023-06-28 12:44:05,47,49,18100,42878
2023-06-28 12:44:06,47,48,18100,42878
2023-06-28 12:44:06,47,48,18150,42928
2023-06-28 12:44:06,47,49,18150,42928
2023-06-28 12:44:07,48,49,18150,42928
2023-06-28 12:44:09,48,49,18307,43085
2023-06-28 12:44:10,47,49,18307,43085
2023-06-28 12:44:20,48,49,18307,43085
2023-06-28 12:44:20,49,50,18326,43104
2023-06-28 12:44:21,49,51,18345,43123
2023-06-28 12:44:21,49,53,18745,43523
2023-06-28 12:44:22,51,53,18745,43523
2023-06-28 12:44:22,51,54,18745,43523
2023-06-28 12:44:22,51,54,18745,43573
2023-06-28 12:44:22,51,53,18745,43573
2023-06-28 12:44:24,52,53,18745,43573
2023-06-28 12:44:26,52,54,18745,43573
2023-06-28 12:44:37,53,54,18745,43573
2023-06-28 12:44:38,51,54,18745,43573
2023-06-28 12:44:38,52,54,18745,43573
2023-06-28 12:44:57,52,53,18745,43573
2023-06-28 12:44:58,52,54,18745,43573
2023-06-28 12:45:04,51,54,18745,43573
2023-06-28 12:45:04,53,54,18745,43573
2023-06-28 12:46:03,53,55,18783,43611
2023-06-28 12:46:03,54,55,18783,43611
2023-06-28 12:46:14,54,55,18783,43613
2023-06-28 12:46:17,52,55,18383,44013
2023-06-28 12:46:21,51,55,18383,44013
2023-06-28 12:46:23,52,55,18383,44013
2023-06-28 12:46:27,51,55,18383,44013
2023-06-28 12:46:30,52,55,18383,44013
2023-06-28 12:46:38,51,55,18383,44013
2023-06-28 12:46:40,52,55,18383,44013
2023-06-28 12:46:41,52,54,18383,44013
2023-06-28 12:46:46,51,54,18383,44013
2023-06-28 12:46:46,51,53,18383,44013
2023-06-28 12:46:46,52,53,18383,44013
2023-06-28 12:46:49,51,53,18383,44013
2023-06-28 12:46:54,51,52,18383,44013
2023-06-28 12:47:01,51,52,18381,44015
2023-06-28 12:47:09,49,52,18381,44015
2023-06-28 12:47:17,49,51,18381,44015
2023-06-28 12:47:19,49,50,18381,44015
2023-06-28 12:47:30,48,49,18331,44115
2023-06-28 12:47:31,48,50,18331,44115
2023-06-28 12:47:32,48,51,18331,44115
2023-06-28 12:47:33,48,50,18331,44115
2023-06-28 12:47:34,48,51,18331,44115
2023-06-28 12:47:38,49,51,18331,44115
2023-06-28 12:47:41,49,50,18331,44115
2023-06-28 12:47:46,49,51,18331,44115
2023-06-28 12:47:46,49,52,18331,44115
2023-06-28 12:47:46,49,53,18331,44115
2023-06-28 12:47:46,49,52,18331,44115
2023-06-28 12:47:47,50,52,18331,44115
2023-06-28 12:47:52,50,54,18331,44115
2023-06-28 12:48:01,50,53,18331,44115
2023-06-28 12:48:01,50,54,18331,44115
2023-06-28 12:48:13,51,54,18331,44115
2023-06-28 12:48:14,50,54,18331,44115
2023-06-28 12:48:23,50,53,18331,44115
2023-06-28 12:48:39,50,52,18331,44115
2023-06-28 12:48:42,50,51,18331,44115
2023-06-28 12:48:48,49,51,18331,44115
2023-06-28 12:49:03,49,52,18331,44115
2023-06-28 12:49:16,50,52,18331,44115
2023-06-28 12:49:34,51,52,18331,44115
2023-06-28 12:49:34,51,53,18331,44115
2023-06-28 12:49:34,51,54,18331,44115
2023-06-28 12:49:35,51,55,18331,44115
2023-06-28 12:49:35,51,54,18331,44115
2023-06-28 12:49:41,51,55,18331,44115
2023-06-28 12:49:42,52,55,18331,44115
2023-06-28 12:49:46,53,55,18331,44115
2023-06-28 12:49:50,54,55,18331,44115
2023-06-28 12:49:52,53,55,18331,44115
2023-06-28 12:49:52,53,56,18361,44145
2023-06-28 12:49:52,54,56,18361,44145
2023-06-28 12:50:10,54,55,18361,44145
2023-06-28 12:50:10,53,55,18361,44164
2023-06-28 12:50:28,54,55,18361,44164
2023-06-28 12:50:35,55,56,18380,44183
2023-06-28 12:51:01,56,58,18418,44221
2023-06-28 12:51:04,55,58,18418,44232
2023-06-28 12:51:08,54,58,18418,44232
2023-06-28 12:51:13,54,57,18418,44232
2023-06-28 12:51:22,54,56,18418,44232
2023-06-28 12:52:08,54,57,18418,44232
2023-06-28 12:52:27,54,56,18418,44232
2023-06-28 12:52:31,54,55,18418,44232
2023-06-28 12:52:53,53,54,18349,44301
2023-06-28 12:52:54,53,55,18349,44301
2023-06-28 12:53:49,54,55,18349,44301
2023-06-28 12:53:49,54,56,18349,44320
2023-06-28 12:53:50,54,56,18349,44520
2023-06-28 12:53:50,55,57,18349,44539
2023-06-28 12:53:51,56,57,18349,44539
2023-06-28 12:53:52,57,58,18368,44558
2023-06-28 12:53:52,57,58,18587,44939
2023-06-28 12:53:56,57,58,18587,45139
2023-06-28 12:53:57,58,60,18606,45296
2023-06-28 12:53:58,58,60,18656,45346
2023-06-28 12:53:58,58,59,18656,45346
2023-06-28 12:53:58,58,60,18656,45346
2023-06-28 12:54:03,59,60,18656,45346
2023-06-28 12:54:27,58,60,18656,45346
2023-06-28 12:54:37,58,59,18656,45346
2023-06-28 12:54:40,57,59,18656,45346
2023-06-28 12:55:56,57,58,18656,45346
2023-06-28 12:56:10,57,59,18656,45346
2023-06-28 12:57:08,57,58,18656,45346
2023-06-28 12:57:09,57,59,18656,45346
2023-06-28 12:57:10,57,58,18656,45346
2023-06-28 12:57:13,57,59,18456,45546
2023-06-28 12:57:16,57,58,18456,45546
2023-06-28 12:57:21,57,59,18456,45546
2023-06-28 12:57:31,57,58,18456,45546
2023-06-28 12:57:42,57,59,18456,45546
2023-06-28 12:57:59,57,59,18456,45596
2023-06-28 12:58:20,57,59,18453,45599
2023-06-28 12:58:23,57,58,18453,45599
2023-06-28 12:58:31,56,57,18406,45746
2023-06-28 12:58:31,56,58,18353,45799
2023-06-28 12:58:37,56,57,18353,45799
2023-06-28 12:58:38,56,57,18303,45999
2023-06-28 12:58:39,54,57,18303,45999
2023-06-28 12:58:39,56,57,18303,45999
2023-06-28 12:59:00,54,56,18277,46075
2023-06-28 12:59:02,54,57,18077,46275
2023-06-28 12:59:03,55,57,18077,46275
2023-06-28 12:59:07,56,57,18077,46275
2023-06-28 12:59:14,56,58,17877,46494
2023-06-28 12:59:27,56,59,17877,46532
2023-06-28 13:01:25,57,59,17877,46532
2023-06-28 13:01:44,58,59,17877,46532
2023-06-28 13:01:45,58,59,17896,46732
2023-06-28 13:01:45,58,59,17496,47132
2023-06-28 13:01:46,59,60,17496,47301
2023-06-28 13:01:47,58,60,17496,47301
2023-06-28 13:01:47,58,61,17496,47320
2023-06-28 13:01:53,59,61,17496,47320
2023-06-28 13:02:41,60,61,17496,47320
2023-06-28 13:02:54,59,61,17496,47320
2023-06-28 13:03:07,59,60,17496,47320
2023-06-28 13:03:12,58,59,17477,47439
2023-06-28 13:03:12,57,59,17477,47439
2023-06-28 13:03:14,57,60,17477,47439
2023-06-28 13:03:17,57,59,17477,47439
2023-06-28 13:03:18,57,60,17477,47439
2023-06-28 13:03:19,57,59,17477,47439
2023-06-28 13:03:32,57,58,17477,47439
2023-06-28 13:04:03,57,59,17477,47439
2023-06-28 13:04:45,57,60,17477,47439
2023-06-28 13:04:53,59,60,17477,47439
2023-06-28 13:05:07,57,60,17477,47439
2023-06-28 13:05:17,57,59,17477,47439
2023-06-28 13:05:37,57,60,17477,47439
2023-06-28 13:06:52,57,58,17477,47439
2023-06-28 13:07:22,56,57,17427,47489
2023-06-28 13:07:23,56,58,17427,47489
2023-06-28 13:07:29,56,57,17427,47489
2023-06-28 13:07:35,56,58,17227,47689
2023-06-28 13:08:02,56,59,17227,47689
2023-06-28 13:08:03,56,60,17227,47689
2023-06-28 13:08:04,57,60,17227,47689
2023-06-28 13:08:18,58,60,17227,47689
2023-06-28 13:08:23,59,60,17227,47689
2023-06-28 13:08:34,58,60,17227,47689
2023-06-28 13:08:34,59,60,17227,47689
2023-06-28 13:08:43,60,61,17246,47708
2023-06-28 13:09:06,58,61,17246,47708
2023-06-28 13:09:06,59,61,17246,47708
2023-06-28 13:09:27,60,61,17246,47708
2023-06-28 13:09:39,59,61,17246,47708
2023-06-28 13:10:04,60,61,17246,47708
2023-06-28 13:10:05,61,62,17284,47746
2023-06-28 13:10:09,61,62,17321,47783
2023-06-28 13:10:12,60,61,17521,47983
2023-06-28 13:10:15,60,61,17721,48183
2023-06-28 13:10:16,60,61,17771,48233
2023-06-28 13:10:25,60,62,17771,48233
2023-06-28 13:10:28,60,62,17807,48269
2023-06-28 13:10:47,60,61,17807,48269
2023-06-28 13:11:11,59,60,17769,48357
2023-06-28 13:11:32,59,61,17769,48357
2023-06-28 13:11:35,60,61,17769,48357
2023-06-28 13:11:54,59,60,17769,48507
2023-06-28 13:12:05,59,60,17719,48707
2023-06-28 13:12:20,58,60,17719,48707
2023-06-28 13:12:20,59,60,17719,48707
2023-06-28 13:12:22,58,60,17719,48707
2023-06-28 13:12:22,59,60,17719,48707
2023-06-28 13:12:27,58,60,17719,48707
2023-06-28 13:12:27,59,60,17719,48707
2023-06-28 13:12:30,59,61,17719,48726
2023-06-28 13:12:37,60,61,17719,48726
2023-06-28 13:12:52,58,61,17719,48726
2023-06-28 13:12:52,59,61,17719,48726
2023-06-28 13:13:12,60,61,17719,48726
2023-06-28 13:13:29,59,61,17719,48726
2023-06-28 13:13:41,59,60,17719,48726
2023-06-28 13:14:02,59,61,17719,48726
2023-06-28 13:14:30,59,60,17719,48726
2023-06-28 13:14:59,58,60,17719,48726
2023-06-28 13:15:10,59,60,17719,48726
2023-06-28 13:15:11,59,61,17719,48726
2023-06-28 13:15:19,59,60,17719,48726
2023-06-28 13:15:21,59,61,17719,48726
2023-06-28 13:15:31,59,60,17719,48726
2023-06-28 13:15:36,58,60,17719,48726
2023-06-28 13:15:48,59,60,17719,48726
2023-06-28 13:15:51,58,60,17719,48726
2023-06-28 13:16:07,59,60,17719,48726
2023-06-28 13:17:03,59,60,17769,48776
2023-06-28 13:17:50,59,60,17769,49176
2023-06-28 13:17:53,59,60,17769,49576
2023-06-28 13:17:54,59,60,17769,49976
2023-06-28 13:17:55,59,60,17769,50376
2023-06-28 13:17:59,59,60,18164,50776
2023-06-28 13:17:59,59,60,18564,51176
2023-06-28 13:18:00,59,60,18964,51576
2023-06-28 13:18:00,59,60,19364,51976
2023-06-28 13:18:01,59,60,19764,52376
2023-06-28 13:18:07,59,61,19764,52376
2023-06-28 13:18:27,59,60,19764,52376
2023-06-28 13:18:30,58,60,19764,52376
2023-06-28 13:19:02,59,60,19764,52376
2023-06-28 13:19:04,59,61,19764,52376
2023-06-28 13:19:27,59,60,19764,52376
2023-06-28 13:19:49,59,60,19864,52476
2023-06-28 13:20:22,59,60,20064,52676
2023-06-28 13:20:31,59,60,20114,52726
2023-06-28 13:20:57,58,60,20114,52726
2023-06-28 13:21:14,57,58,20088,52752
2023-06-28 13:21:22,56,57,20069,52771
2023-06-28 13:21:23,56,58,20069,52771
2023-06-28 13:21:24,56,57,20069,52771
2023-06-28 13:23:09,54,57,20069,52771
2023-06-28 13:23:11,54,55,20069,52771
2023-06-28 13:23:12,54,55,20069,52801
2023-06-28 13:23:13,53,55,20069,52801
2023-06-28 13:23:13,54,55,20069,52801
2023-06-28 13:23:20,52,55,20069,52801
2023-06-28 13:23:20,53,55,20069,52801
2023-06-28 13:23:21,53,54,20069,52801
2023-06-28 13:23:22,53,55,20069,52801
2023-06-28 13:23:28,53,54,20069,52801
2023-06-28 13:23:30,53,55,20069,52801
2023-06-28 13:23:34,53,54,20069,52801
2023-06-28 13:23:35,53,55,20069,52801
2023-06-28 13:23:35,53,54,20069,52801
2023-06-28 13:23:46,52,54,20069,52801
2023-06-28 13:23:46,53,54,20069,52801
2023-06-28 13:24:11,54,55,20088,52820
2023-06-28 13:24:19,55,56,20107,52839
2023-06-28 13:24:27,56,57,20126,52858
2023-06-28 13:24:35,54,57,20126,52858
2023-06-28 13:24:36,55,57,20126,52858
2023-06-28 13:25:16,55,56,20126,52858
2023-06-28 13:25:18,54,55,20107,52877
2023-06-28 13:25:41,53,55,20069,52915
2023-06-28 13:25:42,53,54,20069,52915
2023-06-28 13:25:43,53,55,20069,52915
2023-06-28 13:26:12,54,55,20069,52915
2023-06-28 13:26:37,53,55,20069,52915
2023-06-28 13:26:37,54,55,20069,52915
2023-06-28 13:26:58,53,55,20069,52915
2023-06-28 13:27:06,53,54,20069,52915
2023-06-28 13:27:07,52,54,20031,52953
2023-06-28 13:27:12,52,53,20031,52953
2023-06-28 13:27:13,51,53,20031,52953
2023-06-28 13:27:15,51,54,20031,52953
2023-06-28 13:27:18,52,54,20031,52953
2023-06-28 13:27:20,52,53,20031,52953
2023-06-28 13:27:21,51,53,20031,52953
2023-06-28 13:27:42,50,53,20031,52953
2023-06-28 13:27:42,51,53,20031,52953
2023-06-28 13:27:43,51,52,20031,52953
2023-06-28 13:27:53,50,52,20031,52953
2023-06-28 13:27:53,51,52,20031,52953
2023-06-28 13:28:09,50,52,20031,52953
2023-06-28 13:28:10,51,52,20031,52953
2023-06-28 13:28:34,52,53,20050,52972
2023-06-28 13:28:51,52,53,20050,52998
2023-06-28 13:28:51,50,53,20050,52998
2023-06-28 13:28:51,51,53,20050,52998
2023-06-28 13:28:53,51,52,20050,52998
2023-06-28 13:28:54,51,53,20050,52998
2023-06-28 13:29:11,52,53,20050,52998
2023-06-28 13:29:26,51,53,20050,52998
2023-06-28 13:29:27,51,52,20050,52998
2023-06-28 13:29:42,51,53,20050,52998
2023-06-28 13:29:56,51,52,20050,52998
2023-06-28 13:30:00,50,51,20031,53167
2023-06-28 13:30:01,50,52,20031,53167
2023-06-28 13:30:02,48,52,20012,53436
2023-06-28 13:30:04,49,52,20012,53436
2023-06-28 13:30:16,48,52,20012,53786
2023-06-28 13:30:18,48,51,20012,53786
2023-06-28 13:30:24,47,51,20012,53786
2023-06-28 13:30:29,48,51,20012,53786
2023-06-28 13:30:35,48,50,20012,53786
2023-06-28 13:30:42,47,50,20012,53836
2023-06-28 13:30:56,46,50,20012,53836
2023-06-28 13:30:57,46,49,20012,53836
2023-06-28 13:31:00,46,48,20012,53836
2023-06-28 13:31:00,45,48,20012,53836
2023-06-28 13:31:07,46,48,20012,53836
2023-06-28 13:31:13,47,48,20012,53836
2023-06-28 13:31:20,48,49,20031,53855
2023-06-28 13:31:23,48,50,20050,53874
2023-06-28 13:31:26,48,50,20070,53894
2023-06-28 13:31:36,48,49,20070,53894
2023-06-28 13:31:38,48,50,20070,53894
2023-06-28 13:31:53,49,50,20070,53894
2023-06-28 13:31:55,49,51,20089,53913
2023-06-28 13:31:55,50,51,20089,53913
2023-06-28 13:31:58,50,52,20108,53932
2023-06-28 13:31:58,51,52,20108,53932
2023-06-28 13:32:11,50,52,20108,53932
2023-06-28 13:32:18,50,51,20108,53932
2023-06-28 13:32:20,50,52,20108,53932
2023-06-28 13:32:20,50,53,20127,53951
2023-06-28 13:32:21,53,55,20146,53970
2023-06-28 13:32:21,53,57,20146,53970
2023-06-28 13:32:21,53,57,20146,53990
2023-06-28 13:32:22,54,57,20146,53990
2023-06-28 13:32:23,54,58,20146,53990
2023-06-28 13:32:24,54,57,20146,53990
2023-06-28 13:32:30,55,57,20146,53990
2023-06-28 13:32:40,56,57,20146,53990
2023-06-28 13:32:41,57,59,20165,54009
2023-06-28 13:32:50,56,59,20165,54009
2023-06-28 13:34:22,57,59,20165,54009
2023-06-28 13:34:48,57,60,20184,54028
2023-06-28 13:34:49,58,60,20184,54028
2023-06-28 13:35:01,58,61,20203,54047
2023-06-28 13:35:01,60,61,20203,54047
2023-06-28 13:35:01,58,61,20203,54047
2023-06-28 13:35:12,58,60,20203,54047
2023-06-28 13:35:23,58,61,20203,54047
2023-06-28 13:35:30,58,60,20203,54047
2023-06-28 13:35:40,58,59,20203,54047
2023-06-28 13:35:42,57,59,20203,54047
2023-06-28 13:35:55,56,59,20203,54047
2023-06-28 13:36:07,56,58,20203,54047
2023-06-28 13:36:18,56,57,20203,54047
2023-06-28 13:36:22,55,57,20203,54047
2023-06-28 13:36:34,55,58,20203,54047
2023-06-28 13:37:06,55,59,20203,54047
2023-06-28 13:37:12,56,59,20203,54047
2023-06-28 13:37:20,56,58,20203,54047
2023-06-28 13:37:22,56,57,20203,54047
2023-06-28 13:37:38,56,58,20203,54047
2023-06-28 13:37:52,56,59,20203,54047
2023-06-28 13:37:57,56,58,20203,54047
2023-06-28 13:38:02,56,59,20203,54047
2023-06-28 13:39:03,56,60,20203,54047
2023-06-28 13:39:19,56,59,20203,54047
2023-06-28 13:40:06,56,60,20203,54047
2023-06-28 13:40:16,57,60,20203,54047
2023-06-28 13:40:22,57,61,20203,54047
2023-06-28 13:40:50,57,60,20203,54047
2023-06-28 13:40:52,57,59,20203,54047
2023-06-28 13:40:55,57,58,20203,54047
2023-06-28 13:41:07,57,59,20203,54047
2023-06-28 13:41:09,56,59,20203,54047
2023-06-28 13:41:24,57,59,20203,54047
2023-06-28 13:41:29,57,60,20203,54047
2023-06-28 13:41:45,57,61,20203,54047
2023-06-28 13:41:47,58,61,20203,54047
2023-06-28 13:42:04,59,61,20203,54047
2023-06-28 13:42:08,60,61,20203,54047
2023-06-28 13:42:10,60,63,20222,54070
2023-06-28 13:42:12,60,64,20222,54070
2023-06-28 13:42:12,61,64,20222,54070
2023-06-28 13:42:13,61,63,20222,54070
2023-06-28 13:42:15,60,63,20222,54070
2023-06-28 13:42:16,61,63,20222,54070
2023-06-28 13:42:17,60,63,20222,54070
2023-06-28 13:42:17,61,63,20222,54070
2023-06-28 13:42:20,60,63,20222,54070
2023-06-28 13:42:33,60,62,20222,54070
2023-06-28 13:42:37,60,61,20222,54070
2023-06-28 13:42:46,58,61,20222,54070
2023-06-28 13:43:09,58,59,20222,54070
2023-06-28 13:43:35,57,59,20222,54070
2023-06-28 13:43:38,57,60,20222,54070
2023-06-28 13:43:52,58,60,20222,54070
2023-06-28 13:44:12,58,59,20222,54070
2023-06-28 13:44:23,58,60,20222,54070
2023-06-28 13:44:23,58,61,20222,54070
2023-06-28 13:44:25,58,62,20222,54070
2023-06-28 13:44:25,58,61,20222,54070
2023-06-28 13:44:26,58,62,20222,54070
2023-06-28 13:44:31,59,62,20222,54070
2023-06-28 13:45:37,59,61,20222,54070
2023-06-28 13:45:56,59,62,20222,54070
2023-06-28 13:47:17,59,61,20222,54070
2023-06-28 13:47:34,59,62,20222,54070
2023-06-28 13:47:34,59,61,20222,54070
2023-06-28 13:47:34,59,62,20222,54070
2023-06-28 13:47:42,60,62,20222,54070
2023-06-28 13:48:17,61,62,20222,54070
2023-06-28 13:48:22,61,63,20241,54089
2023-06-28 13:48:23,62,63,20241,54089
2023-06-28 13:48:30,61,63,20241,54089
2023-06-28 13:48:30,62,63,20241,54089
2023-06-28 13:49:00,62,64,20260,54108
2023-06-28 13:49:10,63,64,20260,54108
2023-06-28 13:49:17,62,64,20260,54108
2023-06-28 13:49:26,63,64,20260,54108
2023-06-28 13:49:44,63,65,20279,54127
2023-06-28 13:49:48,64,65,20279,54127
2023-06-28 13:49:52,63,65,20279,54127
2023-06-28 13:49:52,64,65,20279,54127
2023-06-28 13:50:01,62,65,20279,54127
2023-06-28 13:50:01,63,65,20279,54127
2023-06-28 13:50:04,64,65,20279,54127
2023-06-28 13:50:11,64,66,20298,54146
2023-06-28 13:50:13,65,66,20298,54146
2023-06-28 13:50:19,64,66,20298,54146
2023-06-28 13:50:19,65,66,20298,54146
2023-06-28 13:50:34,64,66,20298,54146
2023-06-28 13:50:34,65,66,20298,54146
2023-06-28 13:50:38,64,66,20298,54146
2023-06-28 13:50:41,65,66,20298,54146
2023-06-28 13:50:41,65,67,20317,54165
2023-06-28 13:50:58,65,68,20336,54184
2023-06-28 13:50:58,66,68,20336,54184
2023-06-28 13:51:04,65,68,20336,54184
2023-06-28 13:51:04,66,68,20336,54184
2023-06-28 13:51:20,66,67,20336,54184
2023-06-28 13:51:24,66,68,20336,54184
2023-06-28 13:52:27,67,68,20336,54184
2023-06-28 13:52:36,66,68,20336,54184
2023-06-28 13:53:08,66,67,20336,54184
2023-06-28 13:53:14,65,67,20336,54184
2023-06-28 13:53:16,65,68,20336,54184
2023-06-28 13:53:18,66,68,20336,54184
2023-06-28 13:53:23,66,67,20336,54184
2023-06-28 13:53:37,66,68,20336,54184
2023-06-28 13:53:52,66,67,20336,54184
2023-06-28 13:53:54,65,66,20317,54303
2023-06-28 13:53:55,65,67,20317,54303
2023-06-28 13:54:18,65,66,20317,54303
2023-06-28 13:54:36,64,66,20317,54303
2023-06-28 13:55:09,64,65,20317,54303
2023-06-28 13:55:10,63,64,20267,54353
2023-06-28 13:55:11,63,65,20267,54353
2023-06-28 13:55:12,63,64,20267,54353
2023-06-28 13:55:14,63,64,20267,54354
2023-06-28 13:55:15,63,64,20266,54355
2023-06-28 13:55:15,62,64,20229,54392
2023-06-28 13:55:16,62,63,20229,54392
2023-06-28 13:55:19,60,63,20229,54392
2023-06-28 13:55:37,60,62,20229,54392
2023-06-28 13:55:46,60,61,20229,54392
2023-06-28 13:56:01,60,62,20229,54392
2023-06-28 13:56:04,61,62,20229,54392
2023-06-28 13:56:07,61,62,20248,54411
2023-06-28 13:56:26,61,63,20248,54411
2023-06-28 13:56:26,62,63,20248,54411
2023-06-28 13:56:30,61,63,20248,54411
2023-06-28 13:56:30,63,64,20267,54430
2023-06-28 13:56:35,61,64,20267,54430
2023-06-28 13:56:35,62,64,20267,54430
2023-06-28 13:56:40,63,64,20267,54430
2023-06-28 13:56:56,64,65,20286,54449
2023-06-28 13:56:59,63,65,20286,54449
2023-06-28 13:56:59,65,67,20305,54468
2023-06-28 13:56:59,65,66,20305,54468
2023-06-28 13:56:59,65,67,20305,54468
2023-06-28 13:57:08,64,67,20305,54468
2023-06-28 13:57:08,65,67,20305,54468
2023-06-28 13:57:23,66,67,20305,54468
2023-06-28 13:57:23,66,67,20343,54506
2023-06-28 13:57:23,66,67,20381,54544
2023-06-28 13:57:26,65,67,20381,54544
2023-06-28 13:57:26,66,67,20381,54544
2023-06-28 13:57:38,67,68,20400,54563
2023-06-28 13:57:56,66,68,20400,54563
2023-06-28 13:58:05,67,68,20400,54563
2023-06-28 13:58:11,66,68,20400,54563
2023-06-28 13:58:52,66,67,20400,54563
2023-06-28 13:59:07,65,67,20400,54563
2023-06-28 13:59:21,65,66,20400,54563
2023-06-28 13:59:51,65,68,20400,54563
2023-06-28 13:59:51,65,67,20400,54563
2023-06-28 14:00:01,65,66,20400,54563
2023-06-28 14:00:04,64,66,20381,54582
2023-06-28 14:00:05,64,65,20381,54582
2023-06-28 14:00:10,62,65,20381,54582
2023-06-28 14:00:18,63,65,20381,54582
2023-06-28 14:00:25,64,65,20381,54582
2023-06-28 14:00:26,64,66,20383,54584
2023-06-28 14:00:59,65,66,20383,54584
2023-06-28 14:01:05,64,66,20383,54584
2023-06-28 14:01:05,66,67,20388,54589
2023-06-28 14:01:10,64,67,20388,54589
2023-06-28 14:01:10,65,67,20388,54589
2023-06-28 14:01:17,65,66,20388,54589
2023-06-28 14:01:18,64,66,20388,54589
2023-06-28 14:01:18,63,66,20388,54589
2023-06-28 14:01:32,62,66,20388,54589
2023-06-28 14:01:32,62,65,20388,54589
2023-06-28 14:01:40,61,65,20388,54589
2023-06-28 14:01:40,61,64,20388,54589
2023-06-28 14:01:51,61,63,20388,54589
2023-06-28 14:01:52,61,62,20388,54589
2023-06-28 14:01:56,61,63,20388,54589
2023-06-28 14:02:02,61,62,20388,54589
2023-06-28 14:02:04,59,61,20383,54594
2023-06-28 14:02:10,59,62,20383,54594
2023-06-28 14:02:10,59,61,20383,54594
2023-06-28 14:02:19,59,60,20383,54594
2023-06-28 14:02:19,58,60,20383,54609
2023-06-28 14:02:19,58,59,20383,54609
2023-06-28 14:02:22,58,60,20383,54609
2023-06-28 14:02:24,58,61,20383,54609
2023-06-28 14:02:24,58,62,20383,54609
2023-06-28 14:02:25,58,60,20383,54609
2023-06-28 14:02:25,58,61,20383,54609
2023-06-28 14:02:25,58,60,20383,54609
2023-06-28 14:02:29,59,60,20383,54609
2023-06-28 14:02:31,58,60,20383,54609
2023-06-28 14:02:31,59,60,20383,54609
2023-06-28 14:02:31,59,62,20383,54609
2023-06-28 14:02:31,59,61,20383,54609
2023-06-28 14:02:40,59,60,20383,54609
2023-06-28 14:02:40,58,60,20383,54624
2023-06-28 14:02:40,58,59,20383,54624
2023-06-28 14:02:51,56,59,20368,54644
2023-06-28 14:02:51,56,58,20368,54644
2023-06-28 14:03:05,56,59,20368,54644
2023-06-28 14:03:05,56,58,20368,54644
2023-06-28 14:03:18,57,58,20368,54644
2023-06-28 14:03:18,57,58,20408,54684
2023-06-28 14:03:18,57,59,20408,54684
2023-06-28 14:03:18,57,58,20408,54684
2023-06-28 14:03:19,56,58,20408,54684
2023-06-28 14:03:26,57,58,20408,54684
2023-06-28 14:03:29,57,59,20408,54684
2023-06-28 14:03:34,57,58,20408,54684
2023-06-28 14:03:41,57,59,20408,54684
2023-06-28 14:03:41,57,58,20408,54684
2023-06-28 14:03:41,56,58,20368,54724
2023-06-28 14:03:51,56,57,20368,54724
2023-06-28 14:03:56,54,57,20328,54764
2023-06-28 14:04:06,54,58,20328,54764
2023-06-28 14:04:15,55,58,20328,54764
2023-06-28 14:04:27,55,57,20328,54764
2023-06-28 14:04:35,54,57,20328,54764
2023-06-28 14:04:37,54,56,20328,54764
2023-06-28 14:04:43,54,57,20328,54764
2023-06-28 14:04:47,54,58,20328,54764
2023-06-28 14:05:01,54,57,20328,54764
2023-06-28 14:05:14,54,58,20328,54764
2023-06-28 14:05:21,55,58,20328,54764
2023-06-28 14:05:21,55,59,20328,54764
2023-06-28 14:05:37,55,58,20328,54764
2023-06-28 14:05:43,55,57,20328,54764
2023-06-28 14:05:46,55,58,20328,54764
2023-06-28 14:06:01,55,59,20328,54764
2023-06-28 14:06:02,55,58,20328,54764
2023-06-28 14:06:15,55,57,20328,54764
2023-06-28 14:06:31,55,58,20328,54764
2023-06-28 14:06:34,55,59,20328,54764
2023-06-28 14:06:40,56,59,20328,54764
2023-06-28 14:06:58,56,58,20328,54764
2023-06-28 14:07:11,56,59,20328,54764
2023-06-28 14:07:19,56,58,20328,54764
2023-06-28 14:08:13,56,57,20328,54764
2023-06-28 14:08:14,55,57,20311,54781
2023-06-28 14:08:26,55,56,20311,54781
2023-06-28 14:08:26,54,56,20294,54798
2023-06-28 14:08:47,53,56,20254,54838
2023-06-28 14:08:49,53,55,20254,54838
2023-06-28 14:08:50,53,56,20254,54838
2023-06-28 14:09:14,54,56,20254,54838
2023-06-28 14:09:20,55,56,20254,54838
2023-06-28 14:09:30,54,56,20254,54838
2023-06-28 14:09:42,55,56,20254,54838
2023-06-28 14:10:12,55,56,20254,55038
2023-06-28 14:10:19,54,56,20254,55138
2023-06-28 14:10:22,53,56,20054,55338
2023-06-28 14:11:21,54,56,20054,55338
2023-06-28 14:11:41,55,56,20054,55338
2023-06-28 14:11:44,54,56,20054,55338
2023-06-28 14:11:51,55,56,20054,55338
2023-06-28 14:11:57,53,56,20054,55338
2023-06-28 14:12:10,52,56,20037,55355
2023-06-28 14:12:16,52,55,20037,55355
2023-06-28 14:12:29,52,54,20037,55355
2023-06-28 14:13:06,53,54,20037,55355
2023-06-28 14:13:16,53,55,20057,55375
2023-06-28 14:13:16,54,55,20057,55375
2023-06-28 14:13:24,55,56,20077,55395
2023-06-28 14:13:31,55,57,20097,55415
2023-06-28 14:13:32,56,57,20097,55415
2023-06-28 14:13:56,55,57,20097,55415
2023-06-28 14:14:00,54,57,20097,55415
2023-06-28 14:14:00,55,57,20097,55415
2023-06-28 14:15:12,54,57,20097,55415
2023-06-28 14:15:18,55,57,20097,55415
2023-06-28 14:15:25,56,57,20097,55415
2023-06-28 14:15:37,55,57,20097,55415
2023-06-28 14:16:06,56,57,20097,55415
2023-06-28 14:16:23,55,57,20097,55415
2023-06-28 14:16:51,54,57,20097,55415
2023-06-28 14:16:52,54,56,20097,55415
2023-06-28 14:16:55,53,56,20057,55455
2023-06-28 14:17:34,53,55,20057,55455
2023-06-28 14:17:44,53,54,20057,55455
2023-06-28 14:17:44,52,54,20017,55495
2023-06-28 14:17:50,52,55,20017,55495
2023-06-28 14:17:58,52,54,20017,55495
2023-06-28 14:18:00,52,53,20017,55495
2023-06-28 14:18:00,51,53,19977,55535
2023-06-28 14:18:01,49,53,19957,55605
2023-06-28 14:18:01,50,53,19957,55605
2023-06-28 14:18:03,49,53,19957,55605
2023-06-28 14:18:21,50,53,19957,55605
2023-06-28 14:18:26,51,53,19957,55605
2023-06-28 14:18:34,51,55,19997,55645
2023-06-28 14:18:44,52,55,19997,55645
2023-06-28 14:19:35,52,54,19997,55645
2023-06-28 14:19:42,51,54,19997,55685
2023-06-28 14:19:53,50,54,19997,55725
2023-06-28 14:19:57,51,54,19997,55725
2023-06-28 14:20:02,50,54,19997,55725
2023-06-28 14:20:07,51,54,19997,55725
2023-06-28 14:20:08,52,54,19997,55725
2023-06-28 14:20:14,51,54,20297,56025
2023-06-28 14:20:15,52,54,20297,56025
2023-06-28 14:20:19,51,54,20297,56025
2023-06-28 14:20:20,51,53,20297,56025
2023-06-28 14:20:28,51,52,20297,56025
2023-06-28 14:20:28,50,52,20297,56025
2023-06-28 14:20:38,50,51,20297,56025
2023-06-28 14:20:47,48,51,20297,56025
2023-06-28 14:20:49,48,50,20297,56025
2023-06-28 14:20:51,48,51,20297,56025
2023-06-28 14:20:51,48,50,20297,56025
2023-06-28 14:20:51,48,49,20297,56025
2023-06-28 14:20:52,46,49,20297,56025
2023-06-28 14:20:52,47,49,20297,56025
2023-06-28 14:20:53,47,50,20297,56025
2023-06-28 14:20:53,47,48,20297,56025
2023-06-28 14:20:54,47,50,20297,56025
2023-06-28 14:20:54,47,49,20297,56025
2023-06-28 14:21:01,47,48,20297,56025
2023-06-28 14:21:03,47,49,20297,56025
2023-06-28 14:21:03,48,49,20297,56025
2023-06-28 14:21:08,48,50,20317,56045
2023-06-28 14:21:20,48,49,20317,56045
2023-06-28 14:21:27,48,50,20317,56045
2023-06-28 14:21:29,48,49,20317,56045
2023-06-28 14:21:48,48,50,20317,56045
2023-06-28 14:21:50,49,50,20317,56045
2023-06-28 14:21:55,48,50,20317,56045
2023-06-28 14:21:55,49,50,20317,56045
2023-06-28 14:22:01,48,50,20317,56045
2023-06-28 14:22:02,48,49,20317,56045
2023-06-28 14:22:02,48,50,20317,56045
2023-06-28 14:22:03,48,49,20317,56045
2023-06-28 14:22:27,47,48,20297,56065
2023-06-28 14:22:41,46,47,20277,56085
2023-06-28 14:22:59,46,48,20297,56105
2023-06-28 14:23:00,47,48,20297,56105
2023-06-28 14:23:06,46,48,20297,56105
2023-06-28 14:23:07,46,47,20297,56105
2023-06-28 14:23:51,46,48,20297,56105
2023-06-28 14:23:53,47,48,20297,56105
2023-06-28 14:23:58,46,48,20297,56105
2023-06-28 14:23:58,46,47,20297,56105
2023-06-28 14:24:07,46,48,20297,56365
2023-06-28 14:24:31,47,48,20297,56365
2023-06-28 14:24:33,46,48,20297,56365
2023-06-28 14:24:34,47,48,20297,56365
2023-06-28 14:24:35,47,49,20317,56385
2023-06-28 14:24:49,46,49,20317,56385
2023-06-28 14:25:02,46,48,20317,56385
2023-06-28 14:25:17,46,47,20317,56385
2023-06-28 14:25:22,45,47,20277,56425
2023-06-28 14:25:30,45,48,20277,56425
2023-06-28 14:25:44,45,47,20277,56425
2023-06-28 14:25:45,45,46,20277,56425
2023-06-28 14:25:46,44,46,20237,56465
2023-06-28 14:25:49,44,47,20237,56465
2023-06-28 14:25:58,45,47,20237,56465
2023-06-28 14:26:17,46,47,20237,56465
2023-06-28 14:26:22,46,48,20257,56485
2023-06-28 14:26:22,47,48,20257,56485
2023-06-28 14:26:26,48,49,20277,56505
2023-06-28 14:26:32,47,49,20277,56505
2023-06-28 14:26:51,48,49,20277,56505
2023-06-28 14:26:58,49,50,20297,56525
2023-06-28 14:27:01,49,51,20337,56565
2023-06-28 14:27:01,50,51,20337,56565
2023-06-28 14:27:02,50,52,20357,56585
2023-06-28 14:27:02,51,52,20357,56585
2023-06-28 14:27:18,51,53,20377,56605
2023-06-28 14:27:43,52,53,20377,56605
2023-06-28 14:27:51,51,53,20377,56605
2023-06-28 14:28:02,52,53,20377,56605
2023-06-28 14:28:12,51,53,20377,56605
2023-06-28 14:28:13,52,53,20377,56605
2023-06-28 14:28:14,51,53,20377,56655
2023-06-28 14:28:15,51,52,20377,56655
2023-06-28 14:28:17,49,52,20357,56675
2023-06-28 14:28:49,49,51,20357,56675
2023-06-28 14:28:53,49,50,20357,56675
2023-06-28 14:28:53,48,50,20357,56675
2023-06-28 14:28:59,48,51,20357,56675
2023-06-28 14:29:02,48,52,20357,56675
2023-06-28 14:29:05,49,52,20357,56675
2023-06-28 14:29:22,50,52,20357,56675
2023-06-28 14:29:42,49,52,20357,56675
2023-06-28 14:29:52,50,52,20357,56675
2023-06-28 14:29:57,49,52,20357,56675
2023-06-28 14:30:00,50,52,20357,56675
2023-06-28 14:30:01,49,52,20357,56675
2023-06-28 14:30:03,50,52,20357,56675
2023-06-28 14:30:03,51,52,20357,56675
2023-06-28 14:30:15,50,52,20357,56675
2023-06-28 14:30:20,49,52,20357,56675
2023-06-28 14:30:44,49,51,20357,56675
2023-06-28 14:30:48,49,52,20357,56675
2023-06-28 14:30:54,49,51,20357,56675
2023-06-28 14:31:03,48,51,20357,56675
2023-06-28 14:31:06,48,52,20357,56675
2023-06-28 14:31:10,49,52,20357,56675
2023-06-28 14:31:24,49,51,20357,56675
2023-06-28 14:31:32,48,51,20357,56675
2023-06-28 14:31:35,48,50,20357,56675
2023-06-28 14:31:37,48,49,20357,56675
2023-06-28 14:31:42,47,49,20357,56675
2023-06-28 14:31:43,47,50,20357,56675
2023-06-28 14:31:49,47,51,20357,56675
2023-06-28 14:31:56,47,50,20357,56675
2023-06-28 14:32:00,47,51,20357,56675
2023-06-28 14:32:03,48,51,20357,56675
2023-06-28 14:32:03,49,51,20357,56675
2023-06-28 14:32:03,49,52,20357,56675
2023-06-28 14:32:03,49,51,20357,56675
2023-06-28 14:32:06,50,51,20357,56675
2023-06-28 14:32:17,50,52,20357,56675
2023-06-28 14:32:38,51,52,20357,56675
2023-06-28 14:32:45,51,53,20377,56695
2023-06-28 14:32:45,52,53,20377,56695
2023-06-28 14:32:52,51,53,20377,56695
2023-06-28 14:33:03,52,53,20377,56695
2023-06-28 14:33:06,53,54,20397,56715
2023-06-28 14:33:15,52,54,20397,56715
2023-06-28 14:33:38,52,53,20397,56715
2023-06-28 14:33:44,51,53,20397,56715
2023-06-28 14:33:47,51,54,20397,56715
2023-06-28 14:33:57,52,54,20397,56715
2023-06-28 14:34:08,51,54,20397,56715
2023-06-28 14:34:16,51,53,20397,56715
2023-06-28 14:34:19,51,52,20397,56715
2023-06-28 14:34:43,50,52,20397,56715
2023-06-28 14:34:43,48,52,20397,56715
2023-06-28 14:34:47,48,51,20397,56715
2023-06-28 14:34:58,48,50,20397,56715
2023-06-28 14:35:00,48,51,20397,56715
2023-06-28 14:35:18,48,52,20397,56715
2023-06-28 14:35:18,48,51,20397,56715
2023-06-28 14:35:32,48,50,20397,56715
2023-06-28 14:35:40,48,51,20397,56715
2023-06-28 14:35:50,48,52,20397,56715
2023-06-28 14:35:50,48,51,20397,56715
2023-06-28 14:35:52,48,52,20397,56715
2023-06-28 14:35:54,48,51,20397,56715
2023-06-28 14:36:01,48,52,20397,56715
2023-06-28 14:36:03,49,52,20397,56715
2023-06-28 14:36:08,49,53,20397,56715
2023-06-28 14:36:08,49,52,20397,56715
2023-06-28 14:36:14,49,51,20397,56715
2023-06-28 14:36:22,49,52,20397,56715
2023-06-28 14:36:27,49,51,20397,56715
2023-06-28 14:36:31,49,52,20397,56715
2023-06-28 14:36:47,49,53,20397,56715
2023-06-28 14:36:56,49,52,20397,56715
2023-06-28 14:36:57,49,51,20397,56715
2023-06-28 14:37:07,48,51,20397,56715
2023-06-28 14:37:11,48,50,20397,56715
2023-06-28 14:37:13,48,51,20397,56715
2023-06-28 14:37:14,48,52,20397,56715
2023-06-28 14:37:15,49,52,20397,56715
2023-06-28 14:37:16,49,53,20397,56715
2023-06-28 14:37:16,49,52,20397,56715
2023-06-28 14:37:19,50,52,20397,56715
2023-06-28 14:37:21,51,52,20397,56715
2023-06-28 14:37:22,50,52,20397,56715
2023-06-28 14:37:23,51,52,20397,56715
2023-06-28 14:37:27,51,55,20437,56755
2023-06-28 14:37:27,51,54,20437,56755
2023-06-28 14:37:27,52,54,20437,56755
2023-06-28 14:37:27,52,55,20437,56755
2023-06-28 14:37:28,52,54,20437,56755
2023-06-28 14:37:32,52,55,20437,56755
2023-06-28 14:37:49,53,55,20437,56755
2023-06-28 14:37:49,54,55,20437,56755
2023-06-28 14:37:51,54,56,20457,56775
2023-06-28 14:37:51,55,56,20457,56775
2023-06-28 14:37:52,55,58,20519,56837
2023-06-28 14:37:52,55,57,20519,56837
2023-06-28 14:37:52,55,58,20519,56837
2023-06-28 14:37:52,56,58,20519,56837
2023-06-28 14:37:52,57,58,20519,56837
2023-06-28 14:37:53,57,59,20519,56887
2023-06-28 14:37:54,58,59,20519,56887
2023-06-28 14:37:57,58,60,20648,57116
2023-06-28 14:37:57,59,60,20648,57116
2023-06-28 14:37:58,59,60,20668,57136
2023-06-28 14:37:58,59,62,20668,57136
2023-06-28 14:37:58,59,63,20668,57136
2023-06-28 14:37:59,60,63,20668,57136
2023-06-28 14:38:00,60,62,20668,57136
2023-06-28 14:38:01,61,62,20668,57136
2023-06-28 14:38:01,61,62,20668,57136
2023-06-28 14:38:02,61,63,20688,57156
2023-06-28 14:38:03,62,63,20688,57156
2023-06-28 14:38:03,62,65,20688,57156
2023-06-28 14:38:03,62,64,20688,57156
2023-06-28 14:38:03,63,64,20688,57156
2023-06-28 14:38:04,63,65,20688,57156
2023-06-28 14:38:04,63,67,20688,57156
2023-06-28 14:38:04,62,67,20688,57156
2023-06-28 14:38:04,62,66,20688,57156
2023-06-28 14:38:04,62,64,20688,57156
2023-06-28 14:38:04,62,66,20688,57156
2023-06-28 14:38:04,62,64,20688,57156
2023-06-28 14:38:04,62,63,20688,57156
2023-06-28 14:38:06,61,63,20688,57156
2023-06-28 14:38:06,61,64,20688,57156
2023-06-28 14:38:06,61,63,20688,57156
2023-06-28 14:38:07,61,64,20688,57156
2023-06-28 14:38:11,60,64,20688,57156
2023-06-28 14:38:11,60,62,20688,57156
2023-06-28 14:38:17,60,64,20688,57156
2023-06-28 14:38:17,60,63,20688,57156
2023-06-28 14:38:17,60,61,20688,57156
2023-06-28 14:38:28,60,63,20688,57156
2023-06-28 14:38:28,60,62,20688,57156
2023-06-28 14:38:38,61,62,20688,57156
2023-06-28 14:38:38,61,63,20708,57176
2023-06-28 14:38:45,62,63,20708,57176
2023-06-28 14:39:06,61,63,20708,57176
2023-06-28 14:39:12,61,62,20708,57176
2023-06-28 14:39:27,61,63,20708,57176
2023-06-28 14:39:35,61,62,20708,57176
2023-06-28 14:39:49,61,63,20708,57176
2023-06-28 14:39:53,61,62,20708,57176
2023-06-28 14:39:55,61,63,20708,57176
2023-06-28 14:40:03,62,63,20708,57176
2023-06-28 14:40:27,62,63,20718,57186
2023-06-28 14:40:27,63,64,20728,57196
2023-06-28 14:40:32,64,65,20748,57216
2023-06-28 14:40:46,65,67,20768,57236
2023-06-28 14:40:46,66,67,20768,57236
2023-06-28 14:40:52,65,67,20768,57236
2023-06-28 14:40:57,65,66,20768,57236
2023-06-28 14:41:00,65,67,20768,57236
2023-06-28 14:41:14,65,66,20768,57236
2023-06-28 14:41:17,63,66,20768,57236
2023-06-28 14:41:18,63,65,20768,57236
2023-06-28 14:41:18,63,64,20768,57236
2023-06-28 14:41:19,61,64,20768,57236
2023-06-28 14:41:19,62,64,20768,57236
2023-06-28 14:41:19,62,65,20768,57236
2023-06-28 14:41:20,62,63,20768,57236
2023-06-28 14:41:20,62,65,20768,57236
2023-06-28 14:41:20,62,64,20768,57236
2023-06-28 14:41:23,62,65,20768,57236
2023-06-28 14:41:23,61,65,20768,57236
2023-06-28 14:41:23,61,63,20768,57236
2023-06-28 14:41:28,61,65,20768,57236
2023-06-28 14:41:28,61,64,20768,57236
2023-06-28 14:41:29,62,64,20768,57236
2023-06-28 14:41:31,61,64,20768,57236
2023-06-28 14:41:32,61,65,20768,57236
2023-06-28 14:41:32,61,63,20768,57236
2023-06-28 14:41:49,61,64,20768,57236
2023-06-28 14:41:49,61,62,20768,57236
2023-06-28 14:41:54,61,64,20768,57236
2023-06-28 14:41:54,61,63,20768,57236
2023-06-28 14:42:04,61,64,20768,57236
2023-06-28 14:42:04,61,63,20768,57236
2023-06-28 14:42:05,61,62,20768,57236
2023-06-28 14:42:06,61,62,20748,57256
2023-06-28 14:42:11,60,62,20728,57276
2023-06-28 14:42:11,60,61,20728,57276
2023-06-28 14:42:12,57,61,20728,57276
2023-06-28 14:42:12,57,60,20728,57276
2023-06-28 14:42:15,57,59,20728,57276
2023-06-28 14:42:16,57,58,20728,57276
2023-06-28 14:42:25,57,59,20728,57276
2023-06-28 14:42:29,56,59,20728,57276
2023-06-28 14:42:31,56,60,20728,57276
2023-06-28 14:42:38,56,59,20728,57276
2023-06-28 14:42:41,56,58,20728,57276
2023-06-28 14:42:45,56,57,20728,57276
2023-06-28 14:42:55,56,58,20728,57276
2023-06-28 14:43:03,56,59,20728,57276
2023-06-28 14:43:05,56,58,20728,57276
2023-06-28 14:43:09,56,57,20728,57276
2023-06-28 14:43:13,53,57,20728,57276
2023-06-28 14:43:14,54,57,20728,57276
2023-06-28 14:43:21,53,57,20728,57276
2023-06-28 14:43:23,53,56,20728,57276
2023-06-28 14:43:37,53,55,20728,57276
2023-06-28 14:43:41,53,56,20728,57276
2023-06-28 14:43:53,54,56,20728,57276
2023-06-28 14:43:55,54,55,20728,57276
2023-06-28 14:43:58,54,55,20728,57326
2023-06-28 14:43:58,53,55,20688,57366
2023-06-28 14:44:00,53,54,20688,57366
2023-06-28 14:44:01,52,54,20688,57366
2023-06-28 14:44:03,52,55,20688,57366
2023-06-28 14:44:22,52,54,20688,57366
2023-06-28 14:44:34,52,56,20688,57366
2023-06-28 14:44:36,52,55,20688,57366
2023-06-28 14:44:38,52,56,20688,57366
2023-06-28 14:44:40,53,56,20688,57366
2023-06-28 14:44:40,53,57,20688,57366
2023-06-28 14:45:01,54,57,20688,57366
2023-06-28 14:45:02,54,58,20688,57366
2023-06-28 14:45:03,55,58,20688,57366
2023-06-28 14:45:05,55,59,20688,57366
2023-06-28 14:45:05,55,58,20688,57366
2023-06-28 14:45:06,56,58,20688,57366
2023-06-28 14:45:07,56,59,20688,57366
2023-06-28 14:45:15,56,60,20688,57366
2023-06-28 14:45:31,56,59,20688,57366
2023-06-28 14:46:08,57,59,20688,57366
2023-06-28 14:46:12,58,59,20688,57366
2023-06-28 14:46:15,58,62,20688,57416
2023-06-28 14:46:15,59,62,20688,57416
2023-06-28 14:46:17,59,63,20688,57416
2023-06-28 14:46:17,59,62,20688,57416
2023-06-28 14:46:24,59,63,20688,57416
2023-06-28 14:46:26,59,62,20688,57416
2023-06-28 14:46:33,59,63,20688,57416
2023-06-28 14:46:35,60,63,20688,57416
2023-06-28 14:46:37,59,63,20688,57416
2023-06-28 14:46:38,59,62,20688,57416
2023-06-28 14:46:40,60,62,20688,57416
2023-06-28 14:46:40,60,63,20688,57416
2023-06-28 14:46:46,60,64,20688,57416
2023-06-28 14:46:46,60,63,20688,57416
2023-06-28 14:46:56,60,62,20688,57416
2023-06-28 14:46:59,59,62,20648,57456
2023-06-28 14:47:12,60,62,20648,57456
2023-06-28 14:47:18,61,62,20648,57456
2023-06-28 14:47:24,60,62,20648,57456
2023-06-28 14:47:25,59,62,20648,57456
2023-06-28 14:47:25,60,62,20648,57456
2023-06-28 14:47:28,59,62,20648,57456
2023-06-28 14:47:43,59,61,20648,57456
2023-06-28 14:47:45,59,62,20648,57456
2023-06-28 14:48:00,60,62,20648,57456
2023-06-28 14:48:00,61,62,20648,57456
2023-06-28 14:48:12,60,62,20648,57456
2023-06-28 14:48:18,61,62,20648,57456
2023-06-28 14:48:34,61,63,20668,57476
2023-06-28 14:48:45,62,63,20668,57476
2023-06-28 14:48:49,61,63,20668,57476
2023-06-28 14:48:56,60,63,20648,57496
2023-06-28 14:48:57,59,63,20648,57496
2023-06-28 14:48:59,59,62,20648,57496
2023-06-28 14:49:01,59,63,20648,57496
2023-06-28 14:49:03,60,63,20648,57496
2023-06-28 14:49:10,61,63,20648,57496
2023-06-28 14:49:44,62,63,20648,57496
2023-06-28 14:49:46,63,64,20668,57516
2023-06-28 14:50:14,63,65,20688,57536
2023-06-28 14:50:14,64,65,20688,57536
2023-06-28 14:50:17,64,67,20708,57556
2023-06-28 14:50:17,65,67,20708,57556
2023-06-28 14:50:28,64,67,20708,57556
2023-06-28 14:50:31,65,67,20708,57556
2023-06-28 14:50:35,66,67,20708,57556
2023-06-28 14:50:35,66,68,20728,57576
2023-06-28 14:50:35,67,68,20728,57576
2023-06-28 14:50:40,65,68,20728,57576
2023-06-28 14:50:43,64,68,20728,57576
2023-06-28 14:50:43,65,68,20728,57576
2023-06-28 14:50:45,64,68,20728,57576
2023-06-28 14:51:02,65,68,20728,57576
2023-06-28 14:51:04,66,68,20728,57576
2023-06-28 14:51:24,66,67,20728,57576
2023-06-28 14:51:27,65,67,20728,57576
2023-06-28 14:51:31,64,67,20728,57596
2023-06-28 14:51:32,64,68,20728,57596
2023-06-28 14:51:32,65,68,20728,57596
2023-06-28 14:51:40,65,67,20728,57596
2023-06-28 14:51:44,65,66,20728,57596
2023-06-28 14:51:45,65,67,20728,57596
2023-06-28 14:51:51,65,66,20728,57596
2023-06-28 14:51:51,64,66,20728,57596
2023-06-28 14:51:54,64,67,20728,57596
2023-06-28 14:52:01,64,66,20728,57596
2023-06-28 14:52:02,64,67,20728,57596
2023-06-28 14:52:02,64,66,20728,57596
2023-06-28 14:52:18,64,65,20728,57596
2023-06-28 14:52:18,63,65,20688,57636
2023-06-28 14:52:19,63,64,20688,57636
2023-06-28 14:52:23,63,65,20688,57636
2023-06-28 14:52:33,62,65,20688,57636
2023-06-28 14:52:38,63,65,20688,57636
2023-06-28 14:52:42,64,65,20688,57636
2023-06-28 14:52:53,63,65,20688,57636
2023-06-28 14:53:04,62,65,20688,57636
2023-06-28 14:53:06,63,65,20688,57636
2023-06-28 14:53:07,62,65,20688,57636
2023-06-28 14:53:15,63,65,20688,57636
2023-06-28 14:53:26,64,65,20688,57636
2023-06-28 14:53:43,63,65,20688,57636
2023-06-28 14:53:49,62,65,20688,57636
2023-06-28 14:54:13,62,64,20688,57636
2023-06-28 14:54:14,62,63,20688,57636
2023-06-28 14:54:15,61,63,20668,57656
2023-06-28 14:54:21,59,63,20668,57656
2023-06-28 14:54:23,60,63,20668,57656
2023-06-28 14:54:34,59,63,20668,57656
2023-06-28 14:54:35,60,63,20668,57656
2023-06-28 14:54:39,61,63,20668,57656
2023-06-28 14:54:45,62,63,20668,57656
2023-06-28 14:54:47,62,65,20688,57676
2023-06-28 14:54:49,63,65,20688,57676
2023-06-28 14:55:01,62,65,20688,57676
2023-06-28 14:55:03,63,65,20688,57676
2023-06-28 14:55:04,64,65,20688,57676
2023-06-28 14:55:07,64,66,20708,57696
2023-06-28 14:55:07,65,66,20708,57696
2023-06-28 14:55:07,65,68,20728,57716
2023-06-28 14:55:07,66,68,20728,57716
2023-06-28 14:55:07,67,68,20728,57716
2023-06-28 14:55:08,66,68,20728,57716
2023-06-28 14:55:08,66,70,20728,57716
2023-06-28 14:55:08,66,69,20728,57716
2023-06-28 14:55:09,66,69,20828,57816
2023-06-28 14:55:09,66,68,20828,57816
2023-06-28 14:55:18,67,68,20828,57816
2023-06-28 14:55:30,67,69,20848,57836
2023-06-28 14:55:33,68,69,20848,57836
2023-06-28 14:55:33,69,70,20868,57856
2023-06-28 14:55:52,67,70,20868,57856
2023-06-28 14:55:52,68,70,20868,57856
2023-06-28 14:55:53,68,69,20868,57856
2023-06-28 14:55:59,67,69,20868,57856
2023-06-28 14:56:00,67,70,20868,57856
2023-06-28 14:56:00,67,68,20868,57856
2023-06-28 14:56:04,67,70,20868,57856
2023-06-28 14:56:04,67,69,20868,57856
2023-06-28 14:56:07,67,70,20868,57856
2023-06-28 14:56:07,67,68,20868,57856
2023-06-28 14:56:08,67,70,20868,57856
2023-06-28 14:56:08,67,69,20868,57856
2023-06-28 14:56:13,68,69,20868,57856
2023-06-28 14:56:17,68,70,20868,57856
2023-06-28 14:56:19,69,70,20868,57856
2023-06-28 14:56:27,69,72,20888,57876
2023-06-28 14:56:27,69,71,20888,57876
2023-06-28 14:56:31,70,71,20888,57876
2023-06-28 14:56:37,70,71,20913,57901
2023-06-28 14:56:40,68,70,20913,57976
2023-06-28 14:56:40,68,69,20913,57976
2023-06-28 14:56:43,67,69,20913,57976
2023-06-28 14:56:43,68,69,20913,57976
2023-06-28 14:56:46,67,69,20913,57976
2023-06-28 14:56:46,68,69,20913,57976
2023-06-28 14:56:49,68,71,20913,57976
2023-06-28 14:56:49,68,70,20913,57976
2023-06-28 14:56:50,68,71,20913,57976
2023-06-28 14:56:50,68,69,20913,57976
2023-06-28 14:57:05,68,71,20913,57976
2023-06-28 14:57:05,68,70,20913,57976
2023-06-28 14:57:12,68,71,20913,57976
2023-06-28 14:57:12,68,69,20913,57976
2023-06-28 14:57:18,68,71,20913,57976
2023-06-28 14:57:18,68,70,20913,57976
2023-06-28 14:57:24,68,71,20913,57976
2023-06-28 14:57:24,68,69,20913,57976
2023-06-28 14:57:27,68,71,20913,57976
2023-06-28 14:57:27,68,70,20913,57976
2023-06-28 14:57:33,68,71,20913,57976
2023-06-28 14:57:33,68,69,20913,57976
2023-06-28 14:57:38,68,71,20913,57976
2023-06-28 14:57:38,68,70,20913,57976
2023-06-28 14:57:41,68,71,20913,57976
2023-06-28 14:57:41,68,69,20913,57976
2023-06-28 14:57:49,67,69,20913,57976
2023-06-28 14:57:51,67,70,20913,57976
2023-06-28 14:57:51,67,68,20913,57976
2023-06-28 14:58:06,67,69,20913,57976
2023-06-28 14:58:06,67,70,20913,57976
2023-06-28 14:58:06,67,69,20913,57976
2023-06-28 14:58:11,68,69,20913,57976
2023-06-28 14:58:11,68,71,20913,57976
2023-06-28 14:58:11,68,70,20913,57976
2023-06-28 14:58:20,69,70,20913,57976
2023-06-28 14:58:36,69,71,20913,57976
2023-06-28 14:58:39,69,70,20913,57976
2023-06-28 14:58:42,69,71,20913,57976
2023-06-28 14:58:47,70,71,20913,57976
2023-06-28 14:58:47,70,72,20933,57996
2023-06-28 14:58:59,70,71,20933,57996
2023-06-28 14:59:09,70,72,20933,57996
2023-06-28 14:59:13,71,72,20933,57996
2023-06-28 14:59:16,70,72,20933,57996
2023-06-28 14:59:18,70,73,20908,58041
2023-06-28 14:59:20,70,72,20908,58041
2023-06-28 14:59:20,70,71,20908,58041
2023-06-28 14:59:23,69,71,20888,58161
2023-06-28 14:59:23,69,70,20888,58161
2023-06-28 14:59:34,69,71,20888,58461
2023-06-28 14:59:35,69,70,20888,58461
2023-06-28 14:59:43,69,71,20888,58461
2023-06-28 14:59:46,69,70,20888,58461
2023-06-28 14:59:51,68,70,20868,58481
2023-06-28 15:00:01,68,69,20868,58481
2023-06-28 15:00:01,66,69,20828,58521
2023-06-28 15:00:02,66,68,20828,58521
2023-06-28 15:00:02,66,68,20828,58551
2023-06-28 15:00:05,66,67,20828,58551
2023-06-28 15:00:07,64,67,20788,58591
2023-06-28 15:00:08,65,67,20788,58591
2023-06-28 15:00:22,63,67,20788,58591
2023-06-28 15:00:22,64,67,20788,58591
2023-06-28 15:00:23,64,66,20788,58591
2023-06-28 15:00:26,62,66,20788,58591
2023-06-28 15:00:26,62,65,20788,58591
2023-06-28 15:00:26,61,65,20788,58591
2023-06-28 15:00:26,63,65,20788,58591
2023-06-28 15:00:38,64,65,20788,58591
2023-06-28 15:00:39,64,66,20788,58591
2023-06-28 15:00:42,63,66,20788,58591
2023-06-28 15:00:43,63,65,20788,58591
2023-06-28 15:00:44,63,66,20788,58591
2023-06-28 15:00:45,64,66,20788,58591
2023-06-28 15:00:52,64,66,20813,58651
2023-06-28 15:00:56,64,67,20813,58651
2023-06-28 15:01:01,64,66,20813,58651
2023-06-28 15:01:04,64,67,20813,58651
2023-06-28 15:01:04,65,67,20813,58651
2023-06-28 15:01:05,64,67,20813,58651
2023-06-28 15:01:05,66,67,20813,58651
2023-06-28 15:01:06,64,67,20813,58651
2023-06-28 15:01:06,65,67,20813,58651
2023-06-28 15:01:06,66,67,20813,58651
2023-06-28 15:01:06,65,67,20813,58651
2023-06-28 15:01:06,65,67,20616,58951
2023-06-28 15:01:06,66,67,20616,58951
2023-06-28 15:01:06,66,70,20616,58951
2023-06-28 15:01:06,66,68,20616,58951
2023-06-28 15:01:06,65,68,20616,58951
2023-06-28 15:01:06,66,68,20616,58951
2023-06-28 15:01:07,67,68,20616,58951
2023-06-28 15:01:12,67,71,20636,58971
2023-06-28 15:01:12,67,70,20636,58971
2023-06-28 15:01:12,67,71,20636,58971
2023-06-28 15:01:13,68,71,20636,58971
2023-06-28 15:01:13,68,71,20656,58991
2023-06-28 15:01:13,68,70,20656,58991
2023-06-28 15:01:15,68,72,20656,59011
2023-06-28 15:01:16,69,72,20656,59011
2023-06-28 15:01:16,69,70,20656,59011
2023-06-28 15:01:21,69,73,20676,59031
2023-06-28 15:01:21,69,72,20676,59031
2023-06-28 15:01:21,70,72,20676,59031
2023-06-28 15:01:23,71,72,20676,59031
2023-06-28 15:01:23,71,73,20676,59031
2023-06-28 15:01:23,71,74,20676,59031
2023-06-28 15:01:24,71,73,20676,59031
2023-06-28 15:01:25,70,73,20676,59031
2023-06-28 15:01:39,71,73,20676,59031
2023-06-28 15:01:40,72,73,20676,59031
2023-06-28 15:01:40,72,73,20703,59058
2023-06-28 15:01:44,72,76,20720,59075
2023-06-28 15:01:44,73,76,20720,59075
2023-06-28 15:01:52,74,76,20720,59075
2023-06-28 15:01:56,73,76,20720,59075
2023-06-28 15:02:07,72,76,20720,59075
2023-06-28 15:02:13,73,76,20720,59075
2023-06-28 15:02:17,74,76,20720,59075
2023-06-28 15:02:18,75,76,20720,59075
2023-06-28 15:02:18,75,76,20765,59120
2023-06-28 15:02:21,74,76,20765,59120
2023-06-28 15:02:30,75,76,20765,59120
2023-06-28 15:02:37,75,77,20785,59140
2023-06-28 15:02:40,74,77,20785,59140
2023-06-28 15:02:40,74,76,20785,59140
2023-06-28 15:02:40,74,77,20785,59185
2023-06-28 15:02:42,74,78,20805,59205
2023-06-28 15:02:42,74,77,20805,59205
2023-06-28 15:02:47,75,77,20805,59205
2023-06-28 15:02:48,76,77,20805,59205
2023-06-28 15:02:48,76,77,20928,59328
2023-06-28 15:02:48,76,78,20928,59328
2023-06-28 15:03:01,76,77,20938,59338
2023-06-28 15:03:22,75,77,20938,59338
2023-06-28 15:03:23,75,78,20938,59338
2023-06-28 15:03:23,75,76,20938,59338
2023-06-28 15:03:25,75,78,20938,59338
2023-06-28 15:03:25,75,77,20938,59338
2023-06-28 15:03:29,75,77,20937,59339
2023-06-28 15:03:30,76,77,20937,59339
2023-06-28 15:03:30,76,78,20937,59339
2023-06-28 15:03:30,76,79,20957,59359
2023-06-28 15:03:30,76,78,20957,59359
2023-06-28 15:03:31,78,79,20957,59492
2023-06-28 15:03:31,78,81,20957,59492
2023-06-28 15:03:32,77,81,20957,59492
2023-06-28 15:03:32,78,81,20957,59492
2023-06-28 15:03:35,78,82,20957,59492
2023-06-28 15:03:35,78,81,20957,59492
2023-06-28 15:03:37,79,81,20957,59492
2023-06-28 15:03:47,80,81,20957,59492
2023-06-28 15:03:47,80,81,21077,59612
2023-06-28 15:03:47,80,82,21097,59632
2023-06-28 15:03:57,80,81,21097,59632
2023-06-28 15:04:05,80,82,21097,59632
2023-06-28 15:04:06,81,82,21097,59632
2023-06-28 15:04:12,82,83,21117,59652
2023-06-28 15:04:12,82,83,21196,59731
2023-06-28 15:04:13,81,83,21196,59731
2023-06-28 15:04:16,81,84,21196,59731
2023-06-28 15:04:16,81,82,21196,59731
2023-06-28 15:04:20,80,82,21196,59731
2023-06-28 15:04:21,81,82,21196,59731
2023-06-28 15:04:23,81,83,21196,59731
2023-06-28 15:04:26,81,82,21196,59731
2023-06-28 15:04:40,80,81,21176,59751
2023-06-28 15:05:07,80,81,21176,59756
2023-06-28 15:05:20,80,83,21176,59756
2023-06-28 15:05:20,80,82,21176,59756
2023-06-28 15:05:22,81,82,21176,59756
2023-06-28 15:05:33,82,83,21196,59776
2023-06-28 15:05:38,83,84,21216,59796
2023-06-28 15:05:38,82,84,21396,59976
2023-06-28 15:05:41,83,84,21396,59976
2023-06-28 15:05:42,83,86,21396,59976
