datetime,bid,ask,open_interest,volume
2023-06-28 09:30:08,29,31,858,2170
2023-06-28 09:30:09,27,31,862,2174
2023-06-28 09:30:13,28,31,862,2174
2023-06-28 09:30:13,30,31,862,2174
2023-06-28 09:30:14,28,31,862,2474
2023-06-28 09:30:36,30,31,862,2474
2023-06-28 09:30:39,28,31,862,2474
2023-06-28 09:30:39,30,31,862,2474
2023-06-28 09:30:51,28,31,862,2624
2023-06-28 09:30:59,27,31,862,2624
2023-06-28 09:30:59,28,31,862,2624
2023-06-28 09:31:00,28,30,862,2624
2023-06-28 09:31:04,27,30,887,2849
2023-06-28 09:31:05,27,29,887,2849
2023-06-28 09:31:11,27,30,887,2849
2023-06-28 09:31:11,27,29,887,2849
2023-06-28 09:31:26,27,28,887,2849
2023-06-28 09:31:26,26,28,892,2854
2023-06-28 09:31:27,24,28,1141,3154
2023-06-28 09:31:27,26,28,1141,3154
2023-06-28 09:31:28,24,28,1341,3354
2023-06-28 09:31:31,25,28,1341,3354
2023-06-28 09:31:32,25,27,1341,3354
2023-06-28 09:31:33,24,27,1591,3604
2023-06-28 09:31:34,24,28,1591,3604
2023-06-28 09:31:36,24,26,1591,3604
2023-06-28 09:32:05,24,25,1591,3604
2023-06-28 09:32:13,23,24,1591,3639
2023-06-28 09:32:30,23,25,1591,3639
2023-06-28 09:32:30,23,24,1591,3639
2023-06-28 09:32:32,23,25,1515,3739
2023-06-28 09:32:48,23,24,1515,3739
2023-06-28 09:33:28,23,24,1435,3819
2023-06-28 09:33:45,23,25,1210,4044
2023-06-28 09:33:48,24,25,1210,4044
2023-06-28 09:33:57,24,25,1210,4294
2023-06-28 09:33:58,24,27,1210,4294
2023-06-28 09:33:58,24,28,1210,4294
2023-06-28 09:33:59,23,28,1210,4294
2023-06-28 09:33:59,23,26,1210,4294
2023-06-28 09:34:01,23,25,1210,4294
2023-06-28 09:34:03,24,25,1210,4294
2023-06-28 09:34:05,24,26,1210,4294
2023-06-28 09:34:26,23,26,1410,4494
2023-06-28 09:34:36,24,26,1410,4494
2023-06-28 09:34:54,25,26,1410,4494
2023-06-28 09:35:03,25,27,1390,4539
2023-06-28 09:35:12,25,26,1390,4539
2023-06-28 09:35:27,24,26,1390,4539
2023-06-28 09:35:56,25,26,1390,4539
2023-06-28 09:35:58,25,27,1440,4589
2023-06-28 09:36:11,25,26,1440,4589
2023-06-28 09:36:17,24,26,1440,4589
2023-06-28 09:36:23,24,27,1440,4589
2023-06-28 09:36:31,25,27,1440,4589
2023-06-28 09:38:03,26,27,1440,4589
2023-06-28 09:38:30,26,28,1485,4634
2023-06-28 09:39:06,27,28,1485,4634
2023-06-28 09:39:21,26,28,1485,4634
2023-06-28 09:39:36,27,28,1485,4634
2023-06-28 09:39:44,26,28,1485,4634
2023-06-28 09:39:59,27,28,1485,4634
2023-06-28 09:40:01,26,28,1485,4634
2023-06-28 09:40:49,27,28,1485,4634
2023-06-28 09:40:50,27,29,1485,4684
2023-06-28 09:41:10,28,29,1485,4684
2023-06-28 09:41:11,28,30,1485,4734
2023-06-28 09:41:15,27,30,1485,4734
2023-06-28 09:41:32,28,30,1485,4734
2023-06-28 09:41:36,27,30,1485,4734
2023-06-28 09:41:37,28,30,1485,4734
2023-06-28 09:41:49,29,30,1485,4734
2023-06-28 09:41:58,29,32,1385,4884
2023-06-28 09:42:01,29,31,1385,4884
2023-06-28 09:42:19,30,31,1385,4884
2023-06-28 09:42:23,30,32,1235,5084
2023-06-28 09:42:47,30,31,1235,5084
2023-06-28 09:42:56,30,32,1235,5084
2023-06-28 09:42:56,30,31,1235,5084
2023-06-28 09:42:58,30,31,1235,5160
2023-06-28 09:43:02,29,31,1235,5184
2023-06-28 09:44:17,29,30,1235,5184
2023-06-28 09:44:35,28,30,1235,5234
2023-06-28 09:44:36,28,29,1235,5234
2023-06-28 09:44:39,27,29,1238,5311
2023-06-28 09:44:41,26,29,1272,5441
2023-06-28 09:44:43,26,28,1272,5441
2023-06-28 09:44:46,27,28,1272,5441
2023-06-28 09:44:59,26,28,1272,5441
2023-06-28 09:45:15,26,27,1272,5441
2023-06-28 09:45:16,26,27,1472,5641
2023-06-28 09:45:16,26,27,1552,5721
2023-06-28 09:45:17,25,27,1555,5724
2023-06-28 09:45:19,24,27,1655,5824
2023-06-28 09:45:23,24,26,1655,5824
2023-06-28 09:45:26,24,27,1655,5824
2023-06-28 09:45:26,24,26,1655,5824
2023-06-28 09:45:31,24,27,1655,5824
2023-06-28 09:45:31,24,26,1655,5824
2023-06-28 09:45:40,25,26,1655,5824
2023-06-28 09:45:44,24,26,1655,5824
2023-06-28 09:45:44,24,27,1655,5824
2023-06-28 09:45:48,24,26,1655,5824
2023-06-28 09:45:49,23,26,1755,5924
2023-06-28 09:46:13,22,26,1905,6074
2023-06-28 09:46:14,22,25,1905,6074
2023-06-28 09:46:15,22,25,2105,6474
2023-06-28 09:46:16,22,23,2105,6474
2023-06-28 09:46:16,21,23,2165,6534
2023-06-28 09:46:16,22,23,2165,6534
2023-06-28 09:46:36,21,22,2165,6584
2023-06-28 09:46:46,20,21,2165,6634
2023-06-28 09:46:51,20,23,2165,6634
2023-06-28 09:46:51,20,22,2165,6634
2023-06-28 09:47:10,21,22,2165,6634
2023-06-28 09:47:15,20,22,2165,6634
2023-06-28 09:47:17,21,22,2165,6634
2023-06-28 09:47:37,21,23,2165,6764
2023-06-28 09:47:38,22,23,2165,6764
2023-06-28 09:47:42,22,24,2165,6894
2023-06-28 09:47:43,23,24,2165,6894
2023-06-28 09:47:44,22,24,2165,6894
2023-06-28 09:47:46,23,24,2165,6894
2023-06-28 09:47:55,24,25,2165,7024
2023-06-28 09:47:56,23,25,2165,7024
2023-06-28 09:48:00,24,25,2165,7024
2023-06-28 09:48:05,24,26,2221,7154
2023-06-28 09:48:09,25,26,2221,7154
2023-06-28 09:48:18,25,27,2345,7278
2023-06-28 09:48:35,25,26,2345,7278
2023-06-28 09:48:41,24,26,2345,7278
2023-06-28 09:48:45,24,27,2345,7278
2023-06-28 09:48:45,24,26,2345,7278
2023-06-28 09:49:12,24,27,2345,7278
2023-06-28 09:49:16,24,26,2345,7278
2023-06-28 09:49:27,24,27,2345,7278
2023-06-28 09:49:27,24,26,2345,7278
2023-06-28 09:50:01,24,25,2345,7278
2023-06-28 09:50:09,24,25,2245,7378
2023-06-28 09:50:12,21,25,2245,7378
2023-06-28 09:50:25,21,24,2245,7378
2023-06-28 09:50:38,21,23,2245,7378
2023-06-28 09:50:48,21,22,2245,7378
2023-06-28 09:51:01,21,23,2245,7378
2023-06-28 09:51:03,21,22,2245,7378
2023-06-28 09:51:13,21,23,2245,7378
2023-06-28 09:51:18,21,25,2245,7378
2023-06-28 09:51:18,21,24,2245,7378
2023-06-28 09:51:20,21,25,2245,7378
2023-06-28 09:51:21,21,24,2245,7378
2023-06-28 09:51:39,22,24,2245,7378
2023-06-28 09:51:40,21,24,2245,7378
2023-06-28 09:51:40,23,24,2245,7378
2023-06-28 09:51:53,23,26,2295,7428
2023-06-28 09:51:55,24,26,2295,7428
2023-06-28 09:52:07,25,26,2295,7428
2023-06-28 09:53:17,24,26,2295,7428
2023-06-28 09:53:28,24,25,2295,7428
2023-06-28 09:53:34,23,24,2165,7558
2023-06-28 09:53:35,23,25,2165,7558
2023-06-28 09:53:54,23,24,2165,7558
2023-06-28 09:54:00,23,25,2165,7558
2023-06-28 09:54:06,23,24,2165,7558
2023-06-28 09:54:17,22,24,2165,7558
2023-06-28 09:55:05,23,24,2165,7558
2023-06-28 09:55:08,22,24,2165,7558
2023-06-28 09:55:09,23,24,2165,7558
2023-06-28 09:55:15,23,24,2185,7578
2023-06-28 09:55:15,23,24,2255,7648
2023-06-28 09:55:48,22,24,2315,7708
2023-06-28 09:56:32,23,24,2315,7708
2023-06-28 09:56:32,23,24,2465,7858
2023-06-28 09:56:33,22,24,2465,7858
2023-06-28 09:56:41,23,24,2465,7858
2023-06-28 09:56:42,24,25,2515,7908
2023-06-28 09:56:42,23,25,2665,8058
2023-06-28 09:56:44,23,26,2715,8208
2023-06-28 09:56:49,24,26,2715,8208
2023-06-28 09:57:09,25,26,2715,8208
2023-06-28 09:57:14,25,27,2765,8258
2023-06-28 09:57:16,24,27,2765,8258
2023-06-28 09:57:16,26,27,2765,8258
2023-06-28 09:57:16,26,27,2839,8332
2023-06-28 09:57:24,26,29,2889,8478
2023-06-28 09:57:25,25,29,2889,8478
2023-06-28 09:57:25,27,29,2889,8478
2023-06-28 09:57:25,27,29,2889,8538
2023-06-28 09:57:39,28,29,2889,8538
2023-06-28 09:57:39,27,29,3089,8738
2023-06-28 09:57:39,27,30,3139,8838
2023-06-28 09:57:41,28,30,3139,8838
2023-06-28 09:57:44,28,31,2939,9088
2023-06-28 09:57:56,29,31,2939,9088
2023-06-28 09:57:58,29,32,2839,9238
2023-06-28 09:58:06,30,32,2839,9238
2023-06-28 09:58:06,29,32,2889,9288
2023-06-28 09:58:34,30,32,2889,9288
2023-06-28 09:58:38,29,32,2889,9288
2023-06-28 09:58:38,30,32,2889,9288
2023-06-28 09:58:39,30,32,2939,9338
2023-06-28 09:59:01,29,32,2939,9388
2023-06-28 09:59:01,29,30,2939,9388
2023-06-28 09:59:01,29,32,2939,9438
2023-06-28 09:59:04,29,31,2939,9438
2023-06-28 09:59:05,28,31,2939,9538
2023-06-28 09:59:06,28,30,2939,9538
2023-06-28 09:59:11,28,31,2939,9538
2023-06-28 09:59:11,28,30,2939,9538
2023-06-28 09:59:17,28,31,2939,9538
2023-06-28 09:59:18,28,31,2939,9588
2023-06-28 09:59:33,28,30,2939,9588
2023-06-28 09:59:58,28,31,2939,9588
2023-06-28 10:00:01,28,30,2939,9588
2023-06-28 10:00:03,28,29,2939,9588
2023-06-28 10:00:04,28,30,2939,9788
2023-06-28 10:00:07,28,30,2939,9838
2023-06-28 10:00:09,27,30,2939,9838
2023-06-28 10:00:09,27,31,2939,9838
2023-06-28 10:00:09,27,30,2939,9838
2023-06-28 10:00:11,27,31,2939,9838
2023-06-28 10:00:11,27,30,2939,9838
2023-06-28 10:00:30,28,30,2939,9838
2023-06-28 10:00:30,28,30,2989,9888
2023-06-28 10:00:31,27,30,2989,9888
2023-06-28 10:00:32,28,30,2989,9888
2023-06-28 10:00:45,27,30,2989,9888
2023-06-28 10:00:45,28,30,2989,9888
2023-06-28 10:00:46,27,30,2989,9888
2023-06-28 10:00:47,28,30,2989,9888
2023-06-28 10:00:49,27,30,2989,9888
2023-06-28 10:00:55,27,29,2989,9888
2023-06-28 10:00:57,27,30,2989,9888
2023-06-28 10:00:57,27,29,2989,9888
2023-06-28 10:01:10,28,29,2989,9888
2023-06-28 10:01:19,27,29,2989,9888
2023-06-28 10:01:30,28,29,2989,9888
2023-06-28 10:01:35,28,30,3089,10052
2023-06-28 10:01:36,28,31,3089,10052
2023-06-28 10:01:37,28,30,3089,10052
2023-06-28 10:01:40,27,30,3089,10052
2023-06-28 10:01:41,28,30,3089,10052
2023-06-28 10:02:09,28,29,3089,10052
2023-06-28 10:02:22,28,30,3089,10052
2023-06-28 10:02:59,28,29,3089,10052
2023-06-28 10:03:00,27,29,2989,10252
2023-06-28 10:03:02,27,28,2989,10252
2023-06-28 10:03:04,27,28,3013,10452
2023-06-28 10:03:04,26,28,3013,10452
2023-06-28 10:03:06,26,27,3013,10452
2023-06-28 10:03:07,24,27,3143,10582
2023-06-28 10:03:09,24,27,3143,10642
2023-06-28 10:03:10,23,27,3143,10642
2023-06-28 10:03:10,23,26,3143,10642
2023-06-28 10:03:32,24,26,3143,10642
2023-06-28 10:05:30,25,26,3143,10642
2023-06-28 10:05:31,24,26,3143,10642
2023-06-28 10:05:31,25,26,3143,10642
2023-06-28 10:05:33,24,26,3143,10642
2023-06-28 10:07:03,25,26,3143,10642
2023-06-28 10:07:07,26,27,3033,10752
2023-06-28 10:07:08,25,27,3033,10752
2023-06-28 10:07:15,26,27,3033,10752
2023-06-28 10:07:23,27,28,3079,10862
2023-06-28 10:07:37,26,28,3079,10862
2023-06-28 10:07:37,27,28,3079,10862
2023-06-28 10:07:48,26,28,3079,10862
2023-06-28 10:07:48,27,28,3079,10862
2023-06-28 10:07:54,26,28,3079,10862
2023-06-28 10:07:55,27,28,3079,10862
2023-06-28 10:08:21,25,28,3079,10862
2023-06-28 10:08:22,26,28,3079,10862
2023-06-28 10:08:42,26,27,3079,10862
2023-06-28 10:08:48,26,28,3079,10862
2023-06-28 10:08:52,26,27,3079,10862
2023-06-28 10:09:00,25,27,3149,10992
2023-06-28 10:09:06,25,26,3149,10992
2023-06-28 10:09:11,24,26,3149,10992
2023-06-28 10:09:28,24,26,3169,11012
2023-06-28 10:10:00,25,26,3169,11012
2023-06-28 10:10:14,24,26,3179,11022
2023-06-28 10:10:56,25,26,3179,11022
2023-06-28 10:12:06,24,26,3229,11072
2023-06-28 10:12:42,24,25,3229,11072
2023-06-28 10:12:44,23,25,3259,11102
2023-06-28 10:12:51,23,24,3259,11102
2023-06-28 10:12:52,23,24,3334,11177
2023-06-28 10:12:52,22,23,3339,11182
2023-06-28 10:12:58,22,23,3443,11382
2023-06-28 10:12:58,20,23,3443,11382
2023-06-28 10:12:58,21,23,3443,11382
2023-06-28 10:13:03,20,23,3443,11382
2023-06-28 10:13:18,19,23,3503,11442
2023-06-28 10:13:25,20,23,3503,11442
2023-06-28 10:13:27,21,23,3503,11442
2023-06-28 10:13:33,20,23,3503,11442
2023-06-28 10:13:34,21,23,3503,11442
2023-06-28 10:13:57,22,23,3503,11442
2023-06-28 10:14:05,20,23,3503,11442
2023-06-28 10:14:05,21,23,3503,11442
2023-06-28 10:14:12,20,23,3503,11442
2023-06-28 10:14:22,21,23,3503,11442
2023-06-28 10:14:32,22,23,3503,11442
2023-06-28 10:14:54,22,25,3469,11642
2023-06-28 10:14:55,23,25,3469,11642
2023-06-28 10:15:06,21,25,3469,11642
2023-06-28 10:15:06,22,25,3469,11642
2023-06-28 10:15:17,23,25,3469,11642
2023-06-28 10:15:25,24,25,3469,11642
2023-06-28 10:15:27,23,25,3469,11642
2023-06-28 10:15:28,23,25,3469,11742
2023-06-28 10:15:37,22,25,3469,11742
2023-06-28 10:15:37,24,25,3469,11742
2023-06-28 10:15:43,23,25,3469,11742
2023-06-28 10:15:43,24,25,3469,11742
2023-06-28 10:15:45,23,25,3469,11742
2023-06-28 10:15:45,24,25,3469,11742
2023-06-28 10:16:11,25,26,3469,11772
2023-06-28 10:16:23,26,27,3499,11902
2023-06-28 10:16:24,25,27,3499,11902
2023-06-28 10:16:25,26,27,3499,11902
2023-06-28 10:16:27,26,28,3579,11982
2023-06-28 10:16:28,25,28,3579,11982
2023-06-28 10:16:29,27,28,3579,11982
2023-06-28 10:16:58,24,28,3579,11982
2023-06-28 10:16:58,26,28,3579,11982
2023-06-28 10:17:02,26,27,3579,11982
2023-06-28 10:17:05,24,27,3579,11982
2023-06-28 10:17:05,24,28,3579,11982
2023-06-28 10:17:05,25,28,3579,11982
2023-06-28 10:17:19,26,28,3579,11982
2023-06-28 10:17:28,26,27,3579,11982
2023-06-28 10:18:02,26,28,3477,12084
2023-06-28 10:18:22,27,28,3477,12084
2023-06-28 10:18:28,27,29,3557,12164
2023-06-28 10:18:36,28,29,3557,12164
2023-06-28 10:18:39,28,30,3557,12214
2023-06-28 10:18:42,28,31,3557,12264
2023-06-28 10:18:45,29,31,3557,12264
2023-06-28 10:18:48,30,31,3557,12264
2023-06-28 10:18:49,30,31,3607,12314
2023-06-28 10:18:49,30,31,3657,12364
2023-06-28 10:18:49,30,32,3657,12414
2023-06-28 10:18:51,31,32,3657,12414
2023-06-28 10:18:54,31,33,3657,12464
2023-06-28 10:18:56,31,34,3657,12464
2023-06-28 10:18:57,31,33,3657,12464
2023-06-28 10:18:59,31,34,3657,12514
2023-06-28 10:19:00,31,35,3657,12514
2023-06-28 10:19:00,31,34,3657,12514
2023-06-28 10:19:00,31,35,3657,12514
2023-06-28 10:19:00,31,34,3657,12514
2023-06-28 10:19:02,31,35,3657,12564
2023-06-28 10:19:04,31,34,3657,12564
2023-06-28 10:19:04,31,35,3657,12614
2023-06-28 10:19:20,32,35,3657,12614
2023-06-28 10:19:57,33,35,3657,12614
2023-06-28 10:19:59,33,36,3657,12664
2023-06-28 10:20:00,33,35,3657,12664
2023-06-28 10:20:00,33,36,3657,12664
2023-06-28 10:20:03,34,36,3657,12664
2023-06-28 10:20:05,34,38,3557,12814
2023-06-28 10:20:05,34,37,3557,12814
2023-06-28 10:20:06,35,37,3557,12814
2023-06-28 10:20:07,35,38,3557,12814
2023-06-28 10:20:07,35,39,3557,12814
2023-06-28 10:20:07,35,38,3557,12814
2023-06-28 10:20:07,35,37,3557,12814
2023-06-28 10:20:09,35,39,3457,12914
2023-06-28 10:20:09,35,38,3457,12914
2023-06-28 10:20:11,36,38,3457,12914
2023-06-28 10:20:11,36,38,3527,12984
2023-06-28 10:20:11,36,38,3597,13054
2023-06-28 10:20:11,36,39,3597,13054
2023-06-28 10:20:11,36,39,3597,13144
2023-06-28 10:20:12,35,39,3597,13144
2023-06-28 10:20:12,35,38,3597,13144
2023-06-28 10:20:12,35,39,3597,13194
2023-06-28 10:20:12,35,38,3597,13194
2023-06-28 10:20:13,36,38,3597,13194
2023-06-28 10:20:13,36,39,3297,13494
2023-06-28 10:20:14,36,40,3097,13694
2023-06-28 10:20:14,36,39,3097,13694
2023-06-28 10:20:15,37,39,3097,13694
2023-06-28 10:20:15,37,40,3097,13764
2023-06-28 10:20:15,37,39,3097,13764
2023-06-28 10:20:15,37,39,3134,13801
2023-06-28 10:20:15,37,39,3171,13838
2023-06-28 10:20:15,37,40,2868,14238
2023-06-28 10:20:16,36,40,2868,14238
2023-06-28 10:20:16,36,39,2868,14238
2023-06-28 10:20:18,36,40,3185,14638
2023-06-28 10:20:19,36,39,3185,14638
2023-06-28 10:20:19,36,40,3235,14688
2023-06-28 10:20:20,36,39,3235,14688
2023-06-28 10:20:20,36,40,3235,14888
2023-06-28 10:20:24,37,40,3235,14888
2023-06-28 10:20:24,37,39,3235,14888
2023-06-28 10:20:26,37,40,3235,14888
2023-06-28 10:20:26,37,38,3235,14888
2023-06-28 10:20:27,37,40,3335,14988
2023-06-28 10:20:33,38,40,3335,14988
2023-06-28 10:20:56,39,40,3335,14988
2023-06-28 10:21:05,38,40,3335,14988
2023-06-28 10:21:24,38,39,3335,14988
2023-06-28 10:21:29,38,40,3335,14988
2023-06-28 10:21:36,39,40,3335,14988
2023-06-28 10:21:44,38,40,3335,15038
2023-06-28 10:21:49,38,39,3335,15038
2023-06-28 10:21:51,37,39,3285,15088
2023-06-28 10:22:16,38,39,3285,15088
2023-06-28 10:22:27,37,39,3285,15088
2023-06-28 10:23:13,38,39,3285,15088
2023-06-28 10:23:27,37,39,3285,15088
2023-06-28 10:23:43,37,38,3285,15088
2023-06-28 10:23:43,36,38,3185,15188
2023-06-28 10:23:45,36,38,2785,15588
2023-06-28 10:23:45,34,38,2785,15588
2023-06-28 10:23:45,35,38,2785,15588
2023-06-28 10:23:46,35,37,2785,15588
2023-06-28 10:23:47,35,36,2785,15588
2023-06-28 10:23:47,33,36,2821,15988
2023-06-28 10:23:49,35,36,2821,15988
2023-06-28 10:23:49,35,36,2843,16010
2023-06-28 10:23:49,35,36,2883,16050
2023-06-28 10:23:49,33,36,2921,16088
2023-06-28 10:23:50,33,35,2921,16088
2023-06-28 10:23:56,33,35,3321,16488
2023-06-28 10:23:56,31,35,3321,16538
2023-06-28 10:24:04,31,34,3321,16538
2023-06-28 10:24:09,30,31,3191,16668
2023-06-28 10:24:30,30,32,3241,16718
2023-06-28 10:26:29,31,32,3241,16718
2023-06-28 10:26:35,31,33,3291,16768
2023-06-28 10:26:59,32,33,3291,16768
2023-06-28 10:27:06,33,34,3341,16818
2023-06-28 10:27:09,32,34,3341,16818
2023-06-28 10:27:09,33,34,3341,16818
2023-06-28 10:27:12,32,34,3341,16818
2023-06-28 10:27:14,31,34,3341,16818
2023-06-28 10:27:23,32,34,3341,16818
2023-06-28 10:27:30,32,33,3341,16818
2023-06-28 10:27:35,32,34,3341,16818
2023-06-28 10:28:07,33,34,3341,16818
2023-06-28 10:28:10,33,35,3341,16868
2023-06-28 10:28:13,34,35,3341,16868
2023-06-28 10:28:24,34,36,3391,16918
2023-06-28 10:28:24,35,36,3391,16918
2023-06-28 10:28:24,35,36,3441,16968
2023-06-28 10:28:47,35,37,3441,17018
2023-06-28 10:28:55,35,38,3441,17068
2023-06-28 10:28:56,34,38,3441,17068
2023-06-28 10:28:56,36,38,3441,17068
2023-06-28 10:29:56,36,37,3441,17068
2023-06-28 10:29:56,36,37,3441,17088
2023-06-28 10:29:56,36,38,3441,17088
2023-06-28 10:30:33,37,38,3441,17088
2023-06-28 10:30:33,37,39,3441,17138
2023-06-28 10:30:37,38,39,3441,17138
2023-06-28 10:30:37,38,40,3441,17188
2023-06-28 10:31:05,38,41,3441,17207
2023-06-28 10:31:23,38,40,3441,17207
2023-06-28 10:31:32,38,41,3441,17207
2023-06-28 10:31:33,38,40,3441,17207
2023-06-28 10:31:37,38,41,3441,17207
2023-06-28 10:31:37,38,40,3441,17207
2023-06-28 10:31:44,38,41,3441,17207
2023-06-28 10:31:54,38,40,3441,17207
2023-06-28 10:32:03,38,41,3441,17207
2023-06-28 10:32:12,39,41,3441,17207
2023-06-28 10:32:16,39,42,3441,17226
2023-06-28 10:32:22,40,42,3441,17226
2023-06-28 10:32:22,40,43,3441,17245
2023-06-28 10:32:29,40,42,3441,17245
2023-06-28 10:32:34,40,43,3441,17245
2023-06-28 10:32:50,40,44,3441,17264
2023-06-28 10:32:50,41,44,3441,17264
2023-06-28 10:32:52,41,43,3441,17264
2023-06-28 10:32:52,40,43,3441,17264
2023-06-28 10:32:53,41,43,3441,17264
2023-06-28 10:32:57,41,43,3442,17265
2023-06-28 10:32:57,41,44,3442,17265
2023-06-28 10:33:05,41,43,3442,17265
2023-06-28 10:33:14,40,43,3373,17347
2023-06-28 10:33:19,40,44,3373,17347
2023-06-28 10:33:19,40,43,3373,17347
2023-06-28 10:33:20,39,43,3373,17347
2023-06-28 10:33:20,39,44,3373,17347
2023-06-28 10:33:20,40,44,3373,17347
2023-06-28 10:33:24,39,44,3373,17347
2023-06-28 10:33:25,41,44,3373,17347
2023-06-28 10:33:32,41,45,3073,17666
2023-06-28 10:33:34,41,44,3073,17666
2023-06-28 10:33:34,41,45,3073,17670
2023-06-28 10:33:36,42,45,3073,17670
2023-06-28 10:33:54,42,45,3054,17770
2023-06-28 10:33:57,43,45,3054,17770
2023-06-28 10:34:06,44,45,3054,17770
2023-06-28 10:34:07,44,47,3073,17800
2023-06-28 10:34:09,44,46,3073,17800
2023-06-28 10:34:16,44,46,3194,18000
2023-06-28 10:34:17,44,45,3194,18000
2023-06-28 10:34:25,43,45,3175,18019
2023-06-28 10:35:06,44,45,3175,18019
2023-06-28 10:35:06,44,46,3175,18057
2023-06-28 10:35:07,45,46,3175,18057
2023-06-28 10:35:07,45,46,3175,18126
2023-06-28 10:35:08,45,48,3110,18245
2023-06-28 10:35:08,45,49,3110,18245
2023-06-28 10:35:08,45,48,3110,18245
2023-06-28 10:35:08,45,49,3110,18245
2023-06-28 10:35:08,45,47,3110,18245
2023-06-28 10:35:11,44,47,3110,18245
2023-06-28 10:35:19,45,47,3110,18245
2023-06-28 10:35:20,45,48,3129,18564
2023-06-28 10:35:21,45,49,3129,18564
2023-06-28 10:35:30,46,49,3129,18564
2023-06-28 10:35:35,47,49,3129,18564
2023-06-28 10:35:39,47,49,3129,18565
2023-06-28 10:35:39,46,49,3129,18565
2023-06-28 10:35:40,47,49,3129,18565
2023-06-28 10:35:43,46,49,3129,18565
2023-06-28 10:36:01,49,50,3148,18584
2023-06-28 10:36:02,49,50,3167,18603
2023-06-28 10:36:02,46,50,3167,18784
2023-06-28 10:36:03,46,49,3167,18784
2023-06-28 10:36:19,47,49,3167,18784
2023-06-28 10:36:27,46,49,3167,18784
2023-06-28 10:36:27,47,49,3167,18784
2023-06-28 10:36:33,47,48,3167,18784
2023-06-28 10:36:40,47,49,3167,18819
2023-06-28 10:37:21,47,50,3186,18838
2023-06-28 10:37:21,48,50,3186,18838
2023-06-28 10:37:24,48,50,3205,18857
2023-06-28 10:37:24,48,49,3205,18857
2023-06-28 10:37:24,48,50,3205,18857
2023-06-28 10:38:18,48,51,3224,18876
2023-06-28 10:38:44,49,51,3224,18876
2023-06-28 10:39:04,50,51,3224,18876
2023-06-28 10:39:05,50,52,3243,18895
2023-06-28 10:39:08,50,52,3243,19095
2023-06-28 10:39:16,50,52,3243,19145
2023-06-28 10:39:16,50,51,3243,19145
2023-06-28 10:39:16,50,52,3243,19145
2023-06-28 10:39:28,51,52,3243,19145
2023-06-28 10:39:28,51,52,3291,19195
2023-06-28 10:39:28,51,52,3341,19245
2023-06-28 10:39:29,50,52,3341,19245
2023-06-28 10:39:30,51,52,3341,19245
2023-06-28 10:39:48,50,52,3341,19245
2023-06-28 10:40:09,50,51,3341,19245
2023-06-28 10:40:10,49,51,3341,19245
2023-06-28 10:40:21,49,52,3341,19245
2023-06-28 10:40:22,49,51,3341,19245
2023-06-28 10:40:25,49,52,3341,19245
2023-06-28 10:40:30,49,51,3341,19245
2023-06-28 10:40:34,49,52,3341,19245
2023-06-28 10:40:47,49,51,3341,19245
2023-06-28 10:40:48,49,52,3341,19245
2023-06-28 10:40:55,49,51,3341,19245
2023-06-28 10:40:56,49,52,3341,19245
2023-06-28 10:40:57,49,51,3341,19245
2023-06-28 10:41:13,49,50,3341,19245
2023-06-28 10:41:14,49,51,3341,19245
2023-06-28 10:41:33,49,52,3341,19245
2023-06-28 10:41:33,49,51,3341,19245
2023-06-28 10:41:43,49,52,3341,19245
2023-06-28 10:42:03,50,52,3341,19245
2023-06-28 10:42:26,50,51,3341,19245
2023-06-28 10:42:55,50,52,3341,19245
2023-06-28 10:43:20,50,51,3341,19245
2023-06-28 10:43:52,49,51,3341,19245
2023-06-28 10:43:54,49,52,3443,19445
2023-06-28 10:44:07,49,51,3443,19445
2023-06-28 10:44:08,49,52,3443,19445
2023-06-28 10:44:08,49,51,3443,19445
2023-06-28 10:44:27,48,51,3443,19483
2023-06-28 10:44:27,48,49,3443,19483
2023-06-28 10:44:54,48,49,3443,19488
2023-06-28 10:44:54,48,49,3443,19493
2023-06-28 10:44:55,48,49,3481,19583
2023-06-28 10:45:03,47,49,3543,19645
2023-06-28 10:45:07,47,50,3600,19702
2023-06-28 10:45:27,48,50,3600,19702
2023-06-28 10:45:31,48,51,3838,19940
2023-06-28 10:45:31,48,50,3838,19940
2023-06-28 10:45:46,47,50,3838,19959
2023-06-28 10:46:03,47,49,3838,19959
2023-06-28 10:46:07,47,51,3838,19959
2023-06-28 10:46:07,47,50,3838,19959
2023-06-28 10:46:07,47,48,3838,19959
2023-06-28 10:46:07,46,48,3838,20009
2023-06-28 10:46:07,46,47,3838,20009
2023-06-28 10:46:13,47,48,3838,20059
2023-06-28 10:46:14,46,48,3838,20059
2023-06-28 10:46:14,46,51,3838,20059
2023-06-28 10:46:14,46,49,3838,20059
2023-06-28 10:46:14,46,48,3838,20059
2023-06-28 10:46:15,47,48,3838,20059
2023-06-28 10:46:15,47,48,3838,20190
2023-06-28 10:46:15,46,48,3838,20259
2023-06-28 10:46:20,47,49,3838,20259
2023-06-28 10:46:49,48,49,3838,20259
2023-06-28 10:46:52,47,49,3838,20259
2023-06-28 10:47:01,48,49,3838,20259
2023-06-28 10:47:20,49,50,3838,20278
2023-06-28 10:47:21,49,51,3857,20297
2023-06-28 10:47:30,47,51,3857,20297
2023-06-28 10:47:30,48,51,3857,20297
2023-06-28 10:48:11,49,51,3857,20297
2023-06-28 10:49:14,50,51,3857,20297
2023-06-28 10:49:15,49,51,3857,20297
2023-06-28 10:49:25,50,51,3857,20297
2023-06-28 10:49:26,50,52,3876,20316
2023-06-28 10:49:26,49,52,3876,20316
2023-06-28 10:49:30,50,52,3876,20316
2023-06-28 10:49:41,50,53,3895,20335
2023-06-28 10:49:41,50,52,3895,20335
2023-06-28 10:49:42,50,53,3945,20385
2023-06-28 10:49:47,51,53,3945,20385
2023-06-28 10:49:51,50,53,3945,20385
2023-06-28 10:49:55,51,53,3945,20385
2023-06-28 10:50:21,51,54,4164,20604
2023-06-28 10:50:22,52,54,4164,20604
2023-06-28 10:50:25,51,54,4164,20604
2023-06-28 10:50:25,52,54,4164,20604
2023-06-28 10:50:51,53,54,4164,20604
2023-06-28 10:50:51,53,54,4164,20654
2023-06-28 10:50:52,52,54,4164,20654
2023-06-28 10:50:52,52,55,4183,20673
2023-06-28 10:50:54,53,55,4183,20673
2023-06-28 10:51:13,53,54,4183,20673
2023-06-28 10:51:13,52,54,4183,20692
2023-06-28 10:51:13,52,53,4183,20692
2023-06-28 10:51:14,52,54,4202,20711
2023-06-28 10:51:51,51,54,4202,20711
2023-06-28 10:51:58,51,53,4202,20711
2023-06-28 10:52:26,51,54,4202,20711
2023-06-28 10:52:33,51,53,4202,20711
2023-06-28 10:53:16,51,52,4202,20711
2023-06-28 10:53:24,51,53,4202,20711
2023-06-28 10:53:24,51,52,4202,20711
2023-06-28 10:53:24,50,52,4202,20749
2023-06-28 10:53:28,48,52,4202,20749
2023-06-28 10:54:20,49,52,4202,20749
2023-06-28 10:54:45,50,52,4202,20749
2023-06-28 10:54:52,51,52,4202,20749
2023-06-28 10:55:13,50,52,4202,20749
2023-06-28 10:55:13,51,52,4202,20749
2023-06-28 10:55:19,50,52,4202,20749
2023-06-28 10:55:19,52,53,4221,20768
2023-06-28 10:55:19,50,53,4252,20799
2023-06-28 10:55:25,51,53,4252,20799
2023-06-28 10:55:28,51,52,4252,20799
2023-06-28 10:55:28,50,52,4252,20799
2023-06-28 10:55:28,51,52,4252,20799
2023-06-28 10:55:29,51,52,4271,20818
2023-06-28 10:55:29,51,52,4290,20837
2023-06-28 10:55:32,50,52,4352,20918
2023-06-28 10:55:32,50,51,4352,20918
2023-06-28 10:55:58,50,51,4352,20948
2023-06-28 10:56:04,50,51,4402,20998
2023-06-28 10:56:04,50,51,4452,21048
2023-06-28 10:56:27,51,53,4533,21129
2023-06-28 10:56:36,50,53,4533,21129
2023-06-28 10:56:36,51,53,4533,21129
2023-06-28 10:56:42,50,53,4533,21129
2023-06-28 10:56:43,52,53,4533,21129
2023-06-28 10:56:43,52,53,4552,21148
2023-06-28 10:56:48,50,53,4552,21148
2023-06-28 10:56:48,51,53,4552,21148
2023-06-28 10:56:50,51,52,4552,21148
2023-06-28 10:56:51,50,52,4552,21148
2023-06-28 10:57:01,50,51,4552,21148
2023-06-28 10:57:23,50,52,4552,21148
2023-06-28 10:57:41,50,51,4552,21148
2023-06-28 10:57:44,50,51,4714,21348
2023-06-28 10:57:44,49,51,4722,21356
2023-06-28 10:57:47,49,51,4722,21367
2023-06-28 10:57:48,49,50,4722,21367
2023-06-28 10:58:01,48,50,4695,21494
2023-06-28 10:58:12,47,50,4645,21644
2023-06-28 10:58:12,47,49,4645,21644
2023-06-28 10:58:30,47,48,4645,21644
2023-06-28 10:58:50,48,49,4595,21713
2023-06-28 10:58:50,47,49,4595,21844
2023-06-28 10:59:04,47,48,4595,21844
2023-06-28 10:59:13,47,49,4595,21844
2023-06-28 10:59:13,48,49,4595,21844
2023-06-28 10:59:27,47,49,4595,21844
2023-06-28 10:59:35,46,49,4576,22063
2023-06-28 10:59:36,46,48,4576,22063
2023-06-28 10:59:42,44,48,4557,22182
2023-06-28 10:59:42,43,48,4557,22182
2023-06-28 10:59:42,45,48,4557,22182
2023-06-28 10:59:42,45,47,4557,22182
2023-06-28 10:59:51,44,47,4557,22182
2023-06-28 10:59:51,45,47,4557,22182
2023-06-28 11:00:09,45,46,4557,22182
2023-06-28 11:00:18,46,47,4557,22201
2023-06-28 11:00:19,45,47,4557,22201
2023-06-28 11:00:19,46,47,4557,22201
2023-06-28 11:00:33,45,47,4557,22201
2023-06-28 11:00:34,46,47,4557,22201
2023-06-28 11:00:34,46,47,4627,22271
2023-06-28 11:00:43,47,48,4646,22290
2023-06-28 11:00:43,46,48,4727,22371
2023-06-28 11:00:44,45,48,4727,22371
2023-06-28 11:00:45,46,48,4727,22371
2023-06-28 11:00:46,45,48,4727,22371
2023-06-28 11:00:49,46,48,4727,22371
2023-06-28 11:00:58,47,48,4727,22371
2023-06-28 11:01:24,46,48,4727,22371
2023-06-28 11:01:24,47,48,4727,22371
2023-06-28 11:01:24,46,48,4777,22421
2023-06-28 11:01:28,47,48,4777,22421
2023-06-28 11:01:28,47,48,4777,22571
2023-06-28 11:01:37,46,48,4777,22571
2023-06-28 11:01:37,47,48,4777,22571
2023-06-28 11:01:38,46,48,4927,22721
2023-06-28 11:01:47,48,49,4946,22740
2023-06-28 11:01:48,46,49,5077,22871
2023-06-28 11:02:07,49,50,5096,22890
2023-06-28 11:02:08,46,50,5127,22921
2023-06-28 11:02:08,47,50,5127,22921
2023-06-28 11:02:09,46,50,5127,22921
2023-06-28 11:02:10,47,50,5127,22921
2023-06-28 11:02:12,46,50,5127,22921
2023-06-28 11:02:15,48,50,5127,22921
2023-06-28 11:02:15,48,49,5127,22921
2023-06-28 11:02:15,48,49,5246,23040
2023-06-28 11:02:24,48,50,5246,23040
2023-06-28 11:02:24,47,48,5227,23059
2023-06-28 11:02:25,47,48,5308,23140
2023-06-28 11:02:25,47,48,5389,23221
2023-06-28 11:02:48,47,50,5389,23221
2023-06-28 11:02:48,47,48,5389,23221
2023-06-28 11:02:48,46,48,5439,23290
2023-06-28 11:03:00,47,48,5439,23290
2023-06-28 11:03:00,47,48,5539,23390
2023-06-28 11:03:03,47,48,5558,23409
2023-06-28 11:03:18,47,49,5558,23409
2023-06-28 11:03:18,47,49,5539,23428
2023-06-28 11:03:18,47,49,5558,23447
2023-06-28 11:03:18,47,48,5558,23447
2023-06-28 11:03:18,46,48,5589,23478
2023-06-28 11:03:18,46,49,5589,23478
2023-06-28 11:03:18,46,48,5589,23478
2023-06-28 11:03:18,46,49,5589,23478
2023-06-28 11:03:22,46,47,5589,23478
2023-06-28 11:03:23,46,47,5689,23628
2023-06-28 11:03:38,47,49,5708,23647
2023-06-28 11:03:38,47,48,5708,23647
2023-06-28 11:03:38,47,48,5808,23747
2023-06-28 11:03:45,46,48,5808,23747
2023-06-28 11:03:46,47,48,5808,23747
2023-06-28 11:03:46,46,48,6058,23997
2023-06-28 11:03:57,48,50,6077,24016
2023-06-28 11:03:57,48,49,6077,24016
2023-06-28 11:03:57,48,49,6127,24066
2023-06-28 11:03:57,48,49,6177,24116
2023-06-28 11:04:13,46,49,6177,24116
2023-06-28 11:04:13,49,50,6196,24135
2023-06-28 11:04:13,46,50,6277,24216
2023-06-28 11:04:29,48,50,6277,24216
2023-06-28 11:04:29,48,49,6277,24216
2023-06-28 11:04:32,47,49,6477,24416
2023-06-28 11:04:40,47,50,6477,24416
2023-06-28 11:04:41,48,50,6477,24416
2023-06-28 11:04:41,47,50,6527,24466
2023-06-28 11:04:47,48,50,6527,24466
2023-06-28 11:04:47,48,49,6527,24466
2023-06-28 11:05:01,48,50,6527,24466
2023-06-28 11:05:01,49,50,6527,24466
2023-06-28 11:05:01,49,50,6577,24516
2023-06-28 11:05:01,49,50,6646,24585
2023-06-28 11:05:17,48,50,6646,24666
2023-06-28 11:05:18,48,49,6646,24666
2023-06-28 11:05:19,48,49,6708,24747
2023-06-28 11:05:34,47,49,6708,24747
2023-06-28 11:05:34,47,48,6708,24747
2023-06-28 11:05:39,47,48,6820,24897
2023-06-28 11:05:43,46,48,6820,24897
2023-06-28 11:05:43,46,49,6820,24897
2023-06-28 11:05:43,48,49,6820,24897
2023-06-28 11:05:43,46,49,6870,24947
2023-06-28 11:05:54,48,49,6870,24947
2023-06-28 11:05:54,48,49,6920,24997
2023-06-28 11:06:20,46,49,7020,25097
2023-06-28 11:06:34,47,49,7020,25097
2023-06-28 11:06:34,47,48,7020,25097
2023-06-28 11:06:34,47,48,7170,25247
2023-06-28 11:06:43,48,49,7189,25266
2023-06-28 11:06:44,48,49,7208,25285
2023-06-28 11:06:44,48,49,7227,25304
2023-06-28 11:06:45,48,49,7274,25351
2023-06-28 11:06:45,48,49,7332,25409
2023-06-28 11:06:54,48,50,7332,25409
2023-06-28 11:06:55,49,50,7332,25409
2023-06-28 11:06:55,48,50,7532,25609
2023-06-28 11:07:03,50,52,7551,25628
2023-06-28 11:07:03,50,51,7551,25628
2023-06-28 11:07:04,48,51,7732,25809
2023-06-28 11:07:04,48,50,7732,25809
2023-06-28 11:07:11,49,50,7732,25809
2023-06-28 11:07:12,49,50,7913,25990
2023-06-28 11:07:29,50,52,8021,26098
2023-06-28 11:07:29,50,51,8021,26098
2023-06-28 11:07:29,49,51,8113,26190
2023-06-28 11:07:42,49,50,8113,26190
2023-06-28 11:07:43,49,50,8256,26352
2023-06-28 11:07:52,49,51,8256,26352
2023-06-28 11:07:52,50,51,8256,26352
2023-06-28 11:07:53,49,51,8406,26502
2023-06-28 11:07:53,49,50,8406,26502
2023-06-28 11:07:58,51,52,8444,26540
2023-06-28 11:08:06,49,52,8444,26540
2023-06-28 11:08:06,51,52,8444,26540
2023-06-28 11:08:23,49,52,8444,26540
2023-06-28 11:08:23,50,52,8444,26540
2023-06-28 11:08:23,50,51,8444,26540
2023-06-28 11:08:34,50,51,8594,26690
2023-06-28 11:08:34,49,51,8694,26809
2023-06-28 11:08:43,50,51,8694,26809
2023-06-28 11:08:43,50,51,8894,27009
2023-06-28 11:08:46,49,51,8894,27009
2023-06-28 11:08:46,51,52,8913,27028
2023-06-28 11:08:46,51,52,8963,27078
2023-06-28 11:08:52,49,52,8963,27078
2023-06-28 11:08:52,52,53,8982,27097
2023-06-28 11:08:52,49,53,9063,27178
2023-06-28 11:09:00,51,53,9063,27178
2023-06-28 11:09:00,51,52,9063,27178
2023-06-28 11:09:05,51,53,9063,27178
2023-06-28 11:09:05,50,51,9044,27197
2023-06-28 11:09:12,50,53,9063,27247
2023-06-28 11:09:15,51,53,9063,27247
2023-06-28 11:09:15,51,52,9063,27247
2023-06-28 11:09:15,51,52,9170,27354
2023-06-28 11:09:37,50,52,9170,27354
2023-06-28 11:09:37,52,53,9189,27373
2023-06-28 11:09:37,50,53,9370,27554
2023-06-28 11:09:47,52,53,9370,27554
2023-06-28 11:09:47,50,53,9420,27604
2023-06-28 11:09:49,50,52,9420,27604
2023-06-28 11:09:54,51,52,9420,27604
2023-06-28 11:10:04,51,52,9540,27724
2023-06-28 11:10:12,51,53,9540,27724
2023-06-28 11:10:12,52,53,9540,27724
2023-06-28 11:10:13,51,53,9590,27774
2023-06-28 11:10:30,52,53,9590,27774
2023-06-28 11:10:31,52,53,9671,27855
2023-06-28 11:10:32,52,53,9690,27874
2023-06-28 11:10:32,51,53,9809,27993
2023-06-28 11:10:46,51,54,9809,27993
2023-06-28 11:10:46,52,54,9809,27993
2023-06-28 11:10:46,52,53,9809,27993
2023-06-28 11:10:46,52,53,9859,28043
2023-06-28 11:10:46,52,53,9909,28093
2023-06-28 11:10:49,51,53,9959,28143
2023-06-28 11:10:59,50,53,9959,28181
2023-06-28 11:10:59,50,52,9959,28181
2023-06-28 11:10:59,51,52,9959,28181
2023-06-28 11:10:59,51,52,9983,28205
2023-06-28 11:11:04,50,52,9983,28205
2023-06-28 11:11:04,50,53,9983,28205
2023-06-28 11:11:05,50,51,9983,28205
2023-06-28 11:11:05,50,51,10183,28455
2023-06-28 11:11:06,49,51,10233,28505
2023-06-28 11:11:06,49,50,10233,28505
2023-06-28 11:11:07,49,50,10233,28543
2023-06-28 11:11:11,48,50,10233,28543
2023-06-28 11:11:11,46,50,10233,28543
2023-06-28 11:11:12,48,50,10233,28543
2023-06-28 11:11:21,48,50,10283,28593
2023-06-28 11:11:22,47,48,10276,28600
2023-06-28 11:11:33,47,49,10276,28600
2023-06-28 11:11:33,46,47,10250,28626
2023-06-28 11:11:48,46,47,10200,28676
2023-06-28 11:11:48,45,47,10250,28726
2023-06-28 11:11:51,45,46,10250,28726
2023-06-28 11:11:51,45,46,10381,28857
2023-06-28 11:11:57,45,47,10381,28857
2023-06-28 11:11:57,44,45,10381,28926
2023-06-28 11:11:57,44,45,10393,28938
2023-06-28 11:12:05,43,45,10393,28938
2023-06-28 11:12:05,44,45,10393,28938
2023-06-28 11:12:16,43,45,10393,28938
2023-06-28 11:12:16,46,47,10481,29026
2023-06-28 11:12:16,43,47,10481,29188
2023-06-28 11:12:22,46,47,10481,29188
2023-06-28 11:12:23,43,47,10481,29288
2023-06-28 11:12:26,44,47,10481,29288
2023-06-28 11:12:26,44,45,10481,29288
2023-06-28 11:12:26,43,45,10629,29538
2023-06-28 11:12:34,43,47,10629,29538
2023-06-28 11:12:34,43,45,10629,29538
2023-06-28 11:12:46,42,43,10610,29557
2023-06-28 11:12:50,40,43,10572,29595
2023-06-28 11:13:01,40,42,10572,29595
2023-06-28 11:13:03,38,42,10572,29595
2023-06-28 11:13:03,39,42,10572,29595
2023-06-28 11:13:03,39,43,10572,29595
2023-06-28 11:13:07,39,43,10572,29595
2023-06-28 11:13:09,39,40,10572,29595
2023-06-28 11:13:14,39,43,10572,29745
2023-06-28 11:13:14,39,42,10572,29745
2023-06-28 11:13:17,39,43,10572,29745
2023-06-28 11:13:20,40,43,10572,29745
2023-06-28 11:13:20,40,41,10572,29745
2023-06-28 11:13:22,40,43,10424,30045
2023-06-28 11:13:22,40,42,10424,30045
2023-06-28 11:13:32,39,42,10674,30295
2023-06-28 11:13:33,40,42,10674,30295
2023-06-28 11:13:40,38,42,10674,30295
2023-06-28 11:13:40,39,42,10674,30295
2023-06-28 11:13:40,42,43,10693,30314
2023-06-28 11:13:41,39,43,10774,30395
2023-06-28 11:13:41,39,42,10774,30395
2023-06-28 11:13:42,41,42,10774,30395
2023-06-28 11:13:51,39,42,10824,30464
2023-06-28 11:14:06,40,42,10824,30464
2023-06-28 11:14:06,40,41,10824,30464
2023-06-28 11:14:06,40,41,10905,30545
2023-06-28 11:14:07,39,41,10905,30545
2023-06-28 11:14:07,39,42,10905,30545
2023-06-28 11:14:08,41,42,10905,30545
2023-06-28 11:14:10,42,43,11005,30645
2023-06-28 11:14:10,42,43,11055,30695
2023-06-28 11:14:10,41,43,11105,30745
2023-06-28 11:14:24,42,43,11105,30745
2023-06-28 11:14:24,41,43,11205,30845
2023-06-28 11:14:26,43,44,11243,30883
2023-06-28 11:14:26,41,44,11255,30895
2023-06-28 11:14:31,42,44,11255,30895
2023-06-28 11:14:31,42,44,11395,31035
2023-06-28 11:14:31,41,42,11405,31045
2023-06-28 11:14:36,41,42,11386,31064
2023-06-28 11:14:48,42,43,11441,31119
2023-06-28 11:14:48,41,43,11536,31214
2023-06-28 11:14:48,41,42,11536,31214
2023-06-28 11:14:51,41,43,11631,31309
2023-06-28 11:14:54,41,44,11631,31309
2023-06-28 11:14:55,43,44,11631,31309
2023-06-28 11:15:05,41,44,11631,31309
2023-06-28 11:15:06,42,44,11631,31309
2023-06-28 11:15:06,41,44,11681,31359
2023-06-28 11:15:06,41,42,11681,31359
2023-06-28 11:15:20,41,42,11774,31509
2023-06-28 11:15:29,40,42,11774,31509
2023-06-28 11:15:29,40,41,11774,31509
2023-06-28 11:15:31,40,41,11817,31590
2023-06-28 11:15:37,40,41,11967,31740
2023-06-28 11:15:45,39,41,11967,31740
2023-06-28 11:15:45,39,40,11967,31740
2023-06-28 11:15:52,39,41,11967,31740
2023-06-28 11:15:52,40,41,11967,31740
2023-06-28 11:15:53,40,41,12067,31840
2023-06-28 11:15:58,39,41,12067,31840
2023-06-28 11:15:58,41,42,12105,31878
2023-06-28 11:16:15,39,42,12105,31890
2023-06-28 11:16:23,41,42,12105,31890
2023-06-28 11:16:31,42,44,12174,31959
2023-06-28 11:16:57,43,44,12174,31959
2023-06-28 11:16:58,42,44,12324,32109
2023-06-28 11:17:05,42,44,12343,32128
2023-06-28 11:17:07,43,44,12343,32128
2023-06-28 11:17:07,43,44,12343,32247
2023-06-28 11:17:08,42,44,12343,32247
2023-06-28 11:17:08,43,44,12343,32247
2023-06-28 11:17:12,43,47,12343,32247
2023-06-28 11:17:12,43,48,12343,32247
2023-06-28 11:17:12,43,47,12343,32247
2023-06-28 11:17:12,45,47,12343,32247
2023-06-28 11:17:12,43,47,12393,32297
2023-06-28 11:17:15,43,48,12393,32297
2023-06-28 11:17:16,43,47,12393,32297
2023-06-28 11:17:17,43,48,12393,32297
2023-06-28 11:17:17,45,48,12393,32297
2023-06-28 11:17:17,45,46,12393,32297
2023-06-28 11:17:32,44,46,12393,32297
2023-06-28 11:17:32,46,49,12412,32316
2023-06-28 11:17:32,46,47,12412,32316
2023-06-28 11:17:47,45,47,12412,32316
2023-06-28 11:17:47,47,49,12431,32335
2023-06-28 11:17:47,47,48,12431,32335
2023-06-28 11:17:47,45,48,12512,32416
2023-06-28 11:17:57,47,48,12512,32416
2023-06-28 11:17:57,47,48,12612,32516
2023-06-28 11:18:04,47,49,12631,32635
2023-06-28 11:18:05,46,49,12631,32635
2023-06-28 11:18:05,49,50,12650,32654
2023-06-28 11:18:10,47,50,12650,32654
2023-06-28 11:18:10,49,50,12650,32654
2023-06-28 11:18:10,49,50,12788,32792
2023-06-28 11:18:10,47,49,12850,32854
2023-06-28 11:18:15,46,49,12850,32854
2023-06-28 11:18:16,49,50,12888,32892
2023-06-28 11:18:27,47,50,12888,32892
2023-06-28 11:18:27,49,50,12888,32892
2023-06-28 11:18:38,48,50,12888,32892
2023-06-28 11:18:38,50,52,12957,32961
2023-06-28 11:18:38,50,51,12957,32961
2023-06-28 11:18:44,49,51,12957,32961
2023-06-28 11:18:44,51,53,12976,32980
2023-06-28 11:18:44,51,52,12976,32980
2023-06-28 11:18:44,49,52,13057,33061
2023-06-28 11:18:44,49,51,13057,33061
2023-06-28 11:18:45,49,52,13138,33142
2023-06-28 11:18:47,49,53,13138,33142
2023-06-28 11:18:47,51,53,13138,33142
2023-06-28 11:18:47,51,52,13138,33142
2023-06-28 11:18:47,51,52,13238,33242
2023-06-28 11:18:48,49,52,13338,33342
2023-06-28 11:19:00,50,52,13338,33342
2023-06-28 11:19:01,50,53,13357,33511
2023-06-28 11:19:03,50,55,13357,33511
2023-06-28 11:19:06,51,55,13357,33511
2023-06-28 11:19:09,52,55,13357,33511
2023-06-28 11:19:09,52,53,13357,33511
2023-06-28 11:19:11,52,55,13357,33761
2023-06-28 11:19:27,52,55,13385,33789
2023-06-28 11:19:28,52,53,13385,33789
2023-06-28 11:19:28,52,55,13385,33989
2023-06-28 11:19:53,51,55,13385,33989
2023-06-28 11:19:53,54,55,13385,33989
2023-06-28 11:20:05,51,55,13385,33989
2023-06-28 11:20:05,50,55,13385,33989
2023-06-28 11:20:05,50,55,13585,34189
2023-06-28 11:20:05,52,55,13585,34189
2023-06-28 11:20:07,52,56,13585,34189
2023-06-28 11:20:07,52,55,13585,34189
2023-06-28 11:20:07,52,56,13635,34239
2023-06-28 11:20:07,52,55,13635,34239
2023-06-28 11:20:18,54,55,13635,34239
2023-06-28 11:20:19,52,55,13885,34489
2023-06-28 11:20:59,51,55,13885,34489
2023-06-28 11:21:05,51,54,13885,34489
2023-06-28 11:21:07,51,55,13885,34489
2023-06-28 11:21:13,51,54,13885,34489
2023-06-28 11:21:23,50,54,13885,34489
2023-06-28 11:21:24,50,55,13885,34489
2023-06-28 11:22:13,51,55,13885,34489
2023-06-28 11:22:15,50,55,13885,34489
2023-06-28 11:22:27,50,54,13885,34489
2023-06-28 11:22:28,50,55,13885,34489
2023-06-28 11:22:31,50,54,13885,34489
2023-06-28 11:22:35,50,55,13885,34489
2023-06-28 11:22:40,51,55,13885,34489
2023-06-28 11:23:00,50,55,13885,34489
2023-06-28 11:23:12,50,54,13885,34489
2023-06-28 11:23:20,51,54,13885,34489
2023-06-28 11:23:20,51,52,13885,34489
2023-06-28 11:23:25,50,52,13847,34777
2023-06-28 11:23:29,49,52,13847,34827
2023-06-28 11:23:30,49,51,13847,34827
2023-06-28 11:23:30,47,51,13847,34827
2023-06-28 11:23:31,48,51,13847,34827
2023-06-28 11:23:31,48,49,13847,34827
2023-06-28 11:23:34,48,49,13797,34877
2023-06-28 11:23:40,47,49,13790,35084
2023-06-28 11:23:45,47,50,13790,35084
2023-06-28 11:23:45,46,47,13783,35091
2023-06-28 11:23:59,43,47,13783,35091
2023-06-28 11:24:00,45,47,13783,35091
2023-06-28 11:24:00,45,46,13783,35091
2023-06-28 11:24:01,44,46,13783,35091
2023-06-28 11:24:02,44,47,13783,35091
2023-06-28 11:24:02,45,47,13783,35091
2023-06-28 11:24:04,43,47,13783,35091
2023-06-28 11:24:05,45,47,13783,35091
2023-06-28 11:24:05,45,46,13783,35091
2023-06-28 11:24:06,45,46,13833,35141
2023-06-28 11:24:08,43,46,13833,35341
2023-06-28 11:24:10,45,46,13833,35341
2023-06-28 11:24:30,45,46,13633,35541
2023-06-28 11:24:31,45,47,13633,35541
2023-06-28 11:24:31,47,51,13652,35560
2023-06-28 11:24:31,47,48,13652,35560
2023-06-28 11:24:31,45,48,13783,35691
2023-06-28 11:24:34,45,49,13783,35691
2023-06-28 11:24:34,48,49,13783,35691
2023-06-28 11:24:35,45,49,14033,35941
2023-06-28 11:24:35,45,48,14033,35941
2023-06-28 11:24:35,45,49,14033,35941
2023-06-28 11:24:52,48,49,14033,35941
2023-06-28 11:24:52,45,49,14183,36091
2023-06-28 11:24:53,45,48,14183,36091
2023-06-28 11:24:54,47,48,14183,36091
2023-06-28 11:24:55,45,48,14333,36241
2023-06-28 11:24:55,45,47,14333,36241
2023-06-28 11:24:56,45,46,14333,36241
2023-06-28 11:24:56,44,46,14307,36267
2023-06-28 11:24:56,44,46,14469,36667
2023-06-28 11:24:57,40,46,14569,36767
2023-06-28 11:25:00,40,45,14569,36767
2023-06-28 11:25:02,42,45,14569,36767
2023-06-28 11:25:02,40,45,14719,36917
2023-06-28 11:25:03,40,44,14719,36917
2023-06-28 11:25:04,43,44,14719,36917
2023-06-28 11:25:05,41,44,14969,37167
2023-06-28 11:25:05,41,44,15369,37567
2023-06-28 11:25:06,40,44,15469,37667
2023-06-28 11:25:08,40,42,15469,37667
2023-06-28 11:25:08,40,42,15819,38067
2023-06-28 11:25:08,38,42,15969,38217
2023-06-28 11:25:18,38,41,15969,38217
2023-06-28 11:25:19,37,41,15971,38245
2023-06-28 11:25:20,37,40,15971,38245
2023-06-28 11:25:22,37,41,15971,38245
2023-06-28 11:25:42,37,40,15971,38245
2023-06-28 11:25:43,37,41,15971,38245
2023-06-28 11:25:45,38,41,15971,38245
2023-06-28 11:26:08,39,41,15971,38245
2023-06-28 11:26:11,41,43,15971,38264
2023-06-28 11:26:12,39,43,15971,38264
2023-06-28 11:26:16,38,43,15947,38764
2023-06-28 11:26:16,35,43,15921,39064
2023-06-28 11:26:16,35,42,15921,39064
2023-06-28 11:26:17,35,41,15921,39064
2023-06-28 11:26:19,33,41,15921,39564
2023-06-28 11:26:19,31,41,15921,39764
2023-06-28 11:26:20,31,36,15921,39764
2023-06-28 11:26:20,31,37,15721,39964
2023-06-28 11:26:21,31,39,15521,40164
2023-06-28 11:26:21,34,39,15521,40164
2023-06-28 11:26:21,35,39,15521,40164
2023-06-28 11:26:21,35,41,15321,40364
2023-06-28 11:26:24,35,42,15321,40564
2023-06-28 11:26:25,37,42,15321,40564
2023-06-28 11:26:34,38,42,15321,40564
2023-06-28 11:26:39,37,42,15321,40564
2023-06-28 11:26:40,38,42,15321,40564
2023-06-28 11:26:43,37,42,15321,40564
2023-06-28 11:26:44,38,42,15321,40564
2023-06-28 11:26:46,38,43,15340,40583
2023-06-28 11:27:04,40,43,15340,40583
2023-06-28 11:27:06,40,45,15340,40602
2023-06-28 11:27:19,40,44,15340,40602
2023-06-28 11:27:27,38,44,15340,40602
2023-06-28 11:27:29,40,44,15340,40602
2023-06-28 11:28:12,41,44,15340,40602
2023-06-28 11:28:13,40,44,15340,40602
2023-06-28 11:28:14,40,45,15296,40665
2023-06-28 11:28:33,41,45,15296,40665
2023-06-28 11:28:37,41,46,15296,40684
2023-06-28 11:28:48,43,46,15296,40684
2023-06-28 11:28:48,43,48,15296,40703
2023-06-28 11:29:05,44,48,15296,40703
2023-06-28 11:29:06,44,49,15296,40722
2023-06-28 11:29:29,44,50,15296,40741
2023-06-28 11:29:32,44,51,15296,40741
2023-06-28 11:29:36,44,50,15296,40741
2023-06-28 11:29:39,44,51,15296,40741
2023-06-28 11:29:41,44,50,15296,40741
2023-06-28 11:29:59,46,50,15296,40741
2023-06-28 11:30:01,47,50,15296,40741
2023-06-28 11:30:01,47,51,15296,40760
2023-06-28 11:30:02,46,51,15296,40760
2023-06-28 11:30:19,46,50,15296,40760
2023-06-28 11:30:23,46,51,15296,40760
2023-06-28 11:30:28,47,51,15296,40760
2023-06-28 11:30:30,47,52,15296,40779
2023-06-28 11:30:32,47,51,15296,40779
2023-06-28 11:30:33,46,51,15296,40779
2023-06-28 11:30:41,47,51,15296,40779
2023-06-28 11:30:41,47,52,15296,40779
2023-06-28 11:30:41,48,52,15296,40779
2023-06-28 11:30:41,48,50,15296,40779
2023-06-28 11:30:41,48,52,15096,40979
2023-06-28 11:30:42,48,51,15096,40979
2023-06-28 11:30:44,48,52,15096,40979
2023-06-28 11:30:46,47,52,15096,40979
2023-06-28 11:30:46,48,52,15096,40979
2023-06-28 11:30:46,48,50,15096,40979
2023-06-28 11:30:46,48,52,15046,41029
2023-06-28 11:31:00,48,51,15046,41029
2023-06-28 11:31:01,48,52,15046,41029
2023-06-28 11:31:01,51,52,15046,41029
2023-06-28 11:31:01,48,52,15046,41029
2023-06-28 11:31:01,48,52,14646,41429
2023-06-28 11:31:02,49,52,14646,41429
2023-06-28 11:31:02,49,54,14371,41748
2023-06-28 11:31:02,49,53,14371,41748
2023-06-28 11:31:03,49,54,14371,41748
2023-06-28 11:31:03,49,51,14371,41748
2023-06-28 11:31:03,49,53,14371,41898
2023-06-28 11:31:05,50,53,14371,41898
2023-06-28 11:31:05,50,52,14371,41898
2023-06-28 11:31:05,50,53,14371,41998
2023-06-28 11:31:07,50,53,14371,42398
2023-06-28 11:31:08,51,53,14371,42398
2023-06-28 11:31:08,51,53,14471,42498
2023-06-28 11:31:08,51,52,14471,42498
2023-06-28 11:31:08,50,52,14621,42648
2023-06-28 11:31:09,50,54,14640,42867
2023-06-28 11:31:09,50,53,14640,42867
2023-06-28 11:31:10,50,54,14659,42886
2023-06-28 11:31:12,52,54,14659,42886
2023-06-28 11:31:17,52,53,14659,42886
2023-06-28 11:31:17,52,54,14659,42936
2023-06-28 11:31:21,52,55,14697,42974
2023-06-28 11:31:24,52,54,14697,42974
2023-06-28 11:31:35,52,55,14697,42974
2023-06-28 11:31:36,53,55,14697,42974
2023-06-28 11:31:36,53,57,14716,43043
2023-06-28 11:31:39,52,57,14716,43043
2023-06-28 11:31:51,53,57,14716,43043
2023-06-28 11:31:58,54,57,14716,43043
2023-06-28 11:32:01,53,57,14716,43043
2023-06-28 11:32:03,54,57,14716,43043
2023-06-28 11:32:04,53,57,14716,43043
2023-06-28 11:32:07,54,57,14716,43043
2023-06-28 11:32:40,55,57,14716,43043
2023-06-28 11:32:40,55,58,14735,43062
2023-06-28 11:32:40,55,57,14735,43062
2023-06-28 11:32:40,55,58,14785,43112
2023-06-28 11:32:43,56,58,14785,43112
2023-06-28 11:32:56,56,59,14959,43381
2023-06-28 11:32:57,57,59,14959,43381
2023-06-28 11:32:59,57,61,14959,43381
2023-06-28 11:32:59,57,60,14959,43381
2023-06-28 11:33:22,57,59,14959,43381
2023-06-28 11:33:49,56,59,14959,43381
2023-06-28 11:35:11,57,59,14959,43381
2023-06-28 11:36:17,57,59,15197,43669
2023-06-28 11:36:31,58,59,15197,43669
2023-06-28 11:36:40,59,60,15197,43688
2023-06-28 11:36:41,58,60,15197,43688
2023-06-28 11:36:54,58,61,15197,43688
2023-06-28 11:36:54,58,59,15197,43688
2023-06-28 11:37:26,58,61,15197,43688
2023-06-28 11:37:26,58,60,15197,43688
2023-06-28 11:37:38,59,60,15197,43688
2023-06-28 11:37:40,58,60,15197,43688
2023-06-28 11:37:41,59,60,15197,43688
2023-06-28 11:37:42,58,60,15197,43688
2023-06-28 11:37:45,59,60,15197,43688
2023-06-28 11:37:48,59,61,15197,43688
2023-06-28 11:37:57,60,61,15197,43688
2023-06-28 11:37:57,60,61,15197,43729
2023-06-28 11:37:57,60,63,15197,43729
2023-06-28 11:37:57,60,61,15197,43729
2023-06-28 11:37:58,59,61,15197,43729
2023-06-28 11:38:00,60,61,15197,43729
2023-06-28 11:38:07,60,61,15197,43770
2023-06-28 11:38:07,60,61,15197,43811
2023-06-28 11:38:11,61,62,15197,43830
2023-06-28 11:38:11,61,62,15197,43871
2023-06-28 11:39:07,62,63,15197,43890
2023-06-28 11:39:21,61,63,15197,43890
2023-06-28 11:42:04,62,63,15197,43890
2023-06-28 11:42:24,61,63,15197,43890
2023-06-28 11:42:35,61,62,15197,43890
2023-06-28 11:42:56,61,63,15197,43890
2023-06-28 11:43:19,61,63,15197,43900
2023-06-28 11:43:43,60,63,15197,43900
2023-06-28 11:43:43,60,62,15197,43900
2023-06-28 11:43:52,60,63,15197,43900
2023-06-28 11:44:17,61,63,15197,43900
2023-06-28 11:44:36,62,63,15197,43900
2023-06-28 11:44:37,61,63,15197,43900
2023-06-28 11:44:39,62,63,15197,43900
2023-06-28 11:44:52,61,63,15197,43900
2023-06-28 11:44:54,62,63,15197,43900
2023-06-28 11:45:31,61,63,15197,43900
2023-06-28 11:47:51,63,64,15216,43919
2023-06-28 11:47:54,61,64,15216,44150
2023-06-28 11:47:55,62,64,15216,44150
2023-06-28 11:48:15,63,64,15216,44150
2023-06-28 11:48:28,63,64,15216,44400
2023-06-28 11:48:31,62,64,15216,44400
2023-06-28 11:49:09,61,64,15216,44400
2023-06-28 11:49:11,61,63,15216,44400
2023-06-28 11:49:15,61,64,15216,44400
2023-06-28 11:49:15,61,63,15216,44400
2023-06-28 11:49:17,61,62,15216,44400
2023-06-28 11:49:21,60,62,15188,44428
2023-06-28 11:50:08,60,61,15188,44428
2023-06-28 11:50:10,59,61,15141,44475
2023-06-28 11:50:12,58,61,15141,44475
2023-06-28 11:50:14,57,61,15141,44475
2023-06-28 11:50:19,58,61,15141,44475
2023-06-28 11:50:20,59,61,15141,44475
2023-06-28 11:50:59,58,61,15141,44475
2023-06-28 11:50:59,59,61,15141,44475
2023-06-28 11:51:08,59,60,15141,44475
2023-06-28 11:51:37,60,61,15260,44594
2023-06-28 11:51:45,59,61,15260,44594
2023-06-28 11:52:35,60,61,15260,44594
2023-06-28 11:52:53,59,61,15260,44594
2023-06-28 11:52:53,60,61,15260,44594
2023-06-28 11:53:21,59,61,15260,44594
2023-06-28 11:53:21,60,61,15260,44594
2023-06-28 11:53:27,59,61,15260,44594
2023-06-28 11:53:27,60,61,15260,44594
2023-06-28 11:53:30,59,61,15260,44594
2023-06-28 11:54:20,60,61,15260,44594
2023-06-28 11:54:24,59,61,15260,44594
2023-06-28 11:54:25,60,61,15260,44594
2023-06-28 11:54:43,59,61,15260,44594
2023-06-28 11:54:43,60,61,15260,44594
2023-06-28 11:54:47,59,61,15260,44594
2023-06-28 11:55:31,60,61,15260,44594
2023-06-28 11:55:48,59,61,15260,44594
2023-06-28 11:55:48,60,61,15260,44594
2023-06-28 11:55:56,59,61,15260,44594
2023-06-28 11:56:13,58,61,15260,44594
2023-06-28 11:56:58,59,61,15260,44594
2023-06-28 11:57:49,60,61,15260,44594
2023-06-28 11:57:57,59,61,15260,44594
2023-06-28 11:57:57,60,61,15260,44594
2023-06-28 11:58:10,59,61,15260,44594
2023-06-28 11:58:10,60,61,15260,44594
2023-06-28 11:58:27,59,61,15260,44594
2023-06-28 11:58:27,60,61,15260,44594
2023-06-28 11:59:07,61,62,15279,44613
2023-06-28 11:59:12,60,62,15279,44613
2023-06-28 11:59:12,61,62,15279,44613
2023-06-28 11:59:33,62,63,15298,44632
2023-06-28 12:00:06,61,63,15298,44632
2023-06-28 12:00:06,62,63,15298,44632
2023-06-28 12:00:09,61,63,15298,44632
2023-06-28 12:00:15,62,63,15298,44632
2023-06-28 12:00:22,61,63,15298,44632
2023-06-28 12:00:22,62,63,15298,44632
2023-06-28 12:00:27,61,63,15298,44632
2023-06-28 12:01:28,61,62,15298,44632
2023-06-28 12:02:13,61,63,15298,45132
2023-06-28 12:02:18,62,63,15298,45132
2023-06-28 12:02:44,61,63,15298,45132
2023-06-28 12:02:56,62,63,15298,45132
2023-06-28 12:02:59,61,63,15298,45132
2023-06-28 12:03:03,62,63,15298,45132
2023-06-28 12:03:17,63,64,15298,45151
2023-06-28 12:03:21,62,64,15298,45151
2023-06-28 12:03:23,63,64,15298,45151
2023-06-28 12:03:29,62,64,15298,45151
2023-06-28 12:03:52,61,64,15298,45170
2023-06-28 12:03:52,61,63,15298,45170
2023-06-28 12:03:55,61,64,15298,45170
2023-06-28 12:03:56,61,63,15298,45170
2023-06-28 12:04:41,62,63,15298,45170
2023-06-28 12:05:03,61,63,15298,45170
2023-06-28 12:05:17,62,63,15298,45170
2023-06-28 12:05:18,61,63,15298,45170
2023-06-28 12:05:19,62,63,15298,45170
2023-06-28 12:05:24,63,64,15298,45189
2023-06-28 12:05:25,62,64,15298,45189
2023-06-28 12:05:29,63,64,15298,45189
2023-06-28 12:05:47,62,64,15298,45189
2023-06-28 12:05:48,63,64,15298,45189
2023-06-28 12:06:32,64,65,15298,45208
2023-06-28 12:06:32,64,65,15298,45258
2023-06-28 12:06:33,63,65,15298,45258
2023-06-28 12:06:36,64,65,15298,45258
2023-06-28 12:06:40,63,65,15298,45258
2023-06-28 12:06:42,64,65,15298,45258
2023-06-28 12:06:49,63,65,15298,45258
2023-06-28 12:06:56,64,65,15298,45258
2023-06-28 12:06:58,63,65,15298,45258
2023-06-28 12:07:00,64,65,15298,45258
2023-06-28 12:07:19,63,65,15298,45258
2023-06-28 12:07:32,64,65,15298,45258
2023-06-28 12:07:33,63,65,15298,45258
2023-06-28 12:07:38,64,65,15298,45258
2023-06-28 12:08:00,65,66,15298,45277
2023-06-28 12:08:01,64,66,15298,45277
2023-06-28 12:08:07,63,66,15298,45277
2023-06-28 12:08:07,63,65,15298,45277
2023-06-28 12:08:12,64,65,15298,45277
2023-06-28 12:08:26,65,66,15309,45296
2023-06-28 12:08:36,66,67,15328,45315
2023-06-28 12:08:36,66,67,15359,45346
2023-06-28 12:08:43,67,68,15378,45365
2023-06-28 12:08:43,67,68,15428,45415
2023-06-28 12:08:43,66,68,15559,45546
2023-06-28 12:08:43,66,68,15559,45946
2023-06-28 12:08:44,65,68,15559,46146
2023-06-28 12:08:50,66,68,15559,46146
2023-06-28 12:08:50,65,68,15559,46346
2023-06-28 12:08:57,65,67,15559,46346
2023-06-28 12:08:57,65,67,15559,46746
2023-06-28 12:08:58,64,67,15521,46784
2023-06-28 12:09:07,64,66,15521,46784
2023-06-28 12:10:01,64,65,15521,46784
2023-06-28 12:10:53,64,65,15521,46884
2023-06-28 12:10:58,65,66,15521,46984
2023-06-28 12:11:02,66,67,15540,47003
2023-06-28 12:11:03,66,67,15590,47053
2023-06-28 12:11:07,65,67,15598,47184
2023-06-28 12:11:23,64,67,15798,47403
2023-06-28 12:11:30,64,67,16179,47803
2023-06-28 12:11:31,63,67,16398,48041
2023-06-28 12:11:39,63,66,16398,48041
2023-06-28 12:11:43,63,65,16398,48041
2023-06-28 12:11:53,63,66,16398,48041
2023-06-28 12:11:53,63,65,16398,48041
2023-06-28 12:12:05,63,64,16398,48041
2023-06-28 12:12:06,62,64,16398,48041
2023-06-28 12:12:09,62,65,16398,48041
2023-06-28 12:12:09,62,64,16398,48041
2023-06-28 12:12:19,61,64,16398,48041
2023-06-28 12:12:37,57,64,16398,48041
2023-06-28 12:12:56,57,63,16398,48041
2023-06-28 12:13:04,57,64,16389,48050
2023-06-28 12:13:18,57,63,16389,48050
2023-06-28 12:13:18,57,64,16380,48059
2023-06-28 12:13:36,59,64,16380,48059
2023-06-28 12:13:36,61,64,16380,48059
2023-06-28 12:13:36,61,63,16380,48059
2023-06-28 12:13:38,61,64,16371,48068
2023-06-28 12:14:16,61,63,16371,48068
2023-06-28 12:14:16,61,64,16362,48077
2023-06-28 12:14:24,62,64,16362,48077
2023-06-28 12:14:39,62,63,16362,48077
2023-06-28 12:14:40,62,64,16353,48086
2023-06-28 12:16:04,61,64,16325,48114
2023-06-28 12:16:07,61,63,16325,48114
2023-06-28 12:16:44,60,63,16325,48114
2023-06-28 12:16:54,60,62,16325,48114
2023-06-28 12:17:39,60,61,16325,48114
2023-06-28 12:18:18,60,62,16316,48123
2023-06-28 12:18:26,60,63,16307,48132
2023-06-28 12:18:35,60,62,16307,48132
2023-06-28 12:18:38,60,63,16307,48232
2023-06-28 12:19:36,61,63,16307,48232
2023-06-28 12:20:17,61,64,16307,48251
2023-06-28 12:20:27,61,65,16098,48488
2023-06-28 12:20:28,63,65,16098,48488
2023-06-28 12:20:28,63,65,16148,48538
2023-06-28 12:20:28,63,64,16148,48538
2023-06-28 12:20:28,63,65,16148,48538
2023-06-28 12:20:32,63,65,16167,48557
2023-06-28 12:20:32,63,64,16167,48557
2023-06-28 12:20:33,63,65,16167,48557
2023-06-28 12:22:13,65,66,15867,48876
2023-06-28 12:22:13,63,66,15867,48876
2023-06-28 12:22:13,63,65,15867,48876
2023-06-28 12:27:42,63,65,15886,48895
2023-06-28 12:27:42,63,64,15886,48895
2023-06-28 12:27:42,63,65,15886,48895
2023-06-28 12:27:48,63,64,15886,48895
2023-06-28 12:27:53,63,64,15886,48914
2023-06-28 12:27:57,63,65,15886,48914
2023-06-28 12:28:01,63,64,15886,48914
2023-06-28 12:28:03,61,64,15800,49100
2023-06-28 12:28:04,60,61,15800,49100
2023-06-28 12:28:04,60,62,15800,49300
2023-06-28 12:28:13,58,62,15800,49300
2023-06-28 12:28:16,58,61,15800,49300
2023-06-28 12:28:17,58,60,15800,49300
2023-06-28 12:28:21,58,59,15800,49300
2023-06-28 12:28:24,58,60,15800,49300
2023-06-28 12:28:24,58,59,15800,49300
2023-06-28 12:28:32,56,59,15800,49300
2023-06-28 12:28:38,56,58,15800,49300
2023-06-28 12:28:42,56,59,15800,49300
2023-06-28 12:28:42,58,59,15800,49300
2023-06-28 12:28:42,56,59,15800,49300
2023-06-28 12:28:44,56,58,15800,49300
2023-06-28 12:28:44,56,59,15673,49486
2023-06-28 12:28:49,56,58,15673,49486
2023-06-28 12:28:50,54,58,15673,49486
2023-06-28 12:28:53,54,57,15673,49486
2023-06-28 12:28:53,54,58,15673,49672
2023-06-28 12:28:54,54,59,15673,49672
2023-06-28 12:28:56,54,57,15673,49672
2023-06-28 12:28:57,54,56,15673,49672
2023-06-28 12:28:57,54,56,15664,49681
2023-06-28 12:28:57,54,57,15664,49872
2023-06-28 12:29:03,54,56,15664,49872
2023-06-28 12:29:04,54,57,15664,49872
2023-06-28 12:29:11,54,58,15664,50072
2023-06-28 12:29:12,56,58,15664,50072
2023-06-28 12:29:14,56,59,15664,50072
2023-06-28 12:29:18,56,60,15664,50072
2023-06-28 12:29:19,56,59,15664,50072
2023-06-28 12:29:21,56,60,15664,50072
2023-06-28 12:29:28,56,61,15664,50072
2023-06-28 12:29:31,57,61,15664,50072
2023-06-28 12:29:42,58,61,15664,50072
2023-06-28 12:29:53,58,60,15664,50072
2023-06-28 12:30:10,58,59,15664,50072
2023-06-28 12:30:11,58,60,15664,50072
2023-06-28 12:30:33,58,59,15664,50072
2023-06-28 12:30:34,58,60,15664,50072
2023-06-28 12:30:59,58,59,15664,50072
2023-06-28 12:31:00,58,60,15664,50072
2023-06-28 12:31:01,58,59,15664,50072
2023-06-28 12:31:05,58,60,15664,50072
2023-06-28 12:31:10,58,59,15664,50072
2023-06-28 12:31:14,58,60,15664,50072
2023-06-28 12:31:16,58,59,15664,50072
2023-06-28 12:31:18,58,60,15664,50072
2023-06-28 12:31:30,58,59,15664,50072
2023-06-28 12:31:37,58,59,15650,50086
2023-06-28 12:31:38,58,59,15636,50100
2023-06-28 12:31:39,57,58,15635,50102
2023-06-28 12:31:39,58,59,15623,50114
2023-06-28 12:31:40,58,59,15609,50128
2023-06-28 12:31:41,57,58,15607,50130
2023-06-28 12:31:42,56,57,15559,50179
2023-06-28 12:31:44,53,56,15509,50229
2023-06-28 12:31:45,53,57,15509,50229
2023-06-28 12:31:46,56,57,15509,50229
2023-06-28 12:31:50,53,57,15509,50230
2023-06-28 12:31:51,53,56,15509,50230
2023-06-28 12:31:56,53,57,15509,50230
2023-06-28 12:31:56,53,56,15509,50230
2023-06-28 12:32:03,54,56,15509,50230
2023-06-28 12:32:09,54,55,15509,50230
2023-06-28 12:32:10,54,56,15509,50230
2023-06-28 12:32:11,54,55,15509,50230
2023-06-28 12:32:16,54,56,15509,50230
2023-06-28 12:32:53,55,56,15509,50230
2023-06-28 12:32:54,55,57,15528,50249
2023-06-28 12:34:03,54,57,15528,50268
2023-06-28 12:34:03,54,55,15528,50268
2023-06-28 12:34:29,54,55,15528,50468
2023-06-28 12:34:29,54,57,15566,50806
2023-06-28 12:34:30,55,57,15566,50806
2023-06-28 12:34:35,54,57,15566,50806
2023-06-28 12:34:35,55,57,15566,50806
2023-06-28 12:34:47,54,57,15566,50806
2023-06-28 12:35:14,55,57,15566,50806
2023-06-28 12:35:33,54,57,15566,50806
2023-06-28 12:36:21,54,56,15566,50806
2023-06-28 12:36:23,54,57,15566,50806
2023-06-28 12:36:24,54,56,15566,50806
2023-06-28 12:36:31,53,54,15528,50845
2023-06-28 12:36:33,52,53,15528,50847
2023-06-28 12:36:36,52,54,15528,50847
2023-06-28 12:37:02,52,53,15528,50847
2023-06-28 12:37:04,52,54,15528,50847
2023-06-28 12:37:05,52,53,15528,50847
2023-06-28 12:37:18,51,52,15528,50849
2023-06-28 12:37:25,51,53,15528,50849
2023-06-28 12:37:26,51,52,15528,50849
2023-06-28 12:37:45,51,53,15528,50849
2023-06-28 12:38:51,52,53,15528,50849
2023-06-28 12:38:54,51,53,15528,50849
2023-06-28 12:38:54,53,54,15547,50868
2023-06-28 12:39:03,51,54,15547,50868
2023-06-28 12:39:04,52,54,15547,50868
2023-06-28 12:39:12,53,54,15547,50868
2023-06-28 12:39:20,52,54,15547,50868
2023-06-28 12:39:23,53,54,15547,50868
2023-06-28 12:39:27,52,54,15547,50868
2023-06-28 12:39:37,53,54,15547,50868
2023-06-28 12:39:42,52,54,15547,50868
2023-06-28 12:39:42,53,54,15547,50868
2023-06-28 12:40:06,52,54,15547,50868
2023-06-28 12:40:06,53,54,15547,50868
2023-06-28 12:40:16,52,54,15547,50868
2023-06-28 12:40:19,53,54,15547,50868
2023-06-28 12:40:26,53,55,15566,50887
2023-06-28 12:40:27,54,55,15566,50887
2023-06-28 12:40:33,53,55,15566,50887
2023-06-28 12:40:33,54,55,15566,50887
2023-06-28 12:40:35,54,57,15585,50906
2023-06-28 12:40:50,54,56,15585,50906
2023-06-28 12:41:01,54,55,15585,50906
2023-06-28 12:41:02,54,56,15585,50906
2023-06-28 12:42:08,55,56,15585,50906
2023-06-28 12:42:13,54,56,15585,50906
2023-06-28 12:42:13,55,56,15585,50906
2023-06-28 12:42:18,54,56,15585,50906
2023-06-28 12:42:18,55,56,15585,50906
2023-06-28 12:42:21,54,56,15585,50906
2023-06-28 12:42:36,54,55,15585,50906
2023-06-28 12:42:45,53,54,15566,51025
2023-06-28 12:42:46,53,55,15566,51025
2023-06-28 12:42:52,53,54,15566,51025
2023-06-28 12:42:54,52,53,15528,51163
2023-06-28 12:42:56,52,54,15528,51163
2023-06-28 12:43:03,51,52,15494,51301
2023-06-28 12:43:06,49,52,15494,51303
2023-06-28 12:43:13,49,50,15494,51303
2023-06-28 12:43:16,49,52,15494,51303
2023-06-28 12:43:16,49,51,15494,51303
2023-06-28 12:43:16,47,49,15487,51313
2023-06-28 12:43:23,47,51,15487,51313
2023-06-28 12:43:23,47,52,15487,51313
2023-06-28 12:43:23,48,52,15487,51313
2023-06-28 12:43:23,48,50,15487,51313
2023-06-28 12:43:31,48,49,15487,51313
2023-06-28 12:43:37,48,50,15487,51313
2023-06-28 12:43:38,47,48,15468,51332
2023-06-28 12:43:44,47,49,15468,51332
2023-06-28 12:43:44,46,47,15430,51370
2023-06-28 12:43:48,46,49,15430,51370
2023-06-28 12:43:48,44,46,15380,51423
2023-06-28 12:43:56,44,46,15542,51585
2023-06-28 12:44:00,44,46,15546,51639
2023-06-28 12:44:00,42,44,15592,51685
2023-06-28 12:44:06,43,44,15592,51685
2023-06-28 12:44:06,42,44,15642,51735
2023-06-28 12:44:08,42,44,15646,51739
2023-06-28 12:44:09,40,44,15796,51896
2023-06-28 12:44:20,40,42,15796,51896
2023-06-28 12:44:21,40,41,15796,51896
2023-06-28 12:44:21,38,39,15796,51941
2023-06-28 12:44:21,38,39,15804,51949
2023-06-28 12:44:22,38,39,15857,52002
2023-06-28 12:44:22,36,38,15857,52199
2023-06-28 12:44:22,36,39,15857,52199
2023-06-28 12:44:22,33,39,15857,52199
2023-06-28 12:44:22,37,39,15857,52199
2023-06-28 12:44:22,39,41,16004,52346
2023-06-28 12:44:22,37,41,16004,52349
2023-06-28 12:44:24,37,39,16004,52349
2023-06-28 12:44:24,37,39,16004,52749
2023-06-28 12:44:27,37,41,16004,52749
2023-06-28 12:44:30,37,39,16004,52749
2023-06-28 12:44:31,34,39,16004,52749
2023-06-28 12:44:31,34,37,16004,52749
2023-06-28 12:44:31,34,39,16004,52749
2023-06-28 12:44:36,38,39,16004,52749
2023-06-28 12:44:36,34,39,16004,52757
2023-06-28 12:44:39,35,39,16004,52757
2023-06-28 12:44:53,36,39,16004,52757
2023-06-28 12:45:08,35,39,15954,52815
2023-06-28 12:45:21,36,39,15954,52815
2023-06-28 12:45:22,35,39,15954,52825
2023-06-28 12:45:36,36,39,15954,52825
2023-06-28 12:45:37,36,38,15954,52825
2023-06-28 12:45:37,35,38,15954,52830
2023-06-28 12:45:39,36,38,15954,52830
2023-06-28 12:45:40,35,38,15950,52834
2023-06-28 12:45:49,36,38,15950,52834
2023-06-28 12:45:56,35,38,15950,52839
2023-06-28 12:46:01,35,37,15950,52839
2023-06-28 12:46:01,34,37,15900,52889
2023-06-28 12:46:04,34,38,15900,52889
2023-06-28 12:46:12,32,38,15900,52889
2023-06-28 12:46:14,33,38,15900,52889
2023-06-28 12:46:17,35,38,15900,52889
2023-06-28 12:46:20,33,38,15900,52889
2023-06-28 12:46:21,35,38,15900,52889
2023-06-28 12:46:32,33,38,15900,52889
2023-06-28 12:46:36,35,38,15900,52889
2023-06-28 12:46:40,35,36,15900,52889
2023-06-28 12:46:41,35,36,15700,53089
2023-06-28 12:46:45,35,36,15700,53092
2023-06-28 12:46:45,35,38,15700,53139
2023-06-28 12:46:46,35,37,15700,53139
2023-06-28 12:46:47,36,37,15700,53139
2023-06-28 12:46:47,36,38,15700,53339
2023-06-28 12:46:48,36,39,15719,53358
2023-06-28 12:46:50,36,38,15719,53358
2023-06-28 12:46:51,36,39,15719,53508
2023-06-28 12:46:51,36,38,15719,53508
2023-06-28 12:46:53,36,39,15738,53527
2023-06-28 12:46:56,38,39,15738,53527
2023-06-28 12:47:01,38,40,15757,53546
2023-06-28 12:47:08,38,41,15776,53565
2023-06-28 12:47:17,39,41,15776,53565
2023-06-28 12:47:25,39,44,15795,53584
2023-06-28 12:47:31,40,44,15795,53584
2023-06-28 12:47:44,41,44,15795,53584
2023-06-28 12:47:46,41,43,15795,53584
2023-06-28 12:47:46,40,43,15795,53587
2023-06-28 12:47:47,40,42,15795,53587
2023-06-28 12:47:47,39,42,15776,53706
2023-06-28 12:47:54,38,42,15776,53706
2023-06-28 12:47:54,35,42,15776,53706
2023-06-28 12:48:00,40,42,15776,53706
2023-06-28 12:48:01,35,42,15776,53709
2023-06-28 12:48:12,36,42,15776,53709
2023-06-28 12:48:23,37,42,15776,53709
2023-06-28 12:48:39,39,42,15776,53709
2023-06-28 12:49:04,40,42,15776,53709
2023-06-28 12:49:16,40,41,15776,53709
2023-06-28 12:49:23,40,42,15776,53709
2023-06-28 12:49:23,40,41,15776,53709
2023-06-28 12:49:34,39,40,15778,53711
2023-06-28 12:49:35,37,40,15759,53730
2023-06-28 12:49:41,37,39,15759,53730
2023-06-28 12:49:44,36,39,15709,53780
2023-06-28 12:49:46,36,37,15709,53780
2023-06-28 12:49:50,34,37,15659,53839
2023-06-28 12:49:51,34,39,15659,53839
2023-06-28 12:49:51,34,38,15659,53839
2023-06-28 12:49:51,34,36,15659,53839
2023-06-28 12:50:12,34,38,15678,53908
2023-06-28 12:50:13,34,40,15678,53908
2023-06-28 12:50:13,34,39,15678,53908
2023-06-28 12:50:13,34,37,15678,53908
2023-06-28 12:50:15,34,40,15678,53908
2023-06-28 12:50:15,34,38,15678,53908
2023-06-28 12:50:31,34,37,15678,53908
2023-06-28 12:50:36,34,36,15678,53908
2023-06-28 12:50:36,33,36,15578,54017
2023-06-28 12:50:37,33,35,15578,54017
2023-06-28 12:50:40,33,34,15578,54017
2023-06-28 12:51:01,32,33,15528,54076
2023-06-28 12:51:05,32,34,15528,54076
2023-06-28 12:51:05,32,33,15528,54076
2023-06-28 12:51:21,32,34,15547,54095
2023-06-28 12:51:22,31,34,15547,54095
2023-06-28 12:51:35,32,34,15547,54095
2023-06-28 12:51:39,32,35,15566,54114
2023-06-28 12:52:22,33,35,15566,54114
2023-06-28 12:52:40,33,35,15585,54364
2023-06-28 12:52:43,33,35,15585,54614
2023-06-28 12:52:46,34,35,15585,54614
2023-06-28 12:52:48,34,35,15585,54864
2023-06-28 12:52:51,34,36,15585,54883
2023-06-28 12:52:56,34,37,15604,54902
2023-06-28 12:53:35,35,37,15604,54902
2023-06-28 12:53:49,35,36,15604,54902
2023-06-28 12:53:49,34,36,15585,54923
2023-06-28 12:53:50,33,34,15585,54961
2023-06-28 12:53:50,32,34,15633,55164
2023-06-28 12:53:51,31,34,15633,55202
2023-06-28 12:53:52,31,33,15633,55202
2023-06-28 12:53:52,31,33,15833,55402
2023-06-28 12:53:52,31,33,16014,55583
2023-06-28 12:53:53,30,33,16133,55702
2023-06-28 12:53:53,30,32,16133,55702
2023-06-28 12:53:54,28,32,16146,55715
2023-06-28 12:53:56,28,31,16146,55715
2023-06-28 12:53:57,28,30,16146,55715
2023-06-28 12:53:57,26,30,16158,55727
2023-06-28 12:53:57,28,30,16158,55727
2023-06-28 12:53:58,24,30,16182,55777
2023-06-28 12:53:58,24,29,16182,55777
2023-06-28 12:54:04,22,29,16182,55777
2023-06-28 12:54:04,22,27,16182,55777
2023-06-28 12:54:09,22,26,16182,55777
2023-06-28 12:54:10,20,26,16182,55777
2023-06-28 12:54:13,20,26,16182,55777
2023-06-28 12:54:15,21,26,16182,55777
2023-06-28 12:54:20,21,27,16182,55777
2023-06-28 12:54:22,21,25,16182,55777
2023-06-28 12:54:26,21,27,16182,55777
2023-06-28 12:54:27,21,29,16182,55777
2023-06-28 12:54:27,23,29,16182,55777
2023-06-28 12:54:27,23,28,16182,55777
2023-06-28 12:54:27,23,29,16182,55777
2023-06-28 12:54:35,24,29,16182,55777
2023-06-28 12:54:48,25,29,16182,55777
2023-06-28 12:55:06,25,27,16182,55777
2023-06-28 12:55:07,24,27,16242,55837
2023-06-28 12:55:08,24,26,16242,55837
2023-06-28 12:55:08,23,26,16292,55887
2023-06-28 12:55:10,23,26,16295,55890
2023-06-28 12:55:10,22,26,16345,55940
2023-06-28 12:55:17,22,25,16345,55940
2023-06-28 12:55:19,20,25,16690,56285
2023-06-28 12:55:21,23,25,16690,56285
2023-06-28 12:55:21,20,25,16700,56295
2023-06-28 12:55:24,20,24,16700,56295
2023-06-28 12:55:27,20,25,16700,56295
2023-06-28 12:55:32,21,25,16700,56295
2023-06-28 12:55:33,20,25,16700,56295
2023-06-28 12:55:35,21,25,16700,56295
2023-06-28 12:55:45,22,25,16700,56295
2023-06-28 12:55:53,23,25,16700,56295
2023-06-28 12:56:04,22,25,16700,56295
2023-06-28 12:56:43,22,24,16700,56295
2023-06-28 12:57:08,22,23,16700,56295
2023-06-28 12:57:10,22,24,16600,56495
2023-06-28 12:57:11,23,24,16600,56495
2023-06-28 12:57:17,23,24,16850,56745
2023-06-28 12:57:22,23,25,16850,56795
2023-06-28 12:57:24,23,24,16850,56795
2023-06-28 12:57:31,23,25,16750,56995
2023-06-28 12:57:32,23,26,16750,56995
2023-06-28 12:57:48,23,27,16750,57045
2023-06-28 12:57:59,23,26,16750,57045
2023-06-28 12:58:05,23,27,16750,57045
2023-06-28 12:58:06,24,27,16750,57045
2023-06-28 12:58:10,24,26,16750,57045
2023-06-28 12:58:25,24,27,16750,57095
2023-06-28 12:58:31,25,27,16750,57095
2023-06-28 12:58:31,25,28,16750,57145
2023-06-28 12:58:37,27,28,16750,57145
2023-06-28 12:58:39,27,28,17000,57395
2023-06-28 12:58:41,27,28,17250,57645
2023-06-28 12:58:42,27,28,17500,57895
2023-06-28 12:58:47,27,28,17750,58145
2023-06-28 12:58:48,27,28,18000,58395
2023-06-28 12:58:50,27,28,18250,58645
2023-06-28 12:58:52,27,28,18500,58895
2023-06-28 12:58:53,27,28,18750,59145
2023-06-28 12:58:55,27,28,19000,59395
2023-06-28 12:58:57,27,28,19250,59645
2023-06-28 12:58:57,27,28,19450,59845
2023-06-28 12:58:57,27,28,19500,59895
2023-06-28 12:59:00,27,28,19750,60145
2023-06-28 12:59:03,28,31,19750,60164
2023-06-28 12:59:20,28,30,19750,60164
2023-06-28 12:59:22,27,30,19800,60214
2023-06-28 12:59:33,26,30,20052,60466
2023-06-28 12:59:39,27,30,20052,60466
2023-06-28 12:59:50,27,31,20052,60466
2023-06-28 12:59:59,27,30,20052,60466
2023-06-28 13:00:04,27,31,20052,60466
2023-06-28 13:00:06,28,31,20052,60466
2023-06-28 13:00:46,28,30,20052,60466
2023-06-28 13:00:48,28,31,20052,60466
2023-06-28 13:01:02,28,30,20052,60466
2023-06-28 13:01:03,28,31,20052,60466
2023-06-28 13:01:04,28,30,20052,60466
2023-06-28 13:01:05,27,30,20104,60518
2023-06-28 13:01:22,28,30,20104,60518
2023-06-28 13:01:42,28,31,20104,60518
2023-06-28 13:01:44,27,28,20104,60539
2023-06-28 13:01:45,26,27,20104,60589
2023-06-28 13:01:45,25,27,20160,60645
2023-06-28 13:01:46,24,27,20210,60695
2023-06-28 13:02:31,24,25,20210,60695
2023-06-28 13:02:32,23,25,20233,60718
2023-06-28 13:02:34,23,24,20233,60718
2023-06-28 13:02:35,23,25,20233,60718
2023-06-28 13:02:36,23,24,20233,60718
2023-06-28 13:02:37,22,23,20283,60768
2023-06-28 13:02:37,22,24,20283,60768
2023-06-28 13:02:43,20,22,20283,60792
2023-06-28 13:02:46,20,23,20283,60792
2023-06-28 13:02:54,20,24,20283,60792
2023-06-28 13:03:00,21,24,20283,60792
2023-06-28 13:03:07,22,24,20283,60792
2023-06-28 13:03:09,23,24,20283,60792
2023-06-28 13:03:11,23,25,20283,60811
2023-06-28 13:03:12,24,25,20283,60811
2023-06-28 13:03:14,23,25,20283,60811
2023-06-28 13:03:14,23,26,20283,60961
2023-06-28 13:03:15,24,26,20283,60961
2023-06-28 13:03:32,26,28,20283,61011
2023-06-28 13:03:35,24,28,20283,61011
2023-06-28 13:03:35,25,28,20283,61011
2023-06-28 13:03:35,27,28,20283,61011
2023-06-28 13:03:40,25,28,20283,61011
2023-06-28 13:03:40,25,29,20283,61061
2023-06-28 13:03:40,26,29,20283,61061
2023-06-28 13:03:47,26,29,20283,61062
2023-06-28 13:03:54,26,29,20283,61066
2023-06-28 13:03:58,25,29,20283,61066
2023-06-28 13:03:58,27,29,20283,61066
2023-06-28 13:04:51,27,28,20283,61066
2023-06-28 13:04:54,26,28,20305,61088
2023-06-28 13:04:55,25,28,20324,61107
2023-06-28 13:05:57,26,28,20324,61107
2023-06-28 13:06:23,25,28,20324,61107
2023-06-28 13:06:23,27,28,20324,61107
2023-06-28 13:06:35,27,29,20324,61157
2023-06-28 13:06:36,25,29,20324,61157
2023-06-28 13:06:36,27,29,20324,61157
2023-06-28 13:07:02,28,29,20324,61157
2023-06-28 13:07:13,28,30,20324,61207
2023-06-28 13:07:25,28,31,20324,61257
2023-06-28 13:07:30,30,31,20324,61257
2023-06-28 13:07:54,30,32,20324,61307
2023-06-28 13:07:55,31,32,20324,61307
2023-06-28 13:08:02,30,32,20379,61362
2023-06-28 13:08:03,28,32,20579,61562
2023-06-28 13:08:12,28,31,20579,61562
2023-06-28 13:08:15,28,30,20579,61562
2023-06-28 13:08:18,28,29,20579,61562
2023-06-28 13:08:18,27,29,20631,61614
2023-06-28 13:08:42,27,29,20631,62014
2023-06-28 13:08:42,27,29,20631,62414
2023-06-28 13:08:43,27,29,20631,62814
2023-06-28 13:09:26,26,29,20650,62833
2023-06-28 13:09:27,26,28,20650,62833
2023-06-28 13:10:04,25,26,20650,62852
2023-06-28 13:10:05,23,26,20723,62925
2023-06-28 13:10:05,23,25,20723,62925
2023-06-28 13:10:07,21,25,20723,62925
2023-06-28 13:10:22,22,25,20723,62925
2023-06-28 13:10:26,21,25,20723,62925
2023-06-28 13:10:32,21,23,20723,62925
2023-06-28 13:10:45,22,23,20723,62925
2023-06-28 13:10:48,23,26,20723,62929
2023-06-28 13:11:01,24,26,20723,62929
2023-06-28 13:11:57,25,26,20723,62929
2023-06-28 13:12:06,25,27,20704,62948
2023-06-28 13:12:07,25,28,20704,62998
2023-06-28 13:12:20,26,28,20704,62998
2023-06-28 13:12:22,25,28,20704,62998
2023-06-28 13:12:32,25,27,20704,62998
2023-06-28 13:12:46,24,27,20723,63017
2023-06-28 13:12:52,24,28,20723,63017
2023-06-28 13:12:52,25,28,20723,63017
2023-06-28 13:13:00,25,27,20723,63017
2023-06-28 13:13:09,24,27,20742,63036
2023-06-28 13:13:10,24,26,20742,63036
2023-06-28 13:13:32,25,26,20742,63036
2023-06-28 13:13:42,24,26,20742,63036
2023-06-28 13:13:43,26,28,20742,63074
2023-06-28 13:14:17,26,27,20742,63074
2023-06-28 13:14:23,25,27,20742,63074
2023-06-28 13:14:34,26,27,20742,63074
2023-06-28 13:14:53,27,28,20742,63102
2023-06-28 13:15:10,26,28,20742,63102
2023-06-28 13:15:10,27,28,20742,63102
2023-06-28 13:15:32,26,28,20742,63102
2023-06-28 13:15:35,27,28,20742,63102
2023-06-28 13:17:09,26,28,20742,63102
2023-06-28 13:18:07,27,28,20742,63102
2023-06-28 13:18:13,26,28,20742,63102
2023-06-28 13:18:16,25,28,20742,63102
2023-06-28 13:18:35,25,29,20692,63152
2023-06-28 13:19:02,26,29,20692,63152
2023-06-28 13:19:03,28,29,20692,63152
2023-06-28 13:19:29,28,30,20642,63202
2023-06-28 13:20:38,30,31,20642,63230
2023-06-28 13:20:51,31,32,20642,63249
2023-06-28 13:21:18,31,33,20623,63268
2023-06-28 13:21:20,32,33,20623,63268
2023-06-28 13:21:23,33,34,20627,63287
2023-06-28 13:21:28,31,34,20627,63287
2023-06-28 13:21:28,33,34,20627,63287
2023-06-28 13:21:29,33,35,20646,63306
2023-06-28 13:21:34,33,36,20665,63325
2023-06-28 13:21:45,34,36,20665,63325
2023-06-28 13:21:57,35,36,20665,63325
2023-06-28 13:22:02,34,36,20665,63325
2023-06-28 13:22:48,35,36,20665,63325
2023-06-28 13:22:56,36,37,20684,63344
2023-06-28 13:23:20,37,39,20703,63363
2023-06-28 13:23:28,37,40,20722,63402
2023-06-28 13:23:46,38,40,20722,63402
2023-06-28 13:24:15,37,40,20722,63421
2023-06-28 13:24:16,37,39,20722,63421
2023-06-28 13:24:24,36,39,20722,63471
2023-06-28 13:24:27,36,38,20722,63471
2023-06-28 13:24:29,35,38,20742,63521
2023-06-28 13:24:35,35,39,20742,63521
2023-06-28 13:24:46,35,40,20742,63521
2023-06-28 13:24:46,36,40,20742,63521
2023-06-28 13:25:18,37,40,20742,63521
2023-06-28 13:25:33,37,39,20742,63521
2023-06-28 13:25:38,38,39,20742,63521
2023-06-28 13:26:18,37,39,20742,63521
2023-06-28 13:26:39,37,38,20742,63521
2023-06-28 13:26:59,37,38,20742,63921
2023-06-28 13:26:59,37,38,20742,64321
2023-06-28 13:27:01,37,38,20742,64721
2023-06-28 13:27:01,37,38,20742,65121
2023-06-28 13:27:02,37,38,20742,65521
2023-06-28 13:27:03,37,39,20742,65721
2023-06-28 13:27:04,38,39,20742,65721
2023-06-28 13:27:08,38,40,20723,65740
2023-06-28 13:27:10,39,40,20723,65740
2023-06-28 13:27:13,38,40,20723,65740
2023-06-28 13:27:13,39,40,20723,65740
2023-06-28 13:27:42,39,40,20771,65790
2023-06-28 13:27:48,39,43,20771,65860
2023-06-28 13:27:53,40,43,20771,65860
2023-06-28 13:28:09,39,43,20771,65860
2023-06-28 13:28:10,40,43,20771,65860
2023-06-28 13:28:34,39,43,20771,65860
2023-06-28 13:28:51,40,43,20771,65860
2023-06-28 13:29:11,39,43,20771,65860
2023-06-28 13:29:26,40,43,20771,65860
2023-06-28 13:29:28,39,43,20771,65860
2023-06-28 13:29:28,41,43,20771,65860
2023-06-28 13:29:50,39,43,20771,65860
2023-06-28 13:29:50,40,43,20771,65860
2023-06-28 13:30:00,39,43,20771,65860
2023-06-28 13:30:00,41,43,20771,65860
2023-06-28 13:30:04,42,43,20771,65860
2023-06-28 13:30:06,43,44,20790,65879
2023-06-28 13:30:16,42,44,20790,65879
2023-06-28 13:30:16,41,44,20790,65879
2023-06-28 13:30:16,43,44,20790,65879
2023-06-28 13:30:24,43,45,20790,65898
2023-06-28 13:30:24,41,45,20790,65898
2023-06-28 13:30:24,44,45,20790,65898
2023-06-28 13:30:30,42,45,20790,65898
2023-06-28 13:30:30,44,45,20790,65898
2023-06-28 13:30:35,45,46,20809,65917
2023-06-28 13:30:56,42,46,20809,65917
2023-06-28 13:30:57,42,46,20859,65967
2023-06-28 13:30:57,44,46,20859,65967
2023-06-28 13:31:00,44,50,20859,66008
2023-06-28 13:31:05,45,50,20859,66008
2023-06-28 13:31:05,47,50,20859,66008
2023-06-28 13:31:10,45,50,20859,66008
2023-06-28 13:31:10,44,50,20859,66008
2023-06-28 13:31:10,46,50,20859,66008
2023-06-28 13:31:13,46,48,20859,66008
2023-06-28 13:31:18,46,47,20859,66008
2023-06-28 13:31:18,45,47,21059,66208
2023-06-28 13:31:20,44,47,21259,66408
2023-06-28 13:31:53,44,45,21259,66408
2023-06-28 13:31:54,41,45,21259,66408
2023-06-28 13:31:55,41,43,21259,66408
2023-06-28 13:32:08,36,43,21259,66408
2023-06-28 13:32:11,36,45,21259,66408
2023-06-28 13:32:12,36,44,21259,66408
2023-06-28 13:32:15,36,45,21259,66408
2023-06-28 13:32:16,38,45,21259,66408
2023-06-28 13:32:20,36,45,21259,66408
2023-06-28 13:32:20,36,42,21259,66408
2023-06-28 13:32:21,36,40,21259,66408
2023-06-28 13:32:24,36,42,21259,66608
2023-06-28 13:32:29,36,41,21259,66608
2023-06-28 13:32:30,33,41,21309,66708
2023-06-28 13:32:33,32,41,21309,66708
2023-06-28 13:32:35,32,42,21309,66708
2023-06-28 13:32:35,32,39,21309,66708
2023-06-28 13:32:35,35,39,21309,66708
2023-06-28 13:32:38,32,39,21309,66758
2023-06-28 13:32:41,32,37,21309,66758
2023-06-28 13:32:41,35,37,21309,66758
2023-06-28 13:32:42,32,37,21346,66808
2023-06-28 13:32:44,33,37,21346,66808
2023-06-28 13:32:51,33,39,21346,66808
2023-06-28 13:32:54,35,39,21346,66808
2023-06-28 13:32:54,33,39,21396,66858
2023-06-28 13:32:58,33,38,21396,66858
2023-06-28 13:33:01,34,38,21396,66858
2023-06-28 13:33:01,34,39,21396,66858
2023-06-28 13:33:08,33,39,21396,66858
2023-06-28 13:33:12,34,39,21396,66858
2023-06-28 13:33:12,34,38,21396,66858
2023-06-28 13:33:24,34,37,21396,66858
2023-06-28 13:33:31,33,37,21399,66861
2023-06-28 13:33:39,32,37,21599,67061
2023-06-28 13:33:47,33,37,21599,67061
2023-06-28 13:33:50,34,37,21599,67061
2023-06-28 13:33:51,33,37,21699,67161
2023-06-28 13:34:06,32,37,21749,67211
2023-06-28 13:34:22,32,36,21749,67211
2023-06-28 13:34:40,31,36,21799,67261
2023-06-28 13:34:46,33,36,21799,67261
2023-06-28 13:34:46,31,36,21802,67264
2023-06-28 13:34:48,31,35,21802,67264
2023-06-28 13:34:49,30,35,21826,67288
2023-06-28 13:34:50,29,35,21826,67288
2023-06-28 13:34:50,29,36,21826,67288
2023-06-28 13:34:50,29,34,21826,67288
2023-06-28 13:35:05,29,33,21826,67288
2023-06-28 13:35:09,30,33,21826,67288
2023-06-28 13:35:38,32,33,21826,67288
2023-06-28 13:35:44,32,33,21856,67318
2023-06-28 13:35:48,32,34,21856,67368
2023-06-28 13:35:57,32,33,21856,67368
2023-06-28 13:36:06,33,34,21891,67428
2023-06-28 13:36:07,32,34,21891,67428
2023-06-28 13:36:08,33,34,21891,67428
2023-06-28 13:36:17,34,35,21891,67478
2023-06-28 13:36:19,35,36,21891,67528
2023-06-28 13:36:36,34,36,21891,67528
2023-06-28 13:37:25,35,36,21891,67528
2023-06-28 13:38:12,34,36,21891,67528
2023-06-28 13:38:20,34,36,21911,67548
2023-06-28 13:38:34,34,35,21911,67548
2023-06-28 13:40:06,33,35,22211,67848
2023-06-28 13:40:20,32,35,22261,67898
2023-06-28 13:40:54,33,35,22261,67898
2023-06-28 13:40:57,34,35,22261,67898
2023-06-28 13:41:48,33,35,22299,67936
2023-06-28 13:42:04,32,35,22518,68155
2023-06-28 13:42:05,32,34,22518,68155
2023-06-28 13:42:06,32,33,22518,68155
2023-06-28 13:42:06,31,33,22518,68155
2023-06-28 13:42:06,31,32,22518,68155
2023-06-28 13:42:06,31,33,22518,68155
2023-06-28 13:42:09,30,33,22537,68174
2023-06-28 13:42:12,30,32,22537,68174
2023-06-28 13:42:12,28,32,22537,68174
2023-06-28 13:42:12,28,30,22537,68174
2023-06-28 13:42:13,28,32,22537,68174
2023-06-28 13:42:13,25,32,22537,68174
2023-06-28 13:42:13,28,32,22537,68174
2023-06-28 13:42:15,28,33,22537,68174
2023-06-28 13:42:16,28,31,22537,68174
2023-06-28 13:42:17,28,33,22537,68174
2023-06-28 13:42:17,28,32,22537,68174
2023-06-28 13:42:20,31,32,22537,68174
2023-06-28 13:42:20,31,33,22537,68174
2023-06-28 13:42:28,28,33,22537,68177
2023-06-28 13:42:37,30,33,22537,68177
2023-06-28 13:42:40,31,33,22537,68177
2023-06-28 13:42:46,31,33,22537,68179
2023-06-28 13:42:53,32,33,22537,68179
2023-06-28 13:42:56,32,33,22537,68180
2023-06-28 13:43:09,32,34,22521,68196
2023-06-28 13:43:10,32,35,22501,68216
2023-06-28 13:43:12,33,35,22501,68216
2023-06-28 13:44:54,33,34,22501,68216
2023-06-28 13:44:55,32,34,22520,68235
2023-06-28 13:47:20,33,34,22520,68235
2023-06-28 13:47:34,32,34,22520,68235
2023-06-28 13:48:11,32,33,22520,68235
2023-06-28 13:48:12,30,33,22542,68257
2023-06-28 13:48:17,30,32,22542,68257
2023-06-28 13:48:23,30,33,22542,68257
2023-06-28 13:48:23,30,31,22542,68257
2023-06-28 13:48:24,29,31,22565,68280
2023-06-28 13:48:30,29,30,22565,68280
2023-06-28 13:49:10,29,31,22565,68280
2023-06-28 13:49:10,29,30,22565,68280
2023-06-28 13:49:17,29,31,22565,68280
2023-06-28 13:49:26,28,29,22565,68302
2023-06-28 13:49:34,28,29,22565,68304
2023-06-28 13:49:44,27,29,22784,68523
2023-06-28 13:49:45,25,29,22834,68573
2023-06-28 13:49:48,24,29,22834,68573
2023-06-28 13:49:48,25,29,22834,68573
2023-06-28 13:49:48,25,28,22834,68573
2023-06-28 13:49:50,25,28,22834,68576
2023-06-28 13:49:52,24,28,22834,68576
2023-06-28 13:49:52,24,29,22834,68576
2023-06-28 13:49:52,26,29,22834,68576
2023-06-28 13:49:57,28,29,22834,68576
2023-06-28 13:50:01,28,31,22834,68576
2023-06-28 13:50:01,28,30,22834,68576
2023-06-28 13:50:01,27,30,22855,68597
2023-06-28 13:50:03,25,30,22855,68597
2023-06-28 13:50:03,24,30,22855,68597
2023-06-28 13:50:03,24,31,22855,68597
2023-06-28 13:50:04,26,31,22855,68597
2023-06-28 13:50:04,26,30,22855,68597
2023-06-28 13:50:04,26,28,22855,68597
2023-06-28 13:50:04,27,28,22855,68597
2023-06-28 13:50:09,26,28,22874,68616
2023-06-28 13:50:11,26,29,22874,68616
2023-06-28 13:50:11,26,28,22874,68616
2023-06-28 13:50:12,25,28,22893,68635
2023-06-28 13:50:13,24,28,22893,68635
2023-06-28 13:50:13,24,29,22893,68635
2023-06-28 13:50:14,24,27,22893,68635
2023-06-28 13:50:34,25,27,22893,68635
2023-06-28 13:50:41,24,27,23114,68856
2023-06-28 13:50:55,23,27,23136,68878
2023-06-28 13:50:57,23,26,23136,68878
2023-06-28 13:50:58,23,25,23136,68878
2023-06-28 13:51:04,23,26,23136,68878
2023-06-28 13:51:05,23,25,23136,68878
2023-06-28 13:51:17,24,25,23136,68878
2023-06-28 13:51:53,25,26,23136,68897
2023-06-28 13:52:07,24,26,23136,68927
2023-06-28 13:52:13,23,26,23160,68951
2023-06-28 13:52:15,23,25,23160,68951
2023-06-28 13:52:54,24,25,23160,68951
2023-06-28 13:53:13,23,25,23160,68951
2023-06-28 13:53:13,25,26,23160,68970
2023-06-28 13:53:18,23,26,23160,68970
2023-06-28 13:53:18,24,26,23160,68970
2023-06-28 13:53:55,25,26,23160,68970
2023-06-28 13:53:57,24,26,23160,68970
2023-06-28 13:53:57,26,27,23160,69008
2023-06-28 13:54:19,26,28,23110,69058
2023-06-28 13:54:21,26,29,23110,69108
2023-06-28 13:54:32,28,29,23110,69108
2023-06-28 13:54:34,28,29,23110,69109
2023-06-28 13:55:04,29,30,23110,69158
2023-06-28 13:55:13,29,31,23110,69208
2023-06-28 13:55:14,29,33,23110,69258
2023-06-28 13:55:15,30,33,23110,69258
2023-06-28 13:55:19,32,33,23110,69258
2023-06-28 13:55:37,32,35,23110,69308
2023-06-28 13:55:37,33,35,23110,69308
2023-06-28 13:55:45,32,35,23110,69308
2023-06-28 13:55:46,32,35,23130,69358
2023-06-28 13:55:46,33,35,23130,69358
2023-06-28 13:56:02,34,35,23130,69358
2023-06-28 13:56:11,34,35,23130,69438
2023-06-28 13:56:26,32,34,23130,69488
2023-06-28 13:56:30,32,35,23130,69488
2023-06-28 13:56:30,32,33,23130,69488
2023-06-28 13:56:32,30,33,23130,69488
2023-06-28 13:56:35,30,35,23130,69488
2023-06-28 13:56:35,30,34,23130,69488
2023-06-28 13:56:35,31,34,23130,69488
2023-06-28 13:56:36,31,33,23130,69488
2023-06-28 13:56:40,31,35,23130,69488
2023-06-28 13:56:41,31,34,23130,69488
2023-06-28 13:56:41,31,33,23130,69488
2023-06-28 13:56:54,30,33,23180,69538
2023-06-28 13:56:56,30,31,23180,69538
2023-06-28 13:56:59,30,33,23180,69538
2023-06-28 13:56:59,28,33,23180,69588
2023-06-28 13:56:59,28,32,23180,69588
2023-06-28 13:57:07,28,31,23180,69588
2023-06-28 13:57:08,28,29,23180,69588
2023-06-28 13:57:23,28,31,23180,69588
2023-06-28 13:57:23,28,30,23180,69588
2023-06-28 13:57:23,28,29,23180,69588
2023-06-28 13:57:23,27,29,23218,69626
2023-06-28 13:57:23,27,28,23218,69626
2023-06-28 13:57:29,25,28,23218,69626
2023-06-28 13:57:38,25,27,23218,69626
2023-06-28 13:57:43,25,27,23218,69627
2023-06-28 13:57:50,24,25,23218,69649
2023-06-28 13:57:56,25,28,23218,69676
2023-06-28 13:58:06,24,28,23218,69676
2023-06-28 13:58:06,24,26,23218,69676
2023-06-28 13:58:30,25,26,23218,69676
2023-06-28 13:58:43,24,26,23218,69676
2023-06-28 13:58:43,26,27,23218,69695
2023-06-28 13:58:52,26,28,23249,69745
2023-06-28 13:59:19,26,30,23230,69771
2023-06-28 13:59:21,26,33,23230,69771
2023-06-28 13:59:21,27,33,23230,69771
2023-06-28 13:59:21,28,33,23230,69771
2023-06-28 13:59:21,28,32,23230,69771
2023-06-28 13:59:51,28,31,23230,69771
2023-06-28 14:00:18,30,31,23230,69771
2023-06-28 14:00:22,28,31,23230,69771
2023-06-28 14:00:22,30,31,23230,69771
2023-06-28 14:00:29,26,31,23232,69773
2023-06-28 14:00:59,28,31,23232,69773
2023-06-28 14:01:05,26,31,23232,69773
2023-06-28 14:01:05,27,31,23232,69773
2023-06-28 14:01:05,27,30,23232,69773
2023-06-28 14:01:10,28,30,23232,69773
2023-06-28 14:01:10,28,31,23232,69773
2023-06-28 14:01:18,27,31,23232,69773
2023-06-28 14:01:18,28,31,23232,69773
2023-06-28 14:01:18,30,31,23232,69773
2023-06-28 14:01:32,28,31,23232,69773
2023-06-28 14:01:32,31,33,23232,69788
2023-06-28 14:01:38,30,33,23232,69788
2023-06-28 14:01:38,31,33,23232,69788
2023-06-28 14:01:40,32,33,23232,69788
2023-06-28 14:01:52,32,34,23217,69803
2023-06-28 14:01:54,34,35,23217,69818
2023-06-28 14:02:04,32,35,23217,69818
2023-06-28 14:02:04,33,35,23217,69818
2023-06-28 14:02:04,35,39,23217,69847
2023-06-28 14:02:04,35,38,23217,69847
2023-06-28 14:02:10,33,38,23217,69847
2023-06-28 14:02:10,32,38,23217,69847
2023-06-28 14:02:10,36,38,23217,69847
2023-06-28 14:02:16,35,38,23217,69847
2023-06-28 14:02:16,36,38,23217,69847
2023-06-28 14:02:19,37,38,23217,69847
2023-06-28 14:02:19,37,38,23232,69862
2023-06-28 14:02:22,36,38,23267,69897
2023-06-28 14:02:40,37,38,23267,69897
2023-06-28 14:02:40,37,38,23282,69912
2023-06-28 14:02:40,37,38,23297,69927
2023-06-28 14:02:40,37,39,23297,69927
2023-06-28 14:02:51,38,39,23297,69927
2023-06-28 14:03:05,37,39,23297,69927
2023-06-28 14:03:05,39,40,23297,69941
2023-06-28 14:03:18,38,40,23337,69981
2023-06-28 14:03:42,39,40,23337,69981
2023-06-28 14:03:44,40,41,23337,69987
2023-06-28 14:05:24,39,40,23357,70007
2023-06-28 14:05:32,38,40,23357,70007
2023-06-28 14:05:40,39,40,23357,70007
2023-06-28 14:05:46,39,41,23387,70037
2023-06-28 14:05:46,38,41,23387,70037
2023-06-28 14:05:46,40,41,23387,70037
2023-06-28 14:05:50,38,41,23387,70037
2023-06-28 14:05:50,39,41,23387,70037
2023-06-28 14:06:17,40,41,23387,70037
2023-06-28 14:06:33,39,41,23387,70037
2023-06-28 14:06:40,39,40,23387,70037
2023-06-28 14:06:52,39,41,23387,70037
2023-06-28 14:07:05,40,41,23387,70037
2023-06-28 14:07:12,40,41,23387,70043
2023-06-28 14:08:26,40,43,23381,70049
2023-06-28 14:08:28,41,43,23381,70049
2023-06-28 14:08:31,40,43,23381,70049
2023-06-28 14:08:32,42,43,23381,70049
2023-06-28 14:08:33,40,43,23381,70049
2023-06-28 14:08:33,41,43,23381,70049
2023-06-28 14:08:39,40,43,23381,70049
2023-06-28 14:08:39,42,43,23381,70049
2023-06-28 14:08:43,40,43,23381,70049
2023-06-28 14:08:43,41,43,23381,70049
2023-06-28 14:08:50,40,43,23381,70049
2023-06-28 14:08:50,42,43,23381,70049
2023-06-28 14:08:53,42,43,23381,70054
2023-06-28 14:09:24,40,43,23381,70054
2023-06-28 14:09:57,39,43,23381,70054
2023-06-28 14:10:21,41,43,23381,70054
2023-06-28 14:10:25,39,43,23381,70054
2023-06-28 14:10:25,42,43,23381,70054
2023-06-28 14:10:29,42,44,23341,70094
2023-06-28 14:10:52,41,44,23341,70094
2023-06-28 14:10:56,39,44,23341,70094
2023-06-28 14:10:56,40,44,23341,70094
2023-06-28 14:10:56,42,44,23341,70094
2023-06-28 14:11:00,40,44,23341,70094
2023-06-28 14:11:00,39,44,23341,70094
2023-06-28 14:11:00,41,44,23341,70094
2023-06-28 14:11:09,42,44,23341,70094
2023-06-28 14:11:31,41,44,23341,70094
2023-06-28 14:12:05,42,44,23341,70094
2023-06-28 14:12:13,41,44,23341,70094
2023-06-28 14:12:13,42,44,23341,70094
2023-06-28 14:12:18,42,45,23261,70174
2023-06-28 14:12:22,43,45,23261,70174
2023-06-28 14:12:28,42,45,23261,70174
2023-06-28 14:12:28,43,45,23261,70174
2023-06-28 14:12:33,42,45,23261,70174
2023-06-28 14:12:33,44,45,23261,70174
2023-06-28 14:12:57,42,45,23261,70174
2023-06-28 14:12:57,43,45,23261,70174
2023-06-28 14:13:11,42,45,23261,70174
2023-06-28 14:13:19,41,45,23301,70214
2023-06-28 14:13:21,41,44,23301,70214
2023-06-28 14:13:27,39,44,23301,70214
2023-06-28 14:13:32,39,43,23301,70214
2023-06-28 14:13:56,39,45,23301,70214
2023-06-28 14:13:56,39,44,23301,70214
2023-06-28 14:14:05,39,45,23301,70214
2023-06-28 14:14:05,40,45,23301,70214
2023-06-28 14:14:05,40,44,23301,70214
2023-06-28 14:14:07,41,44,23301,70214
2023-06-28 14:14:16,40,44,23301,70214
2023-06-28 14:14:17,41,44,23301,70214
2023-06-28 14:14:38,40,44,23301,70214
2023-06-28 14:14:48,40,41,23301,70214
2023-06-28 14:14:49,41,45,23311,70224
2023-06-28 14:14:49,41,44,23311,70224
2023-06-28 14:15:11,41,42,23311,70224
2023-06-28 14:15:26,40,42,23352,70265
2023-06-28 14:15:34,39,42,23352,70265
2023-06-28 14:15:51,40,42,23352,70265
2023-06-28 14:16:10,41,42,23352,70265
2023-06-28 14:16:13,40,42,23353,70266
2023-06-28 14:16:19,39,42,23353,70266
2023-06-28 14:16:31,41,42,23353,70266
2023-06-28 14:16:53,41,45,23353,70276
2023-06-28 14:16:54,42,45,23353,70276
2023-06-28 14:17:05,43,45,23353,70276
2023-06-28 14:17:46,44,45,23353,70276
2023-06-28 14:17:54,43,45,23353,70276
2023-06-28 14:18:00,43,46,23313,70316
2023-06-28 14:18:01,43,47,23293,70336
2023-06-28 14:18:01,44,47,23293,70336
2023-06-28 14:18:03,43,47,23293,70336
2023-06-28 14:18:03,45,47,23293,70336
2023-06-28 14:18:31,43,47,23293,70336
2023-06-28 14:19:37,44,47,23293,70336
2023-06-28 14:19:41,43,47,23293,70336
2023-06-28 14:19:41,44,47,23293,70336
2023-06-28 14:20:04,45,47,23293,70336
2023-06-28 14:20:51,45,48,23273,70356
2023-06-28 14:20:51,45,49,23253,70376
2023-06-28 14:20:52,47,49,23253,70376
2023-06-28 14:21:08,45,49,23253,70376
2023-06-28 14:21:21,46,49,23253,70376
2023-06-28 14:22:22,47,49,23253,70376
2023-06-28 14:22:28,46,49,23253,70376
2023-06-28 14:22:28,48,49,23253,70376
2023-06-28 14:22:28,48,50,23233,70396
2023-06-28 14:23:37,48,51,23213,70416
2023-06-28 14:25:06,49,51,23213,70416
2023-06-28 14:25:10,50,51,23213,70416
2023-06-28 14:25:21,50,52,23193,70436
2023-06-28 14:25:45,50,53,23173,70456
2023-06-28 14:25:48,51,53,23173,70456
2023-06-28 14:26:13,50,53,23173,70456
2023-06-28 14:26:21,50,53,23173,70495
2023-06-28 14:26:22,50,52,23173,70495
2023-06-28 14:26:23,49,52,23173,70495
2023-06-28 14:26:24,49,51,23173,70495
2023-06-28 14:26:26,49,53,23173,70495
2023-06-28 14:26:26,49,51,23173,70495
2023-06-28 14:26:26,49,50,23173,70495
2023-06-28 14:26:29,48,50,23173,70495
2023-06-28 14:26:29,46,50,23173,70495
2023-06-28 14:26:29,46,51,23173,70495
2023-06-28 14:26:32,46,53,23173,70495
2023-06-28 14:26:32,46,52,23173,70495
2023-06-28 14:26:32,46,51,23173,70495
2023-06-28 14:26:37,47,51,23173,70495
2023-06-28 14:26:45,48,51,23173,70495
2023-06-28 14:26:52,48,53,23173,70495
2023-06-28 14:26:52,48,52,23173,70495
2023-06-28 14:26:52,48,51,23173,70495
2023-06-28 14:26:58,48,52,23173,70495
2023-06-28 14:26:58,48,50,23173,70495
2023-06-28 14:27:01,48,49,23173,70495
2023-06-28 14:27:01,47,49,23313,70635
2023-06-28 14:27:01,46,49,23353,70675
2023-06-28 14:27:02,45,49,23393,70715
2023-06-28 14:27:03,44,49,23393,70715
2023-06-28 14:27:03,44,48,23393,70715
2023-06-28 14:27:23,44,47,23393,70715
2023-06-28 14:28:17,45,47,23393,70715
2023-06-28 14:28:26,44,47,23393,70715
2023-06-28 14:28:26,46,47,23393,70715
2023-06-28 14:28:49,46,48,23373,70735
2023-06-28 14:28:50,44,48,23373,70735
2023-06-28 14:28:50,46,48,23373,70735
2023-06-28 14:28:53,46,49,23353,70755
2023-06-28 14:28:57,48,49,23353,70755
2023-06-28 14:29:00,46,49,23353,70755
2023-06-28 14:29:00,47,49,23353,70755
2023-06-28 14:29:05,46,49,23353,70755
2023-06-28 14:29:06,47,49,23353,70755
2023-06-28 14:29:23,46,49,23393,70795
2023-06-28 14:30:03,46,48,23393,70795
2023-06-28 14:30:15,46,49,23393,70795
2023-06-28 14:30:18,45,49,23393,70795
2023-06-28 14:30:30,46,49,23393,70795
2023-06-28 14:31:27,47,49,23393,70795
2023-06-28 14:31:38,48,49,23393,70795
2023-06-28 14:31:46,47,49,23393,70795
2023-06-28 14:31:46,48,49,23393,70795
2023-06-28 14:32:14,47,49,23393,70835
2023-06-28 14:32:17,46,49,23393,70835
2023-06-28 14:32:41,46,48,23393,70835
2023-06-28 14:32:41,46,47,23393,70835
2023-06-28 14:32:43,45,47,23393,70835
2023-06-28 14:32:43,43,47,23393,70835
2023-06-28 14:32:43,43,48,23393,70835
2023-06-28 14:32:45,43,47,23393,70835
2023-06-28 14:32:52,43,49,23393,70835
2023-06-28 14:32:52,43,48,23393,70835
2023-06-28 14:32:58,44,48,23393,70835
2023-06-28 14:33:06,44,46,23393,70835
2023-06-28 14:34:20,45,46,23393,70835
2023-06-28 14:34:28,44,46,23393,70835
2023-06-28 14:34:28,46,47,23393,70855
2023-06-28 14:34:49,44,47,23393,70855
2023-06-28 14:34:49,47,48,23393,70875
2023-06-28 14:34:59,44,48,23393,70875
2023-06-28 14:34:59,48,49,23393,70895
2023-06-28 14:35:52,47,49,23393,70895
2023-06-28 14:36:42,46,49,23393,70895
2023-06-28 14:36:59,47,49,23393,70895
2023-06-28 14:37:25,46,49,23393,70895
2023-06-28 14:37:27,46,48,23393,70895
2023-06-28 14:37:27,46,47,23393,70895
2023-06-28 14:37:27,45,47,23433,70935
2023-06-28 14:37:27,45,48,23433,70935
2023-06-28 14:37:28,45,47,23433,70935
2023-06-28 14:37:32,43,47,23433,70935
2023-06-28 14:37:51,43,45,23433,70935
2023-06-28 14:37:51,43,44,23433,70935
2023-06-28 14:37:52,40,44,23475,70977
2023-06-28 14:37:53,40,42,23475,70977
2023-06-28 14:37:53,40,41,23475,70977
2023-06-28 14:37:57,40,41,23569,71071
2023-06-28 14:37:57,40,42,23569,71071
2023-06-28 14:37:57,40,41,23569,71071
2023-06-28 14:37:58,39,41,23575,71077
2023-06-28 14:37:58,39,40,23575,71077
2023-06-28 14:37:58,39,40,23575,71097
2023-06-28 14:37:58,38,40,23575,71097
2023-06-28 14:37:58,37,40,23575,71097
2023-06-28 14:37:58,34,40,23575,71097
2023-06-28 14:37:58,36,40,23575,71097
2023-06-28 14:38:01,36,39,23575,71097
2023-06-28 14:38:02,36,38,23575,71097
2023-06-28 14:38:06,36,40,23575,71097
2023-06-28 14:38:06,36,39,23575,71097
2023-06-28 14:38:11,36,40,23575,71097
2023-06-28 14:38:17,36,39,23575,71097
2023-06-28 14:38:20,36,40,23575,71097
2023-06-28 14:38:21,36,39,23575,71097
2023-06-28 14:38:33,38,39,23575,71097
2023-06-28 14:38:36,36,39,23575,71197
2023-06-28 14:38:36,38,39,23575,71197
2023-06-28 14:38:38,36,39,23595,71217
2023-06-28 14:38:42,36,37,23595,71217
2023-06-28 14:38:43,32,37,23595,71217
2023-06-28 14:38:47,32,39,23595,71217
2023-06-28 14:38:47,32,37,23595,71217
2023-06-28 14:38:47,32,37,23595,71220
2023-06-28 14:39:00,33,37,23595,71220
2023-06-28 14:39:02,33,38,23595,71220
2023-06-28 14:39:02,33,37,23595,71220
2023-06-28 14:39:05,33,38,23595,71220
2023-06-28 14:39:12,34,38,23595,71220
2023-06-28 14:39:40,36,38,23595,71220
2023-06-28 14:40:11,36,37,23595,71220
2023-06-28 14:40:15,36,38,23595,71220
2023-06-28 14:40:17,36,37,23595,71220
2023-06-28 14:40:27,34,36,23585,71250
2023-06-28 14:40:33,34,35,23585,71250
2023-06-28 14:40:40,34,35,23575,71260
2023-06-28 14:40:43,34,36,23575,71260
2023-06-28 14:40:43,33,34,23575,71282
2023-06-28 14:40:48,28,33,23575,71305
2023-06-28 14:40:55,28,34,23575,71305
2023-06-28 14:41:04,29,34,23575,71305
2023-06-28 14:41:19,31,34,23575,71305
2023-06-28 14:41:22,32,34,23575,71305
2023-06-28 14:41:26,31,34,23575,71305
2023-06-28 14:41:26,33,34,23575,71305
2023-06-28 14:41:28,31,34,23575,71305
2023-06-28 14:41:28,32,34,23575,71305
2023-06-28 14:41:37,33,34,23575,71305
2023-06-28 14:41:38,33,37,23555,71325
2023-06-28 14:41:52,34,37,23555,71325
2023-06-28 14:42:06,35,37,23555,71325
2023-06-28 14:42:09,34,37,23555,71325
2023-06-28 14:42:09,35,37,23555,71325
2023-06-28 14:42:11,35,38,23515,71385
2023-06-28 14:42:13,34,38,23515,71385
2023-06-28 14:42:13,37,38,23515,71385
2023-06-28 14:42:15,37,39,23475,71425
2023-06-28 14:42:16,37,40,23425,71475
2023-06-28 14:42:18,36,40,23425,71475
2023-06-28 14:42:18,39,40,23425,71475
2023-06-28 14:42:26,37,40,23425,71475
2023-06-28 14:42:26,38,40,23425,71475
2023-06-28 14:42:33,37,40,23425,71475
2023-06-28 14:42:39,38,40,23425,71475
2023-06-28 14:42:43,37,40,23425,71475
2023-06-28 14:42:43,39,40,23425,71475
2023-06-28 14:42:45,39,41,23395,71505
2023-06-28 14:42:47,40,41,23395,71505
2023-06-28 14:43:02,38,41,23395,71505
2023-06-28 14:43:02,39,41,23395,71505
2023-06-28 14:43:06,38,41,23395,71505
2023-06-28 14:43:08,39,41,23395,71505
2023-06-28 14:43:10,39,42,23365,71535
2023-06-28 14:43:11,38,42,23365,71535
2023-06-28 14:43:11,40,42,23365,71535
2023-06-28 14:43:26,40,43,23355,71545
2023-06-28 14:43:27,41,43,23355,71545
2023-06-28 14:43:37,41,47,23345,71555
2023-06-28 14:43:38,41,49,23345,71555
2023-06-28 14:43:38,42,49,23345,71555
2023-06-28 14:43:42,41,48,23345,71555
2023-06-28 14:43:42,41,47,23345,71555
2023-06-28 14:43:43,42,47,23345,71555
2023-06-28 14:43:53,42,46,23345,71555
2023-06-28 14:44:03,43,46,23345,71555
2023-06-28 14:44:06,42,46,23345,71555
2023-06-28 14:44:25,43,46,23345,71555
2023-06-28 14:44:40,43,46,23345,71593
2023-06-28 14:44:46,42,46,23345,71593
2023-06-28 14:45:03,42,45,23345,71593
2023-06-28 14:45:06,42,44,23345,71593
2023-06-28 14:45:06,42,43,23345,71593
2023-06-28 14:45:07,41,43,23385,71633
2023-06-28 14:45:07,41,44,23385,71633
2023-06-28 14:45:09,40,44,23385,71633
2023-06-28 14:45:30,39,44,23385,71633
2023-06-28 14:46:08,39,43,23385,71633
2023-06-28 14:46:13,39,42,23385,71633
2023-06-28 14:46:13,38,42,23385,71633
2023-06-28 14:46:16,38,41,23385,71633
2023-06-28 14:46:16,38,40,23385,71633
2023-06-28 14:46:24,37,40,23385,71633
2023-06-28 14:46:31,37,42,23385,71633
2023-06-28 14:46:31,37,41,23385,71633
2023-06-28 14:46:32,37,42,23385,71633
2023-06-28 14:46:32,37,41,23385,71633
2023-06-28 14:46:36,37,40,23385,71633
2023-06-28 14:46:40,37,42,23385,71633
2023-06-28 14:46:40,37,41,23385,71633
2023-06-28 14:46:43,37,40,23385,71633
2023-06-28 14:46:58,37,42,23385,71633
2023-06-28 14:46:58,37,41,23385,71633
2023-06-28 14:47:14,37,40,23385,71633
2023-06-28 14:47:18,37,39,23385,71633
2023-06-28 14:47:25,37,41,23385,71633
2023-06-28 14:47:25,37,40,23385,71633
2023-06-28 14:47:28,37,41,23385,71633
2023-06-28 14:47:28,37,40,23385,71633
2023-06-28 14:47:34,37,41,23385,71633
2023-06-28 14:48:00,37,40,23385,71633
2023-06-28 14:48:02,37,39,23385,71633
2023-06-28 14:48:02,37,38,23385,71633
2023-06-28 14:48:12,37,39,23385,71633
2023-06-28 14:48:19,36,39,23415,71663
2023-06-28 14:48:21,36,38,23415,71663
2023-06-28 14:49:45,34,38,23435,71703
2023-06-28 14:49:47,34,36,23435,71703
2023-06-28 14:50:06,34,38,23435,71703
2023-06-28 14:50:06,34,36,23435,71703
2023-06-28 14:50:13,30,36,23458,71726
2023-06-28 14:50:15,30,35,23458,71726
2023-06-28 14:50:22,30,36,23458,71726
2023-06-28 14:50:22,30,34,23458,71726
2023-06-28 14:50:27,31,34,23458,71726
2023-06-28 14:50:28,31,36,23458,71726
2023-06-28 14:50:28,31,35,23458,71726
2023-06-28 14:50:34,31,36,23458,71726
2023-06-28 14:50:34,31,34,23458,71726
2023-06-28 14:50:35,31,33,23458,71726
2023-06-28 14:50:36,31,32,23458,71726
2023-06-28 14:50:36,30,32,23468,71736
2023-06-28 14:50:40,30,34,23468,71736
2023-06-28 14:50:40,30,36,23468,71736
2023-06-28 14:50:40,30,33,23468,71736
2023-06-28 14:50:40,30,34,23468,71736
2023-06-28 14:50:43,30,36,23468,71736
2023-06-28 14:50:43,30,35,23468,71736
2023-06-28 14:50:45,30,36,23468,71736
2023-06-28 14:50:45,30,35,23468,71736
2023-06-28 14:50:56,30,34,23468,71736
2023-06-28 14:51:06,30,33,23468,71736
