datetime,bid,ask,open_interest,volume
2023-06-28 09:30:04,14,16,2871,3700
2023-06-28 09:30:08,14,17,2951,3780
2023-06-28 09:30:09,14,18,3031,3860
2023-06-28 09:30:10,13,18,3031,3860
2023-06-28 09:30:13,14,18,3031,3860
2023-06-28 09:30:13,14,17,3031,3860
2023-06-28 09:30:33,14,18,3031,3860
2023-06-28 09:30:33,14,17,3031,3860
2023-06-28 09:30:36,14,16,3031,3860
2023-06-28 09:30:39,14,17,3031,3860
2023-06-28 09:30:39,14,18,3031,3860
2023-06-28 09:30:39,14,16,3031,3860
2023-06-28 09:30:51,14,18,3031,3960
2023-06-28 09:30:59,14,22,3031,3960
2023-06-28 09:30:59,14,17,3031,3960
2023-06-28 09:31:00,15,17,3031,3960
2023-06-28 09:31:00,15,17,3031,4160
2023-06-28 09:31:00,16,17,3031,4160
2023-06-28 09:31:00,16,19,3031,4260
2023-06-28 09:31:02,17,19,3031,4260
2023-06-28 09:31:26,18,19,3031,4260
2023-06-28 09:31:28,18,20,3056,4285
2023-06-28 09:31:28,19,20,3056,4285
2023-06-28 09:31:30,18,20,3056,4285
2023-06-28 09:31:32,19,20,3056,4285
2023-06-28 09:31:33,18,20,3056,4285
2023-06-28 09:31:33,18,21,3081,4310
2023-06-28 09:31:36,18,22,3081,4310
2023-06-28 09:31:36,18,21,3081,4310
2023-06-28 09:31:38,19,21,3081,4310
2023-06-28 09:31:42,18,21,3081,4310
2023-06-28 09:31:45,19,21,3081,4310
2023-06-28 09:31:47,18,21,3081,4310
2023-06-28 09:31:49,19,21,3081,4310
2023-06-28 09:32:07,20,21,3081,4310
2023-06-28 09:32:09,19,21,3081,4310
2023-06-28 09:32:11,21,22,3106,4335
2023-06-28 09:32:12,20,22,3106,4335
2023-06-28 09:32:12,20,23,3131,4660
2023-06-28 09:32:13,21,23,3131,4660
2023-06-28 09:32:30,21,22,3131,4660
2023-06-28 09:32:31,20,22,3131,4660
2023-06-28 09:32:35,20,23,3131,4660
2023-06-28 09:33:01,21,23,3131,4660
2023-06-28 09:33:02,20,23,3131,4660
2023-06-28 09:33:25,21,23,3131,4660
2023-06-28 09:33:26,20,23,3131,4660
2023-06-28 09:33:27,21,23,3131,4660
2023-06-28 09:33:43,21,22,3131,4660
2023-06-28 09:34:04,21,22,3156,4760
2023-06-28 09:34:05,21,23,3156,4760
2023-06-28 09:34:06,21,22,3156,4760
2023-06-28 09:34:09,20,22,3156,4760
2023-06-28 09:34:42,20,21,3156,4760
2023-06-28 09:34:51,20,22,3156,4760
2023-06-28 09:34:54,20,21,3156,4760
2023-06-28 09:36:02,18,21,3101,4915
2023-06-28 09:36:08,19,21,3101,4915
2023-06-28 09:36:38,19,20,3101,4915
2023-06-28 09:36:48,18,20,3101,4915
2023-06-28 09:36:51,18,21,3101,4915
2023-06-28 09:37:02,19,21,3101,4915
2023-06-28 09:37:09,18,21,3101,4915
2023-06-28 09:38:03,18,20,3101,4915
2023-06-28 09:38:27,17,20,3046,5020
2023-06-28 09:40:45,17,19,3046,5020
2023-06-28 09:40:50,17,18,3046,5020
2023-06-28 09:40:51,16,18,3031,5035
2023-06-28 09:41:12,15,18,2936,5130
2023-06-28 09:41:19,16,18,2936,5130
2023-06-28 09:41:46,15,18,2936,5130
2023-06-28 09:41:49,15,17,2936,5130
2023-06-28 09:41:56,16,17,2936,5130
2023-06-28 09:41:56,15,17,2936,5230
2023-06-28 09:42:20,14,17,2921,5610
2023-06-28 09:42:34,14,16,2921,5610
2023-06-28 09:42:45,15,16,2921,5610
2023-06-28 09:42:56,14,16,2921,5610
2023-06-28 09:42:56,15,16,2921,5610
2023-06-28 09:42:58,16,17,2971,5660
2023-06-28 09:42:58,16,17,3047,5736
2023-06-28 09:43:02,15,17,3071,5760
2023-06-28 09:43:37,14,17,3071,5810
2023-06-28 09:44:01,15,17,3071,5810
2023-06-28 09:44:15,15,17,3071,5890
2023-06-28 09:44:18,16,17,3071,5890
2023-06-28 09:44:36,17,18,3121,6035
2023-06-28 09:44:43,16,18,3121,6035
2023-06-28 09:44:43,17,18,3121,6035
2023-06-28 09:45:02,17,19,3171,6085
2023-06-28 09:45:05,18,19,3171,6085
2023-06-28 09:45:16,19,20,3221,6135
2023-06-28 09:45:25,19,21,3271,6185
2023-06-28 09:45:25,20,21,3271,6185
2023-06-28 09:45:26,19,21,3271,6185
2023-06-28 09:45:26,20,21,3271,6185
2023-06-28 09:45:31,19,21,3271,6185
2023-06-28 09:45:58,20,21,3271,6185
2023-06-28 09:46:14,20,21,3376,6385
2023-06-28 09:46:15,20,23,3376,6460
2023-06-28 09:46:15,21,23,3376,6460
2023-06-28 09:46:21,22,23,3376,6460
2023-06-28 09:46:30,21,23,3376,6460
2023-06-28 09:46:30,22,23,3376,6460
2023-06-28 09:46:33,21,23,3376,6460
2023-06-28 09:46:33,22,23,3376,6460
2023-06-28 09:46:37,22,24,3376,6510
2023-06-28 09:46:43,23,24,3376,6510
2023-06-28 09:46:46,23,25,3386,6560
2023-06-28 09:46:50,23,24,3386,6560
2023-06-28 09:46:51,22,24,3386,6560
2023-06-28 09:46:58,22,25,3386,6560
2023-06-28 09:46:58,22,24,3386,6560
2023-06-28 09:47:17,22,23,3386,6560
2023-06-28 09:47:34,21,22,3336,6610
2023-06-28 09:47:43,20,21,3286,6660
2023-06-28 09:47:44,20,22,3286,6660
2023-06-28 09:47:46,20,21,3286,6660
2023-06-28 09:47:57,19,20,3236,6810
2023-06-28 09:47:58,19,21,3236,6810
2023-06-28 09:48:01,19,20,3236,6810
2023-06-28 09:48:10,18,20,3226,6860
2023-06-28 09:48:18,17,20,3276,6960
2023-06-28 09:48:28,18,20,3276,6960
2023-06-28 09:48:35,19,20,3276,6960
2023-06-28 09:48:45,17,20,3276,6960
2023-06-28 09:48:45,18,20,3276,6960
2023-06-28 09:49:12,17,20,3276,6960
2023-06-28 09:49:12,18,20,3276,6960
2023-06-28 09:49:58,19,20,3276,6960
2023-06-28 09:50:04,20,21,3326,7010
2023-06-28 09:50:09,19,21,3326,7010
2023-06-28 09:50:09,20,21,3326,7010
2023-06-28 09:50:27,19,21,3326,7010
2023-06-28 09:50:27,20,21,3326,7010
2023-06-28 09:50:32,20,22,3236,7155
2023-06-28 09:50:32,21,22,3236,7155
2023-06-28 09:50:33,21,23,3286,7241
2023-06-28 09:50:35,20,23,3286,7241
2023-06-28 09:50:39,21,23,3286,7241
2023-06-28 09:50:41,20,23,3286,7241
2023-06-28 09:50:46,21,23,3286,7241
2023-06-28 09:50:48,22,23,3286,7241
2023-06-28 09:50:50,22,24,3386,7341
2023-06-28 09:50:52,22,25,3386,7341
2023-06-28 09:51:00,22,24,3386,7341
2023-06-28 09:51:01,21,24,3386,7341
2023-06-28 09:51:01,22,24,3386,7341
2023-06-28 09:51:16,22,23,3386,7341
2023-06-28 09:51:37,21,23,3386,7341
2023-06-28 09:51:39,21,22,3386,7341
2023-06-28 09:51:47,21,22,3336,7391
2023-06-28 09:51:47,20,22,3256,7471
2023-06-28 09:51:52,20,21,3256,7471
2023-06-28 09:51:55,20,22,3256,7471
2023-06-28 09:51:55,20,21,3256,7471
2023-06-28 09:51:55,19,21,3256,7471
2023-06-28 09:52:06,19,20,3256,7471
2023-06-28 09:52:34,18,20,3256,7471
2023-06-28 09:52:46,18,21,3256,7471
2023-06-28 09:53:05,18,22,3256,7471
2023-06-28 09:53:05,19,22,3256,7471
2023-06-28 09:53:05,19,21,3256,7471
2023-06-28 09:53:18,19,22,3256,7471
2023-06-28 09:53:28,20,22,3256,7471
2023-06-28 09:53:32,20,23,3256,7471
2023-06-28 09:53:36,21,23,3256,7471
2023-06-28 09:53:38,20,23,3256,7471
2023-06-28 09:53:54,21,23,3256,7471
2023-06-28 09:54:00,20,23,3256,7471
2023-06-28 09:54:06,20,24,3256,7471
2023-06-28 09:54:06,21,24,3256,7471
2023-06-28 09:54:06,21,23,3256,7471
2023-06-28 09:55:01,21,22,3256,7471
2023-06-28 09:55:15,20,22,3256,7491
2023-06-28 09:55:15,19,22,3256,7561
2023-06-28 09:55:48,20,22,3256,7561
2023-06-28 09:55:48,20,22,3316,7621
2023-06-28 09:55:49,19,22,3316,7621
2023-06-28 09:55:50,19,21,3316,7621
2023-06-28 09:55:50,20,21,3316,7621
2023-06-28 09:56:32,19,21,3466,7771
2023-06-28 09:56:33,19,20,3466,7771
2023-06-28 09:56:42,19,20,3496,7921
2023-06-28 09:56:49,18,20,3496,7921
2023-06-28 09:56:49,18,19,3496,7921
2023-06-28 09:57:09,18,19,3410,8007
2023-06-28 09:57:09,18,19,3376,8067
2023-06-28 09:57:16,16,19,3450,8141
2023-06-28 09:57:23,16,18,3450,8141
2023-06-28 09:57:28,15,18,3450,8141
2023-06-28 09:57:37,15,17,3450,8141
2023-06-28 09:57:39,15,17,3650,8341
2023-06-28 09:57:43,15,16,3650,8341
2023-06-28 09:57:52,14,16,3695,8411
2023-06-28 09:58:03,13,16,3695,8411
2023-06-28 09:58:06,14,16,3695,8411
2023-06-28 09:58:06,14,16,3745,8461
2023-06-28 09:58:12,13,16,3745,8461
2023-06-28 09:58:12,14,16,3745,8461
2023-06-28 09:58:34,13,16,3745,8461
2023-06-28 09:58:39,13,15,3745,8461
2023-06-28 09:58:39,13,15,3745,8511
2023-06-28 09:58:43,13,16,3745,8511
2023-06-28 09:58:47,13,15,3745,8511
2023-06-28 09:58:48,13,16,3745,8511
2023-06-28 09:58:49,13,15,3745,8511
2023-06-28 09:58:50,13,16,3745,8511
2023-06-28 09:59:00,14,16,3745,8511
2023-06-28 09:59:01,14,16,3795,8561
2023-06-28 09:59:01,14,16,3845,8611
2023-06-28 09:59:05,15,16,3845,8611
2023-06-28 09:59:05,15,16,3945,8711
2023-06-28 09:59:17,14,16,3945,8711
2023-06-28 09:59:18,15,16,3945,8711
2023-06-28 09:59:18,15,16,3995,8761
2023-06-28 09:59:25,14,16,3995,8761
2023-06-28 09:59:25,13,16,3995,8761
2023-06-28 09:59:25,14,16,3995,8761
2023-06-28 09:59:28,14,15,3995,8761
2023-06-28 09:59:43,15,16,4063,8829
2023-06-28 10:00:02,14,16,4063,8829
2023-06-28 10:00:02,15,16,4063,8829
2023-06-28 10:00:04,15,17,4086,8897
2023-06-28 10:00:07,15,17,4136,8947
2023-06-28 10:00:08,15,18,4136,8947
2023-06-28 10:00:08,15,17,4136,8947
2023-06-28 10:00:08,15,16,4136,8947
2023-06-28 10:00:09,14,16,4136,8947
2023-06-28 10:00:09,15,16,4136,8947
2023-06-28 10:00:11,14,16,4136,8947
2023-06-28 10:00:11,15,16,4136,8947
2023-06-28 10:00:12,15,17,4136,8947
2023-06-28 10:00:19,15,16,4136,8947
2023-06-28 10:00:25,15,17,4136,9047
2023-06-28 10:00:30,15,17,4136,9097
2023-06-28 10:00:40,15,16,4136,9097
2023-06-28 10:00:42,15,17,4136,9097
2023-06-28 10:01:02,16,17,4136,9097
2023-06-28 10:01:04,15,17,4136,9097
2023-06-28 10:01:40,16,17,4136,9097
2023-06-28 10:01:51,15,17,4136,9097
2023-06-28 10:02:12,16,17,4136,9097
2023-06-28 10:02:22,15,17,4136,9097
2023-06-28 10:02:22,16,17,4136,9097
2023-06-28 10:02:57,17,18,4186,9147
2023-06-28 10:03:04,18,19,4236,9197
2023-06-28 10:03:07,19,21,4286,9342
2023-06-28 10:03:07,19,22,4286,9342
2023-06-28 10:03:10,20,22,4286,9342
2023-06-28 10:03:26,19,22,4286,9342
2023-06-28 10:03:34,18,22,4286,9342
2023-06-28 10:03:34,19,22,4286,9342
2023-06-28 10:03:46,19,21,4286,9342
2023-06-28 10:04:03,18,21,4286,9342
2023-06-28 10:04:10,19,21,4286,9342
2023-06-28 10:04:23,20,21,4286,9342
2023-06-28 10:04:32,19,21,4286,9342
2023-06-28 10:04:54,19,20,4286,9342
2023-06-28 10:04:58,19,21,4286,9342
2023-06-28 10:05:04,19,20,4286,9342
2023-06-28 10:05:06,19,21,4286,9342
2023-06-28 10:05:30,19,20,4286,9342
2023-06-28 10:05:31,19,21,4286,9342
2023-06-28 10:05:41,19,20,4286,9342
2023-06-28 10:05:43,19,21,4286,9342
2023-06-28 10:05:44,19,20,4286,9342
2023-06-28 10:05:52,19,21,4286,9342
2023-06-28 10:06:35,19,20,4286,9342
2023-06-28 10:06:38,19,21,4286,9342
2023-06-28 10:06:42,19,20,4286,9342
2023-06-28 10:07:03,18,19,4286,9442
2023-06-28 10:07:04,18,20,4286,9442
2023-06-28 10:07:06,18,19,4286,9442
2023-06-28 10:07:20,17,18,4236,9492
2023-06-28 10:07:33,17,19,4236,9492
2023-06-28 10:07:37,17,18,4236,9492
2023-06-28 10:07:54,16,18,4236,9492
2023-06-28 10:08:18,16,19,4236,9492
2023-06-28 10:08:30,17,19,4236,9492
2023-06-28 10:09:01,18,19,4236,9492
2023-06-28 10:09:08,18,20,4286,9542
2023-06-28 10:09:08,19,20,4286,9542
2023-06-28 10:09:43,18,20,4286,9542
2023-06-28 10:11:09,18,19,4286,9542
2023-06-28 10:11:15,18,20,4286,9542
2023-06-28 10:12:11,19,20,4286,9542
2023-06-28 10:12:17,18,20,4286,9542
2023-06-28 10:12:43,19,20,4286,9542
2023-06-28 10:12:45,19,21,4336,9687
2023-06-28 10:12:52,20,21,4336,9687
2023-06-28 10:12:54,20,22,4386,9737
2023-06-28 10:12:58,21,22,4386,9737
2023-06-28 10:12:59,21,23,4436,9787
2023-06-28 10:13:00,22,23,4436,9787
2023-06-28 10:13:03,22,24,4486,9837
2023-06-28 10:13:30,22,23,4486,9837
2023-06-28 10:13:50,21,23,4486,9837
2023-06-28 10:14:05,21,24,4486,9837
2023-06-28 10:14:17,22,24,4486,9837
2023-06-28 10:14:21,21,24,4486,9837
2023-06-28 10:14:31,21,23,4486,9837
2023-06-28 10:14:54,21,22,4486,9837
2023-06-28 10:14:55,20,22,4386,9937
2023-06-28 10:14:57,20,21,4386,9937
2023-06-28 10:14:59,20,22,4386,9937
2023-06-28 10:15:00,20,21,4386,9937
2023-06-28 10:15:01,20,22,4386,9937
2023-06-28 10:15:06,20,23,4386,9937
2023-06-28 10:15:06,20,22,4386,9937
2023-06-28 10:15:24,20,21,4386,9937
2023-06-28 10:15:25,19,20,4256,10067
2023-06-28 10:15:26,17,20,4126,10397
2023-06-28 10:15:27,17,21,4126,10397
2023-06-28 10:15:28,17,20,4126,10397
2023-06-28 10:15:37,18,20,4126,10397
2023-06-28 10:15:37,18,21,4126,10397
2023-06-28 10:15:37,18,20,4126,10397
2023-06-28 10:15:40,17,20,4126,10397
2023-06-28 10:16:12,18,20,4126,10397
2023-06-28 10:16:19,18,19,4126,10397
2023-06-28 10:16:20,17,19,4188,10497
2023-06-28 10:16:20,17,18,4188,10497
2023-06-28 10:16:24,16,18,4210,10627
2023-06-28 10:16:50,15,18,4300,10717
2023-06-28 10:16:57,16,18,4300,10717
2023-06-28 10:17:10,15,18,4300,10717
2023-06-28 10:17:10,16,18,4300,10717
2023-06-28 10:17:19,15,18,4300,10717
2023-06-28 10:17:23,16,18,4300,10717
2023-06-28 10:18:03,16,17,4300,10717
2023-06-28 10:18:26,14,17,4325,10742
2023-06-28 10:18:36,14,16,4325,10742
2023-06-28 10:18:41,13,16,4325,10742
2023-06-28 10:18:43,13,15,4325,10742
2023-06-28 10:18:49,13,14,4325,10742
2023-06-28 10:18:49,13,14,4325,10792
2023-06-28 10:18:49,13,14,4325,10842
2023-06-28 10:18:49,13,14,4325,11242
2023-06-28 10:18:50,13,14,4325,11642
2023-06-28 10:18:51,12,14,4325,11692
2023-06-28 10:18:59,12,13,4325,11692
2023-06-28 10:18:59,11,13,4575,11942
2023-06-28 10:19:00,10,13,4575,11942
2023-06-28 10:19:00,11,13,4575,11942
2023-06-28 10:19:03,11,13,4625,11992
2023-06-28 10:19:13,11,13,4625,12092
2023-06-28 10:19:57,11,12,4625,12092
2023-06-28 10:20:00,10,12,4751,12218
2023-06-28 10:20:04,10,11,4751,12218
2023-06-28 10:20:07,9,11,5089,12556
2023-06-28 10:20:10,9,10,5089,12556
2023-06-28 10:20:11,9,10,5159,12626
2023-06-28 10:20:11,9,10,5229,12696
2023-06-28 10:20:11,9,10,5319,12786
2023-06-28 10:20:15,9,10,5356,12823
2023-06-28 10:20:15,8,10,5426,12893
2023-06-28 10:20:15,8,9,5426,12893
2023-06-28 10:21:52,9,11,5463,12930
2023-06-28 10:22:00,8,11,5463,12930
2023-06-28 10:22:13,8,10,5463,12930
2023-06-28 10:22:21,8,11,5463,12930
2023-06-28 10:23:07,8,10,5463,12930
2023-06-28 10:23:25,8,11,5463,12930
2023-06-28 10:23:45,9,11,5463,12930
2023-06-28 10:23:48,10,11,5463,12930
2023-06-28 10:23:49,10,11,5485,12952
2023-06-28 10:23:57,10,12,5397,13040
2023-06-28 10:24:04,11,12,5397,13040
2023-06-28 10:24:06,12,13,5397,13170
2023-06-28 10:24:07,11,13,5397,13170
2023-06-28 10:24:09,12,13,5397,13170
2023-06-28 10:26:29,11,13,5397,13170
2023-06-28 10:26:29,11,12,5397,13170
2023-06-28 10:27:08,10,12,5397,13170
2023-06-28 10:27:08,10,11,5397,13170
2023-06-28 10:27:13,10,12,5397,13170
2023-06-28 10:27:24,11,12,5397,13170
2023-06-28 10:28:09,10,11,5397,13292
2023-06-28 10:28:24,10,11,5447,13342
2023-06-28 10:28:25,9,11,5447,13342
2023-06-28 10:28:25,9,10,5447,13342
2023-06-28 10:29:56,9,10,5467,13362
2023-06-28 10:30:33,8,9,5467,13434
2023-06-28 10:31:05,7,9,5617,13584
2023-06-28 10:31:06,7,8,5617,13584
2023-06-28 10:31:11,7,9,5617,13584
2023-06-28 10:31:31,8,9,5617,13584
2023-06-28 10:32:03,7,8,5617,13614
2023-06-28 10:32:57,7,8,5618,13615
2023-06-28 10:33:30,6,7,5618,13633
2023-06-28 10:35:07,6,7,5778,13833
2023-06-28 10:35:07,4,7,5847,13902
2023-06-28 10:35:07,4,6,5847,13902
2023-06-28 10:35:14,4,7,5825,14124
2023-06-28 10:35:34,4,6,5825,14124
2023-06-28 10:35:39,4,7,5825,14124
2023-06-28 10:35:40,4,6,5825,14124
2023-06-28 10:35:40,4,6,5425,14524
2023-06-28 10:35:43,4,7,5425,14524
2023-06-28 10:35:43,4,6,5425,14524
2023-06-28 10:36:02,4,6,5444,14543
2023-06-28 10:36:06,4,7,5444,14543
2023-06-28 10:36:19,4,6,5444,14543
2023-06-28 10:36:27,4,7,5444,14543
2023-06-28 10:36:27,4,6,5444,14543
2023-06-28 10:36:33,4,7,5444,14543
2023-06-28 10:36:47,4,6,5444,14543
2023-06-28 10:36:58,4,7,5444,14543
2023-06-28 10:37:11,4,6,5444,14543
2023-06-28 10:37:24,4,6,5463,14562
2023-06-28 10:38:18,4,5,5463,14562
2023-06-28 10:39:16,4,5,5513,14612
2023-06-28 10:39:28,4,5,5563,14662
2023-06-28 10:39:28,4,5,5613,14712
2023-06-28 10:44:22,4,6,5613,14712
2023-06-28 10:44:27,4,6,5651,14750
2023-06-28 10:44:27,4,6,5689,14788
2023-06-28 10:44:54,3,6,5694,14793
2023-06-28 10:44:54,3,4,5694,14793
2023-06-28 10:44:54,3,6,5694,14798
2023-06-28 10:44:55,4,6,5694,14798
2023-06-28 10:44:55,4,6,5694,14888
2023-06-28 10:44:56,3,6,5694,14888
2023-06-28 10:45:00,4,6,5694,14888
2023-06-28 10:45:01,3,6,5694,14888
2023-06-28 10:45:03,4,6,5694,14888
2023-06-28 10:45:03,4,6,5694,14950
2023-06-28 10:45:46,4,6,5713,14969
2023-06-28 10:46:07,4,5,5713,14969
2023-06-28 10:46:07,4,5,5763,15019
2023-06-28 10:46:07,4,5,5813,15069
2023-06-28 10:46:07,4,6,5813,15069
2023-06-28 10:46:15,3,6,5944,15200
2023-06-28 10:46:58,3,5,5944,15200
2023-06-28 10:47:01,3,6,5944,15200
2023-06-28 10:47:02,3,5,5944,15200
2023-06-28 10:49:42,3,5,5994,15250
2023-06-28 10:49:44,3,4,5994,15250
2023-06-28 10:50:51,3,4,6044,15300
2023-06-28 10:51:13,3,4,6063,15319
2023-06-28 10:51:13,3,4,6082,15338
2023-06-28 10:53:16,3,5,6082,15338
2023-06-28 10:53:24,3,6,6082,15338
2023-06-28 10:53:28,3,5,6082,15338
2023-06-28 10:53:29,3,6,6082,15338
2023-06-28 10:53:38,3,5,6082,15338
2023-06-28 10:55:13,3,4,6082,15338
2023-06-28 10:55:19,3,5,6082,15338
2023-06-28 10:55:19,3,4,6082,15338
2023-06-28 10:55:19,3,4,6113,15369
2023-06-28 10:55:25,3,5,6113,15369
2023-06-28 10:55:25,3,4,6113,15369
2023-06-28 10:55:28,3,5,6113,15369
2023-06-28 10:55:28,3,4,6113,15369
2023-06-28 10:55:29,3,4,6132,15388
2023-06-28 10:55:29,3,4,6151,15407
2023-06-28 10:55:32,3,4,6232,15488
2023-06-28 10:55:32,3,4,6313,15569
2023-06-28 10:55:43,3,5,6313,15569
2023-06-28 10:56:04,3,5,6363,15619
2023-06-28 10:56:04,3,5,6413,15669
2023-06-28 10:56:27,3,4,6413,15669
2023-06-28 10:56:36,3,5,6413,15669
2023-06-28 10:56:36,3,4,6413,15669
2023-06-28 10:56:43,3,4,6432,15688
2023-06-28 10:56:51,3,5,6432,15688
2023-06-28 10:56:51,3,4,6432,15688
2023-06-28 10:57:00,3,5,6282,15838
2023-06-28 10:57:02,3,6,6282,15838
2023-06-28 10:57:03,3,5,6282,15838
2023-06-28 10:57:47,4,5,6282,15838
2023-06-28 10:57:47,4,5,6293,15849
2023-06-28 10:58:07,3,5,6293,15849
2023-06-28 10:58:08,4,5,6293,15849
2023-06-28 10:58:50,4,5,6424,15980
2023-06-28 10:58:57,3,5,6424,15980
2023-06-28 10:58:57,4,5,6424,15980
2023-06-28 10:59:02,4,6,6405,15999
2023-06-28 10:59:13,4,5,6405,15999
2023-06-28 10:59:26,4,6,6105,16299
2023-06-28 10:59:35,4,7,6105,16299
2023-06-28 10:59:36,5,7,6105,16299
2023-06-28 10:59:36,5,6,6105,16299
2023-06-28 10:59:42,4,6,6105,16299
2023-06-28 10:59:42,4,7,6105,16299
2023-06-28 10:59:43,5,7,6105,16299
2023-06-28 11:00:02,5,6,6105,16299
2023-06-28 11:00:07,5,7,6105,16299
2023-06-28 11:00:10,5,6,6105,16299
2023-06-28 11:00:34,5,6,6175,16369
2023-06-28 11:00:43,4,6,6175,16369
2023-06-28 11:00:43,5,6,6175,16369
2023-06-28 11:00:43,5,6,6256,16450
2023-06-28 11:00:58,4,6,6256,16450
2023-06-28 11:00:58,4,5,6256,16450
2023-06-28 11:01:24,4,6,6256,16450
2023-06-28 11:01:24,5,6,6256,16450
2023-06-28 11:01:24,5,6,6306,16500
2023-06-28 11:01:28,5,6,6456,16650
2023-06-28 11:01:28,4,6,6456,16650
2023-06-28 11:01:28,4,5,6456,16650
2023-06-28 11:01:37,4,6,6456,16650
2023-06-28 11:01:37,5,6,6456,16650
2023-06-28 11:01:38,5,6,6606,16800
2023-06-28 11:01:47,4,6,6606,16800
2023-06-28 11:01:47,4,5,6606,16800
2023-06-28 11:01:48,4,5,6737,16931
2023-06-28 11:02:07,3,5,6737,16931
2023-06-28 11:02:07,4,5,6737,16931
2023-06-28 11:02:08,4,5,6768,16962
2023-06-28 11:02:15,3,5,6768,16962
2023-06-28 11:02:15,4,5,6768,16962
2023-06-28 11:02:15,4,5,6887,17081
2023-06-28 11:02:24,3,5,6887,17081
2023-06-28 11:02:24,4,5,6887,17081
2023-06-28 11:02:24,4,5,6887,17100
2023-06-28 11:02:25,4,5,6968,17181
2023-06-28 11:02:25,4,5,7049,17262
2023-06-28 11:02:47,4,6,7049,17262
2023-06-28 11:02:48,5,6,7049,17262
2023-06-28 11:02:48,5,6,7118,17331
2023-06-28 11:03:00,4,6,7118,17331
2023-06-28 11:03:00,4,5,7118,17331
2023-06-28 11:03:00,4,5,7218,17431
2023-06-28 11:03:18,5,6,7218,17450
2023-06-28 11:03:18,5,6,7237,17469
2023-06-28 11:03:18,5,6,7268,17500
2023-06-28 11:03:22,4,6,7268,17500
2023-06-28 11:03:22,5,6,7268,17500
2023-06-28 11:03:23,5,6,7418,17650
2023-06-28 11:03:33,4,6,7418,17650
2023-06-28 11:03:33,5,6,7418,17650
2023-06-28 11:03:38,5,6,7518,17750
2023-06-28 11:03:45,4,6,7518,17750
2023-06-28 11:03:46,5,6,7518,17750
2023-06-28 11:03:46,5,6,7768,18000
2023-06-28 11:03:57,4,6,7768,18000
2023-06-28 11:03:57,4,5,7768,18000
2023-06-28 11:03:57,4,5,7818,18050
2023-06-28 11:03:57,4,5,7868,18100
2023-06-28 11:04:13,4,5,7949,18181
2023-06-28 11:04:29,3,5,7949,18181
2023-06-28 11:04:29,4,5,7949,18181
2023-06-28 11:04:31,5,6,7949,18219
2023-06-28 11:04:32,5,6,8149,18419
2023-06-28 11:04:40,4,6,8149,18419
2023-06-28 11:04:40,3,6,8149,18419
2023-06-28 11:04:41,4,6,8149,18419
2023-06-28 11:04:41,4,5,8149,18419
2023-06-28 11:04:41,4,5,8149,18438
2023-06-28 11:04:41,4,5,8199,18488
2023-06-28 11:04:47,3,5,8199,18488
2023-06-28 11:04:47,3,6,8199,18488
2023-06-28 11:04:47,4,6,8199,18488
2023-06-28 11:04:47,4,5,8199,18488
2023-06-28 11:05:01,4,5,8199,18507
2023-06-28 11:05:01,4,5,8249,18557
2023-06-28 11:05:01,4,5,8318,18626
2023-06-28 11:05:18,3,5,8318,18626
2023-06-28 11:05:18,4,5,8318,18626
2023-06-28 11:05:19,4,5,8399,18707
2023-06-28 11:05:34,3,5,8399,18707
2023-06-28 11:05:34,4,5,8399,18707
2023-06-28 11:05:39,5,6,8399,18726
2023-06-28 11:05:39,5,6,8549,18876
2023-06-28 11:05:42,3,6,8549,18876
2023-06-28 11:05:43,4,6,8549,18876
2023-06-28 11:05:43,4,5,8549,18876
2023-06-28 11:05:43,4,5,8599,18926
2023-06-28 11:05:54,4,5,8649,18976
2023-06-28 11:06:20,4,5,8749,19076
2023-06-28 11:06:34,3,5,8749,19076
2023-06-28 11:06:34,4,5,8749,19076
2023-06-28 11:06:34,4,5,8899,19226
2023-06-28 11:06:43,3,5,8899,19226
2023-06-28 11:06:43,4,5,8899,19226
2023-06-28 11:06:44,4,5,8918,19245
2023-06-28 11:06:45,4,5,8965,19292
2023-06-28 11:06:45,4,5,9023,19350
2023-06-28 11:06:54,3,5,9023,19350
2023-06-28 11:06:55,4,5,9023,19350
2023-06-28 11:06:55,4,5,9223,19550
2023-06-28 11:07:03,3,5,9223,19550
2023-06-28 11:07:03,4,5,9223,19550
2023-06-28 11:07:04,4,5,9404,19731
2023-06-28 11:07:04,4,5,9512,19839
2023-06-28 11:07:11,3,5,9512,19839
2023-06-28 11:07:11,4,5,9512,19839
2023-06-28 11:07:12,4,5,9693,20020
2023-06-28 11:07:29,3,5,9693,20020
2023-06-28 11:07:29,4,5,9693,20020
2023-06-28 11:07:29,4,5,9785,20112
2023-06-28 11:07:42,3,5,9785,20112
2023-06-28 11:07:42,4,5,9785,20112
2023-06-28 11:07:43,4,5,9947,20274
2023-06-28 11:07:52,3,5,9947,20274
2023-06-28 11:07:52,4,5,9947,20274
2023-06-28 11:07:53,4,5,10097,20424
2023-06-28 11:07:58,3,5,10097,20424
2023-06-28 11:07:58,3,4,10097,20424
2023-06-28 11:08:34,3,5,10097,20424
2023-06-28 11:08:34,4,5,10097,20424
2023-06-28 11:08:34,4,5,10247,20574
2023-06-28 11:08:34,4,5,10366,20693
2023-06-28 11:08:43,3,5,10366,20693
2023-06-28 11:08:43,4,5,10366,20693
2023-06-28 11:08:43,3,5,10566,20893
2023-06-28 11:08:46,3,4,10566,20893
2023-06-28 11:08:46,3,4,10616,20943
2023-06-28 11:08:52,3,4,10697,21024
2023-06-28 11:09:00,2,4,10697,21024
2023-06-28 11:09:00,3,4,10697,21024
2023-06-28 11:09:06,3,4,10716,21043
2023-06-28 11:09:15,2,4,10716,21043
2023-06-28 11:09:15,3,4,10716,21043
2023-06-28 11:09:15,3,4,10823,21150
2023-06-28 11:09:37,2,4,10823,21150
2023-06-28 11:09:37,3,4,10823,21150
2023-06-28 11:09:37,3,4,11004,21331
2023-06-28 11:09:47,2,4,11004,21331
2023-06-28 11:09:47,3,4,11004,21331
2023-06-28 11:09:47,3,4,11054,21381
2023-06-28 11:10:12,2,4,11054,21381
2023-06-28 11:10:12,3,4,11054,21381
2023-06-28 11:10:13,3,4,11104,21431
2023-06-28 11:10:30,2,4,11104,21431
2023-06-28 11:10:30,3,4,11104,21431
2023-06-28 11:10:31,3,4,11185,21512
2023-06-28 11:10:32,3,4,11304,21631
2023-06-28 11:10:46,2,4,11304,21631
2023-06-28 11:10:46,3,4,11304,21631
2023-06-28 11:10:46,3,4,11354,21681
2023-06-28 11:10:47,3,4,11404,21731
2023-06-28 11:10:49,3,4,11454,21781
2023-06-28 11:10:59,2,4,11454,21781
2023-06-28 11:10:59,3,4,11454,21781
2023-06-28 11:10:59,3,4,11492,21819
2023-06-28 11:10:59,3,4,11516,21843
2023-06-28 11:11:04,2,4,11516,21843
2023-06-28 11:11:04,3,4,11516,21843
2023-06-28 11:11:05,3,4,11766,22093
2023-06-28 11:11:06,3,4,11816,22143
2023-06-28 11:11:06,3,4,11866,22193
2023-06-28 11:11:09,3,5,11828,22231
2023-06-28 11:11:12,4,5,11828,22231
2023-06-28 11:11:21,4,5,11878,22281
2023-06-28 11:11:33,3,5,11878,22281
2023-06-28 11:11:33,5,6,11878,22331
2023-06-28 11:11:48,5,6,11928,22381
2023-06-28 11:11:51,4,6,11928,22381
2023-06-28 11:11:51,5,6,11928,22381
2023-06-28 11:11:51,5,6,12059,22512
2023-06-28 11:11:57,4,6,12059,22512
2023-06-28 11:11:57,5,6,12059,22512
2023-06-28 11:11:57,6,7,12059,22550
2023-06-28 11:11:57,6,7,12128,22619
2023-06-28 11:11:57,6,7,12140,22631
2023-06-28 11:12:05,4,7,12140,22631
2023-06-28 11:12:16,5,7,12140,22631
2023-06-28 11:12:16,5,6,12140,22631
2023-06-28 11:12:26,4,6,12140,22631
2023-06-28 11:12:26,4,7,12140,22631
2023-06-28 11:12:26,5,7,12140,22631
2023-06-28 11:12:26,6,7,12140,22631
2023-06-28 11:12:34,5,7,12140,22631
2023-06-28 11:12:34,4,7,12140,22631
2023-06-28 11:12:34,6,7,12140,22631
2023-06-28 11:12:45,6,7,12190,22681
2023-06-28 11:12:46,6,7,12209,22700
2023-06-28 11:12:50,7,8,12359,22888
2023-06-28 11:13:03,8,9,12359,22938
2023-06-28 11:13:09,7,9,12359,22938
2023-06-28 11:13:09,7,8,12359,22938
2023-06-28 11:13:20,7,8,12359,22957
2023-06-28 11:13:32,7,8,12609,23207
2023-06-28 11:13:33,5,8,12609,23207
2023-06-28 11:13:40,6,8,12609,23207
2023-06-28 11:13:40,7,8,12609,23207
2023-06-28 11:13:41,7,8,12690,23288
2023-06-28 11:13:41,6,7,12709,23307
2023-06-28 11:13:42,7,8,12771,23369
2023-06-28 11:13:51,6,8,12771,23369
2023-06-28 11:13:51,7,8,12771,23369
2023-06-28 11:13:51,7,8,12840,23438
2023-06-28 11:14:06,6,8,12840,23438
2023-06-28 11:14:06,7,8,12840,23438
2023-06-28 11:14:06,7,8,12921,23519
2023-06-28 11:14:07,6,8,12921,23519
2023-06-28 11:14:08,7,8,12921,23519
2023-06-28 11:14:10,6,8,12971,23569
2023-06-28 11:14:10,6,8,12971,23619
2023-06-28 11:14:24,6,7,12971,23619
2023-06-28 11:14:24,6,7,13071,23719
2023-06-28 11:14:26,6,7,13071,23738
2023-06-28 11:14:36,6,7,13071,23757
2023-06-28 11:14:45,5,7,13071,23757
2023-06-28 11:14:45,6,7,13071,23757
2023-06-28 11:14:48,6,7,13166,23852
2023-06-28 11:14:48,6,7,13261,23947
2023-06-28 11:14:51,6,7,13261,23966
2023-06-28 11:14:51,6,7,13261,24191
2023-06-28 11:14:54,5,6,13261,24210
2023-06-28 11:15:05,5,7,13261,24210
2023-06-28 11:15:06,5,6,13261,24210
2023-06-28 11:15:06,5,6,13311,24260
2023-06-28 11:15:06,5,6,13361,24310
2023-06-28 11:15:07,5,7,13361,24310
2023-06-28 11:15:07,6,7,13361,24310
2023-06-28 11:15:20,5,7,13511,24460
2023-06-28 11:15:29,6,7,13511,24460
2023-06-28 11:15:31,6,7,13592,24541
2023-06-28 11:15:37,6,7,13742,24691
2023-06-28 11:15:45,5,7,13742,24691
2023-06-28 11:15:45,5,9,13742,24741
2023-06-28 11:15:45,6,9,13742,24741
2023-06-28 11:15:45,6,7,13742,24741
2023-06-28 11:15:53,6,7,13842,24841
2023-06-28 11:15:58,5,7,13842,24841
2023-06-28 11:15:58,6,7,13842,24841
2023-06-28 11:16:15,6,7,13845,24844
2023-06-28 11:16:23,5,7,13845,24844
2023-06-28 11:16:23,6,7,13845,24844
2023-06-28 11:16:31,5,7,13845,24844
2023-06-28 11:16:31,5,6,13845,24844
2023-06-28 11:16:57,5,7,13845,24844
2023-06-28 11:16:57,5,6,13845,24844
2023-06-28 11:16:58,5,6,13995,24994
2023-06-28 11:17:07,5,6,14114,25113
2023-06-28 11:17:12,4,6,14114,25113
2023-06-28 11:17:12,5,6,14114,25113
2023-06-28 11:17:12,5,6,14164,25163
2023-06-28 11:17:17,4,6,14164,25163
2023-06-28 11:17:17,4,5,14164,25163
2023-06-28 11:17:47,4,5,14164,25182
2023-06-28 11:17:47,4,5,14245,25263
2023-06-28 11:17:57,3,5,14245,25263
2023-06-28 11:17:57,4,5,14245,25263
2023-06-28 11:17:57,4,5,14345,25363
2023-06-28 11:18:04,3,5,14345,25363
2023-06-28 11:18:05,3,4,14345,25363
2023-06-28 11:18:07,3,4,13945,25763
2023-06-28 11:18:10,3,5,13945,25763
2023-06-28 11:18:10,3,4,13945,25763
2023-06-28 11:18:10,3,4,14083,25901
2023-06-28 11:18:10,3,4,14183,26001
2023-06-28 11:18:15,2,4,13784,26401
2023-06-28 11:18:16,2,5,13784,26501
2023-06-28 11:18:16,3,5,13784,26501
2023-06-28 11:18:27,3,4,13784,26501
2023-06-28 11:18:38,3,5,13784,26501
2023-06-28 11:18:38,3,4,13784,26501
2023-06-28 11:18:44,3,4,13865,26582
2023-06-28 11:18:44,3,4,13946,26663
2023-06-28 11:18:47,3,4,14046,26763
2023-06-28 11:18:48,3,4,14146,26863
2023-06-28 11:19:08,2,4,14146,26863
2023-06-28 11:20:07,3,4,14146,26863
2023-06-28 11:20:07,3,4,14196,26913
2023-06-28 11:20:18,2,4,14196,26913
2023-06-28 11:20:19,3,4,14196,26913
2023-06-28 11:20:19,3,4,14446,27163
2023-06-28 11:20:35,2,4,14446,27163
2023-06-28 11:23:29,3,4,14446,27163
2023-06-28 11:23:29,3,4,14446,27213
2023-06-28 11:23:29,3,5,14446,27232
2023-06-28 11:23:31,3,4,14446,27232
2023-06-28 11:23:41,3,5,14446,28232
2023-06-28 11:23:45,3,4,14446,28232
2023-06-28 11:23:47,3,4,14446,28632
2023-06-28 11:23:48,3,5,14446,28732
2023-06-28 11:24:00,3,4,14446,28732
2023-06-28 11:24:00,3,4,14446,29132
2023-06-28 11:24:01,3,5,14446,29232
2023-06-28 11:24:02,4,5,14446,29232
2023-06-28 11:24:05,3,5,14446,29232
2023-06-28 11:24:05,4,5,14446,29232
2023-06-28 11:24:06,5,6,14446,29251
2023-06-28 11:24:06,5,6,14496,29301
2023-06-28 11:24:30,3,6,14496,29301
2023-06-28 11:24:31,4,6,14496,29301
2023-06-28 11:24:31,4,5,14496,29301
2023-06-28 11:24:31,4,5,14627,29432
2023-06-28 11:24:34,3,5,14627,29432
2023-06-28 11:24:34,3,6,14627,29432
2023-06-28 11:24:34,4,6,14627,29432
2023-06-28 11:24:34,5,6,14627,29432
2023-06-28 11:24:35,5,6,14877,29682
2023-06-28 11:24:35,4,6,14877,29832
2023-06-28 11:24:52,5,6,14877,29832
2023-06-28 11:24:52,5,6,15027,29982
2023-06-28 11:24:54,4,6,15027,29982
2023-06-28 11:24:54,5,6,15027,29982
2023-06-28 11:24:55,5,6,15177,30132
2023-06-28 11:25:02,4,6,15177,30132
2023-06-28 11:25:04,5,6,15177,30132
2023-06-28 11:25:04,6,7,15177,30151
2023-06-28 11:25:04,6,7,15377,30351
2023-06-28 11:25:09,5,7,15377,30351
2023-06-28 11:25:19,6,7,15377,30351
2023-06-28 11:25:21,6,9,15377,30358
2023-06-28 11:26:01,6,8,15377,30358
2023-06-28 11:26:07,7,8,15377,30358
2023-06-28 11:26:07,6,8,15377,30558
2023-06-28 11:26:11,6,7,15377,30558
2023-06-28 11:26:16,7,8,15577,30758
2023-06-28 11:26:17,6,8,15577,31058
2023-06-28 11:26:19,7,8,15577,31058
2023-06-28 11:26:20,7,8,15577,31458
2023-06-28 11:26:20,6,8,15600,31558
2023-06-28 11:26:44,6,7,15600,31558
2023-06-28 11:26:54,5,7,15619,31577
2023-06-28 11:27:10,5,7,15621,31579
2023-06-28 11:28:37,5,6,15621,31579
2023-06-28 11:28:37,4,6,15640,31598
2023-06-28 11:29:25,4,5,15640,31598
2023-06-28 11:29:27,3,5,15659,31617
2023-06-28 11:29:53,4,5,15659,31617
2023-06-28 11:29:59,3,5,15659,31617
2023-06-28 11:31:00,4,5,15659,31617
2023-06-28 11:31:01,3,5,15909,31867
2023-06-28 11:31:02,3,4,15909,31867
2023-06-28 11:31:08,3,4,16009,31967
2023-06-28 11:31:08,3,4,16159,32117
2023-06-28 11:31:10,2,4,16178,32136
2023-06-28 11:32:40,2,3,16178,32136
2023-06-28 11:32:41,2,3,16178,32186
2023-06-28 11:37:57,2,3,16219,32227
2023-06-28 11:38:07,2,3,16260,32268
2023-06-28 11:38:07,2,3,16301,32309
2023-06-28 11:38:11,2,3,16342,32350
2023-06-28 11:40:29,1,2,16342,32955
2023-06-28 11:41:37,1,3,16342,32955
2023-06-28 11:46:40,1,3,16422,33035
2023-06-28 12:03:52,1,3,16441,33054
2023-06-28 12:03:52,1,2,16441,33054
2023-06-28 12:03:52,1,3,16441,33054
2023-06-28 12:06:32,1,3,16491,33104
2023-06-28 12:06:32,1,2,16491,33104
2023-06-28 12:06:32,1,3,16491,33104
2023-06-28 12:06:33,1,2,16491,33104
2023-06-28 12:08:26,1,2,16510,33123
2023-06-28 12:08:36,1,2,16541,33154
2023-06-28 12:08:43,1,2,16591,33204
2023-06-28 12:08:43,1,2,16722,33335
2023-06-28 12:11:03,1,2,16772,33385
2023-06-28 12:18:38,1,2,16872,33485
2023-06-28 12:20:28,1,2,16922,33535
2023-06-28 12:20:32,1,2,16941,33554
2023-06-28 12:22:13,1,2,17010,33623
2023-06-28 12:27:42,1,2,17029,33642
2023-06-28 12:27:53,1,2,17048,33661
2023-06-28 12:28:39,1,3,17048,33661
2023-06-28 12:34:03,1,3,17067,33680
2023-06-28 12:36:33,2,3,17067,33680
2023-06-28 12:36:34,1,3,17067,33680
2023-06-28 12:37:02,2,3,17067,33680
2023-06-28 12:37:04,1,3,17067,33680
2023-06-28 12:37:15,2,3,17067,33680
2023-06-28 12:37:50,1,3,17067,33680
2023-06-28 12:38:03,2,3,17067,33680
2023-06-28 12:38:09,1,3,17067,33680
2023-06-28 12:38:32,2,3,17067,33680
2023-06-28 12:38:43,1,3,17067,33680
2023-06-28 12:43:03,2,3,17067,33680
2023-06-28 12:43:09,2,3,17137,34080
2023-06-28 12:43:11,2,3,17537,34480
2023-06-28 12:43:11,2,3,17937,34880
2023-06-28 12:43:27,2,3,18337,35280
2023-06-28 12:43:28,2,3,18737,35680
2023-06-28 12:43:30,2,3,19137,36080
2023-06-28 12:43:33,2,3,19537,36480
2023-06-28 12:43:35,2,3,19937,36880
2023-06-28 12:43:36,2,3,19937,37080
2023-06-28 12:43:44,2,3,20087,37230
2023-06-28 12:43:48,2,3,20087,37430
2023-06-28 12:43:48,3,5,20337,37699
2023-06-28 12:43:49,3,5,20390,37752
2023-06-28 12:43:56,3,5,20552,37914
2023-06-28 12:43:56,2,5,20552,37914
2023-06-28 12:43:56,3,5,20552,37914
2023-06-28 12:44:00,3,5,20606,37968
2023-06-28 12:44:00,3,5,20656,38018
2023-06-28 12:44:00,4,5,20656,38018
2023-06-28 12:44:05,3,5,20656,38018
2023-06-28 12:44:05,2,5,20656,38018
2023-06-28 12:44:06,4,5,20656,38018
2023-06-28 12:44:06,3,5,20706,38068
2023-06-28 12:44:07,4,5,20706,38068
2023-06-28 12:44:07,4,6,20706,38106
2023-06-28 12:44:09,4,6,20706,38263
2023-06-28 12:44:12,3,6,20706,38263
2023-06-28 12:44:13,4,6,20706,38263
2023-06-28 12:44:21,5,6,20706,38263
2023-06-28 12:44:21,5,7,20706,38313
2023-06-28 12:44:31,6,7,20706,38313
2023-06-28 12:44:40,5,7,20706,38313
2023-06-28 12:44:41,6,7,20706,38313
2023-06-28 12:44:42,5,7,20706,38313
2023-06-28 12:44:54,6,7,20706,38313
2023-06-28 12:44:55,5,7,20706,38313
2023-06-28 12:45:01,6,7,20706,38313
2023-06-28 12:45:14,6,7,20523,38513
2023-06-28 12:45:19,5,6,20542,38532
2023-06-28 12:45:19,5,7,20568,38558
2023-06-28 12:45:20,6,7,20568,38558
2023-06-28 12:45:27,5,7,20568,38558
2023-06-28 12:45:33,6,7,20568,38558
2023-06-28 12:45:49,5,7,20568,38558
2023-06-28 12:45:51,6,7,20568,38558
2023-06-28 12:46:00,6,9,20568,38796
2023-06-28 12:46:17,6,8,20568,38796
2023-06-28 12:46:29,6,7,20568,38796
2023-06-28 12:46:40,7,8,20618,38846
2023-06-28 12:46:42,7,8,20618,39246
2023-06-28 12:46:46,6,8,20618,39246
2023-06-28 12:46:46,6,7,20618,39246
2023-06-28 12:46:46,7,8,20801,39446
2023-06-28 12:46:46,6,7,20901,39546
2023-06-28 12:46:46,6,8,20901,39546
2023-06-28 12:46:54,6,7,20901,39546
2023-06-28 12:46:59,5,7,20901,39565
2023-06-28 12:47:00,6,7,20901,39565
2023-06-28 12:47:00,5,7,20871,39595
2023-06-28 12:47:21,5,6,20871,39595
2023-06-28 12:47:33,5,6,20871,39615
2023-06-28 12:47:34,5,7,20871,39615
2023-06-28 12:47:41,5,6,20871,39615
2023-06-28 12:47:46,5,7,20871,39615
2023-06-28 12:47:48,6,7,20871,39615
2023-06-28 12:48:35,5,6,20871,39715
2023-06-28 12:48:36,5,7,20871,39715
2023-06-28 12:48:56,4,7,20871,39715
2023-06-28 12:49:23,5,7,20871,39715
2023-06-28 12:49:46,6,7,20871,39715
2023-06-28 12:49:51,6,9,20901,39764
2023-06-28 12:50:10,6,8,20901,39764
2023-06-28 12:50:18,6,9,20901,39764
2023-06-28 12:50:23,6,8,20901,39764
2023-06-28 12:50:24,6,9,20901,39764
2023-06-28 12:50:34,6,8,20901,39764
2023-06-28 12:50:35,7,8,20901,39764
2023-06-28 12:50:37,7,9,20921,39784
2023-06-28 12:50:40,8,9,20921,39784
2023-06-28 12:50:56,7,9,20921,39784
2023-06-28 12:50:57,8,9,20921,39784
2023-06-28 12:51:05,9,10,20921,39829
2023-06-28 12:51:07,8,10,20921,39829
2023-06-28 12:51:07,9,10,20921,39829
2023-06-28 12:51:10,8,10,20921,39829
2023-06-28 12:52:46,8,9,20921,39829
2023-06-28 12:52:52,7,9,20921,39848
2023-06-28 12:53:50,8,9,20921,39848
2023-06-28 12:53:52,10,11,20902,39867
2023-06-28 12:53:52,8,11,20902,40048
2023-06-28 12:53:53,10,11,20902,40048
2023-06-28 12:53:53,10,11,21152,40448
2023-06-28 12:53:55,10,11,21152,40698
2023-06-28 12:53:56,11,14,21049,40848
2023-06-28 12:53:57,10,14,21049,40848
2023-06-28 12:53:57,10,13,21049,40848
2023-06-28 12:53:57,11,13,21049,40848
2023-06-28 12:53:57,11,14,21049,40848
2023-06-28 12:53:58,11,13,21049,40848
2023-06-28 12:53:58,12,13,21049,40848
2023-06-28 12:53:58,12,13,21099,40898
2023-06-28 12:53:58,12,14,21099,40898
2023-06-28 12:54:03,13,14,21099,40898
2023-06-28 12:54:04,13,15,21099,40948
2023-06-28 12:54:08,14,15,21099,40948
2023-06-28 12:54:09,14,16,21099,40998
2023-06-28 12:54:10,15,16,21099,40998
2023-06-28 12:54:10,15,18,21099,40998
2023-06-28 12:54:10,15,19,21099,40998
2023-06-28 12:54:11,15,17,21099,40998
2023-06-28 12:54:15,14,17,21099,40998
2023-06-28 12:54:15,14,16,21099,40998
2023-06-28 12:54:22,15,16,21099,40998
2023-06-28 12:54:24,14,16,21099,40998
2023-06-28 12:54:27,13,16,21099,40998
2023-06-28 12:54:28,13,15,21099,40998
2023-06-28 12:54:34,13,16,21099,40998
2023-06-28 12:54:34,12,16,21099,40998
2023-06-28 12:54:34,12,14,21099,40998
2023-06-28 12:54:58,13,14,21099,40998
2023-06-28 12:55:04,13,15,21099,41040
2023-06-28 12:55:06,14,15,21099,41040
2023-06-28 12:55:07,14,17,21099,41040
2023-06-28 12:55:07,14,16,21099,41040
2023-06-28 12:55:10,15,16,21099,41040
2023-06-28 12:55:17,15,17,21099,41059
2023-06-28 12:55:23,16,17,21099,41059
2023-06-28 12:55:25,16,18,21099,41078
2023-06-28 12:55:28,16,20,21099,41078
2023-06-28 12:55:28,15,20,21099,41078
2023-06-28 12:55:28,15,19,21099,41078
2023-06-28 12:55:29,15,17,21099,41078
2023-06-28 12:55:39,15,16,21099,41078
2023-06-28 12:55:39,15,17,21110,41089
2023-06-28 12:55:49,16,17,21110,41089
2023-06-28 12:55:50,15,17,21110,41089
2023-06-28 12:55:52,15,19,21110,41089
2023-06-28 12:55:52,15,18,21110,41089
2023-06-28 12:55:53,15,16,21110,41089
2023-06-28 12:55:54,15,17,21110,41139
2023-06-28 12:56:04,15,18,21110,41139
2023-06-28 12:56:44,15,17,21110,41139
2023-06-28 12:57:02,15,18,21110,41139
2023-06-28 12:57:04,15,17,21110,41139
2023-06-28 12:57:08,16,17,21110,41139
2023-06-28 12:57:09,15,17,21110,41539
2023-06-28 12:57:10,14,17,21110,41577
2023-06-28 12:57:11,14,16,21110,41577
2023-06-28 12:57:12,15,16,21110,41577
2023-06-28 12:57:12,15,16,21110,41977
2023-06-28 12:57:13,14,16,21110,42027
2023-06-28 12:57:14,14,16,21110,42427
2023-06-28 12:57:14,13,16,21110,42577
2023-06-28 12:57:16,13,15,21110,42577
2023-06-28 12:57:17,13,15,21210,42677
2023-06-28 12:57:18,13,16,21210,42677
2023-06-28 12:57:18,14,16,21210,42677
2023-06-28 12:57:19,13,16,21210,42677
2023-06-28 12:57:19,13,15,21210,42677
2023-06-28 12:57:21,14,15,21210,42677
2023-06-28 12:57:21,13,15,21110,42777
2023-06-28 12:57:24,14,15,21110,42777
2023-06-28 12:57:24,15,16,21110,42827
2023-06-28 12:57:24,14,16,21110,43127
2023-06-28 12:57:25,14,16,21110,43527
2023-06-28 12:57:30,14,15,21110,43527
2023-06-28 12:57:31,13,15,21110,43627
2023-06-28 12:57:32,12,15,21110,43627
2023-06-28 12:57:32,13,15,21110,43627
2023-06-28 12:57:48,12,15,21110,43665
2023-06-28 12:58:05,12,14,21110,43665
2023-06-28 12:58:31,12,13,21110,43665
2023-06-28 12:58:31,11,13,21110,43684
2023-06-28 12:58:38,10,13,21110,43722
2023-06-28 12:58:40,10,12,21110,43722
2023-06-28 12:58:44,10,12,21110,43724
2023-06-28 12:59:01,10,11,21110,43724
2023-06-28 12:59:02,10,12,21110,43724
2023-06-28 12:59:02,9,12,21110,43724
2023-06-28 12:59:02,9,11,21110,43724
2023-06-28 13:01:45,10,11,21110,43724
2023-06-28 13:01:50,10,14,21110,43726
2023-06-28 13:02:22,10,13,21110,43726
2023-06-28 13:02:24,10,14,21110,43726
2023-06-28 13:02:30,11,14,21110,43726
2023-06-28 13:02:32,12,14,21110,43726
2023-06-28 13:02:43,14,16,21110,43776
2023-06-28 13:02:44,13,16,21110,43776
2023-06-28 13:02:44,14,16,21110,43776
2023-06-28 13:02:46,13,16,21110,43776
2023-06-28 13:02:54,12,16,21110,43776
2023-06-28 13:02:54,13,16,21110,43776
2023-06-28 13:03:00,12,16,21110,43776
2023-06-28 13:03:02,12,15,21110,43776
2023-06-28 13:03:06,12,14,21110,43776
2023-06-28 13:03:12,12,13,21110,43776
2023-06-28 13:03:12,11,13,21110,44045
2023-06-28 13:03:17,10,13,21110,44045
2023-06-28 13:03:32,10,12,21110,44045
2023-06-28 13:03:42,9,12,21110,44045
2023-06-28 13:04:55,10,12,21110,44045
2023-06-28 13:04:58,10,13,21110,44090
2023-06-28 13:05:13,10,12,21110,44090
2023-06-28 13:05:37,10,13,21110,44090
2023-06-28 13:05:43,10,12,21110,44090
2023-06-28 13:05:56,10,11,21110,44090
2023-06-28 13:06:00,9,11,21110,44090
2023-06-28 13:06:05,9,12,21110,44090
2023-06-28 13:06:05,9,10,21110,44090
2023-06-28 13:06:07,9,12,21210,44190
2023-06-28 13:06:23,9,11,21210,44190
2023-06-28 13:07:14,9,10,21210,44190
2023-06-28 13:07:16,8,10,21110,44328
2023-06-28 13:07:29,8,9,21110,44328
2023-06-28 13:07:35,7,9,21110,44366
2023-06-28 13:08:04,7,10,21110,44454
2023-06-28 13:08:18,8,10,21110,44454
2023-06-28 13:08:18,8,11,21110,44504
2023-06-28 13:08:22,8,10,21110,44504
2023-06-28 13:08:23,8,11,21210,44604
2023-06-28 13:08:34,9,11,21210,44604
2023-06-28 13:10:04,10,11,21210,44604
2023-06-28 13:10:06,10,13,21210,44642
2023-06-28 13:10:06,11,13,21210,44642
2023-06-28 13:10:07,11,14,21210,44642
2023-06-28 13:10:31,12,14,21210,44642
2023-06-28 13:10:56,12,13,21210,44642
2023-06-28 13:11:06,11,13,21210,44692
2023-06-28 13:11:57,11,12,21210,44692
2023-06-28 13:12:05,10,12,21210,44792
2023-06-28 13:12:09,10,11,21210,44792
2023-06-28 13:12:12,10,12,21210,44792
2023-06-28 13:13:12,11,12,21210,44792
2023-06-28 13:13:29,10,12,21210,44792
2023-06-28 13:13:29,11,12,21210,44792
2023-06-28 13:13:32,10,12,21210,44792
2023-06-28 13:14:50,10,11,21210,44792
2023-06-28 13:15:01,9,11,21242,44830
2023-06-28 13:15:29,9,12,21242,44918
2023-06-28 13:15:29,9,13,21242,44918
2023-06-28 13:15:29,10,13,21242,44918
2023-06-28 13:15:29,10,12,21242,44918
2023-06-28 13:15:33,10,11,21242,44918
2023-06-28 13:15:34,10,12,21242,44918
2023-06-28 13:15:34,9,12,21242,44918
2023-06-28 13:15:35,9,11,21242,44918
2023-06-28 13:15:48,9,12,21242,44918
2023-06-28 13:15:49,9,11,21242,44918
2023-06-28 13:16:07,9,12,21242,44918
2023-06-28 13:16:07,9,11,21242,44918
2023-06-28 13:16:31,9,13,21242,44918
2023-06-28 13:16:31,9,12,21242,44918
2023-06-28 13:17:03,10,12,21242,44918
2023-06-28 13:17:08,9,12,21242,44918
2023-06-28 13:17:09,10,12,21242,44918
2023-06-28 13:17:12,10,11,21242,44918
2023-06-28 13:17:32,10,12,21242,44918
2023-06-28 13:18:04,10,11,21242,44918
2023-06-28 13:18:06,9,11,21261,44937
2023-06-28 13:18:27,9,10,21261,44937
2023-06-28 13:18:35,8,10,21311,45067
2023-06-28 13:19:23,8,9,21311,45067
2023-06-28 13:19:37,7,9,21330,45106
2023-06-28 13:20:41,7,8,21330,45106
2023-06-28 13:21:14,6,7,21330,45125
2023-06-28 13:21:29,4,6,21310,45164
2023-06-28 13:21:30,4,7,21310,45164
2023-06-28 13:21:39,4,6,21310,45164
2023-06-28 13:21:40,4,7,21310,45164
2023-06-28 13:21:41,4,6,21310,45164
2023-06-28 13:23:11,4,5,21310,45164
2023-06-28 13:23:59,3,5,21329,45183
2023-06-28 13:27:44,3,4,21329,45183
2023-06-28 13:30:16,2,3,21329,45202
2023-06-28 13:31:55,2,4,21329,45202
2023-06-28 13:32:26,2,5,21310,45221
2023-06-28 13:32:33,3,5,21310,45221
2023-06-28 13:32:41,3,6,21291,45240
2023-06-28 13:33:12,4,6,21291,45240
2023-06-28 13:34:39,5,6,21291,45240
2023-06-28 13:34:48,4,6,21291,45240
2023-06-28 13:34:48,5,6,21291,45240
2023-06-28 13:34:50,4,6,21291,45240
2023-06-28 13:34:50,5,6,21291,45240
2023-06-28 13:36:18,4,5,21291,45259
2023-06-28 13:36:35,4,6,21291,45259
2023-06-28 13:36:40,3,6,21291,45259
2023-06-28 13:37:22,3,5,21291,45259
2023-06-28 13:38:12,3,6,21291,45259
2023-06-28 13:39:33,3,5,21291,45259
2023-06-28 13:39:35,3,6,21291,45259
2023-06-28 13:40:53,3,5,21291,45259
2023-06-28 13:41:17,3,6,21291,45259
2023-06-28 13:41:22,3,5,21291,45259
2023-06-28 13:41:48,4,5,21291,45259
2023-06-28 13:42:07,4,6,21291,45359
2023-06-28 13:42:13,5,6,21291,45359
2023-06-28 13:42:15,4,6,21291,45359
2023-06-28 13:42:16,5,6,21291,45359
2023-06-28 13:42:17,4,6,21291,45359
2023-06-28 13:42:17,5,6,21291,45359
2023-06-28 13:42:20,4,6,21291,45359
2023-06-28 13:48:17,5,6,21291,45359
2023-06-28 13:48:23,4,6,21291,45359
2023-06-28 13:48:23,5,6,21291,45359
2023-06-28 13:48:30,4,6,21291,45359
2023-06-28 13:48:30,5,6,21291,45359
2023-06-28 13:48:53,5,6,21301,45369
2023-06-28 13:49:48,6,7,21541,45628
2023-06-28 13:49:52,5,7,21541,45628
2023-06-28 13:50:03,6,7,21541,45628
2023-06-28 13:50:11,5,7,21541,45628
2023-06-28 13:50:11,6,7,21541,45628
2023-06-28 13:50:13,5,7,21541,45628
2023-06-28 13:50:13,6,7,21541,45628
2023-06-28 13:50:19,5,7,21541,45628
2023-06-28 13:50:19,6,7,21541,45628
2023-06-28 13:50:34,5,7,21541,45628
2023-06-28 13:50:34,6,7,21541,45628
2023-06-28 13:50:38,5,7,21541,45628
2023-06-28 13:50:38,6,7,21541,45628
2023-06-28 13:50:47,5,7,21541,45628
2023-06-28 13:50:51,6,7,21541,45628
2023-06-28 13:50:53,5,7,21541,45628
2023-06-28 13:50:54,6,7,21541,45628
2023-06-28 13:50:58,7,8,21541,45647
2023-06-28 13:51:04,6,8,21541,45647
2023-06-28 13:51:04,7,8,21541,45647
2023-06-28 13:51:17,6,8,21541,45647
2023-06-28 13:51:20,5,8,21541,45647
2023-06-28 13:51:20,6,8,21541,45647
2023-06-28 13:52:15,7,8,21541,45647
2023-06-28 13:52:19,6,8,21641,45747
2023-06-28 13:52:27,7,8,21641,45747
2023-06-28 13:52:36,6,8,21641,45747
2023-06-28 13:53:54,6,7,21641,45747
2023-06-28 13:53:55,5,7,21660,45846
2023-06-28 13:54:32,5,6,21660,45846
2023-06-28 13:54:54,4,6,21679,45865
2023-06-28 13:55:10,4,5,21679,45865
2023-06-28 13:55:37,3,5,21698,45984
2023-06-28 13:55:44,3,4,21698,45984
2023-06-28 13:56:26,3,5,21698,45984
2023-06-28 13:56:26,3,4,21698,45984
2023-06-28 13:56:26,3,5,21698,45984
2023-06-28 13:57:23,4,5,21698,45984
2023-06-28 13:57:23,4,5,21736,46022
2023-06-28 13:57:23,4,5,21774,46060
2023-06-28 13:57:26,3,5,21774,46060
2023-06-28 13:57:26,4,5,21774,46060
2023-06-28 13:57:44,4,7,21755,46179
2023-06-28 13:58:06,5,7,21755,46179
2023-06-28 13:58:11,4,7,21755,46179
2023-06-28 13:58:11,5,7,21755,46179
2023-06-28 13:58:30,4,7,21755,46179
2023-06-28 13:58:37,4,6,21755,46179
2023-06-28 13:59:18,4,5,21755,46179
2023-06-28 13:59:53,4,6,21755,46179
2023-06-28 14:00:00,4,5,21755,46179
2023-06-28 14:00:02,3,5,21774,46298
2023-06-28 14:00:28,3,6,21774,46298
2023-06-28 14:00:50,3,5,21774,46298
2023-06-28 14:00:51,3,6,21774,46298
2023-06-28 14:00:52,3,5,21774,46298
2023-06-28 14:00:54,3,6,21774,46298
2023-06-28 14:00:55,3,5,21774,46298
2023-06-28 14:01:34,3,4,21774,46298
2023-06-28 14:02:01,3,4,21774,46356
2023-06-28 14:02:17,3,4,21773,46556
2023-06-28 14:02:19,3,4,21773,46571
2023-06-28 14:02:29,3,4,21773,46971
2023-06-28 14:02:34,3,4,21773,47171
2023-06-28 14:02:40,3,4,21773,47186
2023-06-28 14:02:40,3,4,21773,47201
2023-06-28 14:02:43,3,4,21773,47601
2023-06-28 14:02:43,3,4,21773,48001
2023-06-28 14:02:50,3,4,21773,48401
2023-06-28 14:02:51,3,4,21773,48801
2023-06-28 14:02:52,3,4,21773,49201
2023-06-28 14:03:18,3,4,21773,49241
2023-06-28 14:03:37,1,4,21773,49241
2023-06-28 14:03:40,1,3,21773,49241
2023-06-28 14:20:51,1,2,21773,49241
2023-06-28 14:37:27,1,2,21813,49281
2023-06-28 14:37:52,1,2,21855,49323
2023-06-28 14:37:57,1,2,21949,49417
2023-06-28 14:37:58,1,3,21949,49417
2023-06-28 14:38:38,1,3,21969,49437
2023-06-28 14:48:06,1,3,22069,49537
2023-06-28 14:48:23,1,2,22069,49537
2023-06-28 14:50:21,1,3,22119,49587
2023-06-28 14:50:38,1,2,22119,49587
2023-06-28 14:51:31,1,2,22139,49607
2023-06-28 14:56:37,1,2,22164,49632
2023-06-28 15:00:52,1,2,22204,49672
2023-06-28 15:01:06,1,2,22287,49755
2023-06-28 15:01:12,1,2,22307,49775
2023-06-28 15:01:41,1,2,22331,49799
2023-06-28 15:02:18,1,2,22376,49844
2023-06-28 15:02:48,1,2,22499,49967
2023-06-28 15:02:52,1,3,22499,49967
2023-06-28 15:02:58,1,2,22499,49967
2023-06-28 15:03:30,1,3,22499,49967
2023-06-28 15:03:47,1,2,22499,49967
2023-06-28 15:03:47,1,2,22619,50087
2023-06-28 15:03:47,1,3,22619,50087
2023-06-28 15:04:12,0,3,22698,50166
2023-06-28 15:04:13,0,3,22698,50166
2023-06-28 15:05:22,0,2,22698,50166
2023-06-28 15:05:22,0,3,22698,50166
2023-06-28 15:05:36,1,3,22698,50166
2023-06-28 15:05:38,1,3,22698,50346
2023-06-28 15:05:39,0,3,22698,50346
2023-06-28 15:05:42,1,3,22698,50346
2023-06-28 15:05:44,0,3,22698,50346
2023-06-28 15:05:45,1,3,22698,50346
2023-06-28 15:05:46,0,3,22698,50346
2023-06-28 15:05:47,1,3,22698,50346
2023-06-28 15:05:48,0,3,22698,50346
2023-06-28 15:05:51,1,3,22698,50346
2023-06-28 15:05:52,1,3,22698,50506
2023-06-28 15:05:53,0,3,22698,50506
2023-06-28 15:05:53,0,3,22948,50756
2023-06-28 15:05:57,1,3,22948,50756
2023-06-28 15:05:58,1,3,23281,51089
2023-06-28 15:05:59,0,3,23281,51089
2023-06-28 15:05:59,0,3,23281,51489
2023-06-28 15:06:00,0,3,23281,51889
2023-06-28 15:06:00,1,3,23281,51889
2023-06-28 15:06:00,1,3,23281,52289
2023-06-28 15:06:01,1,3,23281,52689
2023-06-28 15:06:01,1,3,23281,53089
2023-06-28 15:06:02,1,4,23261,53159
2023-06-28 15:06:02,2,4,23261,53159
2023-06-28 15:06:02,2,5,23261,53559
2023-06-28 15:06:03,2,4,23261,53559
2023-06-28 15:06:03,3,4,23261,53559
2023-06-28 15:06:03,3,4,23511,53809
2023-06-28 15:06:03,2,3,23561,53859
2023-06-28 15:06:03,2,5,23561,54059
2023-06-28 15:06:04,3,5,23561,54059
2023-06-28 15:06:19,3,4,23561,54059
2023-06-28 15:06:26,3,5,23561,54059
2023-06-28 15:06:35,3,4,23561,54059
2023-06-28 15:06:45,3,6,23561,54059
2023-06-28 15:06:45,3,5,23561,54059
2023-06-28 15:06:51,4,5,23561,54059
2023-06-28 15:06:53,3,5,23561,54059
2023-06-28 15:06:58,4,5,23561,54059
2023-06-28 15:07:02,4,5,23561,54103
2023-06-28 15:07:02,4,5,23561,54147
2023-06-28 15:07:04,4,6,23542,54166
2023-06-28 15:07:27,4,6,23342,54366
2023-06-28 15:07:27,4,7,23293,54485
2023-06-28 15:07:48,4,6,23293,54485
2023-06-28 15:08:08,3,6,23293,54505
2023-06-28 15:08:11,3,5,23293,54505
2023-06-28 15:08:21,3,5,23263,54905
2023-06-28 15:08:24,2,5,23263,54905
2023-06-28 15:08:25,2,4,23263,54905
2023-06-28 15:09:16,3,4,23263,54905
2023-06-28 15:09:30,3,4,23263,55305
2023-06-28 15:09:32,3,4,23263,55705
2023-06-28 15:09:34,2,4,23263,55705
2023-06-28 15:09:43,2,3,23263,55705
2023-06-28 15:11:42,0,2,23283,55775
2023-06-28 15:15:38,0,1,23283,55775
2023-06-28 15:17:28,0,1,23379,55871
2023-06-28 15:29:24,0,2,23461,55953
2023-06-28 15:40:40,0,1,23461,55953
2023-06-28 15:55:21,0,2,23502,56009
2023-06-28 15:55:22,0,1,23502,56009
