datetime,bid,ask,open_interest,volume
2023-02-14 09:31:23,28,50,567,567
2023-02-14 09:31:23,28,37,567,567
2023-02-14 09:31:24,28,34,567,567
2023-02-14 09:31:26,28,33,567,567
2023-02-14 09:31:30,28,33,572,572
2023-02-14 09:31:30,19,33,587,587
2023-02-14 09:31:30,19,25,587,587
2023-02-14 09:31:33,19,25,602,602
2023-02-14 09:31:34,19,23,602,602
2023-02-14 09:31:34,16,23,602,602
2023-02-14 09:31:34,16,20,602,602
2023-02-14 09:31:34,11,20,602,602
2023-02-14 09:31:35,16,20,602,602
2023-02-14 09:34:29,16,22,602,617
2023-02-14 09:34:41,16,25,602,637
2023-02-14 09:34:42,18,25,602,637
2023-02-14 09:37:53,18,23,602,637
2023-02-14 09:37:54,18,25,602,637
2023-02-14 09:39:58,18,23,602,637
2023-02-14 09:39:59,18,25,602,637
2023-02-14 09:40:03,18,23,602,637
2023-02-14 09:40:07,18,25,602,637
2023-02-14 09:40:53,18,22,602,637
2023-02-14 09:41:44,17,22,602,637
2023-02-14 09:42:20,17,23,602,637
2023-02-14 09:42:22,17,21,602,637
2023-02-14 09:42:22,16,21,602,637
2023-02-14 09:42:31,17,21,602,637
2023-02-14 09:42:34,16,21,602,637
2023-02-14 09:42:35,17,21,602,637
2023-02-14 09:42:37,16,21,602,637
2023-02-14 09:42:44,17,21,602,637
2023-02-14 09:43:34,18,21,602,637
2023-02-14 09:43:53,18,22,602,637
2023-02-14 09:44:10,17,22,602,637
2023-02-14 09:44:53,17,21,602,637
2023-02-14 09:45:01,16,21,602,637
2023-02-14 09:45:24,17,21,602,637
2023-02-14 09:45:50,16,21,602,637
2023-02-14 09:45:50,16,20,602,637
2023-02-14 09:45:57,15,20,602,637
2023-02-14 09:46:45,15,19,602,637
2023-02-14 09:47:19,14,19,602,637
2023-02-14 09:47:52,14,18,602,637
2023-02-14 09:49:49,14,20,602,637
2023-02-14 09:49:50,14,19,602,637
2023-02-14 09:50:47,15,19,602,637
2023-02-14 09:51:17,14,19,602,637
2023-02-14 09:51:18,14,18,602,637
2023-02-14 09:51:33,15,18,602,637
2023-02-14 09:53:56,15,20,602,637
2023-02-14 09:53:59,16,20,602,637
2023-02-14 09:54:00,15,20,602,637
2023-02-14 09:54:10,16,20,602,637
2023-02-14 09:54:12,15,20,602,637
2023-02-14 09:54:15,16,20,602,637
2023-02-14 09:54:16,15,20,602,637
2023-02-14 09:54:28,16,20,602,637
2023-02-14 09:54:28,16,21,602,637
2023-02-14 09:55:00,16,19,602,637
2023-02-14 09:55:29,15,19,602,637
2023-02-14 09:55:36,15,17,602,637
2023-02-14 09:56:01,15,17,622,657
2023-02-14 09:56:05,15,18,622,657
2023-02-14 09:56:35,15,16,622,657
2023-02-14 09:57:28,13,16,702,737
2023-02-14 09:58:25,13,15,702,737
2023-02-14 09:58:25,13,14,702,737
2023-02-14 09:59:25,13,15,702,737
2023-02-14 09:59:26,13,14,702,737
2023-02-14 09:59:35,13,14,952,987
2023-02-14 09:59:53,13,15,952,987
2023-02-14 10:01:28,13,14,952,987
2023-02-14 10:01:52,12,13,1033,1068
2023-02-14 10:02:46,11,12,1183,1218
2023-02-14 10:03:44,8,12,1383,1418
2023-02-14 10:03:50,7,12,1383,1418
2023-02-14 10:03:55,7,11,1383,1418
2023-02-14 10:04:51,7,12,1383,1418
2023-02-14 10:04:51,8,12,1383,1418
2023-02-14 10:06:02,9,12,1383,1418
2023-02-14 10:06:21,9,11,1383,1418
2023-02-14 10:07:19,9,12,1383,1418
2023-02-14 10:07:19,9,11,1383,1418
2023-02-14 10:10:31,9,12,1383,1418
2023-02-14 10:10:32,9,11,1383,1418
2023-02-14 10:11:51,9,11,1577,1612
2023-02-14 10:11:54,9,10,1577,1612
2023-02-14 10:12:17,7,9,1583,1618
2023-02-14 10:13:52,7,10,1583,1618
2023-02-14 10:14:06,7,10,1783,1818
2023-02-14 10:14:26,7,11,1783,1818
2023-02-14 10:14:51,7,10,1783,1818
2023-02-14 10:15:56,7,11,1783,1818
2023-02-14 10:15:58,7,10,1783,1818
2023-02-14 10:17:51,7,9,1783,1818
2023-02-14 10:18:48,7,10,1783,1818
2023-02-14 10:19:48,7,11,1783,1818
2023-02-14 10:22:48,7,10,1783,1818
2023-02-14 10:26:47,7,11,1783,1818
2023-02-14 10:26:49,7,10,1783,1818
2023-02-14 10:27:47,7,11,1783,1818
2023-02-14 10:28:46,7,11,2283,2318
2023-02-14 10:29:07,8,11,2283,2318
2023-02-14 10:29:17,8,12,2283,2318
2023-02-14 10:29:46,9,12,2283,2318
2023-02-14 10:29:48,9,13,2283,2318
2023-02-14 10:30:26,10,13,2283,2318
2023-02-14 10:30:28,10,15,2283,2318
2023-02-14 10:30:51,10,14,2283,2318
2023-02-14 10:31:48,10,15,2283,2318
2023-02-14 10:31:48,10,40,2283,2318
2023-02-14 10:31:49,10,19,2283,2318
2023-02-14 10:31:49,10,17,2283,2318
2023-02-14 10:31:50,11,17,2283,2318
2023-02-14 10:31:50,11,15,2283,2318
2023-02-14 10:32:19,11,17,2283,2318
2023-02-14 10:32:20,12,17,2283,2318
2023-02-14 10:32:21,12,16,2283,2318
2023-02-14 10:32:51,12,17,2283,2318
2023-02-14 10:33:49,12,16,2283,2318
2023-02-14 10:34:18,11,16,2283,2318
2023-02-14 10:34:19,11,17,2283,2318
2023-02-14 10:34:21,12,17,2283,2318
2023-02-14 10:34:49,12,16,2283,2318
2023-02-14 10:35:03,13,16,2283,2318
2023-02-14 10:35:08,14,16,2283,2318
2023-02-14 10:35:12,12,16,2283,2318
2023-02-14 10:35:12,15,16,2283,2318
2023-02-14 10:35:24,15,17,2283,2318
2023-02-14 10:35:44,16,17,2283,2318
2023-02-14 10:35:51,15,17,2283,2318
2023-02-14 10:35:51,15,19,2283,2318
2023-02-14 10:35:52,16,19,2283,2318
2023-02-14 10:35:53,15,19,2283,2318
2023-02-14 10:35:57,16,19,2283,2318
2023-02-14 10:36:07,15,19,2283,2318
2023-02-14 10:36:07,17,19,2283,2318
2023-02-14 10:36:16,18,19,2283,2318
2023-02-14 10:36:23,18,21,2283,2318
2023-02-14 10:36:24,18,22,2283,2318
2023-02-14 10:36:25,18,20,2283,2318
2023-02-14 10:36:48,18,22,2283,2318
2023-02-14 10:37:14,19,22,2283,2318
2023-02-14 10:37:31,20,22,2283,2318
2023-02-14 10:37:48,20,24,2283,2318
2023-02-14 10:37:49,20,25,2283,2318
2023-02-14 10:37:49,20,23,2283,2318
2023-02-14 10:38:47,21,23,2283,2318
2023-02-14 10:38:49,22,23,2283,2318
2023-02-14 10:38:50,21,23,2283,2318
2023-02-14 10:38:51,22,23,2283,2318
2023-02-14 10:38:55,21,23,2283,2318
2023-02-14 10:39:03,22,23,2283,2318
2023-02-14 10:39:17,22,25,2283,2318
2023-02-14 10:39:18,22,24,2283,2318
2023-02-14 10:39:25,21,24,2283,2318
2023-02-14 10:39:35,22,24,2283,2318
2023-02-14 10:39:38,21,24,2283,2318
2023-02-14 10:39:40,22,24,2283,2318
2023-02-14 10:39:43,21,24,2283,2318
2023-02-14 10:39:51,22,24,2283,2318
2023-02-14 10:39:54,23,24,2283,2318
2023-02-14 10:40:02,23,24,2283,2338
2023-02-14 10:40:02,21,24,2283,2338
2023-02-14 10:40:25,21,26,2283,2338
2023-02-14 10:40:27,21,25,2283,2338
2023-02-14 10:41:19,21,27,2283,2338
2023-02-14 10:41:19,21,26,2283,2338
2023-02-14 10:41:36,23,26,2283,2338
2023-02-14 10:41:41,21,26,2283,2338
2023-02-14 10:41:48,23,26,2283,2338
2023-02-14 10:41:54,21,26,2283,2338
2023-02-14 10:42:07,23,26,2283,2338
2023-02-14 10:42:10,21,26,2283,2338
2023-02-14 10:42:19,21,28,2283,2338
2023-02-14 10:42:20,21,27,2283,2338
2023-02-14 10:42:20,22,27,2283,2338
2023-02-14 10:42:48,21,27,2283,2338
2023-02-14 10:42:48,21,26,2283,2338
2023-02-14 10:44:48,21,28,2283,2338
2023-02-14 10:44:48,21,27,2283,2338
2023-02-14 10:44:48,21,25,2283,2338
2023-02-14 10:45:13,23,25,2283,2338
2023-02-14 10:45:22,23,26,2283,2338
2023-02-14 10:45:46,25,26,2283,2338
2023-02-14 10:45:50,25,30,2283,2338
2023-02-14 10:45:50,25,27,2283,2338
2023-02-14 10:45:50,23,27,2283,2338
2023-02-14 10:45:53,25,27,2283,2338
2023-02-14 10:45:54,23,27,2283,2338
2023-02-14 10:45:57,25,27,2283,2338
2023-02-14 10:46:10,25,27,2303,2358
2023-02-14 10:46:17,25,29,2303,2358
2023-02-14 10:46:18,25,31,2303,2358
2023-02-14 10:46:19,25,28,2303,2358
2023-02-14 10:46:22,23,28,2303,2358
2023-02-14 10:46:48,23,29,2303,2358
2023-02-14 10:46:48,24,29,2303,2358
2023-02-14 10:47:17,24,28,2303,2358
2023-02-14 10:47:19,24,29,2303,2358
2023-02-14 10:47:29,24,28,2303,2358
2023-02-14 10:47:51,23,28,2303,2358
2023-02-14 10:48:00,23,27,2303,2358
2023-02-14 10:48:17,23,28,2303,2358
2023-02-14 10:48:19,23,26,2303,2358
2023-02-14 10:48:52,22,26,2303,2358
2023-02-14 10:48:59,22,25,2303,2358
2023-02-14 10:49:00,22,26,2303,2358
2023-02-14 10:49:01,22,25,2303,2358
2023-02-14 10:49:17,20,25,2303,2358
2023-02-14 10:49:17,20,24,2303,2358
2023-02-14 10:49:17,19,24,2303,2358
2023-02-14 10:49:18,21,24,2303,2358
2023-02-14 10:49:48,17,24,2303,2358
2023-02-14 10:49:48,20,24,2303,2358
2023-02-14 10:50:23,21,24,2303,2358
2023-02-14 10:50:38,21,25,2303,2358
2023-02-14 10:50:48,21,26,2303,2358
2023-02-14 10:50:59,21,25,2303,2358
2023-02-14 10:51:02,21,26,2303,2358
2023-02-14 10:51:03,21,25,2303,2358
2023-02-14 10:51:04,21,26,2303,2358
2023-02-14 10:51:10,21,25,2303,2358
2023-02-14 10:51:14,21,26,2303,2358
2023-02-14 10:51:19,19,26,2303,2358
2023-02-14 10:51:21,21,26,2303,2358
2023-02-14 10:51:48,22,26,2303,2358
2023-02-14 10:51:49,22,27,2303,2358
2023-02-14 10:52:19,21,27,2303,2358
2023-02-14 10:52:19,23,27,2303,2358
2023-02-14 10:54:15,23,28,2303,2358
2023-02-14 10:54:47,21,28,2303,2358
2023-02-14 10:54:49,24,28,2303,2358
2023-02-14 10:56:02,24,27,2303,2358
2023-02-14 10:56:23,24,26,2303,2358
2023-02-14 10:56:48,22,26,2303,2358
2023-02-14 10:57:14,22,25,2303,2358
2023-02-14 10:57:23,22,26,2303,2358
2023-02-14 10:57:34,22,25,2303,2358
2023-02-14 10:57:42,22,26,2303,2358
2023-02-14 10:57:44,22,25,2303,2358
2023-02-14 10:58:08,22,26,2303,2358
2023-02-14 10:58:14,22,25,2303,2358
2023-02-14 10:58:18,20,25,2303,2358
2023-02-14 10:58:19,21,25,2303,2358
2023-02-14 10:58:50,21,24,2303,2358
2023-02-14 10:59:22,21,23,2303,2358
2023-02-14 10:59:49,20,23,2303,2358
2023-02-14 10:59:50,20,25,2303,2358
2023-02-14 11:00:02,20,24,2303,2358
2023-02-14 11:00:24,18,24,2303,2358
2023-02-14 11:00:25,21,24,2303,2358
2023-02-14 11:00:35,21,22,2303,2358
2023-02-14 11:00:38,19,22,1840,2821
2023-02-14 11:00:39,19,21,1840,2821
2023-02-14 11:00:49,21,24,1820,2841
2023-02-14 11:00:52,21,22,1820,2841
2023-02-14 11:00:53,21,22,1820,2941
2023-02-14 11:00:57,21,22,1820,3041
2023-02-14 11:00:57,21,22,1700,3161
2023-02-14 11:01:03,19,21,1700,3188
2023-02-14 11:01:10,19,22,1700,3188
2023-02-14 11:01:21,19,20,1700,3188
2023-02-14 11:01:21,15,20,1700,3188
2023-02-14 11:02:17,15,22,1700,3188
2023-02-14 11:02:17,15,21,1700,3188
2023-02-14 11:02:18,15,19,1700,3188
2023-02-14 11:02:49,15,20,1700,3188
2023-02-14 11:03:18,15,19,1700,3188
2023-02-14 11:03:48,15,22,1700,3188
2023-02-14 11:03:49,15,20,1700,3188
2023-02-14 11:03:49,16,20,1700,3188
2023-02-14 11:04:19,15,20,1700,3188
2023-02-14 11:05:22,16,20,1700,3188
2023-02-14 11:06:18,16,22,1700,3188
2023-02-14 11:06:19,16,20,1700,3188
2023-02-14 11:06:19,15,20,1700,3188
2023-02-14 11:06:46,16,20,1700,3188
2023-02-14 11:07:18,14,20,1700,3188
2023-02-14 11:07:19,15,20,1700,3188
2023-02-14 11:07:33,15,18,1700,3188
2023-02-14 11:07:37,15,20,1700,3188
2023-02-14 11:07:38,15,18,1700,3188
2023-02-14 11:07:40,15,20,1700,3188
2023-02-14 11:07:48,15,18,1700,3188
2023-02-14 11:07:48,14,18,1700,3188
2023-02-14 11:08:22,15,18,1700,3188
2023-02-14 11:08:48,15,20,1700,3188
2023-02-14 11:08:48,15,22,1700,3188
2023-02-14 11:08:48,15,20,1700,3188
2023-02-14 11:09:42,17,20,1700,3188
2023-02-14 11:09:56,19,20,1700,3188
2023-02-14 11:09:58,17,20,1700,3188
2023-02-14 11:10:30,17,22,1700,3188
2023-02-14 11:10:30,17,23,1700,3188
2023-02-14 11:10:31,17,21,1700,3188
2023-02-14 11:11:03,19,21,1700,3188
2023-02-14 11:11:07,17,21,1700,3188
2023-02-14 11:11:48,17,23,1700,3188
2023-02-14 11:11:49,17,21,1700,3188
2023-02-14 11:12:20,17,20,1700,3188
2023-02-14 11:12:26,16,20,1700,3188
2023-02-14 11:12:49,15,20,1700,3188
2023-02-14 11:12:58,17,20,1700,3188
2023-02-14 11:13:02,15,20,1700,3188
2023-02-14 11:13:04,17,20,1700,3188
2023-02-14 11:13:49,17,21,1700,3188
2023-02-14 11:15:19,17,23,1700,3188
2023-02-14 11:15:19,17,20,1700,3188
2023-02-14 11:15:48,17,21,1700,3188
2023-02-14 11:16:01,16,21,1700,3188
2023-02-14 11:16:18,16,20,1700,3188
2023-02-14 11:16:49,15,20,1700,3188
2023-02-14 11:16:51,15,18,1700,3188
2023-02-14 11:17:03,17,18,1700,3188
2023-02-14 11:17:17,15,18,1700,3188
2023-02-14 11:17:19,15,19,1700,3188
2023-02-14 11:17:19,17,19,1700,3188
2023-02-14 11:17:26,15,19,1700,3188
2023-02-14 11:17:29,17,19,1700,3188
2023-02-14 11:17:41,15,19,1700,3188
2023-02-14 11:17:43,17,19,1700,3188
2023-02-14 11:17:48,17,22,1700,3188
2023-02-14 11:17:48,17,20,1700,3188
2023-02-14 11:18:07,15,20,1700,3188
2023-02-14 11:18:18,16,20,1700,3188
2023-02-14 11:18:48,16,21,1700,3188
2023-02-14 11:18:48,15,21,1700,3188
2023-02-14 11:18:49,15,19,1700,3188
2023-02-14 11:19:48,15,18,1700,3188
2023-02-14 11:21:52,15,20,1700,3188
2023-02-14 11:21:52,15,19,1700,3188
2023-02-14 11:22:17,15,21,1700,3188
2023-02-14 11:22:18,15,20,1700,3188
2023-02-14 11:22:18,15,18,1700,3188
2023-02-14 11:23:20,15,20,1700,3188
2023-02-14 11:23:20,15,19,1700,3188
2023-02-14 11:23:48,15,21,1700,3188
2023-02-14 11:23:49,15,20,1700,3188
2023-02-14 11:23:49,15,18,1700,3188
2023-02-14 11:24:41,14,18,1700,3188
2023-02-14 11:25:14,14,17,1700,3188
2023-02-14 11:25:16,14,18,1700,3188
2023-02-14 11:25:23,14,19,1700,3188
2023-02-14 11:25:23,13,19,1700,3188
2023-02-14 11:25:23,13,17,1700,3188
2023-02-14 11:25:44,14,17,1700,3188
2023-02-14 11:25:50,14,19,1700,3188
2023-02-14 11:25:51,14,21,1700,3188
2023-02-14 11:25:52,14,18,1700,3188
2023-02-14 11:25:52,14,16,1700,3188
2023-02-14 11:26:10,14,16,1720,3208
2023-02-14 11:26:17,14,18,1720,3208
2023-02-14 11:26:18,14,19,1720,3208
2023-02-14 11:26:33,16,19,1720,3208
2023-02-14 11:26:42,14,19,1720,3208
2023-02-14 11:26:43,18,19,1720,3208
2023-02-14 11:26:49,18,21,1720,3208
2023-02-14 11:26:49,18,23,1720,3208
2023-02-14 11:26:49,18,24,1720,3208
2023-02-14 11:26:50,18,20,1720,3208
2023-02-14 11:27:19,18,22,1720,3208
2023-02-14 11:27:48,18,23,1720,3208
2023-02-14 11:27:48,19,23,1720,3208
2023-02-14 11:28:19,17,23,1720,3208
2023-02-14 11:28:19,17,22,1720,3208
2023-02-14 11:28:22,18,22,1720,3208
2023-02-14 11:28:46,18,24,1720,3208
2023-02-14 11:28:48,18,23,1720,3208
2023-02-14 11:28:51,20,23,1720,3208
2023-02-14 11:29:06,22,23,1720,3208
2023-02-14 11:29:18,22,25,1720,3208
2023-02-14 11:29:33,22,25,1967,3455
2023-02-14 11:29:49,22,27,1967,3455
2023-02-14 11:30:05,24,27,1967,3455
2023-02-14 11:30:26,24,26,1967,3455
2023-02-14 11:30:51,24,29,1967,3455
2023-02-14 11:30:59,26,29,1967,3455
2023-02-14 11:31:03,24,29,1967,3455
2023-02-14 11:32:34,26,29,1967,3455
2023-02-14 11:32:49,26,31,1967,3455
2023-02-14 11:32:50,26,33,1967,3455
2023-02-14 11:32:50,26,31,1967,3455
2023-02-14 11:32:51,26,29,1967,3455
2023-02-14 11:34:51,26,30,1967,3455
2023-02-14 11:35:29,25,30,1967,3455
2023-02-14 11:35:49,24,30,1967,3455
2023-02-14 11:35:51,24,31,1967,3455
2023-02-14 11:35:51,24,29,1967,3455
2023-02-14 11:37:50,24,28,1967,3455
2023-02-14 11:38:19,23,28,1967,3455
2023-02-14 11:38:20,23,30,1967,3455
2023-02-14 11:38:20,26,30,1967,3455
2023-02-14 11:38:20,26,32,1967,3455
2023-02-14 11:38:21,26,33,1967,3455
2023-02-14 11:38:21,26,31,1967,3455
2023-02-14 11:38:21,26,29,1967,3455
2023-02-14 11:38:33,26,29,1987,3475
2023-02-14 11:38:46,26,31,1987,3475
2023-02-14 11:38:46,26,33,1987,3475
2023-02-14 11:38:47,26,32,1987,3475
2023-02-14 11:38:48,26,30,1987,3475
2023-02-14 11:39:48,26,33,1987,3475
2023-02-14 11:39:49,26,31,1987,3475
2023-02-14 11:39:49,26,29,1987,3475
2023-02-14 11:40:27,26,33,1987,3475
2023-02-14 11:40:27,26,30,1987,3475
2023-02-14 11:42:20,26,32,1987,3475
2023-02-14 11:42:21,26,33,1987,3475
2023-02-14 11:42:21,26,29,1987,3475
2023-02-14 11:42:36,24,29,1987,3475
2023-02-14 11:42:37,28,29,1987,3475
2023-02-14 11:42:47,28,32,1987,3475
2023-02-14 11:42:47,28,30,1987,3475
2023-02-14 11:43:10,26,30,1987,3475
2023-02-14 11:43:21,26,32,1987,3475
2023-02-14 11:43:21,26,33,1987,3475
2023-02-14 11:43:22,26,31,1987,3475
2023-02-14 11:43:52,28,31,1987,3475
2023-02-14 11:44:23,28,32,1987,3475
2023-02-14 11:45:21,28,31,1987,3475
2023-02-14 11:46:26,26,31,1987,3475
2023-02-14 11:46:51,26,33,1987,3475
2023-02-14 11:46:51,26,31,1987,3475
2023-02-14 11:47:19,26,30,1987,3475
2023-02-14 11:47:52,26,32,1987,3475
2023-02-14 11:47:53,26,33,1987,3475
2023-02-14 11:47:53,26,31,1987,3475
2023-02-14 11:48:49,26,30,1987,3475
2023-02-14 11:49:22,25,30,1987,3475
2023-02-14 11:49:52,25,32,1987,3475
2023-02-14 11:49:53,24,32,1987,3475
2023-02-14 11:49:54,24,29,1987,3475
2023-02-14 11:50:15,26,29,1987,3475
2023-02-14 11:50:49,26,31,1987,3475
2023-02-14 11:50:49,26,33,1987,3475
2023-02-14 11:50:50,26,32,1987,3475
2023-02-14 11:50:50,26,30,1987,3475
2023-02-14 11:51:52,26,32,1987,3475
2023-02-14 11:51:53,26,30,1987,3475
2023-02-14 11:53:35,25,30,1987,3475
2023-02-14 11:53:35,28,30,1987,3475
2023-02-14 11:53:52,28,31,1987,3475
2023-02-14 11:54:17,28,33,1987,3475
2023-02-14 11:54:17,28,34,1987,3475
2023-02-14 11:54:20,28,32,1987,3475
2023-02-14 11:54:42,27,32,1987,3475
2023-02-14 11:54:48,26,32,1987,3475
2023-02-14 11:54:49,26,31,1987,3475
2023-02-14 11:55:24,26,29,1987,3475
2023-02-14 11:55:51,26,33,1987,3475
2023-02-14 11:55:52,26,32,1987,3475
2023-02-14 11:55:52,26,30,1987,3475
2023-02-14 11:56:10,25,30,1987,3475
2023-02-14 11:56:49,24,30,1987,3475
2023-02-14 11:56:50,24,28,1987,3475
2023-02-14 11:57:02,23,28,1987,3475
2023-02-14 11:57:20,26,30,1987,3475
2023-02-14 11:57:21,26,32,1987,3475
2023-02-14 11:57:21,26,29,1987,3475
2023-02-14 11:58:20,26,31,1987,3475
2023-02-14 11:58:21,26,30,1987,3475
2023-02-14 11:59:18,26,32,1987,3475
2023-02-14 11:59:18,26,31,1987,3475
2023-02-14 11:59:18,26,29,1987,3475
2023-02-14 11:59:44,24,29,1987,3475
2023-02-14 12:00:25,24,27,1987,3475
2023-02-14 12:01:18,24,29,1987,3475
2023-02-14 12:01:18,24,30,1987,3475
2023-02-14 12:01:18,24,28,1987,3475
2023-02-14 12:01:28,23,28,1987,3475
2023-02-14 12:02:01,23,27,1987,3475
2023-02-14 12:02:23,22,27,1987,3475
2023-02-14 12:02:49,22,26,1987,3475
2023-02-14 12:03:19,22,28,1987,3475
2023-02-14 12:03:19,22,29,1987,3475
2023-02-14 12:03:19,22,27,1987,3475
2023-02-14 12:03:47,22,28,1987,3475
2023-02-14 12:03:47,22,26,1987,3475
2023-02-14 12:05:21,22,29,1987,3475
2023-02-14 12:05:21,22,26,1987,3475
2023-02-14 12:06:18,22,27,1987,3475
2023-02-14 12:06:18,22,25,1987,3475
2023-02-14 12:06:23,22,25,1988,3476
2023-02-14 12:07:46,20,25,1988,3476
2023-02-14 12:08:18,20,24,1988,3476
2023-02-14 12:10:16,19,24,1988,3476
2023-02-14 12:10:27,19,23,1988,3476
2023-02-14 12:10:35,19,24,1988,3476
2023-02-14 12:10:44,19,23,1988,3476
2023-02-14 12:10:50,17,23,1988,3476
2023-02-14 12:10:52,17,21,1988,3476
2023-02-14 12:11:48,17,24,1988,3476
2023-02-14 12:11:48,17,22,1988,3476
2023-02-14 12:12:00,18,22,1988,3476
2023-02-14 12:12:48,18,24,1988,3476
2023-02-14 12:12:48,18,22,1988,3476
2023-02-14 12:12:54,17,22,1988,3476
2023-02-14 12:13:17,17,23,1988,3476
2023-02-14 12:13:18,17,21,1988,3476
2023-02-14 12:15:21,16,21,1988,3476
2023-02-14 12:16:49,17,21,1988,3476
2023-02-14 12:16:49,17,22,1988,3476
2023-02-14 12:17:17,17,21,1988,3476
2023-02-14 12:17:47,17,22,1988,3476
2023-02-14 12:17:48,16,22,1988,3476
2023-02-14 12:17:48,16,20,1988,3476
2023-02-14 12:18:05,16,20,1988,3576
2023-02-14 12:18:10,16,20,1988,3676
2023-02-14 12:18:14,20,22,2050,3765
2023-02-14 12:18:19,16,22,2050,3765
2023-02-14 12:18:19,16,21,2050,3765
2023-02-14 12:18:20,17,21,2050,3765
2023-02-14 12:18:48,17,23,2050,3765
2023-02-14 12:18:49,17,24,2050,3765
2023-02-14 12:18:50,17,22,2050,3765
2023-02-14 12:18:50,18,22,2050,3765
2023-02-14 12:19:16,18,24,2050,3765
2023-02-14 12:19:17,18,23,2050,3765
2023-02-14 12:20:29,17,23,2050,3765
2023-02-14 12:20:29,17,22,2050,3765
2023-02-14 12:21:06,17,21,2050,3765
2023-02-14 12:21:44,17,22,2050,3765
2023-02-14 12:21:46,17,23,2050,3765
2023-02-14 12:21:47,17,21,2050,3765
2023-02-14 12:22:18,17,23,2050,3765
2023-02-14 12:22:18,17,24,2050,3765
2023-02-14 12:22:19,16,24,2050,3765
2023-02-14 12:22:19,18,24,2050,3765
2023-02-14 12:22:19,18,22,2050,3765
2023-02-14 12:22:19,21,22,2050,3765
2023-02-14 12:22:45,18,22,2050,3765
2023-02-14 12:22:48,18,23,2050,3765
2023-02-14 12:24:19,16,23,2050,3765
2023-02-14 12:24:20,18,23,2050,3765
2023-02-14 12:24:48,18,24,2050,3765
2023-02-14 12:24:48,19,24,2050,3765
2023-02-14 12:25:48,19,23,2050,3765
2023-02-14 12:25:49,19,22,2050,3765
2023-02-14 12:26:19,17,22,2050,3765
2023-02-14 12:26:36,17,21,2050,3765
2023-02-14 12:27:13,17,20,2050,3765
2023-02-14 12:27:16,17,21,2050,3765
2023-02-14 12:27:31,17,20,2050,3765
2023-02-14 12:27:46,16,20,2050,3765
2023-02-14 12:28:01,16,21,2050,3765
2023-02-14 12:28:18,16,20,2050,3765
2023-02-14 12:28:47,16,21,2050,3765
2023-02-14 12:29:17,17,21,2050,3765
2023-02-14 12:29:17,17,22,2050,3765
2023-02-14 12:30:23,17,23,2050,3765
2023-02-14 12:30:24,18,23,2050,3765
2023-02-14 12:30:43,18,22,2050,3765
2023-02-14 12:31:17,18,21,2050,3765
2023-02-14 12:31:18,17,21,2050,3765
2023-02-14 12:31:47,15,21,2050,3765
2023-02-14 12:31:48,14,21,2050,3765
2023-02-14 12:31:49,16,21,2050,3765
2023-02-14 12:32:12,16,20,2050,3765
2023-02-14 12:32:22,16,21,2050,3765
2023-02-14 12:32:48,16,20,2050,3765
2023-02-14 12:32:49,16,21,2050,3765
2023-02-14 12:33:13,16,20,2050,3765
2023-02-14 12:33:27,16,21,2050,3765
2023-02-14 12:33:27,16,19,2050,3765
2023-02-14 12:33:48,14,19,2050,3765
2023-02-14 12:33:48,15,19,2050,3765
2023-02-14 12:33:50,15,18,2050,3765
2023-02-14 12:34:36,15,17,2050,3765
2023-02-14 12:34:48,14,17,2050,3765
2023-02-14 12:34:50,14,18,2050,3765
2023-02-14 12:34:55,14,17,2050,3765
2023-02-14 12:35:32,14,18,2050,3765
2023-02-14 12:35:33,14,17,2050,3765
2023-02-14 12:35:37,14,18,2050,3765
2023-02-14 12:35:49,13,18,2050,3765
2023-02-14 12:35:51,14,18,2050,3765
2023-02-14 12:36:01,14,17,2050,3765
2023-02-14 12:36:11,14,18,2050,3765
2023-02-14 12:36:50,15,18,2050,3765
2023-02-14 12:37:32,15,19,2050,3765
2023-02-14 12:38:05,15,20,2050,3785
2023-02-14 12:39:01,17,20,2050,3785
2023-02-14 12:39:01,15,20,2050,3785
2023-02-14 12:39:18,15,22,2050,3785
2023-02-14 12:39:18,16,22,2050,3785
2023-02-14 12:39:18,16,21,2050,3785
2023-02-14 12:40:22,16,22,2050,3785
2023-02-14 12:40:22,16,20,2050,3785
2023-02-14 12:40:50,15,20,2050,3785
2023-02-14 12:41:18,15,19,2050,3785
2023-02-14 12:42:17,15,20,2050,3785
2023-02-14 12:42:49,15,18,2050,3785
2023-02-14 12:43:17,14,18,2050,3785
2023-02-14 12:43:17,13,18,2050,3785
2023-02-14 12:43:46,14,18,2050,3785
2023-02-14 12:44:03,16,18,2050,3785
2023-02-14 12:44:12,14,18,2050,3785
2023-02-14 12:44:19,14,20,2050,3785
2023-02-14 12:44:19,14,19,2050,3785
2023-02-14 12:44:19,15,19,2050,3785
2023-02-14 12:44:42,16,19,2050,3785
2023-02-14 12:44:47,15,19,2050,3785
2023-02-14 12:44:48,15,20,2050,3785
2023-02-14 12:44:50,16,20,2050,3785
2023-02-14 12:44:52,15,20,2050,3785
2023-02-14 12:44:56,16,20,2050,3785
2023-02-14 12:44:59,15,20,2050,3785
2023-02-14 12:45:04,16,20,2050,3785
2023-02-14 12:45:51,16,21,2050,3785
2023-02-14 12:46:18,16,20,2050,3785
2023-02-14 12:46:19,15,20,2050,3785
2023-02-14 12:46:49,15,19,2050,3785
2023-02-14 12:47:18,14,19,2050,3785
2023-02-14 12:47:49,14,20,2050,3785
2023-02-14 12:47:49,14,18,2050,3785
2023-02-14 12:48:11,16,18,2050,3785
2023-02-14 12:48:12,14,18,2050,3785
2023-02-14 12:48:15,16,18,2050,3785
2023-02-14 12:48:27,14,18,2050,3785
2023-02-14 12:48:30,16,18,2050,3785
2023-02-14 12:48:41,14,18,2050,3785
2023-02-14 12:48:48,14,22,2390,4125
2023-02-14 12:48:49,14,21,2390,4125
2023-02-14 12:48:49,14,19,2390,4125
2023-02-14 12:49:17,14,18,2390,4125
2023-02-14 12:50:00,16,18,2390,4125
2023-02-14 12:50:13,16,18,2490,4225
2023-02-14 12:50:19,16,18,2590,4325
2023-02-14 12:50:23,16,20,2590,4325
2023-02-14 12:50:23,16,22,2590,4325
2023-02-14 12:50:24,16,19,2590,4325
2023-02-14 12:50:25,18,19,2590,4325
2023-02-14 12:50:40,16,19,2590,4325
2023-02-14 12:50:40,18,19,2590,4325
2023-02-14 12:50:42,18,19,2690,4425
2023-02-14 12:50:48,18,19,2790,4525
2023-02-14 12:50:50,18,20,2790,4525
2023-02-14 12:51:15,18,20,2790,4805
2023-02-14 12:51:17,18,22,2790,4805
2023-02-14 12:51:17,18,21,2790,4805
2023-02-14 12:51:46,18,23,2790,4805
2023-02-14 12:51:46,18,24,2790,4805
2023-02-14 12:51:47,18,22,2790,4805
2023-02-14 12:52:48,18,21,2790,4805
2023-02-14 12:52:55,17,21,2790,4805
2023-02-14 12:53:01,18,21,2790,4805
2023-02-14 12:53:17,18,24,2790,4805
2023-02-14 12:53:18,18,22,2790,4805
2023-02-14 12:53:38,20,22,2790,4805
2023-02-14 12:53:48,20,23,2790,4805
2023-02-14 12:53:50,18,23,2790,4805
2023-02-14 12:54:22,19,23,2790,4805
2023-02-14 12:54:48,18,23,2790,4805
2023-02-14 12:55:22,18,24,2790,4805
2023-02-14 12:55:22,18,22,2790,4805
2023-02-14 12:55:47,16,22,2790,4805
2023-02-14 12:55:47,17,22,2790,4805
2023-02-14 12:55:47,17,21,2790,4805
2023-02-14 12:56:27,17,20,2790,4805
2023-02-14 12:56:28,17,18,2790,4805
2023-02-14 12:56:50,15,18,2790,4805
2023-02-14 12:56:50,12,18,2790,4805
2023-02-14 12:56:51,13,18,2790,4805
2023-02-14 12:57:17,14,18,2790,4805
2023-02-14 12:57:47,13,18,2790,4805
2023-02-14 12:58:19,12,18,2790,4805
2023-02-14 12:58:19,13,18,2790,4805
2023-02-14 12:58:50,14,18,2790,4805
2023-02-14 12:59:18,13,18,2790,4805
2023-02-14 12:59:46,14,18,2790,4805
2023-02-14 13:00:49,13,18,2790,4805
2023-02-14 13:00:59,13,15,2790,4805
2023-02-14 13:01:44,13,15,2790,4825
2023-02-14 13:01:47,13,15,2790,4865
2023-02-14 13:01:47,13,17,2790,4865
2023-02-14 13:01:49,12,17,2790,4865
2023-02-14 13:01:50,12,15,2790,4865
2023-02-14 13:01:50,11,15,2790,4865
2023-02-14 13:01:59,9,15,2790,5453
2023-02-14 13:02:19,9,11,2790,5453
2023-02-14 13:02:19,9,10,2790,5453
2023-02-14 13:02:20,8,10,2790,5453
2023-02-14 13:02:49,8,9,2790,5453
2023-02-14 13:04:43,8,9,2810,5473
2023-02-14 13:05:51,7,8,3040,5703
2023-02-14 13:06:48,6,7,3340,6003
2023-02-14 13:07:07,4,7,3340,6003
2023-02-14 13:07:35,6,7,3340,6003
2023-02-14 13:08:08,4,7,3340,6003
2023-02-14 13:08:09,5,7,3340,6003
2023-02-14 13:08:25,5,8,3340,6003
2023-02-14 13:08:43,6,8,3340,6003
2023-02-14 13:09:09,5,8,3340,6003
2023-02-14 13:09:26,6,8,3340,6003
2023-02-14 13:09:31,5,8,3340,6003
2023-02-14 13:09:33,6,8,3340,6003
2023-02-14 13:09:50,6,9,3340,6003
2023-02-14 13:09:51,6,8,3340,6003
2023-02-14 13:10:42,7,8,3340,6003
2023-02-14 13:11:56,7,9,3340,6003
2023-02-14 13:13:50,7,8,3340,6003
2023-02-14 13:14:39,6,8,3340,6003
2023-02-14 13:15:21,6,7,3340,6003
2023-02-14 13:16:19,6,8,3340,6003
2023-02-14 13:16:20,6,7,3340,6003
2023-02-14 13:17:34,5,7,3340,6003
2023-02-14 13:17:53,5,6,3340,6003
2023-02-14 13:18:49,4,5,3590,6253
2023-02-14 13:19:19,4,6,3590,6253
2023-02-14 13:19:26,4,6,3589,6254
2023-02-14 13:20:26,4,7,3589,6254
2023-02-14 13:20:26,4,8,3589,6254
2023-02-14 13:20:27,4,7,3589,6254
2023-02-14 13:20:51,4,6,3589,6254
2023-02-14 13:21:47,4,5,3589,6254
2023-02-14 13:22:19,4,6,3589,6254
2023-02-14 13:24:25,4,6,3589,6293
2023-02-14 13:24:29,3,6,3589,6293
2023-02-14 13:24:46,3,7,3589,6293
2023-02-14 13:24:47,4,7,3589,6293
2023-02-14 13:25:22,3,7,3589,6293
2023-02-14 13:25:49,3,8,3589,6293
2023-02-14 13:25:49,3,7,3589,6293
2023-02-14 13:28:48,3,6,3589,6293
2023-02-14 13:30:50,3,5,3589,6293
2023-02-14 13:31:47,3,6,3589,6293
2023-02-14 13:32:20,3,5,3589,6293
2023-02-14 13:33:47,3,6,3589,6293
2023-02-14 13:34:18,3,5,3589,6293
2023-02-14 13:36:17,3,6,3589,6293
2023-02-14 13:36:17,3,8,3589,6293
2023-02-14 13:37:17,3,5,3589,6293
2023-02-14 13:37:46,3,6,3589,6293
2023-02-14 13:37:47,3,8,3589,6293
2023-02-14 13:38:17,3,6,3589,6293
2023-02-14 13:38:17,3,5,3589,6293
2023-02-14 13:39:47,3,6,3589,6293
2023-02-14 13:39:47,3,5,3589,6293
2023-02-14 13:39:48,3,4,3589,6293
2023-02-14 13:40:26,3,5,3589,6293
2023-02-14 13:40:26,3,6,3589,6293
2023-02-14 13:40:27,3,8,3589,6293
2023-02-14 13:41:23,3,7,3589,6293
2023-02-14 13:41:23,3,8,3589,6293
2023-02-14 13:42:46,3,5,3589,6293
2023-02-14 13:43:50,3,6,3589,6293
2023-02-14 13:43:51,3,8,3589,6293
2023-02-14 13:44:26,3,12,3589,6293
2023-02-14 13:44:26,3,10,3589,6293
2023-02-14 13:44:53,4,10,3589,6293
2023-02-14 13:45:21,4,7,3589,6293
2023-02-14 13:45:48,4,6,3589,6293
2023-02-14 13:46:25,3,6,3589,6293
2023-02-14 13:46:45,3,5,3589,6293
2023-02-14 13:48:17,3,8,3589,6293
2023-02-14 13:58:31,3,7,3589,6293
2023-02-14 13:58:32,3,8,3589,6293
2023-02-14 14:03:25,3,7,3589,6293
2023-02-14 14:03:29,3,8,3589,6293
2023-02-14 14:03:52,3,7,3589,6293
2023-02-14 14:03:52,3,8,3589,6293
2023-02-14 14:05:17,3,15,3589,6293
2023-02-14 14:05:17,3,10,3589,6293
2023-02-14 14:05:19,3,9,3589,6293
2023-02-14 14:05:21,3,10,3589,6293
2023-02-14 14:05:22,3,9,3589,6293
2023-02-14 14:05:24,3,10,3589,6293
2023-02-14 14:05:33,3,9,3589,6293
2023-02-14 14:05:35,4,9,3589,6293
2023-02-14 14:05:36,3,9,3589,6313
2023-02-14 14:05:37,3,4,3589,6313
2023-02-14 14:05:59,3,8,3609,6333
2023-02-14 14:07:51,4,8,3609,6333
2023-02-14 14:07:51,4,10,3609,6333
2023-02-14 14:07:51,4,15,3609,6333
2023-02-14 14:07:51,4,13,3609,6333
2023-02-14 14:07:51,4,10,3609,6333
2023-02-14 14:08:27,3,10,3609,6333
2023-02-14 14:08:27,3,8,3609,6333
2023-02-14 14:08:29,3,10,3609,6333
2023-02-14 14:08:30,3,8,3609,6333
2023-02-14 14:08:39,3,10,3609,6333
2023-02-14 14:08:42,3,8,3609,6333
2023-02-14 14:10:23,3,6,3609,6333
2023-02-14 14:10:52,3,5,3609,6333
2023-02-14 14:11:50,3,6,3609,6333
2023-02-14 14:12:22,3,5,3609,6333
2023-02-14 14:14:19,3,6,3609,6333
2023-02-14 14:14:20,3,5,3609,6333
2023-02-14 14:16:20,3,6,3609,6333
2023-02-14 14:18:30,3,4,3609,6333
2023-02-14 14:22:34,3,6,3609,6333
2023-02-14 14:22:35,3,4,3609,6333
2023-02-14 14:26:45,3,6,3609,6333
2023-02-14 14:26:48,3,4,3609,6333
2023-02-14 14:27:54,1,4,4109,6833
2023-02-14 14:28:18,1,3,4109,6833
2023-02-14 15:02:36,1,2,4109,6833
2023-02-14 15:10:55,1,3,4986,7710
2023-02-14 15:13:01,1,2,4986,7710
2023-02-14 15:13:40,0,2,5986,8710
2023-02-14 15:13:51,0,1,5986,8710
