datetime,bid,ask,open_interest,volume
2023-02-14 09:31:23,25,34,8,13
2023-02-14 09:31:24,25,31,8,13
2023-02-14 09:31:25,25,28,8,13
2023-02-14 09:31:26,25,27,8,13
2023-02-14 09:31:29,25,26,8,13
2023-02-14 09:31:30,17,26,23,28
2023-02-14 09:31:30,17,25,23,28
2023-02-14 09:31:30,17,21,23,28
2023-02-14 09:31:33,14,21,38,43
2023-02-14 09:31:34,11,21,38,43
2023-02-14 09:31:34,14,21,38,43
2023-02-14 09:31:34,14,18,38,43
2023-02-14 09:34:51,11,18,38,43
2023-02-14 09:34:51,11,21,38,43
2023-02-14 09:34:52,11,20,38,43
2023-02-14 09:34:52,16,20,38,43
2023-02-14 09:35:15,16,21,38,53
2023-02-14 09:38:47,16,23,38,58
2023-02-14 09:38:48,17,23,38,58
2023-02-14 09:38:55,17,25,38,58
2023-02-14 09:38:55,18,25,38,58
2023-02-14 09:39:01,18,24,38,58
2023-02-14 09:39:05,18,25,38,58
2023-02-14 09:39:11,18,24,38,58
2023-02-14 09:39:14,18,25,38,58
2023-02-14 09:39:15,18,24,38,58
2023-02-14 09:39:53,18,25,38,58
2023-02-14 09:40:34,18,24,38,58
2023-02-14 09:40:53,18,22,38,58
2023-02-14 09:44:31,18,22,113,133
2023-02-14 09:44:55,18,23,113,133
2023-02-14 09:45:51,18,22,113,133
2023-02-14 09:48:01,19,22,113,133
2023-02-14 09:49:18,19,24,113,133
2023-02-14 09:49:20,19,25,113,133
2023-02-14 09:49:20,19,23,113,133
2023-02-14 09:53:09,20,23,113,133
2023-02-14 09:53:53,20,25,113,133
2023-02-14 09:55:29,20,24,113,133
2023-02-14 09:56:03,18,24,113,133
2023-02-14 09:56:03,19,24,113,133
2023-02-14 09:56:34,19,23,113,133
2023-02-14 09:56:36,18,23,113,133
2023-02-14 09:58:25,18,22,113,133
2023-02-14 09:58:28,17,22,113,133
2023-02-14 09:58:52,17,23,113,133
2023-02-14 09:58:53,17,21,113,133
2023-02-14 10:01:03,16,21,113,133
2023-02-14 10:01:27,16,20,113,133
2023-02-14 10:01:28,16,21,113,133
2023-02-14 10:01:31,16,20,113,133
2023-02-14 10:01:51,14,20,113,133
2023-02-14 10:01:52,14,19,113,133
2023-02-14 10:01:56,15,19,113,133
2023-02-14 10:02:47,14,19,113,133
2023-02-14 10:02:47,14,18,113,133
2023-02-14 10:03:50,14,17,113,133
2023-02-14 10:03:51,13,17,113,133
2023-02-14 10:04:50,13,18,113,133
2023-02-14 10:06:14,14,18,113,133
2023-02-14 10:06:22,14,17,113,133
2023-02-14 10:10:59,17,18,425,445
2023-02-14 10:11:03,17,18,425,465
2023-02-14 10:11:08,14,18,425,465
2023-02-14 10:11:42,14,16,425,465
2023-02-14 10:11:48,14,18,425,465
2023-02-14 10:11:51,14,16,425,465
2023-02-14 10:12:47,14,18,425,465
2023-02-14 10:12:48,14,17,425,465
2023-02-14 10:12:49,14,15,425,465
2023-02-14 10:13:17,14,17,425,465
2023-02-14 10:13:18,14,16,425,465
2023-02-14 10:13:43,14,16,693,733
2023-02-14 10:13:51,14,17,693,733
2023-02-14 10:15:55,14,18,693,733
2023-02-14 10:15:59,14,17,693,733
2023-02-14 10:16:36,14,17,1093,1133
2023-02-14 10:17:18,14,18,1093,1133
2023-02-14 10:17:55,14,17,1093,1133
2023-02-14 10:18:48,14,18,1093,1133
2023-02-14 10:19:36,15,18,1093,1133
2023-02-14 10:19:48,15,20,1093,1133
2023-02-14 10:19:50,15,21,1093,1133
2023-02-14 10:19:52,15,19,1093,1133
2023-02-14 10:20:27,15,20,1093,1133
2023-02-14 10:20:51,15,21,1093,1133
2023-02-14 10:20:51,15,19,1093,1133
2023-02-14 10:21:18,15,21,1093,1133
2023-02-14 10:21:19,15,20,1093,1133
2023-02-14 10:21:29,15,19,1093,1133
2023-02-14 10:21:49,15,20,1093,1133
2023-02-14 10:21:51,15,21,1093,1133
2023-02-14 10:21:51,15,19,1093,1133
2023-02-14 10:22:47,14,19,1093,1133
2023-02-14 10:23:48,14,18,1093,1133
2023-02-14 10:24:49,14,19,1093,1133
2023-02-14 10:25:20,15,19,1093,1133
2023-02-14 10:25:48,14,19,1093,1133
2023-02-14 10:26:47,14,21,1093,1133
2023-02-14 10:26:48,14,19,1093,1133
2023-02-14 10:27:18,15,19,1093,1133
2023-02-14 10:28:14,16,19,1093,1133
2023-02-14 10:28:17,16,21,1093,1133
2023-02-14 10:28:17,16,20,1093,1133
2023-02-14 10:28:21,15,20,1093,1133
2023-02-14 10:28:29,16,20,1093,1133
2023-02-14 10:28:32,17,20,1093,1133
2023-02-14 10:28:40,18,20,1093,1133
2023-02-14 10:28:53,17,20,1093,1133
2023-02-14 10:29:00,18,20,1093,1133
2023-02-14 10:29:16,18,22,1093,1133
2023-02-14 10:29:18,18,21,1093,1133
2023-02-14 10:29:41,19,21,1093,1133
2023-02-14 10:29:44,20,21,1093,1133
2023-02-14 10:29:47,20,23,1093,1133
2023-02-14 10:29:48,20,22,1093,1133
2023-02-14 10:30:06,19,22,1093,1133
2023-02-14 10:30:06,20,22,1093,1133
2023-02-14 10:30:20,19,22,1093,1133
2023-02-14 10:30:28,19,25,1093,1133
2023-02-14 10:30:28,19,23,1093,1133
2023-02-14 10:30:35,18,23,1093,1133
2023-02-14 10:30:41,19,23,1093,1133
2023-02-14 10:30:51,19,24,1093,1133
2023-02-14 10:30:51,19,22,1093,1133
2023-02-14 10:30:57,20,22,1093,1133
2023-02-14 10:30:59,19,22,1093,1133
2023-02-14 10:31:02,20,22,1093,1133
2023-02-14 10:31:23,21,22,1093,1133
2023-02-14 10:31:49,21,22,1103,1143
2023-02-14 10:31:49,21,23,1103,1143
2023-02-14 10:32:06,21,23,1113,1153
2023-02-14 10:32:21,21,24,1113,1153
2023-02-14 10:32:31,20,24,1113,1153
2023-02-14 10:32:51,20,25,1113,1153
2023-02-14 10:33:18,20,24,1113,1153
2023-02-14 10:33:55,21,24,1113,1153
2023-02-14 10:34:19,21,25,1113,1153
2023-02-14 10:34:22,21,24,1113,1153
2023-02-14 10:35:02,22,24,1113,1153
2023-02-14 10:35:03,23,24,1113,1153
2023-02-14 10:35:11,23,24,1133,1173
2023-02-14 10:35:23,23,25,1133,1173
2023-02-14 10:35:43,20,25,1133,1173
2023-02-14 10:35:43,20,25,1153,1193
2023-02-14 10:35:47,20,28,1153,1193
2023-02-14 10:35:47,18,28,1153,1193
2023-02-14 10:35:48,19,28,1153,1193
2023-02-14 10:35:48,21,28,1153,1193
2023-02-14 10:35:50,21,26,1153,1193
2023-02-14 10:36:23,19,26,1153,1193
2023-02-14 10:36:24,20,26,1153,1193
2023-02-14 10:36:24,22,26,1153,1193
2023-02-14 10:36:49,22,27,1153,1193
2023-02-14 10:38:47,18,27,1153,1193
2023-02-14 10:38:47,19,27,1153,1193
2023-02-14 10:38:48,19,28,1153,1193
2023-02-14 10:38:48,23,28,1153,1193
2023-02-14 10:40:49,21,28,1153,1193
2023-02-14 10:40:49,23,28,1153,1193
2023-02-14 10:46:04,23,27,1153,1193
2023-02-14 10:46:14,23,26,1153,1193
2023-02-14 10:46:18,23,27,1153,1193
2023-02-14 10:46:47,21,27,1153,1193
2023-02-14 10:46:47,22,27,1153,1193
2023-02-14 10:47:50,23,27,1153,1193
2023-02-14 10:47:53,23,28,1153,1193
2023-02-14 10:48:13,23,30,1455,1495
2023-02-14 10:48:20,23,28,1455,1495
2023-02-14 10:48:52,21,28,1455,1495
2023-02-14 10:48:54,23,28,1455,1495
2023-02-14 10:49:17,24,28,1455,1495
2023-02-14 10:49:17,24,30,1455,1495
2023-02-14 10:49:19,24,29,1455,1495
2023-02-14 10:50:23,24,30,1455,1495
2023-02-14 10:50:26,25,30,1455,1495
2023-02-14 10:56:48,24,30,1455,1495
2023-02-14 10:56:49,26,30,1455,1495
2023-02-14 10:58:19,24,30,1455,1495
2023-02-14 10:58:20,26,30,1455,1495
2023-02-14 11:01:40,26,28,1455,1495
2023-02-14 11:01:49,26,30,1455,1495
2023-02-14 11:01:49,26,29,1455,1495
2023-02-14 11:03:19,25,29,1455,1495
2023-02-14 11:03:48,26,29,1455,1495
2023-02-14 11:06:46,24,29,1455,1495
2023-02-14 11:06:47,26,29,1455,1495
2023-02-14 11:07:16,26,28,1455,1495
2023-02-14 11:07:19,26,29,1455,1495
2023-02-14 11:07:20,26,28,1455,1495
2023-02-14 11:07:24,26,29,1455,1495
2023-02-14 11:07:24,26,28,1455,1495
2023-02-14 11:07:25,26,29,1455,1495
2023-02-14 11:07:32,26,28,1455,1495
2023-02-14 11:07:38,26,29,1455,1495
2023-02-14 11:07:46,24,29,1455,1495
2023-02-14 11:07:47,22,29,1455,1495
2023-02-14 11:07:48,23,29,1455,1495
2023-02-14 11:07:48,25,29,1455,1495
2023-02-14 11:08:48,26,29,1455,1495
2023-02-14 11:09:32,26,30,1455,1495
2023-02-14 11:10:31,23,30,1455,1495
2023-02-14 11:10:32,25,30,1455,1495
2023-02-14 11:10:32,27,30,1455,1495
2023-02-14 11:10:53,26,30,1455,1495
2023-02-14 11:11:48,24,30,1455,1495
2023-02-14 11:11:49,26,30,1455,1495
2023-02-14 11:12:49,24,30,1455,1495
2023-02-14 11:12:49,22,30,1455,1495
2023-02-14 11:12:49,20,30,1455,1495
2023-02-14 11:12:49,25,30,1455,1495
2023-02-14 11:13:49,20,30,1455,1495
2023-02-14 11:13:50,26,30,1455,1495
2023-02-14 11:16:49,20,30,1455,1495
2023-02-14 11:16:50,21,30,1455,1495
2023-02-14 11:16:50,25,30,1455,1495
2023-02-14 11:17:21,30,31,1700,1742
2023-02-14 11:20:07,26,31,1700,1742
2023-02-14 11:23:20,24,31,1700,1742
2023-02-14 11:23:21,26,31,1700,1742
2023-02-14 11:25:50,24,31,1700,1742
2023-02-14 11:25:51,25,31,1700,1742
2023-02-14 11:25:51,25,30,1700,1742
2023-02-14 11:25:57,25,30,1699,1743
2023-02-14 11:26:17,25,32,1699,1743
2023-02-14 11:26:18,22,32,1699,1743
2023-02-14 11:26:19,26,32,1699,1743
2023-02-14 11:26:22,26,31,1699,1743
2023-02-14 11:26:31,26,32,1699,1743
2023-02-14 11:26:49,24,32,1699,1743
2023-02-14 11:26:49,27,32,1699,1743
2023-02-14 11:27:18,25,32,1699,1743
2023-02-14 11:27:18,26,32,1699,1743
2023-02-14 11:27:18,26,33,1699,1743
2023-02-14 11:27:19,28,33,1699,1743
2023-02-14 11:29:49,26,33,1699,1743
2023-02-14 11:29:49,27,33,1699,1743
2023-02-14 11:30:25,25,33,1699,1743
2023-02-14 11:30:25,28,33,1699,1743
2023-02-14 11:30:51,24,33,1699,1743
2023-02-14 11:30:51,16,33,1699,1743
2023-02-14 11:30:52,23,33,1699,1743
2023-02-14 11:30:52,27,33,1699,1743
2023-02-14 11:31:18,27,32,1699,1743
2023-02-14 11:31:19,27,31,1699,1743
2023-02-14 11:31:34,27,32,1699,1743
2023-02-14 11:31:54,27,31,1699,1743
2023-02-14 11:32:03,27,32,1699,1743
2023-02-14 11:32:07,27,31,1699,1743
2023-02-14 11:32:25,27,32,1699,1743
2023-02-14 11:32:28,27,31,1699,1743
2023-02-14 11:32:49,16,31,1699,1743
2023-02-14 11:32:49,24,31,1699,1743
2023-02-14 11:32:49,26,31,1699,1743
2023-02-14 11:33:20,26,30,1699,1743
2023-02-14 11:34:13,26,29,1699,1743
2023-02-14 11:34:14,26,30,1699,1743
2023-02-14 11:35:29,26,31,1699,1743
2023-02-14 11:36:19,22,31,1699,1743
2023-02-14 11:36:20,23,31,1699,1743
2023-02-14 11:36:20,27,31,1699,1743
2023-02-14 11:37:48,25,31,1699,1743
2023-02-14 11:37:50,27,31,1699,1743
2023-02-14 11:38:46,25,31,1699,1743
2023-02-14 11:38:48,26,31,1699,1743
2023-02-14 11:39:49,27,31,1699,1743
2023-02-14 11:40:25,25,31,1699,1743
2023-02-14 11:40:26,20,31,1699,1743
2023-02-14 11:40:27,24,31,1699,1743
2023-02-14 11:40:27,26,31,1699,1743
2023-02-14 11:40:37,26,29,1699,1743
2023-02-14 11:40:38,26,30,1699,1743
2023-02-14 11:40:44,26,29,1699,1743
2023-02-14 11:40:47,26,30,1699,1743
2023-02-14 11:40:51,26,29,1699,1743
2023-02-14 11:40:53,26,30,1699,1743
2023-02-14 11:41:38,26,31,1699,1743
2023-02-14 11:42:21,27,31,1699,1743
2023-02-14 11:42:36,27,29,1699,1743
2023-02-14 11:42:46,26,29,1699,1743
2023-02-14 11:43:21,19,29,1699,1743
2023-02-14 11:43:22,23,29,1699,1743
2023-02-14 11:43:22,25,29,1699,1743
2023-02-14 11:45:51,24,29,1699,1743
2023-02-14 11:45:54,26,29,1699,1743
2023-02-14 11:46:18,24,29,1699,1743
2023-02-14 11:46:18,25,29,1699,1743
2023-02-14 11:46:18,25,31,1699,1743
2023-02-14 11:46:18,25,30,1699,1743
2023-02-14 11:46:19,25,29,1699,1743
2023-02-14 11:46:25,25,30,1699,1743
2023-02-14 11:46:43,25,31,1699,1743
2023-02-14 11:46:50,21,31,1699,1743
2023-02-14 11:46:50,19,31,1699,1743
2023-02-14 11:46:51,24,31,1699,1743
2023-02-14 11:46:51,26,31,1699,1743
2023-02-14 11:47:19,24,31,1699,1743
2023-02-14 11:47:19,25,31,1699,1743
2023-02-14 11:47:19,27,31,1699,1743
2023-02-14 11:47:52,25,31,1699,1743
2023-02-14 11:47:53,26,31,1699,1743
2023-02-14 11:48:49,22,31,1699,1743
2023-02-14 11:48:49,25,31,1699,1743
2023-02-14 11:48:49,27,31,1699,1743
2023-02-14 11:49:14,27,32,1699,1743
2023-02-14 11:49:52,27,33,1699,1743
2023-02-14 11:49:53,28,33,1699,1743
2023-02-14 11:50:26,25,33,1699,1743
2023-02-14 11:50:27,27,33,1699,1743
2023-02-14 11:50:50,27,32,1699,1743
2023-02-14 11:51:31,27,31,1699,1743
2023-02-14 11:51:31,27,32,1699,1743
2023-02-14 11:51:51,20,32,1699,1743
2023-02-14 11:51:51,23,32,1699,1743
2023-02-14 11:51:52,27,32,1699,1743
2023-02-14 11:52:21,27,31,1699,1743
2023-02-14 11:52:23,27,32,1699,1743
2023-02-14 11:53:26,27,31,1699,1743
2023-02-14 11:53:28,27,32,1699,1743
2023-02-14 11:53:29,27,31,1699,1743
2023-02-14 11:53:39,27,30,1699,1743
2023-02-14 11:53:41,27,29,1699,1743
2023-02-14 11:53:58,27,30,1699,1743
2023-02-14 11:54:18,22,30,1699,1743
2023-02-14 11:54:19,24,30,1699,1743
2023-02-14 11:54:19,26,30,1699,1743
2023-02-14 11:54:48,26,31,1699,1743
2023-02-14 11:55:06,26,32,1699,1743
2023-02-14 11:55:23,22,32,1699,1743
2023-02-14 11:55:23,21,32,1699,1743
2023-02-14 11:55:24,27,32,1699,1743
2023-02-14 11:56:23,27,33,1699,1743
2023-02-14 11:56:49,25,33,1699,1743
2023-02-14 11:56:50,23,33,1699,1743
2023-02-14 11:56:50,24,33,1699,1743
2023-02-14 11:56:51,26,33,1699,1743
2023-02-14 11:56:51,28,33,1699,1743
2023-02-14 11:57:47,26,33,1699,1743
2023-02-14 11:57:47,24,33,1699,1743
2023-02-14 11:57:48,23,33,1699,1743
2023-02-14 11:57:48,25,33,1699,1743
2023-02-14 11:57:48,27,33,1699,1743
2023-02-14 11:58:21,27,32,1699,1743
2023-02-14 11:59:18,27,33,1699,1743
2023-02-14 11:59:18,25,33,1699,1743
2023-02-14 11:59:18,23,33,1699,1743
2023-02-14 11:59:19,28,33,1699,1743
2023-02-14 12:00:27,29,33,1699,1743
2023-02-14 12:00:28,29,35,1699,1743
2023-02-14 12:00:28,29,34,1699,1743
2023-02-14 12:00:52,28,34,1699,1743
2023-02-14 12:02:21,26,34,1699,1743
2023-02-14 12:02:21,24,34,1699,1743
2023-02-14 12:02:22,21,34,1699,1743
2023-02-14 12:02:22,27,34,1699,1743
2023-02-14 12:02:23,29,34,1699,1743
2023-02-14 12:03:19,29,35,1699,1743
2023-02-14 12:03:20,29,34,1699,1743
2023-02-14 12:04:48,27,34,1699,1743
2023-02-14 12:04:49,26,34,1699,1743
2023-02-14 12:04:49,28,34,1699,1743
2023-02-14 12:05:22,28,35,1699,1743
2023-02-14 12:05:24,28,33,1699,1743
2023-02-14 12:05:47,28,33,1724,1768
2023-02-14 12:05:48,27,33,1724,1768
2023-02-14 12:06:18,28,33,1724,1768
2023-02-14 12:06:47,26,33,1724,1768
2023-02-14 12:06:47,26,32,1724,1768
2023-02-14 12:06:47,24,32,1724,1768
2023-02-14 12:06:48,27,32,1724,1768
2023-02-14 12:09:21,27,33,1724,1768
2023-02-14 12:10:24,25,33,1724,1768
2023-02-14 12:10:26,27,33,1724,1768
2023-02-14 12:10:50,27,36,1724,1768
2023-02-14 12:10:50,27,34,1724,1768
2023-02-14 12:10:51,27,32,1724,1768
2023-02-14 12:16:16,27,32,1734,1778
2023-02-14 12:16:18,27,33,1734,1778
2023-02-14 12:16:47,25,33,1734,1778
2023-02-14 12:16:48,23,33,1734,1778
2023-02-14 12:16:48,24,33,1734,1778
2023-02-14 12:16:49,28,33,1734,1778
2023-02-14 12:20:52,26,33,1734,1778
2023-02-14 12:20:53,24,33,1734,1778
2023-02-14 12:20:54,26,33,1734,1778
2023-02-14 12:20:57,28,33,1734,1778
2023-02-14 12:21:47,28,35,1734,1778
2023-02-14 12:21:47,28,33,1734,1778
2023-02-14 12:22:19,28,35,1734,1778
2023-02-14 12:22:19,28,34,1734,1778
2023-02-14 12:23:19,27,34,1734,1778
2023-02-14 12:23:19,29,34,1734,1778
2023-02-14 12:24:48,29,38,1734,1778
2023-02-14 12:24:48,29,39,1734,1778
2023-02-14 12:24:48,29,35,1734,1778
2023-02-14 12:25:20,27,35,1734,1778
2023-02-14 12:25:20,29,35,1734,1778
2023-02-14 12:26:18,29,39,1734,1778
2023-02-14 12:26:19,29,34,1734,1778
2023-02-14 12:27:47,29,36,1734,1778
2023-02-14 12:27:47,29,34,1734,1778
2023-02-14 12:29:46,29,35,1734,1778
2023-02-14 12:29:59,29,35,1778,1822
2023-02-14 12:30:24,27,35,1778,1822
2023-02-14 12:30:24,25,35,1778,1822
2023-02-14 12:30:24,30,35,1778,1822
2023-02-14 12:31:48,28,35,1778,1822
2023-02-14 12:31:48,24,35,1778,1822
2023-02-14 12:31:48,27,35,1778,1822
2023-02-14 12:31:49,29,35,1778,1822
2023-02-14 12:33:20,29,37,1778,1822
2023-02-14 12:33:20,29,35,1778,1822
2023-02-14 12:33:51,29,34,1778,1822
2023-02-14 12:34:48,27,34,1778,1822
2023-02-14 12:34:48,24,34,1778,1822
2023-02-14 12:34:49,28,34,1778,1822
2023-02-14 12:36:21,29,34,1778,1822
2023-02-14 12:37:47,29,35,1778,1822
2023-02-14 12:39:18,26,35,1778,1822
2023-02-14 12:39:18,30,35,1778,1822
2023-02-14 12:41:18,30,37,1778,1822
2023-02-14 12:41:19,30,35,1778,1822
2023-02-14 12:41:19,29,35,1778,1822
2023-02-14 12:42:17,30,35,1778,1822
2023-02-14 12:43:17,28,35,1778,1822
2023-02-14 12:43:18,28,34,1778,1822
2023-02-14 12:43:18,29,34,1778,1822
2023-02-14 12:44:20,29,35,1778,1822
2023-02-14 12:44:47,24,35,1778,1822
2023-02-14 12:44:47,28,35,1778,1822
2023-02-14 12:44:49,30,35,1778,1822
2023-02-14 12:45:08,35,37,2170,2214
2023-02-14 12:45:20,35,37,2536,2580
2023-02-14 12:45:48,35,37,2893,2937
2023-02-14 12:45:50,35,39,2893,2937
2023-02-14 12:45:50,35,37,2893,2937
2023-02-14 12:46:50,35,40,2893,2937
2023-02-14 12:46:50,35,38,2893,2937
2023-02-14 12:47:28,36,38,2893,2937
2023-02-14 12:47:48,36,40,2893,2937
2023-02-14 12:47:49,36,38,2893,2937
2023-02-14 12:48:18,37,38,2893,2937
2023-02-14 12:48:29,38,40,3284,3328
2023-02-14 12:49:05,40,41,3690,3754
2023-02-14 12:49:10,38,40,3758,3822
2023-02-14 12:49:16,38,41,3758,3822
2023-02-14 12:49:19,37,41,3758,3822
2023-02-14 12:49:32,39,41,3758,3822
2023-02-14 12:49:35,39,41,3858,3922
2023-02-14 12:49:38,37,39,3878,3942
2023-02-14 12:49:46,39,41,3878,3942
2023-02-14 12:49:48,39,40,3878,3942
2023-02-14 12:49:50,37,39,3879,3943
2023-02-14 12:50:23,37,41,3879,3943
2023-02-14 12:50:26,39,41,3879,3943
2023-02-14 12:50:51,37,41,3879,3943
2023-02-14 12:53:43,39,41,3879,3943
2023-02-14 12:53:43,39,42,3879,3943
2023-02-14 12:56:27,39,40,3879,3943
2023-02-14 12:56:28,36,40,3879,3943
2023-02-14 12:56:50,36,42,3879,3943
2023-02-14 12:56:51,36,40,3879,3943
2023-02-14 13:00:59,36,38,3879,3943
2023-02-14 13:00:59,35,38,3879,3943
2023-02-14 13:01:12,35,40,3879,3943
2023-02-14 13:01:14,35,38,3879,3943
2023-02-14 13:01:19,34,38,3879,3943
2023-02-14 13:01:42,34,36,3879,3943
2023-02-14 13:01:44,34,36,3859,3963
2023-02-14 13:01:46,34,35,3859,3963
2023-02-14 13:01:49,29,35,3859,3963
2023-02-14 13:01:49,33,35,3859,3963
2023-02-14 13:01:51,33,34,3859,3963
2023-02-14 13:02:00,33,36,3859,3963
2023-02-14 13:02:01,33,34,3859,3963
2023-02-14 13:02:01,33,34,3839,3983
2023-02-14 13:02:03,33,34,3839,4003
2023-02-14 13:02:05,33,36,3839,4003
2023-02-14 13:02:06,33,36,3839,4103
2023-02-14 13:02:10,33,36,3839,4203
2023-02-14 13:02:14,31,33,3839,4228
2023-02-14 13:02:15,31,33,3829,4238
2023-02-14 13:02:18,29,33,3829,4238
2023-02-14 13:02:19,29,36,3829,4238
2023-02-14 13:02:19,29,34,3829,4238
2023-02-14 13:02:24,28,34,3829,4238
2023-02-14 13:02:32,26,34,3829,4513
2023-02-14 13:02:32,26,32,3829,4513
2023-02-14 13:02:49,26,31,3829,4513
2023-02-14 13:02:50,26,29,3829,4513
2023-02-14 13:03:43,26,28,3829,4513
2023-02-14 13:04:22,26,29,3829,4513
2023-02-14 13:04:24,26,28,3829,4513
2023-02-14 13:04:43,24,28,3849,4533
2023-02-14 13:04:47,24,29,3849,4533
2023-02-14 13:04:48,23,29,3849,4533
2023-02-14 13:04:50,23,28,3849,4533
2023-02-14 13:05:24,23,27,3849,4533
2023-02-14 13:05:25,23,26,3849,4533
2023-02-14 13:05:50,21,26,3849,4533
2023-02-14 13:05:50,21,25,3849,4533
2023-02-14 13:05:51,21,26,3849,4533
2023-02-14 13:06:09,21,25,3849,4533
2023-02-14 13:06:11,21,24,3849,4533
2023-02-14 13:06:39,21,25,3849,4533
2023-02-14 13:06:39,21,24,3849,4533
2023-02-14 13:06:48,20,24,3849,4533
2023-02-14 13:07:05,20,23,3849,4533
2023-02-14 13:07:07,20,22,3849,4533
2023-02-14 13:07:22,20,23,3849,4533
2023-02-14 13:07:28,20,24,3849,4553
2023-02-14 13:07:32,22,24,3849,4553
2023-02-14 13:07:34,22,26,4164,4868
2023-02-14 13:07:35,22,25,4164,4868
2023-02-14 13:08:09,20,25,4164,4868
2023-02-14 13:08:23,20,28,4164,4868
2023-02-14 13:08:24,20,26,4164,4868
2023-02-14 13:08:24,21,26,4164,4868
2023-02-14 13:08:31,22,26,4164,4868
2023-02-14 13:09:40,24,26,4164,4868
2023-02-14 13:09:42,22,26,4164,4868
2023-02-14 13:09:43,24,26,4164,4868
2023-02-14 13:09:44,22,26,4164,4868
2023-02-14 13:09:49,22,28,4164,4868
2023-02-14 13:09:49,22,27,4164,4868
2023-02-14 13:09:50,22,28,4164,4868
2023-02-14 13:09:50,22,27,4164,4868
2023-02-14 13:09:51,22,26,4164,4868
2023-02-14 13:09:54,24,26,4164,4868
2023-02-14 13:10:11,22,26,4164,4868
2023-02-14 13:10:22,24,26,4164,4868
2023-02-14 13:10:24,22,26,4164,4868
2023-02-14 13:10:30,24,26,4164,4868
2023-02-14 13:10:42,24,26,4184,4888
2023-02-14 13:10:48,22,26,4184,4888
2023-02-14 13:11:14,24,26,4184,4888
2023-02-14 13:11:55,24,28,4184,4888
2023-02-14 13:12:10,26,28,4184,4888
2023-02-14 13:12:24,24,28,4184,4888
2023-02-14 13:12:56,25,28,4184,4888
2023-02-14 13:13:50,25,29,4184,4888
2023-02-14 13:13:50,25,27,4184,4888
2023-02-14 13:13:58,22,27,4184,4888
2023-02-14 13:14:40,22,26,4184,4888
2023-02-14 13:14:48,22,27,4184,4888
2023-02-14 13:14:48,22,26,4184,4888
2023-02-14 13:15:09,22,26,4179,4893
2023-02-14 13:15:16,22,26,4174,4898
2023-02-14 13:15:22,21,26,4174,4898
2023-02-14 13:15:29,21,25,4174,4898
2023-02-14 13:15:41,21,26,4174,4898
2023-02-14 13:15:41,21,24,4174,4898
2023-02-14 13:15:48,20,24,4174,4898
2023-02-14 13:16:02,20,25,4174,4898
2023-02-14 13:16:13,21,25,4174,4898
2023-02-14 13:16:15,23,25,4174,4898
2023-02-14 13:16:19,23,27,4174,4898
2023-02-14 13:16:20,23,26,4174,4898
2023-02-14 13:16:20,23,24,4174,4898
2023-02-14 13:16:48,23,25,4174,4898
2023-02-14 13:16:48,23,24,4174,4898
2023-02-14 13:17:21,23,24,4174,4918
2023-02-14 13:17:21,23,24,4194,4938
2023-02-14 13:17:31,21,24,4194,4938
2023-02-14 13:17:32,22,24,4194,4938
2023-02-14 13:17:42,20,24,4194,4938
2023-02-14 13:17:48,21,24,4194,4938
2023-02-14 13:17:54,19,24,4194,4938
2023-02-14 13:17:54,22,24,4194,4938
2023-02-14 13:17:59,19,24,4194,4938
2023-02-14 13:18:05,17,19,4194,5319
2023-02-14 13:18:18,18,19,4194,5319
2023-02-14 13:18:27,18,23,4194,5319
2023-02-14 13:18:37,19,23,4194,5319
2023-02-14 13:18:39,18,23,4194,5319
2023-02-14 13:18:41,19,23,4194,5319
2023-02-14 13:18:48,19,21,4194,5319
2023-02-14 13:18:58,19,21,4189,5324
2023-02-14 13:18:58,18,21,4189,5324
2023-02-14 13:18:59,20,21,4189,5324
2023-02-14 13:19:06,20,21,4184,5329
2023-02-14 13:19:12,18,21,4184,5329
2023-02-14 13:19:12,18,21,4184,5339
2023-02-14 13:19:16,18,21,4184,5439
2023-02-14 13:19:18,18,21,4184,5443
2023-02-14 13:19:20,18,21,4184,5543
2023-02-14 13:19:39,18,22,4184,5597
2023-02-14 13:19:39,18,22,4184,5598
2023-02-14 13:19:41,21,22,4184,5598
2023-02-14 13:19:47,18,22,4184,5598
2023-02-14 13:19:53,20,22,4184,5598
2023-02-14 13:19:58,20,22,4184,5698
2023-02-14 13:20:01,18,22,4184,5698
2023-02-14 13:20:04,20,22,4184,5698
2023-02-14 13:20:06,20,22,4184,5798
2023-02-14 13:20:07,18,22,4184,5798
2023-02-14 13:20:20,18,21,4184,5798
2023-02-14 13:20:26,20,21,4184,5798
2023-02-14 13:20:51,18,21,4184,5798
2023-02-14 13:21:08,18,20,4184,5798
2023-02-14 13:21:09,18,21,4184,5798
2023-02-14 13:21:10,18,20,4184,5798
2023-02-14 13:21:33,18,21,4184,5798
2023-02-14 13:21:43,18,22,4184,5798
2023-02-14 13:21:46,18,21,4184,5798
2023-02-14 13:21:48,18,22,4184,5798
2023-02-14 13:22:46,19,22,4184,5798
2023-02-14 13:22:46,19,24,4566,6185
2023-02-14 13:23:18,18,24,4566,6185
2023-02-14 13:23:18,18,23,4566,6185
2023-02-14 13:23:33,20,23,4566,6185
2023-02-14 13:23:48,20,25,4566,6185
2023-02-14 13:24:09,23,25,4566,6185
2023-02-14 13:24:19,23,26,4566,6185
2023-02-14 13:24:46,23,28,4566,6185
2023-02-14 13:25:03,23,27,4566,6185
2023-02-14 13:25:04,23,28,4566,6185
2023-02-14 13:25:23,22,28,4566,6185
2023-02-14 13:25:24,22,29,4566,6185
2023-02-14 13:25:24,22,27,4566,6185
2023-02-14 13:26:03,24,27,4566,6185
2023-02-14 13:26:06,22,27,4566,6185
2023-02-14 13:26:25,24,27,4566,6185
2023-02-14 13:26:26,22,27,4566,6185
2023-02-14 13:26:27,24,27,4566,6185
2023-02-14 13:26:28,22,27,4566,6185
2023-02-14 13:26:31,24,27,4566,6185
2023-02-14 13:26:47,24,29,4566,6185
2023-02-14 13:26:48,24,28,4566,6185
2023-02-14 13:27:12,26,28,4566,6185
2023-02-14 13:27:28,24,28,4566,6185
2023-02-14 13:27:36,26,28,4566,6185
2023-02-14 13:27:46,26,32,4566,6185
2023-02-14 13:27:47,28,32,4566,6185
2023-02-14 13:27:47,28,29,4566,6185
2023-02-14 13:28:19,28,30,4566,6185
2023-02-14 13:28:43,24,30,4601,6220
2023-02-14 13:28:45,24,28,4601,6220
2023-02-14 13:28:47,22,28,4601,6220
2023-02-14 13:28:48,23,28,4601,6220
2023-02-14 13:29:16,22,28,4601,6220
2023-02-14 13:29:17,22,27,4601,6220
2023-02-14 13:30:26,22,26,4601,6220
2023-02-14 13:30:27,22,27,4601,6220
2023-02-14 13:30:49,22,26,4601,6220
2023-02-14 13:30:49,20,26,4601,6220
2023-02-14 13:30:51,21,26,4601,6220
2023-02-14 13:31:02,22,26,4601,6220
2023-02-14 13:32:39,21,26,4601,6220
2023-02-14 13:33:08,22,26,4601,6220
2023-02-14 13:33:47,22,28,4601,6220
2023-02-14 13:33:48,22,27,4601,6220
2023-02-14 13:33:51,22,26,4601,6220
2023-02-14 13:34:18,22,25,4601,6220
2023-02-14 13:34:18,20,25,4601,6220
2023-02-14 13:35:04,20,24,4601,6220
2023-02-14 13:35:10,20,25,4601,6220
2023-02-14 13:35:11,20,24,4601,6220
2023-02-14 13:35:48,18,24,4601,6220
2023-02-14 13:35:49,19,24,4601,6220
2023-02-14 13:36:17,18,24,4601,6220
2023-02-14 13:36:17,18,23,4601,6220
2023-02-14 13:36:46,18,24,4601,6220
2023-02-14 13:36:47,20,24,4601,6220
2023-02-14 13:37:22,19,24,4601,6220
2023-02-14 13:37:25,20,24,4601,6220
2023-02-14 13:37:35,22,24,4601,6220
2023-02-14 13:37:36,20,24,4601,6220
2023-02-14 13:37:38,22,24,4601,6220
2023-02-14 13:37:41,20,24,4601,6220
2023-02-14 13:37:43,22,24,4601,6220
2023-02-14 13:37:47,22,26,4601,6220
2023-02-14 13:37:47,22,28,4601,6220
2023-02-14 13:37:47,22,27,4601,6220
2023-02-14 13:37:48,22,25,4601,6220
2023-02-14 13:38:03,20,25,4601,6220
2023-02-14 13:38:16,20,27,4601,6220
2023-02-14 13:38:17,20,26,4601,6220
2023-02-14 13:38:17,21,26,4601,6220
2023-02-14 13:38:46,21,25,4601,6220
2023-02-14 13:38:46,20,25,4601,6220
2023-02-14 13:39:47,18,25,4601,6220
2023-02-14 13:39:47,19,25,4601,6220
2023-02-14 13:39:48,19,23,4601,6220
2023-02-14 13:40:26,19,25,4601,6220
2023-02-14 13:40:27,19,24,4601,6220
2023-02-14 13:40:35,19,23,4601,6220
2023-02-14 13:41:04,20,23,4601,6220
2023-02-14 13:41:10,20,23,4680,6320
2023-02-14 13:41:11,22,23,4680,6320
2023-02-14 13:41:13,20,23,4680,6320
2023-02-14 13:41:14,20,23,4780,6420
2023-02-14 13:41:19,23,25,4820,6460
2023-02-14 13:41:20,23,27,4820,6460
2023-02-14 13:41:21,23,24,4820,6460
2023-02-14 13:41:22,20,22,4900,6540
2023-02-14 13:41:26,20,22,5000,6640
2023-02-14 13:41:30,20,22,5100,6740
2023-02-14 13:41:34,22,24,5143,6783
2023-02-14 13:41:38,22,24,5243,6883
2023-02-14 13:41:43,20,24,5343,6983
2023-02-14 13:41:50,22,24,5343,6983
2023-02-14 13:41:51,22,24,5443,7083
2023-02-14 13:41:54,22,27,5443,7083
2023-02-14 13:41:55,24,27,5443,7083
2023-02-14 13:42:02,22,27,5443,7083
2023-02-14 13:42:10,22,26,5443,7083
2023-02-14 13:42:17,24,26,5443,7083
2023-02-14 13:42:20,24,28,5443,7083
2023-02-14 13:42:31,24,29,5443,7083
2023-02-14 13:42:31,24,27,5443,7083
2023-02-14 13:42:46,24,26,5443,7083
2023-02-14 13:42:46,25,26,5443,7083
2023-02-14 13:43:18,23,26,5443,7083
2023-02-14 13:43:32,23,28,5443,7083
2023-02-14 13:43:54,23,27,5443,7083
2023-02-14 13:44:18,23,28,5443,7083
2023-02-14 13:44:18,21,28,5443,7083
2023-02-14 13:44:18,23,28,5443,7083
2023-02-14 13:44:18,23,29,5443,7083
2023-02-14 13:44:19,24,29,5443,7083
2023-02-14 13:44:26,27,29,5443,7083
2023-02-14 13:44:48,27,33,5443,7083
2023-02-14 13:44:50,27,34,5443,7083
2023-02-14 13:44:54,29,34,5443,7083
2023-02-14 13:45:08,27,34,5443,7083
2023-02-14 13:45:20,29,34,5443,7083
2023-02-14 13:45:22,31,34,5443,7083
2023-02-14 13:45:30,31,32,5443,7083
2023-02-14 13:45:48,29,32,5443,7083
2023-02-14 13:46:16,25,32,5443,7083
2023-02-14 13:46:17,28,32,5443,7083
2023-02-14 13:46:26,28,31,5443,7083
2023-02-14 13:46:28,28,32,5443,7083
2023-02-14 13:46:28,28,30,5443,7083
2023-02-14 13:46:31,28,32,5443,7083
2023-02-14 13:46:31,28,29,5443,7083
2023-02-14 13:46:35,26,29,5443,7453
2023-02-14 13:46:39,26,28,5443,7453
2023-02-14 13:46:51,26,29,5443,7453
2023-02-14 13:47:00,26,28,5443,7453
2023-02-14 13:47:01,26,29,5443,7453
2023-02-14 13:47:14,26,28,5443,7453
2023-02-14 13:47:19,21,28,5443,7453
2023-02-14 13:47:19,23,28,5443,7453
2023-02-14 13:47:19,25,28,5443,7453
2023-02-14 13:47:21,25,29,5443,7453
2023-02-14 13:47:22,25,27,5443,7453
2023-02-14 13:47:22,25,26,5443,7453
2023-02-14 13:47:28,25,27,5443,7453
2023-02-14 13:47:48,23,27,5443,7453
2023-02-14 13:48:13,23,26,5443,7453
2023-02-14 13:48:29,23,28,5443,7453
2023-02-14 13:48:33,23,27,5443,7453
2023-02-14 13:48:37,23,28,5443,7453
2023-02-14 13:48:48,22,26,5443,7453
2023-02-14 13:50:10,22,25,5443,7453
2023-02-14 13:50:17,22,24,5443,7453
2023-02-14 13:50:20,22,26,5443,7453
2023-02-14 13:50:26,22,25,5443,7453
2023-02-14 13:50:31,22,26,5443,7453
2023-02-14 13:50:32,22,24,5443,7453
2023-02-14 13:50:49,21,24,5443,7453
2023-02-14 13:51:07,21,26,5443,7453
2023-02-14 13:51:46,23,26,5443,7453
2023-02-14 13:52:17,21,26,5443,7453
2023-02-14 13:52:17,22,26,5443,7453
2023-02-14 13:52:34,22,25,5443,7453
2023-02-14 13:53:11,22,24,5443,7453
2023-02-14 13:53:17,20,24,5443,7453
2023-02-14 13:53:18,19,24,5443,7453
2023-02-14 13:53:18,21,24,5443,7453
2023-02-14 13:53:47,21,23,5443,7453
2023-02-14 13:53:50,21,22,5443,7453
2023-02-14 13:53:52,21,23,5443,7453
2023-02-14 13:54:18,19,23,5443,7453
2023-02-14 13:54:27,19,24,5443,7453
2023-02-14 13:54:46,21,24,5443,7453
2023-02-14 13:55:04,21,23,5443,7453
2023-02-14 13:55:10,21,22,5443,7453
2023-02-14 13:55:13,21,23,5443,7453
2023-02-14 13:55:13,21,23,5423,7473
2023-02-14 13:55:20,20,23,5423,7473
2023-02-14 13:55:48,18,23,5423,7473
2023-02-14 13:55:49,19,23,5423,7473
2023-02-14 13:56:17,18,23,5423,7473
2023-02-14 13:56:47,19,23,5423,7473
2023-02-14 13:57:13,19,24,5423,7473
2023-02-14 13:57:46,19,23,5423,7473
2023-02-14 13:58:17,19,26,5423,7473
2023-02-14 13:58:18,19,24,5423,7473
2023-02-14 13:58:25,21,24,5423,7473
2023-02-14 13:58:31,23,24,5423,7473
2023-02-14 13:58:32,21,24,5423,7473
2023-02-14 13:58:46,22,24,5423,7473
2023-02-14 13:58:47,22,26,5423,7473
2023-02-14 13:58:59,23,26,5423,7473
2023-02-14 13:59:09,22,26,5423,7473
2023-02-14 13:59:10,23,26,5423,7473
2023-02-14 13:59:12,22,26,5423,7473
2023-02-14 13:59:17,22,28,5423,7473
2023-02-14 13:59:17,22,29,5423,7473
2023-02-14 13:59:17,22,28,5423,7473
2023-02-14 13:59:17,22,27,5423,7473
2023-02-14 14:00:02,23,27,5423,7473
2023-02-14 14:00:15,25,27,5423,7473
2023-02-14 14:00:18,23,27,5423,7473
2023-02-14 14:00:31,23,29,5423,7473
2023-02-14 14:00:31,23,26,5423,7473
2023-02-14 14:00:39,25,26,5423,7473
2023-02-14 14:00:53,25,28,5423,7473
2023-02-14 14:01:12,23,28,5423,7473
2023-02-14 14:01:18,24,28,5423,7473
2023-02-14 14:01:18,24,29,5423,7473
2023-02-14 14:01:24,24,28,5423,7473
2023-02-14 14:01:44,24,29,5423,7473
2023-02-14 14:01:46,23,29,5423,7473
2023-02-14 14:01:47,23,26,5423,7473
2023-02-14 14:02:06,21,26,5423,7473
2023-02-14 14:02:18,22,26,5423,7473
2023-02-14 14:02:49,20,26,5423,7473
2023-02-14 14:02:49,20,25,5423,7473
2023-02-14 14:03:14,20,24,5423,7473
2023-02-14 14:03:17,18,24,5423,7473
2023-02-14 14:03:18,18,22,5423,7473
2023-02-14 14:03:18,19,22,5423,7473
2023-02-14 14:03:49,19,20,5423,7473
2023-02-14 14:03:52,18,20,5423,7473
2023-02-14 14:04:48,18,22,5423,7642
2023-02-14 14:04:48,18,21,5423,7642
2023-02-14 14:05:04,19,21,5423,7642
2023-02-14 14:05:06,20,21,5423,7642
2023-02-14 14:05:06,20,21,5443,7662
2023-02-14 14:05:08,20,21,5543,7762
2023-02-14 14:05:09,20,21,5583,7802
2023-02-14 14:05:09,18,21,5583,7802
2023-02-14 14:05:12,21,23,5584,7803
2023-02-14 14:05:16,18,23,5584,7803
2023-02-14 14:05:18,18,25,5584,8040
2023-02-14 14:05:19,23,25,5584,8040
2023-02-14 14:05:21,23,32,5584,8040
2023-02-14 14:05:21,23,24,5584,8040
2023-02-14 14:05:22,23,24,5869,8325
2023-02-14 14:05:26,18,24,5869,8325
2023-02-14 14:05:28,18,24,5969,8425
2023-02-14 14:05:32,24,26,6163,8619
2023-02-14 14:05:32,24,25,6163,8619
2023-02-14 14:05:36,25,26,6183,8639
2023-02-14 14:05:36,25,26,6203,8659
2023-02-14 14:05:41,18,26,6203,8659
2023-02-14 14:05:41,18,25,6203,8659
2023-02-14 14:05:43,18,26,6203,8659
2023-02-14 14:05:44,18,26,6403,8859
2023-02-14 14:05:51,18,35,6403,8859
2023-02-14 14:05:51,34,35,6403,8859
2023-02-14 14:05:53,30,32,6367,8895
2023-02-14 14:06:18,28,32,6367,8895
2023-02-14 14:06:29,30,32,6367,8895
2023-02-14 14:06:29,30,34,6367,8895
2023-02-14 14:06:42,30,32,6367,8895
2023-02-14 14:06:44,28,34,6367,8895
2023-02-14 14:06:51,30,34,6367,8895
2023-02-14 14:06:57,30,32,6367,8895
2023-02-14 14:06:57,28,32,6367,8895
2023-02-14 14:07:01,28,34,6367,8895
2023-02-14 14:07:02,28,32,6367,8895
2023-02-14 14:07:05,28,34,6367,8895
2023-02-14 14:07:07,30,34,6367,8895
2023-02-14 14:07:12,30,39,6367,8895
2023-02-14 14:07:12,28,39,6367,8895
2023-02-14 14:07:12,32,39,6367,8895
2023-02-14 14:07:13,32,36,6367,8895
2023-02-14 14:07:51,32,39,6367,8895
2023-02-14 14:07:51,32,41,6367,8895
2023-02-14 14:07:51,36,41,6367,8895
2023-02-14 14:07:52,36,40,6367,8895
2023-02-14 14:07:56,36,43,6367,8895
2023-02-14 14:07:56,28,43,6367,8895
2023-02-14 14:07:56,28,42,6367,8895
2023-02-14 14:07:57,38,42,6367,8895
2023-02-14 14:08:02,28,42,6367,8895
2023-02-14 14:08:02,28,40,6367,8895
2023-02-14 14:08:18,36,38,6367,8895
2023-02-14 14:08:19,34,38,6367,8895
2023-02-14 14:08:36,34,36,6367,8895
2023-02-14 14:08:36,32,36,6367,8895
2023-02-14 14:08:37,32,38,6367,8895
2023-02-14 14:08:45,32,36,6367,8895
2023-02-14 14:09:13,32,33,6367,8895
2023-02-14 14:09:14,29,33,6367,8895
2023-02-14 14:09:17,29,36,6367,8895
2023-02-14 14:09:17,31,36,6367,8895
2023-02-14 14:09:39,31,34,6367,8895
2023-02-14 14:09:49,34,36,6363,8899
2023-02-14 14:09:49,36,37,6359,8903
2023-02-14 14:09:52,36,38,6359,8903
2023-02-14 14:10:00,36,37,6359,8903
2023-02-14 14:10:02,36,37,6343,8919
2023-02-14 14:10:02,36,38,6343,8919
2023-02-14 14:10:04,36,37,6343,8919
2023-02-14 14:10:06,34,36,6300,8962
2023-02-14 14:10:15,34,37,6300,8962
2023-02-14 14:10:15,34,38,6300,8962
2023-02-14 14:10:16,34,37,6300,8962
2023-02-14 14:10:17,34,38,6300,8962
2023-02-14 14:10:18,34,37,6300,8962
2023-02-14 14:10:21,34,36,6300,8962
2023-02-14 14:10:23,35,36,6300,8962
2023-02-14 14:10:24,35,37,6300,8962
2023-02-14 14:10:26,35,36,6300,8962
2023-02-14 14:10:27,35,36,6200,9062
2023-02-14 14:10:30,33,35,6188,9074
2023-02-14 14:10:36,33,34,6188,9074
2023-02-14 14:10:37,33,35,6188,9074
2023-02-14 14:10:39,31,33,6103,9159
2023-02-14 14:10:46,31,35,6103,9159
2023-02-14 14:10:46,31,36,6103,9159
2023-02-14 14:10:51,31,35,6103,9159
2023-02-14 14:10:52,30,35,6103,9159
2023-02-14 14:10:52,32,35,6103,9159
2023-02-14 14:10:53,32,36,6103,9159
2023-02-14 14:11:02,32,37,6103,9159
2023-02-14 14:11:37,32,36,6103,9159
2023-02-14 14:11:55,32,35,6103,9159
2023-02-14 14:12:00,32,36,6103,9159
2023-02-14 14:12:11,32,35,6103,9159
2023-02-14 14:12:21,32,34,6103,9159
2023-02-14 14:12:23,30,34,6103,9410
2023-02-14 14:12:33,30,35,6103,9410
2023-02-14 14:12:45,30,34,6103,9410
2023-02-14 14:12:50,29,34,6103,9410
2023-02-14 14:12:50,30,34,6103,9410
2023-02-14 14:13:13,30,33,6103,9410
2023-02-14 14:13:17,30,34,6103,9410
2023-02-14 14:13:23,30,35,6103,9410
2023-02-14 14:13:55,30,36,6103,9410
2023-02-14 14:14:02,30,35,6103,9410
2023-02-14 14:14:03,30,34,6103,9410
2023-02-14 14:14:07,30,35,6103,9410
2023-02-14 14:14:15,30,34,6103,9410
2023-02-14 14:14:17,30,33,6103,9410
2023-02-14 14:14:17,30,33,6003,9510
2023-02-14 14:14:31,30,34,6003,9510
2023-02-14 14:14:35,30,33,6003,9510
2023-02-14 14:14:42,30,34,6003,9510
2023-02-14 14:14:47,28,34,6003,9510
2023-02-14 14:14:47,29,34,6003,9510
2023-02-14 14:15:03,29,33,6003,9510
2023-02-14 14:15:04,29,32,6003,9510
2023-02-14 14:15:24,29,33,6003,9510
2023-02-14 14:15:29,29,32,6003,9510
2023-02-14 14:15:35,29,31,6003,9510
2023-02-14 14:15:40,29,30,6003,9510
2023-02-14 14:15:44,27,30,6003,9760
2023-02-14 14:15:48,28,30,6003,9760
2023-02-14 14:16:05,28,29,6003,9760
2023-02-14 14:16:09,28,29,6003,9768
2023-02-14 14:16:20,26,29,6003,9768
2023-02-14 14:16:29,26,30,6003,9768
2023-02-14 14:16:29,26,31,6003,9768
2023-02-14 14:16:32,26,29,6003,9768
2023-02-14 14:16:47,25,29,6003,9768
2023-02-14 14:17:16,25,30,6003,9768
2023-02-14 14:17:16,26,30,6003,9768
2023-02-14 14:17:18,26,31,6003,9768
2023-02-14 14:17:18,26,29,6003,9768
2023-02-14 14:17:37,25,29,6003,9768
2023-02-14 14:17:47,26,29,6003,9768
2023-02-14 14:18:17,25,29,6003,9768
2023-02-14 14:18:27,25,27,6003,9768
2023-02-14 14:18:28,24,27,6003,9768
2023-02-14 14:18:30,24,25,6003,9768
2023-02-14 14:18:33,22,25,6003,9954
2023-02-14 14:18:49,22,23,6003,9954
2023-02-14 14:19:20,20,23,6003,9954
2023-02-14 14:19:46,20,25,6003,9954
2023-02-14 14:19:48,20,24,6003,9954
2023-02-14 14:19:55,21,24,6003,9954
2023-02-14 14:19:57,20,24,6003,9954
2023-02-14 14:20:21,21,24,6003,9954
2023-02-14 14:20:24,21,25,6003,9954
2023-02-14 14:20:24,22,25,6003,9954
2023-02-14 14:20:28,21,25,6003,9954
2023-02-14 14:20:37,21,23,6003,9954
2023-02-14 14:21:19,21,23,6003,9966
2023-02-14 14:21:22,19,23,6003,9966
2023-02-14 14:21:49,18,23,6003,9966
2023-02-14 14:21:50,18,22,6003,9966
2023-02-14 14:22:08,19,22,6003,9966
2023-02-14 14:22:31,18,22,6003,9966
2023-02-14 14:22:32,20,22,6003,9966
2023-02-14 14:22:33,21,22,6003,9966
2023-02-14 14:22:49,21,24,6003,9966
2023-02-14 14:23:03,22,24,6003,9966
2023-02-14 14:23:19,22,25,6003,9966
2023-02-14 14:23:36,20,25,6003,9997
2023-02-14 14:23:48,19,25,6003,9997
2023-02-14 14:23:48,21,25,6003,9997
2023-02-14 14:24:00,21,23,6003,9997
2023-02-14 14:24:05,21,25,6003,9997
2023-02-14 14:24:07,21,23,6003,9997
2023-02-14 14:24:21,20,23,6003,9997
2023-02-14 14:24:48,19,23,6003,9997
2023-02-14 14:25:22,18,23,6003,9997
2023-02-14 14:25:49,19,23,6003,9997
2023-02-14 14:26:19,19,24,6003,9997
2023-02-14 14:26:20,19,23,6003,9997
2023-02-14 14:26:25,19,24,6003,9997
2023-02-14 14:26:35,20,24,6003,9997
2023-02-14 14:26:39,19,24,6003,9997
2023-02-14 14:26:39,20,24,6003,9997
2023-02-14 14:26:40,20,25,6003,10217
2023-02-14 14:26:40,21,25,6003,10217
2023-02-14 14:26:40,21,26,6003,10217
2023-02-14 14:26:58,20,26,6003,10217
2023-02-14 14:27:15,20,24,6003,10217
2023-02-14 14:27:19,22,24,6003,10217
2023-02-14 14:27:49,19,24,6003,10217
2023-02-14 14:28:17,18,24,6003,10217
2023-02-14 14:28:17,20,24,6003,10217
2023-02-14 14:28:48,18,24,6003,10217
2023-02-14 14:28:48,19,24,6003,10217
2023-02-14 14:28:54,19,22,6003,10217
2023-02-14 14:28:59,19,24,6003,10217
2023-02-14 14:29:10,19,22,6003,10217
2023-02-14 14:29:40,19,24,6003,10217
2023-02-14 14:29:41,19,22,6003,10217
2023-02-14 14:29:42,19,24,6003,10217
2023-02-14 14:29:47,19,23,6003,10217
2023-02-14 14:29:47,18,23,6003,10217
2023-02-14 14:29:56,18,22,6003,10217
2023-02-14 14:29:57,18,23,6003,10217
2023-02-14 14:29:59,18,22,6003,10217
2023-02-14 14:30:00,18,23,6003,10217
2023-02-14 14:30:02,18,22,6003,10217
2023-02-14 14:30:13,18,23,6003,10217
2023-02-14 14:30:18,18,22,6003,10217
2023-02-14 14:30:26,19,22,6003,10217
2023-02-14 14:30:45,19,24,6003,10217
2023-02-14 14:30:46,19,22,6003,10217
2023-02-14 14:30:49,19,23,6003,10217
2023-02-14 14:30:49,18,23,6003,10217
2023-02-14 14:30:49,18,22,6003,10217
2023-02-14 14:30:55,18,20,6003,10217
2023-02-14 14:30:57,18,22,6003,10217
2023-02-14 14:30:59,18,20,6003,10217
2023-02-14 14:31:01,18,22,6003,10217
2023-02-14 14:31:04,18,20,6003,10217
2023-02-14 14:31:23,18,20,6023,10237
2023-02-14 14:31:38,18,22,6023,10237
2023-02-14 14:31:40,18,22,6063,10277
2023-02-14 14:31:47,18,20,6063,10277
2023-02-14 14:31:48,18,20,6251,10465
2023-02-14 14:31:48,16,18,6253,10467
2023-02-14 14:31:53,16,20,6253,10467
2023-02-14 14:32:20,16,18,6253,10467
2023-02-14 14:32:47,16,20,6253,10467
2023-02-14 14:32:47,16,19,6253,10467
2023-02-14 14:32:47,16,17,6253,10467
2023-02-14 14:33:18,16,18,6253,10467
2023-02-14 14:34:17,16,21,6253,10467
2023-02-14 14:34:19,16,19,6253,10467
2023-02-14 14:34:49,16,17,6253,10467
2023-02-14 14:35:00,16,17,6253,10567
2023-02-14 14:35:01,14,16,6403,10717
2023-02-14 14:35:05,14,16,6403,10817
2023-02-14 14:35:10,13,16,6503,10917
2023-02-14 14:35:44,13,17,6503,10917
2023-02-14 14:35:51,13,15,6503,10917
2023-02-14 14:35:52,13,14,6503,10917
2023-02-14 14:35:52,11,14,6503,10917
2023-02-14 14:36:49,11,16,6503,10917
2023-02-14 14:36:49,11,14,6503,10917
2023-02-14 14:37:19,11,12,6503,10917
2023-02-14 14:37:38,9,12,6503,10917
2023-02-14 14:38:19,9,11,6503,10917
2023-02-14 14:38:32,10,11,6503,10917
2023-02-14 14:38:48,10,12,6503,10917
2023-02-14 14:39:04,11,12,6503,10917
2023-02-14 14:39:09,10,12,6503,10917
2023-02-14 14:39:19,10,13,6503,10917
2023-02-14 14:39:21,11,13,6503,10917
2023-02-14 14:39:22,10,13,6503,10917
2023-02-14 14:39:46,10,14,6503,10917
2023-02-14 14:40:50,10,13,6503,10917
2023-02-14 14:41:09,9,13,6503,10917
2023-02-14 14:41:19,9,12,6503,10917
2023-02-14 14:41:48,9,11,6503,10917
2023-02-14 14:42:20,9,12,6503,10917
2023-02-14 14:42:48,9,11,6503,10917
2023-02-14 14:44:02,10,11,6503,10917
2023-02-14 14:44:27,10,13,6503,10917
2023-02-14 14:44:28,10,12,6503,10917
2023-02-14 14:44:50,10,11,6503,10917
2023-02-14 14:45:21,10,12,6503,10917
2023-02-14 14:45:23,9,12,6503,10917
2023-02-14 14:45:47,9,11,6503,10917
2023-02-14 14:46:16,9,11,6699,11117
2023-02-14 14:46:20,9,12,6699,11117
2023-02-14 14:46:42,10,12,6699,11117
2023-02-14 14:47:19,10,13,6699,11117
2023-02-14 14:47:32,9,13,6699,11117
2023-02-14 14:47:51,9,12,6699,11117
2023-02-14 14:47:57,9,11,6699,11117
2023-02-14 14:48:20,9,10,6699,11117
2023-02-14 14:49:02,9,10,6699,11133
2023-02-14 14:49:19,9,11,6699,11133
2023-02-14 14:49:52,9,10,6699,11133
2023-02-14 14:50:51,7,9,6772,11206
2023-02-14 14:51:21,7,8,6772,11206
2023-02-14 14:51:24,6,8,6772,11206
2023-02-14 14:51:48,7,8,6772,11206
2023-02-14 14:52:16,7,8,6772,11226
2023-02-14 14:52:25,7,9,6772,11226
2023-02-14 14:52:30,6,9,6772,11226
2023-02-14 14:52:50,6,11,6772,11226
2023-02-14 14:52:50,7,11,6772,11226
2023-02-14 14:53:19,8,11,6772,11226
2023-02-14 14:53:51,9,11,6772,11226
2023-02-14 14:53:51,9,13,6772,11226
2023-02-14 14:54:50,8,13,6772,11226
2023-02-14 14:54:50,8,12,6772,11226
2023-02-14 14:55:24,7,12,6772,11226
2023-02-14 14:55:25,7,11,6772,11226
2023-02-14 14:55:50,8,11,6772,11226
2023-02-14 14:56:21,7,11,6772,11226
2023-02-14 14:56:51,7,12,6772,11226
2023-02-14 14:56:54,8,12,6772,11226
2023-02-14 14:57:11,8,11,6772,11226
2023-02-14 14:57:19,8,10,6772,11226
2023-02-14 14:57:20,7,10,6772,11226
2023-02-14 14:57:48,6,10,6772,11226
2023-02-14 14:58:52,7,10,6772,11226
2023-02-14 14:59:18,7,11,6772,11226
2023-02-14 14:59:48,7,10,6772,11226
2023-02-14 14:59:48,6,10,6772,11226
2023-02-14 15:00:26,6,11,6772,11226
2023-02-14 15:00:26,7,11,6772,11226
2023-02-14 15:01:51,6,11,6772,11226
2023-02-14 15:01:52,6,10,6772,11226
2023-02-14 15:01:52,6,9,6772,11226
2023-02-14 15:02:50,6,8,6772,11226
2023-02-14 15:03:18,6,9,6772,11226
2023-02-14 15:03:49,6,10,6772,11226
2023-02-14 15:04:19,6,11,6772,11226
2023-02-14 15:04:19,7,11,6772,11226
2023-02-14 15:04:47,7,11,6782,11236
2023-02-14 15:05:20,7,10,6782,11236
2023-02-14 15:05:21,6,10,6782,11236
2023-02-14 15:05:55,6,11,6782,11236
2023-02-14 15:05:56,6,12,6782,11236
2023-02-14 15:05:56,6,11,6782,11236
2023-02-14 15:05:57,7,11,6782,11236
2023-02-14 15:06:19,7,10,6782,11236
2023-02-14 15:06:49,6,10,6782,11236
2023-02-14 15:07:18,6,9,6782,11236
2023-02-14 15:07:47,6,10,6782,11236
2023-02-14 15:08:48,6,9,6782,11236
2023-02-14 15:09:23,6,10,6782,11236
2023-02-14 15:09:49,6,11,6782,11236
2023-02-14 15:09:49,7,11,6782,11236
2023-02-14 15:10:12,8,11,6782,11236
2023-02-14 15:10:13,7,11,6782,11236
2023-02-14 15:10:13,9,11,6782,11236
2023-02-14 15:10:18,9,11,6782,11256
2023-02-14 15:10:20,11,12,6782,11439
2023-02-14 15:10:22,9,10,6782,11459
2023-02-14 15:10:25,9,10,6782,11573
2023-02-14 15:10:33,9,15,6782,11689
2023-02-14 15:10:55,11,15,6782,11689
2023-02-14 15:10:55,13,15,6782,11689
2023-02-14 15:11:06,13,15,6782,11709
2023-02-14 15:11:39,13,14,6782,11709
2023-02-14 15:11:49,10,14,6782,11709
2023-02-14 15:11:55,10,13,6782,11709
2023-02-14 15:12:20,10,12,6782,11709
2023-02-14 15:12:20,8,12,6782,11709
2023-02-14 15:12:48,8,11,6782,11709
2023-02-14 15:12:49,7,11,6782,11709
2023-02-14 15:13:14,7,10,6782,11709
2023-02-14 15:13:18,6,10,6782,11709
2023-02-14 15:13:48,6,9,6782,11709
2023-02-14 15:14:20,6,8,6782,11709
2023-02-14 15:15:50,6,10,6782,11709
2023-02-14 15:17:19,6,11,6782,11709
2023-02-14 15:17:20,6,10,6782,11709
2023-02-14 15:17:20,6,9,6782,11709
2023-02-14 15:17:48,6,10,6782,11709
2023-02-14 15:18:44,6,9,6782,11709
2023-02-14 15:18:51,6,8,6782,11709
2023-02-14 15:19:00,6,8,6882,11809
2023-02-14 15:19:10,6,8,6987,11914
2023-02-14 15:19:21,4,6,7113,12040
2023-02-14 15:19:21,3,6,7113,12040
2023-02-14 15:21:18,3,7,7113,12040
2023-02-14 15:21:18,3,8,7113,12040
2023-02-14 15:22:17,3,6,7113,12040
2023-02-14 15:22:52,3,5,7113,12040
2023-02-14 15:23:49,3,7,7113,12040
2023-02-14 15:23:54,1,7,7113,12040
2023-02-14 15:26:15,1,6,7113,12040
2023-02-14 15:26:16,1,7,7113,12040
2023-02-14 15:27:12,1,3,7113,12040
2023-02-14 15:32:59,1,2,7113,12040
2023-02-14 15:33:01,1,3,7113,12040
2023-02-14 15:33:03,1,3,7153,12080
2023-02-14 15:34:07,0,3,7813,12740
2023-02-14 15:34:49,1,3,7813,12740
2023-02-14 15:35:17,1,2,7813,12740
2023-02-14 15:35:24,1,3,7813,12740
2023-02-14 15:37:42,1,2,7813,12740
2023-02-14 15:37:44,1,2,7813,12760
2023-02-14 15:37:44,1,2,7813,12780
2023-02-14 15:37:45,1,3,7813,12780
2023-02-14 15:37:46,1,3,7813,12800
2023-02-14 15:38:33,0,3,7813,13627
2023-02-14 15:39:00,0,1,7813,13627
2023-02-14 15:39:22,0,3,7813,13627
2023-02-14 15:41:14,1,3,7813,13627
2023-02-14 15:41:56,1,3,7853,13667
2023-02-14 15:42:34,0,3,8713,14527
2023-02-14 15:44:43,0,2,8713,14527
2023-02-14 15:44:44,0,3,8713,14527
2023-02-14 15:46:29,0,1,8713,14527
