datetime,bid,ask,open_interest,volume
2023-02-14 09:31:23,11,19,1113,2013
2023-02-14 09:31:24,11,16,1113,2013
2023-02-14 09:31:25,11,15,1113,2013
2023-02-14 09:31:30,11,15,1128,2028
2023-02-14 09:31:30,11,15,1133,2033
2023-02-14 09:31:33,11,16,1133,2033
2023-02-14 09:31:33,11,16,1148,2048
2023-02-14 09:32:31,12,16,1148,2048
2023-02-14 09:32:32,12,18,1148,2048
2023-02-14 09:32:46,11,18,1148,2048
2023-02-14 09:32:50,12,18,1148,2048
2023-02-14 09:32:51,11,18,1148,2048
2023-02-14 09:32:57,12,18,1148,2048
2023-02-14 09:32:59,11,18,1148,2048
2023-02-14 09:33:15,12,18,1148,2048
2023-02-14 09:33:15,11,18,1148,2048
2023-02-14 09:33:41,12,18,1148,2048
2023-02-14 09:33:54,11,18,1148,2048
2023-02-14 09:34:06,12,18,1148,2048
2023-02-14 09:34:40,12,20,1148,2048
2023-02-14 09:34:40,14,20,1148,2048
2023-02-14 09:34:42,12,20,1148,2048
2023-02-14 09:34:56,14,20,1148,2048
2023-02-14 09:35:01,13,20,1148,2048
2023-02-14 09:35:05,12,20,1148,2048
2023-02-14 09:35:07,14,20,1148,2048
2023-02-14 09:35:35,15,20,1148,2048
2023-02-14 09:35:44,14,20,1148,2048
2023-02-14 09:35:56,15,20,1148,2048
2023-02-14 09:36:30,12,20,1148,2048
2023-02-14 09:36:36,14,20,1148,2048
2023-02-14 09:37:06,16,20,1148,2048
2023-02-14 09:37:06,16,23,1148,2048
2023-02-14 09:37:06,16,25,1148,2048
2023-02-14 09:37:07,16,22,1148,2048
2023-02-14 09:37:14,14,22,1148,2048
2023-02-14 09:37:16,16,22,1148,2048
2023-02-14 09:37:18,14,22,1148,2048
2023-02-14 09:37:40,14,20,1148,2048
2023-02-14 09:37:41,14,22,1148,2048
2023-02-14 09:38:13,14,20,1148,2048
2023-02-14 09:38:24,14,22,1148,2048
2023-02-14 09:38:30,14,20,1148,2048
2023-02-14 09:38:32,14,22,1148,2048
2023-02-14 09:38:48,16,22,1148,2048
2023-02-14 09:38:50,14,22,1148,2048
2023-02-14 09:39:12,16,22,1148,2048
2023-02-14 09:39:16,14,22,1148,2048
2023-02-14 09:39:42,16,22,1148,2048
2023-02-14 09:39:46,14,22,1148,2048
2023-02-14 09:39:47,16,22,1148,2048
2023-02-14 09:40:27,14,22,1148,2048
2023-02-14 09:40:28,16,22,1148,2048
2023-02-14 09:40:54,16,18,1148,2048
2023-02-14 09:41:44,16,20,1148,2229
2023-02-14 09:41:45,18,20,1148,2229
2023-02-14 09:41:47,18,22,1148,2229
2023-02-14 09:41:48,18,25,1148,2229
2023-02-14 09:41:49,18,19,1148,2229
2023-02-14 09:42:48,18,21,1148,2229
2023-02-14 09:42:48,18,25,1148,2229
2023-02-14 09:42:48,18,22,1148,2229
2023-02-14 09:42:48,18,20,1148,2229
2023-02-14 09:42:48,16,20,1148,2229
2023-02-14 09:42:49,18,20,1148,2229
2023-02-14 09:43:14,16,20,1148,2229
2023-02-14 09:44:02,18,20,1148,2229
2023-02-14 09:45:50,18,22,1148,2229
2023-02-14 09:45:50,18,25,1148,2229
2023-02-14 09:45:51,18,21,1148,2229
2023-02-14 09:45:53,20,21,1148,2229
2023-02-14 09:47:19,20,25,1148,2229
2023-02-14 09:47:20,20,26,1148,2229
2023-02-14 09:47:20,20,24,1148,2229
2023-02-14 09:47:21,20,22,1148,2229
2023-02-14 09:47:24,20,22,1148,2249
2023-02-14 09:48:46,20,26,1148,2249
2023-02-14 09:48:48,20,25,1148,2249
2023-02-14 09:48:48,20,23,1148,2249
2023-02-14 09:50:31,18,23,1148,2249
2023-02-14 09:50:48,20,23,1148,2249
2023-02-14 09:52:16,18,23,1148,2249
2023-02-14 09:52:47,20,23,1148,2249
2023-02-14 09:53:12,18,23,1148,2249
2023-02-14 09:53:53,18,24,1148,2249
2023-02-14 09:53:54,19,24,1148,2249
2023-02-14 09:54:28,19,23,1148,2249
2023-02-14 09:55:03,20,23,1148,2249
2023-02-14 09:55:29,20,26,1148,2249
2023-02-14 09:55:33,20,24,1148,2249
2023-02-14 09:56:03,20,26,1148,2249
2023-02-14 09:56:03,20,25,1148,2249
2023-02-14 09:56:29,22,25,1148,2249
2023-02-14 09:58:53,22,24,1148,2249
2023-02-14 10:02:28,22,25,1148,2249
2023-02-14 10:02:28,22,23,1148,2249
2023-02-14 10:03:19,22,25,1148,2249
2023-02-14 10:03:19,22,23,1148,2249
2023-02-14 10:03:50,22,25,1148,2249
2023-02-14 10:03:51,22,24,1148,2249
2023-02-14 10:03:51,18,22,1158,2289
2023-02-14 10:04:10,21,22,1158,2289
2023-02-14 10:04:21,21,23,1158,2289
2023-02-14 10:05:52,18,23,1158,2289
2023-02-14 10:06:33,18,25,1478,2609
2023-02-14 10:06:50,18,24,1478,2609
2023-02-14 10:06:50,16,24,1478,2609
2023-02-14 10:06:51,20,24,1478,2609
2023-02-14 10:07:18,18,24,1478,2609
2023-02-14 10:07:18,19,24,1478,2609
2023-02-14 10:07:52,19,25,1478,2609
2023-02-14 10:07:52,19,24,1478,2609
2023-02-14 10:08:49,17,24,1478,2609
2023-02-14 10:08:49,19,24,1478,2609
2023-02-14 10:11:52,15,24,1478,2609
2023-02-14 10:11:52,16,24,1478,2609
2023-02-14 10:11:53,16,23,1478,2609
2023-02-14 10:11:55,18,23,1478,2609
2023-02-14 10:13:50,18,25,1720,2851
2023-02-14 10:13:51,19,25,1720,2851
2023-02-14 10:13:51,19,24,1720,2851
2023-02-14 10:15:55,19,25,1720,2851
2023-02-14 10:15:55,19,24,1720,2851
2023-02-14 10:17:18,20,24,1720,2851
2023-02-14 10:17:49,18,24,1720,2851
2023-02-14 10:17:50,11,24,1720,2851
2023-02-14 10:17:51,17,24,1720,2851
2023-02-14 10:17:52,19,24,1720,2851
2023-02-14 10:18:48,17,24,1720,2851
2023-02-14 10:18:48,19,24,1720,2851
2023-02-14 10:19:18,17,24,1720,2851
2023-02-14 10:19:19,18,24,1720,2851
2023-02-14 10:19:19,20,24,1720,2851
2023-02-14 10:19:49,20,25,1720,2851
2023-02-14 10:19:59,20,25,1695,3051
2023-02-14 10:20:25,20,26,1695,3051
2023-02-14 10:20:25,16,26,1695,3051
2023-02-14 10:20:25,17,26,1695,3051
2023-02-14 10:20:26,21,26,1695,3051
2023-02-14 10:20:50,19,26,1695,3051
2023-02-14 10:20:51,17,26,1695,3051
2023-02-14 10:20:51,18,26,1695,3051
2023-02-14 10:20:51,20,26,1695,3051
2023-02-14 10:20:51,20,25,1695,3051
2023-02-14 10:21:18,20,26,1695,3051
2023-02-14 10:21:18,21,26,1695,3051
2023-02-14 10:21:51,21,25,1695,3051
2023-02-14 10:21:51,19,25,1695,3051
2023-02-14 10:21:51,17,25,1695,3051
2023-02-14 10:21:51,18,25,1695,3051
2023-02-14 10:21:52,20,25,1695,3051
2023-02-14 10:22:16,19,25,1695,3051
2023-02-14 10:22:16,21,25,1695,3051
2023-02-14 10:22:46,19,25,1695,3051
2023-02-14 10:22:47,11,25,1695,3051
2023-02-14 10:22:47,20,25,1695,3051
2023-02-14 10:22:51,22,25,1695,3051
2023-02-14 10:32:52,22,27,1695,3051
2023-02-14 10:33:02,22,27,1695,3071
2023-02-14 10:33:18,22,29,1695,3071
2023-02-14 10:33:18,22,26,1695,3071
2023-02-14 10:34:17,22,26,1695,3081
2023-02-14 10:34:30,22,26,1695,3113
2023-02-14 10:36:15,22,25,1695,3113
2023-02-14 10:36:49,22,24,1695,3113
2023-02-14 10:38:47,22,23,1695,3113
2023-02-14 10:40:00,18,21,1695,3151
2023-02-14 10:41:20,17,21,1695,3151
2023-02-14 10:41:35,17,19,1695,3151
2023-02-14 10:42:00,17,21,1695,3151
2023-02-14 10:42:04,17,19,1695,3151
2023-02-14 10:42:15,17,21,1695,3151
2023-02-14 10:42:19,15,21,1695,3151
2023-02-14 10:42:20,16,21,1695,3151
2023-02-14 10:42:22,16,19,1695,3151
2023-02-14 10:42:25,16,21,1695,3151
2023-02-14 10:42:48,15,21,1695,3151
2023-02-14 10:42:48,17,21,1695,3151
2023-02-14 10:44:48,18,21,1695,3151
2023-02-14 10:45:12,18,19,1695,3151
2023-02-14 10:45:21,16,19,1695,3151
2023-02-14 10:45:22,17,19,1695,3151
2023-02-14 10:45:35,17,19,1693,3153
2023-02-14 10:45:38,17,20,1693,3153
2023-02-14 10:45:49,14,20,1693,3153
2023-02-14 10:45:50,16,20,1693,3153
2023-02-14 10:45:59,16,18,1693,3153
2023-02-14 10:46:05,16,20,1693,3153
2023-02-14 10:46:06,16,19,1693,3153
2023-02-14 10:46:06,16,17,1693,3153
2023-02-14 10:46:09,16,19,1693,3153
2023-02-14 10:46:10,16,18,1693,3153
2023-02-14 10:46:10,16,18,1673,3173
2023-02-14 10:46:17,15,18,1673,3173
2023-02-14 10:46:20,15,19,1673,3173
2023-02-14 10:46:47,14,19,1673,3173
2023-02-14 10:46:49,14,17,1673,3173
2023-02-14 10:47:13,16,17,1673,3173
2023-02-14 10:47:21,14,17,1673,3173
2023-02-14 10:47:22,16,17,1673,3173
2023-02-14 10:47:22,16,19,1673,3173
2023-02-14 10:48:00,18,19,1673,3173
2023-02-14 10:48:20,18,22,1673,3173
2023-02-14 10:48:22,18,20,1673,3173
2023-02-14 10:48:51,18,22,1673,3173
2023-02-14 10:48:53,18,21,1673,3173
2023-02-14 10:49:01,20,21,1673,3173
2023-02-14 10:49:15,20,22,1977,3477
2023-02-14 10:50:26,19,22,1977,3477
2023-02-14 10:50:27,20,22,1977,3477
2023-02-14 10:50:28,19,22,1977,3477
2023-02-14 10:50:36,20,22,1977,3477
2023-02-14 10:50:37,19,22,1977,3477
2023-02-14 10:50:41,19,23,1977,3477
2023-02-14 10:50:52,18,23,1977,3477
2023-02-14 10:50:53,20,23,1977,3477
2023-02-14 10:50:54,18,23,1977,3477
2023-02-14 10:50:55,20,23,1977,3477
2023-02-14 10:51:02,18,23,1977,3477
2023-02-14 10:51:03,20,23,1977,3477
2023-02-14 10:51:07,18,23,1977,3477
2023-02-14 10:51:10,20,23,1977,3477
2023-02-14 10:51:14,18,23,1977,3477
2023-02-14 10:51:19,18,22,1977,3477
2023-02-14 10:52:19,18,23,1977,3477
2023-02-14 10:52:19,18,21,1977,3477
2023-02-14 10:52:40,16,21,1977,3477
2023-02-14 10:52:41,17,21,1977,3477
2023-02-14 10:53:48,17,23,1977,3477
2023-02-14 10:53:49,17,21,1977,3477
2023-02-14 10:54:10,16,21,1977,3477
2023-02-14 10:54:17,16,20,1977,3477
2023-02-14 10:54:45,17,20,1977,3477
2023-02-14 10:54:46,16,20,1977,3477
2023-02-14 10:54:48,17,20,1977,3477
2023-02-14 10:54:55,15,20,1977,3477
2023-02-14 10:54:56,17,20,1977,3477
2023-02-14 10:55:14,15,20,1977,3477
2023-02-14 10:55:17,17,20,1977,3477
2023-02-14 10:55:19,15,20,1977,3477
2023-02-14 10:55:19,16,20,1977,3477
2023-02-14 10:55:48,15,20,1977,3477
2023-02-14 10:55:48,15,22,1977,3477
2023-02-14 10:55:48,15,20,1977,3477
2023-02-14 10:55:58,17,20,1977,3477
2023-02-14 10:56:23,19,20,1977,3477
2023-02-14 10:56:51,19,22,1977,3477
2023-02-14 10:57:33,19,21,1977,3477
2023-02-14 10:58:21,19,23,1977,3497
2023-02-14 10:58:23,18,23,1977,3497
2023-02-14 10:58:57,18,21,1977,3497
2023-02-14 10:59:20,17,21,1977,3497
2023-02-14 10:59:20,19,21,1977,3497
2023-02-14 10:59:30,19,24,1977,3507
2023-02-14 11:00:03,19,22,1977,3507
2023-02-14 11:00:39,21,22,1977,3507
2023-02-14 11:00:53,21,22,1977,3527
2023-02-14 11:01:10,19,22,1977,3527
2023-02-14 11:01:11,19,24,1977,3547
2023-02-14 11:01:13,19,24,1957,3567
2023-02-14 11:01:19,17,24,1957,3567
2023-02-14 11:01:19,14,24,1957,3567
2023-02-14 11:01:21,20,24,1957,3567
2023-02-14 11:01:21,20,26,1957,3567
2023-02-14 11:01:21,22,26,1957,3567
2023-02-14 11:01:25,22,27,1957,3567
2023-02-14 11:01:47,22,23,1957,3567
2023-02-14 11:01:49,19,23,1957,3567
2023-02-14 11:01:49,23,27,1937,3587
2023-02-14 11:02:13,23,24,1937,3587
2023-02-14 11:02:28,23,27,1937,3607
2023-02-14 11:02:55,23,27,1922,3622
2023-02-14 11:03:51,22,27,1922,3622
2023-02-14 11:04:20,20,27,1922,3622
2023-02-14 11:04:20,23,27,1922,3622
2023-02-14 11:05:21,22,27,1922,3622
2023-02-14 11:06:18,23,27,1922,3622
2023-02-14 11:06:46,20,27,1922,3622
2023-02-14 11:06:47,22,27,1922,3622
2023-02-14 11:07:18,20,27,1922,3622
2023-02-14 11:07:19,18,27,1922,3622
2023-02-14 11:07:19,17,27,1922,3622
2023-02-14 11:07:19,19,27,1922,3622
2023-02-14 11:07:19,23,27,1922,3622
2023-02-14 11:07:34,23,28,1922,3622
2023-02-14 11:07:47,19,28,1922,3622
2023-02-14 11:07:47,17,28,1922,3622
2023-02-14 11:07:48,17,29,1922,3622
2023-02-14 11:07:48,24,29,1922,3622
2023-02-14 11:08:18,24,27,1922,3622
2023-02-14 11:08:48,22,27,1922,3622
2023-02-14 11:08:49,23,27,1922,3622
2023-02-14 11:09:08,27,28,1922,3662
2023-02-14 11:09:56,27,28,1922,3687
2023-02-14 11:09:56,27,28,1922,3707
2023-02-14 11:10:00,27,28,2022,3807
2023-02-14 11:10:08,27,28,2022,3832
2023-02-14 11:10:19,27,28,2022,3857
2023-02-14 11:10:27,27,28,2022,3882
2023-02-14 11:10:31,27,28,2441,4301
2023-02-14 11:10:31,27,30,2441,4301
2023-02-14 11:10:32,27,29,2441,4301
2023-02-14 11:10:53,27,31,2441,4301
2023-02-14 11:10:53,27,30,2441,4301
2023-02-14 11:10:54,27,28,2441,4301
2023-02-14 11:11:06,27,28,2541,4401
2023-02-14 11:11:17,27,31,2541,4401
2023-02-14 11:11:18,27,31,2855,4715
2023-02-14 11:11:18,27,29,2855,4715
2023-02-14 11:11:50,27,29,2855,4740
2023-02-14 11:11:50,27,29,3253,5138
2023-02-14 11:12:00,27,29,3253,5163
2023-02-14 11:12:19,27,31,3253,5163
2023-02-14 11:12:19,27,30,3253,5163
2023-02-14 11:12:20,27,28,3253,5163
2023-02-14 11:12:32,27,28,3253,5188
2023-02-14 11:12:43,27,28,3253,5213
2023-02-14 11:12:49,27,30,3253,5213
2023-02-14 11:13:06,27,30,3253,5238
2023-02-14 11:13:21,27,30,3253,5263
2023-02-14 11:13:34,27,30,3253,5288
2023-02-14 11:13:49,27,31,3253,5288
2023-02-14 11:13:51,27,29,3253,5288
2023-02-14 11:14:07,27,29,3253,5313
2023-02-14 11:14:15,27,29,3353,5413
2023-02-14 11:14:18,27,29,3453,5513
2023-02-14 11:14:24,27,29,3453,5538
2023-02-14 11:14:33,27,29,3453,5563
2023-02-14 11:15:11,27,29,3453,5588
2023-02-14 11:15:20,27,29,3453,5613
2023-02-14 11:15:45,25,27,3453,5622
2023-02-14 11:15:45,24,27,3453,5622
2023-02-14 11:15:50,25,27,3453,5622
2023-02-14 11:15:50,25,29,3453,5622
2023-02-14 11:16:04,27,29,3453,5622
2023-02-14 11:16:28,27,29,3453,5633
2023-02-14 11:16:36,27,29,3453,5635
2023-02-14 11:16:49,27,30,3453,5635
2023-02-14 11:16:50,27,30,3453,5638
2023-02-14 11:17:02,27,29,3453,5638
2023-02-14 11:17:22,27,29,3453,5663
2023-02-14 11:17:27,27,30,3453,5663
2023-02-14 11:17:28,27,29,3453,5663
2023-02-14 11:17:31,27,28,3453,5663
2023-02-14 11:17:39,25,28,3453,5663
2023-02-14 11:17:40,25,30,3453,5663
2023-02-14 11:17:44,25,29,3453,5663
2023-02-14 11:18:07,25,30,3453,5663
2023-02-14 11:18:19,27,30,3453,5663
2023-02-14 11:18:19,27,29,3453,5663
2023-02-14 11:18:34,25,29,3453,5663
2023-02-14 11:18:48,25,30,3453,5663
2023-02-14 11:18:49,27,30,3453,5663
2023-02-14 11:18:53,25,30,3453,5663
2023-02-14 11:18:56,28,30,3453,5663
2023-02-14 11:19:24,28,30,3453,5688
2023-02-14 11:19:37,28,30,3453,5713
2023-02-14 11:19:48,28,31,3453,5713
2023-02-14 11:20:31,28,31,3453,5738
2023-02-14 11:20:35,28,30,3453,5738
2023-02-14 11:21:02,28,31,3453,5738
2023-02-14 11:22:11,28,31,3453,5763
2023-02-14 11:22:47,28,30,3453,5763
2023-02-14 11:23:43,28,31,3453,5763
2023-02-14 11:23:51,29,31,3453,5763
2023-02-14 11:23:57,29,31,3453,5788
2023-02-14 11:24:10,28,29,3453,5793
2023-02-14 11:24:17,28,31,3453,5793
2023-02-14 11:24:29,28,31,3453,5813
2023-02-14 11:24:59,29,31,3453,5813
2023-02-14 11:25:22,29,33,3453,5813
2023-02-14 11:25:23,29,32,3453,5813
2023-02-14 11:25:26,28,29,3453,5817
2023-02-14 11:25:29,30,32,3453,5838
2023-02-14 11:25:38,30,32,3453,5863
2023-02-14 11:25:53,30,31,3453,5863
2023-02-14 11:26:10,30,32,3453,5863
2023-02-14 11:26:10,30,32,3453,5883
2023-02-14 11:26:20,30,33,3453,5883
2023-02-14 11:26:22,30,31,3453,5883
2023-02-14 11:26:32,26,29,3460,5890
2023-02-14 11:26:49,25,29,3460,5890
2023-02-14 11:27:05,25,27,3460,5890
2023-02-14 11:27:18,23,27,3460,5890
2023-02-14 11:27:21,24,27,3460,5890
2023-02-14 11:27:21,24,29,3460,5890
2023-02-14 11:27:22,24,27,3460,5890
2023-02-14 11:27:51,25,27,3460,5890
2023-02-14 11:28:01,26,27,3460,5890
2023-02-14 11:28:02,25,27,3460,5890
2023-02-14 11:28:20,25,29,3460,5890
2023-02-14 11:28:20,25,28,3460,5890
2023-02-14 11:28:21,24,28,3460,5890
2023-02-14 11:28:31,24,27,3460,5890
2023-02-14 11:28:52,22,27,3460,5890
2023-02-14 11:28:58,22,25,3460,5890
2023-02-14 11:29:14,22,23,3460,5890
2023-02-14 11:29:19,20,23,3460,5890
2023-02-14 11:29:19,21,23,3460,5890
2023-02-14 11:29:24,21,25,3460,5890
2023-02-14 11:29:29,21,23,3460,5890
2023-02-14 11:29:32,21,25,3460,5890
2023-02-14 11:29:50,21,23,3460,5890
2023-02-14 11:30:03,19,23,3460,5890
2023-02-14 11:30:13,19,21,3460,5890
2023-02-14 11:30:31,19,23,3460,5890
2023-02-14 11:30:31,19,23,3279,6071
2023-02-14 11:30:49,19,21,3279,6071
2023-02-14 11:30:52,18,21,3279,6071
2023-02-14 11:30:56,18,19,3279,6071
2023-02-14 11:30:56,16,19,3279,6071
2023-02-14 11:31:02,17,19,3279,6071
2023-02-14 11:31:05,17,21,3279,6071
2023-02-14 11:31:48,17,20,3279,6071
2023-02-14 11:32:30,17,19,3279,6071
2023-02-14 11:32:30,16,19,3279,6071
2023-02-14 11:32:37,16,20,3279,6071
2023-02-14 11:32:39,16,19,3279,6071
2023-02-14 11:32:41,16,20,3279,6071
2023-02-14 11:32:48,16,19,3279,6071
2023-02-14 11:32:49,15,19,3279,6071
2023-02-14 11:32:49,16,19,3279,6071
2023-02-14 11:32:55,16,20,3279,6071
2023-02-14 11:32:55,16,19,3279,6071
2023-02-14 11:33:08,16,20,3279,6071
2023-02-14 11:33:09,16,19,3279,6071
2023-02-14 11:33:18,15,19,3279,6071
2023-02-14 11:33:29,16,19,3279,6071
2023-02-14 11:33:41,15,19,3279,6071
2023-02-14 11:33:46,16,19,3279,6071
2023-02-14 11:33:49,15,19,3279,6071
2023-02-14 11:33:51,16,19,3279,6071
2023-02-14 11:33:53,15,19,3279,6071
2023-02-14 11:34:50,15,18,3279,6071
2023-02-14 11:35:23,15,19,3279,6071
2023-02-14 11:35:24,16,19,3279,6071
2023-02-14 11:35:29,15,19,3279,6071
2023-02-14 11:35:49,17,21,3279,6071
2023-02-14 11:35:51,17,20,3279,6071
2023-02-14 11:36:20,17,21,3279,6071
2023-02-14 11:36:51,17,20,3279,6071
2023-02-14 11:37:52,17,21,3279,6071
2023-02-14 11:38:20,17,19,3279,6071
2023-02-14 11:38:20,16,19,3279,6071
2023-02-14 11:38:49,15,19,3279,6071
2023-02-14 11:39:24,16,19,3279,6071
2023-02-14 11:39:30,15,19,3279,6071
2023-02-14 11:40:49,15,18,3279,6071
2023-02-14 11:41:37,16,18,3279,6071
2023-02-14 11:41:50,16,21,3279,6071
2023-02-14 11:41:51,16,19,3279,6071
2023-02-14 11:41:53,15,19,3279,6071
2023-02-14 11:42:23,15,19,3279,6121
2023-02-14 11:42:24,15,18,3279,6121
2023-02-14 11:42:35,15,17,3279,6121
2023-02-14 11:42:38,15,16,3279,6121
2023-02-14 11:42:48,14,16,3279,6121
2023-02-14 11:42:58,14,17,3279,6121
2023-02-14 11:43:14,14,18,3279,6121
2023-02-14 11:43:15,14,17,3279,6121
2023-02-14 11:43:22,14,16,3279,6121
2023-02-14 11:43:22,12,16,3279,6121
2023-02-14 11:43:53,13,16,3279,6121
2023-02-14 11:44:01,13,15,3279,6121
2023-02-14 11:44:02,13,16,3279,6121
2023-02-14 11:44:22,12,16,3279,6121
2023-02-14 11:45:20,12,17,3279,6121
2023-02-14 11:45:24,14,17,3279,6121
2023-02-14 11:45:42,14,16,3279,6121
2023-02-14 11:45:44,14,17,3279,6121
2023-02-14 11:46:14,15,17,3279,6121
2023-02-14 11:46:51,15,18,3279,6121
2023-02-14 11:46:53,17,18,3279,6121
2023-02-14 11:46:59,15,18,3279,6121
2023-02-14 11:46:59,13,18,3279,6121
2023-02-14 11:47:18,14,18,3279,6121
2023-02-14 11:47:31,15,17,3279,6121
2023-02-14 11:47:33,15,18,3279,6121
2023-02-14 11:49:10,15,19,3279,6121
2023-02-14 11:49:52,15,20,3279,6121
2023-02-14 11:49:54,16,20,3279,6121
2023-02-14 11:50:25,16,19,3279,6121
2023-02-14 11:50:49,14,19,3279,6121
2023-02-14 11:50:49,15,19,3279,6121
2023-02-14 11:50:59,15,20,3279,6121
2023-02-14 11:51:19,15,19,3279,6121
2023-02-14 11:53:26,15,18,3279,6121
2023-02-14 11:53:35,15,17,3279,6121
2023-02-14 11:53:40,15,16,3279,6121
2023-02-14 11:53:49,14,16,3279,6121
2023-02-14 11:54:00,14,17,3279,6121
2023-02-14 11:54:01,14,16,3279,6121
2023-02-14 11:54:05,14,17,3279,6121
2023-02-14 11:54:18,13,17,3279,6121
2023-02-14 11:54:55,13,19,3557,6399
2023-02-14 11:55:24,16,19,3557,6399
2023-02-14 11:55:52,14,19,3557,6399
2023-02-14 11:55:52,15,19,3557,6399
2023-02-14 11:56:07,15,20,3557,6399
2023-02-14 11:56:23,16,20,3557,6399
2023-02-14 11:56:49,16,21,3557,6399
2023-02-14 11:56:51,17,21,3557,6399
2023-02-14 11:57:01,17,20,3557,6399
2023-02-14 11:57:19,17,19,3557,6399
2023-02-14 11:57:23,17,20,3557,6399
2023-02-14 11:57:48,16,20,3557,6399
2023-02-14 11:57:50,16,19,3557,6399
2023-02-14 11:58:02,16,20,3557,6399
2023-02-14 11:58:14,16,19,3557,6399
2023-02-14 11:58:20,14,19,3557,6399
2023-02-14 11:58:20,15,19,3557,6399
2023-02-14 11:59:17,14,19,3557,6399
2023-02-14 11:59:18,15,19,3557,6399
2023-02-14 11:59:18,15,20,3557,6399
2023-02-14 11:59:19,16,20,3557,6399
2023-02-14 11:59:48,16,21,3557,6399
2023-02-14 11:59:51,17,21,3557,6399
2023-02-14 12:00:02,16,21,3557,6399
2023-02-14 12:00:04,17,21,3557,6399
2023-02-14 12:00:08,16,21,3557,6399
2023-02-14 12:00:22,17,21,3557,6399
2023-02-14 12:00:27,17,23,3557,6399
2023-02-14 12:00:28,19,23,3557,6399
2023-02-14 12:00:30,19,22,3557,6399
2023-02-14 12:00:44,19,23,3557,6399
2023-02-14 12:00:51,17,23,3557,6399
2023-02-14 12:00:51,18,23,3557,6399
2023-02-14 12:01:03,18,22,3557,6399
2023-02-14 12:01:06,18,23,3557,6399
2023-02-14 12:01:17,18,22,3557,6399
2023-02-14 12:01:20,18,23,3557,6399
2023-02-14 12:02:00,20,23,3557,6399
2023-02-14 12:02:22,20,26,3557,6399
2023-02-14 12:02:24,20,24,3557,6399
2023-02-14 12:02:45,19,24,3557,6399
2023-02-14 12:02:48,17,24,3557,6399
2023-02-14 12:02:48,20,24,3557,6399
2023-02-14 12:03:18,18,24,3557,6399
2023-02-14 12:03:20,19,24,3557,6399
2023-02-14 12:04:18,20,24,3557,6399
2023-02-14 12:04:36,24,26,3873,6715
2023-02-14 12:04:44,26,27,4258,7100
2023-02-14 12:04:49,26,27,4358,7200
2023-02-14 12:04:50,26,27,4727,7569
2023-02-14 12:04:54,26,27,4827,7669
2023-02-14 12:04:58,26,27,4927,7769
2023-02-14 12:05:04,26,27,5027,7869
2023-02-14 12:05:10,26,27,5127,7969
2023-02-14 12:05:15,21,26,5147,7989
2023-02-14 12:05:21,21,27,5147,7989
2023-02-14 12:05:21,21,25,5147,7989
2023-02-14 12:05:24,20,25,5147,7989
2023-02-14 12:05:40,25,26,5639,8481
2023-02-14 12:05:42,20,25,5647,8489
2023-02-14 12:05:48,20,26,5647,8489
2023-02-14 12:05:52,21,26,5647,8489
2023-02-14 12:05:52,21,27,5647,8489
2023-02-14 12:06:15,21,27,5648,8490
2023-02-14 12:06:15,24,27,5648,8490
2023-02-14 12:08:27,24,28,5648,8490
2023-02-14 12:09:48,26,28,5648,8490
2023-02-14 12:09:49,26,29,5648,8490
2023-02-14 12:09:49,24,29,5648,8490
2023-02-14 12:10:11,26,29,5648,8490
2023-02-14 12:10:21,28,29,5648,8490
2023-02-14 12:11:20,28,32,5698,8540
2023-02-14 12:11:48,28,31,5698,8540
2023-02-14 12:12:58,26,31,5697,8541
2023-02-14 12:13:10,27,31,5697,8541
2023-02-14 12:13:21,27,32,5697,8541
2023-02-14 12:15:14,27,32,5697,8811
2023-02-14 12:15:21,26,32,5697,8811
2023-02-14 12:15:21,27,32,5697,8811
2023-02-14 12:15:34,27,32,5697,8823
2023-02-14 12:16:47,26,32,5697,8823
2023-02-14 12:16:50,26,31,5697,8823
2023-02-14 12:17:06,27,31,5697,8823
2023-02-14 12:17:15,28,31,5697,8823
2023-02-14 12:17:48,28,32,5697,8823
2023-02-14 12:17:56,27,32,5697,8823
2023-02-14 12:18:49,26,32,5697,8823
2023-02-14 12:18:49,26,31,5697,8823
2023-02-14 12:19:06,26,30,5697,8823
2023-02-14 12:20:05,27,30,5697,8823
2023-02-14 12:20:07,26,30,5697,8823
2023-02-14 12:20:36,27,30,5697,8823
2023-02-14 12:20:37,26,30,5697,8823
2023-02-14 12:20:38,27,30,5697,8823
2023-02-14 12:20:43,26,30,5697,8823
2023-02-14 12:20:50,27,30,5697,8823
2023-02-14 12:21:01,28,30,5697,8823
2023-02-14 12:21:06,26,30,5697,8823
2023-02-14 12:21:06,29,30,5697,8823
2023-02-14 12:21:25,27,30,5697,8823
2023-02-14 12:21:30,28,30,5697,8823
2023-02-14 12:21:49,27,30,5697,8823
2023-02-14 12:22:14,27,30,5419,9101
2023-02-14 12:22:18,26,30,5419,9101
2023-02-14 12:22:25,24,30,5419,9525
2023-02-14 12:22:25,24,29,5419,9525
2023-02-14 12:22:49,25,29,5419,9525
2023-02-14 12:23:19,24,29,5419,9525
2023-02-14 12:23:47,25,29,5419,9525
2023-02-14 12:24:20,24,29,5419,9525
2023-02-14 12:25:48,25,29,5419,9525
2023-02-14 12:26:12,26,29,5419,9525
2023-02-14 12:26:13,25,29,5419,9525
2023-02-14 12:26:19,25,30,5419,9525
2023-02-14 12:26:21,26,30,5419,9525
2023-02-14 12:27:11,27,30,5419,9525
2023-02-14 12:28:07,26,30,5419,9525
2023-02-14 12:28:10,27,30,5419,9525
2023-02-14 12:28:48,26,30,5419,9525
2023-02-14 12:29:46,24,30,5419,9525
2023-02-14 12:29:47,25,30,5419,9525
2023-02-14 12:30:08,25,29,5419,9525
2023-02-14 12:30:12,25,30,5419,9525
2023-02-14 12:30:54,26,30,5419,9525
2023-02-14 12:30:54,25,30,5419,9525
2023-02-14 12:31:12,26,30,5419,9525
2023-02-14 12:31:19,27,30,5419,9525
2023-02-14 12:31:35,26,30,5419,9525
2023-02-14 12:31:47,27,30,5419,9525
2023-02-14 12:32:17,28,30,5419,9525
2023-02-14 12:32:19,27,30,5419,9525
2023-02-14 12:32:31,26,30,5419,9525
2023-02-14 12:32:32,27,30,5419,9525
2023-02-14 12:32:33,26,30,5419,9525
2023-02-14 12:32:37,27,30,5419,9525
2023-02-14 12:32:56,26,30,5419,9525
2023-02-14 12:32:59,27,30,5419,9525
2023-02-14 12:33:15,28,30,5419,9525
2023-02-14 12:33:49,29,30,5419,9525
2023-02-14 12:34:10,29,30,5419,9526
2023-02-14 12:35:01,29,30,5419,9545
2023-02-14 12:35:02,28,30,5419,9545
2023-02-14 12:35:21,29,30,5419,9545
2023-02-14 12:36:23,27,30,5419,9545
2023-02-14 12:36:23,28,30,5419,9545
2023-02-14 12:37:47,27,30,5419,9545
2023-02-14 12:41:18,28,30,5419,9545
2023-02-14 12:41:46,28,32,5419,9545
2023-02-14 12:42:17,27,32,5419,9545
2023-02-14 12:42:39,27,33,5419,9545
2023-02-14 12:42:45,28,33,5419,9545
2023-02-14 12:42:58,29,33,5419,9545
2023-02-14 12:43:19,29,34,5419,9545
2023-02-14 12:43:35,29,33,5419,9545
2023-02-14 12:43:55,29,32,5419,9545
2023-02-14 12:44:08,29,31,5419,9545
2023-02-14 12:44:11,29,32,5419,9545
2023-02-14 12:44:19,28,32,5419,9545
2023-02-14 12:44:47,26,32,5419,9545
2023-02-14 12:44:48,27,32,5419,9545
2023-02-14 12:45:05,27,31,5419,9545
2023-02-14 12:45:51,27,32,5419,9545
2023-02-14 12:46:18,26,32,5419,9545
2023-02-14 12:46:18,26,31,5419,9545
2023-02-14 12:47:18,27,31,5419,9545
2023-02-14 12:47:48,27,33,5419,9545
2023-02-14 12:47:49,27,32,5419,9545
2023-02-14 12:48:17,27,31,5419,9545
2023-02-14 12:48:20,27,32,5419,9545
2023-02-14 12:48:32,27,31,5419,9545
2023-02-14 12:48:35,27,32,5419,9545
2023-02-14 12:48:47,25,32,5419,9545
2023-02-14 12:48:49,25,30,5419,9545
2023-02-14 12:49:02,26,30,5419,9545
2023-02-14 12:49:23,27,30,5419,9545
2023-02-14 12:49:41,26,30,5419,9545
2023-02-14 12:49:48,26,32,5419,9545
2023-02-14 12:49:48,26,31,5419,9545
2023-02-14 12:50:12,26,30,5419,9545
2023-02-14 12:50:23,24,30,5419,9545
2023-02-14 12:50:24,25,30,5419,9545
2023-02-14 12:50:27,25,29,5419,9545
2023-02-14 12:50:28,25,30,5419,9545
2023-02-14 12:50:39,25,29,5419,9545
2023-02-14 12:50:48,23,29,5419,9545
2023-02-14 12:50:48,24,29,5419,9545
2023-02-14 12:51:15,24,28,5419,9545
2023-02-14 12:51:17,22,28,5419,9545
2023-02-14 12:51:17,23,28,5419,9545
2023-02-14 12:51:47,23,27,5419,9545
2023-02-14 12:51:47,22,27,5419,9545
2023-02-14 12:52:08,23,27,5419,9545
2023-02-14 12:52:19,23,30,5419,9545
2023-02-14 12:52:21,23,28,5419,9545
2023-02-14 12:52:26,24,28,5419,9545
2023-02-14 12:52:42,23,28,5419,9545
2023-02-14 12:52:48,23,29,5419,9545
2023-02-14 12:52:48,24,29,5419,9545
2023-02-14 12:53:03,24,28,5419,9545
2023-02-14 12:53:17,23,28,5419,9545
2023-02-14 12:53:37,23,27,5419,9545
2023-02-14 12:53:47,21,27,5419,9545
2023-02-14 12:53:47,22,27,5419,9545
2023-02-14 12:54:20,23,27,5419,9545
2023-02-14 12:55:22,23,29,5419,9545
2023-02-14 12:55:22,23,30,5419,9545
2023-02-14 12:55:23,23,28,5419,9545
2023-02-14 12:55:23,24,28,5419,9545
2023-02-14 12:55:46,24,30,5419,9545
2023-02-14 12:55:47,24,29,5419,9545
2023-02-14 12:56:14,25,29,5419,9545
2023-02-14 12:56:27,26,29,5419,9545
2023-02-14 12:56:27,26,29,5459,9585
2023-02-14 12:56:28,25,29,5459,9585
2023-02-14 12:56:28,24,29,5459,9585
2023-02-14 12:56:49,24,31,5459,9585
2023-02-14 12:56:49,22,31,5459,9585
2023-02-14 12:56:49,18,31,5459,9585
2023-02-14 12:56:49,18,33,5459,9585
2023-02-14 12:56:50,25,33,5459,9585
2023-02-14 12:56:51,25,32,5459,9585
2023-02-14 12:56:51,27,32,5459,9585
2023-02-14 12:59:19,25,32,5459,9585
2023-02-14 12:59:20,27,32,5459,9585
2023-02-14 13:00:51,27,32,5509,9635
2023-02-14 13:01:19,28,32,5509,9635
2023-02-14 13:01:20,28,33,5509,9635
2023-02-14 13:01:51,30,33,5509,9635
2023-02-14 13:01:51,30,35,5509,9635
2023-02-14 13:02:18,28,35,5509,9635
2023-02-14 13:02:18,23,35,5509,9635
2023-02-14 13:02:19,31,35,5509,9635
2023-02-14 13:02:19,33,35,5509,9635
2023-02-14 13:02:19,33,38,5509,9635
2023-02-14 13:02:49,34,38,5509,9635
2023-02-14 13:02:50,34,39,5509,9635
2023-02-14 13:03:18,32,39,5509,9635
2023-02-14 13:03:18,32,41,5509,9635
2023-02-14 13:03:18,32,38,5509,9635
2023-02-14 13:03:18,33,38,5509,9635
2023-02-14 13:03:42,38,40,5672,9798
2023-02-14 13:03:42,38,39,5672,9798
2023-02-14 13:03:48,38,39,5912,10038
2023-02-14 13:04:23,38,39,6194,10320
2023-02-14 13:04:42,38,39,6214,10340
2023-02-14 13:04:48,38,41,6214,10340
2023-02-14 13:04:48,38,45,6214,10340
2023-02-14 13:04:49,38,43,6214,10340
2023-02-14 13:04:50,38,39,6214,10340
2023-02-14 13:05:23,38,40,6214,10340
2023-02-14 13:06:05,34,40,6214,10340
2023-02-14 13:06:11,40,42,6577,10703
2023-02-14 13:06:48,40,42,6938,11064
2023-02-14 13:07:02,40,42,6938,11264
2023-02-14 13:07:18,40,45,6938,11264
2023-02-14 13:07:18,40,41,6938,11264
2023-02-14 13:09:22,40,43,6938,11264
2023-02-14 13:09:22,40,42,6938,11264
2023-02-14 13:09:59,41,42,6938,11264
2023-02-14 13:10:20,41,42,7309,11635
2023-02-14 13:10:23,36,42,7309,11635
2023-02-14 13:10:42,36,41,7309,11635
2023-02-14 13:10:49,36,42,7309,11635
2023-02-14 13:10:51,36,42,7309,11660
2023-02-14 13:11:14,36,41,7309,11660
2023-02-14 13:11:20,34,41,7309,11660
2023-02-14 13:11:20,34,42,7309,11660
2023-02-14 13:11:20,34,43,7309,11660
2023-02-14 13:11:21,35,43,7309,11660
2023-02-14 13:11:21,37,43,7309,11660
2023-02-14 13:11:21,37,42,7309,11660
2023-02-14 13:11:26,40,42,7309,11660
2023-02-14 13:11:31,40,43,7309,11660
2023-02-14 13:13:41,41,43,7309,11660
2023-02-14 13:15:06,40,43,7309,11660
2023-02-14 13:16:15,40,42,7309,11660
2023-02-14 13:17:28,38,42,7284,11685
2023-02-14 13:17:32,38,43,7284,11685
2023-02-14 13:17:58,38,42,7284,11685
2023-02-14 13:17:59,38,43,7284,11685
2023-02-14 13:18:48,28,43,7284,11685
2023-02-14 13:18:48,33,43,7284,11685
2023-02-14 13:18:48,37,43,7284,11685
2023-02-14 13:19:18,38,43,7284,11685
2023-02-14 13:19:48,38,44,7284,11685
2023-02-14 13:19:48,39,44,7284,11685
2023-02-14 13:20:00,39,44,7283,11686
2023-02-14 13:20:25,35,44,7283,11686
2023-02-14 13:20:25,36,44,7283,11686
2023-02-14 13:20:27,38,44,7283,11686
2023-02-14 13:21:46,38,46,7283,11686
2023-02-14 13:21:46,29,46,7283,11686
2023-02-14 13:21:46,35,46,7283,11686
2023-02-14 13:21:46,37,46,7283,11686
2023-02-14 13:21:47,39,46,7283,11686
2023-02-14 13:21:47,39,47,7283,11686
2023-02-14 13:21:50,39,45,7283,11686
2023-02-14 13:22:20,38,45,7283,11686
2023-02-14 13:22:23,40,45,7283,11686
2023-02-14 13:22:46,40,47,7283,11686
2023-02-14 13:22:46,40,46,7283,11686
2023-02-14 13:23:48,40,47,7283,11686
2023-02-14 13:23:48,40,45,7283,11686
2023-02-14 13:26:18,38,45,7283,11686
2023-02-14 13:26:18,40,45,7283,11686
2023-02-14 13:27:46,38,45,7283,11686
2023-02-14 13:27:47,38,47,7283,11686
2023-02-14 13:27:47,37,47,7283,11686
2023-02-14 13:27:47,41,47,7283,11686
2023-02-14 13:28:20,41,46,7283,11686
2023-02-14 13:28:43,41,47,7283,11686
2023-02-14 13:28:47,38,47,7283,11686
2023-02-14 13:28:48,40,47,7283,11686
2023-02-14 13:28:48,42,47,7283,11686
2023-02-14 13:30:23,40,47,7283,11686
2023-02-14 13:30:24,42,47,7283,11686
2023-02-14 13:30:49,42,48,7283,11686
2023-02-14 13:36:47,48,49,7283,11992
2023-02-14 13:36:51,43,48,7283,12014
2023-02-14 13:37:47,43,49,7283,12014
2023-02-14 13:37:47,42,49,7283,12014
2023-02-14 13:37:48,44,49,7283,12014
2023-02-14 13:40:26,44,50,7283,12014
2023-02-14 13:40:47,46,50,7283,12014
2023-02-14 13:41:22,46,49,7283,12014
2023-02-14 13:41:23,46,50,7283,12014
2023-02-14 13:41:40,46,51,7243,12104
2023-02-14 13:41:40,46,50,7243,12104
2023-02-14 13:41:40,46,51,7243,12104
2023-02-14 13:42:17,46,53,7243,12104
2023-02-14 13:42:17,46,52,7243,12104
2023-02-14 13:42:17,46,50,7243,12104
2023-02-14 13:44:19,46,51,7243,12104
2023-02-14 13:44:26,46,50,7243,12104
2023-02-14 13:44:26,45,50,7243,12104
2023-02-14 13:44:48,44,50,7243,12104
2023-02-14 13:45:20,44,48,7243,12104
2023-02-14 13:46:16,44,50,7243,12104
2023-02-14 13:46:17,44,51,7243,12104
2023-02-14 13:46:17,44,49,7243,12104
2023-02-14 13:46:24,46,49,7243,12104
2023-02-14 13:47:18,46,53,7243,12104
2023-02-14 13:47:18,46,50,7243,12104
2023-02-14 13:47:23,44,50,7243,12104
2023-02-14 13:47:23,48,50,7243,12104
2023-02-14 13:47:48,48,52,7243,12104
2023-02-14 13:47:48,48,51,7243,12104
2023-02-14 13:51:16,48,54,7243,12104
2023-02-14 13:51:16,48,52,7243,12104
2023-02-14 13:51:46,48,54,7243,12104
2023-02-14 13:51:47,48,53,7243,12104
2023-02-14 13:51:47,48,51,7243,12104
2023-02-14 13:52:17,48,53,7243,12104
2023-02-14 13:52:17,48,54,7243,12104
2023-02-14 13:52:18,48,52,7243,12104
2023-02-14 13:56:00,50,52,7243,12104
2023-02-14 13:57:18,50,54,7243,12104
2023-02-14 13:57:20,50,53,7243,12104
2023-02-14 13:58:31,50,52,7243,12104
2023-02-14 13:58:32,50,53,7243,12104
2023-02-14 13:59:48,50,54,7243,12104
2023-02-14 14:00:15,48,54,7243,12104
2023-02-14 14:00:15,48,53,7243,12104
2023-02-14 14:00:20,48,54,7243,12104
2023-02-14 14:00:39,48,53,7243,12104
2023-02-14 14:00:54,48,54,7243,12104
2023-02-14 14:01:48,49,54,7243,12104
2023-02-14 14:02:18,48,54,7243,12104
2023-02-14 14:02:31,50,54,7243,12104
2023-02-14 14:03:17,50,56,7243,12104
2023-02-14 14:03:18,50,55,7243,12104
2023-02-14 14:03:19,50,56,7243,12104
2023-02-14 14:03:19,50,55,7243,12104
2023-02-14 14:03:25,50,54,7243,12104
2023-02-14 14:03:29,50,55,7243,12104
2023-02-14 14:03:49,50,56,7243,12104
2023-02-14 14:03:50,50,54,7243,12104
2023-02-14 14:03:52,50,53,7243,12104
2023-02-14 14:03:52,50,54,7243,12104
2023-02-14 14:05:09,49,54,7243,12104
2023-02-14 14:05:12,49,53,7243,12104
2023-02-14 14:05:19,49,52,7243,12104
2023-02-14 14:05:20,49,53,7243,12104
2023-02-14 14:05:24,49,52,7243,12104
2023-02-14 14:05:24,49,53,7243,12104
2023-02-14 14:05:31,49,52,7243,12104
2023-02-14 14:05:33,49,51,7243,12104
2023-02-14 14:05:35,49,50,7243,12104
2023-02-14 14:05:36,49,50,7243,12124
2023-02-14 14:05:36,49,50,7243,12144
2023-02-14 14:05:52,47,50,7243,12355
2023-02-14 14:05:52,44,50,7243,12355
2023-02-14 14:05:52,44,49,7243,12355
2023-02-14 14:05:53,44,50,7243,12355
2023-02-14 14:05:55,46,50,7243,12355
2023-02-14 14:06:18,46,52,7243,12355
2023-02-14 14:06:28,46,51,7243,12355
2023-02-14 14:06:29,44,51,7243,12355
2023-02-14 14:07:10,44,50,7243,12355
2023-02-14 14:07:16,44,49,7243,12355
2023-02-14 14:07:16,42,49,7243,12355
2023-02-14 14:07:19,42,50,7243,12355
2023-02-14 14:07:32,42,49,7243,12355
2023-02-14 14:07:51,42,46,7243,12355
2023-02-14 14:07:51,39,46,7243,12355
2023-02-14 14:07:52,39,42,7243,12355
2023-02-14 14:07:56,33,42,7243,12355
2023-02-14 14:07:57,37,42,7243,12355
2023-02-14 14:08:02,37,44,7243,12355
2023-02-14 14:08:04,33,44,7243,12355
2023-02-14 14:08:05,39,44,7243,12355
2023-02-14 14:08:05,39,46,7243,12355
2023-02-14 14:08:19,41,46,7243,12355
2023-02-14 14:08:19,41,48,7243,12355
2023-02-14 14:08:50,43,48,7243,12355
2023-02-14 14:08:51,43,49,7243,12355
2023-02-14 14:08:52,43,50,7243,12355
2023-02-14 14:08:55,43,49,7243,12355
2023-02-14 14:08:59,43,50,7243,12355
2023-02-14 14:09:13,43,52,7243,12355
2023-02-14 14:09:14,33,52,7243,12355
2023-02-14 14:09:14,45,52,7243,12355
2023-02-14 14:09:17,45,48,7243,12355
2023-02-14 14:09:17,45,46,7243,12355
2023-02-14 14:10:26,45,46,7283,12395
2023-02-14 14:10:26,41,46,7283,12395
2023-02-14 14:10:51,41,48,7283,12395
2023-02-14 14:10:52,40,48,7283,12395
2023-02-14 14:10:52,42,48,7283,12395
2023-02-14 14:11:16,43,48,7283,12395
2023-02-14 14:12:21,43,51,7283,12395
2023-02-14 14:12:21,43,51,7283,12395
2023-02-14 14:12:22,43,49,7283,12395
2023-02-14 14:12:49,36,49,7283,12395
2023-02-14 14:12:50,36,51,7283,12395
2023-02-14 14:12:51,36,50,7283,12395
2023-02-14 14:12:51,44,50,7283,12395
2023-02-14 14:13:17,40,50,7283,12395
2023-02-14 14:13:17,45,50,7283,12395
2023-02-14 14:13:47,43,50,7283,12395
2023-02-14 14:13:47,44,50,7283,12395
2023-02-14 14:14:46,44,52,7283,12395
2023-02-14 14:14:47,43,52,7283,12395
2023-02-14 14:14:47,43,53,7283,12395
2023-02-14 14:14:47,45,53,7283,12395
2023-02-14 14:14:48,45,51,7283,12395
2023-02-14 14:15:20,45,51,7285,12397
2023-02-14 14:15:48,44,51,7285,12397
2023-02-14 14:15:49,46,51,7285,12397
2023-02-14 14:16:19,44,51,7285,12397
2023-02-14 14:16:20,44,53,7285,12397
2023-02-14 14:16:20,44,55,7285,12397
2023-02-14 14:16:20,39,55,7285,12397
2023-02-14 14:16:21,43,55,7285,12397
2023-02-14 14:16:21,43,52,7285,12397
2023-02-14 14:16:21,47,52,7285,12397
2023-02-14 14:16:47,47,54,7285,12397
2023-02-14 14:16:47,47,55,7285,12397
2023-02-14 14:16:47,47,53,7285,12397
2023-02-14 14:17:18,48,53,7285,12397
2023-02-14 14:17:47,47,53,7285,12397
2023-02-14 14:18:17,46,53,7285,12397
2023-02-14 14:18:18,48,53,7285,12397
2023-02-14 14:18:47,47,53,7285,12397
2023-02-14 14:18:47,47,56,7285,12397
2023-02-14 14:18:47,47,54,7285,12397
2023-02-14 14:18:47,49,54,7285,12397
2023-02-14 14:19:48,45,54,7285,12397
2023-02-14 14:19:48,46,54,7285,12397
2023-02-14 14:19:49,48,54,7285,12397
2023-02-14 14:20:48,48,56,7285,12397
2023-02-14 14:20:49,48,54,7285,12397
2023-02-14 14:22:17,49,54,7285,12397
2023-02-14 14:23:11,49,52,7285,12397
2023-02-14 14:23:30,49,50,7285,12397
2023-02-14 14:23:41,49,52,7285,12397
2023-02-14 14:23:55,50,52,7285,12397
2023-02-14 14:30:10,50,55,7295,12407
2023-02-14 14:30:25,50,57,7295,12407
2023-02-14 14:30:26,50,56,7295,12407
2023-02-14 14:31:39,50,55,7295,12407
2023-02-14 14:31:42,50,56,7295,12407
2023-02-14 14:31:47,50,54,7295,12407
2023-02-14 14:32:20,50,55,7295,12407
2023-02-14 14:32:47,50,54,7295,12407
2023-02-14 14:34:50,50,55,7295,12407
2023-02-14 14:34:50,50,53,7295,12407
2023-02-14 14:35:20,50,54,7295,12407
2023-02-14 14:35:33,48,54,7295,12417
2023-02-14 14:35:51,48,53,7295,12417
2023-02-14 14:35:51,46,53,7295,12417
2023-02-14 14:35:52,46,51,7295,12417
2023-02-14 14:37:19,44,51,7295,12417
2023-02-14 14:37:19,44,52,7295,12417
2023-02-14 14:37:23,44,50,7295,12417
2023-02-14 14:37:46,43,50,7295,12417
2023-02-14 14:37:46,45,50,7295,12417
2023-02-14 14:38:18,43,50,7295,12417
2023-02-14 14:38:19,43,52,7295,12417
2023-02-14 14:38:19,43,49,7295,12417
2023-02-14 14:38:48,45,49,7295,12417
2023-02-14 14:38:49,45,51,7295,12417
2023-02-14 14:39:17,43,51,7295,12417
2023-02-14 14:39:18,44,51,7295,12417
2023-02-14 14:39:18,46,51,7295,12417
2023-02-14 14:39:19,46,52,7295,12417
2023-02-14 14:39:46,47,52,7295,12417
2023-02-14 14:40:26,47,53,7295,12417
2023-02-14 14:40:51,47,52,7295,12417
2023-02-14 14:40:52,46,52,7295,12417
2023-02-14 14:41:48,44,52,7295,12417
2023-02-14 14:41:48,43,52,7295,12417
2023-02-14 14:41:48,45,52,7295,12417
2023-02-14 14:41:49,45,50,7295,12417
2023-02-14 14:42:20,45,52,7295,12417
2023-02-14 14:42:20,45,51,7295,12417
2023-02-14 14:44:27,45,52,7295,12417
2023-02-14 14:44:27,47,52,7295,12417
2023-02-14 14:44:50,47,54,7295,12417
2023-02-14 14:44:50,47,53,7295,12417
2023-02-14 14:44:50,46,53,7295,12417
2023-02-14 14:44:51,46,51,7295,12417
2023-02-14 14:45:22,46,53,7295,12417
2023-02-14 14:45:22,46,52,7295,12417
2023-02-14 14:45:47,46,54,7295,12417
2023-02-14 14:45:47,43,54,7295,12417
2023-02-14 14:45:48,45,54,7295,12417
2023-02-14 14:45:48,45,51,7295,12417
2023-02-14 14:46:18,47,51,7295,12417
2023-02-14 14:46:19,47,53,7295,12417
2023-02-14 14:47:19,45,53,7295,12417
2023-02-14 14:47:19,43,53,7295,12417
2023-02-14 14:47:19,48,53,7295,12417
2023-02-14 14:47:19,48,56,7295,12417
2023-02-14 14:47:19,48,55,7295,12417
2023-02-14 14:47:23,48,54,7295,12417
2023-02-14 14:47:44,46,54,7295,12595
2023-02-14 14:47:51,46,53,7295,12595
2023-02-14 14:47:52,47,53,7295,12595
2023-02-14 14:48:08,47,52,7295,12595
2023-02-14 14:48:19,47,51,7295,12595
2023-02-14 14:48:19,45,51,7295,12595
2023-02-14 14:48:20,44,51,7295,12595
2023-02-14 14:48:21,46,51,7295,12595
2023-02-14 14:48:52,45,51,7295,12595
2023-02-14 14:50:18,45,50,7295,12595
2023-02-14 14:50:23,45,51,7295,12595
2023-02-14 14:50:42,45,50,7295,12595
2023-02-14 14:50:51,45,49,7295,12595
2023-02-14 14:50:52,44,49,7295,12595
2023-02-14 14:51:07,44,48,7295,12595
2023-02-14 14:51:21,43,48,7295,12595
2023-02-14 14:51:49,42,48,7295,12595
2023-02-14 14:51:50,42,50,7295,12595
2023-02-14 14:51:50,42,52,7295,12595
2023-02-14 14:51:50,42,51,7295,12595
2023-02-14 14:51:51,42,47,7295,12595
2023-02-14 14:51:56,42,47,7295,12695
2023-02-14 14:51:59,47,49,7295,12763
2023-02-14 14:52:06,42,49,7295,12763
2023-02-14 14:52:13,42,49,7295,12863
2023-02-14 14:52:17,49,51,7295,12890
2023-02-14 14:52:25,42,51,7295,12890
2023-02-14 14:52:25,45,51,7295,12890
2023-02-14 14:52:25,47,51,7295,12890
2023-02-14 14:52:26,47,52,7295,12890
2023-02-14 14:52:50,47,54,7295,12890
2023-02-14 14:52:50,49,54,7295,12890
2023-02-14 14:53:19,49,56,7295,12890
2023-02-14 14:53:19,50,56,7295,12890
2023-02-14 14:53:50,52,56,7295,12890
2023-02-14 14:53:50,52,58,7295,12890
2023-02-14 14:54:49,50,58,7295,12890
2023-02-14 14:54:50,49,58,7295,12890
2023-02-14 14:54:50,51,58,7295,12890
2023-02-14 14:54:51,51,56,7295,12890
2023-02-14 14:55:06,51,56,7296,12891
2023-02-14 14:55:19,51,58,7296,13005
2023-02-14 14:55:50,51,57,7296,13005
2023-02-14 14:56:50,52,57,7296,13005
2023-02-14 14:56:55,52,57,7296,13015
2023-02-14 14:56:56,53,57,7296,13015
2023-02-14 14:57:20,53,56,7296,13015
2023-02-14 14:57:27,51,56,7306,13025
2023-02-14 14:57:48,50,56,7306,13025
2023-02-14 14:58:19,51,56,7306,13025
2023-02-14 14:58:51,51,59,7306,13025
2023-02-14 14:58:52,51,57,7306,13025
2023-02-14 14:59:18,51,58,7306,13025
2023-02-14 14:59:18,52,58,7306,13025
2023-02-14 14:59:48,52,57,7306,13025
2023-02-14 14:59:48,51,57,7306,13025
2023-02-14 15:00:26,53,57,7306,13025
2023-02-14 15:00:27,53,58,7306,13025
2023-02-14 15:00:49,53,59,7306,13025
2023-02-14 15:01:15,53,58,7306,13025
2023-02-14 15:01:16,53,57,7306,13025
2023-02-14 15:01:42,51,57,7306,13181
2023-02-14 15:01:48,51,56,7306,13181
2023-02-14 15:01:50,51,57,7306,13181
2023-02-14 15:01:56,51,56,7306,13181
2023-02-14 15:01:57,51,57,7306,13181
2023-02-14 15:02:03,51,56,7306,13181
2023-02-14 15:02:04,51,57,7306,13181
2023-02-14 15:02:13,51,56,7306,13181
2023-02-14 15:02:13,51,55,7306,13181
2023-02-14 15:02:18,47,55,7306,13181
2023-02-14 15:02:19,50,55,7306,13181
2023-02-14 15:02:49,50,55,7327,13202
2023-02-14 15:02:51,50,54,7327,13202
2023-02-14 15:02:51,48,54,7327,13202
2023-02-14 15:03:18,49,54,7327,13202
2023-02-14 15:03:19,51,54,7327,13202
2023-02-14 15:03:20,51,57,7327,13202
2023-02-14 15:03:32,51,59,7327,13352
2023-02-14 15:03:38,51,61,7327,13456
2023-02-14 15:03:48,50,61,7327,13456
2023-02-14 15:03:48,52,61,7327,13456
2023-02-14 15:03:49,52,60,7327,13456
2023-02-14 15:03:49,54,60,7327,13456
2023-02-14 15:04:18,52,60,7327,13456
2023-02-14 15:04:18,55,60,7327,13456
2023-02-14 15:04:48,55,63,7327,13456
2023-02-14 15:04:49,55,61,7327,13456
2023-02-14 15:05:21,55,62,7327,13456
2023-02-14 15:05:21,55,60,7327,13456
2023-02-14 15:05:54,55,62,7327,13456
2023-02-14 15:05:55,55,63,7327,13456
2023-02-14 15:05:56,49,63,7327,13456
2023-02-14 15:05:56,49,61,7327,13456
2023-02-14 15:05:56,52,61,7327,13456
2023-02-14 15:05:56,54,61,7327,13456
2023-02-14 15:05:56,56,61,7327,13456
2023-02-14 15:06:19,55,61,7327,13456
2023-02-14 15:06:39,55,60,7327,13456
2023-02-14 15:06:40,55,61,7327,13456
2023-02-14 15:07:18,55,62,7327,13456
2023-02-14 15:07:19,55,60,7327,13456
2023-02-14 15:07:47,55,62,7327,13456
2023-02-14 15:07:47,49,62,7327,13456
2023-02-14 15:07:48,54,62,7327,13456
2023-02-14 15:07:48,56,62,7327,13456
2023-02-14 15:08:48,56,63,7327,13456
2023-02-14 15:08:48,56,61,7327,13456
2023-02-14 15:09:21,54,61,7327,13456
2023-02-14 15:09:21,52,61,7327,13456
2023-02-14 15:09:21,49,61,7327,13456
2023-02-14 15:09:22,53,61,7327,13456
2023-02-14 15:09:22,53,62,7327,13456
2023-02-14 15:09:22,57,62,7327,13456
2023-02-14 15:09:49,57,64,7327,13456
2023-02-14 15:09:49,58,64,7327,13456
2023-02-14 15:09:49,58,65,7327,13456
2023-02-14 15:09:50,58,63,7327,13456
2023-02-14 15:10:22,56,63,7327,13456
2023-02-14 15:10:22,52,63,7327,13456
2023-02-14 15:10:22,57,63,7327,13456
2023-02-14 15:10:22,57,62,7327,13456
2023-02-14 15:10:23,57,63,7327,13456
2023-02-14 15:10:54,57,65,7327,13456
2023-02-14 15:10:55,62,65,7327,13456
2023-02-14 15:10:55,62,67,7327,13456
2023-02-14 15:11:19,62,66,7327,13456
2023-02-14 15:11:31,62,67,7327,13456
2023-02-14 15:11:49,62,69,7327,13456
2023-02-14 15:11:49,60,69,7327,13456
2023-02-14 15:11:49,61,69,7327,13456
2023-02-14 15:11:49,61,66,7327,13456
2023-02-14 15:12:03,61,65,7327,13456
2023-02-14 15:12:04,61,66,7327,13456
2023-02-14 15:12:15,61,65,7327,13456
2023-02-14 15:12:20,61,64,7327,13456
2023-02-14 15:12:20,59,64,7327,13456
2023-02-14 15:12:49,59,67,7327,13456
2023-02-14 15:12:49,59,66,7327,13456
2023-02-14 15:12:49,59,67,7327,13456
2023-02-14 15:12:49,59,65,7327,13456
2023-02-14 15:13:11,59,63,7327,13456
2023-02-14 15:13:16,59,62,7327,13456
2023-02-14 15:13:18,59,63,7327,13456
2023-02-14 15:13:18,57,63,7327,13456
2023-02-14 15:13:19,56,63,7327,13456
2023-02-14 15:13:19,58,63,7327,13456
2023-02-14 15:13:21,58,64,7327,13456
2023-02-14 15:13:21,58,63,7327,13456
2023-02-14 15:13:24,58,64,7327,13456
2023-02-14 15:13:42,56,64,7327,13578
2023-02-14 15:13:49,56,63,7327,13578
2023-02-14 15:14:11,59,63,7327,13578
2023-02-14 15:14:20,59,61,7327,13578
2023-02-14 15:14:47,59,62,7327,13578
2023-02-14 15:15:22,59,60,7327,13578
2023-02-14 15:15:50,60,65,7327,13598
2023-02-14 15:16:18,59,65,7327,13598
2023-02-14 15:16:48,59,67,7327,13598
2023-02-14 15:16:48,59,68,7327,13598
2023-02-14 15:16:48,60,68,7327,13598
2023-02-14 15:16:48,60,66,7327,13598
2023-02-14 15:17:18,60,65,7327,13598
2023-02-14 15:17:48,60,66,7327,13598
2023-02-14 15:17:48,61,66,7327,13598
2023-02-14 15:18:42,61,65,7327,13598
2023-02-14 15:18:44,61,66,7327,13598
2023-02-14 15:18:44,61,63,7327,13598
2023-02-14 15:18:46,61,63,7287,13638
2023-02-14 15:18:46,61,64,7287,13638
2023-02-14 15:18:48,61,63,7287,13638
2023-02-14 15:18:52,59,63,7287,13638
2023-02-14 15:18:54,59,62,7287,13638
2023-02-14 15:18:58,59,63,7287,13638
2023-02-14 15:18:59,59,62,7287,13638
2023-02-14 15:19:10,57,62,7287,13743
2023-02-14 15:19:22,57,58,7287,13743
2023-02-14 15:19:34,52,58,7287,13743
2023-02-14 15:19:34,52,58,7327,13783
2023-02-14 15:19:47,54,58,7327,13783
2023-02-14 15:19:47,54,60,7327,13783
2023-02-14 15:20:26,54,56,7327,13783
2023-02-14 15:20:49,49,56,7327,13783
2023-02-14 15:20:49,51,56,7327,13783
2023-02-14 15:21:18,49,56,7327,13783
2023-02-14 15:21:50,51,56,7327,13783
2023-02-14 15:21:50,53,56,7327,13783
2023-02-14 15:21:52,53,54,7327,13783
2023-02-14 15:22:51,52,54,7327,13783
2023-02-14 15:23:18,49,54,7327,13783
2023-02-14 15:24:16,48,54,7327,13783
2023-02-14 15:24:42,48,53,7327,13783
2023-02-14 15:24:49,48,52,7327,13783
2023-02-14 15:24:54,48,51,7327,13783
2023-02-14 15:24:56,48,52,7327,13783
2023-02-14 15:25:01,48,53,7327,13783
2023-02-14 15:25:06,48,51,7327,13783
2023-02-14 15:25:13,48,49,7327,13783
2023-02-14 15:25:23,46,49,7327,13783
2023-02-14 15:25:23,46,51,7327,13783
2023-02-14 15:25:23,46,47,7327,13783
2023-02-14 15:25:23,45,47,7327,13783
2023-02-14 15:25:32,45,49,7327,13783
2023-02-14 15:25:36,45,48,7327,13783
2023-02-14 15:25:44,45,47,7327,13783
2023-02-14 15:25:47,43,47,7327,13783
2023-02-14 15:26:15,47,49,7327,13874
2023-02-14 15:26:19,43,48,7327,13874
2023-02-14 15:26:21,48,50,7327,13952
2023-02-14 15:26:29,43,50,7327,13952
2023-02-14 15:26:40,43,48,7327,13952
2023-02-14 15:26:41,48,50,7327,13962
2023-02-14 15:26:44,48,52,7327,14023
2023-02-14 15:26:46,43,52,7327,14023
2023-02-14 15:26:48,44,52,7327,14023
2023-02-14 15:26:48,46,52,7327,14023
2023-02-14 15:26:49,46,53,7327,14023
2023-02-14 15:26:49,46,51,7327,14023
2023-02-14 15:27:00,46,50,7327,14023
2023-02-14 15:27:00,46,48,7327,14023
2023-02-14 15:27:01,48,50,7327,14033
2023-02-14 15:27:06,48,51,7327,14033
2023-02-14 15:27:06,46,51,7327,14033
2023-02-14 15:27:07,46,48,7327,14033
2023-02-14 15:27:16,44,48,7327,14033
2023-02-14 15:27:16,43,48,7327,14033
2023-02-14 15:27:16,45,48,7327,14033
2023-02-14 15:27:16,47,48,7327,14033
2023-02-14 15:27:21,47,50,7327,14033
2023-02-14 15:27:28,47,52,7327,14033
2023-02-14 15:27:45,47,50,7327,14033
2023-02-14 15:27:46,45,50,7327,14033
2023-02-14 15:27:51,50,52,7327,14102
2023-02-14 15:27:57,45,52,7327,14102
2023-02-14 15:28:09,52,54,7327,14172
2023-02-14 15:28:17,45,54,7327,14172
2023-02-14 15:28:18,47,54,7327,14172
2023-02-14 15:28:19,49,54,7327,14172
2023-02-14 15:28:48,50,54,7327,14172
2023-02-14 15:29:07,54,55,7327,14192
2023-02-14 15:29:10,54,55,7328,14193
2023-02-14 15:29:12,50,55,7328,14193
2023-02-14 15:29:17,50,57,7328,14193
2023-02-14 15:29:18,50,59,7328,14193
2023-02-14 15:29:18,50,60,7328,14193
2023-02-14 15:29:18,51,60,7328,14193
2023-02-14 15:29:18,51,58,7328,14193
2023-02-14 15:29:18,51,56,7328,14193
2023-02-14 15:29:47,53,56,7328,14193
2023-02-14 15:29:47,53,58,7328,14193
2023-02-14 15:29:47,53,59,7328,14193
2023-02-14 15:30:12,53,61,7328,14281
2023-02-14 15:30:25,53,63,7328,14281
2023-02-14 15:30:25,55,63,7328,14281
2023-02-14 15:30:25,55,60,7328,14281
2023-02-14 15:30:48,57,60,7328,14281
2023-02-14 15:30:49,57,63,7328,14281
2023-02-14 15:31:08,57,61,7328,14281
2023-02-14 15:31:10,57,62,7328,14281
2023-02-14 15:31:13,55,59,7328,14361
2023-02-14 15:31:16,55,57,7328,14361
2023-02-14 15:31:18,55,60,7328,14361
2023-02-14 15:31:18,55,60,7288,14401
2023-02-14 15:31:18,55,58,7288,14401
2023-02-14 15:31:20,53,58,7288,14425
2023-02-14 15:31:25,53,57,7288,14425
2023-02-14 15:31:26,52,57,7288,14425
2023-02-14 15:31:26,56,57,7288,14425
2023-02-14 15:31:29,54,57,7288,14479
2023-02-14 15:31:31,54,56,7288,14479
2023-02-14 15:31:32,52,56,7288,14535
2023-02-14 15:31:32,52,57,7288,14535
2023-02-14 15:31:40,52,56,7288,14535
2023-02-14 15:31:41,52,57,7288,14535
2023-02-14 15:31:43,52,56,7288,14535
2023-02-14 15:31:45,52,55,7288,14535
2023-02-14 15:31:45,50,55,7288,14590
2023-02-14 15:31:48,48,55,7288,14590
2023-02-14 15:31:49,48,54,7288,14590
2023-02-14 15:31:55,48,53,7288,14590
2023-02-14 15:31:56,46,53,7288,14590
2023-02-14 15:31:56,46,54,7288,14590
2023-02-14 15:31:57,46,52,7288,14590
2023-02-14 15:32:01,48,52,7288,14590
2023-02-14 15:32:05,48,54,7288,14590
2023-02-14 15:32:05,48,57,7288,14590
2023-02-14 15:32:06,48,55,7288,14590
2023-02-14 15:32:13,46,55,7288,14590
2023-02-14 15:32:13,46,57,7288,14590
2023-02-14 15:32:13,46,56,7288,14590
2023-02-14 15:32:14,50,56,7288,14590
2023-02-14 15:32:23,52,56,7288,14590
2023-02-14 15:32:25,52,59,7288,14590
2023-02-14 15:32:26,52,58,7288,14590
2023-02-14 15:32:34,52,57,7288,14590
2023-02-14 15:32:34,50,57,7288,14590
2023-02-14 15:32:45,54,57,7288,14590
2023-02-14 15:32:45,54,61,7288,14590
2023-02-14 15:32:46,54,60,7288,14590
2023-02-14 15:32:47,56,60,7288,14590
2023-02-14 15:32:49,56,63,7288,14590
2023-02-14 15:32:49,56,60,7288,14590
2023-02-14 15:32:50,56,63,7288,14590
2023-02-14 15:32:50,56,62,7288,14590
2023-02-14 15:32:51,51,62,7288,14590
2023-02-14 15:32:51,58,62,7288,14590
2023-02-14 15:32:59,51,62,7288,14590
2023-02-14 15:32:59,60,62,7288,14590
2023-02-14 15:33:02,51,62,7288,14590
2023-02-14 15:33:02,51,62,7328,14630
2023-02-14 15:33:03,51,67,7328,14630
2023-02-14 15:33:03,51,62,7328,14630
2023-02-14 15:33:03,51,69,7328,14630
2023-02-14 15:33:04,51,68,7328,14630
2023-02-14 15:33:05,51,67,7328,14630
2023-02-14 15:33:05,51,66,7328,14630
2023-02-14 15:33:18,53,66,7328,14630
2023-02-14 15:33:18,53,63,7328,14630
2023-02-14 15:33:18,55,63,7328,14630
2023-02-14 15:33:18,57,63,7328,14630
2023-02-14 15:33:22,57,62,7328,14630
2023-02-14 15:33:22,57,63,7328,14630
2023-02-14 15:33:47,57,64,7328,14630
2023-02-14 15:33:47,59,64,7328,14630
2023-02-14 15:34:02,59,62,7328,14630
2023-02-14 15:34:11,59,64,7328,14630
2023-02-14 15:34:11,59,63,7328,14630
2023-02-14 15:34:11,59,63,7328,14639
2023-02-14 15:34:11,59,60,7328,14639
2023-02-14 15:34:26,59,64,7328,14639
2023-02-14 15:34:26,59,62,7328,14639
2023-02-14 15:34:29,59,63,7328,14639
2023-02-14 15:34:30,57,63,7328,14686
2023-02-14 15:34:30,57,60,7328,14686
2023-02-14 15:34:48,55,60,7328,14686
2023-02-14 15:34:48,44,60,7328,14686
2023-02-14 15:34:48,54,60,7328,14686
2023-02-14 15:34:56,54,58,7328,14686
2023-02-14 15:35:01,54,56,7328,14686
2023-02-14 15:35:14,54,56,7288,14726
2023-02-14 15:35:14,54,57,7288,14726
2023-02-14 15:35:14,54,56,7288,14726
2023-02-14 15:35:19,54,55,7288,14726
2023-02-14 15:35:20,54,56,7288,14726
2023-02-14 15:35:20,54,55,7288,14726
2023-02-14 15:35:23,52,55,7288,14726
2023-02-14 15:35:24,52,56,7288,14726
2023-02-14 15:35:30,52,55,7288,14726
2023-02-14 15:35:45,52,54,7288,14726
2023-02-14 15:35:48,50,54,7288,14726
2023-02-14 15:35:48,48,54,7288,14726
2023-02-14 15:35:55,48,56,7288,14726
2023-02-14 15:35:55,48,55,7288,14726
2023-02-14 15:35:57,50,55,7288,14726
2023-02-14 15:35:59,50,56,7288,14726
2023-02-14 15:36:06,50,59,7288,14726
2023-02-14 15:36:06,50,58,7288,14726
2023-02-14 15:36:07,50,57,7288,14726
2023-02-14 15:36:07,50,56,7288,14726
2023-02-14 15:36:09,50,55,7288,14726
2023-02-14 15:36:12,48,55,7288,14726
2023-02-14 15:36:26,48,58,7288,14726
2023-02-14 15:36:26,48,57,7288,14726
2023-02-14 15:36:26,51,57,7288,14726
2023-02-14 15:36:28,51,58,7288,14726
2023-02-14 15:36:29,51,57,7288,14726
2023-02-14 15:36:32,51,56,7288,14726
2023-02-14 15:36:33,49,56,7288,14726
2023-02-14 15:36:34,49,55,7288,14726
2023-02-14 15:36:41,47,55,7288,14726
2023-02-14 15:36:41,51,55,7288,14726
2023-02-14 15:36:42,51,58,7288,14726
2023-02-14 15:36:43,51,57,7288,14726
2023-02-14 15:36:55,51,59,7288,14726
2023-02-14 15:36:55,51,58,7288,14726
2023-02-14 15:36:57,50,58,7288,14726
2023-02-14 15:36:57,54,58,7288,14726
2023-02-14 15:36:57,54,60,7288,14726
2023-02-14 15:36:58,54,59,7288,14726
2023-02-14 15:37:05,54,58,7288,14726
2023-02-14 15:37:06,51,58,7288,14726
2023-02-14 15:37:08,51,60,7288,14726
2023-02-14 15:37:08,51,59,7288,14726
2023-02-14 15:37:08,51,57,7288,14726
2023-02-14 15:37:10,51,56,7288,14726
2023-02-14 15:37:12,50,56,7288,14726
2023-02-14 15:37:20,51,56,7288,14726
2023-02-14 15:37:22,50,56,7288,14726
2023-02-14 15:37:32,50,55,7288,14726
2023-02-14 15:37:33,50,57,7288,14726
2023-02-14 15:37:33,50,54,7288,14726
2023-02-14 15:37:33,50,53,7288,14726
2023-02-14 15:37:42,50,52,7288,14726
2023-02-14 15:37:42,50,51,7288,14726
2023-02-14 15:37:44,50,51,7288,14746
2023-02-14 15:37:45,50,51,7288,14766
2023-02-14 15:37:46,48,50,7288,14781
2023-02-14 15:38:23,44,50,7288,14781
2023-02-14 15:38:28,44,49,7288,14781
2023-02-14 15:38:38,44,50,7288,14781
2023-02-14 15:38:39,44,48,7288,14781
2023-02-14 15:38:43,44,46,7288,14781
2023-02-14 15:38:44,44,46,7268,14801
2023-02-14 15:38:46,42,46,7268,14801
2023-02-14 15:38:48,42,48,7268,14801
2023-02-14 15:39:01,44,48,7268,14801
2023-02-14 15:39:02,44,50,7268,14801
2023-02-14 15:39:04,42,50,7268,14801
2023-02-14 15:39:06,42,48,7268,14801
2023-02-14 15:39:07,42,50,7268,14801
2023-02-14 15:39:07,48,50,7268,14801
2023-02-14 15:39:07,48,51,7273,14806
2023-02-14 15:39:07,48,60,7273,14806
2023-02-14 15:39:08,48,57,7273,14806
2023-02-14 15:39:10,51,57,7273,14806
2023-02-14 15:39:10,51,56,7273,14806
2023-02-14 15:39:10,51,55,7273,14806
2023-02-14 15:39:10,51,54,7273,14806
2023-02-14 15:39:15,51,53,7273,14806
2023-02-14 15:39:16,49,53,7273,14806
2023-02-14 15:39:16,42,53,7273,14806
2023-02-14 15:39:16,42,50,7273,14806
2023-02-14 15:39:16,44,50,7273,14806
2023-02-14 15:39:16,44,48,7273,14806
2023-02-14 15:39:18,44,47,7273,14806
2023-02-14 15:39:41,42,47,7273,14806
2023-02-14 15:39:42,42,46,7273,14806
2023-02-14 15:39:43,42,47,7273,14806
2023-02-14 15:39:43,42,45,7273,14806
2023-02-14 15:39:44,38,45,7273,14806
2023-02-14 15:39:44,38,44,7273,14806
2023-02-14 15:39:44,40,44,7273,14806
2023-02-14 15:39:45,40,45,7273,14806
2023-02-14 15:39:47,42,45,7273,14806
2023-02-14 15:39:50,40,45,7273,14806
2023-02-14 15:39:53,40,44,7273,14806
2023-02-14 15:39:56,40,45,7273,14806
2023-02-14 15:39:57,42,45,7273,14806
2023-02-14 15:39:59,42,47,7273,14806
2023-02-14 15:40:00,45,47,7273,14806
2023-02-14 15:40:00,45,50,7273,14806
2023-02-14 15:40:00,45,49,7273,14806
2023-02-14 15:40:03,45,48,7273,14806
2023-02-14 15:40:15,42,48,7273,14806
2023-02-14 15:40:15,42,47,7273,14806
2023-02-14 15:40:15,42,46,7273,14806
2023-02-14 15:40:18,42,47,7273,14806
2023-02-14 15:40:19,42,50,7268,14811
2023-02-14 15:40:20,44,50,7268,14811
2023-02-14 15:40:24,44,49,7268,14811
2023-02-14 15:40:33,46,49,7268,14811
2023-02-14 15:40:34,46,52,7268,14811
2023-02-14 15:40:34,46,51,7268,14811
2023-02-14 15:40:37,46,52,7268,14811
2023-02-14 15:40:38,49,52,7268,14811
2023-02-14 15:40:38,49,53,7268,14811
2023-02-14 15:40:40,49,55,7268,14811
2023-02-14 15:40:45,46,55,7268,14811
2023-02-14 15:40:45,46,53,7268,14811
2023-02-14 15:40:49,46,52,7268,14811
2023-02-14 15:40:49,46,51,7268,14811
2023-02-14 15:40:53,44,51,7268,14811
2023-02-14 15:41:08,46,51,7268,14811
2023-02-14 15:41:10,46,53,7268,14811
2023-02-14 15:41:10,46,52,7268,14811
2023-02-14 15:41:13,48,52,7268,14811
2023-02-14 15:41:15,46,52,7268,14811
2023-02-14 15:41:17,46,51,7268,14811
2023-02-14 15:41:17,46,50,7268,14811
2023-02-14 15:41:20,46,51,7268,14811
2023-02-14 15:41:21,43,51,7268,14811
2023-02-14 15:41:24,43,49,7268,14811
2023-02-14 15:41:32,41,49,7268,14811
2023-02-14 15:41:32,41,47,7268,14811
2023-02-14 15:41:36,41,49,7268,14811
2023-02-14 15:41:36,42,49,7268,14811
2023-02-14 15:41:36,42,48,7268,14811
2023-02-14 15:41:38,42,47,7268,14811
2023-02-14 15:41:38,41,47,7268,14811
2023-02-14 15:41:41,41,46,7268,14811
2023-02-14 15:41:41,41,43,7268,14811
2023-02-14 15:41:41,38,43,7268,14811
2023-02-14 15:41:50,36,43,7268,14811
2023-02-14 15:41:54,36,41,7268,14811
2023-02-14 15:41:56,35,41,7268,14811
2023-02-14 15:42:00,35,43,7268,14811
2023-02-14 15:42:00,36,43,7268,14811
2023-02-14 15:42:11,38,43,7268,14811
2023-02-14 15:42:13,38,44,7268,14811
2023-02-14 15:42:19,40,44,7268,14811
2023-02-14 15:42:20,38,44,7268,14811
2023-02-14 15:42:25,36,44,7268,14811
2023-02-14 15:42:26,36,43,7268,14811
2023-02-14 15:42:34,36,41,7268,14811
2023-02-14 15:42:41,36,43,7268,14831
2023-02-14 15:42:41,38,43,7268,14831
2023-02-14 15:42:41,38,44,7268,14831
2023-02-14 15:42:44,36,44,7268,14831
2023-02-14 15:42:45,39,44,7268,14831
2023-02-14 15:42:49,36,44,7268,14831
2023-02-14 15:42:50,37,44,7268,14831
2023-02-14 15:42:51,36,44,7268,14831
2023-02-14 15:42:59,38,43,7268,14831
2023-02-14 15:43:00,36,43,7268,14831
2023-02-14 15:43:02,36,41,7268,14831
2023-02-14 15:43:02,34,41,7268,14831
2023-02-14 15:43:03,34,39,7268,14831
2023-02-14 15:43:04,32,39,7268,14831
2023-02-14 15:43:07,33,39,7268,14831
2023-02-14 15:43:08,34,39,7268,14831
2023-02-14 15:43:09,34,44,7268,14831
2023-02-14 15:43:09,34,41,7268,14831
2023-02-14 15:43:11,32,41,7268,14831
2023-02-14 15:43:11,35,41,7268,14831
2023-02-14 15:43:23,32,41,7268,14831
2023-02-14 15:43:24,33,41,7268,14831
2023-02-14 15:43:24,33,39,7268,14831
2023-02-14 15:43:25,32,39,7268,14831
2023-02-14 15:43:29,33,39,7268,14831
2023-02-14 15:43:31,33,44,7268,14831
2023-02-14 15:43:31,32,44,7268,14831
2023-02-14 15:43:32,34,41,7268,14831
2023-02-14 15:43:37,32,41,7268,14831
2023-02-14 15:43:37,32,44,7268,14831
2023-02-14 15:43:37,32,39,7268,14831
2023-02-14 15:43:52,33,39,7268,14831
2023-02-14 15:43:52,33,44,7268,14871
2023-02-14 15:43:53,36,44,7268,14871
2023-02-14 15:44:12,32,44,7268,14871
2023-02-14 15:44:16,30,44,7268,14871
2023-02-14 15:44:19,30,43,7268,14871
2023-02-14 15:44:20,31,43,7268,14871
2023-02-14 15:44:21,30,43,7268,14871
2023-02-14 15:44:22,29,43,7268,14871
2023-02-14 15:44:23,32,43,7268,14871
2023-02-14 15:44:23,32,44,7268,14871
2023-02-14 15:44:43,32,34,7268,14871
2023-02-14 15:44:44,29,34,7268,14911
2023-02-14 15:44:44,29,33,7268,14911
2023-02-14 15:44:46,27,33,7268,14911
2023-02-14 15:44:50,29,33,7268,14911
2023-02-14 15:44:52,27,33,7268,14911
2023-02-14 15:44:56,28,33,7268,14911
2023-02-14 15:44:57,30,33,7268,14911
2023-02-14 15:44:58,30,34,7268,14911
2023-02-14 15:44:59,31,34,7268,14911
2023-02-14 15:45:00,30,34,7268,14911
2023-02-14 15:45:01,32,34,7268,14911
2023-02-14 15:45:01,33,34,7268,14911
2023-02-14 15:45:03,33,39,7268,14931
2023-02-14 15:45:06,33,38,7268,14931
2023-02-14 15:45:06,30,38,7268,14931
2023-02-14 15:45:06,31,38,7268,14931
2023-02-14 15:45:08,31,37,7268,14931
2023-02-14 15:45:09,30,37,7268,14931
2023-02-14 15:45:10,30,36,7268,14931
2023-02-14 15:45:15,27,36,7268,14931
2023-02-14 15:45:15,27,35,7268,14931
2023-02-14 15:45:18,29,35,7268,14931
2023-02-14 15:45:21,31,35,7268,14931
2023-02-14 15:45:21,31,44,7268,14931
2023-02-14 15:45:21,31,43,7268,14931
2023-02-14 15:45:21,31,41,7268,14931
2023-02-14 15:45:21,31,37,7268,14931
2023-02-14 15:45:22,31,41,7268,14931
2023-02-14 15:45:22,31,40,7268,14931
2023-02-14 15:45:22,34,40,7268,14931
2023-02-14 15:45:23,34,44,7268,14931
2023-02-14 15:45:23,34,43,7268,14931
2023-02-14 15:45:23,36,43,7268,14931
2023-02-14 15:45:36,34,43,7268,14931
2023-02-14 15:45:36,34,44,7268,14931
2023-02-14 15:45:36,34,41,7268,14931
2023-02-14 15:45:50,34,38,7268,14931
2023-02-14 15:45:50,31,38,7268,14931
2023-02-14 15:46:01,33,38,7268,14931
2023-02-14 15:46:01,33,44,7268,14931
2023-02-14 15:46:01,35,44,7268,14931
2023-02-14 15:46:01,35,42,7268,14931
2023-02-14 15:46:02,37,42,7268,14931
2023-02-14 15:46:03,37,44,7268,14931
2023-02-14 15:46:03,37,43,7268,14931
2023-02-14 15:46:03,35,43,7268,14931
2023-02-14 15:46:03,38,43,7268,14931
2023-02-14 15:46:04,38,44,7268,14931
2023-02-14 15:46:09,38,43,7268,14931
2023-02-14 15:46:09,35,43,7268,14931
2023-02-14 15:46:09,35,42,7268,14931
2023-02-14 15:46:20,33,42,7268,14931
2023-02-14 15:46:20,33,44,7268,14931
2023-02-14 15:46:21,33,40,7268,14931
2023-02-14 15:46:22,36,40,7268,14931
2023-02-14 15:46:30,36,44,7268,14971
2023-02-14 15:46:36,36,43,7268,14971
2023-02-14 15:46:41,37,43,7268,14971
2023-02-14 15:46:46,38,43,7268,14971
2023-02-14 15:47:12,41,43,7268,14971
2023-02-14 15:47:13,38,43,7268,14971
2023-02-14 15:47:13,38,44,7268,15011
2023-02-14 15:47:13,42,44,7268,15011
2023-02-14 15:47:14,43,44,7268,15011
2023-02-14 15:47:19,46,50,7268,15013
2023-02-14 15:47:19,46,49,7268,15013
2023-02-14 15:47:21,46,48,7268,15013
2023-02-14 15:47:24,42,46,7268,15063
2023-02-14 15:47:25,40,46,7268,15063
2023-02-14 15:47:30,40,52,7268,15063
2023-02-14 15:47:30,42,52,7268,15063
2023-02-14 15:47:31,42,49,7268,15063
2023-02-14 15:47:31,42,48,7268,15063
2023-02-14 15:47:34,40,48,7268,15063
2023-02-14 15:47:35,40,47,7268,15063
2023-02-14 15:47:37,38,47,7268,15063
2023-02-14 15:47:44,38,47,7268,15063
2023-02-14 15:47:44,39,47,7268,15063
2023-02-14 15:47:45,39,46,7268,15063
2023-02-14 15:47:45,38,46,7268,15063
2023-02-14 15:47:46,38,45,7268,15063
2023-02-14 15:47:46,38,44,7268,15063
2023-02-14 15:48:01,40,44,7268,15063
2023-02-14 15:48:01,42,44,7268,15063
2023-02-14 15:48:03,42,49,7268,15163
2023-02-14 15:48:03,42,48,7268,15163
2023-02-14 15:48:04,42,49,7268,15163
2023-02-14 15:48:04,42,48,7268,15163
2023-02-14 15:48:08,43,48,7268,15163
2023-02-14 15:48:08,42,48,7268,15163
2023-02-14 15:48:13,38,48,7268,15163
2023-02-14 15:48:14,40,48,7268,15163
2023-02-14 15:48:14,40,47,7268,15163
2023-02-14 15:48:15,40,46,7268,15163
2023-02-14 15:48:21,38,46,7268,15163
2023-02-14 15:48:21,38,52,7268,15163
2023-02-14 15:48:21,38,45,7268,15163
2023-02-14 15:48:22,38,44,7268,15163
2023-02-14 15:48:28,39,44,7268,15163
2023-02-14 15:48:29,38,44,7268,15163
2023-02-14 15:48:32,38,43,7268,15163
2023-02-14 15:48:33,38,42,7268,15163
2023-02-14 15:48:36,36,42,7268,15163
2023-02-14 15:48:37,35,42,7268,15163
2023-02-14 15:48:44,35,41,7268,15163
2023-02-14 15:48:44,35,40,7268,15163
2023-02-14 15:48:49,33,40,7268,15163
2023-02-14 15:48:49,36,40,7268,15163
2023-02-14 15:49:01,36,41,7268,15163
2023-02-14 15:49:03,36,43,7268,15163
2023-02-14 15:49:06,36,52,7268,15203
2023-02-14 15:49:07,36,51,7268,15203
2023-02-14 15:49:07,38,51,7268,15203
2023-02-14 15:49:12,37,51,7268,15203
2023-02-14 15:49:17,36,51,7268,15203
2023-02-14 15:49:20,36,51,7268,15223
2023-02-14 15:49:25,32,36,7268,15243
2023-02-14 15:49:25,32,35,7268,15243
2023-02-14 15:49:30,31,35,7268,15243
2023-02-14 15:49:30,31,36,7268,15243
2023-02-14 15:49:31,32,36,7268,15243
2023-02-14 15:49:32,35,36,7268,15243
2023-02-14 15:49:37,35,52,7268,15283
2023-02-14 15:49:37,35,51,7268,15283
2023-02-14 15:49:38,33,51,7268,15283
2023-02-14 15:49:38,37,51,7268,15283
2023-02-14 15:49:44,35,51,7268,15283
2023-02-14 15:49:46,36,51,7268,15283
2023-02-14 15:49:50,35,51,7268,15283
2023-02-14 15:49:56,36,51,7268,15283
2023-02-14 15:49:58,35,51,7268,15283
2023-02-14 15:50:01,49,51,7268,15283
2023-02-14 15:50:01,35,51,7268,15323
2023-02-14 15:50:01,46,51,7268,15323
2023-02-14 15:50:01,46,49,7268,15323
2023-02-14 15:50:04,49,52,7268,15363
2023-02-14 15:50:05,49,52,7268,15383
2023-02-14 15:50:06,49,58,7268,15383
2023-02-14 15:50:09,40,58,7268,15383
2023-02-14 15:50:09,35,58,7268,15383
2023-02-14 15:50:10,35,57,7268,15383
2023-02-14 15:50:11,37,57,7268,15383
2023-02-14 15:50:12,39,57,7268,15383
2023-02-14 15:50:14,35,57,7268,15383
2023-02-14 15:50:14,35,58,7268,15383
2023-02-14 15:50:14,48,58,7268,15383
2023-02-14 15:50:16,48,64,7268,15383
2023-02-14 15:50:16,48,63,7268,15383
2023-02-14 15:50:16,48,70,7268,15383
2023-02-14 15:50:16,48,69,7268,15383
2023-02-14 15:50:17,35,69,7268,15383
2023-02-14 15:50:17,46,69,7268,15383
2023-02-14 15:50:20,44,69,7268,15383
2023-02-14 15:50:23,35,69,7268,15383
2023-02-14 15:50:23,42,69,7268,15383
2023-02-14 15:50:25,40,69,7268,15383
2023-02-14 15:50:26,36,69,7268,15383
2023-02-14 15:50:27,36,66,7268,15383
2023-02-14 15:50:31,35,66,7268,15383
2023-02-14 15:50:32,38,66,7268,15383
2023-02-14 15:50:32,38,68,7268,15383
2023-02-14 15:50:32,38,67,7268,15383
2023-02-14 15:50:34,35,67,7268,15383
2023-02-14 15:50:34,35,62,7268,15383
2023-02-14 15:50:40,35,60,7268,15383
2023-02-14 15:50:45,35,58,7268,15383
2023-02-14 15:50:46,35,57,7268,15383
2023-02-14 15:50:51,35,61,7268,15383
2023-02-14 15:50:53,35,76,7268,15383
2023-02-14 15:50:53,35,63,7268,15383
2023-02-14 15:50:59,35,78,7268,15383
2023-02-14 15:50:59,35,85,7268,15383
2023-02-14 15:50:59,35,61,7268,15383
2023-02-14 15:51:02,35,76,7268,15383
2023-02-14 15:51:02,35,75,7268,15383
2023-02-14 15:51:02,35,76,7268,15383
2023-02-14 15:51:02,35,59,7268,15383
2023-02-14 15:51:08,35,61,7268,15383
2023-02-14 15:51:10,35,59,7268,15383
2023-02-14 15:51:11,35,58,7268,15383
2023-02-14 15:51:12,35,59,7268,15383
2023-02-14 15:51:14,36,59,7268,15383
2023-02-14 15:51:18,36,85,7268,15383
2023-02-14 15:51:18,36,56,7268,15383
2023-02-14 15:51:23,36,85,7268,15383
2023-02-14 15:51:23,36,54,7268,15383
2023-02-14 15:51:26,36,53,7268,15383
2023-02-14 15:51:34,36,54,7268,15383
2023-02-14 15:51:36,36,53,7268,15383
2023-02-14 15:51:37,36,54,7268,15383
2023-02-14 15:51:39,36,69,7268,15383
2023-02-14 15:51:39,36,56,7268,15383
2023-02-14 15:51:39,36,55,7268,15383
2023-02-14 15:51:42,36,56,7268,15383
2023-02-14 15:51:44,36,61,7268,15383
2023-02-14 15:51:45,36,67,7268,15383
2023-02-14 15:51:45,37,67,7268,15383
2023-02-14 15:51:45,37,66,7268,15383
2023-02-14 15:51:46,37,67,7268,15383
2023-02-14 15:51:47,36,67,7268,15383
2023-02-14 15:51:47,36,69,7268,15383
2023-02-14 15:51:47,39,69,7268,15383
2023-02-14 15:51:50,39,80,7268,15383
2023-02-14 15:51:51,39,65,7268,15383
2023-02-14 15:51:51,36,65,7268,15383
2023-02-14 15:51:53,37,65,7268,15383
2023-02-14 15:51:53,37,67,7268,15383
2023-02-14 15:51:57,36,67,7268,15383
2023-02-14 15:51:57,36,65,7268,15383
2023-02-14 15:52:01,36,80,7268,15383
2023-02-14 15:52:01,37,80,7268,15383
2023-02-14 15:52:01,37,79,7268,15383
2023-02-14 15:52:01,37,80,7268,15383
2023-02-14 15:52:01,37,82,7268,15383
2023-02-14 15:52:01,37,67,7268,15383
2023-02-14 15:52:03,39,67,7268,15383
2023-02-14 15:52:03,39,85,7268,15383
2023-02-14 15:52:03,39,84,7268,15383
2023-02-14 15:52:16,36,69,7268,15383
2023-02-14 15:52:16,36,68,7268,15383
2023-02-14 15:52:16,36,65,7268,15383
2023-02-14 15:52:24,36,62,7268,15383
2023-02-14 15:52:30,36,77,7268,15383
2023-02-14 15:52:30,36,64,7268,15383
2023-02-14 15:52:30,34,64,7268,15383
2023-02-14 15:52:31,34,63,7268,15383
2023-02-14 15:52:31,34,64,7268,15383
2023-02-14 15:52:35,34,85,7268,15383
2023-02-14 15:52:35,32,85,7268,15383
2023-02-14 15:52:35,32,62,7268,15383
2023-02-14 15:52:42,17,62,7268,15383
2023-02-14 15:52:42,17,60,7268,15383
2023-02-14 15:52:42,30,60,7268,15383
2023-02-14 15:52:47,31,60,7268,15383
2023-02-14 15:52:48,31,73,7268,15383
2023-02-14 15:52:48,31,58,7268,15383
2023-02-14 15:52:50,31,51,7268,15383
2023-02-14 15:52:57,31,56,7268,15383
2023-02-14 15:53:06,31,67,7268,15383
2023-02-14 15:53:07,31,52,7268,15383
2023-02-14 15:53:10,31,51,7268,15383
2023-02-14 15:53:11,31,50,7268,15383
2023-02-14 15:53:15,31,49,7268,15383
2023-02-14 15:53:20,31,48,7268,15383
2023-02-14 15:53:21,31,47,7268,15383
2023-02-14 15:53:28,31,45,7268,15383
2023-02-14 15:53:30,31,60,7268,15383
2023-02-14 15:53:30,31,85,7268,15383
2023-02-14 15:53:30,31,59,7268,15383
2023-02-14 15:53:30,31,85,7268,15383
2023-02-14 15:53:30,31,41,7268,15383
2023-02-14 15:53:37,31,56,7268,15383
2023-02-14 15:53:37,31,43,7268,15383
2023-02-14 15:53:38,31,42,7268,15383
2023-02-14 15:53:38,31,43,7268,15383
2023-02-14 15:53:46,31,45,7268,15383
2023-02-14 15:53:48,31,44,7268,15383
2023-02-14 15:53:48,31,45,7268,15383
2023-02-14 15:53:52,31,85,7268,15383
2023-02-14 15:53:52,31,58,7268,15383
2023-02-14 15:53:52,31,43,7268,15383
2023-02-14 15:53:57,31,85,7268,15383
2023-02-14 15:53:58,31,41,7268,15383
2023-02-14 15:54:01,31,45,7268,15383
2023-02-14 15:54:02,17,45,7268,15383
2023-02-14 15:54:06,17,85,7268,15383
2023-02-14 15:54:06,17,43,7268,15383
2023-02-14 15:54:08,17,47,7268,15383
2023-02-14 15:54:11,19,47,7268,15383
2023-02-14 15:54:11,19,64,7268,15383
2023-02-14 15:54:12,19,49,7268,15383
2023-02-14 15:54:19,20,49,7268,15383
2023-02-14 15:54:20,20,51,7268,15383
2023-02-14 15:54:21,21,51,7268,15383
2023-02-14 15:54:23,24,51,7268,15383
2023-02-14 15:54:24,24,54,7268,15383
2023-02-14 15:54:31,27,54,7268,15383
2023-02-14 15:54:31,27,57,7268,15383
2023-02-14 15:54:38,27,72,7268,15383
2023-02-14 15:54:38,20,85,7268,15383
2023-02-14 15:54:38,30,85,7268,15383
2023-02-14 15:54:38,30,75,7268,15383
2023-02-14 15:54:38,30,60,7268,15383
2023-02-14 15:54:40,30,75,7268,15383
2023-02-14 15:54:40,30,48,7268,15383
2023-02-14 15:54:41,20,48,7268,15383
2023-02-14 15:54:41,20,54,7268,15383
2023-02-14 15:54:42,20,39,7268,15383
2023-02-14 15:54:43,20,54,7268,15383
2023-02-14 15:54:44,20,37,7268,15383
2023-02-14 15:54:46,20,52,7268,15383
2023-02-14 15:54:46,20,39,7268,15383
2023-02-14 15:54:50,20,54,7268,15383
2023-02-14 15:54:50,20,36,7268,15383
2023-02-14 15:54:51,20,49,7268,15383
2023-02-14 15:54:51,20,34,7268,15383
2023-02-14 15:55:00,20,49,7268,15383
2023-02-14 15:55:01,20,48,7268,15383
2023-02-14 15:55:01,20,44,7268,15383
2023-02-14 15:55:01,20,29,7268,15383
2023-02-14 15:55:03,20,25,7268,15383
2023-02-14 15:55:11,20,40,7268,15383
2023-02-14 15:55:11,20,85,7268,15383
2023-02-14 15:55:11,20,23,7268,15383
2023-02-14 15:55:15,17,20,7268,15458
2023-02-14 15:55:19,17,20,7368,15558
2023-02-14 15:55:19,17,22,7368,15583
2023-02-14 15:55:19,17,24,7368,15583
2023-02-14 15:55:22,17,22,7368,15583
2023-02-14 15:55:23,17,37,7368,15583
2023-02-14 15:55:23,17,85,7368,15583
2023-02-14 15:55:23,17,24,7368,15583
2023-02-14 15:55:27,18,24,7368,15583
2023-02-14 15:55:30,18,39,7368,15603
2023-02-14 15:55:33,18,85,7368,15603
2023-02-14 15:55:33,18,37,7368,15603
2023-02-14 15:55:36,18,85,7368,15603
2023-02-14 15:55:36,18,39,7368,15603
2023-02-14 15:55:39,18,85,7368,15603
2023-02-14 15:55:39,18,37,7368,15603
2023-02-14 15:55:44,18,85,7368,15603
2023-02-14 15:55:44,18,84,7368,15603
2023-02-14 15:55:44,18,40,7368,15603
2023-02-14 15:55:45,18,85,7368,15603
2023-02-14 15:55:45,18,84,7368,15603
2023-02-14 15:55:45,18,43,7368,15603
2023-02-14 15:55:50,18,43,7368,15613
2023-02-14 15:55:50,18,85,7368,15613
2023-02-14 15:55:51,18,45,7368,15613
2023-02-14 15:55:53,18,85,7368,15613
2023-02-14 15:55:53,18,43,7368,15613
2023-02-14 15:55:55,18,85,7368,15613
2023-02-14 15:55:55,18,40,7368,15613
2023-02-14 15:55:59,18,40,7368,15633
2023-02-14 15:56:00,18,38,7368,15633
2023-02-14 15:56:02,19,38,7368,15633
2023-02-14 15:56:14,19,85,7368,15633
2023-02-14 15:56:14,19,36,7368,15633
2023-02-14 15:56:24,18,36,7368,15673
2023-02-14 15:56:27,18,39,7368,15673
2023-02-14 15:56:27,18,41,7368,15673
2023-02-14 15:56:31,18,85,7368,15673
2023-02-14 15:56:31,18,39,7368,15673
2023-02-14 15:56:36,18,85,7368,15673
2023-02-14 15:56:36,18,41,7368,15673
2023-02-14 15:56:38,18,85,7368,15673
2023-02-14 15:56:38,18,84,7368,15673
2023-02-14 15:56:39,18,39,7368,15673
2023-02-14 15:56:41,18,39,7368,15683
2023-02-14 15:56:48,18,85,7368,15683
2023-02-14 15:56:49,18,43,7368,15683
2023-02-14 15:56:50,18,43,7368,15693
2023-02-14 15:56:51,18,85,7368,15693
2023-02-14 15:56:51,18,45,7368,15693
2023-02-14 15:56:52,18,85,7368,15693
2023-02-14 15:56:52,18,50,7368,15693
2023-02-14 15:56:52,19,50,7368,15693
2023-02-14 15:56:56,18,50,7368,15693
2023-02-14 15:56:56,18,53,7368,15693
2023-02-14 15:56:56,22,53,7368,15693
2023-02-14 15:57:01,18,53,7368,15693
2023-02-14 15:57:01,20,85,7368,15693
2023-02-14 15:57:01,20,84,7368,15693
2023-02-14 15:57:01,20,51,7368,15693
2023-02-14 15:57:03,20,55,7368,15693
2023-02-14 15:57:03,18,55,7368,15693
2023-02-14 15:57:04,24,55,7368,15693
2023-02-14 15:57:04,24,85,7368,15693
2023-02-14 15:57:04,28,85,7368,15693
2023-02-14 15:57:04,28,84,7368,15693
2023-02-14 15:57:04,28,59,7368,15693
2023-02-14 15:57:06,28,61,7368,15693
2023-02-14 15:57:06,30,61,7368,15693
2023-02-14 15:57:07,30,49,7368,15693
2023-02-14 15:57:07,36,49,7368,15693
2023-02-14 15:57:10,43,49,7368,15693
2023-02-14 15:57:13,49,67,7368,15718
2023-02-14 15:57:13,49,85,7368,15718
2023-02-14 15:57:13,49,74,7368,15718
2023-02-14 15:57:14,49,85,7368,15718
2023-02-14 15:57:14,52,85,7368,15718
2023-02-14 15:57:14,52,84,7368,15718
2023-02-14 15:57:15,52,83,7368,15718
2023-02-14 15:57:16,54,83,7368,15718
2023-02-14 15:57:16,54,85,7368,15718
2023-02-14 15:57:16,54,84,7368,15718
2023-02-14 15:57:18,54,83,7368,15718
2023-02-14 15:57:19,52,83,7368,15718
2023-02-14 15:57:20,52,79,7368,15718
2023-02-14 15:57:20,48,79,7368,15718
2023-02-14 15:57:22,52,79,7368,15718
2023-02-14 15:57:22,52,85,7368,15718
2023-02-14 15:57:22,52,84,7368,15718
2023-02-14 15:57:23,52,83,7368,15718
2023-02-14 15:57:24,52,85,7368,15718
2023-02-14 15:57:24,52,78,7368,15718
2023-02-14 15:57:25,47,78,7368,15718
2023-02-14 15:57:25,33,78,7368,15718
2023-02-14 15:57:25,44,78,7368,15718
2023-02-14 15:57:26,44,85,7368,15718
2023-02-14 15:57:26,44,75,7368,15718
2023-02-14 15:57:26,41,75,7368,15718
2023-02-14 15:57:27,41,72,7368,15718
2023-02-14 15:57:28,41,85,7368,15718
2023-02-14 15:57:28,41,69,7368,15718
2023-02-14 15:57:28,38,69,7368,15718
2023-02-14 15:57:29,38,85,7368,15718
2023-02-14 15:57:29,24,85,7368,15718
2023-02-14 15:57:29,24,84,7368,15718
2023-02-14 15:57:29,22,84,7368,15718
2023-02-14 15:57:29,36,84,7368,15718
2023-02-14 15:57:32,22,67,7368,15718
2023-02-14 15:57:32,38,67,7368,15718
2023-02-14 15:57:32,38,69,7368,15718
2023-02-14 15:57:33,24,69,7368,15718
2023-02-14 15:57:33,31,69,7368,15718
2023-02-14 15:57:33,45,69,7368,15718
2023-02-14 15:57:33,45,76,7368,15718
2023-02-14 15:57:34,45,75,7368,15718
2023-02-14 15:57:36,31,75,7368,15718
2023-02-14 15:57:36,34,75,7368,15718
2023-02-14 15:57:36,48,75,7368,15718
2023-02-14 15:57:37,52,75,7368,15718
2023-02-14 15:57:37,38,75,7368,15738
2023-02-14 15:57:37,38,51,7368,15738
2023-02-14 15:57:38,36,51,7368,15738
2023-02-14 15:57:43,34,51,7368,15738
2023-02-14 15:57:44,34,64,7368,15758
2023-02-14 15:57:45,34,79,7368,15758
2023-02-14 15:57:45,37,79,7368,15758
2023-02-14 15:57:45,37,78,7368,15758
2023-02-14 15:57:46,37,82,7368,15758
2023-02-14 15:57:46,37,67,7368,15758
2023-02-14 15:57:48,37,64,7368,15758
2023-02-14 15:57:48,34,64,7368,15758
2023-02-14 15:57:48,34,36,7368,15758
2023-02-14 15:57:49,17,36,7368,15758
2023-02-14 15:57:50,31,36,7368,15758
2023-02-14 15:57:50,36,64,7368,15778
2023-02-14 15:57:50,36,63,7368,15778
2023-02-14 15:57:50,36,61,7368,15778
2023-02-14 15:57:51,36,76,7368,15778
2023-02-14 15:57:51,36,84,7368,15778
2023-02-14 15:57:51,36,70,7368,15778
2023-02-14 15:57:51,36,55,7368,15778
2023-02-14 15:57:52,36,52,7368,15778
2023-02-14 15:57:58,22,67,7368,15778
2023-02-14 15:57:58,22,84,7368,15778
2023-02-14 15:57:58,17,84,7368,15778
2023-02-14 15:57:59,17,83,7368,15778
2023-02-14 15:57:59,17,56,7368,15778
2023-02-14 15:57:59,26,56,7368,15778
2023-02-14 15:58:01,45,56,7368,15778
2023-02-14 15:58:01,45,71,7368,15778
2023-02-14 15:58:02,45,75,7368,15778
2023-02-14 15:58:03,49,75,7368,15778
2023-02-14 15:58:03,49,79,7368,15778
2023-02-14 15:58:04,38,79,7368,15778
2023-02-14 15:58:05,38,83,7368,15778
2023-02-14 15:58:05,53,83,7368,15778
2023-02-14 15:58:05,17,83,7368,15778
2023-02-14 15:58:05,17,84,7368,15778
2023-02-14 15:58:06,55,84,7368,15778
2023-02-14 15:58:07,40,84,7368,15778
2023-02-14 15:58:08,53,83,7368,15778
2023-02-14 15:58:08,48,83,7368,15778
2023-02-14 15:58:08,48,82,7368,15778
2023-02-14 15:58:08,48,78,7368,15778
2023-02-14 15:58:11,17,78,7368,15778
2023-02-14 15:58:11,44,78,7368,15778
2023-02-14 15:58:11,44,48,7368,15778
2023-02-14 15:58:12,42,48,7368,15778
2023-02-14 15:58:12,48,74,7368,15798
2023-02-14 15:58:12,48,84,7368,15798
2023-02-14 15:58:12,48,73,7368,15798
2023-02-14 15:58:12,48,72,7368,15798
2023-02-14 15:58:16,48,84,7368,15798
2023-02-14 15:58:16,48,76,7368,15798
2023-02-14 15:58:17,46,76,7368,15798
2023-02-14 15:58:18,47,76,7368,15798
2023-02-14 15:58:18,62,76,7368,15798
2023-02-14 15:58:18,47,76,7388,15818
2023-02-14 15:58:18,47,84,7388,15818
2023-02-14 15:58:20,47,78,7388,15818
2023-02-14 15:58:24,47,76,7388,15818
2023-02-14 15:58:24,46,76,7388,15818
2023-02-14 15:58:26,45,76,7388,15818
2023-02-14 15:58:27,45,74,7388,15818
2023-02-14 15:58:27,44,74,7388,15818
2023-02-14 15:58:30,44,84,7388,15818
2023-02-14 15:58:30,43,84,7388,15818
2023-02-14 15:58:30,43,71,7388,15818
2023-02-14 15:58:30,17,71,7388,15818
2023-02-14 15:58:31,40,71,7388,15818
2023-02-14 15:58:35,40,84,7388,15818
2023-02-14 15:58:38,55,83,7388,15818
2023-02-14 15:58:41,17,83,7388,15818
2023-02-14 15:58:41,52,83,7388,15818
2023-02-14 15:58:44,52,81,7388,15818
2023-02-14 15:58:44,50,81,7388,15818
2023-02-14 15:58:46,50,84,7388,15818
2023-02-14 15:58:46,53,84,7388,15818
2023-02-14 15:58:46,53,83,7388,15818
2023-02-14 15:58:49,53,82,7388,15818
2023-02-14 15:58:50,51,82,7388,15818
2023-02-14 15:58:55,17,82,7388,15818
2023-02-14 15:58:55,56,82,7388,15818
2023-02-14 15:58:56,56,83,7388,15818
2023-02-14 15:58:57,17,83,7388,15818
2023-02-14 15:58:57,58,83,7388,15818
2023-02-14 15:58:58,17,83,7388,15818
2023-02-14 15:59:01,54,83,7388,15818
2023-02-14 15:59:03,17,83,7388,15818
2023-02-14 15:59:03,59,83,7388,15818
2023-02-14 15:59:04,59,82,7388,15818
2023-02-14 15:59:04,17,82,7388,15818
2023-02-14 15:59:04,54,82,7388,15818
2023-02-14 15:59:07,52,82,7388,15818
2023-02-14 15:59:10,17,82,7388,15818
2023-02-14 15:59:10,56,82,7388,15818
2023-02-14 15:59:12,59,82,7388,15818
2023-02-14 15:59:13,17,82,7388,15818
2023-02-14 15:59:14,61,82,7388,15818
2023-02-14 15:59:14,17,82,7388,15818
2023-02-14 15:59:14,64,82,7388,15818
2023-02-14 15:59:17,17,82,7388,15818
2023-02-14 15:59:20,17,82,7388,15818
2023-02-14 15:59:20,69,82,7388,15818
2023-02-14 15:59:25,17,82,7388,15818
2023-02-14 15:59:25,67,82,7388,15818
2023-02-14 15:59:26,67,84,7388,15908
2023-02-14 15:59:26,67,83,7388,15908
2023-02-14 15:59:27,17,83,7388,15908
2023-02-14 15:59:27,70,83,7388,15908
2023-02-14 15:59:30,13,83,7383,15958
2023-02-14 15:59:40,13,83,7383,15969
2023-02-14 15:59:44,13,84,7383,15969
2023-02-14 15:59:48,13,100,9288,18054
2023-02-14 15:59:49,70,100,9288,18054
