datetime,bid,ask,open_interest,volume
2023-05-17 09:31:04,46,48,1692,2826
2023-05-17 09:31:04,46,48,1892,3026
2023-05-17 09:31:05,47,48,1892,3026
2023-05-17 09:31:05,46,48,2092,3226
2023-05-17 09:31:06,46,48,2292,3426
2023-05-17 09:31:08,46,48,2492,3626
2023-05-17 09:31:11,46,48,2692,3826
2023-05-17 09:31:14,47,48,2692,3826
2023-05-17 09:31:15,47,48,2892,4026
2023-05-17 09:31:25,46,47,2892,4043
2023-05-17 09:31:25,46,48,2892,4043
2023-05-17 09:31:25,47,48,2892,4043
2023-05-17 09:31:40,47,49,2892,4065
2023-05-17 09:31:50,47,48,2892,4065
2023-05-17 09:31:52,46,47,2892,4085
2023-05-17 09:31:52,46,48,2892,4085
2023-05-17 09:31:53,46,48,3092,4285
2023-05-17 09:31:54,46,47,3092,4285
2023-05-17 09:31:55,45,46,3092,4325
2023-05-17 09:31:55,45,47,3092,4325
2023-05-17 09:31:56,44,47,3292,4525
2023-05-17 09:32:04,44,46,3292,4525
2023-05-17 09:32:06,44,45,3292,4525
2023-05-17 09:32:07,44,45,3492,4725
2023-05-17 09:32:08,42,45,3492,4725
2023-05-17 09:32:10,42,44,3492,4725
2023-05-17 09:32:22,42,45,3492,4725
2023-05-17 09:32:34,44,45,3492,4725
2023-05-17 09:33:11,42,45,3492,4725
2023-05-17 09:33:42,44,45,3492,4725
2023-05-17 09:35:06,45,46,3492,4745
2023-05-17 09:35:06,44,46,3492,4745
2023-05-17 09:35:50,44,46,3492,4755
2023-05-17 09:35:50,44,45,3492,4755
2023-05-17 09:36:17,44,46,3492,4755
2023-05-17 09:36:21,44,45,3492,4755
2023-05-17 09:36:35,44,46,3492,4755
2023-05-17 09:36:35,44,45,3492,4755
2023-05-17 09:36:44,44,46,3492,4755
2023-05-17 09:36:44,42,44,3462,4985
2023-05-17 09:37:12,42,46,3462,4985
2023-05-17 09:37:14,42,45,3462,4985
2023-05-17 09:37:46,41,45,3462,4985
2023-05-17 09:37:48,41,44,3462,4985
2023-05-17 09:38:14,41,45,3462,4985
2023-05-17 09:38:18,40,45,3462,4985
2023-05-17 09:38:21,41,45,3462,4985
2023-05-17 09:38:21,41,44,3462,4985
2023-05-17 09:38:48,41,45,3462,4985
2023-05-17 09:38:55,40,45,3462,4985
2023-05-17 09:38:55,41,45,3462,4985
2023-05-17 09:38:55,41,44,3462,4985
2023-05-17 09:39:22,41,45,3462,4985
2023-05-17 09:39:26,42,45,3462,4985
2023-05-17 09:39:26,42,44,3462,4985
2023-05-17 09:39:52,42,45,3462,4985
2023-05-17 09:39:56,42,44,3462,4985
2023-05-17 09:39:56,42,45,3462,4985
2023-05-17 09:41:09,42,44,3462,4985
2023-05-17 09:41:37,42,45,3462,4985
2023-05-17 09:41:40,42,44,3462,4985
2023-05-17 09:42:07,42,45,3462,4985
2023-05-17 09:42:43,42,45,3621,5318
2023-05-17 09:43:01,42,46,3621,5318
2023-05-17 09:43:01,43,46,3621,5318
2023-05-17 09:43:11,44,46,3621,5318
2023-05-17 09:43:47,46,47,3621,5338
2023-05-17 09:43:47,44,47,3621,5338
2023-05-17 09:44:32,40,47,3621,5338
2023-05-17 09:44:32,39,47,3621,5338
2023-05-17 09:44:32,43,47,3621,5338
2023-05-17 09:44:32,43,46,3621,5338
2023-05-17 09:45:00,43,47,3621,5338
2023-05-17 09:45:03,44,47,3621,5338
2023-05-17 09:45:20,43,47,3621,5338
2023-05-17 09:45:20,39,47,3621,5338
2023-05-17 09:45:55,39,46,3621,5338
2023-05-17 09:45:56,46,47,3621,5341
2023-05-17 09:45:56,39,47,3621,5341
2023-05-17 09:46:08,47,48,3621,5361
2023-05-17 09:46:08,39,48,3621,5361
2023-05-17 09:46:24,39,47,3621,5361
2023-05-17 09:46:24,47,48,3621,5364
2023-05-17 09:46:24,39,48,3621,5364
2023-05-17 09:46:29,48,49,3621,5384
2023-05-17 09:46:29,39,49,3621,5384
2023-05-17 09:47:11,42,49,3621,5384
2023-05-17 09:47:11,44,49,3621,5384
2023-05-17 09:47:11,44,47,3621,5384
2023-05-17 09:47:14,44,47,3621,5584
2023-05-17 09:47:16,44,47,3821,5784
2023-05-17 09:47:16,44,47,3821,5984
2023-05-17 09:47:27,44,49,3821,6184
2023-05-17 09:47:35,46,49,3821,6184
2023-05-17 09:47:40,44,49,3821,6184
2023-05-17 09:47:42,40,49,3821,6184
2023-05-17 09:48:37,41,49,3821,6184
2023-05-17 09:48:37,46,49,3821,6184
2023-05-17 09:49:04,40,49,3821,6184
2023-05-17 09:49:10,44,49,3821,6184
2023-05-17 09:49:10,46,49,3821,6184
2023-05-17 09:49:25,47,49,3821,6184
2023-05-17 09:49:35,47,48,3821,6184
2023-05-17 09:49:36,48,49,3821,6207
2023-05-17 09:49:36,47,49,3821,6207
2023-05-17 09:49:36,47,48,3821,6207
2023-05-17 09:49:36,47,49,3821,6207
2023-05-17 09:49:36,47,48,3821,6207
2023-05-17 09:49:37,48,49,3821,6229
2023-05-17 09:49:37,47,49,3821,6229
2023-05-17 09:49:46,46,49,3821,6229
2023-05-17 09:49:46,47,49,3821,6229
2023-05-17 09:50:06,47,49,3821,6429
2023-05-17 09:50:12,47,50,3821,6429
2023-05-17 09:50:19,47,49,3821,6429
2023-05-17 09:50:20,46,49,3821,6429
2023-05-17 09:50:24,46,49,3821,6629
2023-05-17 09:50:33,46,49,3821,6829
2023-05-17 09:50:34,46,50,3821,7029
2023-05-17 09:50:36,46,49,3821,7029
2023-05-17 09:50:36,46,50,3821,7029
2023-05-17 09:50:37,47,50,3821,7029
2023-05-17 09:50:37,47,49,3821,7029
2023-05-17 09:50:37,47,50,3821,7229
2023-05-17 09:50:37,47,49,3821,7229
2023-05-17 09:50:37,47,50,3821,7229
2023-05-17 09:50:38,47,49,3821,7229
2023-05-17 09:50:43,49,50,3821,7251
2023-05-17 09:50:43,47,50,3821,7251
2023-05-17 09:50:43,47,49,3821,7251
2023-05-17 09:50:44,46,49,3821,7251
2023-05-17 09:50:44,47,49,3821,7251
2023-05-17 09:50:48,49,50,3821,7285
2023-05-17 09:50:48,47,50,3821,7285
2023-05-17 09:50:48,47,49,3821,7285
2023-05-17 09:50:49,49,50,3898,7452
2023-05-17 09:50:49,47,50,3898,7452
2023-05-17 09:50:50,47,49,3898,7452
2023-05-17 09:50:50,49,50,3920,7474
2023-05-17 09:50:50,47,50,3920,7474
2023-05-17 09:50:51,47,49,3920,7474
2023-05-17 09:50:52,47,50,3920,7474
2023-05-17 09:50:53,47,48,3920,7474
2023-05-17 09:50:53,48,50,3921,7475
2023-05-17 09:50:53,47,50,3921,7475
2023-05-17 09:50:55,47,49,3921,7475
2023-05-17 09:50:57,49,50,3943,7497
2023-05-17 09:50:57,47,50,3943,7497
2023-05-17 09:50:57,47,49,3943,7497
2023-05-17 09:50:58,49,50,3979,7533
2023-05-17 09:50:58,47,50,3979,7533
2023-05-17 09:50:58,47,49,3979,7533
2023-05-17 09:50:58,47,48,3979,7533
2023-05-17 09:50:58,47,49,3979,7533
2023-05-17 09:51:02,49,50,3993,7547
2023-05-17 09:51:02,47,50,3993,7547
2023-05-17 09:51:07,47,49,3993,7547
2023-05-17 09:51:08,49,50,4016,7570
2023-05-17 09:51:08,47,50,4016,7570
2023-05-17 09:51:08,47,49,4016,7570
2023-05-17 09:51:09,49,50,4046,7600
2023-05-17 09:51:09,47,50,4046,7600
2023-05-17 09:51:12,47,49,4046,7600
2023-05-17 09:51:13,49,50,4068,7622
2023-05-17 09:51:13,47,50,4068,7622
2023-05-17 09:51:13,47,49,4068,7622
2023-05-17 09:51:25,49,50,4104,7658
2023-05-17 09:51:25,47,50,4104,7658
2023-05-17 09:51:25,47,49,4104,7658
2023-05-17 09:51:29,47,48,4104,7658
2023-05-17 09:51:30,48,49,4127,7681
2023-05-17 09:51:30,47,49,4127,7681
2023-05-17 09:51:30,47,48,4127,7681
2023-05-17 09:51:31,48,49,4207,7761
2023-05-17 09:51:31,47,49,4207,7761
2023-05-17 09:51:40,49,50,4257,7811
2023-05-17 09:51:40,47,50,4257,7811
2023-05-17 09:51:50,47,49,4257,7811
2023-05-17 09:51:52,49,50,4277,7831
2023-05-17 09:51:52,47,50,4277,7831
2023-05-17 09:51:52,47,49,4277,7831
2023-05-17 09:51:53,49,50,4297,7851
2023-05-17 09:51:53,47,50,4297,7851
2023-05-17 09:52:10,47,50,4300,8051
2023-05-17 09:52:11,47,50,4500,8251
2023-05-17 09:52:14,47,51,4500,8251
2023-05-17 09:52:14,49,51,4500,8251
2023-05-17 09:52:47,50,51,4500,8251
2023-05-17 09:52:52,49,51,4500,8251
2023-05-17 09:52:52,50,51,4500,8251
2023-05-17 09:53:03,50,51,4500,8451
2023-05-17 09:53:06,50,51,4500,8651
2023-05-17 09:54:05,50,51,4580,8731
2023-05-17 09:55:17,51,52,4670,8821
2023-05-17 09:55:17,50,52,4670,8821
2023-05-17 09:55:20,51,52,4670,8821
2023-05-17 09:55:20,51,52,4674,8825
2023-05-17 09:55:57,50,52,4674,8825
2023-05-17 09:57:28,50,51,4674,8825
2023-05-17 09:57:33,50,52,4674,8825
2023-05-17 09:57:59,51,52,4674,8825
2023-05-17 09:58:03,51,52,4474,9025
2023-05-17 09:58:06,50,52,4474,9025
2023-05-17 09:58:06,51,52,4474,9025
2023-05-17 09:58:09,50,52,4274,9225
2023-05-17 09:58:12,50,51,4274,9225
2023-05-17 09:58:18,50,52,4274,9225
2023-05-17 09:58:43,50,51,4274,9225
2023-05-17 09:59:23,49,50,4234,9265
2023-05-17 09:59:30,48,49,4174,9325
2023-05-17 10:00:05,49,50,4194,9345
2023-05-17 10:00:05,48,50,4194,9345
2023-05-17 10:00:11,48,49,4194,9345
2023-05-17 10:00:21,48,50,4194,9345
2023-05-17 10:00:29,48,49,4194,9345
2023-05-17 10:00:51,48,50,4194,9345
2023-05-17 10:03:01,49,50,4194,9345
2023-05-17 10:04:03,50,51,4214,9365
2023-05-17 10:04:03,49,51,4214,9365
2023-05-17 10:04:47,49,50,4214,9365
2023-05-17 10:04:48,49,51,4214,9365
2023-05-17 10:05:34,49,50,4214,9365
2023-05-17 10:06:04,49,51,4214,9365
2023-05-17 10:06:52,50,51,4214,9365
2023-05-17 10:06:57,51,52,4234,9385
2023-05-17 10:06:57,50,52,4234,9385
2023-05-17 10:08:18,50,52,4434,9685
2023-05-17 10:08:32,49,52,4434,9685
2023-05-17 10:08:43,49,51,4434,9685
2023-05-17 10:11:47,50,51,4434,9685
2023-05-17 10:12:01,51,52,4454,9705
2023-05-17 10:15:44,51,52,4754,10005
2023-05-17 10:16:34,50,51,5134,10385
2023-05-17 10:16:35,49,51,5134,10385
2023-05-17 10:16:37,49,51,5334,10585
2023-05-17 10:16:38,51,52,5338,10589
2023-05-17 10:16:38,49,52,5338,10589
2023-05-17 10:16:39,50,52,5338,10589
2023-05-17 10:17:11,51,52,5338,10589
2023-05-17 10:17:38,50,52,5338,10589
2023-05-17 10:17:41,49,52,5338,10589
2023-05-17 10:17:41,48,52,5338,10589
2023-05-17 10:17:42,44,52,5338,10589
2023-05-17 10:17:43,48,52,5338,10589
2023-05-17 10:17:43,50,52,5338,10589
2023-05-17 10:18:10,44,52,5338,10589
2023-05-17 10:18:14,51,52,5338,10589
2023-05-17 10:18:15,49,51,5338,10789
2023-05-17 10:18:32,49,52,5338,10789
2023-05-17 10:18:54,44,52,5338,10789
2023-05-17 10:19:44,48,52,5338,10789
2023-05-17 10:19:44,50,52,5338,10789
2023-05-17 10:20:17,51,52,5338,10789
2023-05-17 10:20:46,44,52,5338,10789
2023-05-17 10:20:46,47,52,5338,10789
2023-05-17 10:20:46,49,52,5338,10789
2023-05-17 10:20:46,51,52,5338,10789
2023-05-17 10:21:17,47,52,5338,10789
2023-05-17 10:21:17,51,52,5338,10789
2023-05-17 10:21:43,3,52,5338,10789
2023-05-17 10:21:49,49,52,5338,10789
2023-05-17 10:21:49,51,52,5338,10789
2023-05-17 10:22:21,35,52,5338,10789
2023-05-17 10:22:21,50,52,5338,10789
2023-05-17 10:22:50,51,52,5338,10789
2023-05-17 10:23:17,50,52,5338,10789
2023-05-17 10:23:21,51,52,5338,10789
2023-05-17 10:23:29,51,52,5338,10889
2023-05-17 10:23:50,44,52,5338,10889
2023-05-17 10:23:51,49,52,5338,10889
2023-05-17 10:23:52,51,52,5338,10889
2023-05-17 10:24:22,44,52,5338,10889
2023-05-17 10:24:24,46,52,5338,10889
2023-05-17 10:24:24,48,52,5338,10889
2023-05-17 10:24:24,51,52,5338,10889
2023-05-17 10:24:52,50,52,5338,10889
2023-05-17 10:24:52,52,53,5338,10910
2023-05-17 10:25:06,50,53,5338,10910
2023-05-17 10:25:24,51,53,5338,10910
2023-05-17 10:26:17,51,53,5338,11356
2023-05-17 10:26:34,50,51,5338,11730
2023-05-17 10:26:45,50,51,5538,11930
2023-05-17 10:26:48,51,53,5538,11936
2023-05-17 10:27:47,51,54,5538,11985
2023-05-17 10:27:48,52,54,5538,11985
2023-05-17 10:28:12,53,54,5538,11985
2023-05-17 10:28:26,53,55,5538,12030
2023-05-17 10:28:29,53,54,5538,12030
2023-05-17 10:28:33,53,55,5538,12032
2023-05-17 10:28:50,53,54,5538,12032
2023-05-17 10:29:49,53,55,5538,12034
2023-05-17 10:29:49,54,55,5538,12034
2023-05-17 10:29:56,53,54,5538,12084
2023-05-17 10:30:07,53,55,5538,12084
2023-05-17 10:30:11,53,54,5538,12084
2023-05-17 10:30:12,52,53,5538,12104
2023-05-17 10:30:31,52,54,5538,12104
2023-05-17 10:31:55,51,52,5563,12549
2023-05-17 10:32:16,52,53,5563,12594
2023-05-17 10:32:26,52,54,5538,12664
2023-05-17 10:33:33,51,52,5608,12818
2023-05-17 10:33:49,51,54,5608,12818
2023-05-17 10:33:51,51,54,5563,12888
2023-05-17 10:33:51,51,52,5563,12888
2023-05-17 10:34:22,50,52,5563,12888
2023-05-17 10:34:24,51,52,5563,12888
2023-05-17 10:34:24,50,51,5608,13088
2023-05-17 10:34:56,51,52,5608,13113
2023-05-17 10:35:15,50,51,5783,13288
2023-05-17 10:35:25,50,52,5783,13288
2023-05-17 10:35:27,51,52,5783,13288
2023-05-17 10:35:56,50,52,5783,13288
2023-05-17 10:36:00,51,52,5783,13288
2023-05-17 10:36:05,50,52,5783,13288
2023-05-17 10:47:26,50,51,5783,13288
2023-05-17 10:47:26,50,52,5783,13288
2023-05-17 10:47:35,50,51,5783,13288
2023-05-17 10:47:36,49,51,5783,13288
2023-05-17 10:48:07,49,52,5783,13288
2023-05-17 10:49:10,50,52,5783,13288
2023-05-17 10:50:33,51,52,5783,13288
2023-05-17 10:51:00,50,52,5783,13288
2023-05-17 10:51:04,51,52,5783,13288
2023-05-17 10:51:31,50,52,5783,13288
2023-05-17 10:51:35,51,52,5783,13288
2023-05-17 10:52:06,50,52,5783,13288
2023-05-17 10:52:06,51,52,5783,13288
2023-05-17 10:52:37,50,52,5783,13288
2023-05-17 10:52:37,51,52,5783,13288
2023-05-17 10:52:53,52,53,5873,13378
2023-05-17 10:53:06,51,53,5873,13378
2023-05-17 10:53:06,52,53,5873,13378
2023-05-17 10:53:36,51,53,5873,13378
2023-05-17 10:53:38,53,54,5943,13448
2023-05-17 10:57:49,51,54,5943,13473
2023-05-17 10:57:49,51,53,5943,13473
2023-05-17 10:58:27,51,52,5943,13473
2023-05-17 10:58:32,50,51,5808,13608
2023-05-17 10:58:32,50,52,5808,13608
2023-05-17 10:58:39,50,51,5808,13608
2023-05-17 10:58:39,50,52,5808,13608
2023-05-17 11:00:20,50,51,5808,13608
2023-05-17 11:00:20,50,52,5808,13608
2023-05-17 11:00:21,50,51,5808,13608
2023-05-17 11:00:26,50,52,5808,13608
2023-05-17 11:00:27,49,50,5653,13763
2023-05-17 11:00:27,49,52,5653,13763
2023-05-17 11:00:28,49,51,5653,13763
2023-05-17 11:00:29,49,50,5653,13763
2023-05-17 11:00:30,49,51,5653,13763
2023-05-17 11:00:36,49,50,5653,13763
2023-05-17 11:00:56,49,50,5653,13767
2023-05-17 11:01:20,47,50,5653,13767
2023-05-17 11:01:28,49,50,5653,13767
2023-05-17 11:01:56,47,50,5653,13767
2023-05-17 11:01:59,48,50,5653,13767
2023-05-17 11:02:23,50,51,5698,13812
2023-05-17 11:02:28,49,51,5698,13812
2023-05-17 11:02:43,49,50,5698,13812
2023-05-17 11:02:47,49,51,5698,13812
2023-05-17 11:02:50,49,50,5698,13822
2023-05-17 11:03:08,50,51,5753,13877
2023-05-17 11:03:09,50,51,5785,13909
2023-05-17 11:03:10,49,51,5785,13909
2023-05-17 11:03:17,50,51,5785,13909
2023-05-17 11:03:46,49,51,5785,13909
2023-05-17 11:03:49,50,51,5785,13909
2023-05-17 11:04:00,49,51,5785,13909
2023-05-17 11:04:00,50,51,5785,13909
2023-05-17 11:04:16,51,52,5830,13954
2023-05-17 11:04:23,50,52,5830,13954
2023-05-17 11:06:06,51,52,5830,13954
2023-05-17 11:06:19,52,53,5875,13999
2023-05-17 11:06:19,51,53,5875,13999
2023-05-17 11:06:38,51,54,5950,14074
2023-05-17 11:06:38,52,54,5950,14074
2023-05-17 11:06:43,53,54,5950,14074
2023-05-17 11:06:44,54,55,5997,14121
2023-05-17 11:06:44,53,55,5997,14121
2023-05-17 11:07:14,54,55,5997,14121
2023-05-17 11:07:15,55,56,6114,14238
2023-05-17 11:07:15,54,56,6114,14238
2023-05-17 11:07:15,54,55,6114,14238
2023-05-17 11:07:20,55,56,6151,14275
2023-05-17 11:07:20,54,56,6151,14275
2023-05-17 11:08:39,55,56,6151,14275
2023-05-17 11:11:59,55,56,6151,14285
2023-05-17 11:11:59,55,56,6151,14294
2023-05-17 11:12:19,54,55,6120,14325
2023-05-17 11:12:19,54,56,6120,14325
2023-05-17 11:12:25,54,55,6120,14325
2023-05-17 11:12:51,54,56,6120,14325
2023-05-17 11:15:37,54,56,5940,14525
2023-05-17 11:15:38,54,55,5940,14525
2023-05-17 11:15:38,53,54,5940,14530
2023-05-17 11:15:38,53,55,5940,14530
2023-05-17 11:15:43,54,55,5940,14530
2023-05-17 11:16:09,53,55,5940,14530
2023-05-17 11:16:22,53,54,5940,14530
2023-05-17 11:17:34,52,53,5805,14665
2023-05-17 11:17:34,52,54,5805,14665
2023-05-17 11:17:35,52,53,5805,14665
2023-05-17 11:17:36,51,52,5760,14710
2023-05-17 11:17:36,51,53,5760,14710
2023-05-17 11:17:37,51,52,5760,14710
2023-05-17 11:17:39,50,52,5760,14710
2023-05-17 11:17:43,50,51,5760,14710
2023-05-17 11:17:45,49,51,5760,14710
2023-05-17 11:17:45,49,51,5760,15110
2023-05-17 11:17:45,48,51,5760,15310
2023-05-17 11:17:45,48,50,5760,15310
2023-05-17 11:17:49,48,49,5760,15310
2023-05-17 11:17:49,48,50,5760,15310
2023-05-17 11:17:49,47,48,5760,15335
2023-05-17 11:17:49,47,50,5760,15335
2023-05-17 11:17:50,48,50,5760,15335
2023-05-17 11:18:01,48,49,5760,15335
2023-05-17 11:18:02,47,49,5760,15535
2023-05-17 11:18:02,47,48,5760,15535
2023-05-17 11:18:02,47,49,5760,15535
2023-05-17 11:18:13,46,49,5760,15535
2023-05-17 11:18:13,46,48,5760,15535
2023-05-17 11:18:14,46,47,5760,15535
2023-05-17 11:18:15,46,47,5760,15735
2023-05-17 11:18:15,46,47,5760,15935
2023-05-17 11:18:16,45,46,5760,15960
2023-05-17 11:18:16,45,47,5760,15960
2023-05-17 11:18:16,45,46,5760,15960
2023-05-17 11:18:17,44,45,5760,15985
2023-05-17 11:18:17,44,46,5760,15985
2023-05-17 11:18:17,44,45,5760,15985
2023-05-17 11:18:18,44,45,5760,16185
2023-05-17 11:18:19,44,45,5760,16385
2023-05-17 11:18:20,43,45,5760,16385
2023-05-17 11:18:20,43,44,5760,16385
2023-05-17 11:18:20,43,45,5760,16385
2023-05-17 11:18:21,42,43,5760,16410
2023-05-17 11:18:21,42,45,5760,16410
2023-05-17 11:18:22,43,45,5760,16410
2023-05-17 11:18:22,43,45,5761,16411
2023-05-17 11:18:22,42,43,5761,16435
2023-05-17 11:18:22,42,45,5761,16435
2023-05-17 11:18:23,42,44,5761,16435
2023-05-17 11:18:27,42,45,5761,16435
2023-05-17 11:18:28,42,44,5761,16435
2023-05-17 11:18:37,43,44,5761,16435
2023-05-17 11:18:39,44,46,5806,16480
2023-05-17 11:18:39,43,44,5806,16635
2023-05-17 11:18:39,43,46,5806,16635
2023-05-17 11:18:43,44,46,5806,16635
2023-05-17 11:18:43,44,47,5806,16635
2023-05-17 11:18:43,44,46,5806,16635
2023-05-17 11:18:43,45,46,5806,16635
2023-05-17 11:18:43,44,45,5806,16735
2023-05-17 11:18:43,46,47,5862,16891
2023-05-17 11:18:44,46,47,5866,16895
2023-05-17 11:18:44,45,47,5866,16895
2023-05-17 11:19:00,44,47,5866,16895
2023-05-17 11:19:05,46,49,5911,17115
2023-05-17 11:19:05,47,49,5911,17115
2023-05-17 11:19:06,47,50,5911,17115
2023-05-17 11:19:06,48,50,5911,17115
2023-05-17 11:19:06,48,49,5911,17115
2023-05-17 11:19:09,48,49,5931,17135
2023-05-17 11:19:09,47,49,5931,17135
2023-05-17 11:19:10,47,49,5951,17155
2023-05-17 11:19:11,47,50,5971,17175
2023-05-17 11:19:12,49,50,5971,17175
2023-05-17 11:19:13,49,50,5971,17176
2023-05-17 11:19:14,50,51,6000,17205
2023-05-17 11:19:14,49,51,6000,17205
2023-05-17 11:19:21,49,52,6095,17300
2023-05-17 11:19:22,49,53,6095,17500
2023-05-17 11:19:22,49,54,6095,17500
2023-05-17 11:19:22,49,55,6095,17500
2023-05-17 11:19:22,49,54,6095,17500
2023-05-17 11:19:23,55,56,6130,17535
2023-05-17 11:19:23,55,56,6170,17575
2023-05-17 11:19:23,55,56,6180,17585
2023-05-17 11:19:23,55,56,6189,17594
2023-05-17 11:19:23,51,55,6190,17595
2023-05-17 11:19:24,51,53,6190,17595
2023-05-17 11:19:24,55,56,6275,17680
2023-05-17 11:19:25,51,56,6275,17680
2023-05-17 11:19:26,51,55,6275,17680
2023-05-17 11:19:28,51,56,6275,17680
2023-05-17 11:19:28,51,55,6275,17680
2023-05-17 11:19:28,51,55,6275,17680
2023-05-17 11:19:29,51,55,6275,17680
2023-05-17 11:19:30,51,54,6275,17680
2023-05-17 11:19:31,51,54,6276,17681
2023-05-17 11:19:31,54,55,6300,17705
2023-05-17 11:19:31,51,55,6300,17705
2023-05-17 11:19:49,51,53,6300,17705
2023-05-17 11:19:55,51,53,6300,17905
2023-05-17 11:19:56,50,53,6300,17905
2023-05-17 11:19:56,52,53,6300,17905
2023-05-17 11:20:02,52,53,6300,18105
2023-05-17 11:20:15,53,54,6345,18150
2023-05-17 11:20:15,52,54,6345,18150
2023-05-17 11:20:16,51,54,6345,18150
2023-05-17 11:20:16,53,54,6345,18150
2023-05-17 11:20:17,53,54,6345,18350
2023-05-17 11:20:18,53,54,6345,18550
2023-05-17 11:20:19,53,54,6345,18750
2023-05-17 11:20:20,53,54,6345,18950
2023-05-17 11:20:21,53,54,6345,19150
2023-05-17 11:20:22,54,55,6390,19195
2023-05-17 11:20:22,53,55,6390,19195
2023-05-17 11:20:33,54,55,6390,19195
2023-05-17 11:20:40,56,57,6480,19285
2023-05-17 11:20:40,56,58,6480,19285
2023-05-17 11:20:57,55,58,6480,19285
2023-05-17 11:20:57,56,58,6480,19285
2023-05-17 11:22:05,55,58,6480,19285
2023-05-17 11:22:05,57,58,6480,19285
2023-05-17 11:27:04,57,58,6480,19288
2023-05-17 11:28:34,57,58,6480,19333
2023-05-17 11:28:34,57,58,6480,19342
2023-05-17 11:28:34,57,58,6480,19351
2023-05-17 11:28:34,55,58,6480,19435
2023-05-17 11:28:36,54,58,6480,19435
2023-05-17 11:29:06,55,58,6480,19435
2023-05-17 11:29:48,55,57,6480,19435
2023-05-17 11:29:58,55,56,6480,19435
2023-05-17 11:29:58,55,57,6480,19435
2023-05-17 11:29:59,55,56,6480,19435
2023-05-17 11:30:02,54,55,6435,19480
2023-05-17 11:30:02,54,56,6435,19480
2023-05-17 11:30:07,54,55,6435,19480
2023-05-17 11:30:07,54,55,6385,19680
2023-05-17 11:30:09,53,54,6345,19720
2023-05-17 11:30:09,53,55,6345,19720
2023-05-17 11:30:09,49,55,6345,19720
2023-05-17 11:30:09,51,55,6345,19720
2023-05-17 11:30:09,51,54,6345,19720
2023-05-17 11:31:12,52,54,6345,19720
2023-05-17 11:31:40,51,54,6345,19720
2023-05-17 11:31:41,49,54,6345,19720
2023-05-17 11:31:43,52,54,6345,19720
2023-05-17 11:31:44,52,54,6345,19721
2023-05-17 11:32:22,52,54,6300,19921
2023-05-17 11:32:26,50,54,6300,19921
2023-05-17 11:32:26,52,54,6300,19921
2023-05-17 11:32:26,54,55,6345,19966
2023-05-17 11:32:55,50,55,6345,19966
2023-05-17 11:32:56,54,55,6345,19966
2023-05-17 11:33:23,3,55,6345,19966
2023-05-17 11:33:25,48,55,6345,19966
2023-05-17 11:33:25,53,55,6345,19966
2023-05-17 11:33:42,55,56,6390,20011
2023-05-17 11:33:42,53,56,6390,20011
2023-05-17 11:33:45,54,56,6390,20011
2023-05-17 11:34:48,53,56,6390,20011
2023-05-17 11:34:48,50,56,6390,20011
2023-05-17 11:34:49,53,56,6390,20011
2023-05-17 11:34:49,53,55,6390,20011
2023-05-17 11:35:50,50,55,6390,20011
2023-05-17 11:35:50,47,55,6390,20011
2023-05-17 11:35:52,52,55,6390,20011
2023-05-17 11:36:23,53,55,6390,20011
2023-05-17 11:37:04,53,54,6390,20011
2023-05-17 11:37:08,52,54,6390,20011
2023-05-17 11:38:05,49,54,6390,20011
2023-05-17 11:38:06,52,54,6390,20011
2023-05-17 11:39:17,52,53,6390,20011
2023-05-17 11:39:30,52,54,6390,20011
2023-05-17 11:39:40,53,54,6390,20011
2023-05-17 11:40:08,52,53,6300,20101
2023-05-17 11:40:09,52,54,6300,20101
2023-05-17 11:40:10,52,53,6300,20101
2023-05-17 11:40:10,50,53,6300,20101
2023-05-17 11:40:12,51,53,6300,20101
2023-05-17 11:40:23,51,52,6300,20101
2023-05-17 11:40:26,51,52,6300,20301
2023-05-17 11:40:27,50,52,6300,20301
2023-05-17 11:40:27,49,52,6300,20301
2023-05-17 11:40:27,50,52,6300,20301
2023-05-17 11:40:30,50,51,6300,20301
2023-05-17 11:40:36,49,51,6300,20301
2023-05-17 11:40:50,49,50,6300,20301
2023-05-17 11:40:52,48,49,6120,20481
2023-05-17 11:40:52,48,50,6120,20481
2023-05-17 11:40:52,48,49,6120,20481
2023-05-17 11:40:53,47,48,5985,20616
2023-05-17 11:40:54,47,49,5985,20616
2023-05-17 11:40:55,47,48,5985,20616
2023-05-17 11:41:06,48,50,6030,20661
2023-05-17 11:41:36,47,50,6030,20661
2023-05-17 11:41:40,48,50,6030,20661
2023-05-17 11:42:05,48,49,6030,20661
2023-05-17 11:42:09,47,49,6030,20661
2023-05-17 11:42:09,47,50,6030,20661
2023-05-17 11:42:21,47,49,6030,20661
2023-05-17 11:42:57,48,49,6030,20661
2023-05-17 11:43:51,47,48,6030,20716
2023-05-17 11:43:51,47,49,6030,20716
2023-05-17 11:44:57,47,48,6030,20716
2023-05-17 11:44:58,47,48,5985,20916
2023-05-17 11:45:09,46,48,5985,20916
2023-05-17 11:45:32,46,47,5985,20916
2023-05-17 11:45:34,46,47,5940,21116
2023-05-17 11:45:35,46,47,5940,21316
2023-05-17 11:45:35,45,47,5940,21316
2023-05-17 11:45:40,45,46,5940,21316
2023-05-17 11:45:41,45,46,5968,21344
2023-05-17 11:45:45,45,46,5968,21544
2023-05-17 11:45:55,45,46,6093,21669
2023-05-17 11:45:55,45,46,6134,21869
2023-05-17 11:45:56,43,45,6181,21916
2023-05-17 11:45:56,43,46,6181,21916
2023-05-17 11:45:57,43,46,6209,21944
2023-05-17 11:45:57,43,46,6237,21972
2023-05-17 11:46:04,43,45,6237,21972
2023-05-17 11:46:06,43,45,6237,22072
2023-05-17 11:46:07,43,46,6237,22072
2023-05-17 11:46:08,45,46,6237,22072
2023-05-17 11:46:10,43,45,6337,22172
2023-05-17 11:46:10,43,46,6337,22172
2023-05-17 11:46:14,43,46,6338,22173
2023-05-17 11:46:18,43,45,6338,22173
2023-05-17 11:46:26,43,45,6338,22273
2023-05-17 11:46:29,43,45,6338,22373
2023-05-17 11:46:32,43,45,6338,22473
2023-05-17 11:46:34,43,45,6338,22573
2023-05-17 11:46:36,45,46,6383,22618
2023-05-17 11:46:41,43,46,6383,22618
2023-05-17 11:46:53,43,45,6383,22618
2023-05-17 11:46:57,43,44,6583,22818
2023-05-17 11:47:00,41,43,6583,22863
2023-05-17 11:47:00,41,44,6583,22863
2023-05-17 11:47:26,40,44,6583,22863
2023-05-17 11:47:26,41,44,6583,22863
2023-05-17 11:47:35,41,43,6583,22863
2023-05-17 11:47:37,41,43,6583,22963
2023-05-17 11:47:39,41,44,6583,23063
2023-05-17 11:47:57,40,44,6583,23063
2023-05-17 11:47:57,40,43,6583,23063
2023-05-17 11:48:05,40,43,6583,23163
2023-05-17 11:48:06,41,43,6583,23163
2023-05-17 11:48:07,43,44,6628,23208
2023-05-17 11:48:08,41,43,6683,23263
2023-05-17 11:48:08,41,44,6683,23263
2023-05-17 11:48:20,41,44,6728,23363
2023-05-17 11:48:22,41,44,6728,23463
2023-05-17 11:48:23,43,44,6728,23463
2023-05-17 11:48:23,44,46,6728,23508
2023-05-17 11:48:24,44,45,6728,23508
2023-05-17 11:48:24,44,46,6728,23508
2023-05-17 11:48:28,43,46,6728,23508
2023-05-17 11:48:39,44,46,6728,23508
2023-05-17 11:48:46,45,46,6728,23508
2023-05-17 11:49:03,45,46,6773,23608
2023-05-17 11:49:04,45,48,6773,23608
2023-05-17 11:49:05,46,48,6773,23608
2023-05-17 11:49:21,46,48,6772,23609
2023-05-17 11:49:37,46,47,6772,23609
2023-05-17 11:49:41,46,48,6772,23809
2023-05-17 11:49:43,47,48,6772,23809
2023-05-17 11:49:44,47,48,6783,23820
2023-05-17 11:49:44,46,48,6792,23829
2023-05-17 11:49:45,46,47,6792,23829
2023-05-17 11:49:45,46,48,6792,23829
2023-05-17 11:50:13,45,48,6792,23829
2023-05-17 11:50:17,46,48,6792,23829
2023-05-17 11:50:43,45,48,6792,23829
2023-05-17 11:51:19,46,48,6792,23829
2023-05-17 11:52:18,45,48,6792,23829
2023-05-17 11:52:21,46,48,6792,23829
2023-05-17 11:52:47,45,48,6792,23829
2023-05-17 11:52:52,46,48,6792,23829
2023-05-17 11:53:04,47,48,6792,23829
2023-05-17 11:53:15,48,49,6862,23899
2023-05-17 11:53:20,49,52,6907,23944
2023-05-17 11:53:20,49,51,6907,23944
2023-05-17 11:53:22,49,50,6907,23944
2023-05-17 11:53:52,50,51,6976,24013
2023-05-17 11:53:53,50,51,7021,24058
2023-05-17 11:53:53,50,51,7030,24067
2023-05-17 11:53:53,50,51,7041,24078
2023-05-17 11:53:54,50,51,7077,24114
2023-05-17 11:54:33,51,52,7122,24309
2023-05-17 11:54:34,50,52,7122,24309
2023-05-17 11:54:55,51,52,7122,24309
2023-05-17 11:55:14,51,52,7322,24509
2023-05-17 11:55:15,50,52,7322,24509
2023-05-17 11:55:45,48,52,7322,24509
2023-05-17 11:55:47,50,52,7322,24509
2023-05-17 11:55:57,50,51,7322,24509
2023-05-17 11:56:01,50,52,7322,24509
2023-05-17 11:56:07,50,51,7322,24509
2023-05-17 11:56:21,50,51,7322,24512
2023-05-17 11:56:24,48,51,7322,24512
2023-05-17 11:56:47,49,51,7322,24512
2023-05-17 11:56:54,49,50,7322,24512
2023-05-17 11:57:34,48,49,7235,24599
2023-05-17 11:57:45,46,49,7235,24599
2023-05-17 11:57:51,46,48,7235,24599
2023-05-17 11:57:56,46,49,7235,24599
2023-05-17 11:58:11,46,48,7235,24599
2023-05-17 11:58:27,47,48,7235,24599
2023-05-17 11:59:25,46,47,7235,24689
2023-05-17 11:59:25,46,48,7235,24689
2023-05-17 11:59:49,46,47,7235,24689
2023-05-17 11:59:51,45,47,7235,24689
2023-05-17 12:00:02,45,46,7235,24689
2023-05-17 12:00:03,45,47,7235,24689
2023-05-17 12:00:23,45,46,7235,24689
2023-05-17 12:00:34,44,45,7235,24734
2023-05-17 12:00:34,44,46,7235,24734
2023-05-17 12:01:06,45,46,7235,24734
2023-05-17 12:01:12,46,47,7255,24754
2023-05-17 12:01:44,45,47,7255,24754
2023-05-17 12:02:03,46,47,7255,24754
2023-05-17 12:02:37,46,47,7255,24755
2023-05-17 12:02:41,45,47,7255,24755
2023-05-17 12:02:51,46,47,7255,24755
2023-05-17 12:03:03,47,48,7299,24799
2023-05-17 12:03:03,46,48,7355,24855
2023-05-17 12:03:04,46,47,7355,24855
2023-05-17 12:03:05,47,48,7355,24911
2023-05-17 12:03:05,46,48,7355,24911
2023-05-17 12:03:05,47,48,7355,24911
2023-05-17 12:03:07,48,49,7355,24956
2023-05-17 12:03:07,47,49,7355,24956
2023-05-17 12:03:07,48,49,7355,24956
2023-05-17 12:03:26,49,50,7355,25001
2023-05-17 12:03:26,48,50,7355,25001
2023-05-17 12:03:28,47,50,7355,25001
2023-05-17 12:03:28,50,51,7400,25046
2023-05-17 12:04:30,50,51,7409,25055
2023-05-17 12:05:17,50,51,7409,25057
2023-05-17 12:05:47,50,51,7409,25059
2023-05-17 12:06:56,51,52,7409,25075
2023-05-17 12:06:56,50,52,7409,25075
2023-05-17 12:06:57,51,52,7409,25075
2023-05-17 12:07:20,51,52,7409,25096
2023-05-17 12:08:22,50,52,7409,25096
2023-05-17 12:08:32,50,51,7409,25096
2023-05-17 12:08:34,49,50,7374,25131
2023-05-17 12:08:35,49,51,7374,25131
2023-05-17 12:08:48,50,51,7374,25131
2023-05-17 12:08:49,49,50,7374,25231
2023-05-17 12:08:50,49,51,7374,25231
2023-05-17 12:09:45,50,51,7374,25231
2023-05-17 12:11:24,49,51,7374,25231
2023-05-17 12:11:24,50,51,7374,25231
2023-05-17 12:12:10,49,51,7374,25231
2023-05-17 12:12:30,50,51,7374,25231
2023-05-17 12:13:05,51,52,7394,25251
2023-05-17 12:13:32,50,52,7394,25251
2023-05-17 12:13:35,51,52,7394,25251
2023-05-17 12:13:58,52,53,7414,25271
2023-05-17 12:13:58,52,53,7434,25291
2023-05-17 12:14:29,53,54,7454,25311
2023-05-17 12:14:50,53,54,7454,25313
2023-05-17 12:15:25,52,53,7454,25315
2023-05-17 12:15:25,52,54,7454,25315
2023-05-17 12:15:28,53,54,7454,25315
2023-05-17 12:15:28,52,53,7452,25317
2023-05-17 12:15:36,51,52,7452,25339
2023-05-17 12:15:36,51,53,7452,25339
2023-05-17 12:16:01,51,52,7452,25339
2023-05-17 12:16:14,51,53,7452,25339
2023-05-17 12:16:25,52,53,7452,25339
2023-05-17 12:16:48,53,54,7472,25359
2023-05-17 12:16:56,54,55,7492,25379
2023-05-17 12:16:56,54,55,7513,25400
2023-05-17 12:17:04,55,56,7513,25440
2023-05-17 12:17:04,54,56,7513,25440
2023-05-17 12:17:27,54,55,7513,25440
2023-05-17 12:17:54,54,56,7513,25440
2023-05-17 12:18:00,54,55,7513,25440
2023-05-17 12:18:04,54,56,7513,25440
2023-05-17 12:18:04,54,55,7513,25440
2023-05-17 12:18:07,54,56,7513,25440
2023-05-17 12:18:24,54,55,7513,25440
2023-05-17 12:18:24,54,56,7513,25440
2023-05-17 12:18:59,55,56,7513,25440
2023-05-17 12:19:26,54,56,7513,25440
2023-05-17 12:19:36,55,56,7513,25440
2023-05-17 12:20:13,56,57,7533,25460
2023-05-17 12:20:36,55,57,7533,25460
2023-05-17 12:20:49,55,56,7533,25460
2023-05-17 12:21:18,55,57,7533,25460
2023-05-17 12:21:18,55,56,7533,25460
2023-05-17 12:21:48,54,55,7513,25480
2023-05-17 12:22:11,53,54,7453,25540
2023-05-17 12:22:30,52,53,7453,25600
2023-05-17 12:22:30,52,54,7453,25600
2023-05-17 12:22:31,52,53,7453,25600
2023-05-17 12:22:39,51,53,7478,25625
2023-05-17 12:22:40,51,52,7478,25625
2023-05-17 12:23:12,52,53,7508,25655
2023-05-17 12:23:20,53,54,7508,25680
2023-05-17 12:23:20,53,54,7528,25700
2023-05-17 12:23:37,51,54,7528,25700
2023-05-17 12:23:37,52,54,7528,25700
2023-05-17 12:23:37,52,53,7528,25700
2023-05-17 12:23:57,51,52,7528,25800
2023-05-17 12:24:09,51,53,7528,25800
2023-05-17 12:24:09,51,52,7528,25800
2023-05-17 12:25:24,51,53,7528,25800
2023-05-17 12:25:24,52,53,7528,25800
2023-05-17 12:25:36,52,53,7553,25825
2023-05-17 12:25:44,51,53,7553,25825
2023-05-17 12:25:44,51,52,7553,25825
2023-05-17 12:26:11,51,53,7553,25825
2023-05-17 12:26:15,51,52,7553,25825
2023-05-17 12:26:48,50,51,7533,25845
2023-05-17 12:27:02,49,50,7532,25846
2023-05-17 12:27:09,49,51,7532,25846
2023-05-17 12:27:09,49,50,7532,25846
2023-05-17 12:27:15,49,51,7532,25846
2023-05-17 12:27:52,49,50,7532,25846
2023-05-17 12:28:51,48,49,7512,25866
2023-05-17 12:28:59,48,49,7502,25876
2023-05-17 12:29:07,47,48,7502,25941
2023-05-17 12:29:07,47,49,7502,25941
2023-05-17 12:29:13,48,49,7502,25941
2023-05-17 12:29:20,47,49,7502,25941
2023-05-17 12:29:25,47,49,7502,25956
2023-05-17 12:29:47,47,48,7502,25956
2023-05-17 12:29:58,47,49,7502,25956
2023-05-17 12:30:01,47,48,7502,25956
2023-05-17 12:30:07,47,48,7412,26156
2023-05-17 12:30:12,46,47,7502,26246
2023-05-17 12:30:13,46,48,7502,26246
2023-05-17 12:30:19,46,48,7502,26247
2023-05-17 12:30:20,46,47,7502,26247
2023-05-17 12:30:34,46,47,7497,26252
2023-05-17 12:30:39,46,47,7495,26254
2023-05-17 12:31:15,45,46,7494,26255
2023-05-17 12:31:17,44,46,7494,26255
2023-05-17 12:31:42,43,44,7479,26270
2023-05-17 12:31:47,44,46,7479,26355
2023-05-17 12:31:48,44,45,7479,26355
2023-05-17 12:31:51,43,45,7479,26355
2023-05-17 12:32:47,43,44,7479,26355
2023-05-17 12:32:51,42,44,7404,26555
2023-05-17 12:32:51,40,41,7344,26690
2023-05-17 12:32:51,40,41,7370,26716
2023-05-17 12:32:51,40,41,7396,26742
2023-05-17 12:32:52,41,43,7396,26807
2023-05-17 12:32:52,41,42,7396,26807
2023-05-17 12:32:52,40,41,7431,26842
2023-05-17 12:32:52,40,42,7431,26842
2023-05-17 12:32:53,40,41,7431,26842
2023-05-17 12:32:53,40,42,7431,26842
2023-05-17 12:32:54,39,40,7431,26867
2023-05-17 12:32:58,38,39,7556,26992
2023-05-17 12:32:58,38,40,7556,26992
2023-05-17 12:32:59,39,40,7556,26992
2023-05-17 12:33:00,40,41,7556,27067
2023-05-17 12:33:00,39,41,7581,27092
2023-05-17 12:33:00,39,40,7581,27092
2023-05-17 12:33:01,40,41,7603,27114
2023-05-17 12:33:02,39,41,7681,27192
2023-05-17 12:33:02,39,40,7681,27192
2023-05-17 12:33:03,40,41,7779,27290
2023-05-17 12:33:04,39,40,7781,27292
2023-05-17 12:33:04,39,41,7781,27292
2023-05-17 12:33:04,40,41,7781,27292
2023-05-17 12:33:06,39,41,7781,27292
2023-05-17 12:33:10,39,41,7780,27293
2023-05-17 12:33:13,38,39,7631,27442
2023-05-17 12:33:14,38,39,7631,27542
2023-05-17 12:33:15,39,41,7631,27593
2023-05-17 12:33:15,39,40,7631,27593
2023-05-17 12:33:19,40,41,7653,27615
2023-05-17 12:33:20,40,41,7676,27638
2023-05-17 12:33:20,38,40,7731,27693
2023-05-17 12:33:20,38,41,7731,27693
2023-05-17 12:33:21,40,41,7731,27693
2023-05-17 12:33:21,38,40,7831,27793
2023-05-17 12:33:21,38,41,7831,27793
2023-05-17 12:33:21,39,41,7831,27793
2023-05-17 12:33:27,39,41,7832,27794
2023-05-17 12:33:32,39,40,7832,27794
2023-05-17 12:33:35,39,40,7832,27894
2023-05-17 12:33:36,39,41,7832,27994
2023-05-17 12:33:37,39,40,7832,27994
2023-05-17 12:33:39,40,41,7852,28014
2023-05-17 12:33:45,41,42,7872,28034
2023-05-17 12:33:45,42,43,7872,28133
2023-05-17 12:33:47,41,43,7872,28133
2023-05-17 12:33:47,42,43,7872,28133
2023-05-17 12:34:04,40,43,7872,28133
2023-05-17 12:34:04,41,43,7872,28133
2023-05-17 12:34:09,41,43,8072,28333
2023-05-17 12:34:27,40,41,8172,28433
2023-05-17 12:34:28,40,43,8172,28433
2023-05-17 12:34:34,40,41,8172,28433
2023-05-17 12:34:57,40,41,8172,28533
2023-05-17 12:34:58,40,43,8172,28633
2023-05-17 12:34:59,41,43,8172,28633
2023-05-17 12:35:25,41,42,8172,28633
2023-05-17 12:35:26,40,42,8172,28633
2023-05-17 12:35:28,39,40,8172,28653
2023-05-17 12:35:28,39,42,8172,28653
2023-05-17 12:35:29,39,41,8172,28653
2023-05-17 12:35:31,39,40,8172,28653
2023-05-17 12:35:33,39,40,8332,28853
2023-05-17 12:35:34,38,40,8332,28853
2023-05-17 12:37:08,39,40,8332,28853
2023-05-17 12:37:09,40,41,8352,28873
2023-05-17 12:37:13,39,41,8352,28873
2023-05-17 12:38:06,39,40,8352,28873
2023-05-17 12:38:34,38,39,8352,28893
2023-05-17 12:38:34,38,40,8352,28893
2023-05-17 12:38:39,38,39,8352,28893
2023-05-17 12:38:53,37,38,8352,29028
2023-05-17 12:38:53,37,39,8352,29028
2023-05-17 12:39:09,37,38,8352,29028
2023-05-17 12:39:28,36,38,8352,29143
2023-05-17 12:39:28,36,38,8352,29143
2023-05-17 12:39:29,36,37,8352,29143
2023-05-17 12:39:31,36,37,8349,29146
2023-05-17 12:39:31,35,37,8349,29146
2023-05-17 12:39:31,35,36,8349,29146
2023-05-17 12:39:35,34,35,8349,29171
2023-05-17 12:39:37,34,35,8349,29271
2023-05-17 12:39:39,34,35,8349,29371
2023-05-17 12:39:40,35,36,8349,29446
2023-05-17 12:39:45,34,36,8349,29446
2023-05-17 12:39:54,34,35,8349,29446
2023-05-17 12:39:54,34,35,8347,29448
2023-05-17 12:39:55,33,35,8347,29448
2023-05-17 12:39:55,33,35,8547,29648
2023-05-17 12:39:56,33,34,8547,29648
2023-05-17 12:39:57,31,32,8547,29875
2023-05-17 12:39:57,30,31,8547,30050
2023-05-17 12:39:57,30,31,8547,30250
2023-05-17 12:39:58,30,32,8547,30250
2023-05-17 12:40:01,30,31,8547,30250
2023-05-17 12:40:10,30,31,8547,30450
2023-05-17 12:40:10,29,31,8572,30475
2023-05-17 12:40:14,29,30,8572,30475
2023-05-17 12:40:16,28,30,8572,30475
2023-05-17 12:40:16,28,30,8572,30485
2023-05-17 12:40:17,28,30,8571,30486
2023-05-17 12:40:23,28,29,8571,30486
2023-05-17 12:40:28,27,29,8571,30486
2023-05-17 12:40:30,27,28,8571,30486
2023-05-17 12:40:30,27,29,8571,30486
2023-05-17 12:40:31,27,28,8571,30486
2023-05-17 12:40:35,27,28,8572,30487
2023-05-17 12:40:37,27,29,8572,30487
2023-05-17 12:40:37,27,28,8572,30487
2023-05-17 12:40:37,26,27,8572,30512
2023-05-17 12:40:37,25,27,8572,30512
2023-05-17 12:40:52,24,25,8557,30557
2023-05-17 12:40:52,24,25,8557,30582
2023-05-17 12:40:53,24,25,8557,30612
2023-05-17 12:40:56,24,25,8557,30812
2023-05-17 12:41:01,24,25,8507,30862
2023-05-17 12:41:05,24,27,8507,30862
2023-05-17 12:41:05,24,26,8507,30862
2023-05-17 12:41:05,25,26,8507,30862
2023-05-17 12:41:05,24,26,8507,30862
2023-05-17 12:41:16,25,26,8507,30862
2023-05-17 12:41:21,26,27,8572,30932
2023-05-17 12:41:24,27,28,8622,30982
2023-05-17 12:41:29,26,28,8622,30982
2023-05-17 12:41:32,28,29,8642,31002
2023-05-17 12:41:38,28,30,8642,31002
2023-05-17 12:41:49,29,30,8642,31002
2023-05-17 12:42:01,27,30,8642,31002
2023-05-17 12:42:03,28,30,8642,31002
2023-05-17 12:42:04,28,29,8642,31002
2023-05-17 12:42:05,28,29,8642,31102
2023-05-17 12:42:14,27,29,8642,31102
2023-05-17 12:42:33,27,29,8642,31202
2023-05-17 12:42:34,27,29,8662,31302
2023-05-17 12:42:35,27,29,8662,31402
2023-05-17 12:42:36,27,29,8662,31502
2023-05-17 12:42:36,28,29,8662,31502
2023-05-17 12:42:37,28,29,8662,31602
2023-05-17 12:42:39,28,29,8662,31702
2023-05-17 12:42:40,29,30,8662,31727
2023-05-17 12:42:41,29,30,8682,31747
2023-05-17 12:42:43,29,30,8702,31844
2023-05-17 12:42:43,28,30,8702,31844
2023-05-17 12:42:44,28,29,8702,31844
2023-05-17 12:43:05,27,28,8642,31904
2023-05-17 12:43:06,27,28,8639,31907
2023-05-17 12:43:20,28,29,8659,31927
2023-05-17 12:43:52,28,29,8659,32127
2023-05-17 12:43:57,27,29,8659,32127
2023-05-17 12:44:00,27,28,8659,32127
2023-05-17 12:44:37,26,27,8577,32209
2023-05-17 12:44:38,26,28,8577,32209
2023-05-17 12:44:44,26,27,8577,32209
2023-05-17 12:45:19,26,27,8577,32214
2023-05-17 12:45:49,24,26,8553,32238
2023-05-17 12:45:55,24,25,8553,32238
2023-05-17 12:45:57,23,24,8538,32253
2023-05-17 12:46:38,24,25,8578,32293
2023-05-17 12:46:46,25,26,8598,32313
2023-05-17 12:46:50,24,26,8598,32313
2023-05-17 12:46:57,24,25,8598,32313
2023-05-17 12:47:00,24,25,8593,32513
2023-05-17 12:47:02,22,24,8573,32533
2023-05-17 12:47:11,21,22,8533,32573
2023-05-17 12:47:21,21,23,8533,32573
2023-05-17 12:47:21,21,23,8533,32773
2023-05-17 12:47:21,21,22,8533,32773
2023-05-17 12:47:21,20,22,8533,32773
2023-05-17 12:47:26,20,22,8532,32774
2023-05-17 12:47:30,20,21,8532,32774
2023-05-17 12:47:31,20,22,8532,32774
2023-05-17 12:47:33,20,21,8532,32774
2023-05-17 12:47:39,19,20,8512,32819
2023-05-17 12:47:39,18,20,8512,32819
2023-05-17 12:47:43,18,20,8513,32820
2023-05-17 12:47:52,18,20,8508,32825
2023-05-17 12:48:05,18,21,8508,32825
2023-05-17 12:48:05,19,21,8508,32825
2023-05-17 12:48:10,19,20,8508,32825
2023-05-17 12:48:15,17,18,8772,33116
2023-05-17 12:48:16,17,18,8772,33316
2023-05-17 12:48:17,18,20,8772,33375
2023-05-17 12:48:17,17,20,8772,33375
2023-05-17 12:48:17,18,20,8772,33375
2023-05-17 12:48:17,19,20,8772,33375
2023-05-17 12:48:24,19,21,8772,33475
2023-05-17 12:48:26,20,21,8772,33475
2023-05-17 12:48:32,20,21,8797,33575
2023-05-17 12:48:34,19,21,8797,33575
2023-05-17 12:48:39,21,22,8837,33630
2023-05-17 12:48:42,20,22,8837,33630
2023-05-17 12:49:43,21,22,8837,33630
2023-05-17 12:49:48,19,22,8867,33700
2023-05-17 12:49:48,19,21,8867,33700
2023-05-17 12:50:08,20,21,8867,33700
2023-05-17 12:50:26,21,22,8907,33740
2023-05-17 12:50:34,20,22,8907,33740
2023-05-17 12:50:56,19,22,9138,34011
2023-05-17 12:51:14,19,21,9138,34011
2023-05-17 12:51:16,21,22,9138,34061
2023-05-17 12:51:17,19,22,9138,34061
2023-05-17 12:51:22,21,22,9138,34061
2023-05-17 12:51:33,21,22,9138,34261
2023-05-17 12:51:48,19,22,9138,34261
2023-05-17 12:51:54,20,22,9138,34261
2023-05-17 12:51:56,20,21,9138,34261
2023-05-17 12:52:16,20,21,9338,34461
2023-05-17 12:52:17,20,21,9338,34661
2023-05-17 12:52:19,19,21,9338,34661
2023-05-17 12:52:19,19,20,9338,34661
2023-05-17 12:52:23,19,20,9338,34664
2023-05-17 12:53:25,18,20,9353,34701
2023-05-17 12:53:25,18,19,9353,34701
2023-05-17 12:53:27,18,19,9440,34788
2023-05-17 12:53:27,18,19,9527,34875
2023-05-17 12:53:28,18,19,9540,34888
2023-05-17 12:53:30,18,19,9582,34930
2023-05-17 12:53:55,17,19,9582,34930
2023-05-17 12:53:56,18,19,9582,34930
2023-05-17 12:54:04,18,19,9782,35130
2023-05-17 12:54:04,18,19,9798,35146
2023-05-17 12:54:04,18,19,9807,35155
2023-05-17 12:54:05,16,17,9807,35350
2023-05-17 12:54:07,16,17,9810,35353
2023-05-17 12:54:53,16,17,9907,35450
2023-05-17 12:54:54,16,17,9910,35453
2023-05-17 12:54:54,16,17,10010,35553
2023-05-17 12:55:00,14,17,10010,35553
2023-05-17 12:55:01,14,16,10010,35553
2023-05-17 12:55:01,14,16,10010,35560
2023-05-17 12:55:05,14,16,10013,35563
2023-05-17 12:55:12,15,16,10013,35563
2023-05-17 12:55:14,14,15,10013,35573
2023-05-17 12:55:22,13,14,10013,35593
2023-05-17 12:55:31,13,14,10017,35597
2023-05-17 12:55:31,12,14,10017,35613
2023-05-17 12:55:35,12,13,10017,35626
2023-05-17 12:55:39,13,14,10033,35642
2023-05-17 12:55:39,13,14,10049,35658
2023-05-17 12:55:39,13,14,10115,35724
2023-05-17 12:55:39,13,14,10131,35740
2023-05-17 12:55:49,13,14,10155,35764
2023-05-17 12:55:49,13,14,10170,35779
2023-05-17 12:55:49,13,14,10185,35794
2023-05-17 12:55:49,13,14,10209,35818
2023-05-17 12:55:50,12,14,10317,35926
2023-05-17 12:55:52,12,13,10317,35926
2023-05-17 12:55:54,12,13,10346,35955
2023-05-17 12:55:55,13,14,10350,35959
2023-05-17 12:55:55,14,15,10686,36315
2023-05-17 12:55:55,14,15,10730,36359
2023-05-17 12:55:55,14,15,10740,36369
2023-05-17 12:55:55,14,15,10750,36379
2023-05-17 12:55:55,14,15,10760,36389
2023-05-17 12:55:55,14,15,10770,36399
2023-05-17 12:55:55,14,15,10784,36413
2023-05-17 12:55:57,14,15,10788,36417
2023-05-17 12:55:58,14,15,10812,36441
2023-05-17 12:56:05,14,15,10852,36481
2023-05-17 12:56:09,13,15,10852,36481
2023-05-17 12:56:09,14,15,10852,36481
2023-05-17 12:56:11,13,15,10852,36481
2023-05-17 12:56:11,14,15,10852,36481
2023-05-17 12:56:13,14,15,10852,36496
2023-05-17 12:56:33,15,16,10852,36501
2023-05-17 12:57:32,15,16,10852,36510
2023-05-17 12:58:05,16,17,10913,36655
2023-05-17 12:58:06,15,17,10913,36655
2023-05-17 12:58:21,16,17,10913,36655
2023-05-17 12:58:32,17,18,11062,36804
2023-05-17 12:59:02,16,18,11062,36804
2023-05-17 12:59:16,17,18,11062,36804
2023-05-17 12:59:40,16,17,10877,36996
2023-05-17 12:59:43,16,18,10877,36996
2023-05-17 13:00:00,16,17,10877,36996
2023-05-17 13:00:03,15,17,10877,36996
2023-05-17 13:00:13,15,16,10877,36996
2023-05-17 13:00:24,15,17,10877,36996
2023-05-17 13:00:25,15,16,10877,36996
2023-05-17 13:01:09,14,15,10852,37186
2023-05-17 13:01:10,14,16,10852,37186
2023-05-17 13:01:35,14,16,10912,37246
2023-05-17 13:01:35,14,15,10912,37246
2023-05-17 13:01:35,14,15,10972,37306
2023-05-17 13:01:35,14,16,10972,37306
2023-05-17 13:01:44,14,16,11062,37396
2023-05-17 13:01:44,14,15,11062,37396
2023-05-17 13:01:44,14,16,11062,37396
2023-05-17 13:01:53,13,16,11062,37396
2023-05-17 13:01:55,14,16,11062,37396
2023-05-17 13:02:01,13,16,11062,37396
2023-05-17 13:02:01,13,15,11062,37396
2023-05-17 13:02:07,14,15,11062,37396
2023-05-17 13:02:13,13,15,11062,37396
2023-05-17 13:02:16,12,15,11107,37441
2023-05-17 13:02:16,12,14,11107,37441
2023-05-17 13:02:19,12,14,11111,37445
2023-05-17 13:02:20,13,14,11111,37445
2023-05-17 13:02:20,14,15,11125,37484
2023-05-17 13:02:20,13,15,11375,37734
2023-05-17 13:02:20,13,14,11375,37734
2023-05-17 13:02:20,13,14,11506,37865
2023-05-17 13:02:22,14,15,11548,37907
2023-05-17 13:02:22,14,15,11629,37988
2023-05-17 13:02:22,14,15,11710,38069
2023-05-17 13:02:25,13,14,11710,38115
2023-05-17 13:02:26,12,14,11710,38115
2023-05-17 13:02:27,12,15,11710,38115
2023-05-17 13:02:27,12,14,11710,38115
2023-05-17 13:02:31,14,15,11710,38135
2023-05-17 13:02:37,12,14,11731,38215
2023-05-17 13:02:38,12,15,11731,38215
2023-05-17 13:02:40,12,14,11731,38215
2023-05-17 13:02:49,12,13,11731,38215
2023-05-17 13:02:58,12,14,11731,38215
2023-05-17 13:03:00,12,13,11731,38215
2023-05-17 13:03:00,11,12,11731,38235
2023-05-17 13:03:06,11,14,11731,38235
2023-05-17 13:03:11,11,12,11731,38235
2023-05-17 13:03:23,11,14,11731,38235
2023-05-17 13:03:23,11,13,11731,38235
2023-05-17 13:03:23,11,13,11710,38285
2023-05-17 13:03:23,11,12,11710,38285
2023-05-17 13:03:28,11,13,11710,38285
2023-05-17 13:03:30,11,14,11710,38285
2023-05-17 13:03:31,12,14,11710,38285
2023-05-17 13:03:33,11,14,11718,38293
2023-05-17 13:03:33,11,13,11718,38293
2023-05-17 13:03:33,11,12,11718,38293
2023-05-17 13:03:33,11,12,11718,38393
2023-05-17 13:03:33,11,12,11794,38469
2023-05-17 13:03:44,11,12,11806,38481
2023-05-17 13:03:46,11,12,11806,38513
2023-05-17 13:03:49,11,12,11806,38514
2023-05-17 13:03:51,10,11,11806,38523
2023-05-17 13:03:51,10,11,11806,38723
2023-05-17 13:03:51,9,11,11806,38723
2023-05-17 13:03:52,9,11,11606,38923
2023-05-17 13:03:52,10,11,11606,38923
2023-05-17 13:03:53,10,11,11406,39123
2023-05-17 13:03:54,11,12,11315,39214
2023-05-17 13:03:54,10,12,11315,39214
2023-05-17 13:03:55,10,12,11322,39221
2023-05-17 13:04:02,10,11,11322,39221
2023-05-17 13:04:02,11,12,11265,39278
2023-05-17 13:04:02,10,12,11265,39278
2023-05-17 13:04:03,9,10,11265,39323
2023-05-17 13:04:04,9,10,11265,39423
2023-05-17 13:04:04,9,10,11065,39623
2023-05-17 13:04:05,9,10,11065,39723
2023-05-17 13:04:05,10,11,11060,39728
2023-05-17 13:04:05,9,11,11060,39728
2023-05-17 13:04:05,10,11,11060,39728
2023-05-17 13:04:05,9,11,11060,39728
2023-05-17 13:04:06,9,10,11060,39728
2023-05-17 13:04:06,9,10,10860,39928
2023-05-17 13:04:06,9,10,10860,40028
2023-05-17 13:04:07,10,11,10710,40178
2023-05-17 13:04:07,9,11,10710,40178
2023-05-17 13:04:08,10,11,10710,40178
2023-05-17 13:04:17,10,11,10716,40184
2023-05-17 13:04:26,9,10,10716,40328
2023-05-17 13:04:38,10,11,10722,40359
2023-05-17 13:04:49,9,11,10722,40359
2023-05-17 13:04:49,10,11,10722,40359
2023-05-17 13:04:55,10,11,10721,40360
2023-05-17 13:04:56,9,11,10721,40360
2023-05-17 13:05:03,10,11,10721,40360
2023-05-17 13:05:13,9,11,10721,40360
2023-05-17 13:05:13,9,10,10721,40360
2023-05-17 13:05:15,9,11,10721,40360
2023-05-17 13:05:15,9,10,10721,40360
2023-05-17 13:05:18,9,11,10721,40360
2023-05-17 13:05:18,10,11,10721,40360
2023-05-17 13:05:33,9,11,10721,40560
2023-05-17 13:05:36,9,10,10721,40560
2023-05-17 13:05:38,9,11,10721,40560
2023-05-17 13:06:06,9,10,10721,40560
2023-05-17 13:06:46,9,10,10721,40760
2023-05-17 13:06:49,8,9,10721,40830
2023-05-17 13:07:26,7,8,10721,40850
2023-05-17 13:07:29,7,9,10721,40850
2023-05-17 13:07:32,7,9,10722,40851
2023-05-17 13:07:45,8,9,10722,40851
2023-05-17 13:08:00,8,9,10737,40866
2023-05-17 13:08:04,8,10,10737,40906
2023-05-17 13:08:06,7,10,10737,40906
2023-05-17 13:08:11,7,9,10737,40906
2023-05-17 13:08:28,7,10,10737,40906
2023-05-17 13:08:38,7,9,10737,40906
2023-05-17 13:08:40,7,10,10737,40906
2023-05-17 13:08:44,7,9,10737,40906
2023-05-17 13:08:46,7,10,10737,40906
2023-05-17 13:08:49,7,9,10737,40906
2023-05-17 13:08:50,7,10,10737,40906
2023-05-17 13:10:01,8,10,10737,40906
2023-05-17 13:10:45,7,10,10757,40926
2023-05-17 13:10:48,8,10,10757,40926
2023-05-17 13:11:06,10,11,10757,40966
2023-05-17 13:11:09,8,11,10757,40966
2023-05-17 13:11:16,11,12,10868,41205
2023-05-17 13:11:21,9,12,10868,41205
2023-05-17 13:11:34,9,11,10868,41205
2023-05-17 13:11:44,9,11,11068,41405
2023-05-17 13:11:49,9,12,11068,41405
2023-05-17 13:11:49,9,11,11068,41405
2023-05-17 13:12:01,9,12,11068,41405
2023-05-17 13:12:04,9,11,11068,41405
2023-05-17 13:12:09,9,11,11071,41408
2023-05-17 13:12:10,9,12,11071,41408
2023-05-17 13:12:22,12,13,11315,41672
2023-05-17 13:12:22,12,13,11330,41687
2023-05-17 13:12:22,12,13,11362,41719
2023-05-17 13:12:23,12,13,11382,41739
2023-05-17 13:12:25,11,13,11382,41739
2023-05-17 13:12:36,11,12,11382,41739
2023-05-17 13:12:44,11,13,11382,41739
2023-05-17 13:12:48,11,12,11382,41739
2023-05-17 13:12:48,11,12,11382,41759
2023-05-17 13:12:48,11,12,11394,41776
2023-05-17 13:12:48,11,13,11394,41776
2023-05-17 13:12:50,10,11,11402,41784
2023-05-17 13:13:08,10,11,11402,41819
2023-05-17 13:13:23,10,13,11831,42248
2023-05-17 13:13:50,11,13,11831,42248
2023-05-17 13:14:01,11,12,11831,42248
2023-05-17 13:14:03,10,12,11831,42284
2023-05-17 13:14:07,10,13,11831,42284
2023-05-17 13:14:07,10,12,11831,42284
2023-05-17 13:14:11,10,13,11831,42284
2023-05-17 13:14:12,10,12,11831,42284
2023-05-17 13:14:48,11,12,11831,42284
2023-05-17 13:15:00,10,12,11831,42284
2023-05-17 13:15:20,11,12,11831,42284
2023-05-17 13:15:33,11,12,11830,42285
2023-05-17 13:15:42,12,13,11811,42365
2023-05-17 13:15:43,11,13,11811,42365
2023-05-17 13:15:50,13,14,11811,42590
2023-05-17 13:15:55,11,14,11871,42650
2023-05-17 13:15:55,11,14,12161,43100
2023-05-17 13:15:56,12,14,12161,43100
2023-05-17 13:16:02,12,15,12161,43100
2023-05-17 13:16:03,13,15,12161,43100
2023-05-17 13:16:08,13,14,12161,43100
2023-05-17 13:16:08,12,14,12161,43125
2023-05-17 13:16:14,12,15,12161,43125
2023-05-17 13:16:18,13,15,12161,43125
2023-05-17 13:16:30,12,15,12161,43125
2023-05-17 13:16:49,12,14,12161,43125
2023-05-17 13:17:13,12,14,12161,43145
2023-05-17 13:17:13,12,13,12161,43145
2023-05-17 13:17:13,12,14,12161,43145
2023-05-17 13:17:18,12,13,12161,43145
2023-05-17 13:17:18,11,13,12161,43145
2023-05-17 13:17:51,11,14,12161,43145
2023-05-17 13:17:52,11,13,12161,43145
2023-05-17 13:17:55,11,13,12161,43168
2023-05-17 13:18:39,11,14,12161,43168
2023-05-17 13:18:43,11,13,12161,43168
2023-05-17 13:19:07,11,12,12161,43168
2023-05-17 13:19:07,11,13,12161,43168
2023-05-17 13:19:46,11,14,12161,43168
2023-05-17 13:19:47,11,14,12161,43182
2023-05-17 13:19:47,11,13,12161,43182
2023-05-17 13:19:47,11,13,12167,43196
2023-05-17 13:19:47,11,13,12181,43210
2023-05-17 13:19:47,11,13,12214,43243
2023-05-17 13:19:47,11,14,12214,43243
2023-05-17 13:19:48,11,14,12247,43276
2023-05-17 13:19:51,11,13,12247,43276
2023-05-17 13:19:58,10,13,12366,43395
2023-05-17 13:19:58,10,12,12366,43395
2023-05-17 13:19:58,10,11,12366,43395
2023-05-17 13:20:23,9,11,12366,43395
2023-05-17 13:20:45,9,10,12366,43395
2023-05-17 13:21:14,10,11,12341,43420
2023-05-17 13:21:14,10,11,12341,43440
2023-05-17 13:21:33,10,11,12356,43460
2023-05-17 13:21:41,9,10,12356,43465
2023-05-17 13:22:00,7,9,12435,43544
2023-05-17 13:22:21,7,9,12450,43559
2023-05-17 13:22:43,8,9,12450,43559
2023-05-17 13:22:45,7,8,12400,43609
2023-05-17 13:23:00,7,9,12400,43609
2023-05-17 13:23:01,7,8,12400,43609
2023-05-17 13:23:08,7,9,12400,43609
2023-05-17 13:23:13,7,8,12400,43609
2023-05-17 13:23:14,7,9,12400,43609
2023-05-17 13:25:02,7,8,12400,43609
2023-05-17 13:25:29,7,9,12625,43834
2023-05-17 13:26:03,8,9,12625,43834
2023-05-17 13:26:35,7,9,12645,43879
2023-05-17 13:26:59,7,8,12645,43879
2023-05-17 13:27:39,7,8,12670,43904
2023-05-17 13:28:01,7,8,12670,44004
2023-05-17 13:28:02,7,8,12670,44104
2023-05-17 13:28:21,7,8,12717,44151
2023-05-17 13:28:36,6,7,12717,44158
2023-05-17 13:28:43,6,8,12717,44158
2023-05-17 13:28:47,6,7,12717,44158
2023-05-17 13:29:06,6,8,12717,44158
2023-05-17 13:29:27,7,8,12717,44158
2023-05-17 13:30:08,6,7,12717,44183
2023-05-17 13:30:12,6,8,12717,44183
2023-05-17 13:30:15,6,7,12717,44183
2023-05-17 13:30:22,6,8,12717,44183
2023-05-17 13:30:27,6,7,12717,44183
2023-05-17 13:30:55,7,8,12863,44329
2023-05-17 13:30:57,7,8,12863,44429
2023-05-17 13:30:58,6,8,12863,44429
2023-05-17 13:30:58,6,7,12863,44429
2023-05-17 13:31:03,6,7,12888,44454
2023-05-17 13:31:03,6,8,12888,44454
2023-05-17 13:31:03,6,7,12888,44454
2023-05-17 13:31:12,6,8,12888,44454
2023-05-17 13:31:12,6,7,12888,44454
2023-05-17 13:31:20,6,8,12888,44454
2023-05-17 13:31:20,6,7,12888,44454
2023-05-17 13:31:31,6,8,12888,44454
2023-05-17 13:31:34,6,7,12888,44454
2023-05-17 13:31:43,6,8,12888,44454
2023-05-17 13:31:43,6,7,12888,44454
2023-05-17 13:31:52,6,8,12888,44454
2023-05-17 13:31:55,6,7,12888,44454
2023-05-17 13:32:03,6,8,12888,44454
2023-05-17 13:32:56,6,8,12767,44800
2023-05-17 13:33:06,6,7,12767,44800
2023-05-17 13:33:17,6,8,12767,44800
2023-05-17 13:33:17,6,7,12767,44800
2023-05-17 13:33:24,6,8,12767,44800
2023-05-17 13:33:24,6,9,12767,44800
2023-05-17 13:33:28,6,8,12767,44800
2023-05-17 13:33:35,6,9,12767,44800
2023-05-17 13:33:41,6,8,12767,44800
2023-05-17 13:33:49,6,9,12767,44800
2023-05-17 13:33:50,6,8,12767,44800
2023-05-17 13:33:52,6,7,12767,44800
2023-05-17 13:34:04,6,8,12767,44800
2023-05-17 13:34:04,6,7,12767,44800
2023-05-17 13:34:17,6,8,12767,44800
2023-05-17 13:34:40,6,7,12767,44800
2023-05-17 13:34:51,6,8,12767,44800
2023-05-17 13:34:51,6,7,12767,44800
2023-05-17 13:34:57,6,8,12767,44800
2023-05-17 13:35:00,6,7,12767,44800
2023-05-17 13:35:08,5,6,13038,45071
2023-05-17 13:35:32,5,6,13038,45375
2023-05-17 13:36:08,5,6,13038,45575
2023-05-17 13:36:14,5,6,13038,45775
2023-05-17 13:36:49,5,8,13038,45775
2023-05-17 13:36:50,6,8,13038,45775
2023-05-17 13:37:01,6,7,13038,45775
2023-05-17 13:38:25,5,6,12938,45895
2023-05-17 13:38:59,4,6,12738,46135
2023-05-17 13:39:21,4,6,12738,46135
2023-05-17 13:39:33,4,6,12348,46775
2023-05-17 13:41:07,5,6,12348,46775
2023-05-17 13:42:34,6,7,12308,47040
2023-05-17 13:42:35,6,7,12208,47140
2023-05-17 13:42:37,6,7,12108,47240
2023-05-17 13:42:38,6,7,12008,47340
2023-05-17 13:42:38,5,6,11923,47425
2023-05-17 13:43:34,6,7,12148,47650
2023-05-17 13:43:35,6,7,12148,47750
2023-05-17 13:43:35,6,7,12164,47766
2023-05-17 13:43:36,6,7,12164,47866
2023-05-17 13:43:37,6,7,12164,47966
2023-05-17 13:43:38,6,7,12164,48066
2023-05-17 13:43:39,5,6,12164,48150
2023-05-17 13:43:53,4,6,12204,48190
2023-05-17 13:44:07,4,6,12210,48206
2023-05-17 13:44:13,4,6,12211,48207
2023-05-17 13:44:22,3,6,12224,48270
2023-05-17 13:44:22,3,5,12224,48270
2023-05-17 13:44:22,3,4,12224,48270
2023-05-17 13:44:23,3,4,12315,48361
2023-05-17 13:44:23,4,6,12315,48377
2023-05-17 13:44:23,4,6,12315,48468
2023-05-17 13:44:29,3,6,12315,48468
2023-05-17 13:44:34,3,5,12315,48468
2023-05-17 13:47:03,3,4,12315,48468
2023-05-17 13:47:18,3,4,12519,48672
2023-05-17 13:47:25,3,4,12724,48922
2023-05-17 13:47:55,3,4,12749,48947
2023-05-17 13:49:13,3,4,12749,49043
2023-05-17 13:49:30,2,4,12789,49083
2023-05-17 13:50:48,2,4,12806,49100
2023-05-17 13:50:49,2,4,12939,49233
2023-05-17 13:50:49,2,3,12939,49233
2023-05-17 13:50:50,2,4,12939,49233
2023-05-17 13:51:01,2,4,12989,49283
2023-05-17 13:51:01,2,3,12989,49283
2023-05-17 13:51:01,2,4,12989,49283
2023-05-17 13:51:09,2,3,12989,49283
2023-05-17 13:51:09,2,3,13014,49308
2023-05-17 13:51:09,2,3,13029,49323
2023-05-17 13:51:09,2,3,13046,49340
2023-05-17 13:51:09,2,3,13066,49360
2023-05-17 13:51:09,2,4,13066,49360
2023-05-17 13:51:09,2,3,13066,49360
2023-05-17 13:51:10,2,4,13066,49360
2023-05-17 13:51:12,2,3,13089,49383
2023-05-17 13:51:12,2,3,13112,49406
2023-05-17 13:51:17,2,4,13112,49406
2023-05-17 13:51:19,2,3,13112,49406
2023-05-17 13:51:22,2,3,13132,49426
2023-05-17 13:51:22,2,3,13132,49426
2023-05-17 13:51:22,2,3,13145,49439
2023-05-17 13:51:22,2,3,13152,49446
2023-05-17 13:51:22,2,4,13165,49459
2023-05-17 13:51:22,2,3,13165,49459
2023-05-17 13:51:22,2,3,13172,49466
2023-05-17 13:51:22,2,4,13172,49466
2023-05-17 13:51:22,2,3,13172,49466
2023-05-17 13:51:22,2,4,13172,49466
2023-05-17 13:51:22,2,3,13172,49466
2023-05-17 13:51:23,2,3,13184,49478
2023-05-17 13:51:26,2,4,13184,49478
2023-05-17 13:51:33,2,3,13184,49478
2023-05-17 13:51:33,2,4,13184,49478
2023-05-17 13:51:33,2,4,13289,49595
2023-05-17 13:51:33,2,3,13289,49595
2023-05-17 13:51:34,2,3,13289,49735
2023-05-17 13:51:44,1,3,13309,49803
2023-05-17 13:51:44,1,2,13309,49803
2023-05-17 13:51:44,1,2,13424,49918
2023-05-17 13:52:14,1,2,13444,49938
2023-05-17 13:52:32,1,3,13461,49955
2023-05-17 13:52:34,1,2,13461,49955
2023-05-17 13:52:36,1,3,13461,49955
2023-05-17 13:52:38,1,2,13461,49955
2023-05-17 13:52:38,1,2,13531,50025
2023-05-17 13:52:38,1,3,13531,50025
2023-05-17 13:53:09,1,3,13531,50045
2023-05-17 13:53:10,2,3,13531,50045
2023-05-17 13:55:26,2,3,13531,50145
2023-05-17 13:55:26,1,3,13531,50145
2023-05-17 13:55:28,2,3,13531,50145
2023-05-17 13:55:34,1,3,13531,50145
2023-05-17 13:56:45,3,4,13511,50165
2023-05-17 13:56:45,1,4,13511,50165
2023-05-17 13:56:46,1,3,13511,50165
2023-05-17 13:57:32,1,5,14547,51261
2023-05-17 13:57:33,1,4,14547,51261
2023-05-17 13:57:33,2,4,14547,51261
2023-05-17 13:57:56,2,3,14547,51261
2023-05-17 13:57:56,2,3,14547,51311
2023-05-17 13:57:56,2,3,14547,51361
2023-05-17 13:57:56,2,4,14547,51361
2023-05-17 13:58:04,2,3,14547,51361
2023-05-17 13:58:10,2,4,14547,51361
2023-05-17 13:58:30,2,3,14547,51361
2023-05-17 13:58:31,2,4,14547,51361
2023-05-17 13:59:10,2,3,14547,51361
2023-05-17 13:59:10,2,4,14547,51361
2023-05-17 14:00:32,2,3,14547,51361
2023-05-17 14:00:39,2,4,14547,51361
2023-05-17 14:00:49,2,3,14547,51361
2023-05-17 14:00:56,2,4,14547,51361
2023-05-17 14:03:49,2,3,14547,51361
2023-05-17 14:03:49,2,4,14547,51361
2023-05-17 14:04:53,2,6,15286,52120
2023-05-17 14:04:53,2,5,15286,52120
2023-05-17 14:04:54,3,5,15286,52120
2023-05-17 14:05:02,3,6,15294,52128
2023-05-17 14:05:04,3,5,15294,52128
2023-05-17 14:05:04,3,5,15294,52167
2023-05-17 14:05:05,3,6,15294,52167
2023-05-17 14:05:05,3,5,15294,52167
2023-05-17 14:05:05,3,6,15294,52167
2023-05-17 14:05:17,3,5,15294,52167
2023-05-17 14:05:18,3,5,15294,52262
2023-05-17 14:05:24,3,6,15294,52262
2023-05-17 14:05:27,3,5,15294,52262
2023-05-17 14:05:27,3,5,15302,52375
2023-05-17 14:05:30,3,5,15302,52413
2023-05-17 14:05:35,3,5,15302,52418
2023-05-17 14:05:35,3,4,15302,52418
2023-05-17 14:05:35,2,4,15302,52470
2023-05-17 14:05:35,2,5,15302,52470
2023-05-17 14:05:35,2,4,15302,52470
2023-05-17 14:05:42,4,5,15302,52478
2023-05-17 14:05:52,4,5,15310,52486
2023-05-17 14:05:52,4,5,15318,52494
2023-05-17 14:05:55,2,5,15318,52494
2023-05-17 14:06:16,2,4,15318,52494
2023-05-17 14:06:20,2,5,15318,52494
2023-05-17 14:06:36,2,4,15318,52494
2023-05-17 14:06:43,2,5,15318,52494
2023-05-17 14:06:43,2,4,15318,52494
2023-05-17 14:06:44,2,5,15318,52494
2023-05-17 14:06:44,2,4,15318,52494
2023-05-17 14:07:26,2,5,15318,52494
2023-05-17 14:07:35,2,4,15318,52494
2023-05-17 14:07:47,2,5,15318,52494
2023-05-17 14:07:47,2,4,15318,52494
2023-05-17 14:07:50,2,5,15318,52494
2023-05-17 14:07:50,2,4,15318,52494
2023-05-17 14:07:51,3,4,15318,52494
2023-05-17 14:07:51,3,4,15411,52587
2023-05-17 14:07:51,3,5,15411,52587
2023-05-17 14:08:13,3,5,15419,52595
2023-05-17 14:08:13,3,4,15419,52595
2023-05-17 14:08:13,3,4,15449,52625
2023-05-17 14:08:13,3,5,15449,52625
2023-05-17 14:08:28,3,5,15477,52653
2023-05-17 14:08:28,3,5,15477,52653
2023-05-17 14:08:45,3,6,15677,52861
2023-05-17 14:08:45,3,5,15677,52861
2023-05-17 14:08:50,3,5,15702,52886
2023-05-17 14:08:50,3,5,15769,52953
2023-05-17 14:08:50,3,6,15769,52953
2023-05-17 14:08:55,3,5,15769,52953
2023-05-17 14:09:05,3,6,15769,52953
2023-05-17 14:09:07,3,5,15769,52953
2023-05-17 14:09:20,3,6,15769,52953
2023-05-17 14:09:20,3,5,15769,52953
2023-05-17 14:09:24,3,5,15777,52961
2023-05-17 14:09:27,3,6,15777,52961
2023-05-17 14:09:31,3,6,15802,52986
2023-05-17 14:09:31,3,5,15802,52986
2023-05-17 14:09:33,3,5,15818,53002
2023-05-17 14:09:33,3,5,15843,53027
2023-05-17 14:09:34,3,5,15854,53052
2023-05-17 14:09:35,3,5,15854,53120
2023-05-17 14:09:41,3,6,15854,53120
2023-05-17 14:09:49,3,6,15854,53157
2023-05-17 14:09:49,3,5,15854,53157
2023-05-17 14:09:49,3,5,15854,53194
2023-05-17 14:09:53,3,5,15854,53257
2023-05-17 14:09:53,3,5,15854,53303
2023-05-17 14:09:54,3,4,15854,53303
2023-05-17 14:10:35,2,4,15854,53319
2023-05-17 14:10:35,2,3,15854,53319
2023-05-17 14:10:35,2,3,15979,53444
2023-05-17 14:10:35,2,3,15988,53453
2023-05-17 14:22:45,2,3,15999,53464
2023-05-17 14:25:39,2,3,16064,53529
2023-05-17 14:25:39,2,3,16075,53540
2023-05-17 14:25:39,2,3,16086,53551
2023-05-17 14:25:39,2,3,16097,53562
2023-05-17 14:25:39,2,3,16108,53573
2023-05-17 14:25:39,2,3,16129,53594
2023-05-17 14:25:50,2,3,16275,53740
2023-05-17 14:25:50,2,3,16305,53770
2023-05-17 14:25:50,2,3,16355,53820
2023-05-17 14:25:50,2,3,16365,53830
2023-05-17 14:25:50,2,3,16385,53850
2023-05-17 14:27:11,2,3,16410,53875
2023-05-17 14:29:34,1,2,16679,54144
2023-05-17 14:32:27,1,4,16743,54214
2023-05-17 14:32:55,2,4,16743,54214
2023-05-17 14:32:57,2,5,17368,54849
2023-05-17 14:32:57,3,5,17368,54849
2023-05-17 14:33:16,3,5,17368,54899
2023-05-17 14:34:27,4,5,17368,54899
2023-05-17 14:35:50,3,5,17388,54919
2023-05-17 14:35:50,3,4,17388,54919
2023-05-17 14:36:21,3,4,17392,55073
2023-05-17 14:36:21,2,4,17428,55159
2023-05-17 14:36:43,2,3,17428,55159
2023-05-17 14:36:49,2,4,17428,55159
2023-05-17 14:38:13,2,3,17428,55159
2023-05-17 14:38:17,2,4,17428,55159
2023-05-17 14:38:21,2,3,17428,55159
2023-05-17 14:38:22,2,4,17428,55159
2023-05-17 14:39:16,2,3,17428,55159
2023-05-17 14:39:17,2,4,17428,55159
2023-05-17 14:39:26,2,3,17428,55159
2023-05-17 14:39:28,2,3,17428,55179
2023-05-17 14:39:28,2,3,17428,55187
2023-05-17 14:39:29,2,4,17428,55187
2023-05-17 14:39:32,2,3,17428,55187
2023-05-17 14:39:32,2,4,17428,55187
2023-05-17 14:39:36,3,4,17428,55187
2023-05-17 14:39:49,3,4,17492,55251
2023-05-17 14:40:08,3,4,17492,55259
2023-05-17 14:41:29,3,4,17513,55280
2023-05-17 14:41:30,2,4,17545,55312
2023-05-17 14:41:30,2,3,17545,55312
2023-05-17 14:41:55,2,3,17545,55344
2023-05-17 14:41:55,2,3,17545,55349
2023-05-17 14:43:23,3,4,17545,55381
2023-05-17 14:43:24,2,4,17545,55381
2023-05-17 14:43:27,3,4,17545,55381
2023-05-17 14:43:27,3,4,17545,55540
2023-05-17 14:43:28,2,4,17545,55540
2023-05-17 14:43:42,3,4,17545,55540
2023-05-17 14:43:46,3,4,17545,55541
2023-05-17 14:43:48,3,4,17545,55668
2023-05-17 14:43:48,3,4,17545,55676
2023-05-17 14:43:48,2,4,17545,55676
2023-05-17 14:44:47,2,5,17590,55801
2023-05-17 14:44:54,3,5,17590,55801
2023-05-17 14:45:07,3,4,17590,55801
2023-05-17 14:45:07,3,4,17610,55821
2023-05-17 14:45:07,3,5,17610,55821
2023-05-17 14:45:19,4,5,17610,55821
2023-05-17 14:45:23,3,5,17610,55821
2023-05-17 14:46:04,3,5,17617,55828
2023-05-17 14:46:08,3,4,17617,55828
2023-05-17 14:47:09,3,4,17637,55848
2023-05-17 14:47:09,3,4,17645,55856
2023-05-17 14:47:09,3,4,17653,55864
2023-05-17 14:49:36,3,4,17673,55884
2023-05-17 14:49:36,3,4,17702,55913
2023-05-17 14:49:47,2,4,17702,55913
2023-05-17 14:51:24,3,4,17702,55913
2023-05-17 14:51:37,2,4,17702,55913
2023-05-17 14:51:50,3,4,17702,55913
2023-05-17 14:52:07,3,5,17727,55942
2023-05-17 14:54:41,3,4,17727,55942
2023-05-17 14:55:05,3,5,17727,55942
2023-05-17 14:55:10,3,5,17747,55962
2023-05-17 14:55:10,3,4,17747,55962
2023-05-17 14:55:10,3,4,17755,55970
2023-05-17 14:55:11,3,5,17755,55970
2023-05-17 14:55:16,3,4,17755,55970
2023-05-17 14:55:20,3,5,17755,55970
2023-05-17 14:56:04,3,4,17755,55970
2023-05-17 14:56:05,3,5,17755,55970
2023-05-17 14:56:19,3,5,17757,55972
2023-05-17 14:59:24,4,5,17757,55972
2023-05-17 14:59:35,3,5,17757,55972
2023-05-17 15:00:14,4,5,17757,55972
2023-05-17 15:00:17,4,5,17757,55992
2023-05-17 15:00:17,4,5,17757,56000
2023-05-17 15:00:26,4,5,17757,56020
2023-05-17 15:00:28,4,6,17757,56020
2023-05-17 15:00:29,5,6,17757,56020
2023-05-17 15:00:29,4,6,17757,56220
2023-05-17 15:00:32,4,6,17757,56240
2023-05-17 15:00:32,4,6,17757,56247
2023-05-17 15:00:32,4,5,17757,56247
2023-05-17 15:00:32,4,6,17757,56247
2023-05-17 15:00:55,4,5,17757,56247
2023-05-17 15:01:48,3,5,17777,56267
2023-05-17 15:01:49,3,4,17777,56267
2023-05-17 15:01:52,3,4,17970,56460
2023-05-17 15:01:52,3,4,17977,56467
2023-05-17 15:04:21,3,4,17985,56475
2023-05-17 15:05:27,2,3,18017,56507
2023-05-17 15:05:54,2,3,18027,56517
2023-05-17 15:09:40,2,3,18035,56525
2023-05-17 15:10:33,1,3,18055,56545
2023-05-17 15:11:31,1,3,18205,56695
2023-05-17 15:14:17,1,2,18205,56695
2023-05-17 15:15:10,1,3,18205,56695
2023-05-17 15:15:24,1,3,18296,56786
2023-05-17 15:16:28,1,2,18296,56786
2023-05-17 15:17:05,1,3,18296,56786
2023-05-17 15:19:02,1,2,18296,56786
2023-05-17 15:19:24,1,2,18341,56831
2023-05-17 15:19:24,1,3,18341,56831
2023-05-17 15:19:26,1,3,18391,56881
2023-05-17 15:19:32,1,2,18391,56881
2023-05-17 15:19:32,1,3,18391,56881
2023-05-17 15:21:14,1,3,18407,56897
2023-05-17 15:21:17,1,3,18445,56935
2023-05-17 15:21:19,1,3,18545,57135
2023-05-17 15:21:20,1,2,18545,57135
2023-05-17 15:27:54,1,2,18561,57151
2023-05-17 15:28:07,1,2,18577,57167
2023-05-17 15:29:50,1,2,18610,57200
2023-05-17 15:29:51,1,2,18616,57206
2023-05-17 15:30:41,1,2,18632,57222
2023-05-17 15:32:20,1,2,18648,57238
2023-05-17 15:32:56,1,2,18664,57254
2023-05-17 15:32:58,1,2,18680,57270
2023-05-17 15:33:03,1,2,18705,57295
2023-05-17 15:33:03,0,1,18707,57297
2023-05-17 15:33:40,0,2,18721,57311
2023-05-17 15:35:10,1,2,18721,57311
2023-05-17 15:35:47,0,2,18721,57311
2023-05-17 15:35:51,0,1,18721,57311
2023-05-17 15:36:17,0,1,18521,57511
2023-05-17 15:37:00,0,2,18521,57608
2023-05-17 15:41:46,0,1,18521,57608
2023-05-17 15:41:46,0,2,18521,57608
2023-05-17 15:46:28,0,1,18521,57608
