datetime,bid,ask,open_interest,volume
2023-05-17 09:30:08,29,31,2337,3058
2023-05-17 09:30:19,31,38,2362,3083
2023-05-17 09:30:19,24,38,2362,3083
2023-05-17 09:30:28,38,42,2382,3203
2023-05-17 09:30:28,24,42,2382,3203
2023-05-17 09:30:29,24,42,2382,3204
2023-05-17 09:30:46,24,42,2382,3205
2023-05-17 09:31:03,24,42,2382,3206
2023-05-17 09:31:04,32,42,2382,3206
2023-05-17 09:31:04,32,37,2382,3206
2023-05-17 09:31:04,32,36,2582,3406
2023-05-17 09:31:05,32,35,2582,3406
2023-05-17 09:31:06,32,35,2782,3606
2023-05-17 09:31:07,32,36,2982,3806
2023-05-17 09:31:07,33,36,2982,3806
2023-05-17 09:31:08,33,36,3182,4006
2023-05-17 09:31:10,32,36,3182,4006
2023-05-17 09:31:11,32,36,3382,4206
2023-05-17 09:31:11,33,36,3382,4206
2023-05-17 09:31:12,32,36,3382,4206
2023-05-17 09:31:13,32,33,3382,4206
2023-05-17 09:31:13,33,36,3382,4306
2023-05-17 09:31:13,32,36,3382,4306
2023-05-17 09:31:13,32,35,3382,4306
2023-05-17 09:31:13,32,34,3382,4306
2023-05-17 09:31:14,32,33,3382,4306
2023-05-17 09:31:15,33,34,3382,4406
2023-05-17 09:31:15,32,34,3382,4406
2023-05-17 09:31:18,32,33,3382,4406
2023-05-17 09:31:20,31,32,3362,4426
2023-05-17 09:31:20,32,33,3282,4506
2023-05-17 09:31:20,32,33,3281,4507
2023-05-17 09:31:22,32,33,3181,4607
2023-05-17 09:31:23,32,35,3181,4607
2023-05-17 09:31:24,32,34,3181,4607
2023-05-17 09:31:24,31,32,3181,4607
2023-05-17 09:31:25,32,34,3181,4707
2023-05-17 09:31:25,31,34,3181,4707
2023-05-17 09:31:26,31,32,3181,4707
2023-05-17 09:31:27,32,34,3181,4807
2023-05-17 09:31:27,31,34,3181,4807
2023-05-17 09:31:27,31,33,3181,4807
2023-05-17 09:31:27,29,33,3181,4807
2023-05-17 09:31:27,31,32,3181,4807
2023-05-17 09:31:30,30,31,3161,4827
2023-05-17 09:31:31,29,31,3161,4827
2023-05-17 09:31:32,31,32,3161,5007
2023-05-17 09:31:32,29,32,3161,5007
2023-05-17 09:31:33,29,33,3161,5007
2023-05-17 09:31:33,29,31,3161,5007
2023-05-17 09:31:33,30,31,3161,5007
2023-05-17 09:31:41,31,33,3181,5027
2023-05-17 09:31:41,30,33,3181,5027
2023-05-17 09:31:42,31,33,3181,5027
2023-05-17 09:31:43,30,33,3181,5027
2023-05-17 09:31:45,31,33,3181,5027
2023-05-17 09:31:48,32,33,3181,5027
2023-05-17 09:31:50,33,34,3181,5047
2023-05-17 09:31:52,34,36,3241,5117
2023-05-17 09:31:52,33,36,3241,5117
2023-05-17 09:31:53,34,36,3241,5117
2023-05-17 09:31:56,34,37,3241,5117
2023-05-17 09:31:57,34,37,3241,5117
2023-05-17 09:32:05,35,37,3241,5117
2023-05-17 09:32:06,36,37,3241,5117
2023-05-17 09:32:16,35,37,3241,5117
2023-05-17 09:32:17,36,37,3241,5117
2023-05-17 09:32:18,35,37,3241,5117
2023-05-17 09:32:23,34,37,3241,5117
2023-05-17 09:32:24,35,37,3241,5117
2023-05-17 09:32:34,34,37,3241,5117
2023-05-17 09:32:35,34,36,3241,5117
2023-05-17 09:32:39,33,37,3241,5117
2023-05-17 09:32:45,33,37,3241,5117
2023-05-17 09:32:45,33,36,3241,5117
2023-05-17 09:32:52,34,36,3241,5117
2023-05-17 09:32:53,33,36,3241,5117
2023-05-17 09:33:02,34,36,3241,5117
2023-05-17 09:33:10,35,36,3241,5117
2023-05-17 09:33:13,34,36,3241,5117
2023-05-17 09:33:14,34,35,3241,5117
2023-05-17 09:33:40,33,35,3241,5117
2023-05-17 09:33:49,34,35,3241,5117
2023-05-17 09:33:50,33,35,3241,5117
2023-05-17 09:33:53,34,35,3241,5117
2023-05-17 09:33:56,33,35,3241,5117
2023-05-17 09:34:05,34,35,3241,5117
2023-05-17 09:34:08,33,35,3241,5117
2023-05-17 09:34:35,33,34,3241,5117
2023-05-17 09:34:37,31,33,3241,5137
2023-05-17 09:34:41,31,34,3241,5137
2023-05-17 09:34:49,31,33,3241,5137
2023-05-17 09:35:01,30,31,3241,5157
2023-05-17 09:35:14,31,33,3241,5257
2023-05-17 09:35:16,31,34,3241,5257
2023-05-17 09:35:33,30,34,3241,5257
2023-05-17 09:35:33,30,33,3241,5257
2023-05-17 09:35:49,33,34,3661,5677
2023-05-17 09:35:50,33,34,3861,5877
2023-05-17 09:35:51,33,34,3961,5977
2023-05-17 09:35:54,33,34,4061,6077
2023-05-17 09:35:57,33,34,4161,6177
2023-05-17 09:35:59,33,34,4261,6277
2023-05-17 09:36:00,33,34,4361,6377
2023-05-17 09:36:02,33,34,4461,6477
2023-05-17 09:36:07,33,34,4561,6577
2023-05-17 09:36:21,33,34,5161,7177
2023-05-17 09:37:36,34,35,5161,7198
2023-05-17 09:37:38,33,35,5161,7198
2023-05-17 09:37:40,34,35,5161,7198
2023-05-17 09:37:51,35,36,5161,7220
2023-05-17 09:37:56,34,36,5161,7220
2023-05-17 09:37:59,33,36,5161,7220
2023-05-17 09:37:59,34,36,5161,7220
2023-05-17 09:38:01,35,36,5161,7220
2023-05-17 09:39:23,35,36,5261,7320
2023-05-17 09:39:24,35,36,5361,7420
2023-05-17 09:39:26,35,36,6161,8220
2023-05-17 09:39:26,35,36,6261,8320
2023-05-17 09:39:28,35,36,6361,8420
2023-05-17 09:39:31,35,36,6461,8520
2023-05-17 09:39:33,35,36,6561,8620
2023-05-17 09:39:37,35,36,6661,8720
2023-05-17 09:39:39,35,36,6761,8820
2023-05-17 09:39:41,35,36,6861,8920
2023-05-17 09:39:55,35,36,7061,9120
2023-05-17 09:39:56,34,35,7161,9220
2023-05-17 09:39:56,33,34,7161,9240
2023-05-17 09:40:04,33,35,7161,9240
2023-05-17 09:41:06,34,35,7161,9240
2023-05-17 09:41:37,33,35,7161,9240
2023-05-17 09:42:06,32,35,7241,9340
2023-05-17 09:42:18,32,34,7241,9340
2023-05-17 09:42:48,32,33,7241,9340
2023-05-17 09:42:59,32,33,7241,9740
2023-05-17 09:43:01,30,33,7241,9740
2023-05-17 09:43:08,30,32,7241,9740
2023-05-17 09:43:11,30,31,7241,9740
2023-05-17 09:43:39,30,32,7241,9740
2023-05-17 09:44:14,31,32,7241,9740
2023-05-17 09:44:31,31,32,7241,9940
2023-05-17 09:44:32,31,33,7241,9940
2023-05-17 09:45:03,32,33,7241,9940
2023-05-17 09:45:09,31,33,7241,9940
2023-05-17 09:45:12,31,32,7241,9940
2023-05-17 09:45:23,31,32,7796,10495
2023-05-17 09:45:50,31,32,8240,10939
2023-05-17 09:46:02,31,32,8440,11139
2023-05-17 09:46:05,31,32,8440,11339
2023-05-17 09:46:05,31,32,8640,11539
2023-05-17 09:46:06,31,32,8640,11739
2023-05-17 09:46:08,31,32,8640,11939
2023-05-17 09:46:10,30,32,8641,11960
2023-05-17 09:46:29,29,30,8641,12000
2023-05-17 09:46:45,28,30,8641,12065
2023-05-17 09:47:43,28,29,8641,12065
2023-05-17 09:48:26,29,30,8641,12066
2023-05-17 09:48:27,28,30,8641,12066
2023-05-17 09:48:28,29,30,8641,12066
2023-05-17 09:48:56,28,30,8641,12066
2023-05-17 09:49:07,29,30,8641,12066
2023-05-17 09:49:11,28,30,8641,12066
2023-05-17 09:49:14,29,30,8641,12066
2023-05-17 09:49:20,28,30,8641,12066
2023-05-17 09:49:30,28,30,8441,12266
2023-05-17 09:49:35,28,29,8441,12266
2023-05-17 09:49:35,28,29,8241,12466
2023-05-17 09:49:36,28,29,8241,12489
2023-05-17 09:49:36,28,30,8241,12489
2023-05-17 09:49:36,28,29,8241,12489
2023-05-17 09:49:37,27,28,8154,12576
2023-05-17 09:49:42,26,28,8154,12576
2023-05-17 09:50:01,24,28,8154,12576
2023-05-17 09:50:03,24,27,8154,12576
2023-05-17 09:50:04,25,27,8154,12576
2023-05-17 09:50:04,25,28,8154,12576
2023-05-17 09:50:07,26,28,8154,12576
2023-05-17 09:50:11,25,28,8154,12576
2023-05-17 09:50:12,25,27,8154,12576
2023-05-17 09:50:15,25,28,8154,12576
2023-05-17 09:50:16,25,27,8154,12576
2023-05-17 09:50:16,25,27,8154,12577
2023-05-17 09:50:19,25,28,8154,12577
2023-05-17 09:50:20,25,27,8154,12577
2023-05-17 09:50:23,25,28,8154,12577
2023-05-17 09:50:24,25,27,8154,12577
2023-05-17 09:50:27,25,28,8154,12577
2023-05-17 09:50:28,25,27,8154,12577
2023-05-17 09:50:32,25,28,8154,12577
2023-05-17 09:50:32,25,27,8154,12577
2023-05-17 09:50:33,24,25,7986,12745
2023-05-17 09:50:33,24,27,7986,12745
2023-05-17 09:50:34,24,27,7786,12945
2023-05-17 09:50:35,24,27,7586,13145
2023-05-17 09:50:35,24,25,7586,13145
2023-05-17 09:50:35,22,24,7586,13403
2023-05-17 09:50:37,21,24,7426,13603
2023-05-17 09:50:38,22,24,7426,13603
2023-05-17 09:50:38,22,23,7426,13603
2023-05-17 09:50:43,22,23,7426,13803
2023-05-17 09:50:43,21,22,7426,13828
2023-05-17 09:50:43,21,22,7426,13850
2023-05-17 09:50:48,21,22,7556,14016
2023-05-17 09:50:48,21,22,7578,14038
2023-05-17 09:50:51,21,22,7600,14060
2023-05-17 09:50:57,21,22,7622,14082
2023-05-17 09:50:58,21,22,7657,14117
2023-05-17 09:50:58,21,22,7670,14130
2023-05-17 09:51:07,20,21,7671,14131
2023-05-17 09:51:07,20,22,7671,14131
2023-05-17 09:51:08,20,22,7671,14161
2023-05-17 09:51:08,20,21,7671,14161
2023-05-17 09:51:08,20,21,7671,14184
2023-05-17 09:51:08,20,22,7671,14184
2023-05-17 09:51:09,20,21,7671,14184
2023-05-17 09:51:13,20,21,7684,14197
2023-05-17 09:51:13,20,21,7706,14219
2023-05-17 09:51:24,19,20,7727,14240
2023-05-17 09:51:24,19,21,7727,14240
2023-05-17 09:51:25,19,21,7750,14263
2023-05-17 09:51:29,19,21,7777,14313
2023-05-17 09:51:29,19,20,7777,14313
2023-05-17 09:51:30,19,20,7777,14393
2023-05-17 09:51:30,19,20,7777,14416
2023-05-17 09:51:30,19,21,7777,14416
2023-05-17 09:51:30,18,21,7777,14416
2023-05-17 09:51:30,19,21,7777,14416
2023-05-17 09:51:31,19,20,7777,14416
2023-05-17 09:51:41,19,20,7776,14417
2023-05-17 09:51:52,19,20,7456,14750
2023-05-17 09:51:52,18,20,7463,14770
2023-05-17 09:51:52,18,19,7463,14770
2023-05-17 09:51:57,18,20,7456,14820
2023-05-17 09:51:58,18,20,7456,14821
2023-05-17 09:51:58,19,20,7456,14821
2023-05-17 09:52:33,19,22,7456,15121
2023-05-17 09:52:41,20,22,7456,15121
2023-05-17 09:52:42,19,22,7456,15121
2023-05-17 09:52:45,20,22,7456,15121
2023-05-17 09:52:47,20,21,7456,15121
2023-05-17 09:52:51,20,21,7456,15454
2023-05-17 09:52:52,20,22,7456,15454
2023-05-17 09:53:09,20,22,7756,15754
2023-05-17 09:53:13,20,21,7756,15754
2023-05-17 09:53:13,20,21,7756,15954
2023-05-17 09:53:14,20,21,7756,16154
2023-05-17 09:53:16,19,20,7756,16194
2023-05-17 09:53:16,19,21,7756,16194
2023-05-17 09:53:23,19,20,7756,16194
2023-05-17 09:53:27,18,19,7756,16234
2023-05-17 09:53:53,18,20,7756,16234
2023-05-17 09:53:53,18,19,7756,16234
2023-05-17 09:54:02,18,19,7756,16434
2023-05-17 09:54:05,18,19,7828,16514
2023-05-17 09:54:05,17,18,7836,16522
2023-05-17 09:54:05,17,19,7836,16522
2023-05-17 09:54:38,17,20,7756,16602
2023-05-17 09:54:59,18,20,7756,16602
2023-05-17 09:55:00,17,20,7756,16602
2023-05-17 09:55:14,18,20,7756,16602
2023-05-17 09:55:18,18,19,7756,16602
2023-05-17 09:55:18,18,20,7756,16602
2023-05-17 09:55:20,19,20,7756,16602
2023-05-17 09:55:20,19,20,7756,16606
2023-05-17 09:55:24,18,20,7756,16606
2023-05-17 09:55:25,19,20,7756,16606
2023-05-17 09:55:26,18,20,7756,16606
2023-05-17 09:55:46,18,19,7756,16606
2023-05-17 09:56:12,18,20,7756,16606
2023-05-17 09:57:07,18,19,7756,16606
2023-05-17 09:57:10,17,18,7796,16646
2023-05-17 09:57:10,17,19,7796,16646
2023-05-17 09:57:31,17,18,7796,16646
2023-05-17 09:57:39,17,19,7796,16646
2023-05-17 09:57:59,17,18,7796,16646
2023-05-17 09:58:06,16,17,8044,16894
2023-05-17 09:58:25,16,17,8044,17449
2023-05-17 09:58:31,16,18,8044,17846
2023-05-17 09:58:46,16,18,8044,18046
2023-05-17 09:58:47,16,17,8044,18046
2023-05-17 09:59:04,15,16,8064,18066
2023-05-17 09:59:04,15,17,8064,18066
2023-05-17 09:59:23,15,16,8064,18066
2023-05-17 09:59:32,14,15,8084,18086
2023-05-17 09:59:32,14,16,8084,18086
2023-05-17 10:00:01,13,16,8084,18106
2023-05-17 10:00:03,14,16,8084,18106
2023-05-17 10:00:51,15,16,8084,18106
2023-05-17 10:01:08,15,17,7736,18606
2023-05-17 10:01:08,15,18,7736,18606
2023-05-17 10:01:14,15,17,7736,18606
2023-05-17 10:01:17,15,18,7736,18606
2023-05-17 10:01:18,15,17,7736,18606
2023-05-17 10:01:41,14,17,7516,18886
2023-05-17 10:01:55,15,17,7516,18886
2023-05-17 10:02:26,16,17,7516,18886
2023-05-17 10:03:17,16,18,7476,18926
2023-05-17 10:04:26,16,17,7476,18926
2023-05-17 10:04:59,15,17,7476,18926
2023-05-17 10:05:52,15,18,7476,18926
2023-05-17 10:05:58,16,18,7476,18926
2023-05-17 10:06:24,17,18,7476,18926
2023-05-17 10:06:28,16,18,7476,18926
2023-05-17 10:06:28,17,18,7476,18926
2023-05-17 10:06:52,17,18,7456,19126
2023-05-17 10:06:56,17,19,7456,19274
2023-05-17 10:06:57,18,19,7456,19274
2023-05-17 10:07:05,18,20,7456,19294
2023-05-17 10:07:07,19,20,7456,19294
2023-05-17 10:07:11,19,21,7476,19314
2023-05-17 10:07:54,19,20,7476,19314
2023-05-17 10:07:57,19,20,7508,19714
2023-05-17 10:07:58,18,19,7516,19722
2023-05-17 10:07:58,18,20,7516,19722
2023-05-17 10:07:59,18,19,7516,19722
2023-05-17 10:08:14,17,19,7516,19722
2023-05-17 10:08:44,17,18,7516,19722
2023-05-17 10:09:52,17,18,7516,19922
2023-05-17 10:10:01,18,19,7516,20022
2023-05-17 10:10:02,17,19,7516,20022
2023-05-17 10:10:10,18,19,7516,20022
2023-05-17 10:10:13,19,20,7476,20062
2023-05-17 10:10:33,19,21,7476,20102
2023-05-17 10:10:45,20,21,7476,20102
2023-05-17 10:11:14,21,22,7476,20142
2023-05-17 10:11:39,21,23,7476,20162
2023-05-17 10:11:46,21,23,7476,20163
2023-05-17 10:12:50,22,23,7476,20163
2023-05-17 10:13:11,21,23,7476,20163
2023-05-17 10:13:37,22,23,7476,20163
2023-05-17 10:13:48,22,25,7476,20383
2023-05-17 10:14:06,23,25,7476,20383
2023-05-17 10:14:35,22,25,7476,20383
2023-05-17 10:14:39,23,25,7476,20383
2023-05-17 10:14:43,24,25,7476,20383
2023-05-17 10:15:02,23,25,7476,20383
2023-05-17 10:15:08,22,25,7476,20383
2023-05-17 10:15:10,23,25,7476,20383
2023-05-17 10:15:37,22,25,7476,20383
2023-05-17 10:15:39,23,25,7476,20383
2023-05-17 10:15:40,22,25,7476,20383
2023-05-17 10:15:41,23,25,7476,20383
2023-05-17 10:15:43,22,25,7476,20383
2023-05-17 10:15:43,23,25,7476,20383
2023-05-17 10:15:59,24,25,7476,20383
2023-05-17 10:16:02,24,25,7476,20483
2023-05-17 10:16:07,25,26,7476,20503
2023-05-17 10:16:36,23,26,7476,20503
2023-05-17 10:16:36,24,26,7476,20503
2023-05-17 10:16:39,25,26,7476,20503
2023-05-17 10:16:57,25,27,7476,20623
2023-05-17 10:17:06,24,27,7476,20623
2023-05-17 10:17:08,24,27,7477,20624
2023-05-17 10:17:11,25,27,7477,20624
2023-05-17 10:18:55,25,27,7477,20674
2023-05-17 10:19:15,26,27,7477,20674
2023-05-17 10:19:16,26,28,7497,20694
2023-05-17 10:19:21,25,28,7497,20694
2023-05-17 10:19:35,25,26,7497,20694
2023-05-17 10:19:44,26,28,7497,20794
2023-05-17 10:20:17,27,28,7497,20794
2023-05-17 10:20:43,26,28,7497,20794
2023-05-17 10:20:53,26,28,7497,20794
2023-05-17 10:20:54,26,27,7497,20794
2023-05-17 10:21:06,26,28,7497,20794
2023-05-17 10:21:16,26,27,7497,20794
2023-05-17 10:24:41,26,27,7497,20994
2023-05-17 10:26:16,26,27,7497,21194
2023-05-17 10:26:17,26,28,7497,21264
2023-05-17 10:26:48,28,29,7497,21306
2023-05-17 10:27:14,27,29,7497,21306
2023-05-17 10:27:19,28,29,7497,21306
2023-05-17 10:27:24,28,29,7497,21331
2023-05-17 10:27:46,26,29,7497,21331
2023-05-17 10:27:53,27,29,7497,21331
2023-05-17 10:28:01,27,28,7497,21331
2023-05-17 10:28:11,27,28,7497,21531
2023-05-17 10:28:12,27,28,7497,21731
2023-05-17 10:28:13,26,27,7497,21751
2023-05-17 10:28:13,26,28,7497,21751
2023-05-17 10:30:07,27,28,7497,21751
2023-05-17 10:30:11,28,29,7497,21771
2023-05-17 10:30:40,27,29,7497,21771
2023-05-17 10:30:42,28,29,7497,21771
2023-05-17 10:30:54,26,29,7497,21771
2023-05-17 10:30:54,27,29,7497,21771
2023-05-17 10:31:29,28,29,7497,21771
2023-05-17 10:31:57,27,29,7497,21771
2023-05-17 10:32:00,28,29,7497,21771
2023-05-17 10:32:29,27,29,7497,21771
2023-05-17 10:32:31,28,29,7497,21771
2023-05-17 10:32:58,27,29,7497,21771
2023-05-17 10:33:09,27,28,7497,21771
2023-05-17 10:33:50,28,29,7497,21816
2023-05-17 10:33:50,27,29,7497,21816
2023-05-17 10:33:50,28,29,7497,21816
2023-05-17 10:34:07,29,30,7497,21861
2023-05-17 10:34:07,28,30,7497,21861
2023-05-17 10:34:37,29,30,7497,21861
2023-05-17 10:34:38,30,31,7467,21936
2023-05-17 10:34:38,29,31,7467,21936
2023-05-17 10:34:56,30,31,7467,21936
2023-05-17 10:35:23,29,31,7467,21936
2023-05-17 10:35:34,29,31,7467,21936
2023-05-17 10:35:38,29,30,7467,21936
2023-05-17 10:37:23,28,29,7467,21981
2023-05-17 10:37:27,28,30,7467,21981
2023-05-17 10:37:36,28,29,7467,21981
2023-05-17 10:37:49,28,30,7467,21981
2023-05-17 10:38:35,30,31,7467,22026
2023-05-17 10:39:02,28,31,7467,22026
2023-05-17 10:39:03,29,31,7467,22026
2023-05-17 10:39:06,28,31,7467,22026
2023-05-17 10:39:08,30,31,7467,22026
2023-05-17 10:39:35,31,32,7467,22071
2023-05-17 10:40:01,29,31,7467,22071
2023-05-17 10:40:25,29,32,7467,22071
2023-05-17 10:40:34,30,32,7467,22071
2023-05-17 10:40:36,31,32,7467,22071
2023-05-17 10:40:56,32,33,7467,22116
2023-05-17 10:40:57,31,33,7467,22116
2023-05-17 10:40:58,32,33,7467,22116
2023-05-17 10:41:11,32,33,7466,22117
2023-05-17 10:41:25,30,32,7466,22117
2023-05-17 10:41:29,31,32,7466,22117
2023-05-17 10:41:35,31,33,7466,22117
2023-05-17 10:41:42,32,33,7466,22117
2023-05-17 10:42:02,32,33,7466,22217
2023-05-17 10:42:03,32,33,7466,22317
2023-05-17 10:42:06,32,33,7466,22417
2023-05-17 10:42:07,32,33,7466,22517
2023-05-17 10:42:07,31,33,7466,22517
2023-05-17 10:42:08,31,32,7466,22517
2023-05-17 10:42:42,31,32,7446,22537
2023-05-17 10:44:33,32,33,7446,22584
2023-05-17 10:45:01,31,33,7446,22584
2023-05-17 10:45:40,32,33,7446,22584
2023-05-17 10:46:02,32,33,7446,22684
2023-05-17 10:46:04,31,33,7446,22684
2023-05-17 10:46:04,31,32,7446,22684
2023-05-17 10:46:14,31,33,7446,22684
2023-05-17 10:47:06,33,34,7446,22729
2023-05-17 10:47:26,34,35,7446,22774
2023-05-17 10:47:26,33,35,7446,22774
2023-05-17 10:47:33,34,35,7446,22774
2023-05-17 10:48:08,33,35,7446,22774
2023-05-17 10:49:53,33,34,7446,22774
2023-05-17 10:50:07,32,34,7446,22774
2023-05-17 10:50:23,32,33,7446,22774
2023-05-17 10:50:26,32,34,7446,22774
2023-05-17 10:51:05,32,35,7446,22774
2023-05-17 10:51:05,32,33,7446,22774
2023-05-17 10:53:00,31,32,7446,22864
2023-05-17 10:53:06,30,31,7446,23024
2023-05-17 10:56:32,31,32,7446,23069
2023-05-17 10:56:42,32,33,7446,23114
2023-05-17 10:56:43,31,33,7446,23114
2023-05-17 10:57:37,32,33,7446,23114
2023-05-17 10:57:40,31,33,7446,23114
2023-05-17 10:57:40,32,33,7446,23114
2023-05-17 10:57:49,33,34,7446,23162
2023-05-17 10:57:49,33,34,7446,23167
2023-05-17 10:57:49,33,34,7446,23192
2023-05-17 10:57:50,32,34,7446,23192
2023-05-17 10:57:52,32,35,7446,23192
2023-05-17 10:57:52,33,35,7446,23192
2023-05-17 10:57:59,34,35,7446,23192
2023-05-17 10:58:00,35,36,7446,23237
2023-05-17 10:58:00,34,36,7446,23237
2023-05-17 10:58:02,33,36,7446,23237
2023-05-17 10:58:03,34,36,7446,23237
2023-05-17 10:58:06,34,35,7446,23237
2023-05-17 10:58:20,34,35,7466,23257
2023-05-17 10:58:20,34,36,7466,23257
2023-05-17 10:58:21,35,36,7466,23257
2023-05-17 10:58:28,36,37,7466,23305
2023-05-17 10:58:28,35,37,7466,23305
2023-05-17 10:58:36,36,37,7466,23305
2023-05-17 10:58:39,37,38,7466,23378
2023-05-17 10:58:39,36,38,7466,23378
2023-05-17 10:59:33,36,37,7466,23378
2023-05-17 10:59:33,35,36,7466,23423
2023-05-17 10:59:38,35,37,7466,23423
2023-05-17 11:00:01,36,37,7466,23423
2023-05-17 11:00:20,37,38,7466,23468
2023-05-17 11:00:20,36,38,7466,23468
2023-05-17 11:00:21,37,38,7466,23468
2023-05-17 11:00:28,38,39,7466,23513
2023-05-17 11:00:28,37,39,7466,23513
2023-05-17 11:00:29,38,39,7466,23513
2023-05-17 11:00:29,39,40,7466,23558
2023-05-17 11:00:29,38,40,7466,23558
2023-05-17 11:00:36,38,39,7466,23558
2023-05-17 11:00:48,38,40,7466,23558
2023-05-17 11:00:52,38,39,7466,23558
2023-05-17 11:00:56,39,40,7466,23562
2023-05-17 11:00:59,39,40,7466,23662
2023-05-17 11:01:02,38,39,7466,23758
2023-05-17 11:01:07,38,40,7466,23758
2023-05-17 11:01:47,39,40,7466,23758
2023-05-17 11:01:50,39,40,7466,23761
2023-05-17 11:02:16,39,40,7466,23861
2023-05-17 11:02:17,38,40,7466,23961
2023-05-17 11:02:21,38,39,7466,23961
2023-05-17 11:02:32,38,40,7466,23961
2023-05-17 11:02:40,39,40,7466,23961
2023-05-17 11:02:50,39,40,7466,23971
2023-05-17 11:03:09,38,40,7466,24003
2023-05-17 11:03:09,38,39,7466,24003
2023-05-17 11:03:48,38,39,7466,24004
2023-05-17 11:03:57,37,38,7466,24048
2023-05-17 11:03:59,37,39,7466,24048
2023-05-17 11:04:03,37,38,7466,24048
2023-05-17 11:04:05,36,37,7466,24138
2023-05-17 11:04:12,36,38,7466,24138
2023-05-17 11:05:33,37,38,7466,24138
2023-05-17 11:05:42,36,38,7466,24138
2023-05-17 11:06:06,36,37,7466,24138
2023-05-17 11:06:12,35,36,7466,24228
2023-05-17 11:06:37,33,36,7466,24228
2023-05-17 11:06:40,33,35,7466,24228
2023-05-17 11:06:42,32,35,7466,24228
2023-05-17 11:06:43,32,34,7466,24228
2023-05-17 11:06:44,32,33,7466,24228
2023-05-17 11:06:50,32,34,7466,24228
2023-05-17 11:07:06,32,33,7466,24228
2023-05-17 11:07:15,32,33,7466,24237
2023-05-17 11:07:15,32,33,7466,24265
2023-05-17 11:07:22,31,32,7466,24273
2023-05-17 11:07:22,31,33,7466,24273
2023-05-17 11:07:45,32,33,7466,24273
2023-05-17 11:08:13,31,33,7466,24273
2023-05-17 11:08:19,32,33,7466,24273
2023-05-17 11:09:01,32,33,7466,24473
2023-05-17 11:09:03,31,33,7466,24473
2023-05-17 11:09:15,31,32,7466,24473
2023-05-17 11:11:49,31,32,7466,24474
2023-05-17 11:11:56,32,33,7466,24476
2023-05-17 11:11:56,31,33,7466,24476
2023-05-17 11:11:57,32,33,7466,24476
2023-05-17 11:11:59,33,34,7466,24523
2023-05-17 11:11:59,32,34,7466,24523
2023-05-17 11:11:59,32,33,7466,24523
2023-05-17 11:12:00,33,34,7466,24542
2023-05-17 11:12:00,32,34,7466,24542
2023-05-17 11:12:06,33,34,7466,24542
2023-05-17 11:12:20,34,35,7466,24587
2023-05-17 11:12:20,33,35,7466,24587
2023-05-17 11:12:20,34,35,7466,24587
2023-05-17 11:12:34,33,35,7466,24587
2023-05-17 11:12:36,34,35,7466,24587
2023-05-17 11:12:39,33,35,7466,24587
2023-05-17 11:12:44,34,35,7466,24587
2023-05-17 11:12:50,33,35,7466,24587
2023-05-17 11:12:54,33,34,7466,24587
2023-05-17 11:13:28,33,35,7466,24587
2023-05-17 11:13:51,33,34,7466,24587
2023-05-17 11:13:54,33,35,7466,24587
2023-05-17 11:14:01,33,34,7466,24587
2023-05-17 11:14:07,33,35,7466,24587
2023-05-17 11:15:06,34,35,7466,24587
2023-05-17 11:15:12,33,35,7466,24587
2023-05-17 11:15:13,34,35,7466,24587
2023-05-17 11:15:16,33,35,7466,24587
2023-05-17 11:15:32,33,34,7466,24587
2023-05-17 11:15:37,34,35,7466,24588
2023-05-17 11:15:37,33,35,7466,24588
2023-05-17 11:15:38,33,35,7466,24788
2023-05-17 11:15:44,33,34,7466,24788
2023-05-17 11:15:49,32,33,7466,24903
2023-05-17 11:16:06,32,33,7467,24904
2023-05-17 11:16:09,32,35,7467,24904
2023-05-17 11:16:09,33,35,7467,24904
2023-05-17 11:16:37,32,35,7467,24904
2023-05-17 11:16:39,33,35,7467,24904
2023-05-17 11:17:07,34,35,7467,24904
2023-05-17 11:17:10,33,35,7467,24904
2023-05-17 11:17:11,34,35,7467,24904
2023-05-17 11:17:19,34,35,7468,24905
2023-05-17 11:17:21,34,35,7469,24906
2023-05-17 11:17:23,34,35,7470,24907
2023-05-17 11:17:27,35,36,7470,24949
2023-05-17 11:17:27,34,36,7470,24949
2023-05-17 11:17:27,35,36,7470,24949
2023-05-17 11:17:31,35,36,7471,24950
2023-05-17 11:17:31,36,37,7471,24996
2023-05-17 11:17:33,36,38,7471,24996
2023-05-17 11:17:33,36,37,7471,24996
2023-05-17 11:17:33,36,38,7471,24996
2023-05-17 11:17:34,37,38,7471,24996
2023-05-17 11:17:38,38,39,7471,25041
2023-05-17 11:17:43,39,40,7471,25096
2023-05-17 11:17:44,40,41,7471,25124
2023-05-17 11:17:45,40,42,7471,25324
2023-05-17 11:17:45,40,42,7471,25349
2023-05-17 11:17:46,41,43,7471,25349
2023-05-17 11:17:47,41,43,7471,25394
2023-05-17 11:17:49,43,44,7471,25419
2023-05-17 11:17:49,41,44,7471,25419
2023-05-17 11:17:49,41,43,7471,25419
2023-05-17 11:17:58,40,43,7471,25419
2023-05-17 11:17:58,42,43,7471,25419
2023-05-17 11:18:01,43,44,7471,25489
2023-05-17 11:18:01,42,44,7471,25489
2023-05-17 11:18:02,44,45,7471,25514
2023-05-17 11:18:02,42,45,7471,25514
2023-05-17 11:18:03,42,44,7471,25514
2023-05-17 11:18:05,42,44,7472,25515
2023-05-17 11:18:06,44,45,7472,25584
2023-05-17 11:18:13,44,45,7472,25784
2023-05-17 11:18:14,45,46,7472,25854
2023-05-17 11:18:14,46,47,7472,25879
2023-05-17 11:18:14,45,47,7472,25879
2023-05-17 11:18:16,46,47,7472,25879
2023-05-17 11:18:16,46,47,7472,26079
2023-05-17 11:18:17,46,47,7472,26279
2023-05-17 11:18:17,46,48,7472,26279
2023-05-17 11:18:17,46,49,7472,26279
2023-05-17 11:18:18,46,49,7472,26479
2023-05-17 11:18:18,46,48,7472,26479
2023-05-17 11:18:19,48,49,7533,26549
2023-05-17 11:18:19,46,49,7533,26549
2023-05-17 11:18:20,46,50,7533,26549
2023-05-17 11:18:20,48,50,7533,26549
2023-05-17 11:18:24,48,50,7733,26749
2023-05-17 11:18:28,47,50,7733,26749
2023-05-17 11:18:28,47,49,7733,26749
2023-05-17 11:18:30,49,50,7758,26774
2023-05-17 11:18:30,47,50,7758,26774
2023-05-17 11:18:37,46,50,7758,26774
2023-05-17 11:18:37,47,50,7758,26774
2023-05-17 11:18:38,47,49,7758,26774
2023-05-17 11:18:39,47,48,7758,26774
2023-05-17 11:18:43,47,48,7758,26804
2023-05-17 11:18:43,44,47,7758,26819
2023-05-17 11:18:43,44,46,7758,26819
2023-05-17 11:18:44,43,46,7758,26823
2023-05-17 11:18:47,44,46,7758,26823
2023-05-17 11:18:53,43,46,7758,26823
2023-05-17 11:19:05,43,45,7758,26823
2023-05-17 11:19:05,41,43,7653,26928
2023-05-17 11:19:05,41,45,7653,26928
2023-05-17 11:19:05,41,42,7653,26928
2023-05-17 11:19:14,40,41,7653,26973
2023-05-17 11:19:15,40,42,7653,26973
2023-05-17 11:19:19,41,42,7653,26973
2023-05-17 11:19:21,40,42,7653,26973
2023-05-17 11:19:21,39,42,7653,27018
2023-05-17 11:19:21,39,41,7653,27018
2023-05-17 11:19:21,38,40,7472,27218
2023-05-17 11:19:22,36,40,7472,27218
2023-05-17 11:19:22,37,40,7472,27218
2023-05-17 11:19:23,37,40,7472,27418
2023-05-17 11:19:23,37,40,7472,27463
2023-05-17 11:19:23,36,38,7472,27503
2023-05-17 11:19:23,36,37,7472,27503
2023-05-17 11:19:23,36,37,7472,27512
2023-05-17 11:19:23,36,37,7472,27522
2023-05-17 11:19:23,35,36,7472,27653
2023-05-17 11:19:23,35,37,7472,27653
2023-05-17 11:19:25,35,36,7472,27653
2023-05-17 11:19:25,35,37,7472,27653
2023-05-17 11:19:26,36,37,7472,27653
2023-05-17 11:19:26,36,37,7672,27853
2023-05-17 11:19:28,35,36,7687,27868
2023-05-17 11:19:28,35,37,7687,27868
2023-05-17 11:19:30,36,37,7687,27868
2023-05-17 11:19:30,35,37,7687,27868
2023-05-17 11:19:31,35,37,7686,27869
2023-05-17 11:19:32,36,37,7686,27869
2023-05-17 11:19:48,36,37,7687,27870
2023-05-17 11:19:49,38,39,7687,28016
2023-05-17 11:19:50,38,40,7687,28016
2023-05-17 11:19:50,38,40,7687,28216
2023-05-17 11:19:50,38,39,7687,28216
2023-05-17 11:19:55,38,39,7687,28416
2023-05-17 11:19:56,37,38,7687,28470
2023-05-17 11:19:58,37,39,7687,28470
2023-05-17 11:20:03,38,39,7687,28470
2023-05-17 11:20:09,37,39,7687,28470
2023-05-17 11:20:09,38,39,7687,28470
2023-05-17 11:20:11,37,38,7687,28515
2023-05-17 11:20:14,36,37,7687,28605
2023-05-17 11:20:14,36,38,7687,28605
2023-05-17 11:20:15,36,37,7687,28605
2023-05-17 11:20:16,36,37,7687,28805
2023-05-17 11:20:17,36,37,7687,29005
2023-05-17 11:20:17,36,37,7687,29205
2023-05-17 11:20:18,36,37,7687,29405
2023-05-17 11:20:19,36,37,7687,29605
2023-05-17 11:20:19,36,37,7687,29805
2023-05-17 11:20:20,35,36,7687,29895
2023-05-17 11:20:20,35,37,7687,29895
2023-05-17 11:20:21,35,36,7687,29895
2023-05-17 11:20:21,35,37,7687,29895
2023-05-17 11:20:22,35,37,7708,30095
2023-05-17 11:20:22,35,36,7708,30095
2023-05-17 11:20:23,35,37,7708,30095
2023-05-17 11:20:26,35,36,7708,30095
2023-05-17 11:20:33,34,36,7708,30095
2023-05-17 11:20:36,33,34,7886,30273
2023-05-17 11:20:36,32,34,7886,30273
2023-05-17 11:20:40,31,34,7886,30273
2023-05-17 11:20:40,31,32,7886,30273
2023-05-17 11:20:52,30,32,7886,30273
2023-05-17 11:20:57,30,31,7886,30273
2023-05-17 11:21:13,30,31,7886,30274
2023-05-17 11:21:14,30,31,7886,30474
2023-05-17 11:21:30,30,31,7886,30475
2023-05-17 11:22:24,29,31,7886,30475
2023-05-17 11:22:26,29,30,7886,30475
2023-05-17 11:22:27,28,30,7886,30475
2023-05-17 11:22:27,28,29,7886,30475
2023-05-17 11:22:28,28,30,7886,30475
2023-05-17 11:22:28,28,29,7886,30475
2023-05-17 11:22:29,26,29,7886,30475
2023-05-17 11:22:34,26,28,7886,30475
2023-05-17 11:22:35,26,27,7886,30475
2023-05-17 11:22:38,26,27,7886,30675
2023-05-17 11:22:58,25,27,7966,30869
2023-05-17 11:22:59,25,27,8066,31069
2023-05-17 11:22:59,21,25,8160,31163
2023-05-17 11:23:00,21,25,8160,31163
2023-05-17 11:23:08,21,25,8160,31163
2023-05-17 11:23:11,22,26,8160,31163
2023-05-17 11:23:12,23,26,8160,31164
2023-05-17 11:23:20,24,26,8160,31164
2023-05-17 11:23:30,24,26,8160,31165
2023-05-17 11:23:30,25,26,8160,31165
2023-05-17 11:23:31,25,26,7960,31365
2023-05-17 11:23:40,26,28,7886,31449
2023-05-17 11:23:44,27,28,7886,31449
2023-05-17 11:23:45,27,29,7886,31733
2023-05-17 11:23:47,26,29,7886,31733
2023-05-17 11:23:54,28,29,7886,31733
2023-05-17 11:24:04,28,29,7886,31734
2023-05-17 11:24:21,29,30,7886,31778
2023-05-17 11:24:21,29,30,7886,31779
2023-05-17 11:24:48,28,30,7886,31779
2023-05-17 11:24:53,30,31,7886,31824
2023-05-17 11:24:57,30,31,7886,31874
2023-05-17 11:25:00,30,31,7886,31974
2023-05-17 11:25:05,28,30,7903,32024
2023-05-17 11:25:23,27,30,7903,32024
2023-05-17 11:25:40,27,29,7903,32024
2023-05-17 11:26:11,27,30,7903,32024
2023-05-17 11:26:21,27,29,7903,32024
2023-05-17 11:26:28,27,30,7903,32024
2023-05-17 11:26:36,27,29,7903,32024
2023-05-17 11:26:40,27,30,7903,32024
2023-05-17 11:27:09,28,30,7903,32024
2023-05-17 11:27:14,29,30,7903,32024
2023-05-17 11:27:15,28,30,7903,32024
2023-05-17 11:27:29,29,30,7903,32026
2023-05-17 11:27:35,29,30,7903,32027
2023-05-17 11:27:36,29,30,7903,32028
2023-05-17 11:27:37,29,30,7903,32029
2023-05-17 11:27:38,29,30,7903,32030
2023-05-17 11:27:39,29,30,7886,32230
2023-05-17 11:27:41,29,31,7886,32230
2023-05-17 11:27:46,30,31,7886,32230
2023-05-17 11:28:07,30,31,7886,32231
2023-05-17 11:28:08,30,31,7886,32232
2023-05-17 11:28:09,30,31,7886,32233
2023-05-17 11:28:10,30,31,7886,32234
2023-05-17 11:28:12,30,31,7727,32434
2023-05-17 11:28:16,30,31,7726,32435
2023-05-17 11:28:17,30,31,7725,32436
2023-05-17 11:28:17,30,33,7471,32690
2023-05-17 11:28:17,30,32,7471,32690
2023-05-17 11:28:18,31,32,7471,32690
2023-05-17 11:28:23,31,33,7471,32690
2023-05-17 11:28:23,31,35,7471,32690
2023-05-17 11:28:23,31,34,7471,32690
2023-05-17 11:28:23,32,34,7471,32690
2023-05-17 11:28:33,33,34,7471,32690
2023-05-17 11:28:34,33,34,7471,32735
2023-05-17 11:28:34,33,34,7471,32744
2023-05-17 11:28:34,33,34,7471,32753
2023-05-17 11:28:34,33,34,7471,32837
2023-05-17 11:28:34,32,34,7471,32837
2023-05-17 11:28:36,32,34,7471,32838
2023-05-17 11:28:54,32,34,7472,32839
2023-05-17 11:29:47,32,34,7472,33039
2023-05-17 11:29:48,32,35,7472,33039
2023-05-17 11:29:48,33,35,7472,33039
2023-05-17 11:29:56,34,35,7472,33039
2023-05-17 11:29:58,35,36,7472,33085
2023-05-17 11:29:58,34,36,7472,33085
2023-05-17 11:30:05,36,37,7472,33130
2023-05-17 11:30:05,34,37,7472,33130
2023-05-17 11:30:06,36,37,7472,33130
2023-05-17 11:30:07,36,37,7472,33330
2023-05-17 11:30:08,36,37,7472,33530
2023-05-17 11:30:09,37,39,7472,33575
2023-05-17 11:30:14,37,39,7472,33577
2023-05-17 11:30:36,36,39,7472,33577
2023-05-17 11:30:36,38,39,7472,33577
2023-05-17 11:30:48,38,39,7472,33677
2023-05-17 11:30:50,38,39,7472,33777
2023-05-17 11:30:52,38,39,7472,33877
2023-05-17 11:30:54,38,39,7472,33977
2023-05-17 11:30:56,38,39,7472,34077
2023-05-17 11:31:03,36,39,7472,34077
2023-05-17 11:31:12,37,39,7472,34077
2023-05-17 11:31:33,37,38,7472,34077
2023-05-17 11:31:43,36,38,7472,34077
2023-05-17 11:31:52,36,37,7472,34077
2023-05-17 11:32:10,37,38,7472,34078
2023-05-17 11:32:10,36,38,7472,34078
2023-05-17 11:32:14,37,38,7472,34078
2023-05-17 11:32:22,38,39,7472,34125
2023-05-17 11:32:22,37,39,7472,34125
2023-05-17 11:32:22,37,38,7472,34125
2023-05-17 11:32:22,36,38,7526,34325
2023-05-17 11:32:26,36,37,7526,34325
2023-05-17 11:32:30,34,37,7526,34325
2023-05-17 11:32:35,35,37,7526,34325
2023-05-17 11:32:41,34,37,7526,34325
2023-05-17 11:32:56,34,36,7526,34325
2023-05-17 11:33:25,34,38,7526,34325
2023-05-17 11:33:25,34,37,7526,34325
2023-05-17 11:33:42,34,36,7526,34325
2023-05-17 11:33:45,34,35,7526,34325
2023-05-17 11:33:51,33,35,7526,34325
2023-05-17 11:34:14,33,37,7526,34325
2023-05-17 11:34:15,34,37,7526,34325
2023-05-17 11:34:15,34,36,7526,34325
2023-05-17 11:34:47,34,38,7526,34325
2023-05-17 11:34:49,35,38,7526,34325
2023-05-17 11:34:49,35,37,7526,34325
2023-05-17 11:35:13,36,37,7526,34325
2023-05-17 11:35:19,36,39,7526,34325
2023-05-17 11:36:23,36,38,7526,34325
2023-05-17 11:36:52,36,39,7526,34325
2023-05-17 11:36:55,36,38,7526,34325
2023-05-17 11:37:00,37,38,7526,34325
2023-05-17 11:37:03,37,39,7526,34325
2023-05-17 11:37:21,37,38,7526,34325
2023-05-17 11:37:30,37,39,7556,34355
2023-05-17 11:38:22,37,38,7556,34355
2023-05-17 11:38:23,38,39,7556,34357
2023-05-17 11:38:23,37,39,7556,34357
2023-05-17 11:38:34,38,39,7556,34357
2023-05-17 11:39:40,37,39,7556,34357
2023-05-17 11:40:08,38,39,7556,34357
2023-05-17 11:40:10,39,40,7556,34379
2023-05-17 11:40:15,39,40,7555,34380
2023-05-17 11:40:26,40,41,7555,34425
2023-05-17 11:40:26,39,41,7555,34425
2023-05-17 11:40:27,40,41,7555,34425
2023-05-17 11:40:31,41,43,7555,34472
2023-05-17 11:40:31,40,43,7555,34472
2023-05-17 11:40:33,40,44,7555,34472
2023-05-17 11:40:34,41,43,7555,34472
2023-05-17 11:40:36,42,43,7555,34472
2023-05-17 11:40:51,43,44,7555,34520
2023-05-17 11:40:51,42,44,7555,34520
2023-05-17 11:40:51,43,44,7555,34520
2023-05-17 11:40:53,44,45,7555,34565
2023-05-17 11:40:53,43,45,7555,34565
2023-05-17 11:40:54,43,46,7555,34565
2023-05-17 11:40:54,43,45,7555,34565
2023-05-17 11:40:57,45,46,7555,34610
2023-05-17 11:40:57,43,46,7555,34610
2023-05-17 11:41:04,43,45,7555,34610
2023-05-17 11:41:07,43,45,7556,34611
2023-05-17 11:44:02,44,45,7556,34611
2023-05-17 11:44:58,45,46,7556,34613
2023-05-17 11:44:58,44,46,7556,34613
2023-05-17 11:45:28,46,47,7556,34658
2023-05-17 11:45:28,44,47,7556,34658
2023-05-17 11:45:32,45,47,7556,34658
2023-05-17 11:45:35,46,47,7556,34658
2023-05-17 11:45:37,47,48,7556,34742
2023-05-17 11:45:37,46,48,7556,34742
2023-05-17 11:45:43,46,48,7556,34942
2023-05-17 11:45:43,47,48,7556,34942
2023-05-17 11:45:46,47,48,7502,35142
2023-05-17 11:45:49,46,48,7502,35142
2023-05-17 11:45:55,48,49,7502,35217
2023-05-17 11:45:55,46,49,7502,35217
2023-05-17 11:45:55,46,48,7502,35217
2023-05-17 11:45:56,48,49,7502,35342
2023-05-17 11:45:56,46,49,7502,35342
2023-05-17 11:45:56,46,48,7502,35342
2023-05-17 11:45:57,48,49,7502,35387
2023-05-17 11:45:57,46,49,7502,35387
2023-05-17 11:45:57,46,49,7502,35415
2023-05-17 11:46:04,47,49,7502,35415
2023-05-17 11:46:05,48,49,7502,35415
2023-05-17 11:46:09,48,49,7502,35515
2023-05-17 11:46:18,47,49,7502,35515
2023-05-17 11:46:18,49,50,7529,35560
2023-05-17 11:46:22,49,50,7629,35660
2023-05-17 11:46:24,49,50,7729,35760
2023-05-17 11:46:26,49,50,7829,35860
2023-05-17 11:46:29,49,50,7929,35960
2023-05-17 11:46:30,49,50,8029,36060
2023-05-17 11:46:33,46,49,8084,36115
2023-05-17 11:46:36,47,49,8084,36115
2023-05-17 11:46:37,47,50,8084,36115
2023-05-17 11:46:52,48,50,8084,36115
2023-05-17 11:46:53,49,50,8084,36115
2023-05-17 11:46:55,49,50,7906,36315
2023-05-17 11:46:57,49,50,7931,36515
2023-05-17 11:47:00,50,51,7951,36535
2023-05-17 11:47:00,49,51,7951,36535
2023-05-17 11:47:44,51,52,8000,36584
2023-05-17 11:47:44,49,52,8000,36584
2023-05-17 11:48:01,50,52,8000,36584
2023-05-17 11:48:13,50,52,8000,36585
2023-05-17 11:48:19,50,51,8000,36585
2023-05-17 11:48:24,49,50,8000,36630
2023-05-17 11:48:30,49,51,8000,36630
2023-05-17 11:48:30,49,51,8001,36631
2023-05-17 11:48:41,49,50,8001,36631
2023-05-17 11:48:42,49,50,8001,36731
2023-05-17 11:48:44,47,49,8001,36741
2023-05-17 11:49:30,47,48,8001,36741
2023-05-17 11:49:43,47,48,8001,36841
2023-05-17 11:49:44,47,48,8001,36852
2023-05-17 11:49:44,47,48,8001,36861
2023-05-17 11:49:45,46,47,8001,36876
2023-05-17 11:49:47,46,47,8001,36976
2023-05-17 11:49:53,46,48,8001,36976
2023-05-17 11:49:56,46,48,8000,36977
2023-05-17 11:50:02,45,46,7966,37011
2023-05-17 11:50:19,46,48,7966,37056
2023-05-17 11:50:20,45,48,7966,37056
2023-05-17 11:50:23,46,48,7966,37056
2023-05-17 11:50:30,45,48,7966,37056
2023-05-17 11:50:55,46,48,7966,37056
2023-05-17 11:51:08,45,48,7966,37056
2023-05-17 11:52:01,46,48,7966,37056
2023-05-17 11:52:15,45,48,7966,37056
2023-05-17 11:52:20,46,48,7966,37056
2023-05-17 11:52:28,45,48,7966,37056
2023-05-17 11:53:04,45,47,7966,37056
2023-05-17 11:53:06,45,46,7966,37056
2023-05-17 11:53:15,43,45,7786,37236
2023-05-17 11:53:15,43,46,7786,37236
2023-05-17 11:53:17,43,45,7786,37236
2023-05-17 11:53:18,43,45,7811,37261
2023-05-17 11:53:52,43,44,7811,37261
2023-05-17 11:53:53,43,44,7811,37270
2023-05-17 11:53:53,43,44,7811,37281
2023-05-17 11:53:53,41,43,7811,37306
2023-05-17 11:53:55,41,43,7811,37330
2023-05-17 11:54:43,41,43,7812,37331
2023-05-17 11:55:14,42,43,7812,37331
2023-05-17 11:55:14,41,43,7812,37531
2023-05-17 11:56:16,43,45,7948,37667
2023-05-17 11:56:17,43,44,7948,37667
2023-05-17 11:56:21,43,44,7951,37670
2023-05-17 11:56:44,41,44,7951,37670
2023-05-17 11:56:47,42,44,7951,37670
2023-05-17 11:56:54,43,44,7951,37670
2023-05-17 11:56:58,44,45,7999,37718
2023-05-17 11:57:08,42,45,7999,37718
2023-05-17 11:57:34,44,45,7999,37718
2023-05-17 11:57:40,43,45,7999,37718
2023-05-17 11:57:41,45,46,8045,37764
2023-05-17 11:58:08,44,46,8045,37764
2023-05-17 11:58:11,46,48,8091,37810
2023-05-17 11:58:11,46,47,8091,37810
2023-05-17 11:58:36,46,47,8191,37910
2023-05-17 11:58:37,44,47,8191,37910
2023-05-17 11:58:37,44,46,8191,37910
2023-05-17 11:58:41,44,47,8191,37910
2023-05-17 11:58:42,44,46,8191,37910
2023-05-17 11:58:44,44,47,8191,37910
2023-05-17 11:58:50,44,46,8191,37910
2023-05-17 11:59:21,46,47,8192,37911
2023-05-17 11:59:56,45,47,8192,37911
2023-05-17 11:59:56,46,47,8192,37911
2023-05-17 12:00:01,47,48,8237,37956
2023-05-17 12:00:01,46,48,8237,37956
2023-05-17 12:00:29,47,48,8237,37956
2023-05-17 12:00:35,48,49,8284,38003
2023-05-17 12:00:35,47,49,8284,38003
2023-05-17 12:00:36,47,49,8285,38004
2023-05-17 12:00:59,48,49,8285,38004
2023-05-17 12:01:00,48,49,8286,38005
2023-05-17 12:01:10,47,49,8286,38005
2023-05-17 12:01:10,47,48,8286,38005
2023-05-17 12:01:12,46,47,8286,38050
2023-05-17 12:01:41,46,48,8286,38050
2023-05-17 12:01:53,46,47,8286,38050
2023-05-17 12:02:46,47,48,8287,38051
2023-05-17 12:03:03,47,48,8487,38251
2023-05-17 12:03:04,47,48,8543,38307
2023-05-17 12:03:04,47,48,8555,38319
2023-05-17 12:03:04,46,48,8555,38319
2023-05-17 12:03:04,46,47,8555,38319
2023-05-17 12:03:05,45,46,8510,38364
2023-05-17 12:03:05,45,47,8510,38364
2023-05-17 12:03:05,45,46,8510,38364
2023-05-17 12:03:06,43,45,8420,38454
2023-05-17 12:03:06,43,46,8420,38454
2023-05-17 12:03:07,43,45,8420,38454
2023-05-17 12:03:09,42,45,8420,38454
2023-05-17 12:03:09,43,45,8420,38454
2023-05-17 12:03:28,43,44,8420,38454
2023-05-17 12:03:29,42,43,8372,38634
2023-05-17 12:03:29,42,44,8372,38634
2023-05-17 12:05:48,43,44,8372,38634
2023-05-17 12:06:12,42,44,8372,38634
2023-05-17 12:06:19,43,44,8372,38634
2023-05-17 12:06:29,42,44,8372,38634
2023-05-17 12:06:55,42,43,8372,38634
2023-05-17 12:06:59,42,43,8372,38834
2023-05-17 12:07:20,43,44,8372,38854
2023-05-17 12:07:20,43,44,8372,38875
2023-05-17 12:07:21,42,44,8372,38875
2023-05-17 12:08:18,43,44,8372,38875
2023-05-17 12:08:47,44,45,8372,38896
2023-05-17 12:09:01,43,45,8372,38896
2023-05-17 12:09:16,43,44,8372,38896
2023-05-17 12:09:16,43,45,8372,38896
2023-05-17 12:09:18,43,44,8372,38896
2023-05-17 12:09:22,43,45,8372,38896
2023-05-17 12:09:48,43,44,8372,38896
2023-05-17 12:10:03,42,43,8472,39016
2023-05-17 12:10:03,42,44,8472,39016
2023-05-17 12:10:03,42,43,8472,39016
2023-05-17 12:10:03,42,44,8472,39016
2023-05-17 12:10:17,42,43,8472,39016
2023-05-17 12:10:19,42,44,8472,39016
2023-05-17 12:10:20,42,43,8472,39016
2023-05-17 12:10:23,42,44,8472,39016
2023-05-17 12:10:53,43,44,8472,39016
2023-05-17 12:11:20,42,44,8472,39016
2023-05-17 12:11:25,43,44,8472,39016
2023-05-17 12:11:52,42,44,8472,39016
2023-05-17 12:12:05,43,44,8472,39016
2023-05-17 12:12:15,44,45,8472,39036
2023-05-17 12:12:19,43,45,8472,39036
2023-05-17 12:13:05,43,44,8472,39036
2023-05-17 12:13:59,42,44,8472,39056
2023-05-17 12:13:59,42,43,8472,39056
2023-05-17 12:14:08,41,42,8472,39096
2023-05-17 12:14:08,41,43,8472,39096
2023-05-17 12:14:08,41,42,8472,39096
2023-05-17 12:14:29,40,41,8432,39144
2023-05-17 12:15:00,41,42,8432,39164
2023-05-17 12:15:10,40,42,8432,39164
2023-05-17 12:15:20,41,42,8432,39164
2023-05-17 12:15:37,42,43,8432,39184
2023-05-17 12:15:37,41,43,8432,39184
2023-05-17 12:15:38,41,42,8432,39184
2023-05-17 12:15:38,42,43,8432,39204
2023-05-17 12:15:38,41,43,8432,39204
2023-05-17 12:16:01,43,44,8477,39249
2023-05-17 12:16:14,41,44,8477,39249
2023-05-17 12:16:14,42,44,8477,39249
2023-05-17 12:16:14,42,43,8477,39249
2023-05-17 12:16:15,42,43,8502,39274
2023-05-17 12:16:45,41,42,8502,39294
2023-05-17 12:16:50,40,41,8462,39334
2023-05-17 12:16:56,40,41,8462,39355
2023-05-17 12:16:57,39,40,8462,39414
2023-05-17 12:16:57,39,41,8462,39414
2023-05-17 12:16:57,39,40,8462,39414
2023-05-17 12:16:59,38,40,8462,39414
2023-05-17 12:16:59,38,39,8462,39414
2023-05-17 12:17:27,39,41,8482,39434
2023-05-17 12:18:00,40,41,8482,39434
2023-05-17 12:18:07,39,41,8482,39434
2023-05-17 12:18:24,39,40,8482,39434
2023-05-17 12:18:24,39,41,8482,39434
2023-05-17 12:18:25,39,40,8482,39434
2023-05-17 12:18:59,38,40,8482,39434
2023-05-17 12:18:59,38,39,8482,39434
2023-05-17 12:19:26,38,40,8482,39434
2023-05-17 12:19:26,39,40,8482,39434
2023-05-17 12:19:31,38,40,8482,39434
2023-05-17 12:19:47,38,39,8482,39434
2023-05-17 12:20:13,38,40,8482,39434
2023-05-17 12:20:13,37,40,8282,39634
2023-05-17 12:20:13,37,39,8282,39634
2023-05-17 12:20:21,36,39,8282,39634
2023-05-17 12:20:36,37,39,8282,39634
2023-05-17 12:20:48,38,39,8282,39634
2023-05-17 12:21:17,37,39,8282,39634
2023-05-17 12:21:21,39,40,8302,39654
2023-05-17 12:21:48,38,40,8302,39654
2023-05-17 12:21:48,39,40,8302,39654
2023-05-17 12:21:51,40,41,8322,39674
2023-05-17 12:22:19,41,42,8342,39694
2023-05-17 12:22:30,41,42,8622,39974
2023-05-17 12:22:39,43,44,8687,40039
2023-05-17 12:22:39,43,44,8712,40064
2023-05-17 12:22:39,41,43,8722,40074
2023-05-17 12:22:40,41,44,8722,40074
2023-05-17 12:22:40,41,44,8722,40074
2023-05-17 12:22:40,41,43,8722,40074
2023-05-17 12:22:46,41,43,8722,40128
2023-05-17 12:23:06,42,43,8722,40128
2023-05-17 12:23:09,41,43,8722,40128
2023-05-17 12:23:12,42,43,8722,40128
2023-05-17 12:23:20,41,43,8722,40148
2023-05-17 12:23:21,41,42,8722,40148
2023-05-17 12:23:37,41,44,8722,40148
2023-05-17 12:23:37,42,44,8722,40148
2023-05-17 12:23:37,42,43,8722,40148
2023-05-17 12:24:06,43,44,8744,40170
2023-05-17 12:24:06,43,45,8744,40170
2023-05-17 12:24:07,43,44,8744,40170
2023-05-17 12:25:24,42,44,8744,40170
2023-05-17 12:25:36,43,44,8744,40170
2023-05-17 12:25:36,42,44,8744,40195
2023-05-17 12:25:44,43,44,8744,40195
2023-05-17 12:26:11,42,44,8744,40195
2023-05-17 12:26:15,43,44,8744,40195
2023-05-17 12:26:42,42,44,8744,40195
2023-05-17 12:26:51,44,45,8764,40215
2023-05-17 12:27:03,44,45,8568,40415
2023-05-17 12:27:49,44,45,8599,40446
2023-05-17 12:27:52,45,46,8609,40456
2023-05-17 12:28:53,46,47,8609,40476
2023-05-17 12:28:53,45,47,8609,40476
2023-05-17 12:28:54,46,47,8609,40476
2023-05-17 12:29:07,47,48,8609,40540
2023-05-17 12:29:07,46,48,8609,40540
2023-05-17 12:29:21,46,47,8609,40540
2023-05-17 12:29:26,46,48,8609,40540
2023-05-17 12:29:46,47,48,8609,40540
2023-05-17 12:29:58,46,48,8609,40540
2023-05-17 12:29:59,47,48,8609,40540
2023-05-17 12:30:08,48,49,8609,40560
2023-05-17 12:30:08,47,49,8609,40560
2023-05-17 12:30:19,47,49,8610,40561
2023-05-17 12:30:20,48,49,8610,40561
2023-05-17 12:30:49,47,49,8610,40561
2023-05-17 12:30:52,48,49,8610,40561
2023-05-17 12:31:15,49,50,8630,40581
2023-05-17 12:31:15,49,51,8630,40581
2023-05-17 12:31:42,50,51,8630,40581
2023-05-17 12:31:42,51,52,8675,40626
2023-05-17 12:31:47,51,53,8675,40626
2023-05-17 12:31:48,51,52,8675,40626
2023-05-17 12:32:12,50,52,8675,40626
2023-05-17 12:32:14,51,52,8675,40626
2023-05-17 12:32:47,52,53,8695,40646
2023-05-17 12:32:51,53,54,8695,40691
2023-05-17 12:32:51,53,54,8695,40717
2023-05-17 12:32:51,53,54,8695,40743
2023-05-17 12:32:51,53,54,8695,40769
2023-05-17 12:32:52,53,54,8495,40969
2023-05-17 12:32:53,54,55,8488,41069
2023-05-17 12:32:53,53,55,8488,41069
2023-05-17 12:32:54,55,56,8513,41094
2023-05-17 12:32:54,55,56,8533,41114
2023-05-17 12:32:59,55,56,8733,41314
2023-05-17 12:33:00,56,57,8878,41459
2023-05-17 12:33:00,55,57,8878,41459
2023-05-17 12:33:00,55,57,8903,41484
2023-05-17 12:33:00,55,56,8903,41484
2023-05-17 12:33:01,55,57,8903,41484
2023-05-17 12:33:01,55,56,8903,41484
2023-05-17 12:33:01,55,56,8981,41562
2023-05-17 12:33:02,55,56,9003,41584
2023-05-17 12:33:02,55,56,9081,41662
2023-05-17 12:33:03,55,56,9101,41682
2023-05-17 12:33:10,55,56,9101,41683
2023-05-17 12:33:10,55,57,9101,41683
2023-05-17 12:33:13,56,57,9101,41683
2023-05-17 12:33:19,56,57,9124,41706
2023-05-17 12:33:20,56,57,9146,41728
2023-05-17 12:33:27,56,57,9147,41729
2023-05-17 12:33:30,56,57,9247,41829
2023-05-17 12:33:32,55,57,9247,41829
2023-05-17 12:33:32,56,57,9247,41829
2023-05-17 12:33:40,55,57,9247,41829
2023-05-17 12:33:40,55,56,9247,41829
2023-05-17 12:33:45,53,54,9347,41949
2023-05-17 12:33:47,53,55,9347,41949
2023-05-17 12:33:47,53,54,9347,41949
2023-05-17 12:34:04,53,56,9347,41949
2023-05-17 12:34:04,53,55,9347,41949
2023-05-17 12:34:05,54,55,9347,41949
2023-05-17 12:34:31,54,56,9347,41949
2023-05-17 12:34:31,54,57,9347,41949
2023-05-17 12:34:34,54,56,9347,41949
2023-05-17 12:34:59,54,55,9347,41949
2023-05-17 12:35:25,54,55,9147,42149
2023-05-17 12:35:26,55,56,9147,42149
2023-05-17 12:35:26,54,56,9147,42149
2023-05-17 12:35:27,56,57,9167,42169
2023-05-17 12:35:27,54,57,9167,42169
2023-05-17 12:35:27,55,57,9167,42169
2023-05-17 12:35:29,55,57,9367,42369
2023-05-17 12:35:29,55,56,9367,42369
2023-05-17 12:35:31,55,57,9367,42569
2023-05-17 12:35:31,56,57,9367,42569
2023-05-17 12:35:32,57,58,9387,42589
2023-05-17 12:35:32,56,58,9387,42589
2023-05-17 12:37:10,56,57,9387,42589
2023-05-17 12:37:29,55,56,9387,42609
2023-05-17 12:37:34,55,57,9387,42609
2023-05-17 12:37:53,56,57,9387,42609
2023-05-17 12:38:45,57,58,9387,42629
2023-05-17 12:38:59,58,59,9407,42649
2023-05-17 12:38:59,57,59,9407,42649
2023-05-17 12:39:13,58,59,9407,42649
2023-05-17 12:39:28,59,60,9407,42669
2023-05-17 12:39:31,59,61,9407,42669
2023-05-17 12:39:31,60,61,9407,42669
2023-05-17 12:39:31,61,62,9407,42769
2023-05-17 12:39:31,60,62,9407,42769
2023-05-17 12:39:35,61,62,9407,42769
2023-05-17 12:39:38,61,62,9507,42869
2023-05-17 12:39:39,61,62,9607,42969
2023-05-17 12:39:55,61,62,9807,43169
2023-05-17 12:39:56,62,63,9847,43209
2023-05-17 12:39:56,61,63,9847,43209
2023-05-17 12:39:57,62,63,9847,43209
2023-05-17 12:39:57,62,63,9947,43309
2023-05-17 12:39:58,62,64,9947,43309
2023-05-17 12:39:58,62,65,9947,43309
2023-05-17 12:40:00,64,65,9947,43309
2023-05-17 12:40:10,65,66,9847,43409
2023-05-17 12:40:10,65,66,9847,43434
2023-05-17 12:40:15,65,67,9847,43434
2023-05-17 12:40:15,65,66,9847,43434
2023-05-17 12:40:17,65,66,9851,43444
2023-05-17 12:40:17,65,66,9850,43445
2023-05-17 12:40:22,65,66,9870,43645
2023-05-17 12:40:23,66,67,9870,43665
2023-05-17 12:40:23,65,67,9870,43665
2023-05-17 12:40:26,65,66,9870,43665
2023-05-17 12:40:26,65,67,9870,43665
2023-05-17 12:40:28,66,67,9870,43665
2023-05-17 12:40:28,66,67,9890,43865
2023-05-17 12:40:30,67,68,9890,43885
2023-05-17 12:40:30,66,68,9890,43885
2023-05-17 12:40:35,66,68,9891,43886
2023-05-17 12:40:37,67,68,9891,43886
2023-05-17 12:40:43,67,68,9910,43905
2023-05-17 12:40:52,66,68,9910,43905
2023-05-17 12:40:52,68,69,10155,44150
2023-05-17 12:40:55,68,69,10165,44160
2023-05-17 12:41:05,66,69,10165,44160
2023-05-17 12:41:05,67,69,10165,44160
2023-05-17 12:41:21,66,67,10145,44180
2023-05-17 12:41:32,65,67,10045,44280
2023-05-17 12:41:34,65,66,10045,44280
2023-05-17 12:41:55,65,66,10024,44301
2023-05-17 12:41:58,65,66,10024,44303
2023-05-17 12:42:28,65,66,10024,44307
2023-05-17 12:43:32,64,65,9718,44613
2023-05-17 12:43:46,64,65,9718,44622
2023-05-17 12:43:47,64,65,9709,44631
2023-05-17 12:43:48,64,65,9700,44640
2023-05-17 12:43:49,64,65,9691,44649
2023-05-17 12:43:50,64,65,9682,44658
2023-05-17 12:43:51,64,65,9673,44667
2023-05-17 12:43:52,64,65,9673,44867
2023-05-17 12:43:52,65,66,9624,44936
2023-05-17 12:43:57,65,66,9524,45036
2023-05-17 12:44:34,66,67,9524,45056
2023-05-17 12:44:35,66,67,9424,45156
2023-05-17 12:44:36,65,67,9424,45156
2023-05-17 12:44:37,66,67,9424,45156
2023-05-17 12:44:59,66,67,9424,45157
2023-05-17 12:45:18,65,67,9424,45157
2023-05-17 12:45:24,66,67,9424,45157
2023-05-17 12:45:26,65,67,9424,45157
2023-05-17 12:45:30,66,67,9424,45157
2023-05-17 12:45:52,66,67,9244,45357
2023-05-17 12:45:55,67,68,9224,45377
2023-05-17 12:45:58,67,68,9224,45380
2023-05-17 12:46:16,66,68,9224,45380
2023-05-17 12:46:27,67,68,9224,45380
2023-05-17 12:46:39,66,68,9224,45380
2023-05-17 12:46:57,67,68,9224,45380
2023-05-17 12:47:02,67,68,9053,45571
2023-05-17 12:47:06,68,69,8993,45631
2023-05-17 12:47:21,69,70,9013,45651
2023-05-17 12:47:39,69,70,9213,45851
2023-05-17 12:50:35,69,70,9213,45854
2023-05-17 12:51:01,67,69,9213,45876
2023-05-17 12:51:07,67,70,9213,45876
2023-05-17 12:51:10,67,69,9213,45876
2023-05-17 12:51:11,67,70,9213,45876
2023-05-17 12:51:22,69,70,9213,45876
2023-05-17 12:51:22,69,71,9813,46476
2023-05-17 12:51:45,70,71,9813,46476
2023-05-17 12:51:54,71,72,10278,46941
2023-05-17 12:52:19,71,72,10378,47041
2023-05-17 12:52:20,72,73,10798,47461
2023-05-17 12:52:21,71,72,10798,47541
2023-05-17 12:52:21,71,73,10798,47541
2023-05-17 12:52:23,71,72,10798,47541
2023-05-17 12:53:25,72,76,10801,47544
2023-05-17 12:53:25,72,74,10801,47544
2023-05-17 12:53:25,72,73,10801,47544
2023-05-17 12:53:25,72,73,10838,47581
2023-05-17 12:53:25,72,73,10857,47600
2023-05-17 12:53:25,72,73,10875,47618
2023-05-17 12:53:25,72,73,10894,47637
2023-05-17 12:53:26,72,74,10894,47637
2023-05-17 12:53:27,72,74,10981,47724
2023-05-17 12:53:27,72,73,10981,47724
2023-05-17 12:53:27,72,73,11068,47811
2023-05-17 12:53:28,72,74,11081,47824
2023-05-17 12:53:28,72,73,11081,47824
2023-05-17 12:53:28,72,74,11081,47824
2023-05-17 12:53:30,71,74,11098,47866
2023-05-17 12:53:30,71,73,11098,47866
2023-05-17 12:54:04,72,73,11098,47866
2023-05-17 12:54:04,72,73,11098,48066
2023-05-17 12:54:04,72,73,11098,48082
2023-05-17 12:54:04,72,73,11098,48091
2023-05-17 12:54:06,71,72,10923,48266
2023-05-17 12:54:06,71,73,10923,48266
2023-05-17 12:54:07,71,72,10923,48266
2023-05-17 12:54:10,72,73,10926,48269
2023-05-17 12:54:11,72,73,10926,48469
2023-05-17 12:54:12,72,73,10926,48669
2023-05-17 12:54:13,71,72,10926,48766
2023-05-17 12:54:13,71,73,10926,48766
2023-05-17 12:54:40,71,73,10726,48966
2023-05-17 12:54:53,71,73,10730,49063
2023-05-17 12:54:53,71,72,10730,49063
2023-05-17 12:54:53,71,73,10730,49063
2023-05-17 12:54:54,71,73,10733,49066
2023-05-17 12:54:54,71,73,10751,49166
2023-05-17 12:54:54,71,72,10751,49166
2023-05-17 12:54:54,71,73,10751,49166
2023-05-17 12:55:00,70,73,10751,49166
2023-05-17 12:55:01,71,73,10751,49166
2023-05-17 12:55:05,71,73,10754,49169
2023-05-17 12:55:07,71,73,10754,49369
2023-05-17 12:55:09,71,73,10754,49569
2023-05-17 12:55:10,71,72,10754,49569
2023-05-17 12:55:10,71,73,10754,49569
2023-05-17 12:55:12,71,72,10754,49569
2023-05-17 12:55:13,70,71,10754,49766
2023-05-17 12:55:13,70,72,10754,49766
2023-05-17 12:55:14,70,73,10754,49766
2023-05-17 12:55:14,70,72,10754,49766
2023-05-17 12:55:14,70,73,10754,49766
2023-05-17 12:55:14,70,71,10754,49766
2023-05-17 12:55:14,70,73,10754,49766
2023-05-17 12:55:14,70,72,10754,49766
2023-05-17 12:55:14,71,72,10754,49766
2023-05-17 12:55:14,70,72,10754,49766
2023-05-17 12:55:14,71,72,10754,49766
2023-05-17 12:55:14,70,72,10754,49766
2023-05-17 12:55:15,71,72,10754,49766
2023-05-17 12:55:17,71,72,10754,49966
2023-05-17 12:55:18,71,72,10825,50166
2023-05-17 12:55:19,70,71,10950,50291
2023-05-17 12:55:19,70,72,10950,50291
2023-05-17 12:55:22,70,73,10950,50291
2023-05-17 12:55:22,70,72,10950,50291
2023-05-17 12:55:29,70,71,10950,50291
2023-05-17 12:55:31,70,71,10950,50295
2023-05-17 12:55:31,72,73,10966,50361
2023-05-17 12:55:32,72,73,11166,50561
2023-05-17 12:55:33,72,73,11366,50761
2023-05-17 12:55:34,70,72,11500,50895
2023-05-17 12:55:34,70,73,11500,50895
2023-05-17 12:55:39,70,73,11225,51195
2023-05-17 12:55:39,70,72,11225,51195
2023-05-17 12:55:39,70,71,11225,51195
2023-05-17 12:55:39,70,71,11225,51261
2023-05-17 12:55:39,70,71,11225,51277
2023-05-17 12:55:39,70,72,11225,51293
2023-05-17 12:55:49,69,72,11225,51317
2023-05-17 12:55:49,69,70,11225,51317
2023-05-17 12:55:50,69,70,11225,51416
2023-05-17 12:55:52,69,70,11225,51420
2023-05-17 12:55:54,69,70,11225,51449
2023-05-17 12:55:55,69,70,10650,52049
2023-05-17 12:55:55,69,70,10650,52093
2023-05-17 12:55:55,69,70,10650,52103
2023-05-17 12:55:55,69,70,10650,52113
2023-05-17 12:55:55,69,70,10650,52123
2023-05-17 12:55:55,69,70,10655,52133
2023-05-17 12:55:55,69,70,10665,52143
2023-05-17 12:55:55,69,70,10669,52147
2023-05-17 12:55:57,69,70,10673,52151
2023-05-17 12:55:58,69,70,10697,52175
2023-05-17 12:56:05,68,70,10697,52215
2023-05-17 12:56:09,68,69,10697,52215
2023-05-17 12:56:11,68,70,10697,52215
2023-05-17 12:56:11,69,70,10697,52215
2023-05-17 12:56:11,68,70,10697,52215
2023-05-17 12:56:33,69,70,10697,52215
2023-05-17 12:57:00,68,70,10697,52215
2023-05-17 12:57:06,68,70,10933,52515
2023-05-17 12:58:10,70,71,10900,52548
2023-05-17 12:58:10,68,71,10900,52548
2023-05-17 12:58:21,68,70,10900,52548
2023-05-17 12:58:23,70,71,10900,52551
2023-05-17 12:58:23,68,71,10900,52551
2023-05-17 12:58:29,68,70,10900,52551
2023-05-17 12:58:43,68,71,10900,52751
2023-05-17 12:58:43,68,70,10900,52751
2023-05-17 12:58:54,68,71,10900,52951
2023-05-17 12:59:28,68,71,10950,53001
2023-05-17 12:59:28,69,71,10950,53001
2023-05-17 12:59:39,69,71,11000,53051
2023-05-17 12:59:51,69,71,11050,53101
2023-05-17 12:59:51,70,71,11050,53101
2023-05-17 13:00:02,70,71,11100,53151
2023-05-17 13:01:35,71,72,11100,53171
2023-05-17 13:01:35,71,72,11100,53231
2023-05-17 13:01:35,71,72,11100,53291
2023-05-17 13:01:44,71,72,11100,53381
2023-05-17 13:02:16,71,72,11100,53426
2023-05-17 13:02:19,71,72,11100,53430
2023-05-17 13:02:20,71,72,11100,53680
2023-05-17 13:02:20,70,72,11100,53811
2023-05-17 13:02:20,70,71,11100,53811
2023-05-17 13:02:22,70,71,11100,53892
2023-05-17 13:02:22,70,71,11169,53973
2023-05-17 13:03:11,71,72,11225,54029
2023-05-17 13:03:23,70,72,11225,54029
2023-05-17 13:03:23,71,72,11225,54029
2023-05-17 13:03:33,70,72,11225,54029
2023-05-17 13:03:33,71,72,11225,54029
2023-05-17 13:03:33,71,72,11233,54037
2023-05-17 13:03:33,71,72,11241,54045
2023-05-17 13:03:33,71,72,11249,54053
2023-05-17 13:03:33,70,72,11325,54129
2023-05-17 13:03:33,70,72,11325,54179
2023-05-17 13:03:33,70,71,11325,54179
2023-05-17 13:03:37,70,71,11325,54184
2023-05-17 13:03:44,71,72,11329,54188
2023-05-17 13:03:44,71,72,11341,54200
2023-05-17 13:03:52,70,71,11350,54209
2023-05-17 13:03:52,70,72,11350,54209
2023-05-17 13:03:55,70,72,11357,54216
2023-05-17 13:04:04,71,72,11357,54216
2023-05-17 13:04:11,70,71,11382,54241
2023-05-17 13:04:11,70,72,11382,54241
2023-05-17 13:04:17,70,72,11388,54247
2023-05-17 13:04:27,69,70,11368,54267
2023-05-17 13:04:49,68,69,11328,54332
2023-05-17 13:05:22,68,69,11508,54532
2023-05-17 13:05:25,68,69,11708,54732
2023-05-17 13:05:33,68,69,11908,54932
2023-05-17 13:05:34,67,68,12008,55032
2023-05-17 13:05:34,67,69,12008,55032
2023-05-17 13:05:52,67,68,12008,55032
2023-05-17 13:06:02,66,68,12008,55032
2023-05-17 13:06:06,66,67,12008,55032
2023-05-17 13:06:16,66,68,12008,55032
2023-05-17 13:06:22,66,67,12008,55032
2023-05-17 13:06:32,66,67,12008,55132
2023-05-17 13:06:35,65,66,12133,55257
2023-05-17 13:06:35,65,67,12133,55257
2023-05-17 13:06:46,65,66,12133,55257
2023-05-17 13:06:49,64,66,12133,55257
2023-05-17 13:06:53,64,65,12133,55257
2023-05-17 13:07:03,64,66,12133,55257
2023-05-17 13:07:03,64,65,12133,55257
2023-05-17 13:07:11,64,66,12133,55257
2023-05-17 13:07:11,64,65,12133,55257
2023-05-17 13:07:11,64,65,12333,55457
2023-05-17 13:07:16,63,64,12313,55477
2023-05-17 13:07:25,62,64,12313,55477
2023-05-17 13:07:31,62,64,12313,55478
2023-05-17 13:07:36,63,64,12313,55478
2023-05-17 13:07:44,62,64,12313,55478
2023-05-17 13:07:44,63,64,12313,55478
2023-05-17 13:07:47,64,65,12333,55498
2023-05-17 13:07:48,63,64,12413,55578
2023-05-17 13:07:48,63,65,12413,55578
2023-05-17 13:08:00,63,64,12413,55578
2023-05-17 13:08:11,62,63,12393,55598
2023-05-17 13:08:49,61,63,12393,55598
2023-05-17 13:08:54,62,63,12393,55598
2023-05-17 13:09:02,61,63,12393,55598
2023-05-17 13:09:05,63,64,12413,55698
2023-05-17 13:09:51,63,64,12440,55798
2023-05-17 13:10:01,64,65,12460,55818
2023-05-17 13:10:09,63,65,12460,55818
2023-05-17 13:10:17,63,64,12460,55818
2023-05-17 13:10:26,64,65,12460,55818
2023-05-17 13:10:32,64,65,12460,55863
2023-05-17 13:10:33,63,65,12460,55863
2023-05-17 13:10:38,64,65,12460,55863
2023-05-17 13:10:46,63,65,12460,55863
2023-05-17 13:10:49,63,65,12460,55913
2023-05-17 13:10:55,63,66,12460,55913
2023-05-17 13:10:59,63,66,12460,55963
2023-05-17 13:10:59,64,66,12460,55963
2023-05-17 13:11:09,65,66,12460,55963
2023-05-17 13:11:11,66,67,12360,56088
2023-05-17 13:11:11,65,67,12360,56088
2023-05-17 13:11:21,66,67,12360,56088
2023-05-17 13:11:28,65,67,12360,56088
2023-05-17 13:11:28,66,67,12360,56088
2023-05-17 13:11:39,65,67,12360,56088
2023-05-17 13:11:39,66,67,12360,56088
2023-05-17 13:11:46,65,67,12360,56088
2023-05-17 13:11:49,66,67,12360,56088
2023-05-17 13:11:52,66,67,12360,56243
2023-05-17 13:11:55,65,66,12360,56288
2023-05-17 13:11:56,65,67,12360,56288
2023-05-17 13:12:01,64,67,12360,56288
2023-05-17 13:12:01,66,67,12360,56288
2023-05-17 13:12:12,66,67,12360,56291
2023-05-17 13:12:22,66,67,12360,56308
2023-05-17 13:12:22,66,67,12370,56323
2023-05-17 13:12:22,66,67,12385,56338
2023-05-17 13:12:23,65,66,12385,56338
2023-05-17 13:12:26,65,67,12405,56388
2023-05-17 13:12:36,65,67,12405,56438
2023-05-17 13:12:43,65,66,12405,56438
2023-05-17 13:12:47,67,68,12448,56601
2023-05-17 13:12:48,67,68,12468,56621
2023-05-17 13:12:48,65,68,12485,56638
2023-05-17 13:12:48,66,68,12485,56638
2023-05-17 13:12:57,67,68,12485,56638
2023-05-17 13:13:05,66,68,12485,56638
2023-05-17 13:13:31,66,68,12491,56644
2023-05-17 13:13:40,67,68,12491,56644
2023-05-17 13:13:46,66,68,12491,56644
2023-05-17 13:13:51,67,68,12491,56644
2023-05-17 13:14:01,66,68,12491,56644
2023-05-17 13:14:03,67,68,12491,56644
2023-05-17 13:14:03,67,68,12527,56680
2023-05-17 13:14:15,66,68,12527,56680
2023-05-17 13:14:15,67,68,12527,56680
2023-05-17 13:14:37,66,68,12527,56680
2023-05-17 13:14:37,67,68,12527,56680
2023-05-17 13:14:48,66,68,12527,56680
2023-05-17 13:14:48,67,68,12527,56680
2023-05-17 13:14:59,66,68,12527,56680
2023-05-17 13:14:59,67,68,12527,56680
2023-05-17 13:15:11,66,68,12527,56680
2023-05-17 13:15:11,67,68,12527,56680
2023-05-17 13:15:22,66,68,12527,56680
2023-05-17 13:15:22,67,68,12527,56680
2023-05-17 13:15:34,66,68,12527,56680
2023-05-17 13:15:34,67,68,12527,56680
2023-05-17 13:15:44,67,68,12527,56780
2023-05-17 13:15:55,68,69,12547,56800
2023-05-17 13:15:55,68,69,12607,56860
2023-05-17 13:16:04,67,69,12607,56860
2023-05-17 13:16:08,68,69,12607,56860
2023-05-17 13:16:08,68,69,12632,56885
2023-05-17 13:16:18,67,69,12632,56885
2023-05-17 13:17:13,66,69,12632,56905
2023-05-17 13:17:17,66,68,12632,56905
2023-05-17 13:19:08,66,68,12826,57105
2023-05-17 13:19:09,66,67,12826,57105
2023-05-17 13:19:35,66,68,12826,57105
2023-05-17 13:19:47,65,68,12826,57119
2023-05-17 13:19:47,65,66,12826,57119
2023-05-17 13:19:47,65,66,12859,57152
2023-05-17 13:19:47,65,66,12859,57202
2023-05-17 13:19:48,65,66,12892,57235
2023-05-17 13:19:58,65,66,12892,57485
2023-05-17 13:19:58,65,66,13011,57604
2023-05-17 13:19:58,65,66,13130,57723
2023-05-17 13:20:52,65,66,13090,57763
2023-05-17 13:21:14,64,66,13090,57783
2023-05-17 13:21:14,64,65,13090,57783
2023-05-17 13:21:16,65,66,13090,57808
2023-05-17 13:21:26,64,66,13090,57808
2023-05-17 13:21:26,64,65,13090,57808
2023-05-17 13:21:33,63,65,13090,57828
2023-05-17 13:21:41,63,64,13090,57828
2023-05-17 13:21:43,62,64,13090,57828
2023-05-17 13:21:56,62,63,13090,57828
2023-05-17 13:22:01,61,63,13090,57828
2023-05-17 13:22:06,61,62,13090,57828
2023-05-17 13:22:12,61,63,13090,57828
2023-05-17 13:22:22,61,62,13090,57828
2023-05-17 13:22:26,60,62,13090,57828
2023-05-17 13:22:29,60,61,13090,57828
2023-05-17 13:22:31,60,62,13090,57828
2023-05-17 13:22:32,60,61,13090,57828
2023-05-17 13:22:41,59,61,13090,57828
2023-05-17 13:22:49,59,60,13090,57828
2023-05-17 13:23:00,59,61,13090,57828
2023-05-17 13:23:00,59,60,13090,57828
2023-05-17 13:23:03,58,60,13290,58028
2023-05-17 13:23:10,59,60,13290,58028
2023-05-17 13:23:11,59,60,13290,58062
2023-05-17 13:23:26,60,61,13310,58082
2023-05-17 13:23:33,59,61,13310,58082
2023-05-17 13:23:37,59,60,13310,58082
2023-05-17 13:23:44,59,61,13310,58082
2023-05-17 13:23:45,60,61,13310,58082
2023-05-17 13:23:46,59,60,13310,58083
2023-05-17 13:23:56,59,61,13310,58083
2023-05-17 13:23:56,59,60,13310,58083
2023-05-17 13:24:03,59,61,13310,58083
2023-05-17 13:24:08,58,59,13290,58103
2023-05-17 13:24:18,58,60,13290,58103
2023-05-17 13:24:18,58,59,13290,58103
2023-05-17 13:24:22,58,61,13290,58303
2023-05-17 13:24:23,59,61,13290,58303
2023-05-17 13:24:32,58,61,13290,58303
2023-05-17 13:24:36,58,60,13290,58303
2023-05-17 13:24:39,59,60,13290,58303
2023-05-17 13:24:48,58,60,13290,58303
2023-05-17 13:24:48,59,60,13290,58303
2023-05-17 13:24:54,59,60,13293,58306
2023-05-17 13:24:59,58,60,13293,58306
2023-05-17 13:24:59,59,60,13293,58306
2023-05-17 13:25:01,59,60,13293,58506
2023-05-17 13:25:05,58,60,13293,58506
2023-05-17 13:25:22,58,60,13293,58506
2023-05-17 13:25:29,59,60,13293,58506
2023-05-17 13:25:35,58,60,13293,58506
2023-05-17 13:25:50,59,60,13293,58506
2023-05-17 13:25:58,58,60,13293,58506
2023-05-17 13:26:03,59,60,13293,58506
2023-05-17 13:26:10,59,61,13143,58676
2023-05-17 13:26:14,59,60,13143,58676
2023-05-17 13:26:20,59,61,13143,58676
2023-05-17 13:26:35,59,60,13143,58676
2023-05-17 13:26:35,59,60,13168,58721
2023-05-17 13:26:42,59,61,13168,58721
2023-05-17 13:26:46,59,60,13168,58721
2023-05-17 13:26:57,58,59,13148,58741
2023-05-17 13:27:14,57,59,13148,58741
2023-05-17 13:27:19,57,58,13148,58741
2023-05-17 13:27:40,57,59,13148,58741
2023-05-17 13:27:42,57,58,13148,58741
2023-05-17 13:27:56,56,57,13108,58781
2023-05-17 13:28:21,56,57,13115,58828
2023-05-17 13:28:31,55,57,13115,58828
2023-05-17 13:28:33,56,57,13115,58828
2023-05-17 13:28:34,56,57,13115,59028
2023-05-17 13:28:36,55,57,13115,59028
2023-05-17 13:28:45,55,56,13115,59028
2023-05-17 13:29:20,55,57,13115,59048
2023-05-17 13:29:22,55,56,13115,59048
2023-05-17 13:30:15,54,55,13095,59068
2023-05-17 13:30:24,54,56,13095,59088
2023-05-17 13:30:27,54,55,13095,59088
2023-05-17 13:30:45,54,55,13095,59089
2023-05-17 13:30:48,53,54,13076,59108
2023-05-17 13:30:58,54,55,13096,59128
2023-05-17 13:31:03,55,56,13116,59148
2023-05-17 13:31:12,56,57,13136,59168
2023-05-17 13:31:18,55,57,13136,59168
2023-05-17 13:31:20,54,57,13136,59168
2023-05-17 13:31:20,56,57,13136,59168
2023-05-17 13:31:27,54,57,13136,59168
2023-05-17 13:31:32,55,57,13136,59168
2023-05-17 13:31:34,56,57,13136,59168
2023-05-17 13:31:41,55,57,13136,59168
2023-05-17 13:31:43,54,57,13136,59168
2023-05-17 13:31:43,56,57,13136,59168
2023-05-17 13:31:46,56,57,13136,59172
2023-05-17 13:31:50,55,57,13136,59172
2023-05-17 13:31:55,56,57,13136,59172
2023-05-17 13:32:02,55,57,13136,59172
2023-05-17 13:32:06,56,57,13136,59172
2023-05-17 13:32:18,56,58,13136,59192
2023-05-17 13:32:55,56,57,13136,59192
2023-05-17 13:33:05,56,57,13129,59199
2023-05-17 13:33:20,56,57,13122,59206
2023-05-17 13:33:22,56,58,13122,59206
2023-05-17 13:33:44,57,58,13122,59206
2023-05-17 13:33:50,56,57,13115,59213
2023-05-17 13:33:51,56,58,12827,59546
2023-05-17 13:33:52,56,57,12827,59546
2023-05-17 13:33:59,56,58,12827,59546
2023-05-17 13:34:04,56,57,12827,59546
2023-05-17 13:34:11,56,58,12827,59546
2023-05-17 13:34:22,57,58,12827,59546
2023-05-17 13:34:35,57,58,12827,59555
2023-05-17 13:34:40,56,57,12807,59575
2023-05-17 13:34:46,56,58,12807,59575
2023-05-17 13:34:46,56,57,12807,59575
2023-05-17 13:34:50,56,58,12807,59575
2023-05-17 13:34:50,56,58,12807,59576
2023-05-17 13:34:51,56,57,12807,59576
2023-05-17 13:34:54,56,57,12807,59577
2023-05-17 13:35:00,55,56,12769,59615
2023-05-17 13:35:10,55,57,12769,59615
2023-05-17 13:35:10,55,56,12769,59615
2023-05-17 13:35:11,55,56,12760,59624
2023-05-17 13:35:42,55,56,12760,59625
2023-05-17 13:35:46,55,56,12760,59626
2023-05-17 13:35:51,54,55,12688,59698
2023-05-17 13:35:57,54,56,12688,59698
2023-05-17 13:35:57,55,56,12688,59698
2023-05-17 13:36:02,56,57,12688,59718
2023-05-17 13:36:02,55,57,12688,59718
2023-05-17 13:36:02,56,57,12688,59718
2023-05-17 13:36:02,55,57,12688,59718
2023-05-17 13:36:06,56,57,12688,59718
2023-05-17 13:36:14,57,58,12688,59738
2023-05-17 13:36:14,56,58,12688,59738
2023-05-17 13:36:15,57,58,12688,59738
2023-05-17 13:36:20,57,59,12688,59758
2023-05-17 13:36:31,58,59,12688,59758
2023-05-17 13:36:33,59,60,12688,59778
2023-05-17 13:36:33,58,60,12688,59778
2023-05-17 13:36:46,58,60,12688,59779
2023-05-17 13:36:49,59,60,12688,59779
2023-05-17 13:36:59,58,60,12688,59779
2023-05-17 13:37:02,59,60,12688,59779
2023-05-17 13:37:08,59,61,12688,59798
2023-05-17 13:37:10,60,61,12688,59798
2023-05-17 13:37:11,60,62,12688,59798
2023-05-17 13:37:16,59,62,12688,59798
2023-05-17 13:37:22,59,60,12688,59798
2023-05-17 13:37:30,59,61,12688,59798
2023-05-17 13:37:32,59,60,12688,59798
2023-05-17 13:37:39,59,61,12688,59798
2023-05-17 13:37:43,59,62,12688,59798
2023-05-17 13:37:44,59,60,12688,59798
2023-05-17 13:37:55,59,61,12688,59798
2023-05-17 13:37:55,59,60,12688,59798
2023-05-17 13:38:06,58,59,12668,59818
2023-05-17 13:38:17,58,60,12668,59818
2023-05-17 13:38:27,59,60,12668,59818
2023-05-17 13:38:28,58,59,12663,59823
2023-05-17 13:38:37,58,60,12663,59823
2023-05-17 13:38:47,58,59,12663,59823
2023-05-17 13:38:49,57,58,12623,59863
2023-05-17 13:38:56,57,58,12623,59868
2023-05-17 13:39:19,57,58,12623,59873
2023-05-17 13:39:37,59,60,12658,59908
2023-05-17 13:39:42,57,59,12658,59973
2023-05-17 13:39:43,57,60,12658,59973
2023-05-17 13:39:47,59,60,12658,59973
2023-05-17 13:39:58,57,60,12658,59973
2023-05-17 13:39:58,59,60,12658,59973
2023-05-17 13:39:58,57,60,12658,60173
2023-05-17 13:40:08,57,59,12658,60173
2023-05-17 13:40:10,58,59,12658,60173
2023-05-17 13:40:17,58,60,12658,60173
2023-05-17 13:40:38,59,60,12658,60173
2023-05-17 13:40:39,58,59,12653,60178
2023-05-17 13:40:48,58,60,12653,60178
2023-05-17 13:40:48,57,58,12633,60198
2023-05-17 13:40:57,56,58,12583,60248
2023-05-17 13:41:05,56,59,12583,60248
2023-05-17 13:41:14,56,58,12583,60248
2023-05-17 13:41:26,56,57,12583,60248
2023-05-17 13:41:44,55,57,12583,60248
2023-05-17 13:41:53,54,57,12583,60248
2023-05-17 13:41:53,55,57,12583,60248
2023-05-17 13:41:54,56,57,12583,60248
2023-05-17 13:42:00,55,57,12583,60248
2023-05-17 13:42:05,56,57,12583,60248
2023-05-17 13:42:14,55,57,12583,60248
2023-05-17 13:42:14,56,57,12583,60248
2023-05-17 13:42:18,56,57,12578,60253
2023-05-17 13:42:18,56,57,12578,60258
2023-05-17 13:42:19,56,57,12578,60263
2023-05-17 13:42:20,56,57,12578,60268
2023-05-17 13:42:21,55,57,12578,60268
2023-05-17 13:42:26,56,57,12578,60273
2023-05-17 13:42:35,55,57,12578,60273
2023-05-17 13:42:37,55,56,12578,60273
2023-05-17 13:42:54,55,56,12649,60473
2023-05-17 13:43:01,54,55,12669,60498
2023-05-17 13:43:15,54,57,12669,60513
2023-05-17 13:43:16,54,56,12669,60513
2023-05-17 13:43:28,54,55,12669,60513
2023-05-17 13:43:28,54,55,12664,60518
2023-05-17 13:43:34,54,56,12664,60518
2023-05-17 13:43:35,53,54,12644,60538
2023-05-17 13:43:35,53,54,12660,60554
2023-05-17 13:43:40,52,54,12660,60554
2023-05-17 13:43:46,52,54,12655,60559
2023-05-17 13:43:47,52,53,12655,60559
2023-05-17 13:43:53,52,53,12655,60599
2023-05-17 13:44:06,52,54,12644,60610
2023-05-17 13:44:07,52,54,12644,60626
2023-05-17 13:44:11,52,53,12644,60626
2023-05-17 13:44:13,52,53,12644,60627
2023-05-17 13:44:20,52,54,12644,60627
2023-05-17 13:44:21,52,53,12644,60627
2023-05-17 13:44:22,53,54,12590,60927
2023-05-17 13:44:22,54,55,12673,61010
2023-05-17 13:44:22,54,55,12689,61026
2023-05-17 13:44:23,54,55,12780,61117
2023-05-17 13:44:23,54,56,12780,61117
2023-05-17 13:44:24,53,54,12815,61152
2023-05-17 13:44:25,54,56,12815,61208
2023-05-17 13:44:25,53,56,12815,61208
2023-05-17 13:44:25,54,56,12815,61208
2023-05-17 13:44:29,54,56,12635,61408
2023-05-17 13:44:29,54,55,12635,61408
2023-05-17 13:44:32,53,55,12635,61408
2023-05-17 13:44:32,53,57,12390,61653
2023-05-17 13:44:32,53,56,12390,61653
2023-05-17 13:44:35,55,56,12390,61653
2023-05-17 13:44:37,55,57,12344,61878
2023-05-17 13:44:42,55,56,12344,61878
2023-05-17 13:44:55,55,56,12344,61882
2023-05-17 13:45:16,55,56,12295,61931
2023-05-17 13:45:18,54,55,12345,61981
2023-05-17 13:45:18,54,56,12345,61981
2023-05-17 13:45:19,54,56,12345,61985
2023-05-17 13:45:27,54,56,12325,62005
2023-05-17 13:45:32,54,55,12325,62005
2023-05-17 13:45:33,53,55,12325,62005
2023-05-17 13:45:36,52,53,12285,62045
2023-05-17 13:45:38,52,53,12280,62050
2023-05-17 13:46:05,52,53,12280,62054
2023-05-17 13:46:28,52,53,12280,62094
2023-05-17 13:46:28,51,52,12280,62237
2023-05-17 13:46:28,51,53,12280,62237
2023-05-17 13:46:28,51,52,12280,62237
2023-05-17 13:46:28,50,52,12280,62237
2023-05-17 13:46:29,49,52,12280,62237
2023-05-17 13:46:30,50,52,12280,62237
2023-05-17 13:46:33,49,50,12330,62287
2023-05-17 13:46:33,49,52,12330,62287
2023-05-17 13:46:35,49,51,12330,62287
2023-05-17 13:46:37,49,52,12330,62287
2023-05-17 13:46:41,50,52,12330,62287
2023-05-17 13:46:41,50,53,12330,62287
2023-05-17 13:46:42,50,52,12330,62287
2023-05-17 13:46:44,49,50,12330,62312
2023-05-17 13:46:52,49,51,12330,62312
2023-05-17 13:46:58,49,50,12330,62312
2023-05-17 13:47:10,48,49,12330,62336
2023-05-17 13:47:10,48,50,12330,62336
2023-05-17 13:47:10,48,49,12330,62336
2023-05-17 13:47:17,48,49,12325,62341
2023-05-17 13:47:18,47,49,12470,62545
2023-05-17 13:47:29,48,49,12470,62545
2023-05-17 13:48:07,46,48,12620,62700
2023-05-17 13:48:07,46,49,12620,62700
2023-05-17 13:48:08,46,48,12620,62700
2023-05-17 13:48:10,46,49,12620,62700
2023-05-17 13:48:10,46,47,12620,62700
2023-05-17 13:48:10,45,47,12620,62700
2023-05-17 13:48:13,46,47,12620,62700
2023-05-17 13:48:32,44,46,12604,62716
2023-05-17 13:48:35,44,45,12604,62716
2023-05-17 13:48:44,44,45,12599,62721
2023-05-17 13:48:56,44,46,12599,62721
2023-05-17 13:49:00,44,47,12584,62736
2023-05-17 13:49:02,44,46,12584,62736
2023-05-17 13:49:13,44,45,12584,62736
2023-05-17 13:49:13,43,45,12584,62832
2023-05-17 13:49:21,42,45,12584,62832
2023-05-17 13:49:27,43,45,12584,62832
2023-05-17 13:49:30,43,44,12584,62832
2023-05-17 13:49:30,43,44,12624,62872
2023-05-17 13:49:34,41,44,12624,62872
2023-05-17 13:49:34,41,43,12624,62872
2023-05-17 13:49:37,41,44,12624,62872
2023-05-17 13:49:37,42,44,12624,62872
2023-05-17 13:49:46,41,44,12624,62872
2023-05-17 13:49:48,42,44,12624,62872
2023-05-17 13:49:56,43,44,12624,62872
2023-05-17 13:50:01,44,45,12644,62892
2023-05-17 13:50:11,43,45,12644,62892
2023-05-17 13:50:11,44,45,12644,62892
2023-05-17 13:50:20,42,45,12644,62892
2023-05-17 13:50:23,44,45,12644,62892
2023-05-17 13:50:31,43,45,12644,62892
2023-05-17 13:50:34,42,45,12644,62892
2023-05-17 13:50:35,44,45,12644,62892
2023-05-17 13:50:36,44,46,12515,63112
2023-05-17 13:50:44,43,46,12515,63112
2023-05-17 13:50:46,44,46,12515,63112
2023-05-17 13:50:46,44,45,12515,63112
2023-05-17 13:50:48,44,45,12532,63129
2023-05-17 13:50:49,44,45,12665,63262
2023-05-17 13:50:53,44,46,12665,63262
2023-05-17 13:50:54,44,45,12665,63262
2023-05-17 13:50:59,44,46,12665,63262
2023-05-17 13:51:00,43,46,12665,63262
2023-05-17 13:51:01,43,44,12665,63262
2023-05-17 13:51:01,43,44,12665,63312
2023-05-17 13:51:07,43,45,12665,63312
2023-05-17 13:51:09,43,44,12665,63312
2023-05-17 13:51:09,44,45,12690,63337
2023-05-17 13:51:09,43,45,12715,63362
2023-05-17 13:51:09,43,44,12715,63362
2023-05-17 13:51:09,43,44,12715,63379
2023-05-17 13:51:09,42,43,12715,63382
2023-05-17 13:51:11,42,43,12715,63405
2023-05-17 13:51:12,42,43,12715,63428
2023-05-17 13:51:14,42,43,12715,63435
2023-05-17 13:51:19,43,44,12715,63445
2023-05-17 13:51:21,44,46,12750,63480
2023-05-17 13:51:21,44,45,12750,63480
2023-05-17 13:51:21,44,45,12770,63500
2023-05-17 13:51:22,44,45,12783,63513
2023-05-17 13:51:22,44,45,12790,63520
2023-05-17 13:51:22,44,45,12803,63533
2023-05-17 13:51:22,44,45,12810,63540
2023-05-17 13:51:23,44,45,12815,63552
2023-05-17 13:51:26,42,45,12815,63552
2023-05-17 13:51:26,43,45,12815,63552
2023-05-17 13:51:32,43,45,12815,63557
2023-05-17 13:51:33,43,44,12815,63557
2023-05-17 13:51:33,43,44,12925,63674
2023-05-17 13:51:34,42,44,13065,63814
2023-05-17 13:51:43,43,44,13065,63814
2023-05-17 13:51:44,43,44,13133,63882
2023-05-17 13:51:44,43,44,13150,63899
2023-05-17 13:51:44,42,44,13265,64014
2023-05-17 13:51:53,44,46,13285,64034
2023-05-17 13:51:53,44,45,13285,64034
2023-05-17 13:51:58,44,46,13185,64154
2023-05-17 13:52:00,43,46,13185,64154
2023-05-17 13:52:01,43,45,13185,64154
2023-05-17 13:52:04,43,44,13185,64154
2023-05-17 13:52:08,44,45,13164,64274
2023-05-17 13:52:12,44,45,13085,64374
2023-05-17 13:52:14,45,46,13085,64394
2023-05-17 13:52:14,46,49,13085,64414
2023-05-17 13:52:14,46,49,13104,64434
2023-05-17 13:52:19,45,49,13104,64434
2023-05-17 13:52:21,45,49,13085,64767
2023-05-17 13:52:21,47,49,13085,64767
2023-05-17 13:52:25,47,50,13085,64767
2023-05-17 13:52:25,47,49,13085,64767
2023-05-17 13:52:34,48,49,13085,64767
2023-05-17 13:52:38,47,49,13135,64837
2023-05-17 13:52:39,47,48,13135,64837
2023-05-17 13:52:41,47,49,13135,64837
2023-05-17 13:52:41,47,48,13135,64837
2023-05-17 13:52:45,48,49,13155,64857
2023-05-17 13:54:00,47,49,13155,64857
2023-05-17 13:54:09,47,48,13155,64857
2023-05-17 13:54:17,47,49,13155,64857
2023-05-17 13:54:18,47,49,13155,64862
2023-05-17 13:54:19,47,48,13155,64862
2023-05-17 13:54:27,47,49,13155,64862
2023-05-17 13:54:27,48,49,13155,64862
2023-05-17 13:54:42,47,48,13125,64892
2023-05-17 13:54:49,47,49,13125,64892
2023-05-17 13:54:55,48,49,13125,64892
2023-05-17 13:55:04,47,49,13125,64892
2023-05-17 13:55:13,47,50,13125,64932
2023-05-17 13:55:15,49,50,13125,64932
2023-05-17 13:55:22,47,50,13125,64932
2023-05-17 13:55:23,48,50,13125,64932
2023-05-17 13:55:26,49,50,13125,64932
2023-05-17 13:55:26,48,50,13225,65032
2023-05-17 13:55:36,48,50,13275,65082
2023-05-17 13:55:44,48,50,13276,65083
2023-05-17 13:55:49,49,50,13276,65083
2023-05-17 13:55:57,48,50,13276,65083
2023-05-17 13:56:00,49,50,13276,65083
2023-05-17 13:56:02,50,51,13295,65102
2023-05-17 13:56:12,49,51,13295,65102
2023-05-17 13:56:12,51,52,13315,65122
2023-05-17 13:56:20,49,52,13315,65122
2023-05-17 13:56:21,49,51,13315,65122
2023-05-17 13:56:25,50,51,13315,65122
2023-05-17 13:56:40,49,51,13315,65122
2023-05-17 13:56:41,49,52,13315,65122
2023-05-17 13:56:47,50,52,13315,65122
2023-05-17 13:56:47,50,51,13315,65122
2023-05-17 13:56:57,50,51,13295,65142
2023-05-17 13:56:58,50,52,13295,65142
2023-05-17 13:57:08,49,52,13295,65142
2023-05-17 13:57:08,50,52,13295,65142
2023-05-17 13:57:08,50,51,13295,65142
2023-05-17 13:57:15,49,51,13295,65142
2023-05-17 13:57:15,49,50,13295,65142
2023-05-17 13:57:28,49,50,13246,65192
2023-05-17 13:57:32,48,50,13246,65192
2023-05-17 13:57:56,48,50,13265,65242
2023-05-17 13:57:56,48,50,13315,65292
2023-05-17 13:57:59,48,49,13315,65292
2023-05-17 13:58:20,47,48,13316,65294
2023-05-17 13:58:33,46,47,13295,65315
2023-05-17 13:58:41,45,46,13275,65335
2023-05-17 13:58:48,44,47,13275,65335
2023-05-17 13:58:52,45,47,13275,65335
2023-05-17 13:58:52,45,46,13275,65335
2023-05-17 13:58:59,44,46,13275,65335
2023-05-17 13:59:03,44,47,13275,65335
2023-05-17 13:59:05,47,48,13340,65400
2023-05-17 13:59:10,45,47,13425,65485
2023-05-17 13:59:11,45,46,13425,65485
2023-05-17 13:59:16,45,47,13425,65510
2023-05-17 13:59:18,46,47,13425,65510
2023-05-17 13:59:19,46,47,13426,65511
2023-05-17 13:59:41,44,45,13346,65591
2023-05-17 13:59:49,44,46,13346,65591
2023-05-17 13:59:52,44,46,13296,65641
2023-05-17 14:00:05,45,46,13296,65641
2023-05-17 14:00:07,44,45,13268,65669
2023-05-17 14:00:11,44,46,13268,65669
2023-05-17 14:00:11,46,47,13313,65714
2023-05-17 14:00:18,45,47,13313,65714
2023-05-17 14:00:21,44,47,13313,65714
2023-05-17 14:00:21,46,47,13313,65714
2023-05-17 14:00:24,46,47,13288,65739
2023-05-17 14:00:32,45,47,13288,65739
2023-05-17 14:00:32,47,48,13308,65759
2023-05-17 14:00:41,45,48,13308,65759
2023-05-17 14:00:43,46,48,13308,65759
2023-05-17 14:00:43,46,47,13308,65759
2023-05-17 14:00:49,46,48,13308,65759
2023-05-17 14:00:49,48,49,13328,65779
2023-05-17 14:01:00,46,49,13328,65779
2023-05-17 14:01:07,48,49,13328,65779
2023-05-17 14:01:12,46,49,13328,65779
2023-05-17 14:01:15,46,47,13328,65779
2023-05-17 14:01:21,46,49,13328,65779
2023-05-17 14:01:25,46,47,13328,65779
2023-05-17 14:01:35,46,49,13328,65779
2023-05-17 14:01:37,46,47,13328,65779
2023-05-17 14:01:44,46,49,13328,65779
2023-05-17 14:01:47,46,50,13328,65779
2023-05-17 14:01:47,47,50,13328,65779
2023-05-17 14:01:47,47,48,13328,65779
2023-05-17 14:01:54,47,50,13328,65779
2023-05-17 14:01:58,47,48,13328,65779
2023-05-17 14:02:06,47,50,13328,65779
2023-05-17 14:02:09,48,50,13328,65779
2023-05-17 14:02:09,48,49,13328,65779
2023-05-17 14:02:17,47,50,13328,65779
2023-05-17 14:02:19,49,50,13328,65779
2023-05-17 14:02:26,47,50,13328,65779
2023-05-17 14:02:27,48,50,13328,65779
2023-05-17 14:02:37,49,50,13328,65779
2023-05-17 14:02:44,47,50,13328,65779
2023-05-17 14:02:46,48,50,13328,65779
2023-05-17 14:02:46,48,49,13328,65779
2023-05-17 14:02:54,47,49,13328,65779
2023-05-17 14:02:57,48,49,13328,65779
2023-05-17 14:03:04,47,49,13328,65779
2023-05-17 14:03:08,48,49,13328,65779
2023-05-17 14:03:19,47,49,13328,65779
2023-05-17 14:03:19,48,49,13328,65779
2023-05-17 14:03:26,47,49,13328,65779
2023-05-17 14:03:28,48,49,13328,65779
2023-05-17 14:03:39,49,50,13336,65787
2023-05-17 14:03:47,50,52,13336,65795
2023-05-17 14:03:48,50,53,13336,65795
2023-05-17 14:03:49,51,53,13336,65795
2023-05-17 14:03:59,50,53,13336,65795
2023-05-17 14:04:00,51,53,13336,65795
2023-05-17 14:04:00,51,52,13336,65795
2023-05-17 14:04:11,50,52,13336,65795
2023-05-17 14:04:11,51,52,13336,65795
2023-05-17 14:04:17,50,52,13336,65795
2023-05-17 14:04:17,51,52,13336,65795
2023-05-17 14:04:21,52,53,13344,65803
2023-05-17 14:04:28,50,53,13344,65803
2023-05-17 14:04:32,52,53,13344,65803
2023-05-17 14:04:36,52,53,13354,65813
2023-05-17 14:04:40,50,53,13354,65813
2023-05-17 14:04:42,51,53,13354,65813
2023-05-17 14:04:45,50,53,13354,65813
2023-05-17 14:04:49,51,53,13354,65813
2023-05-17 14:04:53,52,53,13354,65813
2023-05-17 14:04:56,52,55,13259,65916
2023-05-17 14:05:02,52,55,13267,65924
2023-05-17 14:05:02,52,53,13267,65924
2023-05-17 14:05:04,54,55,13267,65932
2023-05-17 14:05:04,52,55,13306,65971
2023-05-17 14:05:17,54,55,13306,65971
2023-05-17 14:05:17,54,55,13401,66066
2023-05-17 14:05:26,52,55,13401,66066
2023-05-17 14:05:26,53,55,13401,66066
2023-05-17 14:05:27,54,55,13401,66066
2023-05-17 14:05:27,54,55,13514,66179
2023-05-17 14:05:31,54,55,13552,66217
2023-05-17 14:05:34,56,57,13560,66225
2023-05-17 14:05:35,56,57,13565,66230
2023-05-17 14:05:35,56,57,13617,66282
2023-05-17 14:05:43,54,57,13617,66282
2023-05-17 14:05:45,55,57,13617,66282
2023-05-17 14:05:46,56,57,13617,66282
2023-05-17 14:05:48,56,58,13475,66457
2023-05-17 14:05:52,57,58,13475,66457
2023-05-17 14:05:52,57,58,13475,66465
2023-05-17 14:05:52,57,58,13475,66473
2023-05-17 14:06:01,57,59,13475,66506
2023-05-17 14:06:01,57,59,13476,66507
2023-05-17 14:06:08,57,59,13523,66554
2023-05-17 14:06:14,57,58,13523,66554
2023-05-17 14:06:21,57,59,13570,66601
2023-05-17 14:06:36,57,58,13570,66601
2023-05-17 14:06:43,56,57,13570,66609
2023-05-17 14:06:44,55,56,13554,66625
2023-05-17 14:06:53,55,56,13534,66645
2023-05-17 14:07:08,56,58,13542,66653
2023-05-17 14:07:08,57,58,13542,66653
2023-05-17 14:07:35,58,59,13542,66661
2023-05-17 14:07:41,57,59,13449,66754
2023-05-17 14:07:47,57,58,13449,66754
2023-05-17 14:07:51,57,58,13534,66847
2023-05-17 14:07:53,57,59,13534,66847
2023-05-17 14:07:56,56,59,13534,66847
2023-05-17 14:07:57,57,59,13534,66847
2023-05-17 14:08:05,56,59,13534,66847
2023-05-17 14:08:05,57,59,13534,66847
2023-05-17 14:08:13,56,59,13534,66847
2023-05-17 14:08:13,59,60,13542,66855
2023-05-17 14:08:13,59,60,13550,66863
2023-05-17 14:08:13,56,60,13580,66893
2023-05-17 14:08:16,56,59,13580,66893
2023-05-17 14:08:20,56,60,13580,66893
2023-05-17 14:08:24,57,60,13580,66893
2023-05-17 14:08:25,59,60,13580,66893
2023-05-17 14:08:28,59,60,13608,66921
2023-05-17 14:08:30,56,59,13626,66939
2023-05-17 14:08:34,56,57,13626,66939
2023-05-17 14:08:42,56,60,13626,66939
2023-05-17 14:08:45,56,58,13626,66939
2023-05-17 14:08:50,57,58,13626,66939
2023-05-17 14:08:50,56,58,13651,66964
2023-05-17 14:08:50,57,58,13651,66964
2023-05-17 14:08:50,57,58,13651,67031
2023-05-17 14:08:52,57,59,13651,67031
2023-05-17 14:09:02,58,59,13651,67031
2023-05-17 14:09:03,58,61,13651,67031
2023-05-17 14:09:03,58,60,13651,67031
2023-05-17 14:09:05,58,61,13651,67031
2023-05-17 14:09:05,59,61,13651,67031
2023-05-17 14:09:07,59,60,13651,67031
2023-05-17 14:09:13,59,61,13513,67169
2023-05-17 14:09:19,60,61,13513,67169
2023-05-17 14:09:24,60,61,13521,67177
2023-05-17 14:09:30,60,62,13496,67210
2023-05-17 14:09:31,62,63,13521,67235
2023-05-17 14:09:31,62,63,13546,67260
2023-05-17 14:09:33,62,63,13562,67276
2023-05-17 14:09:33,62,63,13587,67301
2023-05-17 14:09:34,62,63,13612,67326
2023-05-17 14:09:35,61,63,13680,67394
2023-05-17 14:09:41,61,63,13817,67531
2023-05-17 14:09:45,61,62,13817,67531
2023-05-17 14:09:47,60,62,13817,67531
2023-05-17 14:09:49,61,62,13817,67531
2023-05-17 14:09:49,61,62,13854,67568
2023-05-17 14:09:49,61,62,13891,67605
2023-05-17 14:09:53,61,62,13954,67668
2023-05-17 14:09:53,60,62,14000,67714
2023-05-17 14:09:54,58,62,14000,67714
2023-05-17 14:09:54,58,61,14000,67714
2023-05-17 14:09:54,59,61,14000,67714
2023-05-17 14:09:59,59,60,14000,67714
2023-05-17 14:10:06,59,62,14000,67714
2023-05-17 14:10:06,59,61,14000,67714
2023-05-17 14:10:06,58,61,13817,67897
2023-05-17 14:10:08,59,61,13817,67897
2023-05-17 14:10:12,59,61,13705,68034
2023-05-17 14:10:12,58,61,13705,68034
2023-05-17 14:10:13,59,61,13705,68034
2023-05-17 14:10:19,59,60,13705,68034
2023-05-17 14:10:24,58,60,13639,68125
2023-05-17 14:10:33,58,60,13594,68170
2023-05-17 14:10:35,60,61,13602,68228
2023-05-17 14:10:35,60,61,13618,68244
2023-05-17 14:10:35,60,61,13627,68253
2023-05-17 14:10:35,60,61,13634,68260
2023-05-17 14:10:35,60,61,13759,68385
2023-05-17 14:10:35,60,61,13768,68394
2023-05-17 14:10:44,57,61,13768,68394
2023-05-17 14:10:46,58,61,13768,68394
2023-05-17 14:10:49,60,61,13768,68394
2023-05-17 14:10:57,58,61,13768,68394
2023-05-17 14:11:00,60,61,13768,68394
2023-05-17 14:11:03,58,60,13949,68575
2023-05-17 14:11:04,57,60,13949,68575
2023-05-17 14:11:04,57,61,13949,68575
2023-05-17 14:11:05,58,61,13949,68575
2023-05-17 14:11:07,58,60,13949,68575
2023-05-17 14:11:09,59,60,13949,68575
2023-05-17 14:11:16,58,60,13949,68575
2023-05-17 14:11:16,58,61,13949,68575
2023-05-17 14:11:20,58,60,13949,68575
2023-05-17 14:11:21,59,60,13949,68575
2023-05-17 14:11:30,58,61,13949,68575
2023-05-17 14:11:31,59,61,13949,68575
2023-05-17 14:11:31,59,60,13949,68575
2023-05-17 14:11:38,58,60,13949,68575
2023-05-17 14:11:38,59,60,13949,68575
2023-05-17 14:11:40,59,61,13949,68575
2023-05-17 14:11:43,59,60,13949,68575
2023-05-17 14:11:49,59,61,13949,68575
2023-05-17 14:11:49,59,60,13949,68575
2023-05-17 14:11:52,58,59,13941,68583
2023-05-17 14:12:00,56,57,13925,68599
2023-05-17 14:12:09,55,57,13925,68599
2023-05-17 14:12:11,54,57,13925,68599
2023-05-17 14:12:14,56,57,13925,68599
2023-05-17 14:12:21,54,57,13925,68599
2023-05-17 14:12:23,53,57,13925,68599
2023-05-17 14:12:23,53,56,13925,68599
2023-05-17 14:12:28,54,56,13925,68599
2023-05-17 14:12:28,54,55,13925,68599
2023-05-17 14:12:38,53,54,13917,68607
2023-05-17 14:12:38,53,54,13917,68608
2023-05-17 14:12:45,51,54,13917,68608
2023-05-17 14:12:49,52,54,13917,68608
2023-05-17 14:12:49,52,53,13917,68608
2023-05-17 14:13:02,52,54,13917,68608
2023-05-17 14:13:02,52,53,13917,68608
2023-05-17 14:13:06,51,53,14139,68838
2023-05-17 14:13:10,50,53,14139,68838
2023-05-17 14:13:10,51,53,14139,68838
2023-05-17 14:13:12,51,52,14139,68838
2023-05-17 14:13:18,51,53,14139,68838
2023-05-17 14:13:21,51,52,14139,68838
2023-05-17 14:13:24,50,51,14123,68854
2023-05-17 14:13:32,50,52,14123,68854
2023-05-17 14:13:33,50,51,14123,68854
2023-05-17 14:13:37,50,51,13902,69075
2023-05-17 14:13:38,48,50,14035,69208
2023-05-17 14:13:45,49,50,14035,69208
2023-05-17 14:13:45,49,52,14035,69208
2023-05-17 14:13:46,49,51,14035,69208
2023-05-17 14:13:46,48,51,13908,69385
2023-05-17 14:13:47,48,50,13908,69385
2023-05-17 14:13:47,49,50,13908,69385
2023-05-17 14:13:47,49,50,13909,69386
2023-05-17 14:13:47,48,50,13909,69386
2023-05-17 14:13:47,49,50,13909,69386
2023-05-17 14:14:04,48,50,13909,69386
2023-05-17 14:14:05,48,50,13917,69430
2023-05-17 14:14:06,48,51,13902,69445
2023-05-17 14:14:06,49,51,13902,69445
2023-05-17 14:14:16,51,52,13910,69453
2023-05-17 14:14:23,49,52,13910,69453
2023-05-17 14:14:23,49,51,13910,69453
2023-05-17 14:14:26,48,51,13910,69453
2023-05-17 14:14:27,49,51,13910,69453
2023-05-17 14:14:27,49,51,13997,69540
2023-05-17 14:14:27,49,52,13997,69540
2023-05-17 14:14:28,49,51,13997,69540
2023-05-17 14:14:34,48,49,13981,69556
2023-05-17 14:14:42,48,51,13981,69556
2023-05-17 14:14:46,49,51,13981,69556
2023-05-17 14:14:46,49,50,13981,69556
2023-05-17 14:14:54,49,51,13981,69556
2023-05-17 14:14:58,50,51,13981,69556
2023-05-17 14:15:11,51,52,13989,69564
2023-05-17 14:15:19,50,52,13989,69564
2023-05-17 14:15:23,49,52,13989,69564
2023-05-17 14:15:23,51,52,13989,69564
2023-05-17 14:15:31,49,52,13989,69564
2023-05-17 14:15:34,50,52,13989,69564
2023-05-17 14:15:34,50,51,13989,69564
2023-05-17 14:15:39,51,52,13815,69738
2023-05-17 14:15:48,49,52,13815,69738
2023-05-17 14:15:51,50,52,13815,69738
2023-05-17 14:15:51,50,51,13815,69738
2023-05-17 14:16:01,50,52,13815,69738
2023-05-17 14:16:01,50,51,13815,69738
2023-05-17 14:16:05,50,52,13815,69738
2023-05-17 14:16:05,51,52,13815,69738
2023-05-17 14:16:13,50,52,13815,69738
2023-05-17 14:16:17,52,53,13823,69746
2023-05-17 14:16:25,50,53,13823,69746
2023-05-17 14:16:27,52,53,13823,69746
2023-05-17 14:16:33,50,53,13823,69746
2023-05-17 14:16:37,52,53,13823,69746
2023-05-17 14:16:48,51,53,13823,69746
2023-05-17 14:16:49,53,55,13831,69754
2023-05-17 14:16:49,53,54,13831,69754
2023-05-17 14:16:56,54,55,13839,69762
2023-05-17 14:16:56,53,55,13839,69762
2023-05-17 14:16:56,53,55,13839,69763
2023-05-17 14:16:56,56,57,13846,69778
2023-05-17 14:17:07,54,57,13846,69778
2023-05-17 14:17:09,56,57,13846,69778
2023-05-17 14:17:12,56,58,13846,69786
2023-05-17 14:17:15,55,58,13846,69786
2023-05-17 14:17:15,56,57,13846,69786
2023-05-17 14:17:31,53,56,13846,69794
2023-05-17 14:17:32,53,56,13931,69879
2023-05-17 14:17:43,55,56,13931,69879
2023-05-17 14:17:54,53,56,13931,69879
2023-05-17 14:17:56,56,57,13939,69887
2023-05-17 14:18:02,54,57,13939,69887
2023-05-17 14:18:10,56,57,13939,69887
2023-05-17 14:18:20,55,57,13939,69887
2023-05-17 14:18:20,56,57,13939,69887
2023-05-17 14:18:25,56,58,13770,70064
2023-05-17 14:18:31,55,58,13770,70064
2023-05-17 14:18:31,56,58,13770,70064
2023-05-17 14:18:31,56,57,13770,70064
2023-05-17 14:18:39,55,57,13770,70064
2023-05-17 14:18:41,56,57,13770,70064
2023-05-17 14:18:47,56,58,13770,70072
2023-05-17 14:18:51,55,58,13770,70072
2023-05-17 14:18:52,55,57,13770,70072
2023-05-17 14:18:53,56,57,13770,70072
2023-05-17 14:19:02,53,55,13770,70104
2023-05-17 14:19:03,52,55,13770,70104
2023-05-17 14:19:04,53,55,13770,70104
2023-05-17 14:19:06,53,54,13770,70104
2023-05-17 14:19:06,51,54,13770,70104
2023-05-17 14:19:06,53,54,13770,70104
2023-05-17 14:19:07,53,54,13812,70146
2023-05-17 14:19:08,53,55,13812,70146
2023-05-17 14:19:09,53,54,13812,70146
2023-05-17 14:19:18,53,55,13812,70146
2023-05-17 14:19:21,53,54,13812,70146
2023-05-17 14:19:43,53,54,13771,70187
2023-05-17 14:19:43,52,54,13771,70187
2023-05-17 14:19:53,51,54,13771,70187
2023-05-17 14:19:53,52,54,13771,70187
2023-05-17 14:19:53,53,54,13771,70187
2023-05-17 14:19:55,52,53,13747,70211
2023-05-17 14:20:08,54,55,13763,70227
2023-05-17 14:20:24,52,55,13763,70227
2023-05-17 14:20:26,53,55,13763,70227
2023-05-17 14:20:26,53,54,13763,70227
2023-05-17 14:20:33,52,55,13763,70227
2023-05-17 14:20:39,53,55,13763,70227
2023-05-17 14:20:39,53,54,13763,70227
2023-05-17 14:20:46,52,55,13763,70227
2023-05-17 14:20:54,54,55,13763,70227
2023-05-17 14:21:05,52,55,13763,70227
2023-05-17 14:21:05,54,55,13763,70227
2023-05-17 14:21:12,52,55,13763,70227
2023-05-17 14:21:12,52,55,13763,70227
2023-05-17 14:21:12,53,55,13763,70227
2023-05-17 14:21:15,54,55,13763,70227
2023-05-17 14:21:21,53,55,13763,70227
2023-05-17 14:21:26,54,55,13763,70227
2023-05-17 14:21:32,53,55,13763,70227
2023-05-17 14:21:37,54,55,13763,70227
2023-05-17 14:21:46,53,55,13763,70227
2023-05-17 14:21:51,54,55,13763,70227
2023-05-17 14:21:53,53,54,13803,70267
2023-05-17 14:22:04,50,54,13803,70267
2023-05-17 14:22:05,52,54,13803,70267
2023-05-17 14:22:05,52,53,13803,70267
2023-05-17 14:22:13,51,54,13803,70267
2023-05-17 14:22:15,53,54,13803,70267
2023-05-17 14:22:28,52,55,13803,70267
2023-05-17 14:22:28,54,55,13803,70267
2023-05-17 14:22:35,51,55,13803,70267
2023-05-17 14:22:36,52,55,13803,70267
2023-05-17 14:22:39,54,55,13803,70267
2023-05-17 14:22:45,51,55,13803,70267
2023-05-17 14:22:45,51,55,13814,70278
2023-05-17 14:22:45,51,53,13814,70278
2023-05-17 14:22:50,52,53,13814,70278
2023-05-17 14:22:50,52,55,13814,70278
2023-05-17 14:22:50,52,54,13814,70278
2023-05-17 14:22:52,54,55,13814,70289
2023-05-17 14:22:59,52,55,13814,70289
2023-05-17 14:23:04,54,55,13814,70289
2023-05-17 14:23:13,51,55,13814,70289
2023-05-17 14:23:16,51,54,13814,70289
2023-05-17 14:23:16,53,54,13814,70289
2023-05-17 14:23:22,53,54,13914,70389
2023-05-17 14:23:24,51,54,13914,70389
2023-05-17 14:23:28,52,54,13914,70389
2023-05-17 14:23:28,52,53,13914,70389
2023-05-17 14:23:36,51,53,13914,70389
2023-05-17 14:23:39,50,51,13898,70405
2023-05-17 14:24:06,50,51,13906,70413
2023-05-17 14:24:12,50,52,13906,70413
2023-05-17 14:24:17,50,52,13890,70429
2023-05-17 14:24:27,50,51,13890,70429
2023-05-17 14:24:34,49,52,13890,70429
2023-05-17 14:24:35,49,51,13890,70429
2023-05-17 14:24:38,49,50,13890,70429
2023-05-17 14:24:41,48,49,13882,70437
2023-05-17 14:24:48,47,49,13882,70437
2023-05-17 14:24:50,46,49,13882,70437
2023-05-17 14:24:52,46,49,13683,70637
2023-05-17 14:24:55,46,48,13683,70637
2023-05-17 14:24:59,44,45,13667,70879
2023-05-17 14:25:04,44,45,13567,70979
2023-05-17 14:25:05,44,46,13567,70979
2023-05-17 14:25:05,45,48,13567,70979
2023-05-17 14:25:05,45,47,13567,70979
2023-05-17 14:25:11,45,48,13567,70979
2023-05-17 14:25:11,46,48,13567,70979
2023-05-17 14:25:11,46,49,13567,70979
2023-05-17 14:25:11,46,48,13567,70979
2023-05-17 14:25:13,46,48,13567,70989
2023-05-17 14:25:17,45,48,13567,70989
2023-05-17 14:25:17,45,47,13567,70989
2023-05-17 14:25:22,45,49,13532,71032
2023-05-17 14:25:22,46,49,13532,71032
2023-05-17 14:25:30,46,48,13532,71032
2023-05-17 14:25:32,46,48,13533,71033
2023-05-17 14:25:36,46,47,13533,71033
2023-05-17 14:25:39,49,50,13566,71267
2023-05-17 14:25:39,49,52,14165,71867
2023-05-17 14:25:39,49,52,14230,71932
2023-05-17 14:25:39,49,52,14241,71943
2023-05-17 14:25:39,49,52,14252,71954
2023-05-17 14:25:39,49,52,14263,71965
2023-05-17 14:25:39,49,52,14274,71976
2023-05-17 14:25:39,49,52,14285,71987
2023-05-17 14:25:39,49,52,14295,71997
2023-05-17 14:25:45,49,51,14295,71997
2023-05-17 14:25:47,49,52,14295,71997
2023-05-17 14:25:49,49,52,14295,71998
2023-05-17 14:25:49,53,54,14602,72305
2023-05-17 14:25:49,53,54,14748,72451
2023-05-17 14:25:50,53,54,14758,72461
2023-05-17 14:25:50,53,54,14768,72471
2023-05-17 14:25:50,53,54,14828,72531
2023-05-17 14:25:50,53,54,14838,72541
2023-05-17 14:25:50,53,54,14848,72551
2023-05-17 14:25:50,53,54,14858,72561
2023-05-17 14:25:50,53,54,14888,72591
2023-05-17 14:25:50,53,54,14988,72691
2023-05-17 14:25:52,53,54,15088,72791
2023-05-17 14:25:53,53,54,15188,72891
2023-05-17 14:25:54,53,54,15288,72991
2023-05-17 14:25:55,51,53,15295,72998
2023-05-17 14:25:56,52,53,15295,72998
2023-05-17 14:26:02,52,54,15295,72998
2023-05-17 14:26:06,53,54,15295,72998
2023-05-17 14:26:12,53,54,15295,73275
2023-05-17 14:26:33,54,55,15295,73291
2023-05-17 14:26:41,53,55,15295,73291
2023-05-17 14:26:53,54,55,15295,73291
2023-05-17 14:26:56,53,55,15295,73291
2023-05-17 14:26:57,54,55,15295,73291
2023-05-17 14:27:00,52,55,14739,73872
2023-05-17 14:27:00,52,55,14668,74046
2023-05-17 14:27:00,51,52,14668,74157
2023-05-17 14:27:01,51,52,14468,74357
2023-05-17 14:27:01,51,52,14368,74457
2023-05-17 14:27:02,52,55,14198,74627
2023-05-17 14:27:02,51,55,14198,74627
2023-05-17 14:27:02,52,55,14198,74627
2023-05-17 14:27:03,53,55,14198,74627
2023-05-17 14:27:11,50,51,14182,74918
2023-05-17 14:27:11,49,51,14182,75208
2023-05-17 14:27:11,49,51,13982,75408
2023-05-17 14:27:11,51,53,13893,75497
2023-05-17 14:27:11,52,53,13893,75497
2023-05-17 14:27:11,51,53,13918,75522
2023-05-17 14:27:12,52,53,13918,75547
2023-05-17 14:27:12,51,53,13918,75547
2023-05-17 14:27:13,51,53,13718,75747
2023-05-17 14:27:14,51,53,13518,75947
2023-05-17 14:27:16,49,53,13518,75947
2023-05-17 14:27:17,49,54,13185,76280
2023-05-17 14:27:21,50,54,13185,76280
2023-05-17 14:27:22,49,54,13185,76569
2023-05-17 14:27:22,49,52,13185,76569
2023-05-17 14:27:22,49,50,13185,76569
2023-05-17 14:27:22,49,50,12985,76769
2023-05-17 14:27:22,49,50,12985,76799
2023-05-17 14:27:23,49,50,12785,76999
2023-05-17 14:27:24,49,50,12685,77099
2023-05-17 14:27:24,50,52,12636,77148
2023-05-17 14:27:24,49,52,12636,77148
2023-05-17 14:27:26,50,52,12636,77148
2023-05-17 14:27:26,49,52,12636,77148
2023-05-17 14:27:26,50,52,12636,77148
2023-05-17 14:27:31,52,53,12636,77156
2023-05-17 14:27:33,50,52,12544,77248
2023-05-17 14:27:34,49,52,12544,77248
2023-05-17 14:27:34,49,52,12444,77348
2023-05-17 14:27:35,49,53,12444,77348
2023-05-17 14:27:35,49,52,12444,77348
2023-05-17 14:27:36,49,52,12344,77448
2023-05-17 14:27:37,50,52,12344,77448
2023-05-17 14:27:53,50,52,12311,77481
2023-05-17 14:27:59,52,54,12239,77561
2023-05-17 14:28:01,52,55,12239,77561
2023-05-17 14:28:03,52,54,12239,77561
2023-05-17 14:28:04,51,55,12239,77561
2023-05-17 14:28:05,51,54,12239,77561
2023-05-17 14:28:06,51,55,12239,77561
2023-05-17 14:28:08,51,54,12239,77561
2023-05-17 14:28:18,52,54,12239,77561
2023-05-17 14:28:27,51,54,12239,77561
2023-05-17 14:28:40,51,55,12239,77569
2023-05-17 14:28:43,51,54,12239,77569
2023-05-17 14:28:49,51,53,12239,77569
2023-05-17 14:28:50,51,54,12239,77569
2023-05-17 14:28:51,51,53,12239,77569
2023-05-17 14:28:52,51,54,12239,77569
2023-05-17 14:29:02,51,53,12239,77569
2023-05-17 14:29:10,51,54,12239,77569
2023-05-17 14:29:12,50,54,12239,77569
2023-05-17 14:29:33,50,54,12264,77751
2023-05-17 14:29:33,52,54,12264,77751
2023-05-17 14:29:33,52,55,12264,77751
2023-05-17 14:29:38,51,55,12264,77751
2023-05-17 14:29:39,53,55,12264,77751
2023-05-17 14:29:56,54,55,12264,77751
2023-05-17 14:29:59,53,55,12264,77751
2023-05-17 14:30:05,53,54,12264,77751
2023-05-17 14:30:12,51,54,12264,77751
2023-05-17 14:30:14,52,54,12264,77751
2023-05-17 14:30:18,51,54,12264,77751
2023-05-17 14:30:26,52,54,12264,77751
2023-05-17 14:30:33,52,55,12264,77751
2023-05-17 14:30:33,53,55,12264,77751
2023-05-17 14:30:36,52,55,12264,77751
2023-05-17 14:30:36,52,54,12264,77751
2023-05-17 14:30:38,52,55,12264,77751
2023-05-17 14:30:42,52,54,12264,77751
2023-05-17 14:30:52,52,55,12264,77751
2023-05-17 14:31:06,53,55,12264,77751
2023-05-17 14:31:10,52,55,12264,77751
2023-05-17 14:31:10,54,55,12264,77751
2023-05-17 14:31:29,52,55,12264,77751
2023-05-17 14:31:29,53,55,12264,77751
2023-05-17 14:31:29,53,55,12271,77758
2023-05-17 14:31:41,54,55,12271,77758
2023-05-17 14:32:21,55,57,12271,77778
2023-05-17 14:32:22,56,57,12271,77778
2023-05-17 14:33:00,57,59,12271,77798
2023-05-17 14:33:07,55,59,12271,77798
2023-05-17 14:33:07,56,59,12271,77798
2023-05-17 14:33:07,58,59,12271,77798
2023-05-17 14:33:50,59,60,12271,77818
2023-05-17 14:33:50,58,60,12271,77818
2023-05-17 14:33:50,57,60,12271,77818
2023-05-17 14:33:50,58,60,12271,77818
2023-05-17 14:33:50,59,60,12271,77818
2023-05-17 14:34:00,60,61,12271,77838
2023-05-17 14:34:00,59,61,12271,77838
2023-05-17 14:34:00,60,61,12271,77838
2023-05-17 14:34:02,61,63,12261,77868
2023-05-17 14:34:02,60,63,12261,77868
2023-05-17 14:34:02,59,63,12261,77868
2023-05-17 14:34:03,61,63,12261,77868
2023-05-17 14:34:04,59,63,12261,77868
2023-05-17 14:34:04,60,63,12261,77868
2023-05-17 14:34:09,60,63,12261,77869
2023-05-17 14:34:10,59,63,12261,77869
2023-05-17 14:34:10,60,63,12261,77869
2023-05-17 14:34:10,61,63,12261,77869
2023-05-17 14:34:11,60,63,12261,77869
2023-05-17 14:34:11,62,63,12261,77869
2023-05-17 14:34:14,63,65,12261,77889
2023-05-17 14:34:14,62,65,12261,77889
2023-05-17 14:34:14,63,65,12261,77889
2023-05-17 14:34:14,63,66,12261,77889
2023-05-17 14:34:15,64,66,12261,77889
2023-05-17 14:34:17,65,66,12261,77889
2023-05-17 14:34:27,66,68,12261,77937
2023-05-17 14:34:27,65,68,12261,77937
2023-05-17 14:34:28,66,68,12261,77937
2023-05-17 14:35:01,65,68,12261,77937
2023-05-17 14:35:01,64,68,12261,77937
2023-05-17 14:35:01,65,67,12261,77937
2023-05-17 14:35:05,63,67,12261,77937
2023-05-17 14:35:05,63,66,12261,77937
2023-05-17 14:35:05,64,66,12261,77937
2023-05-17 14:35:06,64,67,12261,77937
2023-05-17 14:35:06,63,67,12261,77937
2023-05-17 14:35:06,65,67,12261,77937
2023-05-17 14:35:14,65,66,12261,77937
2023-05-17 14:35:14,64,66,12261,77937
2023-05-17 14:35:19,64,67,12261,77937
2023-05-17 14:35:27,65,67,12261,77937
2023-05-17 14:35:42,65,66,12261,77937
2023-05-17 14:35:47,64,65,12241,77957
2023-05-17 14:35:48,63,65,12221,77977
2023-05-17 14:35:49,63,64,12221,77977
2023-05-17 14:35:50,64,65,12221,77997
2023-05-17 14:35:50,64,65,12221,78032
2023-05-17 14:35:50,64,65,12421,78232
2023-05-17 14:35:50,64,65,12441,78252
2023-05-17 14:35:50,64,65,12461,78272
2023-05-17 14:35:51,64,65,12461,78327
2023-05-17 14:35:56,62,64,12496,78362
2023-05-17 14:35:56,62,65,12496,78362
2023-05-17 14:35:56,62,64,12496,78362
2023-05-17 14:35:58,62,63,12496,78362
2023-05-17 14:35:58,61,63,12496,78362
2023-05-17 14:36:01,61,63,12521,78432
2023-05-17 14:36:01,61,62,12521,78432
2023-05-17 14:36:01,60,62,12521,78432
2023-05-17 14:36:04,61,62,12521,78432
2023-05-17 14:36:05,60,62,12521,78432
2023-05-17 14:36:06,60,62,12521,78466
2023-05-17 14:36:09,61,62,12521,78466
2023-05-17 14:36:21,63,65,12541,78486
2023-05-17 14:36:21,63,64,12541,78486
2023-05-17 14:36:21,61,64,12695,78640
2023-05-17 14:36:21,61,63,12695,78640
2023-05-17 14:36:21,61,63,12695,78690
2023-05-17 14:36:31,64,65,12751,78746
2023-05-17 14:36:38,62,65,12751,78746
2023-05-17 14:36:41,62,66,12751,78746
2023-05-17 14:36:42,65,66,12751,78746
2023-05-17 14:36:49,63,66,12751,78746
2023-05-17 14:36:53,65,66,12751,78746
2023-05-17 14:36:57,63,65,12854,78849
2023-05-17 14:36:57,63,66,12854,78849
2023-05-17 14:36:57,63,64,12854,78849
2023-05-17 14:36:57,63,64,13023,79049
2023-05-17 14:36:58,61,63,13169,79195
2023-05-17 14:36:58,61,64,13169,79195
2023-05-17 14:36:58,61,63,13169,79195
2023-05-17 14:37:00,60,63,13169,79195
