datetime,bid,ask,open_interest,volume
2023-11-24 09:30:33,4,14,2198,2210
2023-11-24 09:30:34,4,17,2198,2210
2023-11-24 09:30:34,4,20,2198,2210
2023-11-24 09:30:34,4,23,2198,2210
2023-11-24 09:30:34,4,27,2198,2210
2023-11-24 09:30:35,4,15,2198,2210
2023-11-24 09:30:54,4,18,2198,2210
2023-11-24 09:30:54,4,21,2198,2210
2023-11-24 09:30:54,4,24,2198,2210
2023-11-24 09:30:54,4,27,2198,2210
2023-11-24 09:30:54,4,16,2198,2210
2023-11-24 09:31:02,6,16,2198,2210
2023-11-24 09:31:03,6,19,2198,2210
2023-11-24 09:31:03,6,22,2198,2210
2023-11-24 09:31:03,6,25,2198,2210
2023-11-24 09:31:03,6,27,2198,2210
2023-11-24 09:31:04,6,17,2198,2210
2023-11-24 09:31:11,6,20,2198,2210
2023-11-24 09:31:11,6,23,2198,2210
2023-11-24 09:31:11,6,26,2198,2210
2023-11-24 09:31:11,6,27,2198,2210
2023-11-24 09:31:12,6,18,2198,2210
2023-11-24 09:31:29,4,18,2198,2210
2023-11-24 09:31:31,4,17,2198,2210
2023-11-24 09:31:54,4,18,2198,2210
2023-11-24 09:31:55,4,17,2198,2210
2023-11-24 09:31:56,4,18,2198,2210
2023-11-24 09:32:41,4,21,2198,2210
2023-11-24 09:33:32,5,27,2198,2210
2023-11-24 09:33:32,6,27,2198,2210
2023-11-24 09:33:33,5,27,2198,2210
2023-11-24 09:33:37,5,27,2298,2310
2023-11-24 09:33:44,4,27,2298,2310
2023-11-24 09:33:45,5,27,2298,2310
2023-11-24 09:34:14,5,6,2298,2310
2023-11-24 09:34:14,5,6,2398,2410
2023-11-24 09:34:46,4,6,2398,2410
2023-11-24 09:34:46,5,6,2398,2410
2023-11-24 09:35:00,4,6,2398,2410
2023-11-24 09:35:40,4,9,2398,2410
2023-11-24 09:35:40,4,12,2398,2410
2023-11-24 09:35:40,4,15,2398,2410
2023-11-24 09:35:40,4,27,2398,2410
2023-11-24 09:35:41,4,7,2398,2410
2023-11-24 09:36:01,4,10,2398,2410
2023-11-24 09:36:01,4,13,2398,2410
2023-11-24 09:36:01,4,16,2398,2410
2023-11-24 09:36:01,4,27,2398,2410
2023-11-24 09:36:03,4,8,2398,2410
2023-11-24 09:36:07,5,8,2398,2410
2023-11-24 09:36:07,6,8,2398,2410
2023-11-24 09:36:07,7,8,2398,2410
2023-11-24 09:36:44,4,8,2398,2410
2023-11-24 09:36:44,7,8,2398,2410
2023-11-24 09:36:44,4,8,2398,2410
2023-11-24 09:36:44,5,8,2398,2410
2023-11-24 09:36:44,7,8,2398,2410
2023-11-24 09:36:49,4,8,2398,2410
2023-11-24 09:36:49,7,8,2398,2410
2023-11-24 09:36:55,6,8,2398,2410
2023-11-24 09:37:02,5,8,2398,2410
2023-11-24 09:37:07,6,8,2398,2410
2023-11-24 09:37:15,7,8,2398,2410
2023-11-24 09:37:19,4,8,2398,2410
2023-11-24 09:37:19,6,8,2398,2410
2023-11-24 09:37:22,7,8,2398,2410
2023-11-24 09:37:25,7,10,2398,2410
2023-11-24 09:37:31,8,10,2398,2410
2023-11-24 09:37:37,8,11,2398,2410
2023-11-24 09:37:42,8,10,2398,2410
2023-11-24 09:37:50,7,10,2398,2410
2023-11-24 09:37:50,7,27,2398,2410
2023-11-24 09:37:50,4,27,2398,2410
2023-11-24 09:37:50,8,27,2398,2410
2023-11-24 09:37:58,7,10,2398,2410
2023-11-24 09:37:58,4,10,2398,2410
2023-11-24 09:37:58,8,10,2398,2410
2023-11-24 09:38:03,8,11,2398,2410
2023-11-24 09:38:11,8,12,2398,2410
2023-11-24 09:38:15,9,12,2398,2410
2023-11-24 09:38:24,9,17,2398,2410
2023-11-24 09:38:24,9,27,2398,2410
2023-11-24 09:38:24,9,14,2398,2410
2023-11-24 09:38:24,9,18,2398,2410
2023-11-24 09:38:24,9,27,2398,2410
2023-11-24 09:38:24,9,18,2398,2410
2023-11-24 09:38:24,9,14,2398,2410
2023-11-24 09:38:24,9,13,2398,2410
2023-11-24 09:38:24,9,14,2398,2410
2023-11-24 09:38:24,9,13,2398,2410
2023-11-24 09:38:24,9,27,2398,2410
2023-11-24 09:38:24,9,13,2398,2410
2023-11-24 09:38:30,9,12,2398,2410
2023-11-24 09:38:30,10,12,2398,2410
2023-11-24 09:38:44,10,13,2398,2410
2023-11-24 09:38:50,10,14,2398,2410
2023-11-24 09:38:51,10,13,2398,2410
2023-11-24 09:39:00,10,12,2398,2410
2023-11-24 09:39:01,9,12,2398,2410
2023-11-24 09:39:03,10,12,2398,2410
2023-11-24 09:39:03,10,13,2398,2410
2023-11-24 09:39:06,11,13,2398,2410
2023-11-24 09:39:09,11,14,2398,2410
2023-11-24 09:39:11,10,14,2398,2410
2023-11-24 09:39:18,11,14,2398,2410
2023-11-24 09:39:18,11,13,2398,2410
2023-11-24 09:39:19,11,14,2398,2410
2023-11-24 09:39:22,12,14,2398,2410
2023-11-24 09:39:23,11,14,2398,2410
2023-11-24 09:39:24,12,14,2398,2410
2023-11-24 09:39:25,11,14,2398,2410
2023-11-24 09:39:26,11,13,2398,2410
2023-11-24 09:39:32,10,13,2398,2410
2023-11-24 09:39:42,5,13,2398,2410
2023-11-24 09:39:42,4,13,2398,2410
2023-11-24 09:39:42,4,16,2398,2410
2023-11-24 09:39:42,5,16,2398,2410
2023-11-24 09:39:42,5,13,2398,2410
2023-11-24 09:39:42,10,13,2398,2410
2023-11-24 09:39:42,10,16,2398,2410
2023-11-24 09:39:42,5,15,2398,2410
2023-11-24 09:39:42,5,13,2398,2410
2023-11-24 09:39:42,10,13,2398,2410
2023-11-24 09:39:42,10,14,2398,2410
2023-11-24 09:39:42,10,13,2398,2410
2023-11-24 09:39:44,10,12,2398,2410
2023-11-24 09:39:53,5,12,2398,2410
2023-11-24 09:39:53,5,16,2398,2410
2023-11-24 09:39:53,4,16,2398,2410
2023-11-24 09:39:53,10,16,2398,2410
2023-11-24 09:39:53,10,12,2398,2410
2023-11-24 09:40:01,5,12,2398,2410
2023-11-24 09:40:01,4,16,2398,2410
2023-11-24 09:40:01,10,16,2398,2410
2023-11-24 09:40:01,10,12,2398,2410
2023-11-24 09:40:01,4,12,2398,2410
2023-11-24 09:40:01,5,16,2398,2410
2023-11-24 09:40:01,10,15,2398,2410
2023-11-24 09:40:18,11,12,2398,2410
2023-11-24 09:40:18,11,13,2398,2410
2023-11-24 09:40:20,11,14,2398,2410
2023-11-24 09:40:21,11,13,2398,2410
2023-11-24 09:40:24,10,13,2398,2410
2023-11-24 09:40:26,11,13,2398,2410
2023-11-24 09:40:42,11,14,2398,2410
2023-11-24 09:40:45,5,14,2398,2410
2023-11-24 09:40:45,5,27,2398,2410
2023-11-24 09:40:45,5,14,2398,2410
2023-11-24 09:40:45,11,27,2398,2410
2023-11-24 09:40:45,5,27,2398,2410
2023-11-24 09:40:45,11,27,2398,2410
2023-11-24 09:40:45,11,18,2398,2410
2023-11-24 09:40:45,11,14,2398,2410
2023-11-24 09:40:46,11,18,2398,2410
2023-11-24 09:40:46,11,14,2398,2410
2023-11-24 09:40:46,11,27,2398,2410
2023-11-24 09:40:46,11,14,2398,2410
2023-11-24 09:40:53,12,14,2398,2410
2023-11-24 09:40:54,11,14,2398,2410
2023-11-24 09:40:55,7,14,2398,2410
2023-11-24 09:40:55,5,14,2398,2410
2023-11-24 09:40:55,11,14,2398,2410
2023-11-24 09:40:55,5,14,2398,2410
2023-11-24 09:40:55,11,14,2398,2410
2023-11-24 09:40:55,12,14,2398,2410
2023-11-24 09:40:56,12,13,2398,2410
2023-11-24 09:41:00,11,13,2398,2410
2023-11-24 09:41:02,10,13,2398,2410
2023-11-24 09:41:08,5,13,2398,2410
2023-11-24 09:41:08,4,13,2398,2410
2023-11-24 09:41:08,8,13,2398,2410
2023-11-24 09:41:08,6,13,2398,2410
2023-11-24 09:41:08,8,13,2398,2410
2023-11-24 09:41:08,9,13,2398,2410
2023-11-24 09:41:09,4,13,2398,2410
2023-11-24 09:41:09,4,18,2398,2410
2023-11-24 09:41:09,5,18,2398,2410
2023-11-24 09:41:09,5,17,2398,2410
2023-11-24 09:41:20,6,17,2398,2410
2023-11-24 09:41:50,7,17,2398,2410
2023-11-24 09:41:50,7,16,2398,2410
2023-11-24 09:41:50,8,16,2398,2410
2023-11-24 09:41:50,8,15,2398,2410
2023-11-24 09:41:52,9,15,2398,2410
2023-11-24 09:41:56,10,15,2398,2410
2023-11-24 09:41:59,9,15,2398,2410
2023-11-24 09:42:00,10,15,2398,2410
2023-11-24 09:42:01,9,15,2398,2410
2023-11-24 09:42:06,10,15,2398,2410
2023-11-24 09:42:07,9,15,2398,2410
2023-11-24 09:42:07,10,15,2398,2410
2023-11-24 09:42:10,9,15,2398,2410
2023-11-24 09:42:13,9,14,2398,2410
2023-11-24 09:42:14,9,13,2398,2410
2023-11-24 09:42:14,9,12,2398,2410
2023-11-24 09:42:14,9,11,2398,2410
2023-11-24 09:42:36,9,11,2459,2471
2023-11-24 09:43:08,8,11,2459,2471
2023-11-24 09:43:08,8,12,2459,2471
2023-11-24 09:43:08,8,10,2459,2471
2023-11-24 09:43:12,4,10,2459,2471
2023-11-24 09:43:26,5,13,2459,2471
2023-11-24 09:43:26,5,12,2459,2471
2023-11-24 09:43:26,6,12,2459,2471
2023-11-24 09:43:31,6,13,2459,2471
2023-11-24 09:43:37,5,13,2459,2471
2023-11-24 09:43:37,4,15,2459,2471
2023-11-24 09:43:37,4,14,2459,2471
2023-11-24 09:43:37,7,13,2459,2471
2023-11-24 09:43:37,4,13,2459,2471
2023-11-24 09:43:37,4,14,2459,2471
2023-11-24 09:43:37,5,14,2459,2471
2023-11-24 09:43:37,6,14,2459,2471
2023-11-24 09:43:37,6,13,2459,2471
2023-11-24 09:43:46,6,15,2459,2471
2023-11-24 09:43:46,4,15,2459,2471
2023-11-24 09:43:46,7,15,2459,2471
2023-11-24 09:43:46,7,13,2459,2471
2023-11-24 09:43:54,7,14,2459,2471
2023-11-24 09:43:54,7,15,2459,2471
2023-11-24 09:43:54,7,27,2459,2471
2023-11-24 09:43:54,7,16,2459,2471
2023-11-24 09:43:54,7,15,2459,2471
2023-11-24 09:43:56,7,16,2459,2471
2023-11-24 09:43:59,7,17,2459,2471
2023-11-24 09:44:00,7,16,2459,2471
2023-11-24 09:44:10,7,15,2459,2471
2023-11-24 09:44:11,7,16,2459,2471
2023-11-24 09:44:11,7,15,2459,2471
2023-11-24 09:44:13,8,15,2459,2471
2023-11-24 09:44:15,8,14,2459,2471
2023-11-24 09:44:19,8,17,2459,2471
2023-11-24 09:44:19,8,16,2459,2471
2023-11-24 09:44:30,8,15,2459,2471
2023-11-24 09:44:33,9,15,2459,2471
2023-11-24 09:44:33,10,15,2459,2471
2023-11-24 09:44:34,10,14,2459,2471
2023-11-24 09:44:34,10,13,2459,2471
2023-11-24 09:44:35,11,13,2459,2471
2023-11-24 09:44:35,11,14,2459,2471
2023-11-24 09:44:44,11,13,2459,2471
2023-11-24 09:44:46,11,14,2459,2471
2023-11-24 09:44:46,12,14,2459,2471
2023-11-24 09:44:46,12,13,2459,2471
2023-11-24 09:44:46,12,13,2578,2590
2023-11-24 09:44:52,11,13,2622,2634
2023-11-24 09:44:52,12,13,2622,2634
2023-11-24 09:44:56,11,13,2622,2634
2023-11-24 09:44:57,4,13,2622,2634
2023-11-24 09:44:57,8,13,2622,2634
2023-11-24 09:44:57,4,13,2622,2634
2023-11-24 09:44:57,4,17,2622,2634
2023-11-24 09:44:57,4,16,2622,2634
2023-11-24 09:44:57,5,16,2622,2634
2023-11-24 09:44:57,5,15,2622,2634
2023-11-24 09:44:57,5,14,2622,2634
2023-11-24 09:44:58,4,14,2622,2634
2023-11-24 09:44:58,4,16,2622,2634
2023-11-24 09:44:59,4,17,2622,2634
2023-11-24 09:44:59,4,16,2622,2634
2023-11-24 09:45:00,4,17,2622,2634
2023-11-24 09:45:15,4,16,2622,2634
2023-11-24 09:45:27,4,15,2622,2634
2023-11-24 09:45:32,4,27,2622,2634
2023-11-24 09:45:32,4,26,2622,2634
2023-11-24 09:45:51,4,27,2622,2634
2023-11-24 09:45:52,4,26,2622,2634
2023-11-24 09:45:57,5,26,2622,2634
2023-11-24 09:45:59,5,27,2622,2634
2023-11-24 09:45:59,5,26,2622,2634
2023-11-24 09:45:59,5,27,2622,2634
2023-11-24 09:46:00,6,27,2622,2634
2023-11-24 09:46:14,7,27,2622,2634
2023-11-24 09:46:15,7,26,2622,2634
2023-11-24 09:46:15,7,27,2622,2634
2023-11-24 09:46:15,7,25,2622,2634
2023-11-24 09:46:15,7,24,2622,2634
2023-11-24 09:46:18,7,23,2622,2634
2023-11-24 09:46:19,7,22,2622,2634
2023-11-24 09:46:20,7,21,2622,2634
2023-11-24 09:46:20,7,20,2622,2634
2023-11-24 09:46:28,8,20,2622,2634
2023-11-24 09:46:32,9,20,2622,2634
2023-11-24 09:46:39,8,20,2622,2634
2023-11-24 09:46:39,8,20,2769,2781
2023-11-24 09:46:40,8,20,2783,2795
2023-11-24 09:46:59,9,20,2783,2795
2023-11-24 09:47:02,9,14,2783,2795
2023-11-24 09:47:02,9,13,2783,2795
2023-11-24 09:47:02,9,12,2783,2795
2023-11-24 09:47:04,9,14,2783,2795
2023-11-24 09:47:04,7,14,2783,2795
2023-11-24 09:47:04,7,13,2783,2795
2023-11-24 09:47:04,8,13,2783,2795
2023-11-24 09:47:05,8,14,2783,2795
2023-11-24 09:47:05,8,16,2783,2795
2023-11-24 09:47:05,8,15,2783,2795
2023-11-24 09:47:13,4,15,2783,2795
2023-11-24 09:47:13,8,15,2783,2795
2023-11-24 09:47:13,4,15,2783,2795
2023-11-24 09:47:13,5,15,2783,2795
2023-11-24 09:47:14,5,14,2783,2795
2023-11-24 09:47:14,5,13,2783,2795
2023-11-24 09:47:17,5,15,2783,2795
2023-11-24 09:47:17,5,12,2783,2795
2023-11-24 09:47:27,5,11,2783,2795
2023-11-24 09:47:28,5,12,2783,2795
2023-11-24 09:47:29,4,12,2783,2795
2023-11-24 09:47:29,4,14,2783,2795
2023-11-24 09:47:29,4,12,2783,2795
2023-11-24 09:47:29,5,12,2783,2795
2023-11-24 09:47:29,5,13,2783,2795
2023-11-24 09:47:29,5,16,2783,2795
2023-11-24 09:47:29,7,16,2783,2795
2023-11-24 09:47:29,7,12,2783,2795
2023-11-24 09:47:29,8,12,2783,2795
2023-11-24 09:47:29,9,12,2783,2795
2023-11-24 09:47:30,10,12,2783,2795
2023-11-24 09:47:32,9,12,2783,2795
2023-11-24 09:47:32,4,12,2783,2795
2023-11-24 09:47:32,4,16,2783,2795
2023-11-24 09:47:32,10,16,2783,2795
2023-11-24 09:47:32,10,12,2783,2795
2023-11-24 09:47:35,10,16,2783,2795
2023-11-24 09:47:35,8,16,2783,2795
2023-11-24 09:47:35,4,16,2783,2795
2023-11-24 09:47:35,9,16,2783,2795
2023-11-24 09:47:35,10,16,2783,2795
2023-11-24 09:47:35,10,14,2783,2795
2023-11-24 09:47:35,10,12,2783,2795
2023-11-24 09:47:35,9,12,2783,2795
2023-11-24 09:47:35,4,16,2783,2795
2023-11-24 09:47:35,4,15,2783,2795
2023-11-24 09:47:35,5,15,2783,2795
2023-11-24 09:47:35,5,14,2783,2795
2023-11-24 09:47:35,8,14,2783,2795
2023-11-24 09:47:35,9,14,2783,2795
2023-11-24 09:47:35,8,14,2783,2795
2023-11-24 09:47:35,5,14,2783,2795
2023-11-24 09:47:35,9,14,2783,2795
2023-11-24 09:47:35,10,14,2783,2795
2023-11-24 09:47:35,8,13,2783,2795
2023-11-24 09:47:35,5,13,2783,2795
2023-11-24 09:47:36,9,13,2783,2795
2023-11-24 09:47:36,10,12,2783,2795
2023-11-24 09:47:37,10,15,2783,2795
2023-11-24 09:47:37,10,14,2783,2795
2023-11-24 09:47:38,10,13,2783,2795
2023-11-24 09:47:38,10,12,2783,2795
2023-11-24 09:47:38,10,15,2783,2795
2023-11-24 09:47:38,10,14,2783,2795
2023-11-24 09:47:38,10,13,2783,2795
2023-11-24 09:47:38,10,12,2783,2795
2023-11-24 09:47:39,10,14,2783,2795
2023-11-24 09:47:39,10,13,2783,2795
2023-11-24 09:47:39,10,12,2783,2795
2023-11-24 09:47:39,10,15,2783,2795
2023-11-24 09:47:39,10,13,2783,2795
2023-11-24 09:47:40,10,12,2783,2795
2023-11-24 09:47:40,10,14,2783,2795
2023-11-24 09:47:40,10,13,2783,2795
2023-11-24 09:47:40,10,12,2783,2795
2023-11-24 09:47:40,10,14,2783,2795
2023-11-24 09:47:41,10,13,2783,2795
2023-11-24 09:47:41,10,12,2783,2795
2023-11-24 09:47:41,8,12,2783,2795
2023-11-24 09:47:41,9,12,2783,2795
2023-11-24 09:47:45,10,12,2783,2795
2023-11-24 09:47:55,4,12,2783,2795
2023-11-24 09:47:55,10,12,2783,2795
2023-11-24 09:47:55,4,12,2783,2795
2023-11-24 09:47:55,9,12,2783,2795
2023-11-24 09:47:55,10,12,2783,2795
2023-11-24 09:47:58,11,12,2783,2795
2023-11-24 09:48:01,10,12,2783,2795
2023-11-24 09:48:08,9,12,2783,2795
2023-11-24 09:48:09,10,12,2783,2795
2023-11-24 09:48:14,8,12,2901,2913
2023-11-24 09:48:14,9,12,2901,2913
2023-11-24 09:48:16,9,13,2901,2913
2023-11-24 09:48:16,9,17,2901,2913
2023-11-24 09:48:16,10,17,2901,2913
2023-11-24 09:48:16,10,15,2901,2913
2023-11-24 09:48:16,10,13,2901,2913
2023-11-24 09:48:16,10,16,2901,2913
2023-11-24 09:48:16,10,17,2901,2913
2023-11-24 09:48:16,10,13,2901,2913
2023-11-24 09:48:16,10,15,2901,2913
2023-11-24 09:48:16,10,13,2901,2913
2023-11-24 09:48:16,10,15,2901,2913
2023-11-24 09:48:16,10,13,2901,2913
2023-11-24 09:48:17,10,14,2901,2913
2023-11-24 09:48:17,10,15,2901,2913
2023-11-24 09:48:17,10,13,2901,2913
2023-11-24 09:48:27,10,12,2901,2913
2023-11-24 09:48:27,10,11,2901,2913
2023-11-24 09:48:27,10,13,2901,2913
2023-11-24 09:48:27,10,12,2901,2913
2023-11-24 09:48:40,11,12,2901,2913
2023-11-24 09:48:40,10,12,2901,2913
2023-11-24 09:48:46,11,12,2901,2913
2023-11-24 09:48:48,10,12,2901,2913
2023-11-24 09:48:52,9,12,2901,2913
2023-11-24 09:48:57,7,12,2901,2913
2023-11-24 09:48:57,8,12,2901,2913
2023-11-24 09:49:03,8,11,2901,2913
2023-11-24 09:49:04,8,12,2901,2913
2023-11-24 09:49:05,8,11,2901,2913
2023-11-24 09:49:06,8,12,2901,2913
2023-11-24 09:49:06,8,11,2901,2913
2023-11-24 09:49:07,4,11,2901,2913
2023-11-24 09:49:07,4,14,2901,2913
2023-11-24 09:49:07,4,17,2901,2913
2023-11-24 09:49:07,4,12,2901,2913
2023-11-24 09:49:07,7,12,2901,2913
2023-11-24 09:49:07,9,12,2901,2913
2023-11-24 09:49:07,4,11,2901,2913
2023-11-24 09:49:07,4,13,2901,2913
2023-11-24 09:49:07,5,16,2901,2913
2023-11-24 09:49:07,7,16,2901,2913
2023-11-24 09:49:07,7,12,2901,2913
2023-11-24 09:49:07,7,15,2901,2913
2023-11-24 09:49:07,5,15,2901,2913
2023-11-24 09:49:07,4,15,2901,2913
2023-11-24 09:49:07,4,13,2901,2913
2023-11-24 09:49:07,8,12,2901,2913
2023-11-24 09:49:07,4,11,2901,2913
2023-11-24 09:49:07,4,12,2901,2913
2023-11-24 09:49:07,9,11,2901,2913
2023-11-24 09:49:08,9,12,2901,2913
2023-11-24 09:49:08,4,12,2901,2913
2023-11-24 09:49:08,4,13,2901,2913
2023-11-24 09:49:08,9,16,2901,2913
2023-11-24 09:49:08,9,12,2901,2913
2023-11-24 09:49:08,9,12,2901,2913
2023-11-24 09:49:08,4,16,2901,2913
2023-11-24 09:49:08,4,15,2901,2913
2023-11-24 09:49:08,5,13,2901,2913
2023-11-24 09:49:08,7,12,2901,2913
2023-11-24 09:49:08,5,12,2901,2913
2023-11-24 09:49:08,5,15,2901,2913
2023-11-24 09:49:08,4,15,2901,2913
2023-11-24 09:49:08,8,15,2901,2913
2023-11-24 09:49:08,8,12,2901,2913
2023-11-24 09:49:08,8,11,2901,2913
2023-11-24 09:49:08,7,11,2901,2913
2023-11-24 09:49:08,7,13,2901,2913
2023-11-24 09:49:08,7,16,2901,2913
2023-11-24 09:49:08,7,16,2901,2913
2023-11-24 09:49:08,7,11,2901,2913
2023-11-24 09:49:08,9,11,2901,2913
2023-11-24 09:49:08,7,11,2901,2913
2023-11-24 09:49:08,7,16,2901,2913
2023-11-24 09:49:08,7,15,2901,2913
2023-11-24 09:49:08,8,15,2901,2913
2023-11-24 09:49:08,8,12,2901,2913
2023-11-24 09:49:08,8,11,2901,2913
2023-11-24 09:49:08,7,11,2901,2913
2023-11-24 09:49:12,9,12,2901,2913
2023-11-24 09:49:12,4,16,2901,2913
2023-11-24 09:49:12,4,16,2901,2913
2023-11-24 09:49:12,4,12,2901,2913
2023-11-24 09:49:12,9,11,2901,2913
2023-11-24 09:49:21,9,12,2901,2913
2023-11-24 09:49:25,9,12,2901,2913
2023-11-24 09:49:28,10,12,2901,2913
2023-11-24 09:49:30,10,13,2901,2913
2023-11-24 09:49:30,10,17,2901,2913
2023-11-24 09:49:30,10,15,2901,2913
2023-11-24 09:49:30,10,13,2901,2913
2023-11-24 09:49:30,10,17,2901,2913
2023-11-24 09:49:30,10,13,2901,2913
2023-11-24 09:49:30,10,15,2901,2913
2023-11-24 09:49:30,10,17,2901,2913
2023-11-24 09:49:30,10,13,2901,2913
2023-11-24 09:49:30,10,15,2901,2913
2023-11-24 09:49:30,10,17,2901,2913
2023-11-24 09:49:30,10,16,2901,2913
2023-11-24 09:49:31,10,15,2901,2913
2023-11-24 09:49:31,10,14,2901,2913
2023-11-24 09:49:31,8,14,2901,2913
2023-11-24 09:49:31,9,14,2901,2913
2023-11-24 09:49:36,10,14,2901,2913
2023-11-24 09:49:37,10,14,3077,3089
2023-11-24 09:49:45,10,13,3077,3089
2023-11-24 09:49:47,9,13,3077,3089
2023-11-24 09:49:47,11,13,3077,3089
2023-11-24 09:49:54,11,27,3077,3089
2023-11-24 09:49:54,4,27,3077,3089
2023-11-24 09:49:54,11,27,3077,3089
2023-11-24 09:49:54,10,13,3077,3089
2023-11-24 09:49:54,9,13,3077,3089
2023-11-24 09:49:54,5,13,3077,3089
2023-11-24 09:49:54,5,13,3077,3089
2023-11-24 09:49:54,11,13,3077,3089
2023-11-24 09:49:54,11,27,3077,3089
2023-11-24 09:49:54,11,27,3077,3089
2023-11-24 09:49:54,11,13,3077,3089
2023-11-24 09:49:54,11,14,3077,3089
2023-11-24 09:49:54,5,26,3077,3089
2023-11-24 09:49:54,6,26,3077,3089
2023-11-24 09:49:55,6,13,3077,3089
2023-11-24 09:49:55,10,13,3077,3089
2023-11-24 09:49:55,6,13,3077,3089
2023-11-24 09:49:55,6,25,3077,3089
2023-11-24 09:49:55,6,14,3077,3089
2023-11-24 09:49:55,11,13,3077,3089
2023-11-24 09:49:55,10,13,3077,3089
2023-11-24 09:49:55,11,13,3077,3089
2023-11-24 09:49:57,10,13,3077,3089
2023-11-24 09:50:00,11,13,3077,3089
2023-11-24 09:50:02,11,14,3077,3089
2023-11-24 09:50:05,11,13,3077,3089
2023-11-24 09:50:13,11,14,3077,3089
2023-11-24 09:50:15,11,13,3077,3089
2023-11-24 09:50:16,11,14,3077,3089
2023-11-24 09:50:17,12,14,3077,3089
2023-11-24 09:50:20,11,14,3077,3089
2023-11-24 09:50:22,12,14,3077,3089
2023-11-24 09:50:23,11,14,3077,3089
2023-11-24 09:50:24,12,14,3077,3089
2023-11-24 09:50:25,12,16,3077,3089
2023-11-24 09:50:25,12,15,3077,3089
2023-11-24 09:50:26,12,14,3077,3089
2023-11-24 09:50:38,12,13,3077,3089
2023-11-24 09:50:38,11,13,3077,3089
2023-11-24 09:50:42,9,13,3077,3089
2023-11-24 09:50:42,10,13,3077,3089
2023-11-24 09:50:43,10,15,3077,3089
2023-11-24 09:50:43,10,14,3077,3089
2023-11-24 09:50:45,8,14,3077,3089
2023-11-24 09:50:45,5,14,3077,3089
2023-11-24 09:50:45,5,14,3077,3089
2023-11-24 09:50:53,5,13,3077,3089
2023-11-24 09:50:54,5,12,3077,3089
2023-11-24 09:50:55,5,13,3077,3089
2023-11-24 09:50:57,5,12,3077,3089
2023-11-24 09:51:02,5,13,3077,3089
2023-11-24 09:51:07,5,15,3077,3089
2023-11-24 09:51:07,5,14,3077,3089
2023-11-24 09:51:17,5,13,3077,3089
2023-11-24 09:51:20,5,14,3077,3089
2023-11-24 09:51:20,5,13,3077,3089
2023-11-24 09:51:21,5,14,3077,3089
2023-11-24 09:51:21,5,13,3077,3089
2023-11-24 09:51:27,5,14,3077,3089
2023-11-24 09:51:27,4,16,3077,3089
2023-11-24 09:51:27,4,13,3077,3089
2023-11-24 09:51:27,6,13,3077,3089
2023-11-24 09:51:27,6,14,3077,3089
2023-11-24 09:51:27,6,15,3077,3089
2023-11-24 09:51:27,4,15,3077,3089
2023-11-24 09:51:27,4,13,3077,3089
2023-11-24 09:51:27,7,13,3077,3089
2023-11-24 09:51:30,8,13,3077,3089
2023-11-24 09:51:30,9,13,3077,3089
2023-11-24 09:51:30,10,13,3077,3089
2023-11-24 09:51:30,11,13,3077,3089
2023-11-24 09:51:31,10,13,3077,3089
2023-11-24 09:51:41,10,12,3077,3089
2023-11-24 09:51:45,8,12,3077,3089
2023-11-24 09:51:45,9,12,3077,3089
2023-11-24 09:51:45,10,12,3077,3089
2023-11-24 09:51:46,9,12,3077,3089
2023-11-24 09:51:49,4,12,3077,3089
2023-11-24 09:51:49,7,12,3077,3089
2023-11-24 09:51:49,5,12,3077,3089
2023-11-24 09:51:49,7,12,3077,3089
2023-11-24 09:51:49,8,12,3077,3089
2023-11-24 09:51:49,7,12,3077,3089
2023-11-24 09:51:49,4,12,3077,3089
2023-11-24 09:51:49,7,12,3077,3089
2023-11-24 09:51:49,8,12,3077,3089
2023-11-24 09:51:49,4,12,3077,3089
2023-11-24 09:51:49,7,12,3077,3089
2023-11-24 09:51:49,8,12,3077,3089
2023-11-24 09:51:52,4,12,3077,3089
2023-11-24 09:51:52,6,12,3077,3089
2023-11-24 09:51:52,7,12,3077,3089
2023-11-24 09:52:01,8,12,3077,3089
2023-11-24 09:52:01,9,12,3077,3089
2023-11-24 09:52:02,8,12,3077,3089
2023-11-24 09:52:03,9,12,3077,3089
2023-11-24 09:52:06,9,11,3077,3089
2023-11-24 09:52:09,9,12,3077,3089
2023-11-24 09:52:11,9,11,3077,3089
2023-11-24 09:52:13,9,12,3077,3089
2023-11-24 09:52:13,7,12,3077,3089
2023-11-24 09:52:13,7,13,3077,3089
2023-11-24 09:52:13,4,13,3077,3089
2023-11-24 09:52:13,9,16,3077,3089
2023-11-24 09:52:13,9,12,3077,3089
2023-11-24 09:52:13,7,11,3077,3089
2023-11-24 09:52:13,7,12,3077,3089
2023-11-24 09:52:13,4,12,3077,3089
2023-11-24 09:52:13,4,16,3077,3089
2023-11-24 09:52:13,9,16,3077,3089
2023-11-24 09:52:13,9,12,3077,3089
2023-11-24 09:52:13,9,11,3077,3089
2023-11-24 09:52:13,9,12,3077,3089
2023-11-24 09:52:13,4,16,3077,3089
2023-11-24 09:52:13,4,13,3077,3089
2023-11-24 09:52:13,7,12,3077,3089
2023-11-24 09:52:13,9,11,3077,3089
2023-11-24 09:52:13,7,11,3077,3089
2023-11-24 09:52:13,4,11,3077,3089
2023-11-24 09:52:13,5,11,3077,3089
2023-11-24 09:52:13,7,11,3077,3089
2023-11-24 09:52:14,5,11,3077,3089
2023-11-24 09:52:14,8,11,3077,3089
2023-11-24 09:52:14,7,11,3077,3089
2023-11-24 09:52:14,7,11,3077,3089
2023-11-24 09:52:14,9,11,3077,3089
2023-11-24 09:52:14,4,11,3077,3089
2023-11-24 09:52:14,9,11,3077,3089
2023-11-24 09:52:19,9,12,3077,3089
2023-11-24 09:52:19,10,12,3077,3089
2023-11-24 09:52:19,10,11,3077,3089
2023-11-24 09:52:20,10,12,3077,3089
2023-11-24 09:52:20,10,14,3077,3089
2023-11-24 09:52:20,10,15,3077,3089
2023-11-24 09:52:20,10,13,3077,3089
2023-11-24 09:52:20,10,14,3077,3089
2023-11-24 09:52:20,10,12,3077,3089
2023-11-24 09:52:20,10,14,3077,3089
2023-11-24 09:52:20,10,13,3077,3089
2023-11-24 09:52:22,10,12,3077,3089
2023-11-24 09:52:22,9,12,3077,3089
2023-11-24 09:52:25,10,12,3077,3089
2023-11-24 09:52:29,9,12,3077,3089
2023-11-24 09:52:31,10,12,3077,3089
2023-11-24 09:52:33,9,12,3077,3089
2023-11-24 09:52:33,10,12,3077,3089
2023-11-24 09:52:35,10,11,3077,3089
2023-11-24 09:52:36,9,11,3077,3089
2023-11-24 09:52:37,10,11,3077,3089
2023-11-24 09:52:40,9,12,3077,3089
2023-11-24 09:52:40,9,11,3077,3089
2023-11-24 09:52:46,9,12,3077,3089
2023-11-24 09:52:48,10,12,3077,3089
2023-11-24 09:52:49,7,12,3077,3089
2023-11-24 09:52:49,4,12,3077,3089
2023-11-24 09:52:49,4,16,3077,3089
2023-11-24 09:52:49,8,16,3077,3089
2023-11-24 09:52:49,8,13,3077,3089
2023-11-24 09:52:49,8,12,3077,3089
2023-11-24 09:52:49,5,12,3077,3089
2023-11-24 09:52:49,5,26,3077,3089
2023-11-24 09:52:49,5,12,3077,3089
2023-11-24 09:52:49,8,12,3077,3089
2023-11-24 09:52:49,9,12,3077,3089
2023-11-24 09:52:49,8,12,3077,3089
2023-11-24 09:52:49,5,12,3077,3089
2023-11-24 09:52:49,9,12,3077,3089
2023-11-24 09:52:49,8,12,3077,3089
2023-11-24 09:52:49,9,12,3077,3089
2023-11-24 09:52:50,5,12,3077,3089
2023-11-24 09:52:50,9,12,3077,3089
2023-11-24 09:52:50,10,12,3077,3089
2023-11-24 09:52:51,10,11,3077,3089
2023-11-24 09:52:53,9,10,3077,3089
2023-11-24 09:53:00,4,10,3077,3089
2023-11-24 09:53:00,9,10,3077,3089
2023-11-24 09:53:44,4,10,3077,3089
2023-11-24 09:53:44,7,10,3077,3089
2023-11-24 09:53:44,9,10,3077,3089
2023-11-24 09:53:44,4,10,3077,3089
2023-11-24 09:53:44,5,10,3077,3089
2023-11-24 09:53:44,7,10,3077,3089
2023-11-24 09:53:44,5,10,3077,3089
2023-11-24 09:53:44,8,10,3077,3089
2023-11-24 09:53:44,4,10,3077,3089
2023-11-24 09:53:44,7,10,3077,3089
2023-11-24 09:53:44,9,10,3077,3089
2023-11-24 09:53:45,7,10,3077,3089
2023-11-24 09:53:45,4,10,3077,3089
2023-11-24 09:53:45,5,10,3077,3089
2023-11-24 09:53:45,7,10,3077,3089
2023-11-24 09:53:45,5,10,3077,3089
2023-11-24 09:53:45,4,10,3077,3089
2023-11-24 09:53:45,7,10,3077,3089
2023-11-24 09:53:45,7,10,3077,3089
2023-11-24 09:53:45,9,10,3077,3089
2023-11-24 09:54:02,8,10,3077,3089
2023-11-24 09:54:30,9,10,3077,3089
2023-11-24 09:55:06,7,10,3077,3089
2023-11-24 09:55:06,9,10,3077,3089
2023-11-24 09:55:06,8,10,3077,3089
2023-11-24 09:55:06,4,10,3077,3089
2023-11-24 09:55:06,5,10,3077,3089
2023-11-24 09:55:06,8,10,3077,3089
2023-11-24 09:55:06,7,10,3077,3089
2023-11-24 09:55:06,5,10,3077,3089
2023-11-24 09:55:06,6,10,3077,3089
2023-11-24 09:55:06,9,10,3077,3089
2023-11-24 09:55:07,6,10,3077,3089
2023-11-24 09:55:07,9,10,3077,3089
2023-11-24 09:55:07,8,10,3077,3089
2023-11-24 09:55:07,8,10,3077,3089
2023-11-24 09:55:07,9,10,3077,3089
2023-11-24 09:55:07,8,10,3077,3089
2023-11-24 09:55:07,6,10,3077,3089
2023-11-24 09:55:07,9,10,3077,3089
2023-11-24 09:55:07,8,10,3077,3089
2023-11-24 09:55:07,6,10,3077,3089
2023-11-24 09:55:07,7,10,3077,3089
2023-11-24 09:55:07,8,10,3077,3089
2023-11-24 09:55:07,9,10,3077,3089
2023-11-24 09:55:10,8,10,3077,3089
2023-11-24 09:55:13,6,10,3077,3089
2023-11-24 09:55:13,7,10,3077,3089
2023-11-24 09:55:13,8,10,3077,3089
2023-11-24 09:55:19,6,10,3077,3089
2023-11-24 09:55:19,7,10,3077,3089
2023-11-24 09:55:25,8,10,3077,3089
2023-11-24 09:55:39,8,9,3077,3089
2023-11-24 09:55:40,8,10,3077,3089
2023-11-24 09:55:41,8,9,3077,3089
2023-11-24 09:55:42,8,10,3077,3089
2023-11-24 09:55:45,8,9,3077,3089
2023-11-24 09:55:48,8,10,3077,3089
2023-11-24 09:55:51,4,10,3077,3089
2023-11-24 09:55:51,6,10,3077,3089
2023-11-24 09:55:51,8,10,3077,3089
2023-11-24 09:55:54,8,9,3077,3089
2023-11-24 09:56:02,7,9,3077,3089
2023-11-24 09:56:06,8,9,3077,3089
2023-11-24 09:56:10,8,10,3077,3089
2023-11-24 09:56:11,8,9,3077,3089
2023-11-24 09:56:15,7,9,3077,3089
2023-11-24 09:56:31,6,9,3077,3089
2023-11-24 09:56:32,6,10,3077,3089
2023-11-24 09:56:36,4,10,3077,3089
2023-11-24 09:56:36,5,10,3077,3089
2023-11-24 09:56:38,5,9,3077,3089
2023-11-24 09:56:40,5,8,3077,3089
2023-11-24 09:56:42,6,8,3077,3089
2023-11-24 09:56:53,6,10,3077,3089
2023-11-24 09:56:53,4,10,3077,3089
2023-11-24 09:56:53,6,10,3077,3089
2023-11-24 09:56:53,6,9,3077,3089
2023-11-24 09:56:53,6,8,3077,3089
2023-11-24 09:56:53,5,8,3077,3089
2023-11-24 09:56:53,5,9,3077,3089
2023-11-24 09:56:53,5,8,3077,3089
2023-11-24 09:56:53,6,8,3077,3089
2023-11-24 09:56:57,6,7,3077,3089
2023-11-24 09:56:58,6,8,3077,3089
2023-11-24 09:57:15,6,7,3077,3089
2023-11-24 09:57:16,6,8,3077,3089
2023-11-24 09:57:17,6,7,3077,3089
2023-11-24 09:57:17,6,8,3077,3089
2023-11-24 09:57:18,6,7,3077,3089
2023-11-24 09:57:19,6,8,3077,3089
2023-11-24 09:57:20,6,7,3077,3089
2023-11-24 09:57:29,6,7,3179,3191
2023-11-24 09:57:29,5,7,3179,3191
2023-11-24 09:57:29,5,7,3179,3191
2023-11-24 09:57:39,4,7,3179,3191
2023-11-24 09:57:39,4,9,3179,3191
2023-11-24 09:57:39,4,7,3179,3191
2023-11-24 09:57:39,5,7,3179,3191
2023-11-24 09:57:39,5,8,3179,3191
2023-11-24 09:57:39,5,7,3179,3191
2023-11-24 09:57:49,4,7,3179,3191
2023-11-24 09:57:49,4,9,3179,3191
2023-11-24 09:57:49,5,9,3179,3191
2023-11-24 09:57:49,5,7,3179,3191
2023-11-24 09:58:02,5,8,3179,3191
2023-11-24 09:58:02,4,8,3179,3191
2023-11-24 09:58:02,4,9,3179,3191
2023-11-24 09:58:02,4,8,3179,3191
2023-11-24 09:58:02,5,7,3179,3191
2023-11-24 09:58:02,6,7,3179,3191
2023-11-24 09:58:03,5,7,3179,3191
2023-11-24 09:58:14,6,7,3179,3191
2023-11-24 09:58:16,6,8,3179,3191
2023-11-24 09:58:23,6,9,3179,3191
2023-11-24 09:58:26,6,8,3179,3191
2023-11-24 09:58:27,5,8,3179,3191
2023-11-24 09:58:29,6,8,3179,3191
2023-11-24 09:58:33,5,8,3179,3191
2023-11-24 09:58:33,5,10,3179,3191
2023-11-24 09:58:33,4,9,3179,3191
2023-11-24 09:58:33,5,9,3179,3191
2023-11-24 09:58:33,5,8,3179,3191
2023-11-24 09:58:39,5,8,3179,3191
2023-11-24 09:58:41,6,8,3179,3191
2023-11-24 09:58:41,6,7,3179,3191
2023-11-24 09:58:44,5,7,3179,3191
2023-11-24 09:58:44,6,7,3179,3191
2023-11-24 09:58:45,5,7,3179,3191
2023-11-24 09:58:53,6,7,3179,3191
2023-11-24 09:59:04,6,8,3179,3191
2023-11-24 09:59:10,6,7,3179,3191
2023-11-24 09:59:12,6,8,3179,3191
2023-11-24 09:59:21,4,8,3179,3191
2023-11-24 09:59:21,4,10,3179,3191
2023-11-24 09:59:21,4,8,3179,3191
2023-11-24 09:59:21,6,8,3179,3191
2023-11-24 09:59:21,6,10,3179,3191
2023-11-24 09:59:21,4,9,3179,3191
2023-11-24 09:59:21,6,9,3179,3191
2023-11-24 09:59:21,4,9,3179,3191
2023-11-24 09:59:21,6,9,3179,3191
2023-11-24 09:59:21,4,9,3179,3191
2023-11-24 09:59:21,6,9,3179,3191
2023-11-24 09:59:22,6,8,3179,3191
2023-11-24 09:59:22,4,8,3179,3191
2023-11-24 09:59:22,6,8,3179,3191
2023-11-24 09:59:31,6,9,3179,3191
2023-11-24 09:59:44,6,8,3179,3191
2023-11-24 09:59:54,6,10,3179,3191
2023-11-24 09:59:54,4,8,3179,3191
2023-11-24 10:00:02,4,7,3179,3191
2023-11-24 10:00:03,4,10,3179,3191
2023-11-24 10:00:03,4,9,3179,3191
2023-11-24 10:00:03,4,8,3179,3191
2023-11-24 10:00:05,4,9,3179,3191
2023-11-24 10:00:05,4,10,3179,3191
2023-11-24 10:00:05,4,8,3179,3191
2023-11-24 10:00:12,4,7,3179,3191
2023-11-24 10:00:36,4,6,3179,3191
2023-11-24 10:00:37,4,7,3179,3191
2023-11-24 10:00:45,4,6,3179,3191
2023-11-24 10:00:47,4,6,3268,3380
2023-11-24 10:00:55,4,7,3268,3380
2023-11-24 10:01:00,4,6,3268,3380
2023-11-24 10:01:01,4,7,3268,3380
2023-11-24 10:01:01,4,6,3268,3380
2023-11-24 10:01:06,4,7,3268,3380
2023-11-24 10:01:06,4,6,3268,3380
2023-11-24 10:01:06,5,6,3268,3380
2023-11-24 10:01:08,5,7,3268,3380
2023-11-24 10:01:09,5,6,3268,3380
2023-11-24 10:01:10,5,7,3268,3380
2023-11-24 10:01:11,5,6,3268,3380
2023-11-24 10:01:16,5,7,3268,3380
2023-11-24 10:01:16,5,8,3268,3380
2023-11-24 10:01:16,4,7,3268,3380
2023-11-24 10:01:16,4,6,3268,3380
2023-11-24 10:01:16,5,7,3268,3380
2023-11-24 10:01:16,5,10,3268,3380
2023-11-24 10:01:16,5,9,3268,3380
2023-11-24 10:01:16,5,7,3268,3380
2023-11-24 10:01:16,5,9,3268,3380
2023-11-24 10:01:16,5,6,3268,3380
2023-11-24 10:01:16,5,7,3268,3380
2023-11-24 10:01:16,5,9,3268,3380
2023-11-24 10:01:16,5,7,3268,3380
2023-11-24 10:01:17,5,7,3268,3380
2023-11-24 10:01:17,5,9,3268,3380
2023-11-24 10:01:17,5,6,3268,3380
2023-11-24 10:01:25,5,7,3268,3380
2023-11-24 10:01:26,5,6,3268,3380
2023-11-24 10:01:27,5,7,3268,3380
2023-11-24 10:01:28,5,6,3268,3380
2023-11-24 10:01:31,5,7,3268,3380
2023-11-24 10:01:33,4,7,3268,3380
2023-11-24 10:01:33,4,10,3268,3380
2023-11-24 10:01:33,4,9,3268,3380
2023-11-24 10:01:33,5,9,3268,3380
2023-11-24 10:01:33,5,8,3268,3380
2023-11-24 10:01:33,5,7,3268,3380
2023-11-24 10:01:34,5,7,3375,3487
2023-11-24 10:01:47,5,8,3375,3487
2023-11-24 10:01:47,5,9,3375,3487
2023-11-24 10:01:47,5,10,3375,3487
2023-11-24 10:01:47,5,9,3375,3487
2023-11-24 10:01:48,5,8,3375,3487
2023-11-24 10:01:51,5,7,3375,3487
2023-11-24 10:01:59,4,7,3375,3487
2023-11-24 10:01:59,4,7,3375,3487
2023-11-24 10:03:01,4,8,3375,3487
2023-11-24 10:03:01,4,10,3375,3487
2023-11-24 10:03:01,4,9,3375,3487
2023-11-24 10:03:01,4,8,3375,3487
2023-11-24 10:03:01,4,7,3375,3487
2023-11-24 10:03:32,4,10,3375,3487
2023-11-24 10:03:32,4,9,3375,3487
2023-11-24 10:03:32,4,7,3375,3487
2023-11-24 10:03:32,4,8,3375,3487
2023-11-24 10:03:32,4,7,3375,3487
2023-11-24 10:04:08,4,6,3375,3487
2023-11-24 10:04:22,4,7,3375,3487
2023-11-24 10:04:24,4,6,3375,3487
2023-11-24 10:04:27,4,7,3375,3487
2023-11-24 10:04:48,4,6,3375,3487
2023-11-24 10:05:11,4,7,3375,3487
2023-11-24 10:05:40,4,8,3375,3487
2023-11-24 10:05:43,4,7,3375,3487
2023-11-24 10:05:59,4,8,3375,3487
2023-11-24 10:06:08,4,7,3375,3487
2023-11-24 10:06:19,4,6,3375,3487
2023-11-24 10:08:27,4,5,3375,3487
2023-11-24 10:08:31,4,6,4375,4487
2023-11-24 10:11:51,4,5,4375,4487
2023-11-24 10:13:27,3,5,4536,4648
2023-11-24 10:13:49,3,9,4536,4648
2023-11-24 10:13:49,3,8,4536,4648
2023-11-24 10:13:49,3,7,4536,4648
2023-11-24 10:13:55,3,8,4536,4648
2023-11-24 10:14:21,4,8,4536,4648
2023-11-24 10:14:22,4,10,4536,4648
2023-11-24 10:14:22,4,9,4536,4648
2023-11-24 10:14:25,4,10,4536,4648
2023-11-24 10:14:42,4,9,4536,4648
2023-11-24 10:14:56,4,10,4536,4648
2023-11-24 10:15:35,5,10,4536,4648
2023-11-24 10:15:43,5,9,4536,4648
2023-11-24 10:16:29,5,8,4536,4648
2023-11-24 10:16:32,5,9,4536,4648
2023-11-24 10:16:33,5,8,4536,4648
2023-11-24 10:16:35,5,9,4536,4648
2023-11-24 10:20:17,5,8,4536,4648
2023-11-24 10:20:18,5,9,4536,4648
2023-11-24 10:20:32,5,8,4536,4648
2023-11-24 10:20:34,5,9,4536,4648
2023-11-24 10:20:53,5,8,4536,4648
2023-11-24 10:21:37,5,7,4536,4648
2023-11-24 10:21:39,5,8,4536,4648
2023-11-24 10:21:46,5,7,4536,4648
2023-11-24 10:21:59,5,9,4536,4648
2023-11-24 10:21:59,5,7,4536,4648
2023-11-24 10:22:04,5,9,4536,4648
2023-11-24 10:22:04,5,8,4536,4648
2023-11-24 10:22:04,5,7,4536,4648
2023-11-24 10:22:07,5,8,4536,4648
2023-11-24 10:22:19,5,9,4536,4648
2023-11-24 10:22:19,5,8,4536,4648
2023-11-24 10:22:20,5,9,4536,4648
2023-11-24 10:22:20,5,8,4536,4648
2023-11-24 10:22:24,5,9,4536,4648
2023-11-24 10:22:32,4,9,4536,4648
2023-11-24 10:22:50,4,8,4536,4648
2023-11-24 10:22:52,4,9,4536,4648
2023-11-24 10:22:52,4,8,4536,4648
2023-11-24 10:22:53,4,9,4536,4648
2023-11-24 10:23:01,4,10,4536,4648
2023-11-24 10:23:36,4,9,4536,4648
2023-11-24 10:23:39,4,10,4536,4648
2023-11-24 10:23:40,4,9,4536,4648
2023-11-24 10:23:42,4,10,4536,4648
2023-11-24 10:23:53,4,9,4536,4648
2023-11-24 10:23:55,4,10,4536,4648
2023-11-24 10:24:00,4,9,4536,4648
2023-11-24 10:24:04,4,10,4536,4648
2023-11-24 10:24:04,4,9,4536,4648
2023-11-24 10:25:00,4,10,4536,4648
2023-11-24 10:25:10,4,12,4536,4648
2023-11-24 10:25:10,4,17,4536,4648
2023-11-24 10:25:10,4,15,4536,4648
2023-11-24 10:26:03,4,11,4536,4648
2023-11-24 10:26:03,4,17,4536,4648
2023-11-24 10:26:03,4,11,4536,4648
2023-11-24 10:26:03,4,10,4536,4648
2023-11-24 10:26:37,4,11,4536,4648
2023-11-24 10:26:38,4,15,4536,4648
2023-11-24 10:26:38,4,14,4536,4648
2023-11-24 10:26:38,4,13,4536,4648
2023-11-24 10:26:38,4,12,4536,4648
2023-11-24 10:26:38,4,13,4536,4648
2023-11-24 10:26:39,4,15,4536,4648
2023-11-24 10:26:39,4,17,4536,4648
2023-11-24 10:26:39,4,13,4536,4648
2023-11-24 10:26:39,4,18,4536,4648
2023-11-24 10:26:39,4,16,4536,4648
2023-11-24 10:26:39,4,17,4536,4648
2023-11-24 10:26:39,4,15,4536,4648
2023-11-24 10:26:39,4,17,4536,4648
2023-11-24 10:26:39,4,13,4536,4648
2023-11-24 10:26:39,4,17,4536,4648
2023-11-24 10:26:39,4,18,4536,4648
2023-11-24 10:26:39,4,13,4536,4648
2023-11-24 10:26:39,4,17,4536,4648
2023-11-24 10:26:39,4,18,4536,4648
2023-11-24 10:26:39,4,17,4536,4648
2023-11-24 10:26:40,4,16,4536,4648
2023-11-24 10:26:40,4,15,4536,4648
2023-11-24 10:26:40,4,14,4536,4648
2023-11-24 10:26:40,4,13,4536,4648
2023-11-24 10:26:47,4,12,4536,4648
2023-11-24 10:26:53,4,11,4536,4648
2023-11-24 10:26:59,4,12,4536,4648
2023-11-24 10:27:31,4,13,4536,4648
2023-11-24 10:27:33,5,13,4536,4648
2023-11-24 10:27:34,5,12,4536,4648
2023-11-24 10:27:36,6,12,4536,4648
2023-11-24 10:28:15,6,13,4536,4648
2023-11-24 10:28:15,6,14,4536,4648
2023-11-24 10:28:15,6,13,4536,4648
2023-11-24 10:28:15,6,12,4536,4648
2023-11-24 10:28:15,6,15,4536,4648
2023-11-24 10:28:16,6,13,4536,4648
2023-11-24 10:28:16,6,12,4536,4648
2023-11-24 10:28:16,6,15,4536,4648
2023-11-24 10:28:16,6,13,4536,4648
2023-11-24 10:28:16,6,12,4536,4648
2023-11-24 10:28:17,6,14,4536,4648
2023-11-24 10:28:17,6,13,4536,4648
2023-11-24 10:28:17,6,12,4536,4648
2023-11-24 10:28:17,6,14,4536,4648
2023-11-24 10:28:17,6,13,4536,4648
2023-11-24 10:28:18,6,12,4536,4648
2023-11-24 10:28:18,6,14,4536,4648
2023-11-24 10:28:20,6,13,4536,4648
2023-11-24 10:28:20,6,12,4536,4648
2023-11-24 10:28:21,6,14,4536,4648
2023-11-24 10:28:21,6,13,4536,4648
2023-11-24 10:28:21,6,12,4536,4648
2023-11-24 10:28:21,6,15,4536,4648
2023-11-24 10:28:21,6,14,4536,4648
2023-11-24 10:28:21,6,13,4536,4648
2023-11-24 10:28:21,6,12,4536,4648
2023-11-24 10:28:22,6,15,4536,4648
2023-11-24 10:28:22,6,14,4536,4648
2023-11-24 10:28:22,6,13,4536,4648
2023-11-24 10:28:22,6,12,4536,4648
2023-11-24 10:28:22,6,15,4536,4648
2023-11-24 10:28:22,6,14,4536,4648
2023-11-24 10:28:22,6,13,4536,4648
2023-11-24 10:28:23,6,12,4536,4648
2023-11-24 10:28:23,6,14,4536,4648
2023-11-24 10:28:23,6,13,4536,4648
2023-11-24 10:28:23,6,12,4536,4648
2023-11-24 10:28:23,6,15,4536,4648
2023-11-24 10:28:23,6,14,4536,4648
2023-11-24 10:28:24,6,13,4536,4648
2023-11-24 10:28:24,6,12,4536,4648
2023-11-24 10:28:26,6,14,4536,4648
2023-11-24 10:28:26,6,13,4536,4648
2023-11-24 10:28:26,6,12,4536,4648
2023-11-24 10:28:27,6,15,4536,4648
2023-11-24 10:28:27,6,13,4536,4648
2023-11-24 10:28:27,6,12,4536,4648
2023-11-24 10:28:27,6,14,4536,4648
2023-11-24 10:28:27,6,13,4536,4648
2023-11-24 10:28:27,6,12,4536,4648
2023-11-24 10:28:28,6,15,4536,4648
2023-11-24 10:28:28,6,14,4536,4648
2023-11-24 10:28:28,6,13,4536,4648
2023-11-24 10:28:28,6,12,4536,4648
2023-11-24 10:28:28,6,15,4536,4648
2023-11-24 10:28:28,6,14,4536,4648
2023-11-24 10:28:28,6,13,4536,4648
2023-11-24 10:28:29,6,12,4536,4648
2023-11-24 10:28:29,6,15,4536,4648
2023-11-24 10:28:29,6,14,4536,4648
2023-11-24 10:28:29,6,13,4536,4648
2023-11-24 10:28:29,6,12,4536,4648
2023-11-24 10:28:29,6,15,4536,4648
2023-11-24 10:28:29,6,14,4536,4648
2023-11-24 10:28:30,6,13,4536,4648
2023-11-24 10:28:30,6,12,4536,4648
2023-11-24 10:28:30,6,14,4536,4648
2023-11-24 10:28:30,6,13,4536,4648
2023-11-24 10:28:30,6,12,4536,4648
2023-11-24 10:28:31,6,14,4536,4648
2023-11-24 10:28:31,6,13,4536,4648
2023-11-24 10:28:31,6,12,4536,4648
2023-11-24 10:29:02,6,11,4536,4648
2023-11-24 10:29:15,6,12,4536,4648
2023-11-24 10:29:23,6,14,4536,4648
2023-11-24 10:29:23,6,13,4536,4648
2023-11-24 10:29:25,6,12,4536,4648
2023-11-24 10:29:26,6,14,4536,4648
2023-11-24 10:29:26,6,18,4536,4648
2023-11-24 10:29:26,6,13,4536,4648
2023-11-24 10:29:26,6,17,4536,4648
2023-11-24 10:29:26,6,13,4536,4648
2023-11-24 10:29:26,6,12,4536,4648
2023-11-24 10:29:26,6,13,4536,4648
2023-11-24 10:29:26,6,14,4536,4648
2023-11-24 10:29:26,6,12,4536,4648
2023-11-24 10:29:27,6,13,4536,4648
2023-11-24 10:29:30,6,12,4536,4648
2023-11-24 10:29:31,6,13,4536,4648
2023-11-24 10:29:31,6,12,4536,4648
2023-11-24 10:29:33,6,13,4536,4648
2023-11-24 10:29:33,6,12,4536,4648
2023-11-24 10:29:55,6,11,4536,4648
2023-11-24 10:29:55,6,10,4536,4648
2023-11-24 10:29:55,6,11,4536,4648
2023-11-24 10:30:03,6,13,4536,4648
2023-11-24 10:30:03,6,12,4536,4648
2023-11-24 10:30:03,6,11,4536,4648
2023-11-24 10:30:04,6,13,4536,4648
2023-11-24 10:30:04,6,12,4536,4648
2023-11-24 10:30:04,6,11,4536,4648
2023-11-24 10:30:04,6,14,4536,4648
2023-11-24 10:30:04,6,13,4536,4648
2023-11-24 10:30:04,6,12,4536,4648
2023-11-24 10:30:04,6,11,4536,4648
2023-11-24 10:30:05,6,14,4536,4648
2023-11-24 10:30:05,6,13,4536,4648
2023-11-24 10:30:05,6,12,4536,4648
2023-11-24 10:30:05,6,11,4536,4648
2023-11-24 10:30:06,6,13,4536,4648
2023-11-24 10:30:06,6,12,4536,4648
2023-11-24 10:30:06,6,11,4536,4648
2023-11-24 10:30:06,6,13,4536,4648
2023-11-24 10:30:07,6,12,4536,4648
2023-11-24 10:30:07,6,11,4536,4648
2023-11-24 10:30:09,6,14,4536,4648
2023-11-24 10:30:09,6,13,4536,4648
2023-11-24 10:30:09,6,12,4536,4648
2023-11-24 10:30:09,6,11,4536,4648
2023-11-24 10:30:10,6,14,4536,4648
2023-11-24 10:30:10,6,13,4536,4648
2023-11-24 10:30:10,6,12,4536,4648
2023-11-24 10:30:10,6,11,4536,4648
2023-11-24 10:30:10,6,13,4536,4648
2023-11-24 10:30:10,6,12,4536,4648
2023-11-24 10:30:10,6,11,4536,4648
2023-11-24 10:30:11,6,14,4536,4648
2023-11-24 10:30:11,6,13,4536,4648
2023-11-24 10:30:11,6,12,4536,4648
2023-11-24 10:30:11,6,11,4536,4648
2023-11-24 10:30:11,6,14,4536,4648
2023-11-24 10:30:11,6,13,4536,4648
2023-11-24 10:30:11,6,12,4536,4648
2023-11-24 10:30:11,6,11,4536,4648
2023-11-24 10:30:12,6,14,4536,4648
2023-11-24 10:30:12,6,13,4536,4648
2023-11-24 10:30:12,6,12,4536,4648
2023-11-24 10:30:12,6,11,4536,4648
2023-11-24 10:30:14,6,14,4536,4648
2023-11-24 10:30:14,6,13,4536,4648
2023-11-24 10:30:14,6,12,4536,4648
2023-11-24 10:30:14,6,11,4536,4648
2023-11-24 10:30:14,6,14,4536,4648
2023-11-24 10:30:14,6,13,4536,4648
2023-11-24 10:30:15,6,12,4536,4648
2023-11-24 10:30:15,6,11,4536,4648
2023-11-24 10:30:15,6,15,4536,4648
2023-11-24 10:30:15,6,14,4536,4648
2023-11-24 10:30:15,6,13,4536,4648
2023-11-24 10:30:15,6,12,4536,4648
2023-11-24 10:30:16,6,14,4536,4648
2023-11-24 10:30:16,6,13,4536,4648
2023-11-24 10:30:16,6,12,4536,4648
2023-11-24 10:30:17,6,12,4636,4748
2023-11-24 10:30:44,6,11,4636,4748
2023-11-24 10:30:44,6,13,4636,4748
2023-11-24 10:30:44,6,12,4636,4748
2023-11-24 10:30:44,6,11,4636,4748
2023-11-24 10:30:45,6,13,4636,4748
2023-11-24 10:30:45,6,14,4636,4748
2023-11-24 10:30:45,6,11,4636,4748
2023-11-24 10:30:45,6,13,4636,4748
2023-11-24 10:30:45,6,12,4636,4748
2023-11-24 10:30:46,6,11,4636,4748
2023-11-24 10:30:46,6,13,4636,4748
2023-11-24 10:30:46,6,12,4636,4748
2023-11-24 10:30:46,6,11,4636,4748
2023-11-24 10:30:47,6,14,4636,4748
2023-11-24 10:30:47,6,13,4636,4748
2023-11-24 10:30:47,6,12,4636,4748
2023-11-24 10:30:47,6,11,4636,4748
2023-11-24 10:30:47,6,13,4636,4748
2023-11-24 10:30:48,6,12,4636,4748
2023-11-24 10:30:48,6,11,4636,4748
2023-11-24 10:30:48,6,13,4636,4748
2023-11-24 10:30:48,6,12,4636,4748
2023-11-24 10:30:48,6,11,4636,4748
2023-11-24 10:30:49,6,13,4636,4748
2023-11-24 10:30:49,6,12,4636,4748
2023-11-24 10:30:49,6,11,4636,4748
2023-11-24 10:30:49,6,12,4636,4748
2023-11-24 10:30:49,6,11,4636,4748
2023-11-24 10:30:50,6,11,4750,4862
2023-11-24 10:30:52,5,11,4834,4946
2023-11-24 10:30:53,4,11,4834,4946
2023-11-24 10:31:08,4,9,4834,4946
2023-11-24 10:31:08,4,8,4834,4946
2023-11-24 10:31:48,4,9,4834,4946
2023-11-24 10:34:50,5,9,4834,4946
2023-11-24 10:34:56,5,14,4834,4946
2023-11-24 10:34:57,5,13,4834,4946
2023-11-24 10:34:57,5,12,4834,4946
2023-11-24 10:35:05,4,12,4834,4946
2023-11-24 10:35:05,5,12,4834,4946
2023-11-24 10:35:23,5,11,4834,4946
2023-11-24 10:35:23,4,11,4834,4946
2023-11-24 10:35:24,4,12,4834,4946
2023-11-24 10:35:24,4,11,4834,4946
2023-11-24 10:35:24,4,16,4834,4946
2023-11-24 10:35:24,4,12,4834,4946
2023-11-24 10:35:24,4,12,4834,4946
2023-11-24 10:35:24,4,15,4834,4946
2023-11-24 10:35:24,4,16,4834,4946
2023-11-24 10:35:24,4,15,4834,4946
2023-11-24 10:35:24,4,12,4834,4946
2023-11-24 10:35:24,4,15,4834,4946
2023-11-24 10:35:24,4,11,4834,4946
2023-11-24 10:35:25,4,13,4834,4946
2023-11-24 10:35:25,4,14,4834,4946
2023-11-24 10:35:25,4,16,4834,4946
2023-11-24 10:35:25,4,13,4834,4946
2023-11-24 10:35:25,4,11,4834,4946
2023-11-24 10:35:47,4,10,4834,4946
2023-11-24 10:35:50,4,16,4834,4946
2023-11-24 10:35:50,4,17,4834,4946
2023-11-24 10:35:50,4,11,4834,4946
2023-11-24 10:35:50,4,10,4834,4946
2023-11-24 10:35:50,4,15,4834,4946
2023-11-24 10:35:50,4,16,4834,4946
2023-11-24 10:35:50,4,17,4834,4946
2023-11-24 10:35:50,4,10,4834,4946
2023-11-24 10:35:50,4,11,4834,4946
2023-11-24 10:35:50,4,14,4834,4946
2023-11-24 10:35:50,4,16,4834,4946
2023-11-24 10:35:50,4,17,4834,4946
2023-11-24 10:35:50,4,16,4834,4946
2023-11-24 10:35:50,4,11,4834,4946
2023-11-24 10:35:50,4,10,4834,4946
2023-11-24 10:36:04,4,9,4834,4946
2023-11-24 10:36:05,4,10,4834,4946
2023-11-24 10:36:06,4,9,4834,4946
2023-11-24 10:36:45,4,8,4834,4946
2023-11-24 10:36:55,4,9,4834,4946
2023-11-24 10:37:04,4,10,4834,4946
2023-11-24 10:37:10,4,9,4834,4946
2023-11-24 10:37:13,4,10,4834,4946
2023-11-24 10:37:15,4,16,4834,4946
2023-11-24 10:37:15,4,11,4834,4946
2023-11-24 10:37:16,4,10,4834,4946
2023-11-24 10:37:22,4,11,4834,4946
2023-11-24 10:37:39,4,13,4834,4946
2023-11-24 10:37:39,4,17,4834,4946
2023-11-24 10:37:39,4,12,4834,4946
2023-11-24 10:37:39,4,11,4834,4946
2023-11-24 10:37:39,4,16,4834,4946
2023-11-24 10:37:39,4,12,4834,4946
2023-11-24 10:37:39,4,11,4834,4946
2023-11-24 10:37:39,4,12,4834,4946
2023-11-24 10:37:39,4,13,4834,4946
2023-11-24 10:37:39,4,16,4834,4946
2023-11-24 10:37:39,4,12,4834,4946
2023-11-24 10:37:39,4,15,4834,4946
2023-11-24 10:37:39,4,12,4834,4946
2023-11-24 10:37:39,4,11,4834,4946
2023-11-24 10:38:19,4,10,4834,4946
2023-11-24 10:38:19,4,11,4834,4946
2023-11-24 10:39:07,4,10,4834,4946
2023-11-24 10:39:30,4,9,4834,4946
2023-11-24 10:39:32,4,10,4834,4946
2023-11-24 10:39:35,4,9,4834,4946
2023-11-24 10:39:39,4,11,4834,4946
2023-11-24 10:39:39,4,15,4834,4946
2023-11-24 10:39:39,4,14,4834,4946
2023-11-24 10:39:39,4,11,4834,4946
2023-11-24 10:39:39,4,9,4834,4946
2023-11-24 10:40:08,4,8,4834,4946
2023-11-24 10:40:10,4,9,4834,4946
2023-11-24 10:40:11,4,8,4834,4946
2023-11-24 10:40:11,4,9,4834,4946
2023-11-24 10:40:14,4,8,4834,4946
2023-11-24 10:40:15,4,9,4834,4946
2023-11-24 10:40:16,4,16,4834,4946
2023-11-24 10:40:16,4,9,4834,4946
2023-11-24 10:40:16,4,10,4834,4946
2023-11-24 10:40:16,4,13,4834,4946
2023-11-24 10:40:16,4,15,4834,4946
2023-11-24 10:40:16,4,10,4834,4946
2023-11-24 10:40:16,4,9,4834,4946
2023-11-24 10:40:16,4,14,4834,4946
2023-11-24 10:40:16,4,9,4834,4946
2023-11-24 10:40:20,4,8,4834,4946
2023-11-24 10:40:21,4,16,4834,4946
2023-11-24 10:40:21,4,13,4834,4946
2023-11-24 10:40:21,4,12,4834,4946
2023-11-24 10:40:21,4,9,4834,4946
2023-11-24 10:40:21,4,8,4834,4946
2023-11-24 10:40:21,4,10,4834,4946
2023-11-24 10:40:21,4,11,4834,4946
2023-11-24 10:40:21,4,9,4834,4946
2023-11-24 10:40:21,4,10,4834,4946
2023-11-24 10:40:22,4,11,4834,4946
2023-11-24 10:40:22,4,8,4834,4946
2023-11-24 10:40:22,4,9,4834,4946
2023-11-24 10:40:22,4,11,4834,4946
2023-11-24 10:40:22,4,16,4834,4946
2023-11-24 10:40:22,4,10,4834,4946
2023-11-24 10:40:22,4,8,4834,4946
2023-11-24 10:40:45,4,7,4834,4946
2023-11-24 10:41:33,4,8,4834,4946
2023-11-24 10:41:44,4,7,4834,4946
2023-11-24 10:41:50,4,8,4834,4946
2023-11-24 10:41:50,4,7,4834,4946
2023-11-24 10:41:50,4,8,4834,4946
2023-11-24 10:41:53,4,7,4834,4946
2023-11-24 10:42:01,4,8,4834,4946
2023-11-24 10:42:09,4,7,4834,4946
2023-11-24 10:42:46,4,13,4834,4946
2023-11-24 10:42:46,4,9,4834,4946
2023-11-24 10:42:46,4,8,4834,4946
2023-11-24 10:42:46,4,7,4834,4946
2023-11-24 10:43:09,4,8,4834,4946
2023-11-24 10:43:12,4,14,4834,4946
2023-11-24 10:43:12,4,12,4834,4946
2023-11-24 10:43:12,4,8,4834,4946
2023-11-24 10:43:12,4,9,4834,4946
2023-11-24 10:43:12,4,11,4834,4946
2023-11-24 10:43:12,4,9,4834,4946
2023-11-24 10:43:12,4,8,4834,4946
2023-11-24 10:43:12,4,13,4834,4946
2023-11-24 10:43:12,4,10,4834,4946
2023-11-24 10:43:12,4,8,4834,4946
2023-11-24 10:43:12,4,10,4834,4946
2023-11-24 10:43:13,4,12,4834,4946
2023-11-24 10:43:13,4,9,4834,4946
2023-11-24 10:43:13,4,8,4834,4946
2023-11-24 10:43:13,4,9,4834,4946
2023-11-24 10:43:13,4,8,4834,4946
2023-11-24 10:43:19,4,7,4834,4946
2023-11-24 10:43:38,4,8,4834,4946
2023-11-24 10:43:40,4,7,4834,4946
2023-11-24 10:43:46,4,8,4834,4946
2023-11-24 10:43:54,4,11,4834,4946
2023-11-24 10:43:54,4,9,4834,4946
2023-11-24 10:43:54,4,8,4834,4946
2023-11-24 10:43:54,4,9,4834,4946
2023-11-24 10:43:54,4,8,4834,4946
2023-11-24 10:43:59,4,7,4834,4946
2023-11-24 10:43:59,4,8,4834,4946
2023-11-24 10:43:59,4,10,4834,4946
2023-11-24 10:43:59,4,8,4834,4946
2023-11-24 10:44:00,4,9,4834,4946
2023-11-24 10:44:00,4,10,4834,4946
2023-11-24 10:44:00,4,8,4834,4946
2023-11-24 10:44:00,4,9,4834,4946
2023-11-24 10:44:00,4,10,4834,4946
2023-11-24 10:44:00,4,9,4834,4946
2023-11-24 10:44:00,4,8,4834,4946
2023-11-24 10:44:18,5,8,4834,4946
2023-11-24 10:44:46,5,9,4834,4946
2023-11-24 10:44:58,5,10,4834,4946
2023-11-24 10:44:58,5,11,4834,4946
2023-11-24 10:44:58,5,9,4834,4946
2023-11-24 10:44:58,5,10,4834,4946
2023-11-24 10:44:58,5,12,4834,4946
2023-11-24 10:44:58,5,11,4834,4946
2023-11-24 10:44:58,5,9,4834,4946
2023-11-24 10:44:58,5,10,4834,4946
2023-11-24 10:44:58,5,11,4834,4946
2023-11-24 10:44:58,5,9,4834,4946
2023-11-24 10:45:16,5,11,4834,4946
2023-11-24 10:45:16,5,13,4834,4946
2023-11-24 10:45:16,5,9,4834,4946
2023-11-24 10:45:21,5,8,4834,4946
2023-11-24 10:45:43,5,8,4934,5046
2023-11-24 10:45:49,5,9,4934,5046
2023-11-24 10:45:56,5,11,4934,5046
2023-11-24 10:46:00,5,11,4934,5046
2023-11-24 10:46:07,5,10,4934,5046
2023-11-24 10:46:07,5,11,4934,5046
2023-11-24 10:46:07,5,10,4934,5046
2023-11-24 10:46:07,5,11,4934,5046
2023-11-24 10:46:13,5,10,4934,5046
2023-11-24 10:47:10,5,9,4934,5046
2023-11-24 10:47:13,5,10,4934,5046
2023-11-24 10:47:17,5,9,4934,5046
2023-11-24 10:47:31,5,10,4934,5046
2023-11-24 10:48:23,5,9,4934,5046
2023-11-24 10:48:47,5,10,4934,5046
2023-11-24 10:48:47,5,10,4934,5046
2023-11-24 10:48:47,5,15,4934,5046
2023-11-24 10:48:47,5,16,4934,5046
2023-11-24 10:48:47,5,10,4934,5046
2023-11-24 10:48:47,5,9,4934,5046
2023-11-24 10:48:50,5,10,4934,5046
2023-11-24 10:48:50,5,16,4934,5046
2023-11-24 10:48:50,5,14,4934,5046
2023-11-24 10:48:50,5,13,4934,5046
2023-11-24 10:48:50,5,15,4934,5046
2023-11-24 10:48:50,5,11,4934,5046
2023-11-24 10:48:50,5,11,4934,5046
2023-11-24 10:49:10,5,8,4934,5046
2023-11-24 10:49:26,5,9,4934,5046
2023-11-24 10:49:27,5,8,4934,5046
2023-11-24 10:49:27,5,9,4934,5046
2023-11-24 10:49:30,5,8,4934,5046
2023-11-24 10:49:33,5,9,4934,5046
2023-11-24 10:49:34,5,8,4934,5046
2023-11-24 10:49:37,5,9,4934,5046
2023-11-24 10:49:38,5,8,4934,5046
2023-11-24 10:49:40,5,9,4934,5046
2023-11-24 10:50:02,5,10,4934,5046
2023-11-24 10:50:18,5,11,4934,5046
2023-11-24 10:50:18,5,13,4934,5046
2023-11-24 10:50:18,5,12,4934,5046
2023-11-24 10:50:18,5,11,4934,5046
2023-11-24 10:50:18,5,10,4934,5046
2023-11-24 10:50:19,5,13,4934,5046
2023-11-24 10:50:19,5,12,4934,5046
2023-11-24 10:50:19,5,11,4934,5046
2023-11-24 10:50:19,5,10,4934,5046
2023-11-24 10:50:19,5,12,4934,5046
2023-11-24 10:50:19,5,11,4934,5046
2023-11-24 10:50:19,5,10,4934,5046
2023-11-24 10:50:20,5,12,4934,5046
2023-11-24 10:50:20,5,11,4934,5046
2023-11-24 10:50:20,5,10,4934,5046
2023-11-24 10:50:20,5,13,4934,5046
2023-11-24 10:50:20,5,11,4934,5046
2023-11-24 10:50:21,5,10,4934,5046
2023-11-24 10:50:21,5,12,4934,5046
2023-11-24 10:50:21,5,11,4934,5046
2023-11-24 10:50:21,5,10,4934,5046
2023-11-24 10:50:21,5,13,4934,5046
2023-11-24 10:50:22,5,12,4934,5046
2023-11-24 10:50:22,5,11,4934,5046
2023-11-24 10:50:22,5,10,4934,5046
2023-11-24 10:50:23,5,12,4934,5046
2023-11-24 10:50:23,5,11,4934,5046
2023-11-24 10:50:23,5,10,4934,5046
2023-11-24 10:50:23,5,12,4934,5046
2023-11-24 10:50:23,5,11,4934,5046
2023-11-24 10:50:23,5,10,4934,5046
2023-11-24 10:50:24,5,12,4934,5046
2023-11-24 10:50:24,5,11,4934,5046
2023-11-24 10:50:24,5,10,4934,5046
2023-11-24 10:50:24,5,12,4934,5046
2023-11-24 10:50:25,5,11,4934,5046
2023-11-24 10:50:25,5,10,4934,5046
2023-11-24 10:50:25,5,12,4934,5046
2023-11-24 10:50:25,5,11,4934,5046
2023-11-24 10:50:25,5,10,4934,5046
2023-11-24 10:50:26,5,12,4934,5046
2023-11-24 10:50:26,5,11,4934,5046
2023-11-24 10:50:26,5,10,4934,5046
2023-11-24 10:50:26,5,12,4934,5046
2023-11-24 10:50:26,5,11,4934,5046
2023-11-24 10:50:26,5,10,4934,5046
2023-11-24 10:50:27,5,13,4934,5046
2023-11-24 10:50:27,5,12,4934,5046
2023-11-24 10:50:27,5,11,4934,5046
2023-11-24 10:50:27,5,10,4934,5046
2023-11-24 10:50:27,5,13,4934,5046
2023-11-24 10:50:27,5,12,4934,5046
2023-11-24 10:50:27,5,11,4934,5046
2023-11-24 10:50:27,5,10,4934,5046
2023-11-24 10:50:28,5,12,4934,5046
2023-11-24 10:50:28,5,11,4934,5046
2023-11-24 10:50:28,5,10,4934,5046
2023-11-24 10:50:28,5,13,4934,5046
2023-11-24 10:50:28,5,12,4934,5046
2023-11-24 10:50:28,5,11,4934,5046
2023-11-24 10:50:29,5,10,4934,5046
2023-11-24 10:50:29,5,12,4934,5046
2023-11-24 10:50:29,5,11,4934,5046
2023-11-24 10:50:29,5,10,4934,5046
2023-11-24 10:50:30,5,13,4934,5046
2023-11-24 10:50:30,5,12,4934,5046
2023-11-24 10:50:30,5,11,4934,5046
2023-11-24 10:50:30,5,10,4934,5046
2023-11-24 10:50:30,5,13,4934,5046
2023-11-24 10:50:30,5,12,4934,5046
2023-11-24 10:50:30,5,11,4934,5046
2023-11-24 10:50:30,5,10,4934,5046
2023-11-24 10:50:31,5,12,4934,5046
2023-11-24 10:50:31,5,11,4934,5046
2023-11-24 10:50:31,5,10,4934,5046
2023-11-24 10:50:31,5,12,4934,5046
2023-11-24 10:50:31,5,11,4934,5046
2023-11-24 10:50:31,5,10,4934,5046
2023-11-24 10:50:32,5,13,4934,5046
2023-11-24 10:50:32,5,12,4934,5046
2023-11-24 10:50:32,5,11,4934,5046
2023-11-24 10:50:32,5,10,4934,5046
2023-11-24 10:50:32,5,12,4934,5046
2023-11-24 10:50:32,5,11,4934,5046
2023-11-24 10:50:33,5,10,4934,5046
2023-11-24 10:50:33,5,13,4934,5046
2023-11-24 10:50:33,5,12,4934,5046
2023-11-24 10:50:33,5,11,4934,5046
2023-11-24 10:50:33,5,10,4934,5046
2023-11-24 10:50:33,5,13,4934,5046
2023-11-24 10:50:33,5,12,4934,5046
2023-11-24 10:50:33,5,11,4934,5046
2023-11-24 10:50:34,5,10,4934,5046
2023-11-24 10:50:34,5,12,4934,5046
2023-11-24 10:50:34,5,11,4934,5046
2023-11-24 10:50:34,5,10,4934,5046
2023-11-24 10:50:34,5,13,4934,5046
2023-11-24 10:50:34,5,12,4934,5046
2023-11-24 10:50:35,5,11,4934,5046
2023-11-24 10:50:35,5,10,4934,5046
2023-11-24 10:50:35,5,13,4934,5046
2023-11-24 10:50:35,5,11,4934,5046
2023-11-24 10:50:35,5,10,4934,5046
2023-11-24 10:50:36,5,13,4934,5046
2023-11-24 10:50:36,5,12,4934,5046
2023-11-24 10:50:36,5,11,4934,5046
2023-11-24 10:50:36,5,10,4934,5046
2023-11-24 10:50:36,5,11,4934,5046
2023-11-24 10:50:42,5,14,4934,5046
2023-11-24 10:50:42,5,13,4934,5046
2023-11-24 10:50:42,5,12,4934,5046
2023-11-24 10:50:42,5,13,4934,5046
2023-11-24 10:50:42,5,12,4934,5046
2023-11-24 10:50:42,5,11,4934,5046
2023-11-24 10:50:43,5,13,4934,5046
2023-11-24 10:50:43,5,12,4934,5046
2023-11-24 10:50:43,5,11,4934,5046
2023-11-24 10:50:43,5,13,4934,5046
2023-11-24 10:50:44,5,12,4934,5046
2023-11-24 10:50:44,5,11,4934,5046
2023-11-24 10:50:44,5,14,4934,5046
2023-11-24 10:50:44,5,12,4934,5046
2023-11-24 10:50:44,5,11,4934,5046
2023-11-24 10:50:45,5,13,4934,5046
2023-11-24 10:50:53,5,12,4934,5046
2023-11-24 10:51:04,5,11,4934,5046
2023-11-24 10:51:06,5,12,4934,5046
2023-11-24 10:51:08,5,11,4934,5046
2023-11-24 10:51:14,5,12,4934,5046
2023-11-24 10:51:14,5,11,4934,5046
2023-11-24 10:51:21,5,14,4934,5046
2023-11-24 10:51:21,5,12,4934,5046
2023-11-24 10:51:21,5,11,4934,5046
2023-11-24 10:51:22,5,14,4934,5046
2023-11-24 10:51:22,5,13,4934,5046
2023-11-24 10:51:22,5,12,4934,5046
2023-11-24 10:51:22,5,11,4934,5046
2023-11-24 10:51:22,5,13,4934,5046
2023-11-24 10:51:31,5,19,4934,5046
2023-11-24 10:51:31,5,18,4934,5046
2023-11-24 10:51:31,5,15,4934,5046
2023-11-24 10:51:31,5,14,4934,5046
2023-11-24 10:51:31,5,17,4934,5046
2023-11-24 10:51:31,5,13,4934,5046
2023-11-24 10:51:31,5,15,4934,5046
2023-11-24 10:51:31,5,13,4934,5046
2023-11-24 10:51:35,5,12,4934,5046
2023-11-24 10:51:35,5,13,4934,5046
2023-11-24 10:51:35,5,15,4934,5046
2023-11-24 10:51:35,5,13,4934,5046
2023-11-24 10:51:36,5,14,4934,5046
2023-11-24 10:51:36,5,12,4934,5046
2023-11-24 10:51:36,5,14,4934,5046
2023-11-24 10:51:36,5,13,4934,5046
2023-11-24 10:51:36,5,12,4934,5046
2023-11-24 10:51:36,5,14,4934,5046
2023-11-24 10:51:41,5,14,4934,5046
2023-11-24 10:51:41,5,16,4934,5046
2023-11-24 10:51:41,5,14,4934,5046
2023-11-24 10:51:41,5,13,4934,5046
2023-11-24 10:51:41,5,15,4934,5046
2023-11-24 10:51:42,5,14,4934,5046
2023-11-24 10:51:42,5,13,4934,5046
2023-11-24 10:51:42,5,16,4934,5046
2023-11-24 10:51:42,5,15,4934,5046
2023-11-24 10:51:42,5,14,4934,5046
2023-11-24 10:51:43,5,15,4934,5046
2023-11-24 10:51:43,5,14,4934,5046
2023-11-24 10:51:44,5,15,4934,5046
2023-11-24 10:51:44,5,14,4934,5046
2023-11-24 10:51:47,5,17,4934,5046
2023-11-24 10:51:47,5,15,4934,5046
2023-11-24 10:51:47,5,16,4934,5046
2023-11-24 10:51:47,5,15,4934,5046
2023-11-24 10:51:47,5,14,4934,5046
2023-11-24 10:51:48,5,16,4934,5046
2023-11-24 10:51:48,5,15,4934,5046
2023-11-24 10:51:48,5,14,4934,5046
2023-11-24 10:51:48,5,16,4934,5046
2023-11-24 10:51:48,5,15,4934,5046
2023-11-24 10:51:48,5,14,4934,5046
2023-11-24 10:51:49,5,17,4934,5046
2023-11-24 10:51:49,5,15,4934,5046
2023-11-24 10:51:49,5,14,4934,5046
2023-11-24 10:51:49,5,15,4934,5046
2023-11-24 10:51:49,5,16,4934,5046
2023-11-24 10:51:49,5,15,4934,5046
2023-11-24 10:51:56,6,15,4934,5046
2023-11-24 10:51:58,6,17,4934,5046
2023-11-24 10:51:58,6,15,4934,5046
2023-11-24 10:52:01,6,16,4934,5046
2023-11-24 10:52:01,6,15,4934,5046
2023-11-24 10:52:02,6,18,4934,5046
2023-11-24 10:52:02,6,15,4934,5046
2023-11-24 10:52:02,6,18,4934,5046
2023-11-24 10:52:02,6,17,4934,5046
2023-11-24 10:52:02,6,15,4934,5046
2023-11-24 10:52:02,6,16,4934,5046
2023-11-24 10:52:02,6,15,4934,5046
2023-11-24 10:52:04,5,15,4934,5046
2023-11-24 10:52:04,7,15,4934,5046
2023-11-24 10:52:43,7,14,4934,5046
2023-11-24 10:52:45,5,14,4934,5046
2023-11-24 10:52:45,6,14,4934,5046
2023-11-24 10:52:50,6,16,4934,5046
2023-11-24 10:52:50,6,15,4934,5046
2023-11-24 10:52:50,5,15,4934,5046
2023-11-24 10:52:54,5,14,4934,5046
2023-11-24 10:52:55,5,15,4934,5046
2023-11-24 10:52:56,5,14,4934,5046
2023-11-24 10:52:56,5,13,4934,5046
2023-11-24 10:52:56,5,15,4934,5046
2023-11-24 10:52:57,5,14,4934,5046
2023-11-24 10:52:57,5,13,4934,5046
2023-11-24 10:52:57,5,15,4934,5046
2023-11-24 10:52:57,5,14,4934,5046
2023-11-24 10:52:57,5,13,4934,5046
2023-11-24 10:52:58,5,16,4934,5046
2023-11-24 10:52:58,5,14,4934,5046
2023-11-24 10:52:58,5,13,4934,5046
2023-11-24 10:52:58,5,15,4934,5046
2023-11-24 10:52:58,5,14,4934,5046
2023-11-24 10:52:58,5,13,4934,5046
2023-11-24 10:52:59,5,15,4934,5046
2023-11-24 10:52:59,5,14,4934,5046
2023-11-24 10:52:59,5,13,4934,5046
2023-11-24 10:52:59,5,16,4934,5046
2023-11-24 10:52:59,5,15,4934,5046
2023-11-24 10:52:59,5,14,4934,5046
2023-11-24 10:53:00,5,13,4934,5046
2023-11-24 10:53:00,5,16,4934,5046
2023-11-24 10:53:00,5,14,4934,5046
2023-11-24 10:53:00,5,13,4934,5046
2023-11-24 10:53:26,5,12,4934,5046
2023-11-24 10:53:26,5,13,4934,5046
2023-11-24 10:53:26,5,12,4934,5046
2023-11-24 10:53:31,5,11,4934,5046
2023-11-24 10:53:31,5,10,4934,5046
2023-11-24 10:53:31,5,13,4934,5046
2023-11-24 10:53:31,5,12,4934,5046
2023-11-24 10:53:32,5,11,4934,5046
2023-11-24 10:53:32,5,10,4934,5046
2023-11-24 10:53:32,5,13,4934,5046
2023-11-24 10:53:32,5,11,4934,5046
2023-11-24 10:53:32,5,10,4934,5046
2023-11-24 10:53:33,5,12,4934,5046
2023-11-24 10:53:33,5,11,4934,5046
2023-11-24 10:53:33,5,10,4934,5046
2023-11-24 10:53:33,5,13,4934,5046
2023-11-24 10:53:33,5,11,4934,5046
2023-11-24 10:53:33,5,10,4934,5046
2023-11-24 10:53:34,5,13,4934,5046
2023-11-24 10:53:34,5,12,4934,5046
2023-11-24 10:53:34,5,11,4934,5046
2023-11-24 10:53:34,5,10,4934,5046
2023-11-24 10:53:34,5,13,4934,5046
2023-11-24 10:53:34,5,12,4934,5046
2023-11-24 10:53:34,5,11,4934,5046
2023-11-24 10:53:34,5,10,4934,5046
2023-11-24 10:53:35,5,13,4934,5046
2023-11-24 10:53:35,5,11,4934,5046
2023-11-24 10:53:35,5,10,4934,5046
2023-11-24 10:53:35,5,13,4934,5046
2023-11-24 10:53:35,5,12,4934,5046
2023-11-24 10:53:35,5,11,4934,5046
2023-11-24 10:53:36,5,10,4934,5046
2023-11-24 10:53:36,5,13,4934,5046
2023-11-24 10:53:36,5,11,4934,5046
2023-11-24 10:53:36,5,10,4934,5046
2023-11-24 10:53:36,5,12,4934,5046
2023-11-24 10:53:36,5,11,4934,5046
2023-11-24 10:53:37,5,10,4934,5046
2023-11-24 10:53:37,5,18,4934,5046
2023-11-24 10:53:37,5,13,4934,5046
2023-11-24 10:53:37,5,12,4934,5046
2023-11-24 10:53:37,5,11,4934,5046
2023-11-24 10:53:37,5,10,4934,5046
2023-11-24 10:53:37,5,13,4934,5046
2023-11-24 10:53:37,5,12,4934,5046
2023-11-24 10:53:38,5,11,4934,5046
2023-11-24 10:53:38,5,10,4934,5046
2023-11-24 10:53:38,5,12,4934,5046
2023-11-24 10:53:38,5,11,4934,5046
2023-11-24 10:53:38,5,10,4934,5046
2023-11-24 10:53:39,5,13,4934,5046
2023-11-24 10:53:39,5,12,4934,5046
2023-11-24 10:53:39,5,11,4934,5046
2023-11-24 10:53:39,5,10,4934,5046
2023-11-24 10:53:39,5,13,4934,5046
2023-11-24 10:53:39,5,12,4934,5046
2023-11-24 10:53:39,5,11,4934,5046
2023-11-24 10:53:39,5,10,4934,5046
2023-11-24 10:53:40,5,13,4934,5046
2023-11-24 10:53:40,5,12,4934,5046
2023-11-24 10:53:40,5,11,4934,5046
2023-11-24 10:53:40,5,10,4934,5046
2023-11-24 10:53:40,5,13,4934,5046
2023-11-24 10:53:40,5,12,4934,5046
2023-11-24 10:53:40,5,11,4934,5046
2023-11-24 10:53:41,5,10,4934,5046
2023-11-24 10:53:41,5,13,4934,5046
2023-11-24 10:53:41,5,11,4934,5046
2023-11-24 10:53:41,5,10,4934,5046
2023-11-24 10:53:41,5,12,4934,5046
2023-11-24 10:53:42,5,11,4934,5046
2023-11-24 10:53:42,5,10,4934,5046
2023-11-24 10:53:42,5,12,4934,5046
2023-11-24 10:53:42,5,11,4934,5046
2023-11-24 10:53:42,5,10,4934,5046
2023-11-24 10:53:42,5,13,4934,5046
2023-11-24 10:53:42,5,12,4934,5046
2023-11-24 10:53:43,5,11,4934,5046
2023-11-24 10:53:43,5,10,4934,5046
2023-11-24 10:53:43,5,13,4934,5046
2023-11-24 10:53:43,5,11,4934,5046
2023-11-24 10:53:43,5,10,4934,5046
2023-11-24 10:53:44,5,13,4934,5046
2023-11-24 10:53:44,5,11,4934,5046
2023-11-24 10:53:44,5,10,4934,5046
2023-11-24 10:53:59,5,9,4934,5046
2023-11-24 10:54:11,5,8,4934,5046
2023-11-24 10:54:14,5,9,4934,5046
2023-11-24 10:54:20,5,8,4934,5046
2023-11-24 10:54:59,5,9,4934,5046
2023-11-24 10:55:00,5,8,4934,5046
2023-11-24 10:55:02,5,10,4934,5046
2023-11-24 10:55:02,5,9,4934,5046
2023-11-24 10:55:03,5,10,4934,5046
2023-11-24 10:55:04,5,12,4934,5046
2023-11-24 10:55:04,5,11,4934,5046
2023-11-24 10:55:08,5,10,4934,5046
2023-11-24 10:55:18,5,9,4934,5046
2023-11-24 10:55:18,5,8,4934,5046
2023-11-24 10:55:18,5,10,4934,5046
2023-11-24 10:55:18,5,9,4934,5046
2023-11-24 10:55:19,5,8,4934,5046
2023-11-24 10:55:19,5,11,4934,5046
2023-11-24 10:55:19,5,10,4934,5046
2023-11-24 10:55:19,5,9,4934,5046
2023-11-24 10:55:19,5,8,4934,5046
2023-11-24 10:55:19,5,11,4934,5046
2023-11-24 10:55:19,5,10,4934,5046
2023-11-24 10:55:20,5,9,4934,5046
2023-11-24 10:55:20,5,8,4934,5046
2023-11-24 10:55:20,5,11,4934,5046
2023-11-24 10:55:20,5,10,4934,5046
2023-11-24 10:55:20,5,9,4934,5046
2023-11-24 10:55:20,5,8,4934,5046
2023-11-24 10:55:21,5,11,4934,5046
2023-11-24 10:55:21,5,10,4934,5046
2023-11-24 10:55:21,5,9,4934,5046
2023-11-24 10:55:21,5,8,4934,5046
2023-11-24 10:55:21,5,9,4934,5046
2023-11-24 10:55:21,5,11,4934,5046
2023-11-24 10:55:21,5,10,4934,5046
2023-11-24 10:55:21,5,9,4934,5046
2023-11-24 10:55:46,5,12,4934,5046
2023-11-24 10:55:46,5,12,4934,5046
2023-11-24 10:55:46,5,11,4934,5046
2023-11-24 10:55:46,5,10,4934,5046
2023-11-24 10:55:55,5,13,4934,5046
2023-11-24 10:55:55,5,13,4934,5046
2023-11-24 10:55:55,5,12,4934,5046
2023-11-24 10:55:55,5,11,4934,5046
2023-11-24 10:55:55,5,10,4934,5046
2023-11-24 10:55:56,5,13,4934,5046
2023-11-24 10:55:56,5,12,4934,5046
2023-11-24 10:55:56,5,11,4934,5046
2023-11-24 10:55:56,5,10,4934,5046
2023-11-24 10:55:56,5,13,4934,5046
2023-11-24 10:55:56,5,11,4934,5046
2023-11-24 10:55:56,5,10,4934,5046
2023-11-24 10:55:57,5,13,4934,5046
2023-11-24 10:55:57,5,12,4934,5046
2023-11-24 10:55:57,5,11,4934,5046
2023-11-24 10:56:00,5,13,4934,5046
2023-11-24 10:56:00,5,12,4934,5046
2023-11-24 10:56:08,5,11,4934,5046
2023-11-24 10:56:30,5,10,4934,5046
2023-11-24 10:56:50,5,11,4934,5046
2023-11-24 10:57:04,5,10,4934,5046
2023-11-24 10:57:13,5,9,4934,5046
2023-11-24 10:57:14,5,12,4934,5046
2023-11-24 10:57:14,5,11,4934,5046
2023-11-24 10:57:14,5,10,4934,5046
2023-11-24 10:57:14,5,9,4934,5046
2023-11-24 10:57:14,5,12,4934,5046
2023-11-24 10:57:14,5,10,4934,5046
2023-11-24 10:57:14,5,9,4934,5046
2023-11-24 10:57:15,5,11,4934,5046
2023-11-24 10:57:15,5,10,4934,5046
2023-11-24 10:57:15,5,9,4934,5046
2023-11-24 10:57:15,5,11,4934,5046
2023-11-24 10:57:15,5,10,4934,5046
2023-11-24 10:57:16,5,9,4934,5046
2023-11-24 10:57:16,5,11,4934,5046
2023-11-24 10:57:16,5,10,4934,5046
2023-11-24 10:57:16,5,9,4934,5046
2023-11-24 10:57:16,5,12,4934,5046
2023-11-24 10:57:16,5,11,4934,5046
2023-11-24 10:57:17,5,10,4934,5046
2023-11-24 10:57:17,5,9,4934,5046
2023-11-24 10:57:17,5,12,4934,5046
2023-11-24 10:57:17,5,11,4934,5046
2023-11-24 10:57:17,5,10,4934,5046
2023-11-24 10:57:17,5,9,4934,5046
2023-11-24 10:57:18,5,11,4934,5046
2023-11-24 10:57:18,5,10,4934,5046
2023-11-24 10:57:18,5,9,4934,5046
2023-11-24 10:57:18,5,11,4934,5046
2023-11-24 10:57:18,5,10,4934,5046
2023-11-24 10:57:18,5,9,4934,5046
2023-11-24 10:57:19,5,12,4934,5046
2023-11-24 10:57:19,5,10,4934,5046
2023-11-24 10:57:24,5,9,4934,5046
2023-11-24 10:57:54,5,8,4934,5046
2023-11-24 10:58:02,5,9,4934,5046
2023-11-24 10:58:03,5,8,4934,5046
2023-11-24 10:58:44,5,7,4934,5046
2023-11-24 10:58:45,5,8,4934,5046
2023-11-24 10:58:47,5,7,4934,5046
2023-11-24 10:58:48,5,8,4934,5046
2023-11-24 10:58:48,5,7,4934,5046
2023-11-24 10:58:49,5,8,4934,5046
2023-11-24 10:58:50,5,7,4934,5046
2023-11-24 10:58:58,5,8,4934,5046
2023-11-24 10:59:01,5,9,4934,5046
2023-11-24 10:59:01,5,14,4934,5046
2023-11-24 10:59:01,5,8,4934,5046
2023-11-24 10:59:02,5,7,4934,5046
2023-11-24 11:00:18,5,12,4934,5046
2023-11-24 11:00:28,5,13,4934,5046
2023-11-24 11:00:41,5,12,4934,5046
2023-11-24 11:00:41,5,11,4934,5046
2023-11-24 11:00:42,5,10,4934,5046
2023-11-24 11:00:42,5,9,4934,5046
2023-11-24 11:00:43,5,8,4934,5046
2023-11-24 11:00:43,5,7,4934,5046
2023-11-24 11:00:43,5,6,4934,5046
2023-11-24 11:01:01,4,5,5184,5296
2023-11-24 11:01:13,3,5,5184,7296
2023-11-24 11:03:06,1,3,5684,7796
2023-11-24 11:03:43,1,3,5684,8090
2023-11-24 11:03:50,1,8,8890,11296
2023-11-24 11:03:50,1,7,8890,11296
2023-11-24 11:03:50,1,6,8890,11296
2023-11-24 11:04:08,2,6,8890,11296
2023-11-24 11:04:21,2,7,8890,11296
2023-11-24 11:05:10,3,7,8890,11296
2023-11-24 11:05:13,3,8,8890,11296
2023-11-24 11:05:16,3,5,8890,11296
2023-11-24 11:08:42,2,3,8890,12296
2023-11-24 11:08:43,2,3,8890,12563
2023-11-24 11:10:46,2,3,8890,12588
2023-11-24 11:18:32,2,3,9644,13342
2023-11-24 11:18:32,1,2,9684,13558
2023-11-24 11:27:59,0,2,9684,13558
2023-11-24 11:28:06,1,2,9684,13558
2023-11-24 11:50:22,1,2,9684,13956
2023-11-24 12:00:01,0,2,9684,13956
2023-11-24 12:06:50,1,2,9684,13956
2023-11-24 12:10:00,0,2,9684,13956
2023-11-24 12:53:42,0,1,9684,13956
