datetime,bid,ask,open_interest,volume
2023-09-11 09:30:01,23,40,62,64
2023-09-11 09:30:09,19,40,62,64
2023-09-11 09:30:09,15,40,62,64
2023-09-11 09:30:09,11,40,62,64
2023-09-11 09:30:12,21,40,62,64
2023-09-11 09:30:20,21,31,62,64
2023-09-11 09:31:00,23,31,62,64
2023-09-11 09:31:00,23,25,62,64
2023-09-11 09:31:32,23,24,62,64
2023-09-11 09:31:33,22,24,62,64
2023-09-11 09:31:35,21,24,62,64
2023-09-11 09:31:37,22,24,62,64
2023-09-11 09:31:38,21,24,62,64
2023-09-11 09:31:41,21,23,62,64
2023-09-11 09:31:42,21,24,62,64
2023-09-11 09:31:44,22,24,62,64
2023-09-11 09:31:47,22,25,62,64
2023-09-11 09:31:49,23,25,62,64
2023-09-11 09:31:56,22,25,62,64
2023-09-11 09:31:57,23,25,62,64
2023-09-11 09:32:06,24,25,62,64
2023-09-11 09:32:07,24,27,62,64
2023-09-11 09:32:09,24,26,62,64
2023-09-11 09:32:10,23,26,62,64
2023-09-11 09:32:10,23,25,62,64
2023-09-11 09:32:12,22,25,62,64
2023-09-11 09:32:29,23,25,62,64
2023-09-11 09:32:33,22,25,62,64
2023-09-11 09:32:35,22,24,62,64
2023-09-11 09:32:36,21,24,62,64
2023-09-11 09:32:37,21,23,62,64
2023-09-11 09:33:01,20,23,62,64
2023-09-11 09:33:01,20,22,62,64
2023-09-11 09:33:10,20,23,62,64
2023-09-11 09:33:11,20,23,63,65
2023-09-11 09:33:12,22,23,63,65
2023-09-11 09:33:29,20,22,72,75
2023-09-11 09:33:30,19,22,72,75
2023-09-11 09:33:37,20,22,72,75
2023-09-11 09:33:42,19,22,72,75
2023-09-11 09:33:43,19,21,72,75
2023-09-11 09:34:22,19,20,72,75
2023-09-11 09:34:29,19,21,72,75
2023-09-11 09:34:31,19,22,72,75
2023-09-11 09:34:41,19,21,72,75
2023-09-11 09:34:43,19,22,72,75
2023-09-11 09:34:48,20,22,72,75
2023-09-11 09:34:56,21,22,72,75
2023-09-11 09:34:56,21,23,72,75
2023-09-11 09:35:01,21,22,72,75
2023-09-11 09:35:01,19,22,72,75
2023-09-11 09:35:05,19,21,72,75
2023-09-11 09:35:22,18,21,72,75
2023-09-11 09:35:23,18,20,72,75
2023-09-11 09:35:38,18,19,72,75
2023-09-11 09:35:51,18,20,72,75
2023-09-11 09:35:55,18,21,72,75
2023-09-11 09:35:58,18,20,72,75
2023-09-11 09:35:59,18,21,72,75
2023-09-11 09:36:00,19,21,72,75
2023-09-11 09:36:01,19,20,72,75
2023-09-11 09:36:01,18,20,72,75
2023-09-11 09:36:06,17,20,72,75
2023-09-11 09:36:08,18,20,72,75
2023-09-11 09:36:16,18,21,72,75
2023-09-11 09:36:17,19,21,72,75
2023-09-11 09:36:19,19,22,72,75
2023-09-11 09:36:23,19,21,72,75
2023-09-11 09:36:30,19,22,72,75
2023-09-11 09:36:32,20,22,72,75
2023-09-11 09:36:34,19,22,72,75
2023-09-11 09:36:41,20,22,72,75
2023-09-11 09:36:44,20,23,72,75
2023-09-11 09:36:49,21,23,72,75
2023-09-11 09:37:02,20,23,72,75
2023-09-11 09:37:04,20,22,72,75
2023-09-11 09:37:07,20,23,72,75
2023-09-11 09:37:08,20,22,72,75
2023-09-11 09:37:09,20,23,72,75
2023-09-11 09:37:10,20,22,72,75
2023-09-11 09:37:12,20,23,72,75
2023-09-11 09:37:16,20,22,72,75
2023-09-11 09:37:18,20,23,72,75
2023-09-11 09:37:21,20,23,90,93
2023-09-11 09:37:21,20,22,90,93
2023-09-11 09:37:22,21,22,90,93
2023-09-11 09:37:22,21,23,90,93
2023-09-11 09:37:26,22,23,90,93
2023-09-11 09:37:26,22,24,90,93
2023-09-11 09:37:27,23,24,90,93
2023-09-11 09:37:28,23,25,90,93
2023-09-11 09:37:29,24,25,90,93
2023-09-11 09:37:32,24,26,90,93
2023-09-11 09:37:42,24,25,90,93
2023-09-11 09:37:44,24,26,90,93
2023-09-11 09:37:46,25,26,90,93
2023-09-11 09:37:58,24,26,90,93
2023-09-11 09:37:59,24,25,90,93
2023-09-11 09:38:03,24,26,90,93
2023-09-11 09:38:05,24,25,90,93
2023-09-11 09:38:11,24,26,90,93
2023-09-11 09:38:13,25,26,90,93
2023-09-11 09:38:22,25,27,90,93
2023-09-11 09:38:40,26,27,90,93
2023-09-11 09:38:51,27,28,81,111
2023-09-11 09:38:52,26,28,81,111
2023-09-11 09:38:53,26,29,81,111
2023-09-11 09:38:53,27,29,81,111
2023-09-11 09:38:58,27,30,81,111
2023-09-11 09:38:58,28,30,81,111
2023-09-11 09:39:49,29,30,81,111
2023-09-11 09:39:50,29,31,81,111
2023-09-11 09:39:52,30,31,81,111
2023-09-11 09:39:52,30,32,81,111
2023-09-11 09:39:54,31,32,81,111
2023-09-11 09:40:03,30,32,81,111
2023-09-11 09:40:04,30,31,81,111
2023-09-11 09:40:08,30,32,81,111
2023-09-11 09:40:13,29,32,281,311
2023-09-11 09:40:14,30,32,281,311
2023-09-11 09:40:15,29,32,281,311
2023-09-11 09:40:16,29,31,281,311
2023-09-11 09:40:18,28,31,281,311
2023-09-11 09:40:18,28,30,281,311
2023-09-11 09:40:20,29,30,281,311
2023-09-11 09:40:22,29,32,281,311
2023-09-11 09:40:22,29,31,281,311
2023-09-11 09:40:31,28,31,281,311
2023-09-11 09:40:32,29,31,281,311
2023-09-11 09:40:35,29,32,281,311
2023-09-11 09:40:40,30,32,281,311
2023-09-11 09:40:59,30,33,281,311
2023-09-11 09:40:59,31,33,281,311
2023-09-11 09:41:22,31,33,366,396
2023-09-11 09:41:41,32,33,366,396
2023-09-11 09:42:06,31,33,366,396
2023-09-11 09:42:21,31,33,466,496
2023-09-11 09:42:44,31,32,466,496
2023-09-11 09:43:19,32,33,488,518
2023-09-11 09:43:20,32,34,488,518
2023-09-11 09:43:21,33,34,488,518
2023-09-11 09:43:22,32,34,488,518
2023-09-11 09:43:34,33,34,488,518
2023-09-11 09:43:37,33,35,488,518
2023-09-11 09:43:46,32,35,488,518
2023-09-11 09:43:46,32,34,488,518
2023-09-11 09:43:50,31,34,488,518
2023-09-11 09:43:54,32,34,488,518
2023-09-11 09:44:00,31,34,488,518
2023-09-11 09:44:01,31,33,488,518
2023-09-11 09:44:13,32,33,488,518
2023-09-11 09:44:13,32,34,488,518
2023-09-11 09:44:13,32,34,511,541
2023-09-11 09:44:17,32,34,594,624
2023-09-11 09:44:18,31,34,594,624
2023-09-11 09:44:20,32,34,594,624
2023-09-11 09:44:22,32,35,594,624
2023-09-11 09:44:35,33,35,594,624
2023-09-11 09:45:01,33,34,594,624
2023-09-11 09:45:01,32,34,594,624
2023-09-11 09:45:01,31,34,594,624
2023-09-11 09:45:03,32,34,594,624
2023-09-11 09:45:04,32,35,594,624
2023-09-11 09:45:07,32,34,594,624
2023-09-11 09:45:10,32,35,594,624
2023-09-11 09:45:15,33,35,594,624
2023-09-11 09:45:17,32,35,594,624
2023-09-11 09:45:24,32,34,594,624
2023-09-11 09:45:25,32,35,594,624
2023-09-11 09:45:25,32,34,594,624
2023-09-11 09:45:26,32,35,594,624
2023-09-11 09:45:29,33,35,594,624
2023-09-11 09:45:52,34,35,594,624
2023-09-11 09:45:53,34,36,594,624
2023-09-11 09:46:02,35,36,594,624
2023-09-11 09:46:04,36,37,627,657
2023-09-11 09:46:07,36,38,627,657
2023-09-11 09:46:21,36,39,627,657
2023-09-11 09:46:21,37,39,627,657
2023-09-11 09:46:22,38,39,627,657
2023-09-11 09:46:22,38,40,627,657
2023-09-11 09:46:40,37,40,627,657
2023-09-11 09:46:48,37,39,627,657
2023-09-11 09:46:50,36,39,627,657
2023-09-11 09:46:53,37,39,627,657
2023-09-11 09:47:00,36,39,627,657
2023-09-11 09:47:02,37,39,627,657
2023-09-11 09:47:05,36,39,627,657
2023-09-11 09:47:07,36,38,627,657
2023-09-11 09:47:09,35,38,627,657
2023-09-11 09:47:12,36,38,627,657
2023-09-11 09:47:13,36,37,627,657
2023-09-11 09:47:15,35,37,627,657
2023-09-11 09:47:34,36,37,627,657
2023-09-11 09:47:42,37,39,652,682
2023-09-11 09:47:42,37,40,652,682
2023-09-11 09:47:43,36,40,652,682
2023-09-11 09:47:43,37,40,652,682
2023-09-11 09:47:45,36,40,652,682
2023-09-11 09:47:45,36,39,652,682
2023-09-11 09:47:46,37,39,652,682
2023-09-11 09:47:47,36,39,652,682
2023-09-11 09:48:13,37,39,652,682
2023-09-11 09:48:14,37,40,652,682
2023-09-11 09:48:23,38,40,652,682
2023-09-11 09:48:39,37,40,652,682
2023-09-11 09:49:02,38,40,652,682
2023-09-11 09:49:03,38,39,652,682
2023-09-11 09:49:03,38,40,652,682
2023-09-11 09:49:04,39,40,652,682
2023-09-11 09:49:08,38,40,652,682
2023-09-11 09:49:11,37,40,652,682
2023-09-11 09:49:18,38,40,652,682
2023-09-11 09:49:48,37,40,652,682
2023-09-11 09:49:49,38,40,652,682
2023-09-11 09:49:50,37,40,652,682
2023-09-11 09:49:54,37,39,652,682
2023-09-11 09:49:55,36,39,652,682
2023-09-11 09:49:57,37,39,652,682
2023-09-11 09:49:58,37,40,652,682
2023-09-11 09:50:07,38,40,652,682
2023-09-11 09:50:35,37,40,652,682
2023-09-11 09:50:44,38,40,652,682
2023-09-11 09:50:58,38,41,653,883
2023-09-11 09:50:59,39,41,653,883
2023-09-11 09:51:02,40,41,653,883
2023-09-11 09:51:24,39,41,653,883
2023-09-11 09:51:29,38,41,653,883
2023-09-11 09:51:37,39,41,653,883
2023-09-11 09:51:41,39,42,653,883
2023-09-11 09:51:42,39,41,653,883
2023-09-11 09:51:43,39,42,653,883
2023-09-11 09:51:43,40,42,653,883
2023-09-11 09:51:44,41,42,653,883
2023-09-11 09:52:08,40,42,653,883
2023-09-11 09:52:08,39,42,653,883
2023-09-11 09:52:09,39,41,653,883
2023-09-11 09:52:11,39,40,653,883
2023-09-11 09:52:45,38,40,653,883
2023-09-11 09:52:53,38,41,653,883
2023-09-11 09:52:54,38,40,653,883
2023-09-11 09:53:00,37,40,653,883
2023-09-11 09:53:13,37,39,653,883
2023-09-11 09:53:26,37,38,653,883
2023-09-11 09:53:39,37,39,653,883
2023-09-11 09:53:44,37,40,653,883
2023-09-11 09:53:45,38,40,653,883
2023-09-11 09:53:48,37,40,653,883
2023-09-11 09:53:54,37,39,653,883
2023-09-11 09:55:02,37,38,653,883
2023-09-11 09:55:10,37,39,653,883
2023-09-11 09:55:19,37,38,653,883
2023-09-11 09:55:25,37,39,653,883
2023-09-11 09:55:27,37,38,653,883
2023-09-11 09:55:29,36,38,653,883
2023-09-11 09:55:44,36,37,653,883
2023-09-11 09:55:48,35,37,653,883
2023-09-11 09:56:41,35,38,653,883
2023-09-11 09:56:41,36,38,653,883
2023-09-11 09:56:43,35,38,653,883
2023-09-11 09:56:45,36,38,653,883
2023-09-11 09:56:46,35,38,653,883
2023-09-11 09:56:49,35,37,653,883
2023-09-11 09:56:53,35,38,653,883
2023-09-11 09:56:55,35,37,653,883
2023-09-11 09:56:58,35,38,653,883
2023-09-11 09:57:09,35,37,653,883
2023-09-11 09:57:13,35,38,653,883
2023-09-11 09:57:25,36,38,653,883
2023-09-11 09:57:28,36,39,653,883
2023-09-11 09:57:33,37,39,653,883
2023-09-11 09:57:34,36,39,653,883
2023-09-11 09:57:36,37,39,653,883
2023-09-11 09:57:41,37,40,653,883
2023-09-11 09:57:51,38,40,653,883
2023-09-11 09:58:10,39,40,653,883
2023-09-11 09:58:12,40,42,686,916
2023-09-11 09:58:15,41,42,686,916
2023-09-11 09:58:17,41,43,686,916
2023-09-11 09:59:08,42,43,686,916
2023-09-11 09:59:10,42,44,686,916
2023-09-11 10:00:08,42,43,686,916
2023-09-11 10:00:10,41,43,686,916
2023-09-11 10:00:26,41,44,686,916
2023-09-11 10:00:39,41,43,686,916
2023-09-11 10:00:55,41,42,686,916
2023-09-11 10:01:40,40,42,686,943
2023-09-11 10:01:41,39,42,686,943
2023-09-11 10:01:41,39,41,686,943
2023-09-11 10:01:48,39,42,686,943
2023-09-11 10:01:49,40,42,686,943
2023-09-11 10:02:14,41,42,686,943
2023-09-11 10:03:04,39,42,686,977
2023-09-11 10:03:06,39,41,686,977
2023-09-11 10:03:25,39,40,686,977
2023-09-11 10:03:32,39,41,686,977
2023-09-11 10:03:48,39,42,686,977
2023-09-11 10:03:55,39,41,686,977
2023-09-11 10:04:02,40,41,686,977
2023-09-11 10:04:18,39,41,686,977
2023-09-11 10:04:22,40,41,686,977
2023-09-11 10:04:38,41,43,698,989
2023-09-11 10:04:38,41,44,698,989
2023-09-11 10:04:45,41,43,698,989
2023-09-11 10:04:46,41,44,698,989
2023-09-11 10:05:01,42,44,698,989
2023-09-11 10:05:17,43,44,698,989
2023-09-11 10:05:20,42,44,698,989
2023-09-11 10:05:48,43,44,698,989
2023-09-11 10:06:09,42,44,698,989
2023-09-11 10:06:12,43,44,698,989
2023-09-11 10:06:55,43,44,698,993
2023-09-11 10:07:52,44,45,718,1013
2023-09-11 10:08:04,43,45,718,1013
2023-09-11 10:08:08,44,45,718,1013
2023-09-11 10:08:11,43,45,718,1013
2023-09-11 10:08:18,42,45,718,1013
2023-09-11 10:08:21,43,45,718,1013
2023-09-11 10:08:24,42,45,718,1013
2023-09-11 10:08:25,42,44,718,1013
2023-09-11 10:08:31,43,44,718,1013
2023-09-11 10:08:32,43,45,718,1013
2023-09-11 10:08:36,42,45,718,1013
2023-09-11 10:08:38,42,44,718,1013
2023-09-11 10:09:07,42,45,718,1013
2023-09-11 10:09:16,43,45,718,1013
2023-09-11 10:10:00,42,45,718,1013
2023-09-11 10:10:00,42,44,718,1013
2023-09-11 10:10:07,42,45,718,1013
2023-09-11 10:10:18,42,44,718,1013
2023-09-11 10:10:33,43,44,718,1013
2023-09-11 10:10:33,43,45,718,1013
2023-09-11 10:10:36,42,45,718,1013
2023-09-11 10:10:40,42,44,718,1013
2023-09-11 10:10:44,42,43,718,1013
2023-09-11 10:10:46,42,44,718,1013
2023-09-11 10:10:50,42,43,718,1013
2023-09-11 10:10:53,42,44,718,1013
2023-09-11 10:10:57,42,43,718,1013
2023-09-11 10:11:02,41,43,718,1013
2023-09-11 10:11:37,41,44,718,1013
2023-09-11 10:11:45,42,44,718,1013
2023-09-11 10:11:47,42,45,718,1013
2023-09-11 10:11:47,42,44,718,1013
2023-09-11 10:11:49,43,44,718,1013
2023-09-11 10:11:49,43,45,718,1013
2023-09-11 10:11:51,44,45,718,1013
2023-09-11 10:12:10,45,46,722,1017
2023-09-11 10:12:18,46,47,746,1041
2023-09-11 10:12:24,45,47,746,1041
2023-09-11 10:12:26,46,47,746,1041
2023-09-11 10:12:41,46,48,746,1041
2023-09-11 10:12:48,46,47,746,1041
2023-09-11 10:12:54,45,47,746,1041
2023-09-11 10:12:59,46,47,746,1041
2023-09-11 10:13:01,46,48,746,1041
2023-09-11 10:13:07,47,48,746,1041
2023-09-11 10:13:35,46,47,724,1063
2023-09-11 10:13:41,46,47,964,1482
2023-09-11 10:13:45,46,48,964,1482
2023-09-11 10:13:59,45,48,964,1482
2023-09-11 10:14:00,45,47,964,1482
2023-09-11 10:14:09,45,48,964,1482
2023-09-11 10:14:12,45,47,964,1482
2023-09-11 10:14:15,45,48,964,1482
2023-09-11 10:14:17,45,47,964,1482
2023-09-11 10:14:22,45,48,964,1482
2023-09-11 10:14:23,45,47,964,1482
2023-09-11 10:14:31,44,47,964,1482
2023-09-11 10:14:40,45,47,964,1482
2023-09-11 10:14:41,44,47,964,1482
2023-09-11 10:15:03,46,47,964,1482
2023-09-11 10:15:03,46,48,964,1482
2023-09-11 10:15:07,45,48,964,1482
2023-09-11 10:15:11,45,47,964,1482
2023-09-11 10:15:15,45,48,964,1482
2023-09-11 10:15:18,45,47,964,1482
2023-09-11 10:15:20,44,47,964,1482
2023-09-11 10:15:20,44,46,964,1482
2023-09-11 10:15:25,45,46,964,1482
2023-09-11 10:15:35,44,46,964,1482
2023-09-11 10:15:36,45,46,964,1482
2023-09-11 10:15:40,45,47,964,1482
2023-09-11 10:15:49,45,48,964,1482
2023-09-11 10:15:51,45,47,964,1482
2023-09-11 10:15:57,44,47,964,1482
2023-09-11 10:15:59,45,47,964,1482
2023-09-11 10:16:00,44,47,964,1482
2023-09-11 10:16:03,44,46,964,1482
2023-09-11 10:16:05,44,47,964,1482
2023-09-11 10:16:08,45,47,964,1482
2023-09-11 10:16:13,45,48,964,1482
2023-09-11 10:16:28,45,47,964,1482
2023-09-11 10:16:31,45,46,964,1482
2023-09-11 10:16:35,45,48,964,1482
2023-09-11 10:16:36,45,47,964,1482
2023-09-11 10:16:39,46,47,964,1482
2023-09-11 10:16:41,46,48,964,1482
2023-09-11 10:16:48,45,48,964,1482
2023-09-11 10:16:48,45,47,964,1482
2023-09-11 10:16:49,45,48,964,1482
2023-09-11 10:16:50,45,47,964,1482
2023-09-11 10:17:01,46,47,964,1482
2023-09-11 10:17:03,45,47,964,1482
2023-09-11 10:17:09,44,47,964,1482
2023-09-11 10:17:14,45,47,964,1482
2023-09-11 10:17:15,44,47,964,1482
2023-09-11 10:17:23,45,47,964,1482
2023-09-11 10:17:26,44,47,964,1482
2023-09-11 10:17:42,44,46,964,1482
2023-09-11 10:17:58,44,47,964,1482
2023-09-11 10:17:59,45,47,964,1482
2023-09-11 10:18:03,44,47,964,1482
2023-09-11 10:18:10,44,46,964,1482
2023-09-11 10:18:11,44,47,964,1482
2023-09-11 10:18:25,44,46,964,1482
2023-09-11 10:18:30,44,47,964,1482
2023-09-11 10:18:38,44,46,964,1482
2023-09-11 10:18:48,44,45,964,1482
2023-09-11 10:18:48,43,45,964,1482
2023-09-11 10:18:53,43,46,964,1482
2023-09-11 10:19:04,43,45,964,1482
2023-09-11 10:19:54,43,45,985,1503
2023-09-11 10:20:00,43,44,985,1503
2023-09-11 10:20:01,43,45,985,1503
2023-09-11 10:20:27,43,46,985,1503
2023-09-11 10:20:30,43,45,985,1503
2023-09-11 10:20:39,43,44,985,1503
2023-09-11 10:21:15,42,44,985,1503
2023-09-11 10:21:17,41,44,985,1503
2023-09-11 10:21:17,41,43,985,1503
2023-09-11 10:21:23,41,42,985,1503
2023-09-11 10:21:39,41,43,985,1503
2023-09-11 10:21:41,41,42,985,1503
2023-09-11 10:21:43,40,42,985,1503
2023-09-11 10:22:23,40,41,985,1503
2023-09-11 10:22:24,39,41,985,1503
2023-09-11 10:22:55,39,40,985,1503
2023-09-11 10:22:55,38,40,1185,1703
2023-09-11 10:23:04,37,40,1185,1703
2023-09-11 10:23:10,38,40,1185,1703
2023-09-11 10:23:12,38,41,1185,1703
2023-09-11 10:23:16,39,41,1185,1703
2023-09-11 10:23:18,39,42,1185,1703
2023-09-11 10:23:19,39,41,1185,1703
2023-09-11 10:23:20,38,41,1185,1703
2023-09-11 10:23:32,38,40,1185,1703
2023-09-11 10:23:40,39,40,1185,1703
2023-09-11 10:23:49,40,42,1210,1728
2023-09-11 10:23:57,40,43,1210,1728
2023-09-11 10:24:11,40,42,1210,1728
2023-09-11 10:24:12,40,43,1210,1728
2023-09-11 10:24:16,40,42,1210,1728
2023-09-11 10:24:17,39,42,1210,1728
2023-09-11 10:24:22,40,42,1210,1728
2023-09-11 10:24:41,40,43,1210,1728
2023-09-11 10:24:42,40,42,1210,1728
2023-09-11 10:24:49,39,42,1210,1728
2023-09-11 10:25:00,39,41,1210,1728
2023-09-11 10:25:01,38,41,1210,1728
2023-09-11 10:25:04,38,40,1210,1728
2023-09-11 10:25:06,38,41,1210,1728
2023-09-11 10:25:08,38,40,1210,1728
2023-09-11 10:25:14,37,40,1210,1728
2023-09-11 10:25:29,37,39,1210,1728
2023-09-11 10:25:56,36,39,1410,1928
2023-09-11 10:25:57,36,38,1410,1928
2023-09-11 10:25:57,36,37,1410,1928
2023-09-11 10:25:59,36,39,1410,1928
2023-09-11 10:26:00,36,38,1410,1928
2023-09-11 10:26:00,36,37,1410,1928
2023-09-11 10:26:02,35,37,1410,1928
2023-09-11 10:26:06,34,37,1410,1928
2023-09-11 10:26:06,34,36,1410,1928
2023-09-11 10:26:08,34,37,1410,1928
2023-09-11 10:26:11,34,36,1410,1928
2023-09-11 10:26:13,34,37,1410,1928
2023-09-11 10:26:15,34,36,1410,1928
2023-09-11 10:26:16,34,37,1410,1928
2023-09-11 10:26:18,34,36,1410,1928
2023-09-11 10:26:19,34,37,1410,1928
2023-09-11 10:26:34,34,36,1410,1928
2023-09-11 10:27:06,33,36,1410,1928
2023-09-11 10:27:06,33,35,1410,1928
2023-09-11 10:27:08,33,34,1410,1928
2023-09-11 10:27:27,33,35,1410,1928
2023-09-11 10:27:40,33,36,1410,1928
2023-09-11 10:28:00,33,35,1410,1928
2023-09-11 10:28:15,33,34,1410,1928
2023-09-11 10:28:15,32,34,1410,1928
2023-09-11 10:28:20,31,34,1610,2128
2023-09-11 10:28:21,31,33,1610,2128
2023-09-11 10:28:21,31,32,1610,2128
2023-09-11 10:28:24,30,32,1610,2128
2023-09-11 10:28:34,30,31,1610,2128
2023-09-11 10:28:40,30,32,1610,2128
2023-09-11 10:28:44,30,31,1610,2128
2023-09-11 10:28:54,30,32,1610,2128
2023-09-11 10:28:58,30,33,1610,2128
2023-09-11 10:29:07,30,32,1610,2128
2023-09-11 10:29:08,30,33,1610,2128
2023-09-11 10:29:10,30,32,1610,2128
2023-09-11 10:29:12,30,33,1610,2128
2023-09-11 10:29:16,31,33,1610,2128
2023-09-11 10:29:17,30,33,1610,2128
2023-09-11 10:29:17,30,32,1610,2128
2023-09-11 10:29:18,30,33,1610,2128
2023-09-11 10:29:19,30,32,1610,2128
2023-09-11 10:29:27,31,32,1610,2128
2023-09-11 10:29:28,31,33,1610,2128
2023-09-11 10:29:37,31,34,1610,2128
2023-09-11 10:29:45,31,33,1610,2128
2023-09-11 10:29:46,30,33,1610,2128
2023-09-11 10:29:47,31,33,1610,2128
2023-09-11 10:29:49,30,33,1610,2128
2023-09-11 10:29:54,31,33,1610,2128
2023-09-11 10:30:00,30,33,1610,2128
2023-09-11 10:30:01,31,33,1610,2128
2023-09-11 10:30:02,32,33,1610,2128
2023-09-11 10:30:02,32,34,1610,2128
2023-09-11 10:30:06,32,35,1610,2128
2023-09-11 10:30:07,33,35,1610,2128
2023-09-11 10:30:08,34,35,1610,2128
2023-09-11 10:30:11,35,38,1641,2159
2023-09-11 10:30:13,36,38,1641,2159
2023-09-11 10:30:14,35,38,1641,2159
2023-09-11 10:30:14,35,37,1641,2159
2023-09-11 10:30:18,35,38,1641,2159
2023-09-11 10:30:19,35,37,1641,2159
2023-09-11 10:30:23,35,38,1641,2159
2023-09-11 10:30:31,35,37,1641,2159
2023-09-11 10:30:32,34,37,1641,2159
2023-09-11 10:30:39,35,37,1641,2159
2023-09-11 10:30:46,35,38,1641,2159
2023-09-11 10:30:50,35,39,1641,2159
2023-09-11 10:30:51,36,39,1641,2159
2023-09-11 10:30:54,36,38,1641,2159
2023-09-11 10:30:55,36,39,1641,2159
2023-09-11 10:30:56,36,38,1641,2159
2023-09-11 10:31:04,36,39,1641,2159
2023-09-11 10:31:25,38,39,1641,2159
2023-09-11 10:31:25,38,40,1641,2159
2023-09-11 10:31:31,39,40,1641,2159
2023-09-11 10:31:43,40,42,1705,2223
2023-09-11 10:31:46,40,43,1705,2223
2023-09-11 10:31:46,41,43,1705,2223
2023-09-11 10:31:48,42,43,1705,2223
2023-09-11 10:31:49,42,44,1705,2223
2023-09-11 10:31:53,43,44,1705,2223
2023-09-11 10:31:55,43,45,1705,2223
2023-09-11 10:32:01,42,45,1705,2223
2023-09-11 10:32:03,42,44,1705,2223
2023-09-11 10:32:07,42,45,1705,2223
2023-09-11 10:32:09,42,44,1705,2223
2023-09-11 10:32:11,41,44,1705,2223
2023-09-11 10:32:11,41,43,1705,2223
2023-09-11 10:32:28,41,43,1754,2272
2023-09-11 10:32:42,41,44,1754,2272
2023-09-11 10:33:11,41,45,1754,2272
2023-09-11 10:33:12,42,45,1754,2272
2023-09-11 10:33:28,43,45,1754,2272
2023-09-11 10:33:32,42,45,1754,2272
2023-09-11 10:33:32,42,44,1754,2272
2023-09-11 10:33:33,41,44,1754,2272
2023-09-11 10:33:34,41,43,1754,2272
2023-09-11 10:33:35,41,44,1754,2272
2023-09-11 10:33:46,41,43,1754,2272
2023-09-11 10:33:48,41,44,1754,2272
2023-09-11 10:34:14,42,44,1754,2272
2023-09-11 10:34:17,41,44,1754,2272
2023-09-11 10:34:34,42,44,1754,2272
2023-09-11 10:34:36,41,44,1754,2272
2023-09-11 10:34:42,41,45,1754,2272
2023-09-11 10:34:43,42,45,1754,2272
2023-09-11 10:35:09,43,45,1754,2272
2023-09-11 10:35:29,44,45,1754,2272
2023-09-11 10:35:30,44,46,1754,2272
2023-09-11 10:35:37,44,46,1775,2293
2023-09-11 10:35:37,44,46,1796,2314
2023-09-11 10:36:01,43,46,1796,2314
2023-09-11 10:36:08,44,46,1796,2314
2023-09-11 10:36:36,44,47,1796,2314
2023-09-11 10:36:47,44,46,1796,2314
2023-09-11 10:36:47,43,46,1796,2314
2023-09-11 10:36:50,43,47,1796,2314
2023-09-11 10:36:52,44,47,1796,2314
2023-09-11 10:37:16,45,47,1796,2314
2023-09-11 10:37:20,44,47,1796,2314
2023-09-11 10:37:24,45,47,1796,2314
2023-09-11 10:37:32,46,47,1796,2314
2023-09-11 10:37:48,45,47,1796,2314
2023-09-11 10:37:59,44,47,1796,2314
2023-09-11 10:38:12,45,47,1796,2314
2023-09-11 10:38:20,44,47,1796,2314
2023-09-11 10:38:53,44,46,1796,2314
2023-09-11 10:38:56,43,46,1796,2314
2023-09-11 10:39:06,43,47,1796,2314
2023-09-11 10:39:06,44,47,1796,2314
2023-09-11 10:40:04,45,47,1796,2314
2023-09-11 10:40:16,44,47,1796,2314
2023-09-11 10:40:29,44,46,1796,2314
2023-09-11 10:40:31,44,45,1796,2314
2023-09-11 10:40:34,44,45,1796,2341
2023-09-11 10:40:36,42,44,1795,2342
2023-09-11 10:40:49,42,45,1795,2342
2023-09-11 10:40:52,42,44,1795,2342
2023-09-11 10:41:27,43,44,1795,2342
2023-09-11 10:41:34,42,43,1769,2368
2023-09-11 10:41:35,41,43,1769,2368
2023-09-11 10:41:40,41,42,1769,2368
2023-09-11 10:41:40,41,42,1796,2395
2023-09-11 10:41:41,40,42,1796,2395
2023-09-11 10:41:50,40,41,1796,2395
2023-09-11 10:41:51,39,41,1796,2395
2023-09-11 10:41:53,39,42,1796,2395
2023-09-11 10:41:54,39,41,1796,2395
2023-09-11 10:42:02,39,42,1796,2395
2023-09-11 10:42:05,39,41,1796,2395
2023-09-11 10:42:33,38,41,1796,2395
2023-09-11 10:42:34,38,40,1796,2395
2023-09-11 10:42:40,38,41,1796,2395
2023-09-11 10:42:42,38,42,1796,2395
2023-09-11 10:42:42,39,42,1796,2395
2023-09-11 10:42:44,40,42,1796,2395
2023-09-11 10:42:45,40,43,1796,2395
2023-09-11 10:42:46,40,42,1796,2395
2023-09-11 10:42:49,39,42,1796,2395
2023-09-11 10:42:51,39,43,1796,2395
2023-09-11 10:42:51,40,43,1796,2395
2023-09-11 10:43:30,40,42,1796,2395
2023-09-11 10:43:32,40,43,1796,2395
2023-09-11 10:43:34,40,42,1796,2395
2023-09-11 10:43:35,39,42,1796,2395
2023-09-11 10:43:58,40,42,1796,2395
2023-09-11 10:43:58,40,43,1796,2395
2023-09-11 10:44:02,40,42,1796,2395
2023-09-11 10:44:04,39,42,1796,2395
2023-09-11 10:44:05,39,43,1796,2395
2023-09-11 10:44:06,39,42,1796,2395
2023-09-11 10:44:09,39,43,1796,2395
2023-09-11 10:44:09,40,43,1796,2395
2023-09-11 10:44:10,40,42,1796,2395
2023-09-11 10:44:11,40,43,1796,2395
2023-09-11 10:44:12,40,42,1796,2395
2023-09-11 10:44:15,39,42,1796,2395
2023-09-11 10:44:16,39,43,1796,2395
2023-09-11 10:44:16,39,41,1796,2395
2023-09-11 10:44:20,40,41,1796,2395
2023-09-11 10:44:41,41,44,1797,2396
2023-09-11 10:44:42,42,44,1797,2396
2023-09-11 10:44:57,41,44,1797,2396
2023-09-11 10:44:59,41,43,1797,2396
2023-09-11 10:45:00,41,44,1797,2396
2023-09-11 10:45:05,41,43,1797,2396
2023-09-11 10:45:06,41,44,1797,2396
2023-09-11 10:45:08,41,43,1797,2396
2023-09-11 10:45:16,40,43,1797,2396
2023-09-11 10:45:33,40,42,1797,2396
2023-09-11 10:45:33,39,42,1797,2396
2023-09-11 10:45:34,39,43,1797,2396
2023-09-11 10:45:34,40,43,1797,2396
2023-09-11 10:45:50,40,42,1797,2396
2023-09-11 10:45:52,40,43,1797,2396
2023-09-11 10:45:56,40,42,1797,2396
2023-09-11 10:45:56,39,42,1797,2396
2023-09-11 10:45:58,39,41,1797,2396
2023-09-11 10:46:06,39,42,1797,2396
2023-09-11 10:46:06,39,41,1797,2396
2023-09-11 10:46:15,39,41,1820,2419
2023-09-11 10:46:19,39,41,1827,2426
2023-09-11 10:47:11,39,40,1827,2426
2023-09-11 10:47:13,38,41,1827,2426
2023-09-11 10:47:27,38,40,1827,2426
2023-09-11 10:47:42,38,41,1827,2426
2023-09-11 10:47:44,38,40,1827,2426
2023-09-11 10:47:45,38,41,1827,2426
2023-09-11 10:47:47,38,40,1827,2426
2023-09-11 10:47:48,38,41,1827,2426
2023-09-11 10:48:01,38,40,1827,2426
2023-09-11 10:48:03,38,41,1827,2426
2023-09-11 10:48:06,38,40,1827,2426
2023-09-11 10:48:08,38,41,1827,2426
2023-09-11 10:48:13,38,40,1827,2426
2023-09-11 10:48:31,38,41,1827,2426
2023-09-11 10:48:32,38,40,1827,2426
2023-09-11 10:48:33,38,41,1827,2426
2023-09-11 10:48:34,38,40,1827,2426
2023-09-11 10:48:36,38,41,1827,2426
2023-09-11 10:48:51,38,42,1827,2426
2023-09-11 10:48:59,38,41,1827,2426
2023-09-11 10:49:00,39,41,1827,2426
2023-09-11 10:49:00,39,42,1827,2426
2023-09-11 10:49:07,39,41,1827,2426
2023-09-11 10:49:07,38,41,1827,2426
2023-09-11 10:49:09,38,42,1827,2426
2023-09-11 10:49:13,38,41,1827,2426
2023-09-11 10:49:20,40,41,1827,2426
2023-09-11 10:49:22,40,41,1849,2448
2023-09-11 10:49:26,38,41,1927,2526
2023-09-11 10:49:28,38,40,1927,2526
2023-09-11 10:49:32,38,41,1927,2526
2023-09-11 10:49:35,38,42,1927,2526
2023-09-11 10:49:36,38,41,1927,2526
2023-09-11 10:49:38,38,42,1927,2526
2023-09-11 10:49:40,39,42,1927,2526
2023-09-11 10:49:43,38,42,1927,2526
2023-09-11 10:49:44,39,42,1927,2526
2023-09-11 10:49:48,38,42,1927,2526
2023-09-11 10:49:51,39,42,1927,2526
2023-09-11 10:49:52,38,42,1927,2526
2023-09-11 10:49:53,39,42,1927,2526
2023-09-11 10:49:54,38,42,1927,2526
2023-09-11 10:49:59,38,41,1927,2526
2023-09-11 10:50:08,38,42,1927,2526
2023-09-11 10:50:10,38,41,1927,2526
2023-09-11 10:50:13,38,40,1927,2526
2023-09-11 10:50:15,38,41,1927,2726
2023-09-11 10:50:16,38,40,1927,2726
2023-09-11 10:50:22,38,41,1927,2726
2023-09-11 10:50:24,38,40,1927,2726
2023-09-11 10:50:27,38,41,1927,2726
2023-09-11 10:50:40,39,41,1927,2726
2023-09-11 10:50:40,39,42,1927,2726
2023-09-11 10:50:41,38,42,1927,2726
2023-09-11 10:50:43,39,42,1927,2726
2023-09-11 10:50:48,38,42,1927,2726
2023-09-11 10:50:49,38,41,1927,2726
2023-09-11 10:50:50,38,42,1927,2726
2023-09-11 10:50:50,38,41,1927,2726
2023-09-11 10:50:51,38,42,1927,2726
2023-09-11 10:50:51,38,40,1927,2726
2023-09-11 10:50:55,39,40,1927,2726
2023-09-11 10:51:03,38,40,1927,2726
2023-09-11 10:51:54,38,41,1927,2726
2023-09-11 10:51:59,38,40,1927,2726
2023-09-11 10:52:09,38,41,1927,2726
2023-09-11 10:52:11,38,40,1927,2726
2023-09-11 10:52:15,38,41,1927,2726
2023-09-11 10:52:16,38,40,1927,2726
2023-09-11 10:52:20,38,40,1948,2747
2023-09-11 10:52:48,38,39,1948,2747
2023-09-11 10:52:52,38,40,1948,2747
2023-09-11 10:52:53,38,39,1948,2747
2023-09-11 10:52:58,38,40,1948,2747
2023-09-11 10:52:59,38,39,1948,2747
2023-09-11 10:53:02,37,39,2148,2947
2023-09-11 10:53:03,36,39,2148,2947
2023-09-11 10:53:03,36,38,2148,2947
2023-09-11 10:53:13,36,37,2148,2947
2023-09-11 10:53:25,37,39,2149,2948
2023-09-11 10:53:26,37,40,2149,2948
2023-09-11 10:53:27,38,40,2149,2948
2023-09-11 10:53:27,38,41,2149,2948
2023-09-11 10:53:30,39,41,2149,2948
2023-09-11 10:53:31,39,42,2149,2948
2023-09-11 10:53:34,39,41,2149,2948
2023-09-11 10:53:37,39,40,2149,2948
2023-09-11 10:53:40,38,40,2149,2948
2023-09-11 10:53:53,38,39,2149,2948
2023-09-11 10:53:58,38,39,2156,2955
2023-09-11 10:54:01,39,40,2182,2981
2023-09-11 10:54:01,39,40,2203,3002
2023-09-11 10:54:02,38,40,2203,3002
2023-09-11 10:54:02,39,40,2203,3002
2023-09-11 10:54:06,40,42,2204,3003
2023-09-11 10:54:09,40,43,2204,3003
2023-09-11 10:54:09,40,42,2204,3003
2023-09-11 10:54:09,40,43,2204,3003
2023-09-11 10:54:12,41,43,2204,3003
2023-09-11 10:54:12,41,43,2205,3004
2023-09-11 10:54:13,41,44,2205,3004
2023-09-11 10:54:24,42,44,2205,3004
2023-09-11 10:54:30,42,45,2205,3004
2023-09-11 10:54:38,43,45,2205,3004
2023-09-11 10:54:40,43,45,2206,3005
2023-09-11 10:54:41,42,45,2206,3005
2023-09-11 10:54:47,42,44,2206,3005
2023-09-11 10:54:55,43,44,2206,3005
2023-09-11 10:55:09,44,46,2207,3006
2023-09-11 10:55:09,44,47,2207,3006
2023-09-11 10:55:16,44,46,2207,3006
2023-09-11 10:55:20,43,46,2207,3006
2023-09-11 10:55:20,42,46,2207,3006
2023-09-11 10:55:21,43,46,2207,3006
2023-09-11 10:55:21,43,45,2207,3006
2023-09-11 10:55:25,43,44,2207,3006
2023-09-11 10:55:35,44,45,2233,3032
2023-09-11 10:55:54,43,45,2233,3032
2023-09-11 10:55:55,42,45,2233,3032
2023-09-11 10:55:56,42,44,2233,3032
2023-09-11 10:55:57,42,45,2233,3032
2023-09-11 10:55:58,42,44,2233,3032
2023-09-11 10:56:01,42,45,2233,3032
2023-09-11 10:56:17,42,44,2233,3032
2023-09-11 10:56:23,41,44,2233,3032
2023-09-11 10:56:38,42,44,2233,3032
2023-09-11 10:56:45,43,44,2233,3032
2023-09-11 10:56:51,44,45,2234,3033
2023-09-11 10:56:52,44,47,2235,3034
2023-09-11 10:56:53,45,47,2235,3034
2023-09-11 10:56:55,45,47,2272,3071
2023-09-11 10:57:07,45,48,2272,3071
2023-09-11 10:57:12,45,46,2272,3071
2023-09-11 10:57:15,46,48,2273,3072
2023-09-11 10:57:16,47,48,2273,3072
2023-09-11 10:57:16,47,49,2273,3072
2023-09-11 10:57:20,48,49,2273,3072
2023-09-11 10:57:23,48,50,2273,3072
2023-09-11 10:57:32,48,49,2273,3072
2023-09-11 10:57:35,49,50,2274,3073
2023-09-11 10:57:40,50,51,2276,3075
2023-09-11 10:57:41,50,52,2276,3075
2023-09-11 10:57:46,50,51,2276,3075
2023-09-11 10:58:04,51,52,2277,3076
2023-09-11 10:58:17,51,53,2277,3076
2023-09-11 10:58:18,51,52,2277,3076
2023-09-11 10:58:19,51,53,2277,3076
2023-09-11 10:58:31,51,52,2277,3076
2023-09-11 10:58:32,51,53,2277,3076
2023-09-11 10:58:33,51,52,2277,3076
2023-09-11 10:58:38,50,52,2277,3076
2023-09-11 10:58:43,51,52,2277,3076
2023-09-11 10:58:44,51,53,2277,3076
2023-09-11 10:58:47,51,52,2277,3076
2023-09-11 10:58:50,50,52,2277,3076
2023-09-11 10:59:01,49,52,2277,3076
2023-09-11 10:59:02,49,51,2277,3076
2023-09-11 10:59:03,49,50,2277,3076
2023-09-11 10:59:20,48,50,2277,3076
2023-09-11 10:59:36,48,51,2277,3076
2023-09-11 10:59:59,49,51,2277,3076
2023-09-11 11:00:01,49,52,2277,3076
2023-09-11 11:00:17,49,51,2277,3076
2023-09-11 11:00:18,48,51,2277,3076
2023-09-11 11:00:22,49,51,2277,3076
2023-09-11 11:00:27,49,52,2277,3076
2023-09-11 11:00:43,50,52,2277,3076
2023-09-11 11:01:02,50,53,2277,3076
2023-09-11 11:01:10,50,52,2277,3076
2023-09-11 11:01:11,50,53,2277,3076
2023-09-11 11:01:12,51,53,2277,3076
2023-09-11 11:01:20,51,52,2277,3076
2023-09-11 11:01:36,51,53,2277,3076
2023-09-11 11:01:37,51,52,2277,3076
2023-09-11 11:01:42,51,53,2277,3076
2023-09-11 11:01:46,51,52,2277,3076
2023-09-11 11:01:48,51,53,2277,3076
2023-09-11 11:01:50,51,52,2277,3076
2023-09-11 11:01:55,51,53,2277,3076
2023-09-11 11:01:56,51,52,2277,3076
2023-09-11 11:01:58,51,53,2277,3076
2023-09-11 11:02:09,51,52,2277,3076
2023-09-11 11:02:10,50,52,2277,3076
2023-09-11 11:02:15,50,53,2277,3076
2023-09-11 11:02:19,50,52,2277,3076
2023-09-11 11:02:21,50,53,2277,3076
2023-09-11 11:02:27,50,52,2277,3076
2023-09-11 11:02:39,50,53,2277,3076
2023-09-11 11:02:40,50,52,2277,3076
2023-09-11 11:02:49,50,53,2277,3076
2023-09-11 11:02:50,50,52,2277,3076
2023-09-11 11:02:51,50,53,2277,3076
2023-09-11 11:02:57,51,53,2277,3076
2023-09-11 11:03:09,51,54,2277,3076
2023-09-11 11:03:09,52,54,2277,3076
2023-09-11 11:03:13,52,55,2277,3076
2023-09-11 11:03:13,53,55,2277,3076
2023-09-11 11:03:14,54,55,2277,3076
2023-09-11 11:03:14,54,55,2282,3081
2023-09-11 11:03:27,53,55,2282,3081
2023-09-11 11:03:28,53,54,2282,3081
2023-09-11 11:04:03,53,55,2282,3081
2023-09-11 11:04:30,54,55,2282,3081
2023-09-11 11:04:34,54,55,2265,3098
2023-09-11 11:04:55,52,54,2240,3123
2023-09-11 11:05:43,52,53,2240,3123
2023-09-11 11:05:44,51,53,2240,3123
2023-09-11 11:05:57,51,54,2240,3123
2023-09-11 11:06:07,51,53,2240,3123
2023-09-11 11:06:15,51,54,2240,3123
2023-09-11 11:06:17,51,53,2240,3123
2023-09-11 11:06:38,51,52,2240,3123
2023-09-11 11:06:38,50,52,2240,3149
2023-09-11 11:06:38,50,51,2240,3149
2023-09-11 11:07:04,51,53,2266,3175
2023-09-11 11:07:04,51,54,2266,3175
2023-09-11 11:07:06,52,54,2266,3175
2023-09-11 11:07:11,51,54,2266,3175
2023-09-11 11:07:14,51,53,2266,3175
2023-09-11 11:07:39,51,54,2266,3175
2023-09-11 11:07:41,52,54,2266,3175
2023-09-11 11:07:46,52,53,2266,3175
2023-09-11 11:07:50,51,53,2266,3175
2023-09-11 11:07:52,52,53,2266,3175
2023-09-11 11:07:53,52,54,2266,3175
2023-09-11 11:08:21,51,54,2266,3175
2023-09-11 11:08:24,52,54,2266,3175
2023-09-11 11:08:25,51,54,2266,3175
2023-09-11 11:08:41,51,53,2266,3175
2023-09-11 11:08:42,51,52,2266,3175
2023-09-11 11:08:44,51,52,2466,3375
2023-09-11 11:08:44,51,53,2466,3375
2023-09-11 11:08:45,52,53,2466,3375
2023-09-11 11:08:52,52,54,2466,3375
2023-09-11 11:09:13,52,53,2466,3375
2023-09-11 11:09:14,52,54,2466,3375
2023-09-11 11:09:16,52,53,2466,3375
2023-09-11 11:09:17,52,54,2466,3375
2023-09-11 11:09:41,52,55,2466,3375
2023-09-11 11:09:45,52,54,2466,3375
2023-09-11 11:10:02,52,55,2466,3375
2023-09-11 11:10:03,52,54,2466,3375
2023-09-11 11:10:06,52,55,2466,3375
2023-09-11 11:10:19,53,55,2466,3375
2023-09-11 11:10:30,53,54,2466,3375
2023-09-11 11:11:01,52,53,2438,3403
2023-09-11 11:11:01,51,53,2438,3403
2023-09-11 11:11:02,51,54,2438,3403
2023-09-11 11:11:11,52,54,2438,3403
2023-09-11 11:11:21,52,55,2438,3403
2023-09-11 11:11:24,52,54,2438,3403
2023-09-11 11:11:25,52,55,2438,3403
2023-09-11 11:11:26,52,54,2438,3403
2023-09-11 11:11:27,52,55,2438,3403
2023-09-11 11:11:33,53,55,2438,3403
2023-09-11 11:11:43,53,54,2438,3403
2023-09-11 11:11:44,53,55,2438,3403
2023-09-11 11:11:45,53,54,2438,3403
2023-09-11 11:11:57,53,54,2438,3490
2023-09-11 11:12:02,53,55,2438,3490
2023-09-11 11:12:17,53,54,2438,3490
2023-09-11 11:12:26,53,55,2438,3490
2023-09-11 11:12:27,53,54,2438,3490
2023-09-11 11:12:31,53,55,2438,3490
2023-09-11 11:12:53,53,54,2438,3490
2023-09-11 11:12:57,53,55,2438,3490
2023-09-11 11:12:58,53,54,2438,3490
2023-09-11 11:13:09,53,55,2438,3490
2023-09-11 11:13:11,53,54,2438,3490
2023-09-11 11:13:15,53,55,2438,3490
2023-09-11 11:13:25,54,55,2438,3490
2023-09-11 11:13:48,54,55,2421,3507
2023-09-11 11:13:49,53,54,2409,3519
2023-09-11 11:13:49,52,54,2409,3519
2023-09-11 11:14:23,51,54,2409,3519
2023-09-11 11:14:45,51,53,2409,3519
2023-09-11 11:14:46,51,54,2409,3519
2023-09-11 11:14:47,51,53,2409,3519
2023-09-11 11:14:48,51,54,2409,3519
2023-09-11 11:14:57,51,53,2409,3519
2023-09-11 11:15:24,51,52,2409,3519
2023-09-11 11:15:26,51,53,2409,3519
2023-09-11 11:15:27,51,54,2409,3519
2023-09-11 11:15:30,51,53,2409,3519
2023-09-11 11:15:32,51,54,2409,3519
2023-09-11 11:15:42,51,53,2409,3519
2023-09-11 11:15:51,51,54,2409,3519
2023-09-11 11:15:54,51,53,2409,3519
2023-09-11 11:15:56,51,54,2409,3519
2023-09-11 11:16:05,51,53,2409,3519
2023-09-11 11:16:06,51,54,2409,3519
2023-09-11 11:16:09,51,53,2409,3519
2023-09-11 11:16:12,51,54,2409,3519
2023-09-11 11:16:16,51,53,2409,3519
2023-09-11 11:16:23,51,54,2409,3519
2023-09-11 11:16:24,51,53,2409,3519
2023-09-11 11:16:39,51,52,2409,3519
2023-09-11 11:16:41,50,52,2409,3519
2023-09-11 11:16:45,50,51,2409,3519
2023-09-11 11:16:46,50,52,2409,3519
2023-09-11 11:17:55,50,51,2409,3519
2023-09-11 11:18:02,49,51,2409,3519
2023-09-11 11:18:10,49,50,2409,3519
2023-09-11 11:18:23,48,50,2409,3519
2023-09-11 11:18:46,48,51,2409,3519
2023-09-11 11:20:02,48,50,2409,3519
2023-09-11 11:20:04,48,51,2409,3519
2023-09-11 11:20:06,49,51,2409,3519
2023-09-11 11:20:07,49,52,2409,3519
2023-09-11 11:21:14,49,52,2411,3521
2023-09-11 11:21:21,49,51,2411,3521
2023-09-11 11:21:25,49,52,2411,3521
2023-09-11 11:21:35,49,51,2411,3521
2023-09-11 11:21:36,48,51,2411,3521
2023-09-11 11:21:42,48,52,2411,3521
2023-09-11 11:21:43,48,51,2411,3521
2023-09-11 11:21:47,48,52,2411,3521
2023-09-11 11:21:49,48,51,2411,3521
2023-09-11 11:22:27,48,50,2411,3521
2023-09-11 11:22:35,47,50,2411,3521
2023-09-11 11:22:35,47,49,2411,3521
2023-09-11 11:22:42,47,50,2411,3521
2023-09-11 11:22:51,48,50,2411,3521
2023-09-11 11:23:12,48,51,2411,3521
2023-09-11 11:23:13,48,52,2411,3521
2023-09-11 11:23:13,49,52,2411,3521
2023-09-11 11:23:13,49,51,2411,3521
2023-09-11 11:23:21,49,52,2411,3521
2023-09-11 11:23:24,50,52,2411,3521
2023-09-11 11:23:25,50,53,2411,3521
2023-09-11 11:23:33,50,52,2411,3521
2023-09-11 11:23:33,49,52,2411,3521
2023-09-11 11:23:47,49,51,2411,3521
2023-09-11 11:23:47,48,51,2411,3521
2023-09-11 11:24:08,48,52,2411,3521
2023-09-11 11:24:08,49,52,2411,3521
2023-09-11 11:24:20,49,51,2411,3521
2023-09-11 11:24:20,48,51,2411,3521
2023-09-11 11:24:35,48,50,2411,3521
2023-09-11 11:24:46,48,49,2411,3521
2023-09-11 11:24:51,46,48,2386,3546
2023-09-11 11:25:02,46,49,2386,3546
2023-09-11 11:25:02,46,47,2386,3546
2023-09-11 11:25:03,45,47,2386,3546
2023-09-11 11:25:03,45,46,2386,3546
2023-09-11 11:25:03,44,46,2386,3546
2023-09-11 11:25:04,43,46,2386,3546
2023-09-11 11:25:04,43,46,2386,3896
2023-09-11 11:25:05,44,46,2386,3896
2023-09-11 11:25:16,43,46,2386,3896
2023-09-11 11:25:22,44,46,2386,3896
2023-09-11 11:25:23,43,46,2386,3896
2023-09-11 11:25:25,43,46,2386,3950
2023-09-11 11:25:26,43,45,2386,3950
2023-09-11 11:25:51,43,46,2386,3950
2023-09-11 11:25:51,43,44,2386,3950
2023-09-11 11:26:59,43,46,2386,3950
2023-09-11 11:26:59,43,45,2386,3950
2023-09-11 11:27:01,43,46,2386,3950
2023-09-11 11:27:01,43,44,2386,3950
2023-09-11 11:27:47,41,44,2386,3950
2023-09-11 11:27:47,41,43,2386,3950
2023-09-11 11:27:51,42,43,2386,3950
2023-09-11 11:27:55,42,44,2386,3950
2023-09-11 11:28:15,41,44,2386,3950
2023-09-11 11:28:15,41,43,2386,3950
2023-09-11 11:28:17,42,43,2386,3950
2023-09-11 11:28:17,42,44,2386,3950
2023-09-11 11:28:28,41,44,2386,3950
2023-09-11 11:28:29,42,44,2386,3950
2023-09-11 11:28:33,41,44,2386,3950
2023-09-11 11:28:34,41,43,2386,3950
2023-09-11 11:28:55,40,43,2386,3950
2023-09-11 11:28:55,40,44,2386,3950
2023-09-11 11:28:55,40,42,2386,3950
2023-09-11 11:29:01,40,41,2386,3950
2023-09-11 11:29:05,39,41,2386,3950
2023-09-11 11:29:05,39,40,2386,3950
2023-09-11 11:29:15,39,41,2386,3950
2023-09-11 11:29:17,39,40,2386,3950
2023-09-11 11:29:24,39,41,2386,3950
2023-09-11 11:29:25,40,41,2386,3950
2023-09-11 11:29:26,40,42,2386,3950
2023-09-11 11:29:36,41,42,2386,3950
2023-09-11 11:29:36,41,44,2386,3950
2023-09-11 11:29:36,41,43,2386,3950
2023-09-11 11:30:00,42,43,2386,3950
2023-09-11 11:30:00,42,45,2386,3950
2023-09-11 11:30:00,42,44,2386,3950
2023-09-11 11:30:04,43,44,2386,3950
2023-09-11 11:30:06,44,45,2415,3979
2023-09-11 11:30:08,44,47,2415,3979
2023-09-11 11:30:08,44,46,2415,3979
2023-09-11 11:30:17,45,46,2415,3979
2023-09-11 11:30:20,45,48,2415,3979
2023-09-11 11:30:20,45,47,2415,3979
2023-09-11 11:30:32,45,48,2415,3979
2023-09-11 11:30:32,45,46,2415,3979
2023-09-11 11:30:35,44,46,2415,3979
2023-09-11 11:30:39,45,46,2415,3979
2023-09-11 11:30:40,45,48,2415,3979
2023-09-11 11:30:40,45,47,2415,3979
2023-09-11 11:30:42,46,47,2415,3979
2023-09-11 11:30:54,46,49,2415,3979
2023-09-11 11:30:54,46,48,2415,3979
2023-09-11 11:31:03,47,48,2415,3979
2023-09-11 11:31:07,46,48,2415,3979
2023-09-11 11:31:10,46,47,2415,3979
2023-09-11 11:31:16,45,47,2415,3979
2023-09-11 11:31:16,45,46,2415,3979
2023-09-11 11:31:17,44,46,2415,3979
2023-09-11 11:31:26,45,46,2415,3979
2023-09-11 11:31:27,44,46,2415,3979
2023-09-11 11:31:28,45,46,2415,3979
2023-09-11 11:31:29,44,46,2415,3979
2023-09-11 11:31:30,45,46,2415,3979
2023-09-11 11:31:31,44,46,2415,3979
2023-09-11 11:31:38,45,46,2415,3979
2023-09-11 11:31:47,44,46,2415,3979
2023-09-11 11:31:54,45,46,2415,3979
2023-09-11 11:32:16,44,46,2415,3979
2023-09-11 11:32:17,45,46,2415,3979
2023-09-11 11:32:19,44,46,2415,3979
2023-09-11 11:32:21,45,46,2415,3979
2023-09-11 11:32:25,44,46,2415,3979
2023-09-11 11:32:26,45,46,2415,3979
2023-09-11 11:32:29,44,46,2415,3979
2023-09-11 11:32:44,45,46,2415,3979
2023-09-11 11:32:46,44,46,2415,3979
2023-09-11 11:32:52,44,47,2415,3979
2023-09-11 11:32:52,44,45,2415,3979
2023-09-11 11:33:29,45,46,2444,4008
2023-09-11 11:33:30,44,46,2444,4008
2023-09-11 11:33:31,45,46,2444,4008
2023-09-11 11:33:36,44,46,2444,4008
2023-09-11 11:33:52,45,46,2444,4008
2023-09-11 11:33:53,44,46,2444,4008
2023-09-11 11:33:58,45,46,2444,4008
2023-09-11 11:34:08,46,47,2471,4089
2023-09-11 11:34:08,46,48,2471,4089
2023-09-11 11:34:16,47,48,2471,4089
2023-09-11 11:34:16,47,50,2471,4089
2023-09-11 11:34:16,47,49,2471,4089
2023-09-11 11:34:28,47,48,2471,4089
2023-09-11 11:34:30,47,49,2471,4089
2023-09-11 11:34:33,47,48,2471,4089
2023-09-11 11:34:36,46,48,2471,4089
2023-09-11 11:34:45,46,49,2471,4089
2023-09-11 11:34:46,46,48,2471,4089
2023-09-11 11:35:02,48,49,2491,4109
2023-09-11 11:35:03,48,50,2491,4109
2023-09-11 11:35:06,48,49,2491,4109
2023-09-11 11:35:25,48,50,2491,4109
2023-09-11 11:35:39,48,49,2491,4109
2023-09-11 11:35:56,46,49,2491,4109
2023-09-11 11:35:57,47,49,2491,4109
2023-09-11 11:35:58,46,49,2491,4109
2023-09-11 11:35:59,47,49,2491,4109
2023-09-11 11:36:03,47,50,2491,4109
2023-09-11 11:36:05,47,49,2491,4109
2023-09-11 11:36:20,46,49,2491,4109
2023-09-11 11:36:22,47,49,2491,4109
2023-09-11 11:36:28,46,49,2491,4109
2023-09-11 11:36:48,45,49,2491,4109
2023-09-11 11:36:50,45,48,2491,4109
2023-09-11 11:36:53,46,48,2491,4109
2023-09-11 11:36:56,46,49,2491,4109
2023-09-11 11:37:13,45,49,2491,4109
2023-09-11 11:37:17,46,49,2491,4109
2023-09-11 11:37:19,45,49,2491,4109
2023-09-11 11:37:27,45,48,2491,4109
2023-09-11 11:37:34,44,48,2491,4109
2023-09-11 11:37:34,44,47,2491,4109
2023-09-11 11:37:43,44,46,2491,4109
2023-09-11 11:37:48,43,46,2491,4109
2023-09-11 11:37:48,43,45,2491,4109
2023-09-11 11:37:59,43,46,2491,4109
2023-09-11 11:38:24,44,46,2491,4109
2023-09-11 11:38:37,43,46,2491,4109
2023-09-11 11:38:39,44,46,2491,4109
2023-09-11 11:38:40,43,46,2491,4109
2023-09-11 11:39:01,44,46,2491,4109
2023-09-11 11:39:12,44,47,2491,4109
2023-09-11 11:39:23,44,46,2491,4109
2023-09-11 11:39:45,45,46,2491,4109
2023-09-11 11:40:12,44,46,2491,4109
2023-09-11 11:40:23,44,47,2491,4109
2023-09-11 11:40:25,43,47,2491,4109
2023-09-11 11:40:51,43,45,2491,4109
2023-09-11 11:41:28,44,45,2491,4109
2023-09-11 11:41:29,45,46,2511,4129
2023-09-11 11:41:29,45,47,2511,4129
2023-09-11 11:41:30,45,48,2511,4129
2023-09-11 11:41:52,46,48,2511,4129
2023-09-11 11:41:52,46,49,2511,4129
2023-09-11 11:41:53,47,49,2511,4129
2023-09-11 11:41:54,47,50,2511,4129
2023-09-11 11:41:55,48,50,2511,4129
2023-09-11 11:41:58,47,50,2511,4129
2023-09-11 11:41:59,47,49,2511,4129
2023-09-11 11:42:00,47,50,2511,4129
2023-09-11 11:42:01,47,49,2511,4129
2023-09-11 11:42:12,47,50,2511,4129
2023-09-11 11:42:14,48,50,2511,4129
2023-09-11 11:42:17,48,49,2511,4129
2023-09-11 11:42:23,49,51,2541,4159
2023-09-11 11:42:30,49,52,2541,4159
2023-09-11 11:42:32,50,52,2541,4159
2023-09-11 11:42:35,50,52,2741,4359
2023-09-11 11:42:35,50,54,2741,4359
2023-09-11 11:42:35,50,53,2741,4359
2023-09-11 11:42:38,52,53,2741,4359
2023-09-11 11:42:48,50,53,2741,4359
2023-09-11 11:42:49,50,52,2741,4359
2023-09-11 11:43:08,51,52,2741,4359
2023-09-11 11:43:08,51,53,2741,4359
2023-09-11 11:43:11,51,54,2741,4359
2023-09-11 11:43:17,52,54,2741,4359
2023-09-11 11:43:18,53,54,2741,4359
2023-09-11 11:43:19,53,55,2741,4359
2023-09-11 11:43:23,53,54,2741,4359
2023-09-11 11:43:27,53,55,2741,4359
2023-09-11 11:43:31,54,55,2741,4359
2023-09-11 11:43:35,53,55,2741,4359
2023-09-11 11:43:36,53,54,2741,4359
2023-09-11 11:43:38,53,55,2741,4359
2023-09-11 11:43:40,54,55,2741,4359
2023-09-11 11:43:46,53,55,2741,4359
2023-09-11 11:44:03,53,54,2741,4359
2023-09-11 11:44:05,52,54,2741,4359
2023-09-11 11:44:32,51,54,2741,4359
2023-09-11 11:45:03,52,54,2741,4359
2023-09-11 11:45:04,52,55,2741,4359
2023-09-11 11:45:25,52,54,2741,4359
2023-09-11 11:45:31,52,55,2741,4359
2023-09-11 11:45:32,52,54,2741,4359
2023-09-11 11:45:35,52,54,2761,4379
2023-09-11 11:45:36,52,55,2761,4379
2023-09-11 11:45:41,52,54,2761,4379
2023-09-11 11:46:11,51,54,2761,4379
2023-09-11 11:46:14,52,54,2761,4379
2023-09-11 11:46:23,51,54,2761,4379
2023-09-11 11:46:27,52,54,2761,4379
2023-09-11 11:46:39,51,54,2761,4379
2023-09-11 11:46:42,52,54,2761,4379
2023-09-11 11:46:45,52,55,2761,4379
2023-09-11 11:46:57,54,55,2761,4379
2023-09-11 11:47:36,53,55,2761,4379
2023-09-11 11:47:36,52,55,2761,4379
2023-09-11 11:47:39,52,54,2761,4379
2023-09-11 11:47:52,52,54,2776,4394
2023-09-11 11:47:53,52,55,2776,4394
2023-09-11 11:47:58,52,54,2776,4394
2023-09-11 11:48:11,52,55,2776,4394
2023-09-11 11:48:12,52,54,2776,4394
2023-09-11 11:48:16,52,55,2776,4394
2023-09-11 11:48:23,53,55,2776,4394
2023-09-11 11:48:35,52,55,2776,4394
2023-09-11 11:48:38,52,54,2776,4394
2023-09-11 11:48:39,52,55,2776,4394
2023-09-11 11:48:55,52,54,2776,4394
2023-09-11 11:48:57,52,55,2776,4394
2023-09-11 11:49:19,52,54,2776,4394
2023-09-11 11:49:29,52,55,2776,4394
2023-09-11 11:49:30,52,54,2776,4394
2023-09-11 11:49:31,52,55,2776,4394
2023-09-11 11:49:32,52,54,2776,4394
2023-09-11 11:49:33,52,55,2776,4394
2023-09-11 11:49:38,52,54,2776,4394
2023-09-11 11:49:41,51,54,2776,4394
2023-09-11 11:49:43,52,54,2776,4394
2023-09-11 11:49:48,51,54,2776,4394
2023-09-11 11:49:56,52,54,2776,4394
2023-09-11 11:49:58,52,55,2776,4394
2023-09-11 11:50:16,52,54,2776,4394
2023-09-11 11:50:17,52,55,2776,4394
2023-09-11 11:50:18,51,55,2776,4394
2023-09-11 11:50:27,51,53,2776,4394
2023-09-11 11:50:28,50,53,2776,4394
2023-09-11 11:50:28,50,52,2776,4394
2023-09-11 11:50:52,50,53,2776,4394
2023-09-11 11:50:56,51,53,2776,4394
2023-09-11 11:51:00,51,54,2776,4394
2023-09-11 11:51:05,52,54,2776,4394
2023-09-11 11:51:05,52,55,2776,4394
2023-09-11 11:52:18,52,54,2776,4394
2023-09-11 11:52:28,52,55,2776,4394
2023-09-11 11:52:39,52,54,2776,4394
2023-09-11 11:52:39,51,54,2776,4394
2023-09-11 11:52:40,51,55,2776,4394
2023-09-11 11:52:41,51,54,2776,4394
2023-09-11 11:52:47,52,54,2776,4394
2023-09-11 11:52:47,52,55,2776,4394
2023-09-11 11:53:03,53,55,2776,4394
2023-09-11 11:53:03,53,56,2776,4394
2023-09-11 11:53:03,53,55,2776,4394
2023-09-11 11:53:19,53,54,2776,4394
2023-09-11 11:53:23,51,54,2776,4394
2023-09-11 11:53:26,51,53,2776,4394
2023-09-11 11:53:32,51,54,2776,4394
2023-09-11 11:54:03,52,54,2776,4394
2023-09-11 11:54:08,51,54,2776,4394
2023-09-11 11:54:19,51,53,2776,4394
2023-09-11 11:55:01,50,53,2776,4394
2023-09-11 11:55:04,50,52,2776,4394
2023-09-11 11:55:10,49,52,2776,4394
2023-09-11 11:55:57,50,52,2776,4394
2023-09-11 11:56:04,50,53,2776,4394
2023-09-11 11:56:05,50,54,2776,4394
2023-09-11 11:56:05,50,53,2776,4394
2023-09-11 11:56:07,51,53,2776,4394
2023-09-11 11:56:13,51,54,2776,4394
2023-09-11 11:56:14,51,53,2776,4394
2023-09-11 11:56:27,52,53,2776,4394
2023-09-11 11:56:34,53,55,2837,4455
2023-09-11 11:56:35,53,56,2837,4455
2023-09-11 11:56:57,53,55,2837,4455
2023-09-11 11:57:16,53,56,2837,4455
2023-09-11 11:57:23,53,55,2837,4455
2023-09-11 11:57:24,52,55,2837,4455
2023-09-11 11:57:29,52,54,2837,4455
2023-09-11 11:57:29,51,54,2837,4455
2023-09-11 11:57:54,51,53,2837,4455
2023-09-11 11:58:03,50,53,2837,4455
2023-09-11 11:58:10,50,54,2837,4455
2023-09-11 11:58:12,51,54,2837,4455
2023-09-11 11:58:13,50,54,2837,4455
2023-09-11 11:58:17,50,53,2837,4455
2023-09-11 11:58:55,50,54,2837,4455
2023-09-11 11:58:55,50,53,2837,4455
2023-09-11 11:59:00,51,53,2837,4455
2023-09-11 11:59:01,51,54,2837,4455
2023-09-11 11:59:05,52,54,2837,4455
2023-09-11 11:59:07,51,54,2837,4455
2023-09-11 11:59:11,52,54,2837,4455
2023-09-11 11:59:13,51,54,2837,4455
2023-09-11 11:59:15,52,54,2837,4455
2023-09-11 11:59:16,51,54,2837,4455
2023-09-11 11:59:37,52,54,2837,4455
2023-09-11 11:59:39,51,54,2837,4455
2023-09-11 11:59:43,52,54,2837,4455
2023-09-11 11:59:43,52,55,2837,4455
2023-09-11 12:00:06,52,54,2837,4455
2023-09-11 12:00:06,51,54,2837,4455
2023-09-11 12:00:17,50,54,2837,4455
2023-09-11 12:00:21,50,53,2837,4455
2023-09-11 12:00:24,50,54,2837,4455
2023-09-11 12:00:24,51,54,2837,4455
2023-09-11 12:00:34,51,53,2837,4455
2023-09-11 12:00:35,51,52,2837,4455
2023-09-11 12:00:35,50,52,2837,4455
2023-09-11 12:01:05,50,51,2837,4455
2023-09-11 12:01:05,49,51,2837,4455
2023-09-11 12:01:39,48,51,2837,4455
2023-09-11 12:01:47,49,51,2837,4455
2023-09-11 12:01:48,48,51,2837,4455
2023-09-11 12:01:49,49,51,2837,4455
2023-09-11 12:01:56,49,52,2837,4455
2023-09-11 12:02:12,49,51,2837,4455
2023-09-11 12:02:12,48,51,2837,4455
2023-09-11 12:02:13,48,50,2837,4455
2023-09-11 12:02:30,48,49,2837,4455
2023-09-11 12:02:32,47,49,2837,4455
2023-09-11 12:02:34,48,49,2837,4455
2023-09-11 12:02:38,48,50,2837,4455
2023-09-11 12:02:43,47,50,2837,4455
2023-09-11 12:02:44,48,50,2837,4455
2023-09-11 12:02:46,47,50,2837,4455
2023-09-11 12:02:48,47,49,2837,4455
2023-09-11 12:02:49,47,50,2837,4455
2023-09-11 12:02:50,48,50,2837,4455
2023-09-11 12:02:51,47,50,2837,4455
2023-09-11 12:02:53,47,49,2837,4455
2023-09-11 12:02:54,47,50,2837,4455
2023-09-11 12:02:56,47,49,2837,4455
2023-09-11 12:03:07,46,49,2837,4455
2023-09-11 12:03:10,47,49,2837,4455
2023-09-11 12:03:11,46,49,2837,4455
2023-09-11 12:03:12,47,49,2837,4455
2023-09-11 12:03:33,46,49,2837,4455
2023-09-11 12:03:34,47,49,2837,4455
2023-09-11 12:03:36,47,50,2837,4455
2023-09-11 12:03:59,48,50,2837,4455
2023-09-11 12:04:45,48,52,2837,4455
2023-09-11 12:04:52,50,52,2837,4455
2023-09-11 12:05:15,51,52,2837,4455
2023-09-11 12:05:22,51,52,2837,4655
2023-09-11 12:05:25,51,53,2837,4855
2023-09-11 12:05:26,50,53,2837,4855
2023-09-11 12:05:33,51,53,2837,4855
2023-09-11 12:05:35,50,53,2837,4855
2023-09-11 12:05:41,50,54,2837,5055
2023-09-11 12:05:42,51,54,2837,5055
2023-09-11 12:05:43,50,54,2837,5055
2023-09-11 12:05:43,50,53,2837,5055
2023-09-11 12:05:51,50,52,2837,5055
2023-09-11 12:05:52,50,53,2837,5055
2023-09-11 12:05:57,50,52,2837,5055
2023-09-11 12:06:00,50,53,2837,5255
2023-09-11 12:06:11,50,52,2837,5255
2023-09-11 12:06:31,50,51,2837,5255
2023-09-11 12:06:31,49,51,2837,5255
2023-09-11 12:06:32,49,52,2837,5255
2023-09-11 12:06:39,49,51,2837,5255
2023-09-11 12:06:42,48,51,2837,5255
2023-09-11 12:06:44,48,50,2837,5255
2023-09-11 12:06:51,48,51,2837,5255
2023-09-11 12:06:52,48,50,2837,5255
2023-09-11 12:06:58,48,51,2837,5255
2023-09-11 12:06:59,48,50,2837,5255
2023-09-11 12:07:13,47,50,2837,5255
2023-09-11 12:07:20,47,49,2837,5255
2023-09-11 12:07:26,47,50,2837,5255
2023-09-11 12:07:27,47,49,2837,5255
2023-09-11 12:07:42,47,50,2837,5255
2023-09-11 12:07:45,47,49,2837,5255
2023-09-11 12:07:50,46,49,2837,5255
2023-09-11 12:07:54,46,50,2837,5255
2023-09-11 12:07:54,47,50,2837,5255
2023-09-11 12:07:57,47,49,2837,5255
2023-09-11 12:07:59,46,49,2837,5255
2023-09-11 12:08:03,47,49,2837,5255
2023-09-11 12:08:04,46,49,2837,5255
2023-09-11 12:08:08,46,48,2837,5255
2023-09-11 12:08:30,47,48,2837,5255
2023-09-11 12:08:32,46,48,2837,5255
2023-09-11 12:08:37,46,47,2837,5255
2023-09-11 12:08:38,45,47,2837,5255
2023-09-11 12:08:42,45,48,2837,5255
2023-09-11 12:08:43,46,48,2837,5255
2023-09-11 12:08:44,46,47,2837,5255
2023-09-11 12:08:44,45,47,2837,5255
2023-09-11 12:08:45,46,47,2837,5255
2023-09-11 12:08:46,45,47,2837,5255
2023-09-11 12:08:52,45,48,2837,5255
2023-09-11 12:08:54,45,47,2837,5255
2023-09-11 12:09:01,45,48,2837,5255
2023-09-11 12:09:06,46,48,2837,5255
2023-09-11 12:09:08,45,48,2837,5255
2023-09-11 12:09:13,45,47,2837,5255
2023-09-11 12:09:17,45,48,2837,5255
2023-09-11 12:09:25,46,48,2837,5255
2023-09-11 12:09:27,46,49,2837,5255
2023-09-11 12:09:38,46,48,2837,5255
2023-09-11 12:09:38,46,47,2837,5255
2023-09-11 12:09:38,43,46,2619,5473
2023-09-11 12:09:39,43,45,2619,5473
2023-09-11 12:09:40,43,44,2619,5473
2023-09-11 12:09:40,42,44,2744,5598
2023-09-11 12:09:41,41,44,2744,5598
2023-09-11 12:09:41,41,43,2744,5598
2023-09-11 12:09:41,41,42,2744,5598
2023-09-11 12:09:42,39,42,2744,5598
2023-09-11 12:09:45,40,42,2744,5598
2023-09-11 12:09:54,41,42,2744,5598
2023-09-11 12:09:58,40,42,2744,5598
2023-09-11 12:10:13,41,42,2744,5598
2023-09-11 12:10:22,40,42,2744,5598
2023-09-11 12:10:24,41,42,2744,5598
2023-09-11 12:10:35,40,42,2744,5598
2023-09-11 12:10:41,39,42,2744,5598
2023-09-11 12:10:49,39,41,2744,5598
2023-09-11 12:10:51,39,40,2744,5598
2023-09-11 12:11:08,39,42,2744,5598
2023-09-11 12:11:09,39,41,2744,5598
2023-09-11 12:11:10,40,41,2744,5598
2023-09-11 12:11:19,41,42,2940,5794
2023-09-11 12:11:20,40,42,2940,5794
2023-09-11 12:11:38,40,41,2940,5794
2023-09-11 12:11:40,40,42,2940,5794
2023-09-11 12:12:14,40,41,2940,5794
2023-09-11 12:12:15,40,42,2940,5794
2023-09-11 12:12:21,40,41,2940,5794
2023-09-11 12:12:27,40,42,2940,5794
2023-09-11 12:12:32,39,42,2940,5794
2023-09-11 12:12:33,40,42,2940,5794
2023-09-11 12:12:42,40,43,2940,5794
2023-09-11 12:12:58,39,43,2940,5794
2023-09-11 12:13:01,40,43,2940,5794
2023-09-11 12:13:02,39,43,2940,5794
2023-09-11 12:13:24,39,42,2940,5794
2023-09-11 12:13:24,38,42,2940,5794
2023-09-11 12:13:27,39,42,2940,5794
2023-09-11 12:13:43,39,42,2940,5794
2023-09-11 12:13:44,38,42,2940,5794
2023-09-11 12:13:44,38,41,2940,5794
2023-09-11 12:14:01,38,40,2940,5794
2023-09-11 12:14:07,38,39,2940,5794
2023-09-11 12:14:13,38,40,2940,5794
2023-09-11 12:15:19,39,40,2940,5794
2023-09-11 12:15:23,39,43,2940,5794
2023-09-11 12:15:24,38,43,2940,5794
2023-09-11 12:15:24,38,42,2940,5794
2023-09-11 12:15:31,38,41,2940,5794
2023-09-11 12:15:45,38,40,2940,5794
2023-09-11 12:15:54,38,41,2940,5794
2023-09-11 12:16:07,38,40,2940,5794
2023-09-11 12:16:40,38,41,2940,5794
2023-09-11 12:16:53,38,42,2940,5794
2023-09-11 12:16:59,38,41,2940,5794
2023-09-11 12:17:02,38,40,2940,5794
2023-09-11 12:17:44,38,41,2940,5794
2023-09-11 12:18:00,38,40,2940,5794
2023-09-11 12:18:11,38,41,2940,5794
2023-09-11 12:18:21,38,40,2940,5794
2023-09-11 12:18:34,38,41,2940,5794
2023-09-11 12:18:47,38,42,2940,5794
2023-09-11 12:18:56,38,41,2940,5794
2023-09-11 12:18:59,38,42,2940,5794
2023-09-11 12:19:10,39,42,2940,5794
2023-09-11 12:19:12,39,43,2940,5794
2023-09-11 12:19:17,40,43,2940,5794
2023-09-11 12:19:21,39,43,2940,5794
2023-09-11 12:19:29,40,43,2940,5794
2023-09-11 12:19:32,41,43,2940,5794
2023-09-11 12:19:36,42,43,2940,5794
2023-09-11 12:19:38,43,46,2963,5817
2023-09-11 12:19:54,42,46,2963,5817
2023-09-11 12:19:59,42,45,2963,5817
2023-09-11 12:20:02,41,45,2963,5817
2023-09-11 12:20:04,42,45,2963,5817
2023-09-11 12:20:05,42,46,2963,5817
2023-09-11 12:20:19,42,47,2963,5817
2023-09-11 12:20:19,42,46,2963,5817
2023-09-11 12:20:32,44,46,2963,5817
2023-09-11 12:20:34,44,47,2963,5817
2023-09-11 12:20:40,44,46,2963,5817
2023-09-11 12:20:55,42,46,2963,5817
2023-09-11 12:21:01,43,46,2963,5817
2023-09-11 12:21:10,42,46,2963,5817
2023-09-11 12:21:17,43,46,2963,5817
2023-09-11 12:21:22,43,47,2963,5817
2023-09-11 12:21:39,44,47,2963,5817
2023-09-11 12:21:39,44,48,2963,5817
2023-09-11 12:21:39,44,47,2963,5817
2023-09-11 12:21:40,45,47,2963,5817
2023-09-11 12:21:59,46,47,2963,5817
2023-09-11 12:21:59,46,49,2963,5817
2023-09-11 12:22:02,45,49,2963,5817
2023-09-11 12:22:08,45,48,2963,5817
2023-09-11 12:22:10,44,48,2963,5817
2023-09-11 12:22:10,44,47,2963,5817
2023-09-11 12:22:23,45,47,2963,5817
2023-09-11 12:22:31,45,49,2963,5817
2023-09-11 12:22:31,45,48,2963,5817
2023-09-11 12:23:04,44,48,2963,5817
2023-09-11 12:23:04,44,47,2963,5817
2023-09-11 12:23:10,44,49,2963,5817
2023-09-11 12:23:10,44,48,2963,5817
2023-09-11 12:23:12,45,48,2963,5817
2023-09-11 12:23:20,45,49,2963,5817
2023-09-11 12:23:20,45,48,2963,5817
2023-09-11 12:23:33,44,48,2963,5817
2023-09-11 12:23:36,44,47,2963,5817
2023-09-11 12:23:54,43,47,2963,5817
2023-09-11 12:24:02,43,46,2963,5817
2023-09-11 12:24:07,42,46,2963,5817
2023-09-11 12:24:14,43,46,2963,5817
2023-09-11 12:24:18,42,46,2963,5817
2023-09-11 12:24:22,43,46,2963,5817
2023-09-11 12:24:22,43,48,2963,5817
2023-09-11 12:24:22,43,47,2963,5817
2023-09-11 12:24:32,44,47,2963,5817
2023-09-11 12:24:37,44,48,2963,5817
2023-09-11 12:24:38,45,48,2963,5817
2023-09-11 12:24:42,44,48,2963,5817
2023-09-11 12:24:47,45,48,2963,5817
2023-09-11 12:24:53,45,49,2963,5817
2023-09-11 12:24:53,45,48,2963,5817
2023-09-11 12:25:01,44,48,2963,5817
2023-09-11 12:25:01,44,47,2963,5817
2023-09-11 12:25:28,43,47,2963,5817
2023-09-11 12:25:31,43,46,2963,5817
2023-09-11 12:25:33,42,46,2963,5817
2023-09-11 12:25:34,42,45,2963,5817
2023-09-11 12:25:43,43,45,2963,5817
2023-09-11 12:25:43,43,47,2963,5817
2023-09-11 12:25:43,43,46,2963,5817
2023-09-11 12:25:46,42,46,2963,5817
2023-09-11 12:25:48,42,45,2963,5817
2023-09-11 12:26:06,42,46,2963,5817
2023-09-11 12:26:08,42,45,2963,5817
2023-09-11 12:26:09,41,45,2963,5817
2023-09-11 12:26:10,41,44,2963,5817
2023-09-11 12:26:22,41,43,2963,5817
2023-09-11 12:26:27,40,43,2963,5817
2023-09-11 12:27:16,40,42,2963,5817
2023-09-11 12:27:33,40,43,2963,5817
2023-09-11 12:27:34,40,42,2963,5817
2023-09-11 12:27:45,40,41,2963,5817
2023-09-11 12:28:04,38,40,2963,5828
2023-09-11 12:28:05,38,41,2963,5828
2023-09-11 12:28:09,37,41,2963,5828
2023-09-11 12:28:14,37,40,2963,5828
2023-09-11 12:28:27,37,39,2963,5828
2023-09-11 12:28:27,36,39,2963,5828
2023-09-11 12:28:36,36,38,2963,5828
2023-09-11 12:28:36,35,38,2963,5828
2023-09-11 12:28:37,35,37,2963,5828
2023-09-11 12:28:37,34,37,2963,5828
2023-09-11 12:28:45,34,38,2963,5828
2023-09-11 12:28:45,35,38,2963,5828
2023-09-11 12:28:53,35,37,2963,5828
2023-09-11 12:28:54,35,38,2963,5828
2023-09-11 12:29:08,35,38,2963,6028
2023-09-11 12:29:08,35,36,2963,6028
2023-09-11 12:29:08,34,36,2963,6228
2023-09-11 12:29:08,30,36,2963,6228
2023-09-11 12:29:08,31,36,2963,6228
2023-09-11 12:29:08,32,36,2963,6228
2023-09-11 12:29:08,31,36,2963,6228
2023-09-11 12:29:09,32,36,2963,6228
2023-09-11 12:29:09,32,34,2963,6228
2023-09-11 12:29:09,32,36,2963,6228
2023-09-11 12:29:09,32,33,2963,6228
2023-09-11 12:29:10,31,33,2963,6228
2023-09-11 12:29:10,30,33,2963,6228
2023-09-11 12:29:10,30,34,2963,6228
2023-09-11 12:29:10,30,33,2963,6228
2023-09-11 12:29:11,30,32,2963,6228
2023-09-11 12:29:12,31,32,2963,6228
2023-09-11 12:29:15,31,33,2963,6228
2023-09-11 12:29:15,31,35,2963,6228
2023-09-11 12:29:15,31,34,2963,6228
2023-09-11 12:29:17,32,33,2963,6228
2023-09-11 12:29:18,32,33,2963,6428
2023-09-11 12:29:18,32,34,2963,6428
2023-09-11 12:29:24,31,34,2963,6428
2023-09-11 12:29:24,31,33,2963,6428
2023-09-11 12:29:28,31,34,2963,6428
2023-09-11 12:29:33,31,33,2963,6428
2023-09-11 12:29:37,32,33,2963,6428
2023-09-11 12:29:39,32,34,2963,6428
2023-09-11 12:29:45,31,34,2963,6428
2023-09-11 12:29:45,31,33,2963,6428
2023-09-11 12:29:48,31,34,2963,6428
2023-09-11 12:29:55,31,33,2963,6428
2023-09-11 12:30:02,30,33,2963,6428
2023-09-11 12:30:02,30,32,2963,6428
2023-09-11 12:30:05,30,31,2963,6428
2023-09-11 12:30:06,30,32,2963,6428
2023-09-11 12:30:10,31,32,2963,6428
2023-09-11 12:30:10,31,34,2963,6428
2023-09-11 12:30:10,31,33,2963,6428
2023-09-11 12:30:11,30,33,2963,6428
2023-09-11 12:30:11,31,33,2963,6428
2023-09-11 12:30:12,32,33,2963,6428
2023-09-11 12:30:12,32,34,2963,6428
2023-09-11 12:30:21,32,35,2963,6428
2023-09-11 12:30:23,34,35,2963,6428
2023-09-11 12:30:23,34,36,2963,6428
2023-09-11 12:30:26,32,36,2963,6428
2023-09-11 12:30:26,32,37,2963,6428
2023-09-11 12:30:26,32,36,2963,6428
2023-09-11 12:30:26,32,35,2963,6428
2023-09-11 12:30:28,33,35,2963,6428
2023-09-11 12:30:33,33,36,2963,6428
2023-09-11 12:30:36,32,36,2963,6428
2023-09-11 12:30:36,32,35,2963,6428
2023-09-11 12:30:37,33,35,2963,6428
2023-09-11 12:30:38,33,36,2963,6428
2023-09-11 12:30:43,35,36,2963,6428
2023-09-11 12:30:48,33,35,2966,6431
2023-09-11 12:30:49,33,36,2966,6431
2023-09-11 12:30:50,33,35,2966,6431
2023-09-11 12:30:53,33,36,2966,6431
2023-09-11 12:31:00,34,36,2966,6431
2023-09-11 12:31:03,35,36,2966,6431
2023-09-11 12:31:06,34,36,2966,6431
2023-09-11 12:31:07,35,36,2966,6431
2023-09-11 12:31:20,34,36,2966,6431
2023-09-11 12:31:22,34,35,2966,6431
2023-09-11 12:31:25,34,36,2966,6431
2023-09-11 12:31:45,34,37,2966,6431
2023-09-11 12:31:55,35,37,2966,6431
2023-09-11 12:32:01,35,38,2966,6431
2023-09-11 12:32:02,36,38,2966,6431
2023-09-11 12:32:02,36,39,2966,6431
2023-09-11 12:32:02,36,38,2966,6431
2023-09-11 12:32:03,36,39,2966,6431
2023-09-11 12:32:07,36,38,2966,6431
2023-09-11 12:32:10,35,38,2966,6431
2023-09-11 12:32:13,36,38,2966,6431
2023-09-11 12:32:14,35,38,2966,6431
2023-09-11 12:32:22,35,37,2966,6431
2023-09-11 12:32:23,34,37,2966,6431
2023-09-11 12:32:28,33,37,2966,6431
2023-09-11 12:32:28,33,38,2966,6431
2023-09-11 12:32:28,33,36,2966,6431
2023-09-11 12:32:29,34,36,2966,6431
2023-09-11 12:32:30,33,36,2966,6431
2023-09-11 12:32:32,34,36,2966,6431
2023-09-11 12:32:32,34,37,2966,6431
2023-09-11 12:32:39,33,37,2966,6431
2023-09-11 12:32:39,33,36,2966,6431
2023-09-11 12:32:47,34,36,2966,6431
2023-09-11 12:32:49,34,37,2966,6431
2023-09-11 12:32:58,33,37,2966,6431
2023-09-11 12:32:59,33,36,2966,6431
2023-09-11 12:33:01,34,36,2966,6431
2023-09-11 12:33:08,34,37,2966,6431
2023-09-11 12:33:12,33,37,2966,6431
2023-09-11 12:33:12,33,36,2966,6431
2023-09-11 12:33:23,33,35,2966,6431
2023-09-11 12:33:25,33,34,2966,6431
2023-09-11 12:33:28,31,34,3166,6631
2023-09-11 12:33:29,31,33,3166,6631
2023-09-11 12:33:35,30,33,3166,6631
2023-09-11 12:33:42,31,33,3166,6631
2023-09-11 12:34:02,31,34,3453,6918
2023-09-11 12:34:02,31,33,3453,6918
2023-09-11 12:34:03,31,34,3746,7211
2023-09-11 12:34:04,31,33,3746,7211
2023-09-11 12:34:05,31,34,3942,7407
2023-09-11 12:34:06,31,33,3942,7407
2023-09-11 12:34:08,31,34,4216,7681
2023-09-11 12:34:09,31,33,4216,7681
2023-09-11 12:34:10,31,34,4445,7910
2023-09-11 12:34:11,31,33,4445,7910
2023-09-11 12:34:12,32,33,4445,7910
2023-09-11 12:34:12,32,34,4445,7910
2023-09-11 12:34:13,32,33,4445,7910
2023-09-11 12:34:13,32,34,4719,8184
2023-09-11 12:34:15,32,33,4719,8184
2023-09-11 12:34:15,32,34,5005,8470
2023-09-11 12:34:23,32,35,5005,8470
2023-09-11 12:34:24,32,34,5005,8470
2023-09-11 12:34:25,33,34,5005,8470
2023-09-11 12:34:26,33,35,5005,8470
2023-09-11 12:34:29,34,35,5005,8470
2023-09-11 12:34:30,33,35,5005,8470
2023-09-11 12:35:01,33,34,5005,8470
2023-09-11 12:35:02,32,34,5005,8470
2023-09-11 12:35:13,32,35,5005,8470
2023-09-11 12:35:14,33,35,5005,8470
2023-09-11 12:35:17,33,37,5005,8470
2023-09-11 12:35:18,33,36,5005,8470
2023-09-11 12:35:19,34,36,5005,8470
2023-09-11 12:35:24,33,36,5005,8470
2023-09-11 12:35:25,34,36,5005,8470
2023-09-11 12:35:26,34,37,5005,8470
2023-09-11 12:35:27,35,37,5005,8470
2023-09-11 12:35:27,35,38,5005,8470
2023-09-11 12:35:27,35,39,5005,8470
2023-09-11 12:35:27,35,38,5005,8470
2023-09-11 12:35:30,35,37,5005,8470
2023-09-11 12:35:46,34,37,5005,8470
2023-09-11 12:36:13,36,37,5005,8470
2023-09-11 12:36:16,36,37,5010,8475
2023-09-11 12:36:22,37,39,5029,8494
2023-09-11 12:36:22,37,40,5029,8494
2023-09-11 12:36:28,37,39,5029,8494
2023-09-11 12:36:35,36,39,5029,8494
2023-09-11 12:36:45,36,40,5029,8494
2023-09-11 12:36:45,36,39,5029,8494
2023-09-11 12:37:02,36,40,5029,8494
2023-09-11 12:37:03,37,40,5029,8494
2023-09-11 12:37:04,38,40,5029,8494
2023-09-11 12:37:13,36,40,5029,8494
2023-09-11 12:37:14,37,40,5029,8494
2023-09-11 12:37:26,38,40,5029,8494
2023-09-11 12:37:30,37,40,5029,8494
2023-09-11 12:37:32,38,40,5029,8494
2023-09-11 12:37:41,37,40,5029,8494
2023-09-11 12:38:37,37,41,5029,8494
2023-09-11 12:38:44,37,40,5029,8494
2023-09-11 12:39:04,38,40,5029,8494
2023-09-11 12:39:04,38,41,5029,8494
2023-09-11 12:39:06,37,41,5029,8494
2023-09-11 12:39:09,37,40,5029,8494
2023-09-11 12:39:31,37,41,5029,8494
2023-09-11 12:39:36,37,40,5029,8494
2023-09-11 12:39:41,37,39,5029,8494
2023-09-11 12:39:42,36,39,5029,8494
2023-09-11 12:39:43,36,38,5029,8494
2023-09-11 12:39:46,36,39,5029,8494
2023-09-11 12:39:55,36,40,5029,8494
2023-09-11 12:39:55,37,40,5029,8494
2023-09-11 12:40:02,38,40,5029,8494
2023-09-11 12:40:03,37,40,5029,8494
2023-09-11 12:40:12,38,40,5029,8494
2023-09-11 12:40:19,39,40,5029,8494
2023-09-11 12:40:20,39,42,5029,8514
2023-09-11 12:40:26,38,42,5029,8514
2023-09-11 12:40:27,39,42,5029,8514
2023-09-11 12:40:30,39,41,5029,8514
2023-09-11 12:40:44,39,40,5029,8514
2023-09-11 12:40:49,38,40,5029,8514
2023-09-11 12:40:54,39,40,5029,8514
2023-09-11 12:41:01,39,41,5029,8514
2023-09-11 12:41:21,38,41,5029,8514
2023-09-11 12:41:21,38,40,5029,8514
2023-09-11 12:41:26,39,40,5029,8514
2023-09-11 12:41:31,38,40,5029,8514
2023-09-11 12:41:43,39,40,5029,8514
2023-09-11 12:41:44,38,40,5029,8514
2023-09-11 12:41:52,37,40,5029,8514
2023-09-11 12:41:54,37,39,5029,8514
2023-09-11 12:41:54,36,39,5029,8514
2023-09-11 12:42:00,36,38,5029,8514
2023-09-11 12:42:01,35,38,5029,8514
2023-09-11 12:42:20,35,39,5029,8514
2023-09-11 12:42:21,36,39,5029,8514
2023-09-11 12:42:46,37,39,5029,8514
2023-09-11 12:42:46,37,40,5029,8514
2023-09-11 12:42:49,37,39,5029,8514
2023-09-11 12:42:50,37,40,5029,8514
2023-09-11 12:43:00,38,40,5029,8514
2023-09-11 12:43:00,38,41,5029,8514
2023-09-11 12:43:03,37,41,5029,8514
2023-09-11 12:43:06,37,40,5029,8514
2023-09-11 12:43:16,36,40,5029,8514
2023-09-11 12:43:21,36,39,5029,8514
2023-09-11 12:43:29,37,39,5029,8514
2023-09-11 12:43:29,37,40,5029,8514
2023-09-11 12:43:39,37,39,5029,8514
2023-09-11 12:43:40,37,40,5029,8514
2023-09-11 12:43:45,37,39,5029,8514
2023-09-11 12:43:47,36,39,5029,8514
2023-09-11 12:43:49,37,39,5029,8514
2023-09-11 12:43:50,37,40,5029,8514
2023-09-11 12:43:53,37,39,5029,8514
2023-09-11 12:43:54,36,39,5029,8514
2023-09-11 12:44:01,37,39,5029,8514
2023-09-11 12:44:01,37,40,5029,8514
2023-09-11 12:44:03,36,40,5029,8514
2023-09-11 12:44:03,36,39,5029,8514
2023-09-11 12:44:08,37,39,5029,8514
2023-09-11 12:44:09,37,40,5029,8514
2023-09-11 12:44:14,37,39,5029,8514
2023-09-11 12:44:14,36,39,5029,8514
2023-09-11 12:44:24,35,39,5029,8514
2023-09-11 12:44:24,35,38,5029,8514
2023-09-11 12:44:26,36,38,5029,8514
2023-09-11 12:44:32,36,39,5029,8514
2023-09-11 12:44:46,36,38,5029,8514
2023-09-11 12:44:51,35,38,5029,8514
2023-09-11 12:44:53,36,38,5029,8514
2023-09-11 12:45:08,36,39,5029,8514
2023-09-11 12:45:08,36,40,5029,8514
2023-09-11 12:45:08,36,39,5029,8514
2023-09-11 12:45:19,36,38,5029,8514
2023-09-11 12:45:32,36,40,5029,8514
2023-09-11 12:45:32,36,39,5029,8514
2023-09-11 12:46:29,37,39,5029,8514
2023-09-11 12:46:31,37,40,5029,8514
2023-09-11 12:46:34,36,40,5029,8514
2023-09-11 12:46:34,36,39,5029,8514
2023-09-11 12:46:35,37,39,5029,8514
2023-09-11 12:46:35,37,40,5029,8514
2023-09-11 12:47:02,36,40,5029,8514
2023-09-11 12:47:02,36,39,5029,8514
2023-09-11 12:47:07,36,38,5029,8514
2023-09-11 12:47:14,36,37,5029,8514
2023-09-11 12:47:16,33,37,5029,8514
2023-09-11 12:47:16,33,36,5029,8514
2023-09-11 12:47:17,34,36,5029,8514
2023-09-11 12:47:22,34,37,5029,8514
2023-09-11 12:47:26,34,36,5029,8514
2023-09-11 12:47:27,34,37,5029,8514
2023-09-11 12:47:44,34,36,5029,8514
2023-09-11 12:47:46,33,36,5029,8514
2023-09-11 12:47:46,33,35,5029,8514
2023-09-11 12:47:55,33,34,5029,8514
2023-09-11 12:48:01,33,36,5029,8514
2023-09-11 12:48:02,33,35,5029,8514
2023-09-11 12:48:16,34,35,5029,8514
2023-09-11 12:48:17,33,35,5029,8514
2023-09-11 12:48:34,33,34,5029,8514
2023-09-11 12:48:41,32,34,5029,8514
2023-09-11 12:48:48,32,36,5029,8514
2023-09-11 12:48:48,32,35,5029,8514
2023-09-11 12:48:48,33,35,5029,8514
2023-09-11 12:48:49,32,35,5029,8514
2023-09-11 12:48:52,33,35,5029,8514
2023-09-11 12:49:05,33,36,5029,8514
2023-09-11 12:49:05,33,37,5029,8514
2023-09-11 12:49:05,34,37,5029,8514
2023-09-11 12:49:05,34,36,5029,8514
2023-09-11 12:49:11,33,36,5029,8514
2023-09-11 12:49:15,33,35,5029,8514
2023-09-11 12:49:29,32,35,5029,8514
2023-09-11 12:49:30,32,34,5029,8514
2023-09-11 12:49:32,33,34,5029,8514
2023-09-11 12:49:35,32,34,5029,8514
2023-09-11 12:49:36,33,34,5029,8514
2023-09-11 12:49:37,32,34,5029,8514
2023-09-11 12:49:38,33,34,5029,8514
2023-09-11 12:49:39,32,34,5029,8514
2023-09-11 12:49:47,31,34,5029,8514
2023-09-11 12:49:53,31,33,5029,8514
2023-09-11 12:50:02,32,33,5029,8514
2023-09-11 12:50:03,32,35,5029,8514
2023-09-11 12:50:05,32,34,5029,8514
2023-09-11 12:50:24,31,34,5029,8514
2023-09-11 12:50:31,32,34,5029,8514
2023-09-11 12:50:32,31,34,5029,8514
2023-09-11 12:50:33,32,34,5029,8514
2023-09-11 12:50:34,31,34,5029,8514
2023-09-11 12:50:38,31,35,5029,8514
2023-09-11 12:50:38,31,33,5029,8514
2023-09-11 12:50:40,31,35,5029,8514
2023-09-11 12:50:40,31,34,5029,8514
2023-09-11 12:50:40,32,34,5029,8514
2023-09-11 12:50:44,32,36,5029,8514
2023-09-11 12:50:44,32,35,5029,8514
2023-09-11 12:50:48,33,35,5029,8514
2023-09-11 12:50:49,32,35,5029,8514
2023-09-11 12:50:49,33,35,5029,8514
2023-09-11 12:51:10,33,34,5029,8514
2023-09-11 12:51:10,32,34,5029,8514
2023-09-11 12:51:14,32,35,5029,8514
2023-09-11 12:51:14,32,33,5029,8514
2023-09-11 12:51:14,31,33,5029,8514
2023-09-11 12:51:18,32,33,5029,8514
2023-09-11 12:51:18,32,35,5029,8514
2023-09-11 12:51:18,32,34,5029,8514
2023-09-11 12:51:21,31,34,5029,8514
2023-09-11 12:51:22,31,33,5029,8514
2023-09-11 12:51:47,31,32,5029,8514
2023-09-11 12:51:48,30,32,5029,8514
2023-09-11 12:52:06,30,31,5029,8514
2023-09-11 12:53:03,30,33,5029,8514
2023-09-11 12:53:03,30,32,5029,8514
2023-09-11 12:53:10,30,34,5029,8514
2023-09-11 12:53:10,30,33,5029,8514
2023-09-11 12:53:14,30,34,5029,8514
2023-09-11 12:53:14,30,32,5029,8514
2023-09-11 12:53:17,30,34,5029,8514
2023-09-11 12:53:17,30,33,5029,8514
2023-09-11 12:53:25,31,33,5029,8514
2023-09-11 12:53:26,31,35,5029,8514
2023-09-11 12:53:26,31,34,5029,8514
2023-09-11 12:53:31,32,34,5029,8514
2023-09-11 12:53:31,32,36,5029,8514
2023-09-11 12:53:31,32,35,5029,8514
2023-09-11 12:53:33,34,35,5029,8514
2023-09-11 12:53:33,34,37,5029,8514
2023-09-11 12:53:33,34,38,5029,8514
2023-09-11 12:53:34,34,39,5029,8514
2023-09-11 12:53:34,34,36,5029,8514
2023-09-11 12:53:34,34,39,5029,8514
2023-09-11 12:53:34,34,37,5029,8514
2023-09-11 12:53:35,35,37,5029,8514
2023-09-11 12:53:35,35,39,5029,8514
2023-09-11 12:53:35,35,38,5029,8514
2023-09-11 12:53:37,36,38,5029,8514
2023-09-11 12:53:37,36,40,5029,8514
2023-09-11 12:53:37,36,39,5029,8514
2023-09-11 12:53:39,37,39,5029,8514
2023-09-11 12:53:45,37,41,5029,8514
2023-09-11 12:53:45,37,40,5029,8514
2023-09-11 12:53:47,38,40,5029,8514
2023-09-11 12:53:48,38,39,5029,8514
2023-09-11 12:53:51,38,40,5029,8514
2023-09-11 12:54:01,38,39,5029,8514
2023-09-11 12:54:16,35,38,5000,8543
2023-09-11 12:54:18,35,37,5000,8543
2023-09-11 12:54:22,34,37,5000,8543
2023-09-11 12:54:25,35,37,5000,8543
2023-09-11 12:54:28,34,37,5000,8543
2023-09-11 12:54:29,34,36,5000,8543
2023-09-11 12:54:49,35,36,5000,8543
2023-09-11 12:54:50,34,36,5000,8543
2023-09-11 12:54:51,35,36,5000,8543
2023-09-11 12:54:57,34,36,5000,8543
2023-09-11 12:55:00,34,35,5000,8543
2023-09-11 12:55:00,32,35,5000,8543
2023-09-11 12:55:00,31,35,5000,8543
2023-09-11 12:55:00,31,34,5000,8543
2023-09-11 12:55:05,32,34,5000,8543
2023-09-11 12:55:07,32,35,5000,8543
2023-09-11 12:55:10,33,35,5000,8543
2023-09-11 12:55:13,34,35,5000,8543
2023-09-11 12:55:15,33,35,5000,8543
2023-09-11 12:55:19,32,35,5000,8543
2023-09-11 12:55:21,32,34,5000,8543
2023-09-11 12:55:23,31,34,5000,8543
2023-09-11 12:55:27,32,34,5000,8543
2023-09-11 12:55:28,31,34,5000,8543
2023-09-11 12:55:34,31,33,5000,8543
2023-09-11 12:55:40,31,32,5000,8543
2023-09-11 12:55:48,31,34,5000,8543
2023-09-11 12:55:48,31,33,5000,8543
2023-09-11 12:56:18,30,33,5000,8543
2023-09-11 12:56:18,30,32,5000,8543
2023-09-11 12:56:19,30,33,5000,8543
2023-09-11 12:56:26,31,33,5000,8543
2023-09-11 12:56:27,30,33,5000,8543
2023-09-11 12:56:30,31,33,5000,8543
2023-09-11 12:56:32,31,32,5000,8543
2023-09-11 12:56:43,30,32,5000,8543
2023-09-11 12:56:44,31,32,5000,8543
2023-09-11 12:57:03,30,32,5000,8543
2023-09-11 12:57:07,31,32,5000,8543
2023-09-11 12:57:12,30,32,5000,8543
2023-09-11 12:57:28,31,32,5000,8543
2023-09-11 12:57:52,30,32,5000,8543
2023-09-11 12:58:22,30,31,5000,8543
2023-09-11 12:58:24,28,30,4969,8574
2023-09-11 12:58:36,28,31,4969,8574
2023-09-11 12:58:36,28,29,4969,8574
2023-09-11 12:58:48,28,31,4969,8574
2023-09-11 12:58:48,28,30,4969,8574
2023-09-11 12:58:54,29,30,4969,8574
2023-09-11 12:58:56,28,30,4969,8574
2023-09-11 12:58:59,29,30,4969,8574
2023-09-11 12:58:59,29,32,4969,8574
2023-09-11 12:58:59,29,31,4969,8574
2023-09-11 12:59:10,28,31,4969,8574
2023-09-11 12:59:11,29,31,4969,8574
2023-09-11 12:59:32,28,31,4969,8574
2023-09-11 12:59:33,29,31,4969,8574
2023-09-11 12:59:41,28,31,4969,8574
2023-09-11 12:59:41,29,31,4969,8574
2023-09-11 12:59:43,28,31,4969,8574
2023-09-11 12:59:50,29,31,4969,8574
2023-09-11 12:59:51,28,31,4969,8574
2023-09-11 12:59:55,28,30,4969,8574
2023-09-11 13:00:11,29,30,4969,8574
2023-09-11 13:00:16,28,30,4969,8574
2023-09-11 13:00:28,28,29,4969,8574
2023-09-11 13:00:40,28,30,4969,8574
2023-09-11 13:00:49,29,30,4969,8574
2023-09-11 13:00:50,29,32,4969,8574
2023-09-11 13:00:50,29,31,4969,8574
2023-09-11 13:00:54,29,32,4969,8574
2023-09-11 13:00:54,29,33,4969,8574
2023-09-11 13:00:54,29,32,4969,8574
2023-09-11 13:00:56,30,32,4969,8574
2023-09-11 13:01:08,30,33,4969,8574
2023-09-11 13:01:08,30,31,4969,8574
2023-09-11 13:01:10,29,31,4969,8574
2023-09-11 13:01:12,30,31,4969,8574
2023-09-11 13:01:13,29,31,4969,8574
2023-09-11 13:01:15,30,31,4969,8574
2023-09-11 13:01:20,30,33,4969,8574
2023-09-11 13:01:20,30,32,4969,8574
2023-09-11 13:01:35,29,32,4969,8574
2023-09-11 13:01:37,29,31,4969,8574
2023-09-11 13:01:48,30,31,4969,8574
2023-09-11 13:01:50,30,33,4969,8674
2023-09-11 13:01:51,31,33,4969,8674
2023-09-11 13:02:01,32,33,4969,8674
2023-09-11 13:02:01,32,35,4869,8774
2023-09-11 13:02:02,33,35,4869,8774
2023-09-11 13:02:08,33,34,4869,8774
2023-09-11 13:02:13,33,35,4869,8774
2023-09-11 13:02:48,33,34,4869,8774
2023-09-11 13:03:00,33,35,4869,8774
2023-09-11 13:03:00,30,33,4842,8801
2023-09-11 13:03:01,31,33,4842,8801
2023-09-11 13:03:02,32,33,4842,8801
2023-09-11 13:03:04,31,33,4842,8801
2023-09-11 13:03:05,32,33,4842,8801
2023-09-11 13:03:06,31,33,4842,8801
2023-09-11 13:03:12,31,34,4842,8801
2023-09-11 13:03:12,31,32,4842,8801
2023-09-11 13:03:16,29,32,4842,8801
2023-09-11 13:03:17,30,32,4842,8801
2023-09-11 13:03:18,30,33,4842,8801
2023-09-11 13:03:18,30,31,4842,8801
2023-09-11 13:03:19,28,31,4842,8801
2023-09-11 13:03:20,29,31,4842,8801
2023-09-11 13:03:23,28,31,4842,8801
2023-09-11 13:03:23,28,30,4842,8801
2023-09-11 13:03:26,29,30,4842,8801
2023-09-11 13:03:27,28,30,4842,8801
2023-09-11 13:03:31,29,30,4842,8801
2023-09-11 13:03:33,29,33,4842,8801
2023-09-11 13:03:33,29,31,4842,8801
2023-09-11 13:03:37,29,32,4842,8801
2023-09-11 13:03:37,29,30,4842,8801
2023-09-11 13:03:39,28,30,4842,8801
2023-09-11 13:03:46,29,30,4842,8801
2023-09-11 13:03:47,28,30,4842,8801
2023-09-11 13:03:54,29,30,4842,8801
2023-09-11 13:03:57,28,30,4842,8801
2023-09-11 13:04:08,29,30,4842,8801
2023-09-11 13:04:11,29,30,4827,8816
2023-09-11 13:04:44,29,31,4827,8816
2023-09-11 13:04:44,28,29,4802,8841
2023-09-11 13:04:44,26,29,4802,8841
2023-09-11 13:04:45,27,29,4802,8841
2023-09-11 13:04:47,26,29,4802,8841
2023-09-11 13:04:48,26,28,4802,8841
2023-09-11 13:04:49,27,28,4802,8841
2023-09-11 13:05:06,27,29,4802,8841
2023-09-11 13:05:08,28,29,4802,8841
2023-09-11 13:05:11,27,29,4802,8841
2023-09-11 13:05:24,27,28,4802,8841
2023-09-11 13:05:24,26,28,4802,8841
2023-09-11 13:05:40,26,27,4802,8841
2023-09-11 13:05:40,26,27,4817,8856
2023-09-11 13:05:41,25,27,4817,8856
2023-09-11 13:05:42,25,27,4788,8885
2023-09-11 13:05:45,25,27,4744,8936
2023-09-11 13:05:59,25,28,4744,8936
2023-09-11 13:06:00,25,27,4744,8936
2023-09-11 13:06:02,25,28,4744,8936
2023-09-11 13:06:03,25,27,4744,8936
2023-09-11 13:06:17,25,28,4744,8936
2023-09-11 13:06:23,25,27,4744,8936
2023-09-11 13:06:24,25,28,4744,8936
2023-09-11 13:06:25,25,27,4744,8936
2023-09-11 13:06:35,24,27,4744,8936
2023-09-11 13:06:42,24,26,4744,8936
2023-09-11 13:06:46,23,26,4744,8936
2023-09-11 13:07:05,24,26,4744,8936
2023-09-11 13:07:06,24,27,4744,8936
2023-09-11 13:07:13,24,28,4744,8936
2023-09-11 13:07:13,24,29,4744,8936
2023-09-11 13:07:14,25,29,4744,8936
2023-09-11 13:07:14,25,28,4744,8936
2023-09-11 13:07:16,25,30,4744,8936
2023-09-11 13:07:17,25,29,4744,8936
2023-09-11 13:07:20,25,29,4744,8936
2023-09-11 13:07:20,25,28,4744,8936
2023-09-11 13:07:23,25,29,4744,8936
2023-09-11 13:07:27,26,29,4744,8936
2023-09-11 13:07:27,26,30,4744,8936
2023-09-11 13:07:28,27,30,4744,8936
2023-09-11 13:07:34,26,30,4744,8936
2023-09-11 13:07:34,26,29,4744,8936
2023-09-11 13:07:44,26,30,4744,8936
2023-09-11 13:07:48,26,31,4744,8936
2023-09-11 13:07:49,27,31,4744,8936
2023-09-11 13:07:49,27,30,4744,8936
2023-09-11 13:07:50,27,31,4744,8936
2023-09-11 13:07:53,28,31,4744,8936
2023-09-11 13:07:54,29,31,4744,8936
2023-09-11 13:07:55,30,31,4744,8936
2023-09-11 13:08:02,29,31,4744,8936
2023-09-11 13:08:05,30,31,4744,8936
2023-09-11 13:08:06,29,31,4744,8936
2023-09-11 13:08:07,30,31,4744,8936
2023-09-11 13:08:12,29,31,4744,8936
2023-09-11 13:08:15,28,31,4744,8936
2023-09-11 13:08:16,27,31,4744,8936
2023-09-11 13:08:16,28,31,4744,8936
2023-09-11 13:08:20,29,31,4744,8936
2023-09-11 13:08:22,28,31,4744,8936
2023-09-11 13:08:26,27,31,4744,8936
2023-09-11 13:08:26,27,30,4744,8936
2023-09-11 13:08:27,27,31,4744,8936
2023-09-11 13:08:27,28,31,4744,8936
2023-09-11 13:08:28,27,31,4744,8936
2023-09-11 13:08:28,27,30,4744,8936
2023-09-11 13:08:29,27,31,4744,8936
2023-09-11 13:08:29,28,31,4744,8936
2023-09-11 13:08:32,27,31,4744,8936
2023-09-11 13:08:32,27,30,4744,8936
2023-09-11 13:08:33,27,31,4744,8936
2023-09-11 13:08:33,28,31,4744,8936
2023-09-11 13:08:34,27,31,4744,8936
2023-09-11 13:08:34,27,30,4744,8936
2023-09-11 13:08:44,27,31,4744,8936
2023-09-11 13:08:44,28,31,4744,8936
2023-09-11 13:08:45,27,31,4744,8936
2023-09-11 13:08:45,27,30,4744,8936
2023-09-11 13:08:48,27,31,4744,8936
2023-09-11 13:08:48,28,31,4744,8936
2023-09-11 13:08:51,27,31,4744,8936
2023-09-11 13:08:51,27,30,4744,8936
2023-09-11 13:09:10,27,29,4744,8936
2023-09-11 13:09:21,27,28,4744,8936
2023-09-11 13:09:23,27,29,4744,8936
2023-09-11 13:09:31,27,28,4744,8936
2023-09-11 13:09:39,25,28,4744,8936
2023-09-11 13:09:47,25,27,4744,8936
2023-09-11 13:09:48,24,27,4744,8936
2023-09-11 13:10:04,23,27,4744,8936
2023-09-11 13:10:05,23,26,4744,8936
2023-09-11 13:10:07,23,27,4744,8936
2023-09-11 13:10:07,24,27,4744,8936
2023-09-11 13:10:17,24,26,4744,8936
2023-09-11 13:10:29,24,27,4744,8936
2023-09-11 13:10:31,24,26,4744,8936
2023-09-11 13:10:36,24,27,4744,8936
2023-09-11 13:10:40,24,26,4744,8936
2023-09-11 13:10:56,24,27,4744,8936
2023-09-11 13:11:09,24,26,4744,8936
2023-09-11 13:11:10,24,27,4744,8936
2023-09-11 13:11:12,24,26,4744,8936
2023-09-11 13:11:29,24,27,4744,8936
2023-09-11 13:11:40,25,27,4744,8936
2023-09-11 13:11:42,24,27,4744,8936
2023-09-11 13:11:42,25,27,4744,8936
2023-09-11 13:11:44,25,28,4744,8936
2023-09-11 13:11:45,25,29,4744,8936
2023-09-11 13:11:45,25,28,4744,8936
2023-09-11 13:11:52,25,29,4744,8936
2023-09-11 13:11:57,26,29,4744,8936
2023-09-11 13:12:25,26,28,4744,8936
2023-09-11 13:12:27,25,28,4744,8936
2023-09-11 13:12:36,25,27,4744,8936
2023-09-11 13:12:41,24,27,4744,8936
2023-09-11 13:13:00,25,27,4744,8936
2023-09-11 13:13:06,25,28,4744,8936
2023-09-11 13:13:07,25,27,4744,8936
2023-09-11 13:13:10,24,27,4744,8936
2023-09-11 13:13:13,25,27,4744,8936
2023-09-11 13:13:14,24,27,4744,8936
2023-09-11 13:13:15,25,27,4744,8936
2023-09-11 13:13:18,26,27,4744,8936
2023-09-11 13:13:19,26,28,4744,8936
2023-09-11 13:13:22,26,27,4744,8936
2023-09-11 13:13:24,26,28,4744,8936
2023-09-11 13:13:40,26,29,4744,8936
2023-09-11 13:13:43,26,28,4744,8936
2023-09-11 13:13:44,26,29,4744,8936
2023-09-11 13:13:50,26,28,4744,8936
2023-09-11 13:13:51,26,29,4744,8936
2023-09-11 13:13:53,26,30,4744,8936
2023-09-11 13:13:53,27,30,4744,8936
2023-09-11 13:13:58,28,30,4744,8936
2023-09-11 13:14:00,28,31,4744,8936
2023-09-11 13:14:02,28,30,4744,8936
2023-09-11 13:14:03,27,30,4744,8936
2023-09-11 13:14:06,28,30,4744,8936
2023-09-11 13:14:07,27,30,4744,8936
2023-09-11 13:14:08,27,29,4744,8936
2023-09-11 13:14:15,26,29,4744,8936
2023-09-11 13:14:17,27,29,4744,8936
2023-09-11 13:14:18,26,29,4744,8936
2023-09-11 13:14:28,25,29,4744,8936
2023-09-11 13:14:29,25,28,4744,8936
2023-09-11 13:14:33,25,29,4744,8936
2023-09-11 13:14:33,26,29,4744,8936
2023-09-11 13:14:49,26,28,4744,8936
2023-09-11 13:14:51,26,27,4744,8936
2023-09-11 13:14:52,26,28,4744,8936
2023-09-11 13:15:03,26,29,4744,8936
2023-09-11 13:15:08,26,28,4744,8936
2023-09-11 13:15:31,26,29,4744,8936
2023-09-11 13:15:33,26,28,4744,8936
2023-09-11 13:15:46,25,28,4744,8936
2023-09-11 13:15:52,25,29,4744,8936
2023-09-11 13:15:52,26,29,4744,8936
2023-09-11 13:15:53,25,29,4744,8936
2023-09-11 13:15:53,25,28,4744,8936
2023-09-11 13:16:07,24,28,4744,8936
2023-09-11 13:16:12,25,28,4744,8936
2023-09-11 13:16:26,25,29,4744,8936
2023-09-11 13:16:29,26,29,4744,8936
2023-09-11 13:16:29,26,30,4744,8936
2023-09-11 13:16:30,27,30,4744,8936
2023-09-11 13:16:32,26,30,4744,8936
2023-09-11 13:16:32,26,29,4744,8936
2023-09-11 13:16:37,26,30,4744,8936
2023-09-11 13:16:40,26,29,4744,8936
2023-09-11 13:16:41,26,30,4744,8936
2023-09-11 13:16:42,26,29,4744,8936
2023-09-11 13:17:03,25,29,4744,8936
2023-09-11 13:17:04,26,29,4744,8936
2023-09-11 13:17:05,25,29,4744,8936
2023-09-11 13:17:14,25,28,4744,8936
2023-09-11 13:17:15,25,27,4744,8936
2023-09-11 13:17:21,24,27,4744,8936
2023-09-11 13:17:29,23,27,4744,8936
2023-09-11 13:17:30,23,26,4744,8936
2023-09-11 13:17:32,24,26,4744,8936
2023-09-11 13:17:35,24,27,4744,8936
2023-09-11 13:17:37,24,26,4744,8936
2023-09-11 13:17:38,24,27,4744,8936
2023-09-11 13:17:42,24,26,4744,8936
2023-09-11 13:17:43,24,27,4744,8936
2023-09-11 13:17:44,24,26,4744,8936
2023-09-11 13:17:48,24,27,4744,8936
2023-09-11 13:17:56,24,26,4744,8936
2023-09-11 13:17:57,24,26,4794,8986
2023-09-11 13:17:57,24,27,4794,8986
2023-09-11 13:18:27,24,26,4794,8986
2023-09-11 13:18:32,23,26,4794,8986
2023-09-11 13:18:41,23,25,4794,8986
2023-09-11 13:18:42,22,25,4794,8986
2023-09-11 13:18:46,22,26,4794,8986
2023-09-11 13:18:47,23,26,4794,8986
2023-09-11 13:18:58,22,26,4794,8986
2023-09-11 13:18:58,22,25,4794,8986
2023-09-11 13:19:07,22,24,4794,8986
2023-09-11 13:19:08,21,24,4794,8986
2023-09-11 13:19:11,20,24,4794,8986
2023-09-11 13:19:11,20,23,4794,8986
2023-09-11 13:19:12,20,24,4794,8986
2023-09-11 13:19:12,20,23,4794,8986
2023-09-11 13:19:16,21,23,4794,8986
2023-09-11 13:19:17,21,25,4794,8986
2023-09-11 13:19:18,21,24,4794,8986
2023-09-11 13:19:35,21,23,4794,8986
2023-09-11 13:19:42,21,24,4794,8986
2023-09-11 13:19:44,21,23,4794,8986
2023-09-11 13:20:04,21,22,4794,8986
2023-09-11 13:20:17,19,22,4794,8986
2023-09-11 13:20:24,19,23,4794,8986
2023-09-11 13:20:24,20,23,4794,8986
2023-09-11 13:20:29,19,23,4794,8986
2023-09-11 13:20:30,19,22,4794,8986
2023-09-11 13:20:42,20,22,4794,8986
2023-09-11 13:21:06,20,21,4794,8986
2023-09-11 13:21:08,20,22,4794,8986
2023-09-11 13:21:12,20,21,4794,8986
2023-09-11 13:21:33,18,20,4767,9013
2023-09-11 13:21:34,17,20,4767,9013
2023-09-11 13:21:45,18,20,4767,9013
2023-09-11 13:21:46,17,20,4767,9013
2023-09-11 13:21:52,17,19,4767,9013
2023-09-11 13:21:52,16,19,4767,9013
2023-09-11 13:22:01,16,18,4767,9013
2023-09-11 13:22:05,16,19,4767,9013
2023-09-11 13:22:07,16,18,4767,9013
2023-09-11 13:22:07,17,18,4767,9013
2023-09-11 13:22:11,17,19,4767,9013
2023-09-11 13:22:18,18,19,4767,9013
2023-09-11 13:22:26,18,20,4767,9013
2023-09-11 13:22:27,18,19,4767,9013
2023-09-11 13:22:28,18,20,4767,9013
2023-09-11 13:22:34,18,19,4767,9013
2023-09-11 13:22:42,18,20,4767,9013
2023-09-11 13:22:44,18,19,4767,9013
2023-09-11 13:22:48,18,20,4767,9013
2023-09-11 13:22:51,18,19,4767,9013
2023-09-11 13:22:52,18,20,4767,9013
2023-09-11 13:22:53,18,19,4767,9013
2023-09-11 13:23:13,18,20,4767,9013
2023-09-11 13:23:19,17,20,4767,9013
2023-09-11 13:23:24,17,19,4767,9013
2023-09-11 13:23:42,17,20,4767,9013
2023-09-11 13:23:49,18,20,4767,9013
2023-09-11 13:23:50,19,20,4767,9013
2023-09-11 13:24:51,17,20,4767,9013
2023-09-11 13:24:51,18,20,4767,9013
2023-09-11 13:24:57,17,20,4767,9013
2023-09-11 13:25:15,18,20,4767,9013
2023-09-11 13:25:59,18,21,4767,9013
2023-09-11 13:26:00,18,20,4767,9013
2023-09-11 13:26:07,18,19,4767,9013
2023-09-11 13:26:16,17,19,4767,9013
2023-09-11 13:26:19,17,20,4767,9013
2023-09-11 13:26:21,17,19,4767,9013
2023-09-11 13:26:26,18,19,4767,9013
2023-09-11 13:26:29,17,19,4767,9013
2023-09-11 13:26:29,17,20,4767,9013
2023-09-11 13:26:33,17,19,4767,9013
2023-09-11 13:26:34,17,20,4767,9013
2023-09-11 13:26:38,17,19,4767,9013
2023-09-11 13:26:44,17,19,4739,9041
2023-09-11 13:26:50,17,20,4739,9041
2023-09-11 13:26:57,18,20,4739,9041
2023-09-11 13:27:04,17,20,4739,9041
2023-09-11 13:27:05,18,20,4739,9041
2023-09-11 13:27:08,17,20,4739,9041
2023-09-11 13:27:12,18,20,4739,9041
2023-09-11 13:28:02,18,19,4739,9041
2023-09-11 13:28:05,18,20,4739,9041
2023-09-11 13:28:15,19,20,4739,9041
2023-09-11 13:28:16,19,21,4739,9041
2023-09-11 13:28:17,20,21,4739,9041
2023-09-11 13:28:22,19,21,4739,9041
2023-09-11 13:28:23,20,21,4739,9041
2023-09-11 13:28:25,19,20,4719,9061
2023-09-11 13:28:27,19,21,4719,9061
2023-09-11 13:28:35,19,20,4719,9061
2023-09-11 13:29:09,16,19,4696,9084
2023-09-11 13:29:11,16,20,4696,9084
2023-09-11 13:29:11,16,19,4696,9084
2023-09-11 13:29:12,16,20,4696,9084
2023-09-11 13:29:12,17,20,4696,9084
2023-09-11 13:29:14,16,20,4696,9084
2023-09-11 13:29:15,16,19,4696,9084
2023-09-11 13:29:23,16,18,4696,9084
2023-09-11 13:29:24,16,19,4696,9084
2023-09-11 13:29:27,16,18,4696,9084
2023-09-11 13:29:27,15,18,4696,9084
2023-09-11 13:29:31,15,17,4696,9084
2023-09-11 13:29:34,15,17,4696,9147
2023-09-11 13:29:42,15,18,4504,9347
2023-09-11 13:29:43,15,17,4504,9347
2023-09-11 13:29:49,15,18,4504,9347
2023-09-11 13:29:51,15,17,4504,9347
2023-09-11 13:29:53,15,18,4504,9347
2023-09-11 13:29:54,15,17,4504,9347
2023-09-11 13:30:01,14,17,4504,9347
2023-09-11 13:30:05,14,16,4504,9347
2023-09-11 13:30:05,13,16,4504,9347
2023-09-11 13:30:08,14,16,4504,9347
2023-09-11 13:30:12,14,17,4504,9347
2023-09-11 13:30:14,14,16,4504,9347
2023-09-11 13:30:15,14,17,4504,9347
2023-09-11 13:30:30,14,16,4504,9347
2023-09-11 13:30:34,14,15,4504,9347
2023-09-11 13:30:35,13,15,4504,9347
2023-09-11 13:30:57,12,15,4504,9347
2023-09-11 13:30:58,13,15,4504,9347
2023-09-11 13:31:00,12,15,4504,9347
2023-09-11 13:31:02,13,15,4504,9347
2023-09-11 13:31:03,13,14,4504,9347
2023-09-11 13:31:03,12,14,4504,9347
2023-09-11 13:31:05,11,14,4504,9347
2023-09-11 13:31:06,12,14,4504,9347
2023-09-11 13:31:09,13,14,4504,9347
2023-09-11 13:31:11,12,14,4504,9347
2023-09-11 13:31:13,13,14,4504,9347
2023-09-11 13:31:15,13,15,4504,9347
2023-09-11 13:31:22,13,16,4504,9347
2023-09-11 13:31:26,13,17,4504,9347
2023-09-11 13:31:26,13,16,4504,9347
2023-09-11 13:31:30,13,17,4504,9347
2023-09-11 13:31:30,13,16,4504,9347
2023-09-11 13:31:34,14,16,4504,9347
2023-09-11 13:31:36,14,17,4504,9347
2023-09-11 13:31:41,14,16,4504,9347
2023-09-11 13:31:42,14,17,4504,9347
2023-09-11 13:31:42,14,16,4504,9347
2023-09-11 13:31:44,14,17,4504,9347
2023-09-11 13:31:49,15,17,4504,9347
2023-09-11 13:31:53,15,18,4504,9347
2023-09-11 13:31:53,15,17,4504,9347
2023-09-11 13:32:02,16,17,4504,9347
2023-09-11 13:32:03,15,17,4504,9347
2023-09-11 13:32:06,15,16,4504,9347
2023-09-11 13:32:06,14,16,4504,9347
2023-09-11 13:32:07,15,16,4504,9347
2023-09-11 13:32:08,14,16,4504,9347
2023-09-11 13:32:25,13,16,4504,9347
2023-09-11 13:32:37,13,15,4504,9347
2023-09-11 13:32:37,12,15,4504,9347
2023-09-11 13:32:56,13,15,4504,9347
2023-09-11 13:33:01,12,15,4504,9347
2023-09-11 13:33:08,13,15,4504,9347
2023-09-11 13:33:10,12,15,4504,9347
2023-09-11 13:33:41,12,14,4504,9347
2023-09-11 13:33:46,13,14,4504,9347
2023-09-11 13:33:57,12,14,4504,9347
2023-09-11 13:34:10,11,14,4504,9347
2023-09-11 13:34:20,12,14,4504,9347
2023-09-11 13:34:50,11,14,4504,9347
2023-09-11 13:35:00,11,13,4504,9347
2023-09-11 13:35:14,11,14,4504,9347
2023-09-11 13:35:17,12,14,4504,9347
2023-09-11 13:35:21,12,13,4504,9347
2023-09-11 13:35:42,11,13,4504,9347
2023-09-11 13:35:47,12,13,4504,9347
2023-09-11 13:35:50,11,13,4504,9347
2023-09-11 13:35:51,12,13,4504,9347
2023-09-11 13:35:54,11,13,4504,9347
2023-09-11 13:35:56,12,13,4504,9347
2023-09-11 13:36:02,11,13,4504,9347
2023-09-11 13:36:03,12,13,4504,9347
2023-09-11 13:36:53,10,13,4504,9359
2023-09-11 13:36:54,10,12,4504,9359
2023-09-11 13:36:54,11,12,4504,9359
2023-09-11 13:36:58,10,12,4504,9359
2023-09-11 13:37:07,10,11,4504,9359
2023-09-11 13:37:16,10,12,4504,9359
2023-09-11 13:37:16,11,12,4504,9359
2023-09-11 13:37:31,10,12,4504,9359
2023-09-11 13:38:22,9,12,4504,9359
2023-09-11 13:38:22,9,11,4504,9359
2023-09-11 13:38:25,10,11,4504,9359
2023-09-11 13:38:32,9,11,4504,9359
2023-09-11 13:38:34,9,12,4504,9359
2023-09-11 13:38:34,10,12,4504,9359
2023-09-11 13:38:35,10,11,4504,9359
2023-09-11 13:38:43,9,11,4504,9359
2023-09-11 13:38:55,9,10,4504,9359
2023-09-11 13:38:59,9,11,4504,9359
2023-09-11 13:39:00,9,10,4504,9359
2023-09-11 13:39:16,9,11,4504,9359
2023-09-11 13:39:31,9,12,4504,9359
2023-09-11 13:39:32,10,12,4504,9359
2023-09-11 13:39:42,10,11,4504,9359
2023-09-11 13:39:54,9,11,4504,9359
2023-09-11 13:40:04,9,10,4504,9359
2023-09-11 13:40:07,9,11,4504,9359
2023-09-11 13:40:20,10,11,4504,9359
2023-09-11 13:40:21,9,11,4504,9359
2023-09-11 13:40:27,9,10,4504,9359
2023-09-11 13:40:58,9,10,4504,9459
2023-09-11 13:40:59,9,11,4304,9659
2023-09-11 13:40:59,9,10,4304,9659
2023-09-11 13:41:00,9,11,4304,9690
2023-09-11 13:41:01,10,11,4304,9690
2023-09-11 13:41:08,9,11,4304,9690
2023-09-11 13:41:10,9,10,4304,9690
2023-09-11 13:41:12,9,11,4304,9690
2023-09-11 13:41:12,10,11,4304,9690
2023-09-11 13:41:20,10,12,4304,9690
2023-09-11 13:41:44,9,12,4304,9690
2023-09-11 13:41:48,10,12,4304,9690
2023-09-11 13:41:53,9,12,4304,9690
2023-09-11 13:41:55,10,12,4304,9690
2023-09-11 13:42:02,9,12,4304,9690
2023-09-11 13:42:11,9,11,4304,9690
2023-09-11 13:42:15,10,11,4304,9690
2023-09-11 13:42:16,10,12,4304,9690
2023-09-11 13:42:16,9,12,4304,9690
2023-09-11 13:42:17,10,12,4304,9690
2023-09-11 13:42:21,9,12,4304,9690
2023-09-11 13:42:25,9,13,4304,9690
2023-09-11 13:42:25,10,13,4304,9690
2023-09-11 13:42:25,10,12,4304,9690
2023-09-11 13:42:29,9,12,4304,9690
2023-09-11 13:42:32,10,12,4304,9690
2023-09-11 13:42:57,10,13,4304,9690
2023-09-11 13:43:22,10,14,4304,9690
2023-09-11 13:43:25,11,14,4304,9690
2023-09-11 13:44:36,11,15,4304,9690
2023-09-11 13:44:50,12,15,4304,9690
2023-09-11 13:44:52,12,16,4304,9690
2023-09-11 13:45:09,12,15,4304,9690
2023-09-11 13:45:17,13,15,4304,9690
2023-09-11 13:45:42,14,15,4304,9690
2023-09-11 13:45:51,13,15,4304,9690
2023-09-11 13:45:51,12,15,4304,9690
2023-09-11 13:45:52,13,15,4304,9690
2023-09-11 13:45:55,12,15,4304,9690
2023-09-11 13:45:56,13,15,4304,9690
2023-09-11 13:46:10,12,16,4304,9690
2023-09-11 13:46:10,12,15,4304,9690
2023-09-11 13:46:12,12,16,4304,9690
2023-09-11 13:46:12,13,16,4304,9690
2023-09-11 13:46:24,12,16,4304,9690
2023-09-11 13:46:24,12,15,4304,9690
2023-09-11 13:46:30,12,16,4304,9690
2023-09-11 13:46:30,13,16,4304,9690
2023-09-11 13:46:30,13,15,4304,9690
2023-09-11 13:46:42,13,16,4304,9690
2023-09-11 13:46:45,13,15,4304,9690
2023-09-11 13:46:45,12,15,4304,9690
2023-09-11 13:46:50,13,15,4304,9690
2023-09-11 13:46:55,12,15,4304,9690
2023-09-11 13:46:56,12,16,4304,9690
2023-09-11 13:46:56,13,16,4304,9690
2023-09-11 13:47:02,13,15,4304,9690
2023-09-11 13:47:03,12,15,4304,9690
2023-09-11 13:47:11,12,14,4304,9690
2023-09-11 13:47:11,11,14,4304,9690
2023-09-11 13:47:17,11,15,4304,9690
2023-09-11 13:47:17,12,15,4304,9690
2023-09-11 13:47:20,11,15,4304,9690
2023-09-11 13:47:23,12,15,4304,9690
2023-09-11 13:47:38,11,15,4304,9690
2023-09-11 13:47:45,12,15,4304,9690
2023-09-11 13:47:47,11,15,4304,9690
2023-09-11 13:47:48,12,15,4304,9690
2023-09-11 13:47:53,11,15,4304,9690
2023-09-11 13:48:05,12,15,4304,9690
2023-09-11 13:48:13,11,15,4304,9690
2023-09-11 13:48:31,11,14,4304,9690
2023-09-11 13:48:37,10,14,4304,9690
2023-09-11 13:48:38,10,13,4304,9690
2023-09-11 13:49:05,10,14,4304,9690
2023-09-11 13:49:05,11,14,4304,9690
2023-09-11 13:49:11,11,15,4304,9690
2023-09-11 13:49:17,11,14,4304,9690
2023-09-11 13:49:31,11,15,4304,9690
2023-09-11 13:49:39,12,15,4304,9690
2023-09-11 13:49:59,13,15,4304,9690
2023-09-11 13:50:07,12,15,4304,9690
2023-09-11 13:50:26,13,15,4304,9690
2023-09-11 13:50:27,14,16,4304,9690
2023-09-11 13:50:28,13,16,4304,9690
2023-09-11 13:50:33,12,16,4304,9690
2023-09-11 13:50:33,12,15,4304,9690
2023-09-11 13:50:50,13,15,4304,9690
2023-09-11 13:50:53,12,15,4304,9690
2023-09-11 13:50:54,13,15,4304,9690
2023-09-11 13:50:58,12,15,4304,9690
2023-09-11 13:51:06,11,15,4304,9690
2023-09-11 13:51:14,11,14,4304,9690
2023-09-11 13:51:14,10,14,4304,9690
2023-09-11 13:51:15,10,13,4304,9690
2023-09-11 13:51:22,11,13,4304,9690
2023-09-11 13:51:23,11,14,4304,9690
2023-09-11 13:51:28,11,13,4304,9690
2023-09-11 13:51:33,11,14,4304,9690
2023-09-11 13:51:35,11,13,4304,9690
2023-09-11 13:51:43,10,13,4304,9690
2023-09-11 13:51:45,11,13,4304,9690
2023-09-11 13:51:47,10,13,4304,9690
2023-09-11 13:52:00,10,12,4304,9690
2023-09-11 13:52:12,11,12,4304,9690
2023-09-11 13:52:14,10,12,4304,9690
2023-09-11 13:52:17,10,13,4304,9690
2023-09-11 13:52:18,11,13,4304,9690
2023-09-11 13:52:21,10,13,4304,9690
2023-09-11 13:52:22,11,13,4304,9690
2023-09-11 13:53:02,11,14,4304,9690
2023-09-11 13:53:04,11,13,4304,9690
2023-09-11 13:53:08,10,13,4304,9690
2023-09-11 13:53:18,11,13,4304,9690
2023-09-11 13:53:19,10,13,4304,9690
2023-09-11 13:53:30,11,13,4304,9690
2023-09-11 13:53:32,10,13,4304,9690
2023-09-11 13:53:42,10,12,4304,9690
2023-09-11 13:53:57,11,12,4304,9690
2023-09-11 13:54:09,10,12,4304,9690
2023-09-11 13:54:10,11,12,4304,9690
2023-09-11 13:54:13,11,13,4304,9690
2023-09-11 13:54:15,10,13,4304,9690
2023-09-11 13:54:18,10,12,4304,9690
2023-09-11 13:54:20,10,13,4304,9690
2023-09-11 13:54:21,10,12,4304,9690
2023-09-11 13:54:23,9,12,4304,9690
2023-09-11 13:54:46,10,12,4304,9690
2023-09-11 13:54:49,10,13,4304,9690
2023-09-11 13:54:50,10,12,4304,9690
2023-09-11 13:54:50,9,12,4304,9690
2023-09-11 13:54:51,9,13,4304,9690
2023-09-11 13:54:54,10,13,4304,9690
2023-09-11 13:55:10,10,12,4304,9690
2023-09-11 13:55:11,9,12,4304,9690
2023-09-11 13:55:20,10,12,4304,9690
2023-09-11 13:55:26,10,13,4304,9690
2023-09-11 13:55:40,10,12,4304,9690
2023-09-11 13:55:42,10,13,4304,9690
2023-09-11 13:55:43,10,12,4304,9690
2023-09-11 13:55:44,9,12,4304,9690
2023-09-11 13:55:46,9,13,4304,9690
2023-09-11 13:55:47,9,12,4304,9690
2023-09-11 13:55:47,10,12,4304,9690
2023-09-11 13:55:48,10,13,4304,9690
2023-09-11 13:55:54,10,13,4304,9691
2023-09-11 13:56:12,10,13,4304,9692
2023-09-11 13:56:18,10,14,4304,9692
2023-09-11 13:56:28,11,14,4304,9692
2023-09-11 13:56:29,11,14,4305,9693
2023-09-11 13:56:31,10,14,4305,9693
2023-09-11 13:56:33,10,13,4305,9693
2023-09-11 13:56:46,10,13,4305,9694
2023-09-11 13:56:53,10,14,4305,9694
2023-09-11 13:57:05,12,14,4305,9694
2023-09-11 13:57:05,12,15,4305,9694
2023-09-11 13:57:11,13,15,4305,9694
2023-09-11 13:57:14,12,15,4305,9694
2023-09-11 13:57:15,12,14,4305,9694
2023-09-11 13:57:20,12,15,4305,9694
2023-09-11 13:57:21,12,14,4305,9694
2023-09-11 13:57:33,12,15,4305,9694
2023-09-11 13:57:49,13,15,4305,9694
2023-09-11 13:58:05,12,15,4305,9694
2023-09-11 13:58:06,12,14,4305,9694
2023-09-11 13:58:34,10,14,4305,9694
2023-09-11 13:58:36,11,14,4305,9694
2023-09-11 13:58:52,10,14,4305,9694
2023-09-11 13:58:54,10,13,4305,9694
2023-09-11 13:59:03,10,14,4305,9694
2023-09-11 13:59:07,10,13,4305,9694
2023-09-11 13:59:12,10,14,4305,9694
2023-09-11 13:59:13,11,14,4305,9694
2023-09-11 13:59:15,10,14,4305,9694
2023-09-11 13:59:21,11,14,4305,9694
2023-09-11 13:59:35,10,14,4305,9694
2023-09-11 13:59:44,11,14,4305,9694
2023-09-11 13:59:46,11,13,4305,9694
2023-09-11 13:59:46,10,13,4305,9694
2023-09-11 13:59:51,10,12,4305,9694
2023-09-11 13:59:54,9,12,4305,9694
2023-09-11 13:59:57,10,12,4305,9694
2023-09-11 14:00:01,9,12,4305,9694
2023-09-11 14:00:11,9,12,4306,9695
2023-09-11 14:00:17,10,12,4306,9695
2023-09-11 14:00:19,10,13,4306,9695
2023-09-11 14:00:21,9,13,4306,9695
2023-09-11 14:00:26,9,12,4306,9695
2023-09-11 14:00:53,10,12,4306,9695
2023-09-11 14:01:01,10,13,4306,9695
2023-09-11 14:01:12,10,12,4306,9695
2023-09-11 14:01:12,9,12,4306,9695
2023-09-11 14:01:13,10,12,4306,9695
2023-09-11 14:01:16,9,12,4306,9695
2023-09-11 14:01:18,10,12,4306,9695
2023-09-11 14:01:33,10,11,4306,9695
2023-09-11 14:01:34,10,12,4306,9695
2023-09-11 14:01:35,10,13,4306,9695
2023-09-11 14:01:49,10,12,4306,9695
2023-09-11 14:01:54,10,13,4306,9695
2023-09-11 14:01:56,10,12,4306,9695
2023-09-11 14:01:57,10,13,4306,9695
2023-09-11 14:01:58,10,12,4306,9695
2023-09-11 14:01:59,9,12,4306,9695
2023-09-11 14:02:01,10,12,4306,9695
2023-09-11 14:02:02,9,12,4306,9695
2023-09-11 14:02:43,9,11,4306,9695
2023-09-11 14:02:51,8,11,4306,9695
2023-09-11 14:02:52,9,11,4306,9695
2023-09-11 14:02:54,8,11,4306,9695
2023-09-11 14:02:55,9,11,4306,9695
2023-09-11 14:03:30,10,11,4306,9695
2023-09-11 14:03:31,9,11,4306,9695
2023-09-11 14:03:34,10,11,4306,9695
2023-09-11 14:03:55,10,11,4306,10095
2023-09-11 14:03:56,10,11,4306,10495
2023-09-11 14:03:57,10,13,4306,10695
2023-09-11 14:04:00,10,14,4306,10695
2023-09-11 14:04:00,11,14,4306,10695
2023-09-11 14:04:24,12,14,4306,10695
2023-09-11 14:04:35,12,15,4306,10695
2023-09-11 14:04:35,12,14,4306,10695
2023-09-11 14:04:36,12,15,4306,10695
2023-09-11 14:04:51,12,14,4306,10695
2023-09-11 14:04:55,12,15,4306,10695
2023-09-11 14:04:56,12,14,4306,10695
2023-09-11 14:05:02,12,15,4306,10695
2023-09-11 14:05:09,12,16,4306,10695
2023-09-11 14:05:09,12,15,4306,10695
2023-09-11 14:05:10,13,15,4306,10695
2023-09-11 14:05:18,12,15,4306,10695
2023-09-11 14:05:31,13,15,4306,10695
2023-09-11 14:05:34,12,15,4306,10695
2023-09-11 14:05:44,12,16,4306,10695
2023-09-11 14:05:44,12,17,4306,10695
2023-09-11 14:05:44,12,16,4306,10695
2023-09-11 14:05:46,13,16,4306,10695
2023-09-11 14:05:49,13,17,4306,10695
2023-09-11 14:05:50,14,17,4306,10695
2023-09-11 14:05:51,13,17,4306,10695
2023-09-11 14:05:51,13,16,4306,10695
2023-09-11 14:06:00,12,16,4306,10695
2023-09-11 14:06:01,13,16,4306,10695
2023-09-11 14:06:07,12,16,4306,10695
2023-09-11 14:06:09,13,16,4306,10695
2023-09-11 14:06:19,12,16,4306,10695
2023-09-11 14:06:21,13,16,4306,10695
2023-09-11 14:06:27,13,17,4306,10695
2023-09-11 14:06:29,14,17,4306,10695
2023-09-11 14:06:34,13,17,4306,10695
2023-09-11 14:06:51,14,17,4306,10695
2023-09-11 14:07:13,14,18,4306,10695
2023-09-11 14:07:14,14,17,4306,10695
2023-09-11 14:07:19,13,17,4306,10695
2023-09-11 14:07:19,13,16,4306,10695
2023-09-11 14:07:38,13,17,4306,10695
2023-09-11 14:07:38,14,17,4306,10695
2023-09-11 14:07:41,13,17,4306,10695
2023-09-11 14:07:41,13,16,4306,10695
2023-09-11 14:07:46,13,17,4306,10695
2023-09-11 14:07:46,14,17,4306,10695
2023-09-11 14:07:50,13,17,4306,10695
2023-09-11 14:07:50,13,16,4306,10695
2023-09-11 14:07:52,12,16,4306,10695
2023-09-11 14:07:55,12,15,4306,10695
2023-09-11 14:07:58,12,14,4306,10695
2023-09-11 14:08:12,13,14,4306,10695
2023-09-11 14:08:12,13,16,4306,10695
2023-09-11 14:08:21,13,17,4306,10695
2023-09-11 14:08:21,14,17,4306,10695
2023-09-11 14:08:23,13,17,4306,10695
2023-09-11 14:08:23,13,16,4306,10695
2023-09-11 14:08:24,14,16,4306,10695
2023-09-11 14:08:24,14,17,4306,10695
2023-09-11 14:08:25,14,16,4306,10695
2023-09-11 14:08:26,13,16,4306,10695
2023-09-11 14:08:27,14,16,4306,10695
2023-09-11 14:08:27,14,17,4306,10695
2023-09-11 14:09:10,14,19,4306,10695
