datetime,bid,ask,open_interest,volume
2023-12-21 09:31:00,32,39,83,83
2023-12-21 09:31:00,35,39,83,83
2023-12-21 09:31:02,35,37,133,133
2023-12-21 09:31:05,35,37,136,136
2023-12-21 09:31:07,35,37,336,336
2023-12-21 09:32:01,35,36,336,336
2023-12-21 09:32:01,35,37,336,336
2023-12-21 09:32:29,35,36,336,336
2023-12-21 09:32:29,35,36,356,356
2023-12-21 09:32:30,35,36,376,376
2023-12-21 09:32:30,35,37,376,376
2023-12-21 09:32:30,35,37,396,396
2023-12-21 09:32:40,35,37,351,465
2023-12-21 09:33:04,35,36,351,465
2023-12-21 09:33:54,34,36,388,502
2023-12-21 09:34:06,34,35,388,502
2023-12-21 09:34:09,33,35,388,502
2023-12-21 09:34:13,33,36,388,502
2023-12-21 09:34:14,33,35,388,502
2023-12-21 09:35:54,34,35,388,502
2023-12-21 09:36:35,33,35,398,512
2023-12-21 09:36:35,33,34,398,512
2023-12-21 09:36:48,33,35,398,512
2023-12-21 09:36:49,33,34,398,512
2023-12-21 09:36:52,32,34,398,512
2023-12-21 09:37:36,32,33,398,512
2023-12-21 09:38:03,32,34,398,512
2023-12-21 09:38:37,33,34,398,512
2023-12-21 09:39:09,33,35,505,627
2023-12-21 09:39:09,33,34,505,627
2023-12-21 09:39:16,33,35,505,627
2023-12-21 09:39:16,33,34,505,627
2023-12-21 09:39:21,33,35,505,627
2023-12-21 09:39:48,33,34,505,627
2023-12-21 09:39:50,33,35,505,627
2023-12-21 09:39:52,33,34,505,627
2023-12-21 09:39:54,33,35,505,627
2023-12-21 09:40:03,33,34,505,627
2023-12-21 09:40:04,33,35,505,627
2023-12-21 09:40:08,33,34,505,627
2023-12-21 09:40:09,33,35,505,627
2023-12-21 09:40:09,34,35,505,627
2023-12-21 09:41:28,33,34,505,637
2023-12-21 09:42:44,32,33,505,647
2023-12-21 09:43:27,32,33,626,768
2023-12-21 09:44:07,32,34,749,891
2023-12-21 09:44:30,32,33,749,891
2023-12-21 09:44:31,32,34,749,1008
2023-12-21 09:44:40,32,35,749,1008
2023-12-21 09:44:40,32,34,749,1008
2023-12-21 09:44:55,33,34,749,1008
2023-12-21 09:45:09,33,35,749,1008
2023-12-21 09:45:10,33,34,749,1008
2023-12-21 09:45:20,33,35,896,1155
2023-12-21 09:45:20,33,34,896,1155
2023-12-21 09:45:23,33,35,896,1155
2023-12-21 09:45:23,33,34,896,1155
2023-12-21 09:45:51,33,35,896,1155
2023-12-21 09:45:51,33,34,896,1155
2023-12-21 09:45:53,33,35,896,1155
2023-12-21 09:45:56,33,34,896,1155
2023-12-21 09:46:28,33,35,896,1155
2023-12-21 09:46:28,33,34,896,1155
2023-12-21 09:47:57,32,34,906,1165
2023-12-21 09:47:58,32,33,906,1165
2023-12-21 09:48:03,32,34,906,1165
2023-12-21 09:48:07,32,33,906,1165
2023-12-21 09:48:21,32,34,906,1165
2023-12-21 09:48:21,32,33,906,1165
2023-12-21 09:48:30,32,33,942,1201
2023-12-21 09:48:42,32,34,942,1201
2023-12-21 09:48:42,32,33,942,1201
2023-12-21 09:49:21,32,34,942,1201
2023-12-21 09:49:21,32,33,942,1201
2023-12-21 09:49:30,32,34,942,1201
2023-12-21 09:49:30,32,33,942,1201
2023-12-21 09:49:41,32,34,942,1201
2023-12-21 09:49:41,32,33,942,1201
2023-12-21 09:51:07,32,35,1060,1319
2023-12-21 09:51:07,32,34,1060,1319
2023-12-21 09:51:18,32,35,1060,1319
2023-12-21 09:51:18,32,34,1060,1319
2023-12-21 09:51:23,33,34,1060,1319
2023-12-21 09:52:14,33,35,1060,1319
2023-12-21 09:52:14,33,34,1060,1319
2023-12-21 09:52:26,33,34,1227,1486
2023-12-21 09:53:11,33,35,1253,1512
2023-12-21 09:53:11,33,34,1253,1512
2023-12-21 09:53:43,33,34,1266,1525
2023-12-21 09:53:45,33,35,1266,1525
2023-12-21 09:53:45,33,34,1266,1525
2023-12-21 09:54:12,33,35,1266,1525
2023-12-21 09:54:20,33,34,1266,1525
2023-12-21 09:54:29,33,35,1266,1525
2023-12-21 09:54:30,33,34,1266,1525
2023-12-21 09:54:33,33,35,1266,1525
2023-12-21 09:54:37,33,35,1386,1645
2023-12-21 09:54:41,33,35,1446,1705
2023-12-21 09:54:44,33,34,1446,1705
2023-12-21 09:54:54,33,35,1446,1705
2023-12-21 09:54:57,33,34,1446,1705
2023-12-21 09:55:18,33,35,1446,1705
2023-12-21 09:55:18,33,34,1446,1705
2023-12-21 09:55:24,33,35,1446,1705
2023-12-21 09:55:27,33,34,1446,1705
2023-12-21 09:55:55,33,35,1446,1705
2023-12-21 09:55:55,33,34,1446,1705
2023-12-21 09:56:35,33,35,1446,1705
2023-12-21 09:56:35,33,34,1446,1705
2023-12-21 09:58:06,32,34,1446,1715
2023-12-21 09:58:07,32,33,1446,1715
2023-12-21 09:58:39,31,32,1446,1825
2023-12-21 10:00:02,31,33,1446,1825
2023-12-21 10:00:21,32,33,1446,1825
2023-12-21 10:00:27,31,33,1446,1825
2023-12-21 10:00:28,32,33,1446,1825
2023-12-21 10:00:29,31,33,1446,1825
2023-12-21 10:00:29,32,33,1446,1825
2023-12-21 10:00:30,31,33,1446,1825
2023-12-21 10:00:30,32,33,1446,1825
2023-12-21 10:00:37,31,33,1446,1825
2023-12-21 10:00:37,32,33,1446,1825
2023-12-21 10:00:54,31,33,1446,1825
2023-12-21 10:01:10,32,33,1446,1825
2023-12-21 10:01:36,32,34,1446,1825
2023-12-21 10:01:56,33,34,1446,1825
2023-12-21 10:01:58,33,35,1446,1825
2023-12-21 10:01:59,33,34,1446,1825
2023-12-21 10:02:05,32,34,1446,1825
2023-12-21 10:02:06,33,34,1446,1825
2023-12-21 10:02:29,32,33,1342,1939
2023-12-21 10:02:30,32,34,1342,1939
2023-12-21 10:02:49,32,33,1342,1939
2023-12-21 10:03:28,32,34,1342,1939
2023-12-21 10:03:29,32,33,1342,1939
2023-12-21 10:03:33,32,34,1342,2139
2023-12-21 10:04:08,31,32,1342,2149
2023-12-21 10:05:04,30,32,1342,2149
2023-12-21 10:05:04,30,31,1342,2149
2023-12-21 10:05:10,30,31,1462,2269
2023-12-21 10:05:12,30,31,1522,2329
2023-12-21 10:05:26,29,30,1522,2339
2023-12-21 10:06:29,28,30,1421,2440
2023-12-21 10:06:29,28,29,1421,2440
2023-12-21 10:06:29,27,29,1421,2440
2023-12-21 10:06:29,27,29,1229,2632
2023-12-21 10:06:29,28,29,1229,2632
2023-12-21 10:06:30,28,30,1229,2632
2023-12-21 10:06:31,28,29,1229,2632
2023-12-21 10:06:31,27,29,1229,2632
2023-12-21 10:06:39,27,28,1229,2632
2023-12-21 10:07:06,26,28,1229,2632
2023-12-21 10:07:06,27,28,1229,2632
2023-12-21 10:07:12,26,28,1229,2632
2023-12-21 10:07:12,27,28,1229,2632
2023-12-21 10:07:28,26,27,1082,2779
2023-12-21 10:08:04,25,27,1082,2779
2023-12-21 10:08:04,25,26,1082,2779
2023-12-21 10:08:19,24,26,1082,2789
2023-12-21 10:08:21,24,25,1082,2789
2023-12-21 10:09:04,23,25,1082,2789
2023-12-21 10:09:18,24,25,1082,2789
2023-12-21 10:09:55,23,25,1082,2789
2023-12-21 10:09:55,24,25,1082,2789
2023-12-21 10:10:32,24,25,1082,2799
2023-12-21 10:10:33,24,26,1082,2799
2023-12-21 10:10:33,25,26,1082,2799
2023-12-21 10:10:36,24,26,1082,2799
2023-12-21 10:10:40,25,26,1082,2799
2023-12-21 10:10:52,25,26,1092,2809
2023-12-21 10:11:02,25,27,1142,2859
2023-12-21 10:11:02,26,27,1142,2859
2023-12-21 10:11:12,25,27,1142,2859
2023-12-21 10:11:16,26,27,1142,2859
2023-12-21 10:11:25,25,26,1000,3025
2023-12-21 10:11:26,25,27,1000,3025
2023-12-21 10:11:26,26,27,1000,3025
2023-12-21 10:11:28,25,27,1000,3025
2023-12-21 10:11:28,26,27,1000,3025
2023-12-21 10:11:28,25,27,884,3160
2023-12-21 10:11:28,26,27,884,3160
2023-12-21 10:11:29,25,27,884,3267
2023-12-21 10:11:41,25,26,884,3267
2023-12-21 10:11:43,25,26,894,3277
2023-12-21 10:12:31,25,27,894,3277
2023-12-21 10:13:25,26,27,894,3277
2023-12-21 10:13:27,27,28,920,3337
2023-12-21 10:13:37,27,29,920,3337
2023-12-21 10:13:44,27,29,1449,3892
2023-12-21 10:13:45,28,29,1449,3892
2023-12-21 10:13:48,28,30,1449,3892
2023-12-21 10:14:14,29,30,1449,3892
2023-12-21 10:14:30,29,31,1449,3892
2023-12-21 10:14:34,30,31,1449,3892
2023-12-21 10:14:40,30,32,1770,4339
2023-12-21 10:14:46,30,31,1770,4339
2023-12-21 10:14:47,30,31,1780,4349
2023-12-21 10:15:12,29,31,1780,4359
2023-12-21 10:15:23,29,30,1780,4359
2023-12-21 10:15:31,28,30,1780,4369
2023-12-21 10:15:41,29,30,1780,4369
2023-12-21 10:15:44,28,30,1780,4369
2023-12-21 10:15:47,29,30,1780,4369
2023-12-21 10:15:55,29,31,1780,4369
2023-12-21 10:15:55,29,30,1780,4369
2023-12-21 10:16:01,29,31,1780,4369
2023-12-21 10:16:02,30,31,1780,4369
2023-12-21 10:16:34,29,31,1780,4369
2023-12-21 10:16:34,29,30,1780,4369
2023-12-21 10:16:40,29,31,1780,4369
2023-12-21 10:16:41,29,30,1780,4369
2023-12-21 10:16:42,29,31,1780,4369
2023-12-21 10:16:43,29,30,1780,4369
2023-12-21 10:16:44,29,31,1780,4369
2023-12-21 10:16:46,29,30,1780,4369
2023-12-21 10:16:54,29,31,1780,4369
2023-12-21 10:16:54,29,30,1780,4369
2023-12-21 10:16:55,29,31,1780,4369
2023-12-21 10:16:57,29,30,1780,4369
2023-12-21 10:17:06,29,31,1780,4369
2023-12-21 10:17:08,29,30,1780,4369
2023-12-21 10:17:17,29,31,1780,4369
2023-12-21 10:17:17,29,30,1780,4369
2023-12-21 10:17:35,30,31,1780,4494
2023-12-21 10:18:09,30,32,1939,4658
2023-12-21 10:18:09,30,31,1939,4658
2023-12-21 10:18:12,30,32,1939,4658
2023-12-21 10:18:12,30,31,1939,4658
2023-12-21 10:18:21,31,32,1939,4797
2023-12-21 10:18:22,30,32,1939,4797
2023-12-21 10:18:22,30,31,1939,4797
2023-12-21 10:19:08,31,32,1939,4925
2023-12-21 10:20:52,32,33,1939,5051
2023-12-21 10:21:36,33,34,1939,5241
2023-12-21 10:21:37,32,34,1939,5241
2023-12-21 10:21:37,32,33,1939,5241
2023-12-21 10:22:07,32,34,1939,5241
2023-12-21 10:22:07,32,33,1939,5241
2023-12-21 10:22:12,32,33,2044,5367
2023-12-21 10:22:13,33,35,2098,5421
2023-12-21 10:22:13,33,34,2098,5421
2023-12-21 10:22:18,33,35,2098,5421
2023-12-21 10:22:18,33,34,2098,5421
2023-12-21 10:22:25,34,35,2266,5589
2023-12-21 10:22:25,33,34,2298,5621
2023-12-21 10:22:30,33,35,2298,5621
2023-12-21 10:22:31,34,35,2298,5621
2023-12-21 10:23:14,34,36,2467,5790
2023-12-21 10:23:14,34,35,2467,5790
2023-12-21 10:23:43,35,36,2627,5950
2023-12-21 10:26:21,34,35,2627,5960
2023-12-21 10:26:27,33,34,2507,6080
2023-12-21 10:26:47,32,34,2507,6080
2023-12-21 10:26:47,33,34,2507,6080
2023-12-21 10:26:48,32,34,2507,6080
2023-12-21 10:26:48,33,34,2507,6080
2023-12-21 10:26:49,32,34,2507,6080
2023-12-21 10:26:49,33,34,2507,6080
2023-12-21 10:26:51,32,34,2407,6180
2023-12-21 10:26:51,33,34,2407,6180
2023-12-21 10:26:53,32,34,2407,6180
2023-12-21 10:27:03,33,34,2407,6180
2023-12-21 10:27:06,32,34,2407,6180
2023-12-21 10:27:07,33,34,2407,6180
2023-12-21 10:27:11,32,34,2253,6334
2023-12-21 10:27:16,31,34,2253,6334
2023-12-21 10:27:17,31,33,2253,6334
2023-12-21 10:27:18,32,33,2253,6334
2023-12-21 10:27:19,31,33,2253,6334
2023-12-21 10:27:24,32,33,2253,6334
2023-12-21 10:27:25,31,33,2135,6452
2023-12-21 10:27:25,32,33,2135,6452
2023-12-21 10:27:26,31,33,2135,6452
2023-12-21 10:27:32,32,33,2135,6452
2023-12-21 10:27:38,31,33,1970,6617
2023-12-21 10:27:38,31,32,1970,6617
2023-12-21 10:27:38,31,32,1859,6728
2023-12-21 10:28:02,31,32,1981,7128
2023-12-21 10:28:02,31,32,2341,7488
2023-12-21 10:28:03,31,32,2531,7678
2023-12-21 10:28:04,31,32,2721,7868
2023-12-21 10:28:04,31,32,2841,7988
2023-12-21 10:28:05,31,32,2901,8048
2023-12-21 10:28:07,31,32,3101,8248
2023-12-21 10:28:07,31,32,3221,8368
2023-12-21 10:28:08,31,32,3421,8568
2023-12-21 10:28:15,30,31,3591,8738
2023-12-21 10:28:16,30,32,3591,8738
2023-12-21 10:28:20,31,32,3591,8738
2023-12-21 10:28:21,30,32,3591,8738
2023-12-21 10:28:21,31,32,3591,8738
2023-12-21 10:28:22,30,32,3591,8738
2023-12-21 10:28:23,31,32,3591,8738
2023-12-21 10:28:30,30,32,3410,8919
2023-12-21 10:28:30,31,32,3410,8919
2023-12-21 10:29:26,30,32,3410,8919
2023-12-21 10:29:26,31,32,3410,8919
2023-12-21 10:29:55,30,31,3410,9019
2023-12-21 10:30:01,30,32,3410,9019
2023-12-21 10:30:01,31,32,3410,9019
2023-12-21 10:30:24,30,32,3410,9019
2023-12-21 10:30:24,31,32,3410,9019
2023-12-21 10:30:40,30,32,3410,9019
2023-12-21 10:30:40,31,32,3410,9019
2023-12-21 10:31:11,30,32,3410,9019
2023-12-21 10:31:21,31,32,3410,9019
2023-12-21 10:31:55,30,32,3410,9019
2023-12-21 10:31:55,31,32,3410,9019
2023-12-21 10:33:17,32,33,3405,9024
2023-12-21 10:34:42,32,34,3400,9029
2023-12-21 10:34:43,33,34,3400,9029
2023-12-21 10:35:09,33,35,3400,9034
2023-12-21 10:35:10,33,35,3400,9044
2023-12-21 10:35:59,32,35,3400,9044
2023-12-21 10:35:59,33,35,3400,9044
2023-12-21 10:36:40,34,35,3400,9044
2023-12-21 10:36:42,33,35,3400,9044
2023-12-21 10:36:43,34,35,3400,9044
2023-12-21 10:37:03,35,36,3395,9049
2023-12-21 10:37:42,34,36,3395,9049
2023-12-21 10:38:25,33,36,3395,9049
2023-12-21 10:38:37,33,35,3395,9049
2023-12-21 10:38:42,34,35,3395,9049
2023-12-21 10:39:36,33,35,3395,9049
2023-12-21 10:39:36,34,35,3395,9049
2023-12-21 10:40:09,34,35,3395,9059
2023-12-21 10:40:09,34,35,3395,9069
2023-12-21 10:40:17,32,35,3311,9153
2023-12-21 10:40:18,32,34,3311,9153
2023-12-21 10:40:22,32,34,3311,9163
2023-12-21 10:40:27,31,34,3311,9163
2023-12-21 10:40:33,31,33,3311,9163
2023-12-21 10:40:48,32,33,3311,9163
2023-12-21 10:40:59,33,34,3311,9163
2023-12-21 10:41:02,32,34,3311,9163
2023-12-21 10:41:04,33,34,3311,9163
2023-12-21 10:41:05,33,35,3311,9163
2023-12-21 10:41:06,34,35,3311,9163
2023-12-21 10:41:09,33,35,3311,9163
2023-12-21 10:44:25,34,35,3311,9163
2023-12-21 10:44:36,34,36,3511,9363
2023-12-21 10:44:57,33,36,3511,9363
2023-12-21 10:44:59,34,36,3511,9363
2023-12-21 10:45:04,33,36,3511,9363
2023-12-21 10:45:07,34,36,3511,9363
2023-12-21 10:45:47,35,36,3511,9363
2023-12-21 10:47:16,34,36,3511,9363
2023-12-21 10:47:17,33,36,3511,9363
2023-12-21 10:47:24,34,36,3511,9363
2023-12-21 10:50:06,33,36,3511,9363
2023-12-21 10:50:17,34,36,3511,9363
2023-12-21 10:50:20,33,36,3511,9363
2023-12-21 10:50:26,33,35,3511,9363
2023-12-21 10:50:40,33,34,3511,9363
2023-12-21 10:50:49,31,34,3521,9373
2023-12-21 10:50:55,31,33,3521,9373
2023-12-21 10:50:55,31,32,3521,9373
2023-12-21 10:50:57,31,32,3521,9428
2023-12-21 10:50:57,31,32,3521,9568
2023-12-21 10:50:58,30,32,3521,9568
2023-12-21 10:51:15,30,33,3521,9568
2023-12-21 10:51:15,31,33,3521,9568
2023-12-21 10:51:19,30,33,3521,9568
2023-12-21 10:51:22,30,32,3521,9568
2023-12-21 10:51:47,30,31,3521,9568
2023-12-21 10:52:01,30,32,3521,9568
2023-12-21 10:52:11,31,32,3521,9568
2023-12-21 10:52:29,31,32,3721,9768
2023-12-21 10:52:31,31,32,3791,9838
2023-12-21 10:52:31,31,32,3791,10338
2023-12-21 10:52:36,31,32,3791,10838
2023-12-21 10:52:38,30,32,3791,10838
2023-12-21 10:52:50,30,31,3791,10838
2023-12-21 10:52:54,30,32,3791,10838
2023-12-21 10:54:11,30,31,3791,10838
2023-12-21 10:55:53,30,32,3791,10838
2023-12-21 10:57:11,30,31,3791,10838
2023-12-21 10:57:44,30,31,3991,11038
2023-12-21 10:58:03,30,32,3991,11038
2023-12-21 10:58:29,30,31,3991,11038
2023-12-21 10:59:05,30,32,3991,11038
2023-12-21 11:00:07,31,32,3991,11038
2023-12-21 11:00:15,31,33,3991,11038
2023-12-21 11:00:26,32,33,3991,11038
2023-12-21 11:00:30,31,33,3991,11038
2023-12-21 11:00:43,31,34,4191,11238
2023-12-21 11:00:44,32,34,4191,11238
2023-12-21 11:00:53,31,34,4191,11238
2023-12-21 11:01:03,31,33,4191,11238
2023-12-21 11:01:14,30,33,4191,11238
2023-12-21 11:01:26,31,33,4191,11238
2023-12-21 11:01:55,30,33,4191,11238
2023-12-21 11:02:18,30,32,4191,11238
2023-12-21 11:02:38,31,32,4191,11238
2023-12-21 11:02:51,31,33,4191,11238
2023-12-21 11:02:53,31,34,4191,11238
2023-12-21 11:03:02,31,34,4191,11265
2023-12-21 11:03:06,32,34,4191,11265
2023-12-21 11:03:29,33,34,4191,11265
2023-12-21 11:03:50,33,34,4741,11820
2023-12-21 11:03:50,33,35,4741,11820
2023-12-21 11:03:58,34,35,4741,11820
2023-12-21 11:04:06,34,36,4741,11820
2023-12-21 11:04:13,35,36,4741,11820
2023-12-21 11:04:22,36,37,4736,11825
2023-12-21 11:04:26,36,38,4736,11825
2023-12-21 11:06:23,37,38,4736,11825
2023-12-21 11:07:08,36,38,4736,11825
2023-12-21 11:07:08,36,37,4736,11825
2023-12-21 11:07:21,35,37,4736,11825
2023-12-21 11:07:37,34,37,4736,11825
2023-12-21 11:07:37,34,36,4736,11825
2023-12-21 11:07:37,35,36,4736,11825
2023-12-21 11:07:42,34,36,4736,11835
2023-12-21 11:07:50,34,36,4691,11880
2023-12-21 11:08:57,33,36,4691,11880
2023-12-21 11:08:57,34,36,4691,11880
2023-12-21 11:09:02,33,36,4691,11880
2023-12-21 11:09:04,33,35,4691,11880
2023-12-21 11:09:06,33,34,4691,11880
2023-12-21 11:09:07,32,34,4691,11880
2023-12-21 11:09:10,32,33,4691,11880
2023-12-21 11:09:13,31,33,4291,12290
2023-12-21 11:10:04,32,33,4291,12290
2023-12-21 11:10:04,32,34,4291,12290
2023-12-21 11:10:20,33,34,4291,12290
2023-12-21 11:10:23,33,35,4291,12290
2023-12-21 11:10:41,32,35,4291,12290
2023-12-21 11:10:43,32,34,4291,12290
2023-12-21 11:11:57,33,34,4291,12290
2023-12-21 11:12:53,33,34,4330,12790
2023-12-21 11:13:14,33,34,4530,12990
2023-12-21 11:13:29,33,34,5030,13490
2023-12-21 11:14:48,33,36,5025,13495
2023-12-21 11:15:14,34,36,5025,13495
2023-12-21 11:15:23,34,37,5025,13895
2023-12-21 11:15:24,35,37,5025,13895
2023-12-21 11:15:32,35,36,5025,13895
2023-12-21 11:15:38,35,37,5025,13895
2023-12-21 11:15:51,35,36,5025,13895
2023-12-21 11:16:03,35,37,5025,14007
2023-12-21 11:16:03,35,36,5025,14007
2023-12-21 11:16:47,34,36,5025,14007
2023-12-21 11:17:12,33,36,5025,14007
2023-12-21 11:17:15,33,35,5025,14007
2023-12-21 11:17:33,33,34,5025,14007
2023-12-21 11:18:14,33,34,5525,14507
2023-12-21 11:18:15,33,34,5725,14707
2023-12-21 11:18:22,33,34,5785,14767
2023-12-21 11:18:24,31,33,5825,14807
2023-12-21 11:18:37,31,32,5825,14807
2023-12-21 11:19:01,31,33,5825,14807
2023-12-21 11:19:04,31,32,5825,14807
2023-12-21 11:19:08,31,33,5825,14807
2023-12-21 11:19:31,31,34,5825,14807
2023-12-21 11:19:54,32,34,5825,14807
2023-12-21 11:20:18,31,34,5825,14807
2023-12-21 11:20:19,32,34,5825,14807
2023-12-21 11:20:22,32,33,5825,14807
2023-12-21 11:20:22,31,33,5825,14807
2023-12-21 11:20:23,32,33,5825,14807
2023-12-21 11:20:26,31,33,5825,14807
2023-12-21 11:21:01,32,33,5825,14807
2023-12-21 11:21:01,32,34,5825,14807
2023-12-21 11:21:03,32,35,5825,14807
2023-12-21 11:21:09,33,35,5825,14807
2023-12-21 11:21:12,33,36,5825,14807
2023-12-21 11:21:25,34,36,5825,14807
2023-12-21 11:21:27,34,37,5825,14807
2023-12-21 11:21:49,35,37,5825,14807
2023-12-21 11:21:54,35,38,5825,14807
2023-12-21 11:22:00,35,37,5825,14807
2023-12-21 11:22:02,34,37,5825,14807
2023-12-21 11:22:12,34,36,5825,14807
2023-12-21 11:22:18,33,36,5825,14807
2023-12-21 11:22:26,34,36,5825,14807
2023-12-21 11:22:35,33,36,5825,14807
2023-12-21 11:22:46,34,36,5825,14807
2023-12-21 11:23:05,35,36,5825,14807
2023-12-21 11:23:05,35,37,5825,14807
2023-12-21 11:23:37,35,36,5825,14807
2023-12-21 11:23:39,35,37,5825,14807
2023-12-21 11:23:39,35,36,5825,14807
2023-12-21 11:24:07,35,37,5825,14972
2023-12-21 11:24:08,35,36,5825,14972
2023-12-21 11:24:09,35,37,5825,14972
2023-12-21 11:24:09,35,36,5825,14972
2023-12-21 11:24:18,36,37,5930,15077
2023-12-21 11:25:18,35,37,5930,15077
2023-12-21 11:25:18,35,36,5930,15077
2023-12-21 11:25:55,35,37,5930,15077
2023-12-21 11:25:56,35,36,5930,15077
2023-12-21 11:25:57,35,37,5930,15077
2023-12-21 11:26:21,35,38,5930,15077
2023-12-21 11:26:58,35,39,5930,15077
2023-12-21 11:26:58,35,38,5930,15077
2023-12-21 11:26:58,35,39,5930,15077
2023-12-21 11:27:03,35,38,5930,15077
2023-12-21 11:27:13,36,38,5930,15077
2023-12-21 11:27:18,36,39,5930,15077
2023-12-21 11:27:27,37,39,5930,15077
2023-12-21 11:27:27,37,40,5930,15077
2023-12-21 11:27:30,37,39,5930,15077
2023-12-21 11:28:42,38,39,5930,15077
2023-12-21 11:30:06,38,40,5920,15191
2023-12-21 11:30:08,38,41,5920,15191
2023-12-21 11:30:08,38,39,5920,15191
2023-12-21 11:30:15,38,41,5920,15380
2023-12-21 11:30:26,38,39,5920,15380
2023-12-21 11:30:41,38,41,5920,15380
2023-12-21 11:30:41,38,39,5920,15380
2023-12-21 11:31:04,38,41,5920,15380
2023-12-21 11:31:04,38,39,5920,15380
2023-12-21 11:31:12,38,41,5920,15380
2023-12-21 11:31:13,38,39,5920,15380
2023-12-21 11:31:33,38,40,5920,15380
2023-12-21 11:31:33,38,39,5920,15380
2023-12-21 11:31:56,38,41,5920,15380
2023-12-21 11:31:56,38,39,5920,15380
2023-12-21 11:32:19,38,41,5920,15380
2023-12-21 11:32:19,38,39,5920,15380
2023-12-21 11:32:23,38,41,5920,15380
2023-12-21 11:32:23,38,39,5920,15380
2023-12-21 11:33:51,37,38,5930,15390
2023-12-21 11:33:53,37,39,5930,15390
2023-12-21 11:33:54,37,38,5930,15390
2023-12-21 11:33:56,37,39,5930,15390
2023-12-21 11:33:57,37,38,5930,15390
2023-12-21 11:33:59,37,39,5930,15390
2023-12-21 11:34:12,38,39,5930,15390
2023-12-21 11:34:20,38,41,5930,15390
2023-12-21 11:34:43,39,41,5930,15390
2023-12-21 11:35:17,40,41,5930,15390
2023-12-21 11:35:33,41,42,5920,15401
2023-12-21 11:35:33,41,42,5920,15409
2023-12-21 11:35:33,41,43,5920,15409
2023-12-21 11:35:35,40,43,5920,15409
2023-12-21 11:35:39,41,43,5920,15409
2023-12-21 11:35:47,41,44,5920,15409
2023-12-21 11:35:47,41,43,5920,15409
2023-12-21 11:36:22,41,44,5920,15409
2023-12-21 11:36:33,42,44,5920,15409
2023-12-21 11:36:37,42,45,5920,15409
2023-12-21 11:36:37,42,44,5920,15409
2023-12-21 11:36:38,42,45,5920,15409
2023-12-21 11:36:39,43,45,5920,15409
2023-12-21 11:36:44,43,46,5920,15409
2023-12-21 11:39:00,43,45,5920,15409
2023-12-21 11:39:01,41,45,5930,15419
2023-12-21 11:39:01,41,44,5930,15419
2023-12-21 11:40:44,41,43,5930,15419
2023-12-21 11:40:55,41,43,5931,15420
2023-12-21 11:40:55,41,44,5931,15420
2023-12-21 11:40:55,41,43,5931,15420
2023-12-21 11:41:04,41,44,5931,15420
2023-12-21 11:41:23,41,43,5931,15420
2023-12-21 11:41:39,41,44,5931,15420
2023-12-21 11:45:34,42,44,5931,15420
2023-12-21 11:46:14,43,44,5931,15420
2023-12-21 11:46:15,42,44,5931,15420
2023-12-21 11:46:34,43,44,5931,15420
2023-12-21 11:47:33,42,44,5931,15420
2023-12-21 11:47:34,43,44,5931,15420
2023-12-21 11:47:36,42,44,5931,15420
2023-12-21 11:47:41,43,44,5931,15420
2023-12-21 11:47:46,42,44,5931,15420
2023-12-21 11:47:51,43,44,5931,15420
2023-12-21 11:47:59,42,44,5931,15420
2023-12-21 11:48:09,42,43,5931,15420
2023-12-21 11:48:26,42,44,5931,15420
2023-12-21 11:48:45,43,44,5931,15420
2023-12-21 11:50:25,42,44,5931,15420
2023-12-21 11:50:25,42,43,5931,15420
2023-12-21 11:50:27,42,44,5931,15420
2023-12-21 11:50:27,42,43,5931,15420
2023-12-21 11:50:40,42,44,5931,15420
2023-12-21 11:50:41,42,43,5931,15420
2023-12-21 11:51:06,43,44,5931,15567
2023-12-21 11:51:07,42,44,5931,15567
2023-12-21 11:51:12,42,43,5931,15567
2023-12-21 11:51:12,41,43,5931,15567
2023-12-21 11:51:48,42,43,5931,15567
2023-12-21 11:51:54,41,43,5931,15567
2023-12-21 11:55:33,41,42,5931,15567
2023-12-21 11:55:34,41,43,5931,15567
2023-12-21 11:55:36,41,42,5931,15567
2023-12-21 11:55:59,41,43,5931,15567
2023-12-21 11:56:07,41,42,5931,15567
2023-12-21 11:56:10,41,43,5931,15567
2023-12-21 11:56:19,41,42,5931,15567
2023-12-21 11:56:23,39,41,5941,15577
2023-12-21 11:56:54,39,40,5941,15577
2023-12-21 11:56:54,38,40,5951,15587
2023-12-21 11:57:02,38,41,5951,15587
2023-12-21 11:57:20,39,41,5951,15587
2023-12-21 11:57:54,40,41,5951,15587
2023-12-21 11:57:57,39,41,5951,15587
2023-12-21 11:57:59,40,41,5951,15587
2023-12-21 11:58:00,39,41,5951,15587
2023-12-21 11:58:01,40,41,5951,15587
2023-12-21 11:58:02,39,41,5951,15587
2023-12-21 11:58:42,38,41,5951,15587
2023-12-21 11:58:57,38,40,5951,15587
2023-12-21 11:58:59,38,41,5951,15587
2023-12-21 11:59:02,38,40,5951,15587
2023-12-21 11:59:56,38,39,5951,15587
2023-12-21 11:59:58,37,39,5951,15587
2023-12-21 11:59:59,37,38,5951,15587
2023-12-21 12:00:07,36,37,5961,15597
2023-12-21 12:00:20,35,37,5961,15597
2023-12-21 12:00:21,34,37,5961,15597
2023-12-21 12:00:21,33,37,5961,15597
2023-12-21 12:00:21,33,36,5961,15597
2023-12-21 12:00:21,33,35,5961,15597
2023-12-21 12:00:23,33,34,5961,15597
2023-12-21 12:00:28,32,34,5961,16097
2023-12-21 12:00:31,31,34,5961,16097
2023-12-21 12:00:35,31,32,5961,16097
2023-12-21 12:00:36,30,32,5961,16097
2023-12-21 12:00:42,30,31,5961,16097
2023-12-21 12:01:07,30,32,5961,16097
2023-12-21 12:01:15,30,33,5961,16097
2023-12-21 12:01:15,31,33,5961,16097
2023-12-21 12:01:18,31,34,5961,16097
2023-12-21 12:01:18,32,34,5961,16097
2023-12-21 12:01:22,31,34,5961,16097
2023-12-21 12:01:22,32,34,5961,16097
2023-12-21 12:01:23,31,34,5961,16097
2023-12-21 12:01:23,32,34,5961,16097
2023-12-21 12:01:24,31,34,5961,16097
2023-12-21 12:01:59,32,34,5961,16097
2023-12-21 12:02:04,33,34,5961,16097
2023-12-21 12:02:30,32,34,5961,16097
2023-12-21 12:02:30,33,34,5961,16097
2023-12-21 12:02:56,31,34,5961,16097
2023-12-21 12:02:56,32,34,5961,16097
2023-12-21 12:02:57,32,33,5961,16097
2023-12-21 12:02:57,31,33,5961,16097
2023-12-21 12:03:07,30,33,5961,16097
2023-12-21 12:03:11,30,32,5961,16097
2023-12-21 12:03:23,30,31,5961,16097
2023-12-21 12:03:25,30,32,5961,16097
2023-12-21 12:03:29,30,31,5961,16097
2023-12-21 12:04:11,30,31,6361,16497
2023-12-21 12:04:12,28,31,6371,16507
2023-12-21 12:04:12,28,29,6371,16507
2023-12-21 12:04:33,28,29,6371,16626
2023-12-21 12:04:35,27,29,6371,16626
2023-12-21 12:04:43,27,29,6371,16707
2023-12-21 12:04:51,27,28,6371,16707
2023-12-21 12:05:00,26,28,6371,16717
2023-12-21 12:05:00,26,28,6371,16727
2023-12-21 12:05:13,26,29,6371,16727
2023-12-21 12:05:22,27,29,6371,16727
2023-12-21 12:05:25,26,29,6371,16727
2023-12-21 12:05:25,26,28,6371,16727
2023-12-21 12:05:25,26,27,6371,16727
2023-12-21 12:06:35,27,29,6371,16828
2023-12-21 12:06:45,27,30,6371,16828
2023-12-21 12:06:47,27,30,6371,16828
2023-12-21 12:06:47,28,30,6371,16828
2023-12-21 12:06:49,27,30,6371,16828
2023-12-21 12:06:51,30,31,6971,17428
2023-12-21 12:06:51,30,31,7160,17617
2023-12-21 12:06:53,30,31,7325,17782
2023-12-21 12:07:06,30,31,7880,18337
2023-12-21 12:07:20,30,31,8080,18537
2023-12-21 12:07:20,30,31,8280,18737
2023-12-21 12:07:41,30,31,8348,18805
2023-12-21 12:07:45,28,31,8381,18838
2023-12-21 12:07:45,28,30,8381,18838
2023-12-21 12:07:47,29,30,8381,18838
2023-12-21 12:07:50,28,30,8381,18838
2023-12-21 12:07:54,28,29,8381,18838
2023-12-21 12:08:18,27,29,8381,18838
2023-12-21 12:08:21,27,28,8381,18838
2023-12-21 12:08:23,26,28,8381,18838
2023-12-21 12:08:30,26,27,8381,18838
2023-12-21 12:08:49,25,27,8426,18883
2023-12-21 12:08:49,25,26,8426,18883
2023-12-21 12:09:14,24,26,8461,18918
2023-12-21 12:09:14,24,25,8461,18918
2023-12-21 12:09:34,23,25,8461,18918
2023-12-21 12:09:35,24,25,8461,18918
2023-12-21 12:09:36,23,25,8461,18918
2023-12-21 12:09:38,24,25,8461,18918
2023-12-21 12:09:44,23,25,8461,18918
2023-12-21 12:09:45,24,25,8461,18918
2023-12-21 12:09:46,23,25,8461,18918
2023-12-21 12:10:00,23,25,8461,18928
2023-12-21 12:10:15,24,25,8461,18928
2023-12-21 12:11:18,25,26,8461,18963
2023-12-21 12:12:14,25,27,8461,19008
2023-12-21 12:12:17,25,26,8461,19008
2023-12-21 12:15:03,25,27,8461,19008
2023-12-21 12:15:20,26,27,8461,19008
2023-12-21 12:15:22,26,28,8461,19008
2023-12-21 12:15:57,25,28,8461,19008
2023-12-21 12:15:57,27,28,8461,19008
2023-12-21 12:16:19,25,28,8461,19008
2023-12-21 12:16:19,26,28,8461,19008
2023-12-21 12:16:32,26,27,8461,19008
2023-12-21 12:17:06,25,27,8461,19008
2023-12-21 12:17:36,25,26,8461,19008
2023-12-21 12:18:15,25,27,8461,19008
2023-12-21 12:18:28,26,27,8461,19008
2023-12-21 12:18:35,25,27,8461,19008
2023-12-21 12:18:48,26,27,8461,19008
2023-12-21 12:19:09,25,27,8461,19008
2023-12-21 12:20:30,25,26,8461,19008
2023-12-21 12:21:04,25,27,8461,19008
2023-12-21 12:21:34,25,26,8461,19008
2023-12-21 12:22:09,24,26,8481,19034
2023-12-21 12:22:09,24,25,8481,19034
2023-12-21 12:22:23,24,26,8481,19034
2023-12-21 12:22:35,23,26,8481,19034
2023-12-21 12:22:35,25,26,8481,19034
2023-12-21 12:23:01,23,26,8481,19034
2023-12-21 12:23:01,24,26,8481,19034
2023-12-21 12:23:30,24,25,8481,19034
2023-12-21 12:24:26,24,26,8481,19034
2023-12-21 12:24:46,24,25,8481,19034
2023-12-21 12:24:55,24,26,8481,19034
2023-12-21 12:24:55,25,26,8481,19034
2023-12-21 12:25:02,25,27,8481,19034
2023-12-21 12:25:05,25,26,8481,19034
2023-12-21 12:25:08,24,26,8481,19034
2023-12-21 12:25:34,25,26,8481,19034
2023-12-21 12:25:39,24,26,8481,19034
2023-12-21 12:25:54,24,25,8481,19034
2023-12-21 12:26:34,24,26,8481,19034
2023-12-21 12:26:59,24,25,8481,19034
2023-12-21 12:27:07,24,26,8481,19034
2023-12-21 12:27:08,24,25,8481,19034
2023-12-21 12:27:21,24,26,8481,19034
2023-12-21 12:27:21,24,25,8481,19034
2023-12-21 12:27:40,24,26,8481,19034
2023-12-21 12:27:40,24,25,8481,19034
2023-12-21 12:30:00,24,26,8481,19034
2023-12-21 12:30:01,24,25,8481,19034
2023-12-21 12:30:20,24,26,8481,19034
2023-12-21 12:30:25,25,26,8481,19034
2023-12-21 12:30:38,25,27,8481,19034
2023-12-21 12:30:43,24,27,8481,19034
2023-12-21 12:30:43,26,27,8481,19034
2023-12-21 12:30:44,24,27,8481,19034
2023-12-21 12:30:44,25,27,8481,19034
2023-12-21 12:30:45,24,27,8481,19034
2023-12-21 12:30:45,26,27,8481,19034
2023-12-21 12:30:47,26,28,8481,19034
2023-12-21 12:30:53,25,28,8481,19034
2023-12-21 12:30:53,27,28,8481,19034
2023-12-21 12:31:03,27,29,8481,19034
2023-12-21 12:31:26,28,29,8481,19034
2023-12-21 12:31:27,28,30,8481,19034
2023-12-21 12:31:38,27,30,8481,19034
2023-12-21 12:31:38,29,30,8481,19034
2023-12-21 12:31:39,29,31,8481,19034
2023-12-21 12:32:24,30,31,8481,19034
2023-12-21 12:33:02,29,31,8481,19034
2023-12-21 12:33:21,29,30,8481,19034
2023-12-21 12:33:24,30,31,8481,19229
2023-12-21 12:33:25,29,31,8481,19229
2023-12-21 12:33:30,29,30,8481,19229
2023-12-21 12:33:40,29,31,8481,19229
2023-12-21 12:33:40,29,30,8481,19229
2023-12-21 12:33:43,28,30,8481,19229
2023-12-21 12:34:27,28,29,8481,19229
2023-12-21 12:34:34,27,29,8481,19229
2023-12-21 12:34:51,27,28,8481,19229
2023-12-21 12:34:51,26,28,8481,19229
2023-12-21 12:34:54,24,28,8481,19229
2023-12-21 12:34:54,25,28,8481,19229
2023-12-21 12:34:54,25,27,8481,19229
2023-12-21 12:34:57,25,26,8481,19229
2023-12-21 12:35:36,24,26,8481,19229
2023-12-21 12:35:54,24,25,8481,19229
2023-12-21 12:35:58,24,26,8481,19229
2023-12-21 12:36:07,25,26,8481,19229
2023-12-21 12:36:46,26,28,8471,19239
2023-12-21 12:36:52,27,28,8471,19239
2023-12-21 12:36:53,26,28,8471,19239
2023-12-21 12:37:34,27,28,8471,19239
2023-12-21 12:37:53,26,28,8471,19239
2023-12-21 12:37:55,27,28,8471,19239
2023-12-21 12:37:58,26,28,8471,19239
2023-12-21 12:38:27,25,28,8471,19239
2023-12-21 12:38:28,25,27,8471,19239
2023-12-21 12:38:40,25,28,8471,19239
2023-12-21 12:38:40,26,28,8471,19239
2023-12-21 12:38:45,25,28,8471,19239
2023-12-21 12:38:46,26,28,8471,19239
2023-12-21 12:39:37,26,27,8471,19239
2023-12-21 12:39:37,25,27,8471,19239
2023-12-21 12:40:22,25,26,8471,19239
2023-12-21 12:40:23,24,26,8471,19239
2023-12-21 12:40:27,25,26,8471,19239
2023-12-21 12:40:31,24,26,8471,19239
2023-12-21 12:40:38,25,26,8471,19239
2023-12-21 12:41:22,25,28,8471,19239
2023-12-21 12:41:22,26,28,8471,19239
2023-12-21 12:41:57,27,28,8471,19239
2023-12-21 12:42:01,26,28,8471,19239
2023-12-21 12:42:06,27,28,8471,19239
2023-12-21 12:42:09,27,29,8471,19239
2023-12-21 12:42:17,28,29,8471,19239
2023-12-21 12:42:17,28,30,8471,19239
2023-12-21 12:42:37,27,30,8471,19239
2023-12-21 12:42:37,27,29,8471,19239
2023-12-21 12:43:08,27,28,8471,19239
2023-12-21 12:43:08,26,28,8471,19239
2023-12-21 12:43:11,26,27,8471,19239
2023-12-21 12:43:11,25,27,8471,19239
2023-12-21 12:43:15,25,26,8471,19239
2023-12-21 12:43:20,24,26,8471,19239
2023-12-21 12:43:59,25,26,8471,19239
2023-12-21 12:44:04,24,26,8471,19239
2023-12-21 12:44:09,25,26,8471,19239
2023-12-21 12:44:11,24,26,8471,19239
2023-12-21 12:44:18,25,26,8471,19239
2023-12-21 12:44:39,25,27,8471,19239
2023-12-21 12:44:43,25,28,8471,19239
2023-12-21 12:44:47,26,28,8471,19239
2023-12-21 12:44:58,25,28,8471,19239
2023-12-21 12:45:05,25,27,8471,19239
2023-12-21 12:45:22,24,27,8471,19239
2023-12-21 12:45:22,24,26,8471,19239
2023-12-21 12:45:24,25,26,8471,19239
2023-12-21 12:45:39,25,27,8471,19239
2023-12-21 12:45:40,25,28,8471,19239
2023-12-21 12:45:40,26,28,8471,19239
2023-12-21 12:45:48,25,28,8471,19239
2023-12-21 12:45:49,25,27,8471,19239
2023-12-21 12:46:25,25,28,8471,19239
2023-12-21 12:46:26,25,27,8471,19239
2023-12-21 12:46:30,25,28,8471,19239
2023-12-21 12:46:30,25,27,8471,19239
2023-12-21 12:46:32,25,28,8471,19239
2023-12-21 12:46:32,25,27,8471,19239
2023-12-21 12:46:34,26,27,8471,19239
2023-12-21 12:46:34,26,28,8471,19239
2023-12-21 12:46:36,26,27,8471,19239
2023-12-21 12:46:40,25,27,8471,19239
2023-12-21 12:47:49,25,26,8471,19239
2023-12-21 12:47:50,25,27,8471,19239
2023-12-21 12:47:52,25,26,8471,19239
2023-12-21 12:47:56,25,27,8471,19239
2023-12-21 12:48:06,26,27,8471,19239
2023-12-21 12:48:20,25,27,8471,19239
2023-12-21 12:48:40,26,27,8471,19239
2023-12-21 12:48:40,25,27,8471,19239
2023-12-21 12:48:41,26,27,8471,19239
2023-12-21 12:48:54,25,27,8471,19239
2023-12-21 12:49:43,25,26,8471,19239
2023-12-21 12:50:09,24,26,8471,19239
2023-12-21 12:50:15,25,26,8471,19239
2023-12-21 12:50:54,25,27,8471,19239
2023-12-21 12:50:58,25,26,8471,19239
2023-12-21 12:51:01,25,27,8471,19239
2023-12-21 12:51:02,25,26,8471,19239
2023-12-21 12:51:10,25,27,8471,19239
2023-12-21 12:51:10,25,26,8471,19239
2023-12-21 12:51:26,25,27,8471,19239
2023-12-21 12:51:26,25,26,8471,19239
2023-12-21 12:51:31,25,27,8471,19239
2023-12-21 12:51:32,25,26,8471,19239
2023-12-21 12:51:49,25,27,8471,19239
2023-12-21 12:51:49,25,26,8471,19239
2023-12-21 12:51:55,25,27,8471,19239
2023-12-21 12:52:00,26,27,8471,19239
2023-12-21 12:52:13,25,27,8471,19239
2023-12-21 12:52:22,24,27,8471,19239
2023-12-21 12:52:27,24,26,8471,19239
2023-12-21 12:53:07,24,25,8471,19239
2023-12-21 12:53:26,24,26,8471,19239
2023-12-21 12:53:26,24,25,8471,19239
2023-12-21 12:54:09,23,24,8481,19249
2023-12-21 12:54:18,22,24,8481,19249
2023-12-21 12:54:31,22,23,8481,19249
2023-12-21 12:55:16,21,23,8481,19249
2023-12-21 12:55:17,21,24,8481,19249
2023-12-21 12:55:17,21,22,8481,19249
2023-12-21 12:55:17,21,24,8481,19249
2023-12-21 12:55:17,21,22,8481,19249
2023-12-21 12:55:17,21,24,8481,19249
2023-12-21 12:55:17,21,22,8481,19249
2023-12-21 12:55:17,21,24,8481,19249
2023-12-21 12:55:17,21,22,8481,19249
2023-12-21 12:55:35,20,22,8481,19249
2023-12-21 12:55:44,21,22,8481,19249
2023-12-21 12:57:13,20,22,8481,19249
2023-12-21 12:57:32,20,21,8481,19249
2023-12-21 12:57:38,20,22,8481,19249
2023-12-21 12:57:39,19,22,8481,19249
2023-12-21 12:57:40,20,22,8481,19249
2023-12-21 12:57:41,19,22,8481,19249
2023-12-21 12:57:53,20,22,8481,19249
2023-12-21 12:57:58,20,21,8481,19249
2023-12-21 12:58:06,20,22,8481,19249
2023-12-21 12:58:07,20,21,8481,19249
2023-12-21 12:58:19,20,22,8481,19249
2023-12-21 12:58:19,20,21,8481,19249
2023-12-21 12:58:33,20,22,8481,19249
2023-12-21 12:58:34,20,21,8481,19249
2023-12-21 12:59:39,19,21,8481,19249
2023-12-21 12:59:39,19,20,8481,19249
2023-12-21 12:59:49,20,21,8481,19368
2023-12-21 13:00:06,21,22,8471,19378
2023-12-21 13:00:14,21,24,8471,19378
2023-12-21 13:00:14,22,24,8471,19378
2023-12-21 13:00:22,23,24,8471,19378
2023-12-21 13:00:29,23,25,8471,19378
2023-12-21 13:00:29,23,26,8471,19378
2023-12-21 13:00:30,24,26,8471,19378
2023-12-21 13:00:59,23,26,8471,19378
2023-12-21 13:01:04,23,25,8471,19378
2023-12-21 13:01:05,23,26,8471,19378
2023-12-21 13:01:07,24,26,8471,19378
2023-12-21 13:01:14,24,25,8471,19378
2023-12-21 13:01:25,24,26,8471,19378
2023-12-21 13:01:29,24,25,8471,19378
2023-12-21 13:01:29,25,26,8471,19535
2023-12-21 13:01:29,24,26,8471,19535
2023-12-21 13:01:29,25,26,8471,19535
2023-12-21 13:01:29,24,25,8471,19643
2023-12-21 13:01:29,25,26,8471,19683
2023-12-21 13:01:29,24,26,8471,19683
2023-12-21 13:01:29,25,26,8471,19683
2023-12-21 13:01:40,25,27,8471,19683
2023-12-21 13:01:41,25,26,8471,19683
2023-12-21 13:01:42,25,27,8471,19683
2023-12-21 13:01:44,25,26,8471,19683
2023-12-21 13:01:45,25,27,8471,19683
2023-12-21 13:02:04,26,27,8471,19683
2023-12-21 13:02:06,26,28,8471,19683
2023-12-21 13:02:18,27,28,8471,19683
2023-12-21 13:02:26,27,29,8471,19683
2023-12-21 13:02:27,28,29,8471,19683
2023-12-21 13:02:29,28,29,8471,19883
2023-12-21 13:02:29,28,30,8471,19883
2023-12-21 13:02:30,29,30,8471,19883
2023-12-21 13:02:32,29,31,8471,19883
2023-12-21 13:02:49,29,30,8471,19883
2023-12-21 13:02:51,28,30,8471,19883
2023-12-21 13:02:57,27,30,8471,19883
2023-12-21 13:02:57,27,29,8471,19883
2023-12-21 13:03:11,27,28,8471,19883
2023-12-21 13:03:15,27,29,8471,19883
2023-12-21 13:03:20,27,28,8471,19883
2023-12-21 13:03:31,26,28,8471,19883
2023-12-21 13:03:55,26,27,8471,19883
2023-12-21 13:03:58,26,28,8471,19883
2023-12-21 13:03:58,26,27,8471,19883
2023-12-21 13:03:59,26,28,8471,19883
2023-12-21 13:04:26,27,28,8471,19883
2023-12-21 13:04:29,27,29,8471,19883
2023-12-21 13:04:47,28,29,8471,19883
2023-12-21 13:04:49,28,30,8471,19883
2023-12-21 13:05:25,29,30,8471,19883
2023-12-21 13:05:25,29,31,8471,19883
2023-12-21 13:05:47,30,31,8471,19883
2023-12-21 13:06:03,29,31,8471,19883
2023-12-21 13:06:06,30,31,8471,19883
2023-12-21 13:06:15,29,31,8471,19883
2023-12-21 13:06:18,29,30,8471,19883
2023-12-21 13:06:18,28,30,8471,19883
2023-12-21 13:07:32,28,29,8471,19883
2023-12-21 13:07:37,27,29,8471,19883
2023-12-21 13:07:40,27,28,8471,19883
2023-12-21 13:07:40,26,28,8471,19883
2023-12-21 13:07:44,26,27,8471,19883
2023-12-21 13:07:44,25,27,8471,19883
2023-12-21 13:07:58,26,27,8471,19883
2023-12-21 13:07:59,25,27,8471,19883
2023-12-21 13:08:20,26,27,8471,19883
2023-12-21 13:08:23,26,28,8471,19883
2023-12-21 13:08:43,26,27,8471,19883
2023-12-21 13:08:55,25,27,8471,19883
2023-12-21 13:09:09,26,27,8471,19883
2023-12-21 13:09:09,26,28,8471,19883
2023-12-21 13:09:15,26,27,8471,19883
2023-12-21 13:09:23,25,27,8471,19883
2023-12-21 13:09:43,26,27,8471,19883
2023-12-21 13:09:43,26,28,8471,19883
2023-12-21 13:10:10,25,28,8471,19883
2023-12-21 13:10:13,25,27,8471,19883
2023-12-21 13:10:24,26,27,8471,19883
2023-12-21 13:10:24,26,28,8471,19883
2023-12-21 13:10:42,25,28,8471,19883
2023-12-21 13:10:42,25,27,8471,19883
2023-12-21 13:10:55,26,27,8471,19883
2023-12-21 13:10:58,26,28,8471,19883
2023-12-21 13:11:40,27,28,8471,19883
2023-12-21 13:11:40,27,29,8471,19883
2023-12-21 13:11:49,28,29,8471,19883
2023-12-21 13:11:50,28,30,8471,19883
2023-12-21 13:11:52,28,29,8471,19883
2023-12-21 13:11:55,27,29,8471,19883
2023-12-21 13:12:00,28,29,8471,19883
2023-12-21 13:12:01,28,30,8471,19883
2023-12-21 13:12:13,29,30,8471,19883
2023-12-21 13:12:48,29,31,8471,19883
2023-12-21 13:12:52,30,31,8471,19883
2023-12-21 13:12:58,30,32,8471,19883
2023-12-21 13:13:02,30,31,8471,19883
2023-12-21 13:13:16,29,31,8471,19883
2023-12-21 13:13:19,29,30,8471,19883
2023-12-21 13:13:34,27,30,8471,19883
2023-12-21 13:13:34,27,29,8471,19883
2023-12-21 13:13:44,28,29,8471,19883
2023-12-21 13:14:26,27,29,8471,19883
2023-12-21 13:14:30,27,28,8471,19883
2023-12-21 13:14:31,27,29,8471,19883
2023-12-21 13:14:34,27,28,8471,19883
2023-12-21 13:14:40,25,28,8471,19883
2023-12-21 13:14:40,26,28,8471,19883
2023-12-21 13:14:43,27,28,8471,19883
2023-12-21 13:15:24,27,28,8671,20083
2023-12-21 13:15:28,27,28,8871,20283
2023-12-21 13:15:38,25,28,8871,20283
2023-12-21 13:15:39,25,27,8871,20283
2023-12-21 13:16:04,26,27,8871,20283
2023-12-21 13:16:05,26,28,8871,20283
2023-12-21 13:16:13,26,27,8871,20283
2023-12-21 13:16:15,25,27,8871,20283
2023-12-21 13:16:24,26,27,8871,20283
2023-12-21 13:16:25,26,28,8871,20283
2023-12-21 13:16:36,26,27,8871,20283
2023-12-21 13:16:39,25,27,8871,20283
2023-12-21 13:16:55,25,26,8871,20283
2023-12-21 13:17:42,25,26,9071,20483
2023-12-21 13:17:42,25,26,9271,20683
2023-12-21 13:17:42,25,26,9671,21083
2023-12-21 13:17:42,25,26,10125,21537
2023-12-21 13:17:42,25,26,10352,21764
2023-12-21 13:17:44,21,26,10421,21833
2023-12-21 13:17:44,21,24,10421,21833
2023-12-21 13:17:44,21,23,10421,21833
2023-12-21 13:17:49,20,23,10421,21833
2023-12-21 13:17:59,20,22,10421,21833
2023-12-21 13:18:26,20,23,10421,21833
2023-12-21 13:18:28,19,23,10421,21833
2023-12-21 13:18:28,21,23,10421,21833
2023-12-21 13:18:50,21,22,10421,21833
2023-12-21 13:19:03,19,22,10421,21833
2023-12-21 13:19:03,20,22,10421,21833
2023-12-21 13:19:03,20,21,10421,21833
2023-12-21 13:19:07,18,21,10421,21833
2023-12-21 13:19:07,19,21,10421,21833
2023-12-21 13:19:17,18,21,10421,21833
2023-12-21 13:19:19,18,20,10421,21833
2023-12-21 13:19:21,18,20,10436,21848
2023-12-21 13:19:36,16,20,10436,21848
2023-12-21 13:19:36,17,20,10436,21848
2023-12-21 13:19:44,16,20,10436,21848
2023-12-21 13:19:44,18,20,10436,21848
2023-12-21 13:19:56,18,19,10436,21848
2023-12-21 13:20:03,18,20,10436,21848
2023-12-21 13:20:07,18,19,10436,21848
2023-12-21 13:20:17,18,20,10436,21848
2023-12-21 13:20:17,18,19,10436,21848
2023-12-21 13:20:59,16,19,10436,21848
2023-12-21 13:20:59,17,19,10436,21848
2023-12-21 13:20:59,17,18,10436,21848
2023-12-21 13:21:12,17,20,10436,21848
2023-12-21 13:21:12,17,21,10436,21848
2023-12-21 13:21:12,17,20,10436,21848
2023-12-21 13:21:12,18,20,10436,21848
2023-12-21 13:21:12,17,20,10436,21848
2023-12-21 13:21:12,19,20,10436,21848
2023-12-21 13:21:19,19,21,10436,21848
2023-12-21 13:21:24,19,20,10436,21848
2023-12-21 13:21:32,19,21,10436,21848
2023-12-21 13:21:32,19,20,10436,21848
2023-12-21 13:21:37,19,21,10436,21848
2023-12-21 13:21:48,19,20,10436,21848
2023-12-21 13:22:04,20,22,10426,21858
2023-12-21 13:22:05,21,22,10426,21858
2023-12-21 13:22:13,22,23,10416,21868
2023-12-21 13:22:13,22,24,10416,21868
2023-12-21 13:22:14,22,25,10416,21868
2023-12-21 13:22:14,23,25,10416,21868
2023-12-21 13:22:18,24,25,10416,21868
2023-12-21 13:22:20,24,26,10416,21868
2023-12-21 13:22:26,25,26,10416,21868
2023-12-21 13:22:27,25,27,10416,21868
2023-12-21 13:22:28,26,27,10416,21868
2023-12-21 13:22:28,26,28,10416,21868
2023-12-21 13:22:38,27,28,10416,21868
2023-12-21 13:22:41,27,29,10416,21868
2023-12-21 13:22:42,27,28,10416,21868
2023-12-21 13:22:43,26,28,10416,21868
2023-12-21 13:22:46,27,28,10416,21868
2023-12-21 13:22:49,26,28,10416,21868
2023-12-21 13:22:54,27,28,10416,21868
2023-12-21 13:22:56,27,28,10416,22068
2023-12-21 13:22:56,27,29,10416,22068
2023-12-21 13:22:58,28,29,10416,22068
2023-12-21 13:22:58,28,30,10416,22068
2023-12-21 13:22:59,29,30,10416,22068
2023-12-21 13:23:00,29,30,10406,22078
2023-12-21 13:23:02,28,30,10406,22078
2023-12-21 13:23:03,29,30,10406,22078
2023-12-21 13:23:06,28,30,10406,22078
2023-12-21 13:23:07,29,30,10406,22078
2023-12-21 13:23:08,29,31,10406,22078
2023-12-21 13:23:11,29,30,10406,22078
2023-12-21 13:23:11,28,30,10406,22078
2023-12-21 13:23:37,28,29,10406,22078
2023-12-21 13:23:42,27,29,10406,22078
2023-12-21 13:23:56,27,28,10406,22078
2023-12-21 13:23:57,26,28,10406,22078
2023-12-21 13:24:00,27,28,10406,22078
2023-12-21 13:24:02,27,29,10406,22078
2023-12-21 13:24:05,28,29,10406,22078
2023-12-21 13:24:05,28,30,10406,22078
2023-12-21 13:24:06,29,30,10406,22078
2023-12-21 13:24:17,30,31,10396,22088
2023-12-21 13:24:29,30,31,10396,22288
2023-12-21 13:24:29,31,32,10396,22488
2023-12-21 13:24:29,31,33,10396,22488
2023-12-21 13:24:35,30,33,10396,22488
2023-12-21 13:25:04,30,31,10396,22488
2023-12-21 13:25:05,29,31,10396,22488
2023-12-21 13:25:06,28,31,10396,22488
2023-12-21 13:25:09,28,30,10396,22488
2023-12-21 13:25:10,28,29,10396,22488
2023-12-21 13:25:10,27,29,10396,22488
2023-12-21 13:25:12,28,29,10396,22488
2023-12-21 13:25:21,27,29,10396,22488
2023-12-21 13:25:23,28,29,10396,22488
2023-12-21 13:25:26,27,29,10396,22488
2023-12-21 13:25:27,28,29,10396,22488
2023-12-21 13:25:32,27,29,10396,22488
2023-12-21 13:25:58,27,28,10396,22488
2023-12-21 13:26:15,27,29,10396,22488
2023-12-21 13:26:16,28,29,10396,22488
2023-12-21 13:26:17,28,30,10396,22488
2023-12-21 13:26:20,28,29,10396,22488
2023-12-21 13:26:21,27,29,10396,22488
2023-12-21 13:26:28,28,29,10396,22488
2023-12-21 13:26:29,28,30,10396,22488
2023-12-21 13:26:30,28,29,10396,22488
2023-12-21 13:26:31,28,30,10396,22488
2023-12-21 13:26:33,28,29,10396,22488
2023-12-21 13:26:34,27,29,10396,22488
2023-12-21 13:26:36,28,29,10396,22488
2023-12-21 13:26:36,28,30,10396,22488
2023-12-21 13:26:38,28,29,10396,22488
2023-12-21 13:26:39,28,30,10396,22488
2023-12-21 13:26:40,28,29,10396,22488
2023-12-21 13:26:54,28,30,10396,22488
2023-12-21 13:26:57,28,29,10396,22488
2023-12-21 13:27:01,27,29,10396,22488
2023-12-21 13:27:04,27,28,10396,22488
2023-12-21 13:27:06,27,29,10396,22488
2023-12-21 13:27:46,26,29,10396,22488
2023-12-21 13:27:46,26,28,10396,22488
2023-12-21 13:27:47,26,29,10396,22488
2023-12-21 13:27:47,26,28,10396,22488
2023-12-21 13:27:48,26,29,10396,22488
2023-12-21 13:27:49,26,28,10396,22488
2023-12-21 13:27:55,26,29,10396,22488
2023-12-21 13:27:55,26,28,10396,22488
2023-12-21 13:27:56,27,28,10396,22488
2023-12-21 13:27:56,27,29,10396,22488
2023-12-21 13:27:59,27,28,10396,22488
2023-12-21 13:28:00,27,29,10396,22488
2023-12-21 13:28:20,26,29,10396,22488
2023-12-21 13:28:20,26,28,10396,22488
2023-12-21 13:28:21,26,29,10396,22488
2023-12-21 13:28:27,27,29,10396,22488
2023-12-21 13:28:42,28,29,10396,22488
2023-12-21 13:28:48,28,30,10396,22488
2023-12-21 13:29:05,29,30,10396,22488
2023-12-21 13:29:05,29,31,10396,22488
2023-12-21 13:29:37,29,30,10396,22488
2023-12-21 13:29:39,29,31,10396,22488
2023-12-21 13:29:42,30,31,10396,22488
2023-12-21 13:29:44,30,32,10396,22488
2023-12-21 13:30:01,31,32,10396,22488
2023-12-21 13:30:01,31,33,10396,22488
2023-12-21 13:30:07,30,33,10396,22488
2023-12-21 13:30:07,31,33,10396,22488
2023-12-21 13:30:10,31,32,10396,22488
2023-12-21 13:30:12,31,33,10396,22488
2023-12-21 13:30:19,32,33,10396,22488
2023-12-21 13:30:19,32,34,10396,22488
2023-12-21 13:30:36,33,34,10396,22488
2023-12-21 13:30:36,33,35,10396,22488
2023-12-21 13:30:41,32,35,10396,22488
2023-12-21 13:30:41,32,34,10396,22488
2023-12-21 13:30:50,32,33,10396,22488
2023-12-21 13:30:50,31,33,10396,22488
2023-12-21 13:30:53,31,34,10396,22488
2023-12-21 13:30:53,32,34,10396,22488
2023-12-21 13:30:56,31,34,10396,22488
2023-12-21 13:30:56,31,33,10396,22488
2023-12-21 13:31:03,31,34,10396,22488
2023-12-21 13:31:05,32,34,10396,22488
2023-12-21 13:31:16,32,35,10396,22488
2023-12-21 13:31:16,33,35,10396,22488
2023-12-21 13:31:32,34,35,10396,22488
2023-12-21 13:31:33,34,36,10396,22688
2023-12-21 13:31:54,33,36,10396,22688
2023-12-21 13:31:55,33,35,10396,22688
2023-12-21 13:32:02,34,35,10396,22688
2023-12-21 13:32:02,34,36,10396,22688
2023-12-21 13:32:06,33,36,10396,22688
2023-12-21 13:32:09,34,36,10396,22688
2023-12-21 13:32:38,33,36,10396,22688
2023-12-21 13:32:38,33,35,10396,22688
2023-12-21 13:32:47,33,36,10396,22688
2023-12-21 13:32:47,34,36,10396,22688
2023-12-21 13:32:55,34,35,10396,22688
2023-12-21 13:32:56,33,35,10396,22688
2023-12-21 13:32:56,33,36,10396,22688
2023-12-21 13:33:00,33,35,10396,22688
2023-12-21 13:33:01,33,36,10396,22688
2023-12-21 13:33:02,33,35,10396,22688
2023-12-21 13:33:05,33,34,10396,22688
2023-12-21 13:33:05,31,34,10396,22688
2023-12-21 13:33:12,31,33,10396,22688
2023-12-21 13:33:31,31,34,10396,22688
2023-12-21 13:33:36,32,34,10396,22688
2023-12-21 13:34:02,33,34,10396,22688
2023-12-21 13:34:03,32,34,10396,22688
2023-12-21 13:34:05,33,34,10396,22688
2023-12-21 13:34:21,32,34,10396,22688
2023-12-21 13:34:27,33,34,10396,22688
2023-12-21 13:34:29,32,34,10396,22688
2023-12-21 13:35:02,31,34,10396,22688
2023-12-21 13:35:09,31,33,10396,22688
2023-12-21 13:35:20,30,33,10396,22688
2023-12-21 13:35:25,30,32,10396,22688
2023-12-21 13:35:30,29,32,10396,22688
2023-12-21 13:35:33,29,31,10396,22688
2023-12-21 13:35:56,29,30,10396,22688
2023-12-21 13:36:03,29,31,10396,22688
2023-12-21 13:36:06,30,31,10396,22688
2023-12-21 13:36:07,29,31,10396,22688
2023-12-21 13:36:08,30,31,10396,22688
2023-12-21 13:36:10,30,32,10396,22688
2023-12-21 13:36:21,29,32,10396,22688
2023-12-21 13:36:21,28,32,10396,22688
2023-12-21 13:36:21,28,31,10396,22688
2023-12-21 13:36:21,29,31,10396,22688
2023-12-21 13:36:30,29,32,10396,22688
2023-12-21 13:36:30,29,31,10396,22688
2023-12-21 13:36:33,30,31,10396,22688
2023-12-21 13:36:38,30,32,10396,22688
2023-12-21 13:37:12,30,31,10396,22688
2023-12-21 13:37:12,29,31,10396,22688
2023-12-21 13:37:35,29,32,10396,22688
2023-12-21 13:37:38,30,32,10396,22688
2023-12-21 13:37:53,29,32,10396,22688
2023-12-21 13:37:54,30,32,10396,22688
2023-12-21 13:38:00,29,32,10396,22688
2023-12-21 13:38:01,29,31,10396,22688
2023-12-21 13:38:24,28,31,10396,22688
2023-12-21 13:38:39,28,30,10396,22688
2023-12-21 13:38:42,28,29,10396,22688
2023-12-21 13:38:43,27,29,10396,22688
2023-12-21 13:38:49,28,29,10396,22688
2023-12-21 13:39:12,28,30,10396,22688
2023-12-21 13:39:31,29,30,10396,22688
2023-12-21 13:39:37,28,30,10396,22688
2023-12-21 13:40:04,28,29,10396,22688
2023-12-21 13:40:04,27,29,10396,22688
2023-12-21 13:40:05,27,28,10396,22688
2023-12-21 13:40:06,26,28,10396,22688
2023-12-21 13:40:14,27,28,10396,22688
2023-12-21 13:40:15,27,29,10396,22688
2023-12-21 13:40:18,27,28,10396,22688
2023-12-21 13:40:22,26,28,10396,22688
2023-12-21 13:40:35,27,28,10396,22688
2023-12-21 13:40:43,27,29,10396,22688
2023-12-21 13:40:50,27,30,10396,22688
2023-12-21 13:40:50,28,30,10396,22688
2023-12-21 13:41:01,29,30,10396,22688
2023-12-21 13:41:33,28,30,10396,22688
2023-12-21 13:41:51,29,30,10396,22688
2023-12-21 13:42:36,30,32,10386,22698
2023-12-21 13:42:52,29,32,10386,22698
2023-12-21 13:42:54,30,32,10386,22698
2023-12-21 13:43:02,31,32,10386,22698
2023-12-21 13:43:03,31,33,10386,22698
2023-12-21 13:43:23,30,33,10386,22698
2023-12-21 13:43:30,30,32,10386,22698
2023-12-21 13:43:39,29,32,10386,22698
2023-12-21 13:44:12,30,32,10386,22698
2023-12-21 13:44:22,29,32,10386,22698
2023-12-21 13:44:23,29,31,10386,22698
2023-12-21 13:45:19,30,31,10386,22698
2023-12-21 13:45:20,30,32,10386,22698
2023-12-21 13:45:44,31,32,10386,22698
2023-12-21 13:45:45,30,32,10386,22698
2023-12-21 13:45:45,31,32,10386,22698
2023-12-21 13:46:16,32,34,10376,22708
2023-12-21 13:46:17,33,34,10376,22708
2023-12-21 13:46:17,33,35,10376,22708
2023-12-21 13:46:24,32,35,10376,22708
2023-12-21 13:46:24,33,35,10376,22708
2023-12-21 13:46:28,32,35,10376,22708
2023-12-21 13:46:30,32,34,10376,22708
2023-12-21 13:46:38,32,35,10376,22708
2023-12-21 13:46:38,33,35,10376,22708
2023-12-21 13:47:05,33,34,10376,22708
2023-12-21 13:47:05,32,34,10376,22708
2023-12-21 13:47:08,31,34,10376,22708
2023-12-21 13:47:15,32,34,10376,22708
2023-12-21 13:47:28,32,35,10376,22708
2023-12-21 13:47:40,32,34,10376,22708
2023-12-21 13:47:53,31,34,10376,22708
2023-12-21 13:47:54,31,33,10376,22708
2023-12-21 13:47:54,30,33,10376,22708
2023-12-21 13:47:58,30,32,10376,22708
2023-12-21 13:48:19,29,32,10376,22708
2023-12-21 13:48:20,29,31,10376,22708
2023-12-21 13:48:26,30,31,10376,22708
2023-12-21 13:48:33,30,32,10376,22708
2023-12-21 13:48:36,30,33,10376,22708
2023-12-21 13:48:37,31,33,10376,22708
2023-12-21 13:49:24,30,33,10376,22708
2023-12-21 13:49:57,30,32,10376,22708
2023-12-21 13:50:06,29,32,10376,22708
2023-12-21 13:50:12,29,31,10376,22708
2023-12-21 13:50:16,30,31,10376,22708
2023-12-21 13:50:18,30,32,10376,22708
2023-12-21 13:50:26,30,33,10376,22708
2023-12-21 13:50:33,30,32,10376,22708
2023-12-21 13:50:40,30,33,10376,22708
2023-12-21 13:50:41,31,33,10376,22708
2023-12-21 13:50:43,32,33,10376,22708
2023-12-21 13:50:46,32,34,10376,22708
2023-12-21 13:50:49,31,34,10376,22708
2023-12-21 13:51:07,31,33,10376,22708
2023-12-21 13:51:38,31,32,10376,22708
2023-12-21 13:51:39,31,33,10376,22708
2023-12-21 13:51:39,31,32,10376,22708
2023-12-21 13:51:43,31,33,10376,22708
2023-12-21 13:51:45,31,32,10376,22708
2023-12-21 13:51:48,31,33,10376,22708
2023-12-21 13:51:50,31,32,10376,22708
2023-12-21 13:51:51,31,33,10376,22708
2023-12-21 13:51:52,31,32,10376,22708
2023-12-21 13:51:53,31,33,10376,22708
2023-12-21 13:51:54,31,32,10376,22708
2023-12-21 13:51:59,30,32,10376,22708
2023-12-21 13:52:14,31,32,10376,22708
2023-12-21 13:52:16,31,33,10376,22708
2023-12-21 13:52:21,31,34,10376,22708
2023-12-21 13:52:22,32,34,10376,22708
2023-12-21 13:52:49,33,34,10376,22708
2023-12-21 13:52:49,33,35,10376,22708
2023-12-21 13:53:04,33,36,10376,22708
2023-12-21 13:53:05,34,36,10376,22708
2023-12-21 13:53:06,35,36,10376,22708
2023-12-21 13:53:07,35,37,10376,22708
2023-12-21 13:53:39,35,38,10376,22708
2023-12-21 13:53:40,36,38,10376,22708
2023-12-21 13:53:45,36,37,10376,22708
2023-12-21 13:53:45,35,37,10376,22708
2023-12-21 13:53:51,35,38,10376,22708
2023-12-21 13:53:51,36,38,10376,22708
2023-12-21 13:53:55,36,37,10376,22708
2023-12-21 13:53:57,35,37,10376,22708
2023-12-21 13:54:42,34,37,10376,22708
2023-12-21 13:54:43,34,36,10376,22708
2023-12-21 13:54:50,35,36,10376,22708
2023-12-21 13:55:11,35,37,10376,22708
2023-12-21 13:55:22,35,36,10376,22708
2023-12-21 13:55:23,35,37,10376,22708
2023-12-21 13:55:26,35,38,10376,22708
2023-12-21 13:55:39,37,38,10376,22708
2023-12-21 13:55:39,37,39,10376,22708
2023-12-21 13:56:02,36,39,10376,22708
2023-12-21 13:56:03,36,38,10376,22708
2023-12-21 13:56:04,35,38,10376,22708
2023-12-21 13:56:31,36,38,10376,22708
2023-12-21 13:56:41,35,38,10376,22708
2023-12-21 13:56:45,36,38,10376,22708
2023-12-21 13:56:46,36,39,10376,22708
2023-12-21 13:56:50,36,38,10376,22708
2023-12-21 13:57:01,36,37,10376,22708
2023-12-21 13:57:04,36,38,10376,22708
2023-12-21 13:57:09,36,39,10376,22708
2023-12-21 13:57:09,36,38,10376,22708
2023-12-21 13:57:12,36,37,10376,22708
2023-12-21 13:57:16,36,38,10376,22708
2023-12-21 13:57:18,36,37,10376,22708
2023-12-21 13:57:27,36,38,10376,22708
2023-12-21 13:57:27,36,37,10376,22708
2023-12-21 13:57:28,35,37,10376,22708
2023-12-21 13:57:38,34,37,10376,22708
2023-12-21 13:57:44,34,36,10376,22708
2023-12-21 13:57:46,33,36,10376,22708
2023-12-21 13:58:01,34,36,10376,22708
2023-12-21 13:58:13,34,37,10376,22708
2023-12-21 13:58:15,35,38,10376,22708
2023-12-21 13:58:20,36,38,10376,22708
2023-12-21 13:58:50,36,39,10376,22708
2023-12-21 13:58:50,37,39,10376,22708
2023-12-21 13:59:33,37,38,10376,22708
2023-12-21 13:59:36,37,39,10376,22708
2023-12-21 13:59:36,37,38,10376,22708
2023-12-21 14:00:05,36,38,10376,22708
2023-12-21 14:00:25,36,39,10376,22708
2023-12-21 14:00:25,36,38,10376,22708
2023-12-21 14:00:44,35,38,10376,22708
2023-12-21 14:00:52,36,38,10376,22708
2023-12-21 14:00:57,35,38,10376,22708
2023-12-21 14:01:02,36,38,10376,22708
2023-12-21 14:01:16,37,38,10376,22708
2023-12-21 14:01:16,37,39,10376,22708
2023-12-21 14:01:23,37,40,10376,22708
2023-12-21 14:01:23,38,40,10376,22708
2023-12-21 14:01:25,37,40,10376,22708
2023-12-21 14:01:31,38,40,10376,22708
2023-12-21 14:02:00,38,41,10376,22708
2023-12-21 14:02:03,38,40,10376,22708
2023-12-21 14:02:05,38,39,10376,22708
2023-12-21 14:02:18,38,40,10376,22708
2023-12-21 14:02:18,38,39,10376,22708
2023-12-21 14:02:22,38,40,10376,22708
2023-12-21 14:02:22,38,39,10376,22708
2023-12-21 14:02:37,39,41,10376,22884
2023-12-21 14:02:38,38,41,10376,22884
2023-12-21 14:02:38,39,41,10376,22884
2023-12-21 14:02:39,38,41,10376,22884
2023-12-21 14:02:39,38,40,10376,22884
2023-12-21 14:02:41,37,40,10376,22884
2023-12-21 14:02:41,37,39,10376,22884
2023-12-21 14:02:42,37,40,10376,22884
2023-12-21 14:03:05,37,38,10376,22884
2023-12-21 14:03:05,35,38,10376,22884
2023-12-21 14:03:05,36,38,10376,22884
2023-12-21 14:03:19,35,38,10376,22884
2023-12-21 14:03:22,36,38,10376,22884
2023-12-21 14:03:34,35,38,10376,22884
2023-12-21 14:03:52,35,37,10376,22884
2023-12-21 14:03:54,35,36,10376,22884
2023-12-21 14:03:55,35,37,10376,22884
2023-12-21 14:04:05,35,38,10376,22884
2023-12-21 14:04:06,35,37,10376,22884
2023-12-21 14:04:12,35,38,10376,22884
2023-12-21 14:04:22,35,37,10376,22884
2023-12-21 14:04:23,36,37,10376,22884
2023-12-21 14:04:24,36,38,10376,22884
2023-12-21 14:04:24,36,37,10376,22884
2023-12-21 14:04:27,36,38,10376,22884
2023-12-21 14:05:08,37,38,10376,22884
2023-12-21 14:05:08,37,39,10376,22884
2023-12-21 14:05:12,37,40,10376,22884
2023-12-21 14:05:12,37,39,10376,22884
2023-12-21 14:05:32,37,40,10376,22884
2023-12-21 14:05:32,37,38,10376,22884
2023-12-21 14:05:32,37,40,10376,22884
2023-12-21 14:05:32,37,38,10376,22884
2023-12-21 14:05:34,36,38,10376,22884
2023-12-21 14:05:47,37,38,10376,22884
2023-12-21 14:05:48,36,38,10376,22884
2023-12-21 14:05:49,37,38,10376,22884
2023-12-21 14:05:51,36,38,10376,22884
2023-12-21 14:06:02,36,39,10376,22884
2023-12-21 14:06:02,36,38,10376,22884
2023-12-21 14:06:09,37,38,10376,22884
2023-12-21 14:06:12,36,38,10376,22884
2023-12-21 14:06:14,37,38,10376,22884
2023-12-21 14:06:15,36,38,10376,22884
2023-12-21 14:06:16,37,38,10376,22884
2023-12-21 14:06:17,36,38,10376,22884
2023-12-21 14:06:20,37,38,10376,22884
2023-12-21 14:06:31,36,38,10376,22884
2023-12-21 14:06:36,36,37,10376,22884
2023-12-21 14:06:40,35,37,10376,22884
2023-12-21 14:06:46,36,37,10376,22884
2023-12-21 14:06:46,35,37,10376,22884
2023-12-21 14:06:47,36,37,10376,22884
2023-12-21 14:06:57,36,39,10376,22884
2023-12-21 14:06:57,36,38,10376,22884
2023-12-21 14:06:58,36,39,10376,22884
2023-12-21 14:06:58,36,38,10376,22884
2023-12-21 14:07:01,35,38,10376,22884
2023-12-21 14:07:03,35,37,10376,22884
2023-12-21 14:07:04,34,37,10376,22884
2023-12-21 14:07:12,35,37,10376,22884
2023-12-21 14:07:15,35,37,10376,23034
2023-12-21 14:07:22,35,38,10376,23034
2023-12-21 14:07:27,36,38,10376,23034
2023-12-21 14:07:43,35,38,10376,23034
2023-12-21 14:07:46,36,38,10376,23034
2023-12-21 14:07:53,36,39,10376,23034
2023-12-21 14:07:55,37,39,10376,23034
2023-12-21 14:08:16,36,39,10376,23034
2023-12-21 14:08:16,36,38,10376,23034
2023-12-21 14:08:18,37,38,10376,23034
2023-12-21 14:08:18,37,39,10376,23034
2023-12-21 14:08:19,36,39,10376,23034
2023-12-21 14:08:19,36,38,10376,23034
2023-12-21 14:08:29,35,38,10376,23034
2023-12-21 14:08:30,35,37,10376,23034
2023-12-21 14:08:35,35,38,10376,23034
2023-12-21 14:08:40,35,37,10376,23034
2023-12-21 14:08:40,34,37,10376,23034
2023-12-21 14:08:44,35,37,10376,23034
2023-12-21 14:08:45,34,37,10376,23034
2023-12-21 14:08:52,35,37,10376,23034
2023-12-21 14:08:53,35,38,10376,23034
2023-12-21 14:08:55,35,37,10376,23034
2023-12-21 14:08:57,34,37,10376,23034
2023-12-21 14:09:02,34,36,10376,23034
2023-12-21 14:09:23,34,37,10376,23034
2023-12-21 14:09:26,35,37,10376,23034
2023-12-21 14:09:26,35,36,10376,23034
2023-12-21 14:09:28,34,36,10376,23034
2023-12-21 14:09:31,34,37,10376,23034
2023-12-21 14:09:31,34,36,10376,23034
2023-12-21 14:09:41,34,37,10376,23034
2023-12-21 14:09:41,34,35,10376,23034
2023-12-21 14:10:00,33,35,10376,23034
2023-12-21 14:10:02,34,35,10376,23034
2023-12-21 14:10:07,33,35,10376,23034
2023-12-21 14:10:08,33,36,10376,23034
2023-12-21 14:10:08,33,35,10376,23034
2023-12-21 14:10:19,32,35,10376,23034
2023-12-21 14:10:26,33,35,10376,23034
2023-12-21 14:10:30,34,35,10376,23034
2023-12-21 14:10:30,34,36,10376,23034
2023-12-21 14:10:39,34,37,10376,23034
2023-12-21 14:10:43,35,37,10376,23034
2023-12-21 14:10:43,35,38,10376,23034
2023-12-21 14:10:50,36,38,10376,23034
2023-12-21 14:10:51,36,39,10376,23034
2023-12-21 14:10:51,37,39,10376,23034
2023-12-21 14:11:01,37,40,10376,23034
2023-12-21 14:11:07,37,39,10376,23034
2023-12-21 14:11:10,36,39,10376,23034
2023-12-21 14:11:38,36,38,10376,23034
2023-12-21 14:12:27,36,37,10376,23034
2023-12-21 14:12:29,35,37,10376,23034
2023-12-21 14:12:33,34,37,10376,23034
2023-12-21 14:12:53,34,36,10376,23034
2023-12-21 14:12:53,33,36,10376,23034
2023-12-21 14:12:58,34,36,10376,23034
2023-12-21 14:13:01,33,36,10376,23034
2023-12-21 14:13:20,33,35,10376,23034
2023-12-21 14:13:23,31,35,10376,23034
2023-12-21 14:13:23,32,35,10376,23034
2023-12-21 14:13:24,32,34,10376,23034
2023-12-21 14:13:24,32,33,10376,23034
2023-12-21 14:13:24,30,33,10376,23034
2023-12-21 14:13:24,31,33,10376,23034
2023-12-21 14:13:50,31,34,10376,23034
2023-12-21 14:13:51,32,34,10376,23034
2023-12-21 14:13:53,32,33,10376,23034
2023-12-21 14:13:53,30,33,10376,23034
2023-12-21 14:13:53,31,33,10376,23034
2023-12-21 14:13:54,30,33,10376,23034
2023-12-21 14:13:59,31,33,10376,23034
2023-12-21 14:14:13,31,32,10376,23034
2023-12-21 14:14:15,31,33,10376,23034
2023-12-21 14:14:17,32,33,10376,23034
2023-12-21 14:14:28,31,33,10376,23034
2023-12-21 14:14:28,31,34,10376,23034
2023-12-21 14:14:28,31,33,10376,23034
2023-12-21 14:14:37,31,32,10376,23034
2023-12-21 14:14:40,31,33,10376,23034
2023-12-21 14:14:40,31,32,10376,23034
2023-12-21 14:14:45,31,33,10376,23034
2023-12-21 14:14:48,31,32,10376,23034
2023-12-21 14:15:08,31,33,10376,23034
2023-12-21 14:15:08,32,33,10376,23034
2023-12-21 14:15:10,31,33,10376,23034
2023-12-21 14:15:10,31,32,10376,23034
2023-12-21 14:15:12,31,33,10376,23034
2023-12-21 14:15:14,31,32,10376,23034
2023-12-21 14:15:19,31,33,10376,23034
2023-12-21 14:15:20,32,33,10376,23034
2023-12-21 14:15:37,33,35,10366,23044
2023-12-21 14:15:37,34,35,10366,23044
2023-12-21 14:15:42,34,36,10366,23044
2023-12-21 14:16:07,35,36,10366,23044
2023-12-21 14:16:07,35,37,10366,23044
2023-12-21 14:16:09,34,37,10366,23044
2023-12-21 14:16:14,34,36,10366,23044
2023-12-21 14:16:22,34,35,10366,23044
2023-12-21 14:16:38,32,35,10376,23054
2023-12-21 14:17:00,32,34,10376,23054
2023-12-21 14:17:01,32,35,10376,23054
2023-12-21 14:17:02,32,34,10376,23054
2023-12-21 14:17:12,32,33,10376,23054
2023-12-21 14:17:18,33,35,10376,23236
2023-12-21 14:17:18,33,34,10376,23236
2023-12-21 14:17:24,32,34,10376,23236
2023-12-21 14:17:25,32,33,10376,23236
2023-12-21 14:17:26,32,35,10376,23236
2023-12-21 14:17:26,32,34,10376,23236
2023-12-21 14:17:31,32,33,10376,23236
2023-12-21 14:17:56,32,35,10376,23236
2023-12-21 14:17:56,32,34,10376,23236
2023-12-21 14:17:58,32,35,10376,23236
2023-12-21 14:17:58,32,34,10376,23236
2023-12-21 14:18:01,33,34,10376,23236
2023-12-21 14:18:03,32,34,10376,23236
2023-12-21 14:18:09,32,33,10376,23236
2023-12-21 14:18:14,32,35,10376,23236
2023-12-21 14:18:14,32,34,10376,23236
2023-12-21 14:18:16,33,34,10376,23236
2023-12-21 14:18:16,33,35,10376,23236
2023-12-21 14:18:17,34,35,10376,23236
2023-12-21 14:18:20,34,35,10366,23436
2023-12-21 14:18:20,34,37,10366,23436
2023-12-21 14:18:20,34,36,10366,23436
2023-12-21 14:18:20,34,37,10366,23436
2023-12-21 14:18:39,35,37,10366,23436
2023-12-21 14:18:39,35,38,10366,23436
2023-12-21 14:18:45,36,38,10366,23436
2023-12-21 14:18:46,35,38,10366,23436
2023-12-21 14:18:47,36,38,10366,23436
2023-12-21 14:18:52,37,38,10366,23436
2023-12-21 14:18:52,37,39,10366,23436
2023-12-21 14:19:18,37,40,10366,23436
2023-12-21 14:19:23,38,40,10366,23436
2023-12-21 14:19:23,39,40,10366,23436
2023-12-21 14:19:24,39,41,10366,23436
2023-12-21 14:19:25,40,41,10366,23436
2023-12-21 14:19:29,39,41,10366,23436
2023-12-21 14:19:31,40,41,10366,23436
2023-12-21 14:19:42,40,41,10366,23636
2023-12-21 14:19:42,40,42,10366,23636
2023-12-21 14:19:47,41,42,10366,23636
2023-12-21 14:19:48,42,43,10366,23696
2023-12-21 14:19:48,42,43,10366,23756
2023-12-21 14:19:48,42,44,10366,23756
2023-12-21 14:19:56,43,44,10366,23756
2023-12-21 14:19:56,43,44,10366,23956
2023-12-21 14:19:56,43,45,10366,23956
2023-12-21 14:19:56,43,46,10366,23956
2023-12-21 14:19:59,42,46,10366,23956
2023-12-21 14:19:59,42,45,10366,23956
2023-12-21 14:20:03,42,44,10366,23956
2023-12-21 14:20:04,41,44,10366,23956
2023-12-21 14:20:04,40,44,10366,23956
2023-12-21 14:20:05,40,43,10366,23956
2023-12-21 14:20:12,39,43,10366,23956
2023-12-21 14:20:13,40,43,10366,23956
2023-12-21 14:20:53,40,42,10366,23956
2023-12-21 14:21:22,41,42,10366,23956
2023-12-21 14:21:22,41,44,10366,23956
2023-12-21 14:21:22,41,43,10366,23956
2023-12-21 14:21:24,40,43,10366,23956
2023-12-21 14:21:32,40,42,10366,23956
2023-12-21 14:21:32,38,42,10366,23956
2023-12-21 14:21:32,39,42,10366,23956
2023-12-21 14:21:44,38,42,10366,23956
2023-12-21 14:21:44,38,41,10366,23956
2023-12-21 14:21:45,39,41,10366,23956
2023-12-21 14:21:50,38,41,10366,23956
2023-12-21 14:21:57,38,40,10366,23956
2023-12-21 14:21:58,37,40,10366,23956
2023-12-21 14:22:02,37,39,10366,23956
2023-12-21 14:22:02,36,39,10366,23956
2023-12-21 14:22:03,37,39,10366,23956
2023-12-21 14:22:05,36,39,10366,23956
2023-12-21 14:22:30,36,38,10366,23956
2023-12-21 14:22:33,35,38,10366,23956
2023-12-21 14:22:39,35,37,10366,23956
2023-12-21 14:22:42,33,37,10366,23956
2023-12-21 14:22:42,34,37,10366,23956
2023-12-21 14:22:43,34,36,10366,23956
2023-12-21 14:22:47,34,35,10366,23956
2023-12-21 14:22:48,34,36,10366,23956
2023-12-21 14:22:53,34,35,10366,23956
2023-12-21 14:22:58,33,35,10366,23956
2023-12-21 14:23:02,33,36,10366,23956
2023-12-21 14:23:02,34,36,10366,23956
2023-12-21 14:23:37,35,36,10366,23956
2023-12-21 14:23:39,34,36,10366,23956
2023-12-21 14:23:43,34,35,10366,23956
2023-12-21 14:23:44,33,35,10366,23956
2023-12-21 14:24:13,32,35,10366,23956
2023-12-21 14:24:31,32,33,10366,23956
2023-12-21 14:24:34,31,33,10366,23956
2023-12-21 14:24:41,32,33,10366,23956
2023-12-21 14:24:42,32,34,10366,23956
2023-12-21 14:25:02,31,34,10366,23956
2023-12-21 14:25:12,31,33,10366,23956
2023-12-21 14:25:13,32,33,10366,23956
2023-12-21 14:25:47,32,33,10366,23956
2023-12-21 14:25:47,31,33,10366,23956
2023-12-21 14:26:20,31,34,10366,23956
2023-12-21 14:26:20,32,34,10366,23956
2023-12-21 14:26:21,32,35,10366,23956
2023-12-21 14:26:23,33,35,10366,23956
2023-12-21 14:26:27,33,36,10366,23956
2023-12-21 14:26:33,33,37,10366,23956
2023-12-21 14:26:33,34,37,10366,23956
2023-12-21 14:27:00,34,38,10366,23956
2023-12-21 14:27:00,35,38,10366,23956
2023-12-21 14:27:06,35,39,10366,23956
2023-12-21 14:27:08,36,39,10366,23956
2023-12-21 14:27:11,35,39,10366,23956
2023-12-21 14:27:17,35,38,10366,23956
2023-12-21 14:27:23,35,37,10366,23956
2023-12-21 14:27:24,33,37,10366,23956
2023-12-21 14:27:24,34,37,10366,23956
2023-12-21 14:27:44,35,37,10366,23956
2023-12-21 14:27:45,35,38,10366,23956
2023-12-21 14:27:51,34,38,10366,23956
2023-12-21 14:27:53,34,36,10366,23956
2023-12-21 14:27:54,32,36,10366,23956
2023-12-21 14:27:54,33,36,10366,23956
2023-12-21 14:27:55,32,36,10366,23956
2023-12-21 14:27:55,34,36,10366,23956
2023-12-21 14:28:07,34,35,10366,23956
2023-12-21 14:28:20,34,35,9693,24629
2023-12-21 14:28:20,34,35,8818,25504
2023-12-21 14:28:27,34,35,8618,25704
2023-12-21 14:28:45,33,35,8618,25704
2023-12-21 14:28:53,34,35,8618,25704
2023-12-21 14:28:57,34,37,8366,25956
2023-12-21 14:29:06,34,36,8366,25956
2023-12-21 14:29:13,33,36,8366,25956
2023-12-21 14:29:17,34,36,8366,25956
2023-12-21 14:29:31,33,36,8366,25956
2023-12-21 14:29:35,34,36,8366,25956
2023-12-21 14:29:39,33,36,8366,25956
2023-12-21 14:29:41,34,36,8366,25956
2023-12-21 14:29:42,33,36,8366,25956
2023-12-21 14:29:45,34,36,8366,25956
2023-12-21 14:29:54,34,37,8366,26124
2023-12-21 14:29:55,35,37,8366,26124
2023-12-21 14:30:10,34,37,8366,26124
2023-12-21 14:30:24,33,37,8366,26124
2023-12-21 14:30:27,34,37,8366,26124
2023-12-21 14:30:33,33,37,8366,26124
2023-12-21 14:30:37,33,36,8366,26124
2023-12-21 14:30:37,32,36,8366,26124
2023-12-21 14:30:39,32,35,8366,26124
2023-12-21 14:30:40,31,35,8366,26124
2023-12-21 14:30:41,32,35,8366,26124
2023-12-21 14:30:49,32,36,8366,26124
2023-12-21 14:30:54,33,36,8366,26124
2023-12-21 14:31:12,34,36,8366,26124
2023-12-21 14:31:12,34,37,8366,26124
2023-12-21 14:31:15,33,37,8366,26124
2023-12-21 14:31:21,33,36,8366,26124
2023-12-21 14:31:32,33,37,8366,26124
2023-12-21 14:31:35,34,37,8366,26124
2023-12-21 14:31:39,35,37,8366,26124
2023-12-21 14:31:39,35,38,8366,26124
2023-12-21 14:31:40,34,38,8366,26124
2023-12-21 14:31:48,35,38,8366,26124
2023-12-21 14:32:00,36,38,8366,26124
2023-12-21 14:32:00,36,39,8366,26124
2023-12-21 14:32:02,35,39,8366,26124
2023-12-21 14:32:03,36,39,8366,26124
2023-12-21 14:32:03,36,39,8639,26624
2023-12-21 14:32:04,37,39,8639,26624
2023-12-21 14:32:04,38,39,8639,26624
2023-12-21 14:32:04,38,40,8639,26624
2023-12-21 14:32:31,39,40,8639,26624
2023-12-21 14:32:31,39,41,8639,26624
2023-12-21 14:32:35,40,41,8639,26624
2023-12-21 14:32:37,40,42,8639,26624
2023-12-21 14:32:46,39,42,8639,26624
2023-12-21 14:32:54,40,42,8639,26624
2023-12-21 14:33:07,39,42,8639,26624
2023-12-21 14:33:10,40,42,8639,26624
2023-12-21 14:33:26,39,42,8639,26624
2023-12-21 14:33:34,41,42,8639,26624
2023-12-21 14:33:34,39,42,8649,26634
2023-12-21 14:33:34,39,40,8649,26634
2023-12-21 14:34:05,40,41,8649,26644
2023-12-21 14:34:20,40,43,8654,26649
2023-12-21 14:34:27,42,43,8654,26649
2023-12-21 14:34:27,42,44,8654,26649
2023-12-21 14:34:27,42,44,8654,26659
2023-12-21 14:34:31,42,45,8654,26659
2023-12-21 14:34:32,43,45,8654,26659
2023-12-21 14:34:42,44,45,8654,26659
2023-12-21 14:34:42,44,46,8654,26659
2023-12-21 14:34:43,43,46,8654,26659
2023-12-21 14:34:43,44,46,8654,26659
2023-12-21 14:34:51,44,47,8654,26659
2023-12-21 14:34:52,45,47,8654,26659
2023-12-21 14:35:10,45,47,8676,26681
2023-12-21 14:35:12,45,48,8676,26681
2023-12-21 14:35:12,45,47,8676,26681
2023-12-21 14:35:29,45,47,8688,26693
2023-12-21 14:36:16,46,47,8688,26693
2023-12-21 14:36:16,46,47,8688,26822
2023-12-21 14:36:16,46,47,8688,26822
2023-12-21 14:36:16,46,47,8688,26855
2023-12-21 14:36:17,44,47,8688,26855
2023-12-21 14:36:21,44,46,8688,26855
2023-12-21 14:36:21,44,46,8688,27055
2023-12-21 14:36:21,43,46,8688,27055
2023-12-21 14:36:23,42,46,8688,27055
2023-12-21 14:36:24,43,46,8688,27055
2023-12-21 14:36:26,42,46,8688,27055
2023-12-21 14:36:27,42,45,8688,27055
2023-12-21 14:36:40,42,44,8688,27055
2023-12-21 14:36:40,40,43,8688,27055
2023-12-21 14:36:40,41,43,8688,27055
2023-12-21 14:36:50,40,43,8688,27055
2023-12-21 14:36:56,41,43,8688,27055
2023-12-21 14:36:57,41,44,8688,27055
2023-12-21 14:36:59,41,45,8688,27055
2023-12-21 14:37:00,42,45,8688,27055
2023-12-21 14:37:06,42,46,8688,27055
2023-12-21 14:37:06,43,46,8688,27055
2023-12-21 14:37:08,42,46,8688,27055
2023-12-21 14:37:09,43,46,8688,27055
2023-12-21 14:37:14,42,46,8688,27055
2023-12-21 14:37:16,42,45,8688,27055
2023-12-21 14:37:18,43,45,8688,27055
2023-12-21 14:37:31,43,46,8688,27055
2023-12-21 14:37:48,44,46,8688,27055
2023-12-21 14:37:50,45,46,8688,27055
2023-12-21 14:37:50,45,46,8688,27181
2023-12-21 14:37:50,45,47,8688,27181
2023-12-21 14:37:51,44,47,8688,27181
2023-12-21 14:37:52,45,47,8688,27181
2023-12-21 14:37:52,45,48,8688,27181
2023-12-21 14:37:53,44,48,8688,27181
2023-12-21 14:37:55,44,47,8688,27181
2023-12-21 14:38:06,43,47,8688,27181
2023-12-21 14:38:08,44,47,8688,27181
2023-12-21 14:38:17,45,47,8688,27181
2023-12-21 14:38:36,45,48,8688,27181
2023-12-21 14:38:44,45,49,8688,27181
2023-12-21 14:38:45,46,49,8688,27181
2023-12-21 14:38:49,45,49,8688,27181
2023-12-21 14:38:53,45,48,8688,27181
2023-12-21 14:39:04,45,49,8688,27181
2023-12-21 14:39:05,46,49,8688,27181
2023-12-21 14:39:08,48,49,8688,27181
2023-12-21 14:39:08,48,50,8688,27181
2023-12-21 14:39:09,49,50,8688,27181
2023-12-21 14:39:09,49,51,8688,27181
2023-12-21 14:39:13,48,51,8688,27181
2023-12-21 14:39:13,49,51,8688,27181
2023-12-21 14:39:17,48,51,8688,27181
2023-12-21 14:39:19,48,50,8688,27181
2023-12-21 14:39:49,48,51,8688,27181
2023-12-21 14:40:01,47,51,8688,27181
2023-12-21 14:40:22,48,51,8688,27181
2023-12-21 14:40:22,48,52,8688,27181
2023-12-21 14:40:39,49,52,8688,27181
2023-12-21 14:40:40,48,52,8688,27181
2023-12-21 14:40:42,49,52,8688,27181
2023-12-21 14:40:53,48,52,8688,27181
2023-12-21 14:41:07,49,52,8688,27181
2023-12-21 14:41:13,50,52,8688,27181
2023-12-21 14:41:15,50,53,8688,27181
2023-12-21 14:41:28,51,53,8688,27181
2023-12-21 14:41:37,52,53,8688,27181
2023-12-21 14:41:45,51,53,8688,27181
2023-12-21 14:41:46,52,53,8688,27181
2023-12-21 14:41:55,53,56,8688,27182
2023-12-21 14:41:56,52,56,8688,27182
2023-12-21 14:42:01,53,56,8688,27182
2023-12-21 14:42:06,52,56,8688,27182
2023-12-21 14:42:12,53,56,8688,27182
2023-12-21 14:42:25,53,57,8688,27182
2023-12-21 14:42:29,53,56,8688,27182
2023-12-21 14:42:30,53,57,8688,27182
2023-12-21 14:42:35,52,57,8688,27182
2023-12-21 14:42:36,52,56,8688,27182
2023-12-21 14:42:42,53,56,8688,27182
2023-12-21 14:43:00,53,55,8688,27182
2023-12-21 14:43:07,54,55,8688,27182
2023-12-21 14:43:07,54,56,8688,27182
2023-12-21 14:43:07,54,57,8688,27182
2023-12-21 14:43:20,55,57,8688,27182
2023-12-21 14:43:25,54,57,8688,27182
2023-12-21 14:43:35,55,57,8688,27182
2023-12-21 14:43:39,54,57,8688,27182
2023-12-21 14:43:59,55,57,8688,27182
2023-12-21 14:44:02,56,57,8688,27182
2023-12-21 14:44:02,55,57,8688,27182
2023-12-21 14:44:03,56,57,8688,27182
2023-12-21 14:44:04,55,57,8688,27182
2023-12-21 14:44:13,54,57,8688,27182
2023-12-21 14:44:16,55,57,8688,27182
2023-12-21 14:44:17,54,57,8688,27182
2023-12-21 14:44:35,55,57,8688,27182
2023-12-21 14:44:38,55,56,8688,27182
2023-12-21 14:44:50,54,56,8688,27182
2023-12-21 14:44:50,54,56,8688,27303
2023-12-21 14:44:50,54,55,8688,27303
2023-12-21 14:44:56,55,58,8688,27474
2023-12-21 14:44:56,55,57,8688,27474
2023-12-21 14:44:57,54,57,8688,27474
2023-12-21 14:45:07,55,57,8688,27474
2023-12-21 14:45:07,55,58,8688,27474
2023-12-21 14:45:18,56,58,8688,27474
2023-12-21 14:45:19,56,60,8688,27474
2023-12-21 14:45:19,56,59,8688,27474
2023-12-21 14:45:20,58,59,8688,27474
2023-12-21 14:45:20,58,60,8688,27474
2023-12-21 14:45:23,57,60,8688,27474
2023-12-21 14:45:23,56,60,8688,27474
2023-12-21 14:45:32,55,60,8956,27774
2023-12-21 14:45:33,55,58,8956,27774
2023-12-21 14:45:33,55,57,8956,27774
2023-12-21 14:45:35,54,57,8956,27774
2023-12-21 14:45:44,54,58,8956,27774
2023-12-21 14:45:47,54,57,8956,27774
2023-12-21 14:45:50,53,57,8956,27774
2023-12-21 14:46:18,52,57,8956,27774
2023-12-21 14:46:18,52,55,8956,27774
2023-12-21 14:46:22,51,55,8956,27774
2023-12-21 14:46:48,50,55,8956,27774
2023-12-21 14:46:48,50,54,8956,27774
2023-12-21 14:46:52,49,54,8956,27774
2023-12-21 14:46:52,49,53,8956,27774
2023-12-21 14:47:01,49,52,8956,27774
2023-12-21 14:47:04,49,52,8956,27774
2023-12-21 14:47:10,48,52,8956,27774
2023-12-21 14:47:11,49,52,8956,27774
2023-12-21 14:47:25,48,52,8956,27774
2023-12-21 14:47:31,49,52,8956,27774
2023-12-21 14:47:33,49,53,8956,27774
2023-12-21 14:47:42,50,53,8956,27774
2023-12-21 14:48:07,49,53,8956,27774
2023-12-21 14:48:18,49,52,8956,27774
2023-12-21 14:48:19,48,52,8956,27774
2023-12-21 14:48:21,47,52,8956,27774
2023-12-21 14:48:22,47,51,8956,27774
2023-12-21 14:48:59,47,50,8956,27774
2023-12-21 14:49:12,46,50,8956,27774
2023-12-21 14:49:41,46,49,8956,27774
2023-12-21 14:49:42,46,48,8956,27774
2023-12-21 14:49:43,45,48,8956,27774
2023-12-21 14:50:38,45,49,8956,27774
2023-12-21 14:50:45,46,49,8956,27774
2023-12-21 14:50:49,45,49,8956,27774
2023-12-21 14:50:53,46,49,8956,27774
2023-12-21 14:51:02,45,49,8956,27774
2023-12-21 14:51:22,46,49,8956,27774
2023-12-21 14:51:24,45,49,8956,27774
2023-12-21 14:51:26,45,48,8956,27774
2023-12-21 14:51:51,45,50,8956,27774
2023-12-21 14:51:51,45,49,8956,27774
2023-12-21 14:51:53,46,49,8956,27774
2023-12-21 14:51:55,46,50,8956,27774
2023-12-21 14:51:56,47,50,8956,27774
2023-12-21 14:51:57,47,51,8956,27774
2023-12-21 14:52:02,48,51,8956,27774
2023-12-21 14:52:03,47,51,8956,27774
2023-12-21 14:52:04,48,51,8956,27774
2023-12-21 14:52:04,48,52,8956,27774
2023-12-21 14:52:13,47,52,8956,27774
2023-12-21 14:52:13,47,51,8956,27774
2023-12-21 14:52:34,48,51,8956,27774
2023-12-21 14:52:37,47,51,8956,27774
2023-12-21 14:52:46,48,51,8956,27774
2023-12-21 14:52:51,46,51,8956,27774
2023-12-21 14:52:51,47,51,8956,27774
2023-12-21 14:52:52,46,51,8956,27774
2023-12-21 14:52:58,46,50,8956,27774
2023-12-21 14:53:05,45,50,8956,27774
2023-12-21 14:53:06,46,50,8956,27774
2023-12-21 14:53:10,45,50,8956,27774
2023-12-21 14:53:12,46,50,8956,27774
2023-12-21 14:53:28,45,50,8956,27774
2023-12-21 14:53:28,45,48,8956,27774
2023-12-21 14:53:34,45,48,8956,27784
2023-12-21 14:53:37,45,47,8956,27784
2023-12-21 14:53:39,45,48,8956,27784
2023-12-21 14:53:40,47,48,8956,27784
2023-12-21 14:53:40,45,47,8956,27794
2023-12-21 14:53:45,46,47,8956,27794
2023-12-21 14:53:50,45,46,8956,27804
2023-12-21 14:53:59,43,45,8956,27814
2023-12-21 14:54:03,43,44,8956,27814
2023-12-21 14:54:03,41,43,8966,27824
2023-12-21 14:54:03,41,44,8966,27824
2023-12-21 14:54:04,41,45,8966,27824
2023-12-21 14:54:09,41,44,8966,27824
2023-12-21 14:54:21,39,44,8966,27824
2023-12-21 14:54:24,40,44,8966,27824
2023-12-21 14:54:26,40,45,8966,27824
2023-12-21 14:54:46,41,45,8966,27824
2023-12-21 14:54:47,40,45,8966,27824
2023-12-21 14:54:51,40,44,8966,27824
2023-12-21 14:55:07,40,45,8966,27824
2023-12-21 14:55:15,40,44,8966,27824
2023-12-21 14:55:22,39,44,8966,27824
2023-12-21 14:55:24,39,43,8966,27824
2023-12-21 14:55:36,40,43,8966,27824
2023-12-21 14:55:38,40,44,8966,27824
2023-12-21 14:55:47,40,45,8966,27824
2023-12-21 14:55:51,40,44,8966,27824
2023-12-21 14:55:53,40,45,8966,27824
2023-12-21 14:55:54,41,45,8966,27824
2023-12-21 14:55:58,40,45,8966,27824
2023-12-21 14:56:07,40,44,8966,27824
2023-12-21 14:56:13,40,43,8966,27824
2023-12-21 14:56:16,39,42,8966,27824
2023-12-21 14:56:29,38,42,8966,27824
2023-12-21 14:56:34,38,41,8966,27824
2023-12-21 14:56:47,37,41,8966,27824
2023-12-21 14:56:51,36,41,8966,27824
2023-12-21 14:56:57,36,39,8966,27824
2023-12-21 14:56:58,35,38,8966,27824
2023-12-21 14:57:01,34,38,8966,27824
2023-12-21 14:57:02,34,37,8966,27824
2023-12-21 14:57:09,33,37,8966,27824
2023-12-21 14:57:12,33,35,8966,27824
2023-12-21 14:57:12,32,35,8966,27824
2023-12-21 14:57:14,32,34,8966,27824
2023-12-21 14:57:14,31,34,8966,27824
2023-12-21 14:57:15,31,33,8966,27824
2023-12-21 14:57:16,30,33,8966,27824
2023-12-21 14:57:16,30,32,8966,27824
2023-12-21 14:57:19,30,32,8966,28024
2023-12-21 14:57:19,30,31,8966,28024
2023-12-21 14:57:19,29,31,8966,28024
2023-12-21 14:57:19,28,31,8966,28024
2023-12-21 14:57:20,28,30,8966,28024
2023-12-21 14:57:24,28,31,8966,28024
2023-12-21 14:57:29,29,31,8966,28024
2023-12-21 14:57:29,29,32,8966,28024
2023-12-21 14:57:46,29,33,8966,28024
2023-12-21 14:57:59,29,32,8966,28024
2023-12-21 14:58:05,31,32,8966,28024
2023-12-21 14:58:05,31,33,8966,28024
2023-12-21 14:58:05,31,34,8966,28024
2023-12-21 14:58:05,31,35,8966,28024
2023-12-21 14:58:05,31,34,8966,28024
2023-12-21 14:58:06,32,34,8966,28024
2023-12-21 14:58:09,32,35,8966,28024
2023-12-21 14:58:09,32,36,8966,28024
2023-12-21 14:58:09,32,35,8966,28024
2023-12-21 14:58:11,33,35,8966,28024
2023-12-21 14:58:20,32,35,8966,28024
2023-12-21 14:58:25,32,34,8966,28024
2023-12-21 14:58:26,31,34,8966,28024
2023-12-21 14:58:35,32,34,8966,28024
2023-12-21 14:58:36,32,35,8966,28024
2023-12-21 14:58:36,32,36,8966,28024
2023-12-21 14:58:36,32,35,8966,28024
2023-12-21 14:58:41,32,34,8966,28024
2023-12-21 14:58:48,33,34,8966,28024
2023-12-21 14:58:48,33,36,8966,28224
2023-12-21 14:58:48,33,37,8966,28224
2023-12-21 14:58:58,32,37,8966,28224
2023-12-21 14:58:58,32,36,8966,28224
2023-12-21 14:59:17,31,36,8966,28224
2023-12-21 14:59:21,31,35,8966,28224
2023-12-21 14:59:21,31,34,8966,28224
2023-12-21 14:59:25,30,34,8966,28224
2023-12-21 14:59:29,31,34,8966,28224
2023-12-21 14:59:31,30,34,8966,28224
2023-12-21 14:59:32,31,34,8966,28224
2023-12-21 14:59:33,31,36,8966,28224
2023-12-21 14:59:33,31,35,8966,28224
2023-12-21 14:59:40,31,36,8966,28224
2023-12-21 14:59:40,31,35,8966,28224
2023-12-21 14:59:42,31,36,8966,28224
2023-12-21 14:59:48,32,36,8966,28224
2023-12-21 14:59:54,33,36,8966,28224
2023-12-21 14:59:54,34,36,8966,28224
2023-12-21 14:59:54,34,37,8966,28224
2023-12-21 14:59:56,35,37,8966,28224
2023-12-21 14:59:57,36,37,8966,28224
2023-12-21 14:59:57,36,39,8966,28224
2023-12-21 15:00:09,35,39,8966,28224
2023-12-21 15:00:23,34,39,8966,28224
2023-12-21 15:00:23,34,38,8966,28224
2023-12-21 15:00:23,34,37,8966,28224
2023-12-21 15:00:23,34,38,8966,28224
2023-12-21 15:00:27,34,36,8966,28224
2023-12-21 15:00:31,34,38,8966,28224
2023-12-21 15:00:47,33,37,8966,28224
2023-12-21 15:00:53,32,37,8966,28224
2023-12-21 15:00:55,33,37,8966,28224
2023-12-21 15:00:57,35,37,8966,28224
2023-12-21 15:00:57,35,38,8966,28224
2023-12-21 15:01:01,33,38,8966,28224
2023-12-21 15:01:09,33,37,8966,28224
2023-12-21 15:01:09,33,36,8966,28224
2023-12-21 15:01:10,33,38,8966,28224
2023-12-21 15:01:10,33,37,8966,28224
2023-12-21 15:01:11,32,37,8966,28224
2023-12-21 15:01:15,31,37,8966,28224
2023-12-21 15:01:15,31,36,8966,28224
2023-12-21 15:01:15,31,35,8966,28224
2023-12-21 15:01:29,31,34,8966,28224
2023-12-21 15:01:30,30,34,8966,28224
2023-12-21 15:01:44,31,34,8966,28224
2023-12-21 15:01:44,32,34,8966,28224
2023-12-21 15:01:44,32,35,8966,28224
2023-12-21 15:01:51,31,35,8966,28224
2023-12-21 15:01:53,32,35,8966,28224
2023-12-21 15:01:56,31,35,8966,28224
2023-12-21 15:01:57,32,35,8966,28224
2023-12-21 15:01:58,33,35,8966,28224
2023-12-21 15:01:58,33,37,8966,28224
2023-12-21 15:01:59,33,37,8966,28224
2023-12-21 15:02:05,35,37,8966,28224
2023-12-21 15:02:07,35,38,8966,28224
2023-12-21 15:02:08,35,39,8966,28224
2023-12-21 15:02:11,36,39,8966,28224
2023-12-21 15:02:19,35,39,8966,28224
2023-12-21 15:02:27,35,38,8966,28224
2023-12-21 15:02:27,35,37,8966,28224
2023-12-21 15:02:30,33,37,8966,28224
2023-12-21 15:02:33,32,37,8966,28224
2023-12-21 15:02:34,33,37,8966,28224
2023-12-21 15:03:05,34,37,8966,28224
2023-12-21 15:03:12,33,37,8966,28224
2023-12-21 15:03:12,36,37,8966,28224
2023-12-21 15:03:13,36,38,9141,28399
2023-12-21 15:03:15,37,38,9141,28399
2023-12-21 15:03:16,38,42,9216,28474
2023-12-21 15:03:17,37,42,9216,28474
2023-12-21 15:03:18,38,42,9216,28474
2023-12-21 15:03:47,40,42,9216,28474
2023-12-21 15:03:47,40,43,9216,28474
2023-12-21 15:03:50,41,43,9216,28474
2023-12-21 15:03:50,41,45,9216,28474
2023-12-21 15:03:59,42,45,9216,28474
2023-12-21 15:04:03,41,45,9216,28474
2023-12-21 15:04:08,42,45,9216,28474
2023-12-21 15:04:09,42,46,9216,28474
2023-12-21 15:04:09,42,47,9216,28474
2023-12-21 15:04:10,42,46,9216,28474
2023-12-21 15:04:14,41,46,9216,28474
2023-12-21 15:04:16,41,46,9141,28549
2023-12-21 15:04:16,41,47,9141,28549
2023-12-21 15:04:16,42,47,9141,28549
2023-12-21 15:04:17,42,46,9141,28549
2023-12-21 15:04:18,41,46,9141,28549
2023-12-21 15:04:20,40,46,9141,28549
2023-12-21 15:04:56,40,44,9141,28549
2023-12-21 15:05:03,40,45,9141,28549
2023-12-21 15:05:07,41,45,9141,28549
2023-12-21 15:05:10,41,46,9141,28549
2023-12-21 15:05:13,42,46,9141,28549
2023-12-21 15:05:14,42,47,9141,28549
2023-12-21 15:05:17,43,47,9141,28549
2023-12-21 15:05:21,42,47,9141,28549
2023-12-21 15:05:25,42,46,9141,28549
2023-12-21 15:05:27,42,47,9141,28549
2023-12-21 15:05:34,41,47,9141,28549
2023-12-21 15:05:34,41,45,9141,28549
2023-12-21 15:05:35,40,45,9141,28549
2023-12-21 15:05:36,40,44,9141,28549
2023-12-21 15:05:38,38,44,9141,28549
2023-12-21 15:05:39,38,43,9141,28549
2023-12-21 15:05:43,38,44,9141,28549
2023-12-21 15:05:46,39,44,9141,28549
2023-12-21 15:05:47,38,44,9141,28549
2023-12-21 15:05:51,38,43,9141,28549
2023-12-21 15:05:53,38,42,9141,28549
2023-12-21 15:05:55,37,42,9141,28549
2023-12-21 15:05:56,37,41,9141,28549
2023-12-21 15:05:59,36,41,9141,28549
2023-12-21 15:06:00,37,41,9141,28549
2023-12-21 15:06:08,36,41,9141,28549
2023-12-21 15:06:09,37,41,9141,28549
2023-12-21 15:06:14,37,43,9141,28549
2023-12-21 15:06:14,37,42,9141,28549
2023-12-21 15:06:25,36,42,9141,28549
2023-12-21 15:06:28,37,42,9141,28549
2023-12-21 15:06:29,36,42,9141,28549
2023-12-21 15:06:29,36,40,9141,28549
2023-12-21 15:06:48,37,40,9141,28549
2023-12-21 15:06:48,37,41,9141,28549
2023-12-21 15:06:49,36,41,9141,28549
2023-12-21 15:07:00,36,39,9141,28549
2023-12-21 15:07:01,35,39,9141,28549
2023-12-21 15:07:03,35,39,9141,28551
2023-12-21 15:07:04,35,39,9141,28553
2023-12-21 15:07:06,35,39,9141,28555
2023-12-21 15:07:06,35,38,9141,28555
2023-12-21 15:07:07,35,38,9141,28557
2023-12-21 15:07:08,35,38,9141,28559
2023-12-21 15:07:09,35,38,9141,28561
2023-12-21 15:07:10,34,38,9141,28561
2023-12-21 15:07:10,34,37,9141,28561
2023-12-21 15:07:11,34,37,9141,28563
2023-12-21 15:07:12,34,37,9141,28565
2023-12-21 15:07:13,34,37,9141,28567
2023-12-21 15:07:14,34,37,9141,28569
2023-12-21 15:07:16,32,37,9141,28769
2023-12-21 15:07:17,31,37,9141,28769
2023-12-21 15:07:17,31,35,9141,28769
2023-12-21 15:07:17,31,32,9141,28769
2023-12-21 15:07:19,31,32,9141,28969
2023-12-21 15:07:23,30,31,9141,29044
2023-12-21 15:07:25,29,31,9141,29244
2023-12-21 15:07:25,30,31,9141,29244
2023-12-21 15:07:26,29,30,9141,29319
2023-12-21 15:07:26,29,30,9141,29419
2023-12-21 15:07:31,29,31,9141,29419
2023-12-21 15:07:31,30,31,9141,29419
2023-12-21 15:07:32,29,31,9141,29419
2023-12-21 15:07:35,29,30,9141,29419
2023-12-21 15:07:38,29,30,9141,29505
2023-12-21 15:07:41,29,31,9141,29819
2023-12-21 15:07:44,29,30,9141,29819
2023-12-21 15:07:53,29,30,9141,30319
2023-12-21 15:07:55,29,31,9141,30419
2023-12-21 15:07:59,29,31,9141,30919
2023-12-21 15:08:03,29,30,9141,30919
2023-12-21 15:08:04,29,31,9141,31419
2023-12-21 15:08:08,29,32,9141,31419
2023-12-21 15:08:09,29,31,9141,31419
2023-12-21 15:08:28,29,32,9141,31419
2023-12-21 15:08:30,28,32,9141,31419
2023-12-21 15:08:30,28,31,9141,31419
2023-12-21 15:08:34,28,32,9141,31419
2023-12-21 15:08:40,29,32,9141,31419
2023-12-21 15:08:41,29,34,9141,31419
2023-12-21 15:08:41,29,33,9141,31419
2023-12-21 15:08:43,30,33,9141,31419
2023-12-21 15:08:45,30,35,9141,31419
2023-12-21 15:08:45,30,34,9141,31419
2023-12-21 15:08:50,31,34,9141,31419
2023-12-21 15:09:02,30,34,9141,31419
2023-12-21 15:09:04,30,35,9141,31419
2023-12-21 15:09:04,30,33,9141,31419
2023-12-21 15:09:06,29,33,9141,31419
2023-12-21 15:09:07,29,34,9141,31419
2023-12-21 15:09:07,29,32,9141,31419
2023-12-21 15:09:17,30,32,9141,31419
2023-12-21 15:09:17,30,34,9141,31419
2023-12-21 15:09:17,30,35,9141,31419
2023-12-21 15:09:17,30,34,9141,31419
2023-12-21 15:09:17,30,33,9141,31419
2023-12-21 15:09:21,29,33,9141,31419
2023-12-21 15:09:22,29,34,9141,31419
2023-12-21 15:09:22,29,32,9141,31419
2023-12-21 15:09:56,30,32,9141,31419
2023-12-21 15:09:56,30,34,9141,31419
2023-12-21 15:09:56,30,33,9141,31419
2023-12-21 15:09:59,30,35,9141,31419
2023-12-21 15:09:59,32,37,9141,31419
2023-12-21 15:09:59,32,34,9141,31419
2023-12-21 15:10:06,32,34,9155,31919
2023-12-21 15:10:06,32,36,9155,31919
2023-12-21 15:10:06,30,36,9155,31919
2023-12-21 15:10:06,30,35,9155,31919
2023-12-21 15:10:11,31,35,9155,31919
2023-12-21 15:10:11,31,36,9155,31919
2023-12-21 15:10:19,31,37,9155,31919
2023-12-21 15:10:20,32,37,9155,31919
2023-12-21 15:10:24,31,37,9155,31919
2023-12-21 15:10:25,32,37,9155,31919
2023-12-21 15:10:28,31,37,9155,31919
2023-12-21 15:10:32,33,37,9155,31919
2023-12-21 15:10:43,34,37,9155,31919
2023-12-21 15:10:43,34,39,9155,31919
2023-12-21 15:10:44,37,39,9155,31919
2023-12-21 15:10:44,37,41,9155,31919
2023-12-21 15:10:44,37,41,9156,31920
2023-12-21 15:10:44,37,40,9156,31920
2023-12-21 15:10:45,37,41,9156,31920
2023-12-21 15:11:04,37,40,9156,31920
2023-12-21 15:11:16,37,41,9156,31920
2023-12-21 15:11:17,38,41,9156,31920
2023-12-21 15:11:17,38,42,9156,31920
2023-12-21 15:11:19,39,42,9156,31920
2023-12-21 15:11:19,39,43,9156,31920
2023-12-21 15:11:28,39,45,9156,31920
2023-12-21 15:11:28,39,44,9156,31920
2023-12-21 15:11:30,40,44,9156,31920
2023-12-21 15:11:34,42,44,9156,31920
2023-12-21 15:11:34,42,45,9156,31920
2023-12-21 15:11:36,43,45,9156,31920
2023-12-21 15:11:37,42,45,9156,31920
2023-12-21 15:11:38,42,47,9231,31995
2023-12-21 15:11:38,43,47,9231,31995
2023-12-21 15:11:40,42,47,9231,31995
2023-12-21 15:11:50,43,47,9231,31995
2023-12-21 15:11:57,44,47,9231,31995
2023-12-21 15:11:58,44,48,9231,31995
2023-12-21 15:12:06,44,47,9231,31995
2023-12-21 15:12:06,43,47,9231,31995
2023-12-21 15:12:24,43,49,9231,31995
2023-12-21 15:12:24,43,48,9231,31995
2023-12-21 15:12:33,44,48,9231,31995
2023-12-21 15:12:38,46,48,9231,31995
2023-12-21 15:12:38,46,50,9231,31995
2023-12-21 15:12:38,46,49,9231,31995
2023-12-21 15:12:41,46,51,9231,31995
2023-12-21 15:12:41,46,50,9231,31995
2023-12-21 15:12:44,47,50,9231,31995
2023-12-21 15:12:48,47,51,9231,31995
2023-12-21 15:12:49,49,51,9231,31995
2023-12-21 15:12:58,49,54,9231,31995
2023-12-21 15:12:58,49,52,9231,31995
2023-12-21 15:13:07,50,52,9231,31995
2023-12-21 15:13:08,50,53,9231,31995
2023-12-21 15:13:14,51,53,9231,31995
2023-12-21 15:13:16,51,54,9231,31995
2023-12-21 15:13:20,53,54,9231,31995
2023-12-21 15:13:20,53,55,9231,31995
2023-12-21 15:13:30,53,56,9231,31995
2023-12-21 15:13:32,54,56,9231,31995
2023-12-21 15:13:34,54,57,9231,31995
2023-12-21 15:13:43,53,57,9231,31995
2023-12-21 15:13:46,53,56,9231,31995
2023-12-21 15:13:49,51,56,9231,31995
2023-12-21 15:13:56,51,55,9231,31995
2023-12-21 15:13:56,50,55,9231,31995
2023-12-21 15:13:58,50,54,9231,31995
2023-12-21 15:14:08,49,54,9231,31995
2023-12-21 15:14:16,50,54,9231,31995
2023-12-21 15:14:22,49,54,9231,31995
2023-12-21 15:14:31,50,54,9231,31995
2023-12-21 15:14:33,50,55,9231,31995
2023-12-21 15:14:38,51,55,9231,31995
2023-12-21 15:14:43,51,56,9231,31995
2023-12-21 15:14:48,53,56,9231,31995
2023-12-21 15:14:52,52,56,9231,31995
2023-12-21 15:14:53,53,56,9231,31995
2023-12-21 15:14:55,52,56,9231,31995
2023-12-21 15:14:56,51,56,9231,31995
2023-12-21 15:15:01,51,55,9231,31995
2023-12-21 15:15:01,50,55,9231,31995
2023-12-21 15:15:02,49,55,9231,31995
2023-12-21 15:15:03,50,55,9231,31995
2023-12-21 15:15:21,51,55,9231,31995
2023-12-21 15:15:22,51,57,9231,31995
2023-12-21 15:15:22,51,56,9231,31995
2023-12-21 15:15:27,51,54,9231,31995
2023-12-21 15:15:36,49,54,9231,31995
2023-12-21 15:15:41,48,54,9231,31995
2023-12-21 15:15:41,50,54,9231,31995
2023-12-21 15:15:47,48,54,9231,31995
2023-12-21 15:15:47,47,54,9231,31995
2023-12-21 15:15:47,49,54,9231,31995
2023-12-21 15:15:51,49,53,9231,31995
2023-12-21 15:15:58,47,53,9231,31995
2023-12-21 15:15:58,47,52,9231,31995
2023-12-21 15:15:58,48,52,9231,31995
2023-12-21 15:15:59,47,52,9231,31995
2023-12-21 15:15:59,49,52,9231,31995
2023-12-21 15:15:59,49,53,9231,31995
2023-12-21 15:16:00,47,53,9231,31995
2023-12-21 15:16:00,48,53,9231,31995
2023-12-21 15:16:00,48,52,9231,31995
2023-12-21 15:16:03,48,53,9231,31995
2023-12-21 15:16:04,47,53,9231,31995
2023-12-21 15:16:04,49,53,9231,31995
2023-12-21 15:16:11,49,54,9231,31995
2023-12-21 15:16:13,49,53,9231,31995
2023-12-21 15:16:14,47,53,9231,31995
2023-12-21 15:16:14,47,54,9231,31995
2023-12-21 15:16:14,50,54,9231,31995
2023-12-21 15:16:16,48,54,9231,31995
2023-12-21 15:16:16,47,54,9231,31995
2023-12-21 15:16:16,47,53,9231,31995
2023-12-21 15:16:16,49,53,9231,31995
2023-12-21 15:16:21,47,53,9231,31995
2023-12-21 15:16:21,47,54,9231,31995
2023-12-21 15:16:21,48,54,9231,31995
2023-12-21 15:16:24,48,54,9231,31995
2023-12-21 15:16:24,49,54,9231,31995
2023-12-21 15:16:27,47,54,9231,31995
2023-12-21 15:16:27,48,54,9231,31995
2023-12-21 15:16:27,50,54,9231,31995
2023-12-21 15:16:28,48,54,9231,31995
2023-12-21 15:16:28,49,54,9231,31995
2023-12-21 15:16:30,48,54,9231,31995
2023-12-21 15:16:30,50,54,9231,31995
2023-12-21 15:16:40,50,53,9231,31995
2023-12-21 15:16:42,48,53,9231,31995
2023-12-21 15:16:42,49,53,9231,31995
2023-12-21 15:16:47,48,53,9231,31995
2023-12-21 15:16:47,50,53,9231,31995
2023-12-21 15:16:56,48,53,9231,31995
2023-12-21 15:16:56,47,53,9231,31995
2023-12-21 15:16:56,49,53,9231,31995
2023-12-21 15:17:00,47,53,9231,31995
2023-12-21 15:17:00,49,53,9231,31995
2023-12-21 15:17:00,50,53,9231,31995
2023-12-21 15:17:04,47,53,9231,31995
2023-12-21 15:17:04,49,53,9231,31995
2023-12-21 15:17:11,49,52,9231,31995
2023-12-21 15:17:16,47,52,9231,31995
2023-12-21 15:17:16,48,52,9231,31995
2023-12-21 15:17:17,47,52,9231,31995
2023-12-21 15:17:17,49,52,9231,31995
2023-12-21 15:17:17,49,53,9231,31995
2023-12-21 15:17:31,49,54,9231,31995
2023-12-21 15:17:32,48,54,9231,31995
2023-12-21 15:17:32,50,54,9231,31995
2023-12-21 15:17:35,51,54,9231,31995
2023-12-21 15:17:36,51,55,9231,31995
2023-12-21 15:17:42,50,55,9231,31995
2023-12-21 15:17:42,51,55,9231,31995
2023-12-21 15:17:42,52,55,9231,31995
2023-12-21 15:17:43,51,55,9231,31995
2023-12-21 15:17:44,51,56,9231,31995
2023-12-21 15:17:44,51,57,9231,31995
2023-12-21 15:17:44,52,57,9231,31995
2023-12-21 15:17:44,52,56,9231,31995
2023-12-21 15:17:45,52,57,9231,31995
2023-12-21 15:17:48,51,57,9231,31995
2023-12-21 15:17:48,52,57,9231,31995
2023-12-21 15:17:48,53,57,9231,31995
2023-12-21 15:17:49,53,58,9231,31995
2023-12-21 15:18:10,52,58,9231,31995
2023-12-21 15:18:10,54,58,9231,31995
2023-12-21 15:18:30,54,59,9231,31995
2023-12-21 15:18:32,55,59,9231,31995
2023-12-21 15:18:39,55,60,9231,31995
2023-12-21 15:18:39,56,60,9231,31995
2023-12-21 15:18:43,57,60,9231,31995
2023-12-21 15:18:46,58,60,9231,31995
2023-12-21 15:18:55,59,60,9231,31995
2023-12-21 15:18:59,60,65,9232,31996
2023-12-21 15:18:59,60,64,9232,31996
2023-12-21 15:19:03,60,63,9232,31996
2023-12-21 15:19:06,60,65,9232,31996
2023-12-21 15:19:07,61,64,9232,31996
2023-12-21 15:19:07,61,65,9232,31996
2023-12-21 15:19:09,61,66,9232,31996
2023-12-21 15:19:09,61,64,9232,31996
2023-12-21 15:19:10,61,66,9232,31996
2023-12-21 15:19:27,61,65,9232,31996
2023-12-21 15:19:27,61,64,9232,31996
2023-12-21 15:19:29,66,67,9332,32396
2023-12-21 15:19:30,66,67,9532,32596
2023-12-21 15:19:30,62,67,9632,32996
2023-12-21 15:19:39,63,67,9632,32996
2023-12-21 15:19:40,62,67,9632,32996
2023-12-21 15:19:43,63,67,9632,32996
2023-12-21 15:19:49,64,67,9632,32996
2023-12-21 15:19:51,63,67,9632,32996
2023-12-21 15:20:02,64,67,9632,32996
2023-12-21 15:20:03,65,67,9632,32996
2023-12-21 15:20:08,66,67,9632,32996
2023-12-21 15:20:18,67,70,9632,32997
2023-12-21 15:20:21,69,70,9632,32997
2023-12-21 15:20:22,70,73,9782,33147
2023-12-21 15:20:22,70,74,9782,33147
2023-12-21 15:20:22,70,73,9782,33147
2023-12-21 15:20:22,70,74,9782,33147
2023-12-21 15:20:23,69,74,9782,33147
2023-12-21 15:20:23,71,74,9782,33147
2023-12-21 15:20:27,70,74,9782,33147
2023-12-21 15:20:27,72,74,9782,33147
2023-12-21 15:20:32,70,74,9782,33147
2023-12-21 15:20:32,71,74,9782,33147
2023-12-21 15:20:36,70,74,9782,33147
2023-12-21 15:20:36,72,74,9782,33147
2023-12-21 15:20:39,72,75,9782,33147
2023-12-21 15:20:39,72,74,9782,33147
2023-12-21 15:20:39,72,75,9782,33147
2023-12-21 15:20:43,71,75,9782,33147
2023-12-21 15:20:43,73,75,9782,33147
2023-12-21 15:20:54,71,75,9782,33147
2023-12-21 15:20:54,70,75,9782,33147
2023-12-21 15:20:54,71,75,9782,33147
2023-12-21 15:20:54,71,74,9782,33147
2023-12-21 15:20:58,69,74,9782,33147
2023-12-21 15:20:58,70,74,9782,33147
2023-12-21 15:21:08,70,73,9782,33147
2023-12-21 15:21:12,69,73,9782,33147
2023-12-21 15:21:12,71,73,9782,33147
2023-12-21 15:21:12,69,73,9782,33147
2023-12-21 15:21:12,70,73,9782,33147
2023-12-21 15:21:23,69,73,9782,33147
2023-12-21 15:21:26,67,73,9782,33147
2023-12-21 15:21:26,68,73,9782,33147
2023-12-21 15:21:27,68,72,9782,33147
2023-12-21 15:21:32,67,72,9782,33147
2023-12-21 15:21:32,66,72,9782,33147
2023-12-21 15:21:32,67,72,9782,33147
2023-12-21 15:21:35,66,72,9782,33147
2023-12-21 15:21:35,68,72,9782,33147
2023-12-21 15:21:36,69,72,9782,33147
2023-12-21 15:21:37,69,73,9782,33147
2023-12-21 15:21:37,69,72,9782,33147
2023-12-21 15:21:37,69,73,9782,33147
2023-12-21 15:21:39,70,73,9782,33147
2023-12-21 15:21:45,68,73,9782,33147
2023-12-21 15:21:45,69,73,9782,33147
2023-12-21 15:21:46,69,72,9782,33147
2023-12-21 15:21:46,68,72,9782,33147
2023-12-21 15:21:50,66,72,9782,33147
2023-12-21 15:21:50,67,72,9782,33147
2023-12-21 15:21:53,67,71,9782,33147
2023-12-21 15:21:59,67,72,9782,33147
2023-12-21 15:21:59,67,71,9782,33147
2023-12-21 15:22:02,66,71,9782,33147
2023-12-21 15:22:02,68,71,9782,33147
2023-12-21 15:22:03,68,72,9782,33147
2023-12-21 15:22:04,67,72,9782,33147
2023-12-21 15:22:04,69,72,9782,33147
2023-12-21 15:22:23,67,72,9782,33147
2023-12-21 15:22:23,69,72,9782,33147
2023-12-21 15:22:23,70,72,9782,33147
2023-12-21 15:22:24,69,72,9782,33147
2023-12-21 15:22:24,67,72,9782,33147
2023-12-21 15:22:24,69,72,9782,33147
2023-12-21 15:22:29,67,72,9782,33147
2023-12-21 15:22:29,68,72,9782,33147
2023-12-21 15:22:32,67,72,9782,33147
2023-12-21 15:22:32,69,72,9782,33147
2023-12-21 15:22:36,67,72,9782,33147
2023-12-21 15:22:36,68,72,9782,33147
2023-12-21 15:22:37,67,72,9782,33147
2023-12-21 15:22:37,69,72,9782,33147
2023-12-21 15:22:46,67,72,9782,33147
2023-12-21 15:22:46,68,72,9782,33147
2023-12-21 15:23:09,68,71,9782,33147
2023-12-21 15:23:14,68,72,9782,33147
2023-12-21 15:23:17,68,71,9782,33147
2023-12-21 15:23:17,66,71,9782,33147
2023-12-21 15:23:18,66,70,9782,33147
2023-12-21 15:23:18,65,70,9782,33147
2023-12-21 15:23:18,65,69,9782,33147
2023-12-21 15:23:24,66,69,9782,33147
2023-12-21 15:23:27,66,70,9782,33147
2023-12-21 15:23:40,66,71,9782,33147
2023-12-21 15:23:43,65,71,9782,33147
2023-12-21 15:23:43,66,71,9782,33147
2023-12-21 15:23:43,67,71,9782,33147
2023-12-21 15:23:45,67,72,9782,33147
2023-12-21 15:23:45,67,71,9782,33147
2023-12-21 15:23:45,67,72,9782,33147
2023-12-21 15:23:45,67,71,9782,33147
2023-12-21 15:23:54,66,71,9782,33147
2023-12-21 15:23:54,68,71,9782,33147
2023-12-21 15:23:55,66,71,9782,33147
2023-12-21 15:23:55,67,71,9782,33147
2023-12-21 15:24:15,66,71,9782,33147
2023-12-21 15:24:15,68,71,9782,33147
2023-12-21 15:24:15,68,72,9782,33147
2023-12-21 15:24:15,68,71,9782,33147
2023-12-21 15:24:17,68,72,9782,33147
2023-12-21 15:24:21,66,72,9782,33147
2023-12-21 15:24:21,67,72,9782,33147
2023-12-21 15:24:24,66,72,9782,33147
2023-12-21 15:24:24,68,72,9782,33147
2023-12-21 15:24:33,67,72,9782,33147
2023-12-21 15:24:33,69,72,9782,33147
2023-12-21 15:24:39,69,73,9782,33147
2023-12-21 15:24:39,67,73,9782,33147
2023-12-21 15:24:39,69,73,9782,33147
2023-12-21 15:24:39,70,73,9782,33147
2023-12-21 15:24:42,70,73,9746,33221
2023-12-21 15:24:42,70,74,9746,33221
2023-12-21 15:24:42,70,73,9746,33221
2023-12-21 15:24:46,70,75,9746,33221
2023-12-21 15:24:46,70,74,9746,33221
2023-12-21 15:24:46,70,75,9746,33221
2023-12-21 15:24:48,71,75,9746,33221
2023-12-21 15:24:53,70,75,9746,33221
2023-12-21 15:24:55,71,75,9746,33221
2023-12-21 15:25:04,70,75,9746,33221
2023-12-21 15:25:11,69,75,9746,33221
2023-12-21 15:25:14,69,74,9746,33221
2023-12-21 15:25:14,70,74,9746,33221
2023-12-21 15:25:34,70,75,9746,33221
2023-12-21 15:25:35,71,75,9746,33221
2023-12-21 15:25:41,71,75,9759,33234
2023-12-21 15:25:41,70,75,9759,33234
2023-12-21 15:25:45,72,75,9759,33234
2023-12-21 15:25:45,72,76,9759,33234
2023-12-21 15:25:45,72,75,9759,33234
2023-12-21 15:25:47,72,76,9759,33234
2023-12-21 15:25:55,73,76,9759,33234
2023-12-21 15:26:00,73,78,9759,33234
2023-12-21 15:26:00,73,77,9759,33234
2023-12-21 15:26:00,73,78,9759,33234
2023-12-21 15:26:00,73,77,9759,33234
2023-12-21 15:26:01,74,77,9759,33234
2023-12-21 15:26:05,73,77,9759,33234
2023-12-21 15:26:10,72,77,9759,33234
2023-12-21 15:26:10,72,76,9759,33234
2023-12-21 15:26:12,70,76,9759,33234
2023-12-21 15:26:14,72,76,9759,33234
2023-12-21 15:26:16,72,77,9759,33234
2023-12-21 15:26:16,73,77,9759,33234
2023-12-21 15:26:18,73,78,9759,33234
2023-12-21 15:26:18,73,77,9759,33234
2023-12-21 15:26:18,73,78,9759,33234
2023-12-21 15:26:33,74,78,9759,33234
2023-12-21 15:26:41,73,78,9759,33234
2023-12-21 15:26:55,74,78,9759,33234
2023-12-21 15:27:03,75,78,9759,33234
2023-12-21 15:27:03,75,79,9759,33234
2023-12-21 15:27:03,75,78,9759,33234
2023-12-21 15:27:03,75,79,9759,33234
2023-12-21 15:27:04,74,79,9759,33234
2023-12-21 15:27:10,73,79,9759,33234
2023-12-21 15:27:11,73,78,9759,33234
2023-12-21 15:27:12,73,79,9759,33234
2023-12-21 15:27:12,74,79,9759,33234
2023-12-21 15:27:16,73,79,9759,33234
2023-12-21 15:27:17,73,78,9759,33234
2023-12-21 15:27:19,73,79,9759,33234
2023-12-21 15:27:21,74,79,9759,33234
2023-12-21 15:27:21,74,78,9759,33234
2023-12-21 15:27:28,74,75,9759,33234
2023-12-21 15:27:31,75,78,9759,33244
2023-12-21 15:27:40,78,79,9759,33254
2023-12-21 15:27:49,79,82,9759,33264
2023-12-21 15:27:52,80,82,9759,33264
2023-12-21 15:27:52,81,82,9759,33264
2023-12-21 15:27:56,82,86,9759,33274
2023-12-21 15:27:56,82,85,9759,33274
2023-12-21 15:27:58,82,85,9759,33284
2023-12-21 15:28:05,81,85,9759,33284
2023-12-21 15:28:06,82,85,9759,33284
2023-12-21 15:28:07,81,85,9759,33284
2023-12-21 15:28:08,82,85,9759,33284
2023-12-21 15:28:09,83,85,9759,33284
2023-12-21 15:28:26,85,86,9759,33294
2023-12-21 15:28:26,86,87,9759,33304
2023-12-21 15:28:28,85,87,9759,33304
2023-12-21 15:28:32,86,87,9759,33304
2023-12-21 15:28:36,87,89,9759,33314
2023-12-21 15:28:41,88,89,9759,33314
