datetime,bid,ask,open_interest,volume
2023-09-14 09:30:01,85,89,0,0
2023-09-14 09:30:01,0,89,0,0
2023-09-14 09:30:01,0,96,0,0
2023-09-14 09:33:11,82,96,0,0
2023-09-14 09:33:11,82,86,0,0
2023-09-14 09:33:14,0,86,0,0
2023-09-14 09:33:14,0,96,0,0
2023-09-14 09:33:14,84,96,0,0
2023-09-14 09:33:14,84,88,0,0
2023-09-14 09:33:23,0,88,0,0
2023-09-14 09:33:23,0,96,0,0
2023-09-14 09:33:23,83,96,0,0
2023-09-14 09:33:23,85,96,0,0
2023-09-14 09:33:23,85,89,0,0
2023-09-14 09:34:17,85,96,0,0
2023-09-14 09:34:17,0,96,0,0
2023-09-14 09:34:17,82,96,0,0
2023-09-14 09:34:17,84,96,0,0
2023-09-14 09:34:17,84,88,0,0
2023-09-14 09:34:26,84,96,0,0
2023-09-14 09:34:26,0,96,0,0
2023-09-14 09:34:26,83,96,0,0
2023-09-14 09:34:26,83,87,0,0
2023-09-14 09:34:26,83,86,0,0
2023-09-14 09:34:38,83,96,0,0
2023-09-14 09:34:38,0,96,0,0
2023-09-14 09:34:38,81,96,0,0
2023-09-14 09:34:38,81,87,0,0
2023-09-14 09:34:38,81,85,0,0
2023-09-14 09:35:20,81,96,0,0
2023-09-14 09:35:20,0,96,0,0
2023-09-14 09:35:20,80,96,0,0
2023-09-14 09:35:20,80,86,0,0
2023-09-14 09:35:20,80,84,0,0
2023-09-14 09:35:28,0,84,0,0
2023-09-14 09:35:28,0,96,0,0
2023-09-14 09:35:28,81,96,0,0
2023-09-14 09:35:28,81,85,0,0
2023-09-14 09:35:32,0,85,0,0
2023-09-14 09:35:32,0,96,0,0
2023-09-14 09:35:32,80,96,0,0
2023-09-14 09:35:32,82,96,0,0
2023-09-14 09:35:32,82,87,0,0
2023-09-14 09:35:32,82,86,0,0
2023-09-14 09:35:59,0,86,0,0
2023-09-14 09:35:59,0,96,0,0
2023-09-14 09:35:59,84,96,0,0
2023-09-14 09:35:59,84,88,0,0
2023-09-14 09:35:59,84,87,0,0
2023-09-14 09:36:04,0,87,0,0
2023-09-14 09:36:04,0,96,0,0
2023-09-14 09:36:04,83,96,0,0
2023-09-14 09:36:04,85,96,0,0
2023-09-14 09:36:04,85,89,0,0
2023-09-14 09:36:21,85,96,0,0
2023-09-14 09:36:21,0,96,0,0
2023-09-14 09:36:21,82,96,0,0
2023-09-14 09:36:21,84,96,0,0
2023-09-14 09:36:21,84,89,0,0
2023-09-14 09:36:21,84,88,0,0
2023-09-14 09:36:44,84,96,0,0
2023-09-14 09:36:44,0,96,0,0
2023-09-14 09:36:44,81,96,0,0
2023-09-14 09:36:44,83,96,0,0
2023-09-14 09:36:44,83,86,0,0
2023-09-14 09:37:01,0,86,0,0
2023-09-14 09:37:01,0,96,0,0
2023-09-14 09:37:01,84,96,0,0
2023-09-14 09:37:01,84,88,0,0
2023-09-14 09:38:02,85,96,0,0
2023-09-14 09:38:02,85,89,0,0
2023-09-14 09:38:33,85,96,0,0
2023-09-14 09:38:33,0,96,0,0
2023-09-14 09:38:33,82,96,0,0
2023-09-14 09:38:33,84,96,0,0
2023-09-14 09:38:33,84,88,0,0
2023-09-14 09:38:33,84,87,0,0
2023-09-14 09:38:44,84,96,0,0
2023-09-14 09:38:44,0,96,0,0
2023-09-14 09:38:44,82,96,0,0
2023-09-14 09:38:44,82,88,0,0
2023-09-14 09:38:44,82,86,0,0
2023-09-14 09:38:59,0,86,0,0
2023-09-14 09:38:59,0,96,0,0
2023-09-14 09:38:59,82,96,0,0
2023-09-14 09:38:59,84,96,0,0
2023-09-14 09:38:59,84,88,0,0
2023-09-14 09:39:06,0,88,0,0
2023-09-14 09:39:06,0,96,0,0
2023-09-14 09:39:06,85,96,0,0
2023-09-14 09:39:06,85,90,0,0
2023-09-14 09:39:06,85,89,0,0
2023-09-14 09:39:14,85,96,0,0
2023-09-14 09:39:14,0,96,0,0
2023-09-14 09:39:14,84,96,0,0
2023-09-14 09:39:14,84,89,0,0
2023-09-14 09:39:14,84,88,0,0
2023-09-14 09:39:28,0,88,0,0
2023-09-14 09:39:28,0,96,0,0
2023-09-14 09:39:28,85,96,0,0
2023-09-14 09:39:28,85,89,0,0
2023-09-14 09:39:41,85,96,0,0
2023-09-14 09:39:41,0,96,0,0
2023-09-14 09:39:41,82,96,0,0
2023-09-14 09:39:41,84,96,0,0
2023-09-14 09:39:41,84,88,0,0
2023-09-14 09:40:09,84,96,0,0
2023-09-14 09:40:09,0,96,0,0
2023-09-14 09:40:09,83,96,0,0
2023-09-14 09:40:09,83,87,0,0
2023-09-14 09:40:09,83,86,0,0
2023-09-14 09:40:23,0,86,0,0
2023-09-14 09:40:23,0,96,0,0
2023-09-14 09:40:23,84,96,0,0
2023-09-14 09:40:23,84,89,0,0
2023-09-14 09:40:23,84,88,0,0
2023-09-14 09:40:35,0,88,0,0
2023-09-14 09:40:35,0,96,0,0
2023-09-14 09:40:35,83,96,0,0
2023-09-14 09:40:35,85,96,0,0
2023-09-14 09:40:35,85,89,0,0
2023-09-14 09:41:36,85,96,0,0
2023-09-14 09:41:36,85,90,0,0
2023-09-14 09:41:36,85,89,0,0
2023-09-14 09:42:02,85,96,0,0
2023-09-14 09:42:02,0,96,0,0
2023-09-14 09:42:02,82,96,0,0
2023-09-14 09:42:02,84,96,0,0
2023-09-14 09:42:02,84,88,0,0
2023-09-14 09:42:13,84,96,0,0
2023-09-14 09:42:13,0,96,0,0
2023-09-14 09:42:13,81,96,0,0
2023-09-14 09:42:13,83,96,0,0
2023-09-14 09:42:13,83,86,0,0
2023-09-14 09:42:47,83,96,0,0
2023-09-14 09:42:47,0,96,0,0
2023-09-14 09:42:47,81,96,0,0
2023-09-14 09:42:47,81,85,0,0
2023-09-14 09:43:09,0,85,0,0
2023-09-14 09:43:09,0,96,0,0
2023-09-14 09:43:09,83,96,0,0
2023-09-14 09:43:09,83,87,0,0
2023-09-14 09:43:09,83,86,0,0
2023-09-14 09:43:16,83,96,0,0
2023-09-14 09:43:16,0,96,0,0
2023-09-14 09:43:16,79,96,0,0
2023-09-14 09:43:16,81,96,0,0
2023-09-14 09:43:16,81,87,0,0
2023-09-14 09:43:16,81,85,0,0
2023-09-14 09:43:40,0,85,0,0
2023-09-14 09:43:40,0,96,0,0
2023-09-14 09:43:40,81,96,0,0
2023-09-14 09:43:40,83,96,0,0
2023-09-14 09:43:40,83,88,0,0
2023-09-14 09:43:40,83,87,0,0
2023-09-14 09:43:52,83,96,0,0
2023-09-14 09:43:52,0,96,0,0
2023-09-14 09:43:52,82,96,0,0
2023-09-14 09:43:52,82,85,0,0
2023-09-14 09:44:04,82,96,0,0
2023-09-14 09:44:04,0,96,0,0
2023-09-14 09:44:04,80,96,0,0
2023-09-14 09:44:04,80,86,0,0
2023-09-14 09:44:04,80,84,0,0
2023-09-14 09:44:29,80,96,0,0
2023-09-14 09:44:29,0,96,0,0
2023-09-14 09:44:29,77,96,0,0
2023-09-14 09:44:29,79,96,0,0
2023-09-14 09:44:29,79,83,0,0
2023-09-14 09:44:53,0,83,0,0
2023-09-14 09:44:53,0,96,0,0
2023-09-14 09:44:53,81,96,0,0
2023-09-14 09:44:53,81,84,0,0
2023-09-14 09:44:57,0,84,0,0
2023-09-14 09:44:57,0,96,0,0
2023-09-14 09:44:57,80,96,0,0
2023-09-14 09:44:57,82,96,0,0
2023-09-14 09:44:57,82,86,0,0
2023-09-14 09:45:11,82,96,0,0
2023-09-14 09:45:11,0,96,0,0
2023-09-14 09:45:11,78,96,0,0
2023-09-14 09:45:11,80,96,0,0
2023-09-14 09:45:11,80,86,0,0
2023-09-14 09:45:11,80,84,0,0
2023-09-14 09:45:23,0,84,0,0
2023-09-14 09:45:23,0,96,0,0
2023-09-14 09:45:23,79,96,0,0
2023-09-14 09:45:23,81,96,0,0
2023-09-14 09:45:23,81,87,0,0
2023-09-14 09:45:23,81,85,0,0
2023-09-14 09:45:55,0,85,0,0
2023-09-14 09:45:55,0,96,0,0
2023-09-14 09:45:55,81,96,0,0
2023-09-14 09:45:55,83,96,0,0
2023-09-14 09:45:55,83,87,0,0
2023-09-14 09:45:55,83,86,0,0
2023-09-14 09:46:09,0,86,0,0
2023-09-14 09:46:09,0,96,0,0
2023-09-14 09:46:09,82,96,0,0
2023-09-14 09:46:09,84,96,0,0
2023-09-14 09:46:09,84,89,0,0
2023-09-14 09:46:09,84,88,0,0
2023-09-14 09:46:29,84,96,0,0
2023-09-14 09:46:29,0,96,0,0
2023-09-14 09:46:29,81,96,0,0
2023-09-14 09:46:29,83,96,0,0
2023-09-14 09:46:29,83,87,0,0
2023-09-14 09:46:29,83,86,0,0
2023-09-14 09:46:38,0,86,0,0
2023-09-14 09:46:38,0,96,0,0
2023-09-14 09:46:38,84,96,0,0
2023-09-14 09:46:38,84,88,0,0
2023-09-14 09:47:18,84,96,0,0
2023-09-14 09:47:18,0,96,0,0
2023-09-14 09:47:18,83,96,0,0
2023-09-14 09:47:18,83,86,0,0
2023-09-14 09:47:53,0,86,0,0
2023-09-14 09:47:53,0,96,0,0
2023-09-14 09:47:53,82,96,0,0
2023-09-14 09:47:53,84,96,0,0
2023-09-14 09:47:53,84,89,0,0
2023-09-14 09:47:53,84,88,0,0
2023-09-14 09:48:02,84,96,0,0
2023-09-14 09:48:02,0,96,0,0
2023-09-14 09:48:02,82,96,0,0
2023-09-14 09:48:02,82,88,0,0
2023-09-14 09:48:02,82,86,0,0
2023-09-14 09:48:15,0,86,0,0
2023-09-14 09:48:15,0,96,0,0
2023-09-14 09:48:15,84,96,0,0
2023-09-14 09:48:15,84,87,0,0
2023-09-14 09:48:29,84,96,0,0
2023-09-14 09:48:29,0,96,0,0
2023-09-14 09:48:29,82,96,0,0
2023-09-14 09:48:29,82,87,0,0
2023-09-14 09:48:29,82,86,0,0
2023-09-14 09:48:46,0,86,0,0
2023-09-14 09:48:46,0,96,0,0
2023-09-14 09:48:46,84,96,0,0
2023-09-14 09:48:46,84,88,0,0
2023-09-14 09:48:46,84,87,0,0
2023-09-14 09:49:09,84,96,0,0
2023-09-14 09:49:09,0,96,0,0
2023-09-14 09:49:09,82,96,0,0
2023-09-14 09:49:09,82,88,0,0
2023-09-14 09:49:09,82,86,0,0
2023-09-14 09:49:17,0,86,0,0
2023-09-14 09:49:17,0,96,0,0
2023-09-14 09:49:17,84,96,0,0
2023-09-14 09:49:17,84,88,0,0
2023-09-14 09:49:17,84,87,0,0
2023-09-14 09:49:30,84,96,0,0
2023-09-14 09:49:30,0,96,0,0
2023-09-14 09:49:30,82,96,0,0
2023-09-14 09:49:30,82,87,0,0
2023-09-14 09:49:30,82,86,0,0
2023-09-14 09:49:47,82,96,0,0
2023-09-14 09:49:47,0,96,0,0
2023-09-14 09:49:47,79,96,0,0
2023-09-14 09:49:47,81,96,0,0
2023-09-14 09:49:47,81,85,0,0
2023-09-14 09:50:05,0,85,0,0
2023-09-14 09:50:05,0,96,0,0
2023-09-14 09:50:05,80,96,0,0
2023-09-14 09:50:05,82,96,0,0
2023-09-14 09:50:05,82,86,0,0
2023-09-14 09:50:11,82,96,0,0
2023-09-14 09:50:11,0,96,0,0
2023-09-14 09:50:11,81,96,0,0
2023-09-14 09:50:11,81,85,0,0
2023-09-14 09:50:31,0,85,0,0
2023-09-14 09:50:31,0,96,0,0
2023-09-14 09:50:31,80,96,0,0
2023-09-14 09:50:31,82,96,0,0
2023-09-14 09:50:31,82,86,0,0
2023-09-14 09:50:46,82,96,0,0
2023-09-14 09:50:46,0,96,0,0
2023-09-14 09:50:46,79,96,0,0
2023-09-14 09:50:46,81,96,0,0
2023-09-14 09:50:46,81,87,0,0
2023-09-14 09:50:46,81,85,0,0
2023-09-14 09:51:34,81,96,0,0
2023-09-14 09:51:34,0,96,0,0
2023-09-14 09:51:34,78,96,0,0
2023-09-14 09:51:34,80,96,0,0
2023-09-14 09:51:34,80,84,0,0
2023-09-14 09:52:05,0,84,0,0
2023-09-14 09:52:05,0,96,0,0
2023-09-14 09:52:05,79,96,0,0
2023-09-14 09:52:05,81,96,0,0
2023-09-14 09:52:05,81,86,0,0
2023-09-14 09:52:05,81,85,0,0
2023-09-14 09:52:30,0,85,0,0
2023-09-14 09:52:30,0,96,0,0
2023-09-14 09:52:30,81,96,0,0
2023-09-14 09:52:30,83,96,0,0
2023-09-14 09:52:30,83,86,0,0
2023-09-14 09:53:08,83,96,0,0
2023-09-14 09:53:08,0,96,0,0
2023-09-14 09:53:08,79,96,0,0
2023-09-14 09:53:08,81,96,0,0
2023-09-14 09:53:08,81,87,0,0
2023-09-14 09:53:08,81,85,0,0
2023-09-14 09:53:23,81,96,0,0
2023-09-14 09:53:23,0,96,0,0
2023-09-14 09:53:23,78,96,0,0
2023-09-14 09:53:23,80,96,0,0
2023-09-14 09:53:23,80,84,0,0
2023-09-14 09:53:34,80,96,0,0
2023-09-14 09:53:34,0,96,0,0
2023-09-14 09:53:34,79,96,0,0
2023-09-14 09:53:34,79,85,0,0
2023-09-14 09:53:34,79,83,0,0
2023-09-14 09:53:40,79,96,0,0
2023-09-14 09:53:40,0,96,0,0
2023-09-14 09:53:40,76,96,0,0
2023-09-14 09:53:40,78,96,0,0
2023-09-14 09:53:40,78,81,0,0
2023-09-14 09:54:11,0,81,0,0
2023-09-14 09:54:11,0,96,0,0
2023-09-14 09:54:11,77,96,0,0
2023-09-14 09:54:11,79,96,0,0
2023-09-14 09:54:11,79,83,0,0
2023-09-14 09:54:31,79,96,0,0
2023-09-14 09:54:31,0,96,0,0
2023-09-14 09:54:31,76,96,0,0
2023-09-14 09:54:31,78,96,0,0
2023-09-14 09:54:31,78,84,0,0
2023-09-14 09:54:31,78,82,0,0
2023-09-14 09:54:53,0,82,0,0
2023-09-14 09:54:53,0,96,0,0
2023-09-14 09:54:53,77,96,0,0
2023-09-14 09:54:53,79,96,0,0
2023-09-14 09:54:53,79,85,0,0
2023-09-14 09:54:53,79,83,0,0
2023-09-14 09:55:04,79,96,0,0
2023-09-14 09:55:04,0,96,0,0
2023-09-14 09:55:04,76,96,0,0
2023-09-14 09:55:04,78,96,0,0
2023-09-14 09:55:04,78,81,0,0
2023-09-14 09:56:05,78,96,0,0
2023-09-14 09:56:05,78,84,0,0
2023-09-14 09:56:05,78,82,0,0
2023-09-14 09:56:09,78,96,0,0
2023-09-14 09:56:09,0,96,0,0
2023-09-14 09:56:09,75,96,0,0
2023-09-14 09:56:09,77,96,0,0
2023-09-14 09:56:09,77,82,0,0
2023-09-14 09:56:09,77,80,0,0
2023-09-14 09:56:27,77,96,0,0
2023-09-14 09:56:27,0,96,0,0
2023-09-14 09:56:27,75,96,0,0
2023-09-14 09:56:27,75,79,0,0
2023-09-14 09:57:01,0,79,0,0
2023-09-14 09:57:01,0,96,0,0
2023-09-14 09:57:01,77,96,0,0
2023-09-14 09:57:01,77,81,0,0
2023-09-14 09:57:09,0,81,0,0
2023-09-14 09:57:09,0,96,0,0
2023-09-14 09:57:09,76,96,0,0
2023-09-14 09:57:09,78,96,0,0
2023-09-14 09:57:09,78,82,0,0
2023-09-14 09:57:37,0,82,0,0
2023-09-14 09:57:37,0,96,0,0
2023-09-14 09:57:37,78,96,0,0
2023-09-14 09:57:37,80,96,0,0
2023-09-14 09:57:37,80,85,0,0
2023-09-14 09:57:37,80,83,0,0
2023-09-14 09:57:41,0,83,0,0
2023-09-14 09:57:41,0,96,0,0
2023-09-14 09:57:41,79,96,0,0
2023-09-14 09:57:41,81,96,0,0
2023-09-14 09:57:41,81,87,0,0
2023-09-14 09:57:41,81,85,0,0
2023-09-14 09:58:00,0,85,0,0
2023-09-14 09:58:00,0,96,0,0
2023-09-14 09:58:00,82,96,0,0
2023-09-14 09:58:00,82,87,0,0
2023-09-14 09:58:00,82,86,0,0
2023-09-14 09:58:08,0,86,0,0
2023-09-14 09:58:08,0,96,0,0
2023-09-14 09:58:08,81,96,0,0
2023-09-14 09:58:08,83,96,0,0
2023-09-14 09:58:08,83,88,0,0
2023-09-14 09:58:08,83,87,0,0
2023-09-14 09:59:09,84,96,0,0
2023-09-14 09:59:09,84,88,0,0
2023-09-14 09:59:24,0,88,0,0
2023-09-14 09:59:24,0,96,0,0
2023-09-14 09:59:24,83,96,0,0
2023-09-14 09:59:24,85,96,0,0
2023-09-14 09:59:24,85,89,0,0
2023-09-14 09:59:44,0,89,0,0
2023-09-14 09:59:44,0,96,0,0
2023-09-14 09:59:44,84,96,0,0
2023-09-14 09:59:44,86,96,0,0
2023-09-14 09:59:44,86,90,0,0
2023-09-14 10:00:01,0,90,0,0
2023-09-14 10:00:01,0,96,0,0
2023-09-14 10:00:01,88,96,0,0
2023-09-14 10:00:01,88,92,0,0
2023-09-14 10:00:37,88,96,0,0
2023-09-14 10:00:37,0,96,0,0
2023-09-14 10:00:37,86,96,0,0
2023-09-14 10:00:37,87,96,0,0
2023-09-14 10:00:37,87,91,0,0
2023-09-14 10:01:14,87,96,0,0
2023-09-14 10:01:14,0,96,0,0
2023-09-14 10:01:14,85,96,0,0
2023-09-14 10:01:14,86,96,0,0
2023-09-14 10:01:14,86,89,0,0
2023-09-14 10:01:35,86,96,0,0
2023-09-14 10:01:35,0,96,0,0
2023-09-14 10:01:35,82,96,0,0
2023-09-14 10:01:35,84,96,0,0
2023-09-14 10:01:35,84,89,0,0
2023-09-14 10:01:35,84,88,0,0
2023-09-14 10:01:54,84,96,0,0
2023-09-14 10:01:54,0,96,0,0
2023-09-14 10:01:54,81,96,0,0
2023-09-14 10:01:54,83,96,0,0
2023-09-14 10:01:54,83,88,0,0
2023-09-14 10:01:54,83,87,0,0
2023-09-14 10:02:15,83,96,0,0
2023-09-14 10:02:15,0,96,0,0
2023-09-14 10:02:15,82,96,0,0
2023-09-14 10:02:15,82,86,0,0
2023-09-14 10:02:58,0,86,0,0
2023-09-14 10:02:58,0,96,0,0
2023-09-14 10:02:58,81,96,0,0
2023-09-14 10:02:58,83,96,0,0
2023-09-14 10:02:58,83,88,0,0
2023-09-14 10:02:58,83,87,0,0
2023-09-14 10:03:07,83,96,0,0
2023-09-14 10:03:07,0,96,0,0
2023-09-14 10:03:07,82,96,0,0
2023-09-14 10:03:07,82,86,0,0
2023-09-14 10:03:12,82,96,0,0
2023-09-14 10:03:12,0,96,0,0
2023-09-14 10:03:12,81,96,0,0
2023-09-14 10:03:12,81,87,0,0
2023-09-14 10:03:12,81,85,0,0
2023-09-14 10:03:36,0,85,0,0
2023-09-14 10:03:36,0,96,0,0
2023-09-14 10:03:36,82,96,0,0
2023-09-14 10:03:36,82,86,0,0
2023-09-14 10:04:07,82,96,0,0
2023-09-14 10:04:07,0,96,0,0
2023-09-14 10:04:07,79,96,0,0
2023-09-14 10:04:07,81,96,0,0
2023-09-14 10:04:07,81,87,0,0
2023-09-14 10:04:07,81,85,0,0
2023-09-14 10:04:35,81,96,0,0
2023-09-14 10:04:35,0,96,0,0
2023-09-14 10:04:35,77,96,0,0
2023-09-14 10:04:35,79,96,0,0
2023-09-14 10:04:35,79,83,0,0
2023-09-14 10:05:07,79,96,0,0
2023-09-14 10:05:07,0,96,0,0
2023-09-14 10:05:07,76,96,0,0
2023-09-14 10:05:07,78,96,0,0
2023-09-14 10:05:07,78,83,0,0
2023-09-14 10:05:07,78,81,0,0
2023-09-14 10:05:18,0,81,0,0
2023-09-14 10:05:18,0,96,0,0
2023-09-14 10:05:18,79,96,0,0
2023-09-14 10:05:18,79,85,0,0
2023-09-14 10:05:18,79,83,0,0
2023-09-14 10:05:36,0,83,0,0
2023-09-14 10:05:36,0,96,0,0
2023-09-14 10:05:36,79,96,0,0
2023-09-14 10:05:36,81,96,0,0
2023-09-14 10:05:36,81,86,0,0
2023-09-14 10:05:36,81,84,0,0
2023-09-14 10:05:42,81,96,0,0
2023-09-14 10:05:42,0,96,0,0
2023-09-14 10:05:42,79,96,0,0
2023-09-14 10:05:42,79,83,0,0
2023-09-14 10:06:24,80,83,0,0
2023-09-14 10:06:25,81,83,0,0
2023-09-14 10:06:30,81,96,0,0
2023-09-14 10:06:30,81,86,0,0
2023-09-14 10:06:30,81,84,0,0
2023-09-14 10:06:49,81,96,0,0
2023-09-14 10:06:49,82,96,0,0
2023-09-14 10:06:49,82,85,0,0
2023-09-14 10:06:50,83,85,0,0
2023-09-14 10:06:55,82,85,0,0
2023-09-14 10:07:47,82,84,0,0
2023-09-14 10:07:48,81,84,0,0
2023-09-14 10:07:54,82,84,0,0
2023-09-14 10:07:54,82,85,0,0
2023-09-14 10:08:29,82,86,0,0
2023-09-14 10:08:38,82,85,0,0
2023-09-14 10:08:41,81,85,0,0
2023-09-14 10:08:41,81,84,0,0
2023-09-14 10:08:57,81,85,0,0
2023-09-14 10:08:57,0,85,0,0
2023-09-14 10:08:57,77,85,0,0
2023-09-14 10:08:57,79,85,0,0
2023-09-14 10:08:57,79,83,0,0
2023-09-14 10:08:58,80,83,0,0
2023-09-14 10:09:03,80,82,0,0
2023-09-14 10:09:19,81,82,0,0
2023-09-14 10:09:20,80,82,0,0
2023-09-14 10:09:36,78,82,0,0
2023-09-14 10:09:37,79,82,0,0
2023-09-14 10:09:38,80,82,0,0
2023-09-14 10:09:39,79,82,0,0
2023-09-14 10:09:41,80,82,0,0
2023-09-14 10:09:52,79,82,0,0
2023-09-14 10:10:04,79,81,0,0
2023-09-14 10:10:21,79,82,0,0
2023-09-14 10:10:21,79,80,0,0
2023-09-14 10:10:21,76,80,0,0
2023-09-14 10:10:22,77,80,0,0
2023-09-14 10:10:23,77,82,0,0
2023-09-14 10:10:23,77,81,0,0
2023-09-14 10:10:23,77,80,0,0
2023-09-14 10:10:24,71,80,0,0
2023-09-14 10:10:25,72,80,0,0
2023-09-14 10:10:25,72,79,0,0
2023-09-14 10:10:26,71,79,0,0
2023-09-14 10:10:26,73,79,0,0
2023-09-14 10:10:27,71,79,0,0
2023-09-14 10:10:27,74,79,0,0
2023-09-14 10:10:28,75,79,0,0
2023-09-14 10:10:47,75,78,0,0
2023-09-14 10:10:47,75,76,0,0
2023-09-14 10:10:47,74,76,0,0
2023-09-14 10:10:57,75,76,0,0
2023-09-14 10:10:58,74,76,0,0
2023-09-14 10:10:59,75,76,0,0
2023-09-14 10:11:00,74,76,0,0
2023-09-14 10:11:01,75,76,0,0
2023-09-14 10:11:09,75,79,0,0
2023-09-14 10:11:17,75,82,0,0
2023-09-14 10:11:18,76,82,0,0
2023-09-14 10:11:18,76,81,0,0
2023-09-14 10:11:19,76,80,0,0
2023-09-14 10:11:31,76,81,0,0
2023-09-14 10:11:31,76,80,0,0
2023-09-14 10:11:32,77,80,0,0
2023-09-14 10:11:51,78,80,0,0
2023-09-14 10:11:54,78,96,0,0
2023-09-14 10:11:54,78,83,0,0
2023-09-14 10:11:54,78,81,0,0
2023-09-14 10:12:01,79,81,0,0
2023-09-14 10:12:15,79,96,0,0
2023-09-14 10:12:15,79,85,0,0
2023-09-14 10:12:15,79,83,0,0
2023-09-14 10:12:18,80,83,0,0
2023-09-14 10:12:23,80,96,0,0
2023-09-14 10:12:23,81,96,0,0
2023-09-14 10:12:23,81,84,0,0
2023-09-14 10:12:37,81,83,0,0
2023-09-14 10:12:37,80,83,0,0
2023-09-14 10:12:44,79,83,0,0
2023-09-14 10:12:47,80,83,0,0
2023-09-14 10:12:50,79,83,0,0
2023-09-14 10:12:57,79,82,0,0
2023-09-14 10:12:57,80,82,0,0
2023-09-14 10:13:05,79,82,0,0
2023-09-14 10:13:08,80,82,0,0
2023-09-14 10:13:11,80,83,0,0
2023-09-14 10:13:13,81,83,0,0
2023-09-14 10:13:24,80,83,0,0
2023-09-14 10:13:25,81,83,0,0
2023-09-14 10:13:36,80,83,0,0
2023-09-14 10:13:50,81,83,0,0
2023-09-14 10:13:58,81,96,0,0
2023-09-14 10:13:58,81,84,0,0
2023-09-14 10:14:23,81,83,0,0
2023-09-14 10:14:23,80,83,0,0
2023-09-14 10:14:30,81,83,0,0
2023-09-14 10:14:49,80,83,0,0
2023-09-14 10:14:54,79,83,0,0
2023-09-14 10:14:55,80,83,0,0
2023-09-14 10:15:00,79,83,0,0
2023-09-14 10:15:01,0,83,0,0
2023-09-14 10:15:01,79,83,0,0
2023-09-14 10:15:01,79,82,0,0
2023-09-14 10:15:04,78,82,0,0
2023-09-14 10:15:05,79,82,0,0
2023-09-14 10:15:08,80,82,0,0
2023-09-14 10:15:13,79,82,0,0
2023-09-14 10:15:24,80,82,0,0
2023-09-14 10:15:28,79,82,0,0
2023-09-14 10:15:34,80,82,0,0
2023-09-14 10:15:36,80,83,0,0
2023-09-14 10:15:41,79,83,0,0
2023-09-14 10:15:41,79,82,0,0
2023-09-14 10:15:44,79,81,0,0
2023-09-14 10:15:44,78,81,0,0
2023-09-14 10:15:45,79,81,0,0
2023-09-14 10:15:50,80,81,0,0
2023-09-14 10:15:51,80,83,0,0
2023-09-14 10:16:17,79,83,0,0
2023-09-14 10:16:17,79,82,0,0
2023-09-14 10:16:18,79,83,0,0
2023-09-14 10:16:18,80,83,0,0
2023-09-14 10:16:22,79,83,0,0
2023-09-14 10:16:22,79,82,0,0
2023-09-14 10:16:26,79,83,0,0
2023-09-14 10:16:26,80,83,0,0
2023-09-14 10:16:35,79,83,0,0
2023-09-14 10:16:35,79,82,0,0
2023-09-14 10:16:36,79,83,0,0
2023-09-14 10:16:36,80,83,0,0
2023-09-14 10:16:41,79,83,0,0
2023-09-14 10:16:41,79,82,0,0
2023-09-14 10:16:42,79,83,0,0
2023-09-14 10:16:42,80,83,0,0
2023-09-14 10:16:45,79,83,0,0
2023-09-14 10:16:45,79,82,0,0
2023-09-14 10:16:53,80,82,0,0
2023-09-14 10:16:53,79,82,0,0
2023-09-14 10:16:58,79,81,0,0
2023-09-14 10:16:58,77,81,0,0
2023-09-14 10:17:01,77,80,0,0
2023-09-14 10:17:02,77,79,0,0
2023-09-14 10:17:05,75,79,0,0
2023-09-14 10:17:06,76,79,0,0
2023-09-14 10:17:13,75,79,0,0
2023-09-14 10:17:14,76,79,0,0
2023-09-14 10:17:24,77,79,0,0
2023-09-14 10:17:25,76,79,0,0
2023-09-14 10:17:26,77,79,0,0
2023-09-14 10:17:35,77,80,0,0
2023-09-14 10:17:42,76,80,0,0
2023-09-14 10:17:42,76,79,0,0
2023-09-14 10:17:43,76,80,0,0
2023-09-14 10:17:43,77,80,0,0
2023-09-14 10:17:48,76,80,0,0
2023-09-14 10:17:48,76,79,0,0
2023-09-14 10:17:49,76,80,0,0
2023-09-14 10:17:49,77,80,0,0
2023-09-14 10:18:01,76,80,0,0
2023-09-14 10:18:01,76,79,0,0
2023-09-14 10:18:08,75,79,0,0
2023-09-14 10:18:09,76,79,0,0
2023-09-14 10:18:23,77,79,0,0
2023-09-14 10:18:28,77,96,0,0
2023-09-14 10:18:28,77,80,0,0
2023-09-14 10:18:32,77,79,0,0
2023-09-14 10:18:32,76,79,0,0
2023-09-14 10:18:38,75,79,0,0
2023-09-14 10:18:41,76,79,0,0
2023-09-14 10:18:42,75,79,0,0
2023-09-14 10:18:45,75,77,0,0
2023-09-14 10:19:03,76,77,0,0
2023-09-14 10:19:04,75,77,0,0
2023-09-14 10:19:15,74,77,0,0
2023-09-14 10:19:16,75,77,0,0
2023-09-14 10:19:20,74,77,0,0
2023-09-14 10:19:21,0,77,0,0
2023-09-14 10:19:21,72,77,0,0
2023-09-14 10:19:21,72,76,0,0
2023-09-14 10:19:21,73,76,0,0
2023-09-14 10:19:23,74,76,0,0
2023-09-14 10:19:32,73,76,0,0
2023-09-14 10:19:34,74,76,0,0
2023-09-14 10:19:43,73,76,0,0
2023-09-14 10:19:44,74,76,0,0
2023-09-14 10:19:49,74,96,0,0
2023-09-14 10:19:49,74,80,0,0
2023-09-14 10:19:49,74,78,0,0
2023-09-14 10:19:50,75,78,0,0
2023-09-14 10:20:01,74,78,0,0
2023-09-14 10:20:01,74,77,0,0
2023-09-14 10:20:05,73,77,0,0
2023-09-14 10:20:06,74,77,0,0
2023-09-14 10:20:11,73,77,0,0
2023-09-14 10:20:14,74,77,0,0
2023-09-14 10:20:15,73,77,0,0
2023-09-14 10:20:16,73,75,0,0
2023-09-14 10:20:22,71,75,0,0
2023-09-14 10:20:23,72,75,0,0
2023-09-14 10:20:24,73,75,0,0
2023-09-14 10:20:36,73,77,0,0
2023-09-14 10:21:00,74,77,0,0
2023-09-14 10:21:11,74,96,0,0
2023-09-14 10:21:11,74,78,0,0
2023-09-14 10:21:12,75,78,0,0
2023-09-14 10:21:28,75,96,0,0
2023-09-14 10:21:28,76,96,0,0
2023-09-14 10:21:28,76,82,0,0
2023-09-14 10:21:28,76,80,0,0
2023-09-14 10:21:28,77,80,0,0
2023-09-14 10:21:32,78,80,0,0
2023-09-14 10:21:48,78,81,0,0
2023-09-14 10:22:11,78,96,0,0
2023-09-14 10:22:11,79,96,0,0
2023-09-14 10:22:11,79,82,0,0
2023-09-14 10:22:14,80,82,0,0
2023-09-14 10:22:16,79,82,0,0
2023-09-14 10:22:51,79,96,0,0
2023-09-14 10:22:51,80,96,0,0
2023-09-14 10:22:51,80,86,0,0
2023-09-14 10:22:51,80,84,0,0
2023-09-14 10:22:53,81,84,0,0
2023-09-14 10:22:55,82,84,0,0
2023-09-14 10:23:04,82,96,0,0
2023-09-14 10:23:04,82,87,0,0
2023-09-14 10:23:04,82,85,0,0
2023-09-14 10:23:27,82,96,0,0
2023-09-14 10:23:27,83,96,0,0
2023-09-14 10:23:27,83,87,0,0
2023-09-14 10:23:28,83,86,0,0
2023-09-14 10:23:37,83,85,0,0
2023-09-14 10:23:43,83,86,0,0
2023-09-14 10:23:47,83,85,0,0
2023-09-14 10:23:59,83,86,0,0
2023-09-14 10:24:03,83,85,0,0
2023-09-14 10:24:04,83,86,0,0
2023-09-14 10:24:05,83,85,0,0
2023-09-14 10:24:07,83,86,0,0
2023-09-14 10:24:16,83,85,0,0
2023-09-14 10:24:28,82,85,0,0
2023-09-14 10:24:30,82,86,0,0
2023-09-14 10:24:34,82,85,0,0
2023-09-14 10:24:49,82,86,0,0
2023-09-14 10:25:02,82,85,0,0
2023-09-14 10:25:03,82,86,0,0
2023-09-14 10:25:05,82,85,0,0
2023-09-14 10:26:39,81,85,0,0
2023-09-14 10:26:41,82,85,0,0
2023-09-14 10:26:50,81,85,0,0
2023-09-14 10:26:55,81,84,0,0
2023-09-14 10:27:02,0,84,0,0
2023-09-14 10:27:02,80,84,0,0
2023-09-14 10:27:02,81,84,0,0
2023-09-14 10:27:14,82,84,0,0
2023-09-14 10:27:14,82,85,0,0
2023-09-14 10:27:15,82,84,0,0
2023-09-14 10:27:17,82,85,0,0
2023-09-14 10:27:18,82,84,0,0
2023-09-14 10:27:33,81,84,0,0
2023-09-14 10:27:43,82,84,0,0
2023-09-14 10:27:44,82,85,0,0
2023-09-14 10:27:44,81,85,0,0
2023-09-14 10:27:44,81,84,0,0
2023-09-14 10:27:56,0,84,0,0
2023-09-14 10:27:56,80,84,0,0
2023-09-14 10:27:58,81,84,0,0
2023-09-14 10:27:59,80,84,0,0
2023-09-14 10:28:00,81,84,0,0
2023-09-14 10:28:02,80,84,0,0
2023-09-14 10:28:04,81,84,0,0
2023-09-14 10:28:08,81,85,0,0
2023-09-14 10:28:22,81,84,0,0
2023-09-14 10:28:24,81,85,0,0
2023-09-14 10:28:29,81,84,0,0
2023-09-14 10:28:30,81,85,0,0
2023-09-14 10:28:32,81,84,0,0
2023-09-14 10:28:41,81,85,0,0
2023-09-14 10:28:42,81,84,0,0
2023-09-14 10:28:44,81,85,0,0
2023-09-14 10:28:45,81,84,0,0
2023-09-14 10:28:46,81,85,0,0
2023-09-14 10:29:00,82,85,0,0
2023-09-14 10:29:32,82,96,0,0
2023-09-14 10:29:32,83,96,0,0
2023-09-14 10:29:32,83,88,0,0
2023-09-14 10:29:32,83,87,0,0
2023-09-14 10:29:33,84,87,0,0
2023-09-14 10:29:42,85,87,0,0
2023-09-14 10:29:44,84,87,0,0
2023-09-14 10:29:48,85,87,0,0
2023-09-14 10:29:56,85,96,0,0
2023-09-14 10:29:56,85,89,0,0
2023-09-14 10:29:56,85,88,0,0
2023-09-14 10:30:55,85,96,0,0
2023-09-14 10:30:55,86,96,0,0
2023-09-14 10:30:55,86,91,0,0
2023-09-14 10:30:55,86,90,0,0
2023-09-14 10:30:55,86,89,0,0
2023-09-14 10:31:06,86,88,0,0
2023-09-14 10:31:07,86,89,0,0
2023-09-14 10:31:26,86,90,0,0
2023-09-14 10:31:27,87,90,0,0
2023-09-14 10:31:35,88,90,0,0
2023-09-14 10:31:37,88,91,0,0
2023-09-14 10:31:46,88,90,0,0
2023-09-14 10:32:01,88,91,0,0
2023-09-14 10:32:10,89,91,0,0
2023-09-14 10:32:55,89,90,0,0
2023-09-14 10:32:58,87,90,0,0
2023-09-14 10:32:58,88,90,0,0
2023-09-14 10:33:13,88,91,0,0
2023-09-14 10:33:15,88,90,0,0
2023-09-14 10:33:23,88,91,0,0
2023-09-14 10:33:26,88,90,0,0
2023-09-14 10:33:32,88,91,0,0
2023-09-14 10:33:34,88,90,0,0
2023-09-14 10:33:35,88,91,0,0
2023-09-14 10:33:37,88,90,0,0
2023-09-14 10:33:38,88,91,0,0
2023-09-14 10:33:51,88,90,0,0
2023-09-14 10:33:59,87,90,0,0
2023-09-14 10:33:59,88,90,0,0
2023-09-14 10:34:11,88,91,0,0
2023-09-14 10:34:28,88,90,0,0
2023-09-14 10:34:42,88,91,0,0
2023-09-14 10:34:49,88,90,0,0
2023-09-14 10:34:53,88,91,0,0
2023-09-14 10:35:19,87,91,0,0
2023-09-14 10:35:19,87,90,0,0
2023-09-14 10:35:22,87,91,0,0
2023-09-14 10:35:22,88,91,0,0
2023-09-14 10:35:26,87,91,0,0
2023-09-14 10:35:26,87,90,0,0
2023-09-14 10:35:34,87,91,0,0
2023-09-14 10:35:34,88,91,0,0
2023-09-14 10:35:36,87,91,0,0
2023-09-14 10:35:36,87,90,0,0
2023-09-14 10:35:51,87,89,0,0
2023-09-14 10:35:53,0,89,0,0
2023-09-14 10:35:53,86,89,0,0
2023-09-14 10:35:56,86,90,0,0
2023-09-14 10:35:56,87,90,0,0
2023-09-14 10:36:09,87,91,0,0
2023-09-14 10:36:10,87,90,0,0
2023-09-14 10:36:12,87,91,0,0
2023-09-14 10:37:05,87,91,10,10
2023-09-14 10:37:09,87,93,10,10
2023-09-14 10:37:10,0,93,10,10
2023-09-14 10:37:10,0,96,10,10
2023-09-14 10:37:10,89,96,10,10
2023-09-14 10:37:10,89,95,10,10
2023-09-14 10:37:10,89,94,10,10
2023-09-14 10:38:11,89,96,10,10
2023-09-14 10:38:11,89,95,10,10
2023-09-14 10:39:11,89,96,10,10
2023-09-14 10:39:11,89,94,10,10
2023-09-14 10:40:12,87,96,10,10
2023-09-14 10:40:12,88,96,10,10
2023-09-14 10:40:12,88,94,10,10
2023-09-14 10:40:23,0,94,10,10
2023-09-14 10:40:23,0,96,10,10
2023-09-14 10:40:23,88,96,10,10
2023-09-14 10:40:23,89,96,10,10
2023-09-14 10:40:23,89,95,10,10
2023-09-14 10:40:53,0,95,10,10
2023-09-14 10:40:53,0,96,10,10
2023-09-14 10:40:53,90,96,10,10
2023-09-14 10:40:53,91,96,10,10
2023-09-14 10:41:22,0,96,10,10
2023-09-14 10:41:22,91,96,10,10
2023-09-14 10:41:22,92,96,10,10
2023-09-14 10:42:23,90,96,10,10
2023-09-14 10:42:23,91,96,10,10
2023-09-14 10:43:24,90,96,10,10
2023-09-14 10:43:24,91,96,10,10
2023-09-14 10:43:57,91,97,110,110
2023-09-14 10:44:24,90,100,110,110
2023-09-14 10:44:24,91,100,110,110
2023-09-14 10:44:24,91,97,110,110
2023-09-14 10:45:03,0,97,110,110
2023-09-14 10:45:03,0,100,110,110
2023-09-14 10:45:03,93,100,110,110
2023-09-14 10:45:03,93,99,110,110
2023-09-14 10:45:03,93,98,110,110
2023-09-14 10:45:09,0,98,110,110
2023-09-14 10:45:09,0,100,110,110
2023-09-14 10:45:09,93,100,110,110
2023-09-14 10:45:09,94,100,110,110
2023-09-14 10:46:10,94,99,110,110
2023-09-14 10:47:11,93,100,110,110
2023-09-14 10:47:11,94,100,110,110
2023-09-14 10:47:11,94,99,110,110
2023-09-14 10:48:11,93,100,110,110
2023-09-14 10:48:11,94,100,110,110
2023-09-14 10:48:11,94,99,110,110
2023-09-14 10:49:11,92,100,110,110
2023-09-14 10:49:11,93,100,110,110
2023-09-14 10:49:11,93,99,110,110
2023-09-14 10:50:12,93,100,110,110
2023-09-14 10:50:12,94,100,110,110
2023-09-14 10:50:12,94,99,110,110
2023-09-14 10:51:12,92,100,110,110
2023-09-14 10:51:12,93,100,110,110
2023-09-14 10:51:12,93,99,110,110
2023-09-14 10:52:13,94,100,110,110
2023-09-14 10:53:13,94,99,110,110
2023-09-14 10:54:14,93,100,110,110
2023-09-14 10:54:14,94,100,110,110
2023-09-14 10:54:14,94,99,110,110
2023-09-14 10:55:14,93,100,110,110
2023-09-14 10:55:14,94,100,110,110
2023-09-14 11:00:16,93,100,110,110
2023-09-14 11:00:16,94,100,110,110
2023-09-14 11:26:09,0,99,110,110
2023-09-14 11:26:37,0,100,110,110
2023-09-14 11:38:22,93,100,110,110
2023-09-14 11:38:22,94,100,110,110
2023-09-14 11:38:22,94,99,110,110
2023-09-14 11:39:22,94,100,110,110
2023-09-14 11:40:23,93,100,110,110
2023-09-14 11:40:23,94,100,110,110
2023-09-14 11:40:23,94,99,110,110
2023-09-14 11:41:23,94,100,110,110
2023-09-14 11:42:20,0,100,110,110
2023-09-14 11:42:20,93,100,110,110
2023-09-14 11:42:20,93,99,110,110
2023-09-14 11:42:20,93,98,110,110
2023-09-14 11:42:20,93,97,110,110
2023-09-14 11:42:21,93,96,110,110
2023-09-14 11:43:06,94,96,110,110
2023-09-14 11:43:08,94,97,110,110
2023-09-14 11:45:45,94,100,110,110
2023-09-14 12:15:13,0,100,110,110
