datetime,bid,ask,open_interest,volume
2023-04-20 09:30:09,68,71,734,1491
2023-04-20 09:30:12,68,71,774,1531
2023-04-20 09:30:21,71,72,802,1559
2023-04-20 09:30:21,68,72,802,1559
2023-04-20 09:30:24,72,73,807,1564
2023-04-20 09:30:24,68,73,807,1564
2023-04-20 09:30:29,68,76,807,1564
2023-04-20 09:30:44,68,77,807,1564
2023-04-20 09:30:59,68,76,807,1564
2023-04-20 09:31:03,73,76,807,1564
2023-04-20 09:31:15,73,74,807,1564
2023-04-20 09:31:29,73,76,807,1564
2023-04-20 09:31:31,73,76,807,1664
2023-04-20 09:31:31,73,75,807,1664
2023-04-20 09:31:46,73,75,823,1714
2023-04-20 09:31:46,73,77,823,1714
2023-04-20 09:31:46,73,76,823,1714
2023-04-20 09:31:46,73,77,823,1714
2023-04-20 09:31:46,73,74,823,1714
2023-04-20 09:31:46,73,77,823,1714
2023-04-20 09:31:50,74,76,823,1714
2023-04-20 09:32:02,73,74,823,1717
2023-04-20 09:32:19,73,74,973,1867
2023-04-20 09:33:35,73,74,986,1880
2023-04-20 09:33:35,73,74,996,1890
2023-04-20 09:35:11,73,74,1146,2040
2023-04-20 09:35:11,73,74,1196,2090
2023-04-20 09:35:28,73,74,1446,2340
2023-04-20 09:35:28,73,74,1499,2393
2023-04-20 09:35:39,73,74,2499,3393
2023-04-20 09:35:43,73,74,2549,3443
2023-04-20 09:35:54,73,75,2549,3443
2023-04-20 09:35:54,74,75,2549,3443
2023-04-20 09:35:56,73,75,2646,3543
2023-04-20 09:36:11,73,74,2646,3543
2023-04-20 09:36:50,73,75,2646,3543
2023-04-20 09:36:51,73,76,2646,3543
2023-04-20 09:36:51,74,76,2646,3543
2023-04-20 09:36:58,73,74,2648,3546
2023-04-20 09:37:46,73,74,2698,3596
2023-04-20 09:39:04,73,74,2748,3646
2023-04-20 09:39:19,71,73,2753,3651
2023-04-20 09:39:34,71,72,2753,3651
2023-04-20 09:39:44,72,73,2753,3654
2023-04-20 09:39:44,71,73,2753,3654
2023-04-20 09:39:49,71,74,2753,3654
2023-04-20 09:40:03,71,73,2753,3654
2023-04-20 09:40:08,73,74,2757,3662
2023-04-20 09:40:08,73,74,2765,3670
2023-04-20 09:40:56,73,75,2765,3670
2023-04-20 09:40:57,74,75,2765,3670
2023-04-20 09:41:43,73,74,2765,3673
2023-04-20 09:41:43,73,74,2862,3770
2023-04-20 09:41:43,73,74,2865,3773
2023-04-20 09:41:56,73,75,2865,3773
2023-04-20 09:41:56,71,73,2871,3780
2023-04-20 09:42:11,71,75,2871,3780
2023-04-20 09:42:11,71,73,2871,3780
2023-04-20 09:42:29,71,75,2871,3780
2023-04-20 09:42:29,71,74,2871,3780
2023-04-20 09:42:31,72,74,2871,3780
2023-04-20 09:42:39,73,74,2871,3780
2023-04-20 09:42:44,72,73,2878,3787
2023-04-20 09:42:59,72,74,2878,3787
2023-04-20 09:43:09,71,74,2878,3787
2023-04-20 09:43:18,71,73,2878,3787
2023-04-20 09:43:31,71,74,2878,3787
2023-04-20 09:43:48,71,73,2878,3787
2023-04-20 09:43:55,71,72,2878,3787
2023-04-20 09:44:07,72,74,2878,3790
2023-04-20 09:44:07,71,74,2878,3790
2023-04-20 09:44:19,71,73,2878,3790
2023-04-20 09:44:34,71,74,2878,3790
2023-04-20 09:44:34,71,73,2878,3790
2023-04-20 09:44:50,71,74,2878,3790
2023-04-20 09:44:50,71,73,2878,3790
2023-04-20 09:45:07,71,74,2878,3790
2023-04-20 09:45:08,71,73,2878,3790
2023-04-20 09:45:19,71,72,2878,3790
2023-04-20 09:46:06,72,73,2878,3793
2023-04-20 09:46:10,71,72,2975,3890
2023-04-20 09:46:17,70,72,2975,3890
2023-04-20 09:46:18,70,71,2975,3890
2023-04-20 09:46:41,71,72,2972,3893
2023-04-20 09:46:49,70,72,2972,3893
2023-04-20 09:46:50,70,71,2972,3893
2023-04-20 09:47:10,71,72,2969,3896
2023-04-20 09:47:22,71,72,3009,3936
2023-04-20 09:47:23,71,72,3049,3976
2023-04-20 09:47:24,72,74,3068,3996
2023-04-20 09:47:24,71,74,3068,3996
2023-04-20 09:47:43,71,73,3068,3996
2023-04-20 09:47:44,71,74,3068,3996
2023-04-20 09:47:47,72,74,3068,3996
2023-04-20 09:48:36,72,75,3068,3996
2023-04-20 09:48:36,73,75,3068,3996
2023-04-20 09:48:42,73,74,3068,3996
2023-04-20 09:48:57,73,75,3068,3996
2023-04-20 09:48:58,73,74,3068,3996
2023-04-20 09:49:14,73,75,3068,3996
2023-04-20 09:49:14,73,74,3068,3996
2023-04-20 09:49:28,72,73,3066,3999
2023-04-20 09:49:45,71,72,3071,4004
2023-04-20 09:49:53,71,74,3071,4004
2023-04-20 09:49:54,71,74,3071,4007
2023-04-20 09:50:10,72,74,3071,4007
2023-04-20 09:51:28,71,74,3071,4007
2023-04-20 09:53:12,71,73,3071,4007
2023-04-20 09:54:04,73,74,3083,4022
2023-04-20 09:54:04,71,74,3083,4022
2023-04-20 09:54:14,71,75,3083,4022
2023-04-20 09:54:15,72,75,3083,4022
2023-04-20 09:54:36,72,74,3083,4022
2023-04-20 09:54:51,72,75,3083,4022
2023-04-20 09:54:51,72,74,3083,4022
2023-04-20 09:55:28,74,75,3088,4027
2023-04-20 09:55:50,74,76,3088,4027
2023-04-20 09:55:51,75,76,3088,4027
2023-04-20 09:56:17,75,77,3088,4027
2023-04-20 09:56:25,75,76,3088,4027
2023-04-20 09:56:41,75,77,3088,4027
2023-04-20 09:56:41,75,76,3088,4027
2023-04-20 09:57:44,74,75,3088,4030
2023-04-20 09:58:29,74,76,3088,4030
2023-04-20 09:58:29,75,76,3088,4030
2023-04-20 09:58:30,74,75,3088,4033
2023-04-20 09:58:45,74,76,3088,4033
2023-04-20 09:58:45,74,75,3088,4033
2023-04-20 09:59:20,74,76,3088,4033
2023-04-20 09:59:20,75,76,3088,4033
2023-04-20 09:59:49,72,76,3294,4247
2023-04-20 10:00:12,64,76,3294,4247
2023-04-20 10:00:12,64,77,3294,4247
2023-04-20 10:00:12,65,77,3294,4247
2023-04-20 10:00:19,65,76,3294,4247
2023-04-20 10:00:19,70,76,3294,4247
2023-04-20 10:00:20,74,76,3294,4247
2023-04-20 10:00:31,65,76,3294,4247
2023-04-20 10:00:39,74,76,3294,4247
2023-04-20 10:00:43,75,76,3294,4247
2023-04-20 10:01:16,75,77,3294,4247
2023-04-20 10:01:20,75,76,3294,4247
2023-04-20 10:01:36,75,77,3294,4247
2023-04-20 10:02:10,73,76,3294,4247
2023-04-20 10:02:11,74,77,3294,4247
2023-04-20 10:02:11,74,76,3294,4247
2023-04-20 10:02:47,75,76,3294,4247
2023-04-20 10:02:56,75,77,3294,4247
2023-04-20 10:02:56,76,77,3294,4247
2023-04-20 10:03:19,75,77,3294,4250
2023-04-20 10:03:19,75,77,3294,4253
2023-04-20 10:03:19,75,77,3294,4256
2023-04-20 10:03:22,75,76,3294,4256
2023-04-20 10:03:27,74,76,3294,4475
2023-04-20 10:03:32,74,77,3294,4475
2023-04-20 10:03:34,74,76,3294,4475
2023-04-20 10:03:49,75,76,3294,4475
2023-04-20 10:03:57,74,76,3294,4625
2023-04-20 10:05:00,74,77,3294,4625
2023-04-20 10:05:00,75,77,3294,4625
2023-04-20 10:05:46,75,76,3294,4625
2023-04-20 10:07:50,74,75,3306,4637
2023-04-20 10:08:01,74,76,3306,4637
2023-04-20 10:08:14,73,75,3306,4637
2023-04-20 10:08:41,72,75,3306,4637
2023-04-20 10:08:41,72,74,3306,4637
2023-04-20 10:08:49,73,74,3306,4637
2023-04-20 10:09:02,73,74,3306,4740
2023-04-20 10:09:04,72,74,3306,4740
2023-04-20 10:09:04,73,74,3306,4740
2023-04-20 10:09:37,74,75,3306,4743
2023-04-20 10:09:37,73,75,3306,4743
2023-04-20 10:09:52,74,75,3306,4743
2023-04-20 10:10:24,64,75,3306,4743
2023-04-20 10:10:24,71,75,3306,4743
2023-04-20 10:10:24,73,75,3306,4743
2023-04-20 10:10:38,64,75,3306,4743
2023-04-20 10:10:55,71,75,3306,4743
2023-04-20 10:10:55,73,75,3306,4743
2023-04-20 10:11:04,73,74,3306,4743
2023-04-20 10:12:02,72,74,3306,4743
2023-04-20 10:12:28,73,74,3306,4743
2023-04-20 10:12:33,74,75,3306,4746
2023-04-20 10:12:34,73,75,3306,4746
2023-04-20 10:12:45,72,75,3306,4746
2023-04-20 10:12:55,72,74,3306,4746
2023-04-20 10:13:00,73,74,3306,4746
2023-04-20 10:13:16,72,74,3306,4746
2023-04-20 10:13:47,71,74,3306,4746
2023-04-20 10:14:02,72,74,3306,4746
2023-04-20 10:14:17,71,74,3306,4746
2023-04-20 10:14:44,72,74,3306,4746
2023-04-20 10:15:20,71,74,3306,4746
2023-04-20 10:15:20,72,74,3306,4746
2023-04-20 10:16:03,71,74,3306,4746
2023-04-20 10:16:04,71,73,3306,4746
2023-04-20 10:16:55,71,72,3306,4746
2023-04-20 10:16:56,72,73,3306,4749
2023-04-20 10:16:56,71,73,3306,4749
2023-04-20 10:17:02,72,73,3306,4749
2023-04-20 10:17:08,72,73,3306,4752
2023-04-20 10:17:22,72,74,3306,4752
2023-04-20 10:17:52,72,73,3306,4752
2023-04-20 10:18:08,73,74,3306,4755
2023-04-20 10:18:08,72,74,3306,4755
2023-04-20 10:18:08,72,73,3306,4755
2023-04-20 10:18:10,73,74,3314,4763
2023-04-20 10:18:10,72,74,3314,4763
2023-04-20 10:18:11,72,74,3354,4803
2023-04-20 10:18:12,72,74,3394,4843
2023-04-20 10:18:13,72,74,3434,4883
2023-04-20 10:18:14,72,74,3474,4923
2023-04-20 10:18:14,72,75,3474,4923
2023-04-20 10:18:17,72,77,3474,4923
2023-04-20 10:18:18,73,77,3474,4923
2023-04-20 10:18:46,74,77,3474,4923
2023-04-20 10:18:59,75,77,3474,4923
2023-04-20 10:19:14,73,77,3474,4926
2023-04-20 10:19:16,75,77,3474,4926
2023-04-20 10:19:36,74,75,3486,4938
2023-04-20 10:19:47,73,76,3486,4938
2023-04-20 10:19:59,74,76,3486,4938
2023-04-20 10:19:59,73,76,3498,4950
2023-04-20 10:20:00,73,75,3498,4950
2023-04-20 10:20:35,74,75,3498,4950
2023-04-20 10:21:47,74,76,3474,4986
2023-04-20 10:22:09,73,76,3474,4986
2023-04-20 10:22:09,72,76,3474,4986
2023-04-20 10:22:10,65,76,3474,4986
2023-04-20 10:22:10,66,76,3474,4986
2023-04-20 10:22:11,69,76,3474,4986
2023-04-20 10:22:11,71,76,3474,4986
2023-04-20 10:22:11,73,76,3474,4986
2023-04-20 10:22:11,73,75,3474,4986
2023-04-20 10:22:11,73,74,3474,4986
2023-04-20 10:22:18,73,75,3474,4997
2023-04-20 10:22:26,66,75,3474,4997
2023-04-20 10:22:41,69,75,3474,4997
2023-04-20 10:22:41,73,75,3474,4997
2023-04-20 10:22:54,74,75,3474,4997
2023-04-20 10:23:12,75,76,3474,5002
2023-04-20 10:23:27,72,76,3474,5002
2023-04-20 10:23:27,76,77,3474,5007
2023-04-20 10:23:33,76,78,3474,5007
2023-04-20 10:23:33,77,78,3474,5007
2023-04-20 10:23:37,76,78,3474,5010
2023-04-20 10:23:46,71,78,3474,5010
2023-04-20 10:23:46,73,78,3474,5010
2023-04-20 10:23:46,75,78,3474,5010
2023-04-20 10:23:51,75,77,3474,5010
2023-04-20 10:23:57,76,77,3474,5010
2023-04-20 10:24:04,75,77,3474,5015
2023-04-20 10:24:14,71,77,3474,5015
2023-04-20 10:24:14,73,77,3474,5015
2023-04-20 10:24:14,75,77,3474,5015
2023-04-20 10:24:25,76,77,3474,5015
2023-04-20 10:24:25,75,76,3474,5020
2023-04-20 10:24:31,73,76,3474,5020
2023-04-20 10:24:31,75,77,3474,5020
2023-04-20 10:24:46,72,77,3474,5020
2023-04-20 10:24:46,76,77,3474,5020
2023-04-20 10:24:47,76,78,3474,5020
2023-04-20 10:24:47,77,78,3474,5020
2023-04-20 10:24:53,76,78,3474,5023
2023-04-20 10:25:00,72,78,3474,5023
2023-04-20 10:25:00,66,78,3474,5023
2023-04-20 10:25:00,73,78,3474,5023
2023-04-20 10:25:00,75,78,3474,5023
2023-04-20 10:25:08,75,77,3474,5023
2023-04-20 10:25:13,76,77,3474,5023
2023-04-20 10:25:19,75,77,3474,5026
2023-04-20 10:25:31,73,77,3474,5026
2023-04-20 10:25:31,75,77,3474,5026
2023-04-20 10:25:36,76,77,3474,5026
2023-04-20 10:25:40,75,77,3474,5029
2023-04-20 10:26:03,70,77,3474,5029
2023-04-20 10:26:03,74,77,3474,5029
2023-04-20 10:26:03,74,76,3474,5029
2023-04-20 10:26:04,75,76,3474,5029
2023-04-20 10:26:10,74,76,3480,5035
2023-04-20 10:26:10,74,75,3480,5035
2023-04-20 10:26:18,66,75,3480,5035
2023-04-20 10:26:18,73,75,3480,5035
2023-04-20 10:26:30,73,74,3480,5035
2023-04-20 10:26:33,74,75,3477,5038
2023-04-20 10:26:49,73,75,3477,5038
2023-04-20 10:26:56,73,74,3477,5038
2023-04-20 10:27:04,74,75,3474,5047
2023-04-20 10:27:20,73,75,3474,5047
2023-04-20 10:27:41,73,75,3592,5165
2023-04-20 10:27:52,74,75,3592,5165
2023-04-20 10:28:06,73,75,3592,5240
2023-04-20 10:28:10,74,75,3592,5240
2023-04-20 10:28:10,73,75,3595,5255
2023-04-20 10:28:13,73,74,3595,5255
2023-04-20 10:28:16,73,75,3592,5270
2023-04-20 10:28:22,74,75,3592,5270
2023-04-20 10:28:42,74,76,3592,5270
2023-04-20 10:28:55,75,76,3592,5270
2023-04-20 10:29:08,74,76,3592,5345
2023-04-20 10:29:09,74,75,3592,5345
2023-04-20 10:29:10,74,75,3592,5348
2023-04-20 10:29:14,74,75,3592,5813
2023-04-20 10:29:41,73,75,3592,5813
2023-04-20 10:29:42,74,75,3592,5813
2023-04-20 10:29:43,74,77,3592,5813
2023-04-20 10:29:53,75,77,3592,5813
2023-04-20 10:30:14,75,76,3592,5813
2023-04-20 10:30:20,74,76,3592,5813
2023-04-20 10:30:20,74,75,3592,5813
2023-04-20 10:30:27,72,75,3592,5813
2023-04-20 10:30:27,74,75,3592,5813
2023-04-20 10:30:35,74,76,3592,5813
2023-04-20 10:30:41,75,76,3592,5813
2023-04-20 10:30:53,73,75,3592,6039
2023-04-20 10:30:59,65,75,3592,6039
2023-04-20 10:30:59,72,75,3592,6039
2023-04-20 10:30:59,74,75,3592,6039
2023-04-20 10:31:03,74,76,3592,6039
2023-04-20 10:31:04,75,76,3592,6039
2023-04-20 10:31:25,73,75,3592,6042
2023-04-20 10:31:27,74,75,3592,6042
2023-04-20 10:31:58,73,74,3598,6051
2023-04-20 10:32:03,72,74,3598,6051
2023-04-20 10:32:18,68,75,3598,6051
2023-04-20 10:32:18,72,75,3598,6051
2023-04-20 10:32:33,72,74,3598,6051
2023-04-20 10:32:45,72,73,3598,6051
2023-04-20 10:32:48,73,75,3595,6054
2023-04-20 10:32:53,73,74,3595,6054
2023-04-20 10:33:10,73,74,3600,6077
2023-04-20 10:33:18,72,74,3600,6077
2023-04-20 10:33:34,73,74,3600,6077
2023-04-20 10:33:34,72,73,3600,6152
2023-04-20 10:33:41,72,74,3600,6152
2023-04-20 10:33:41,72,73,3600,6152
2023-04-20 10:33:44,71,73,3600,6152
2023-04-20 10:33:45,71,72,3600,6152
2023-04-20 10:34:04,64,71,3600,6157
2023-04-20 10:34:05,66,71,3600,6157
2023-04-20 10:34:06,67,71,3600,6157
2023-04-20 10:34:19,67,70,3600,6157
2023-04-20 10:34:50,70,71,3600,6160
2023-04-20 10:34:50,67,71,3600,6160
2023-04-20 10:34:51,68,71,3600,6160
2023-04-20 10:34:51,68,72,3600,6160
2023-04-20 10:34:52,69,72,3600,6160
2023-04-20 10:35:07,71,72,3600,6160
2023-04-20 10:35:22,72,73,3595,6165
2023-04-20 10:35:22,72,73,3595,6173
2023-04-20 10:35:38,71,73,3595,6173
2023-04-20 10:35:45,71,72,3595,6173
2023-04-20 10:36:39,72,74,3595,6176
2023-04-20 10:36:39,71,74,3595,6176
2023-04-20 10:36:41,72,75,3595,6176
2023-04-20 10:36:41,72,74,3595,6176
2023-04-20 10:36:56,73,75,3595,6176
2023-04-20 10:37:02,73,74,3595,6176
2023-04-20 10:37:32,72,74,3595,6176
2023-04-20 10:37:32,72,73,3595,6176
2023-04-20 10:37:48,71,72,3600,6181
2023-04-20 10:37:59,71,72,3600,6256
2023-04-20 10:38:00,71,73,3600,6256
2023-04-20 10:38:12,73,74,3600,6259
2023-04-20 10:38:12,71,74,3600,6259
2023-04-20 10:38:12,72,74,3600,6259
2023-04-20 10:38:13,73,74,3600,6259
2023-04-20 10:38:22,74,75,3613,6276
2023-04-20 10:38:22,73,75,3613,6276
2023-04-20 10:38:27,74,75,3613,6276
2023-04-20 10:38:28,74,77,3613,6276
2023-04-20 10:38:28,74,76,3613,6276
2023-04-20 10:38:32,75,76,3613,6276
2023-04-20 10:39:48,76,77,3613,6282
2023-04-20 10:39:52,75,77,3613,6351
2023-04-20 10:39:57,75,78,3613,6351
2023-04-20 10:40:04,76,78,3613,6351
2023-04-20 10:40:08,75,78,3613,6426
2023-04-20 10:40:23,76,78,3613,6426
2023-04-20 10:40:32,75,78,3613,6434
2023-04-20 10:40:47,75,77,3613,6434
2023-04-20 10:40:55,76,77,3613,6434
2023-04-20 10:41:01,75,77,3613,6442
2023-04-20 10:41:04,75,76,3613,6442
2023-04-20 10:41:18,73,76,3613,6442
2023-04-20 10:41:19,74,76,3613,6442
2023-04-20 10:41:20,75,76,3613,6442
2023-04-20 10:41:36,74,76,3613,6442
2023-04-20 10:41:36,75,76,3613,6442
2023-04-20 10:41:45,75,77,3613,6442
2023-04-20 10:41:45,76,77,3613,6442
2023-04-20 10:41:57,75,77,3614,6445
2023-04-20 10:42:01,75,76,3614,6445
2023-04-20 10:42:35,74,76,3614,6445
2023-04-20 10:42:36,73,76,3614,6445
2023-04-20 10:42:37,73,75,3614,6445
2023-04-20 10:43:28,72,75,3614,6445
2023-04-20 10:43:29,72,74,3614,6445
2023-04-20 10:43:32,73,74,3614,6445
2023-04-20 10:43:32,73,75,3613,6448
2023-04-20 10:43:45,74,75,3613,6448
2023-04-20 10:44:13,74,75,3613,6523
2023-04-20 10:44:13,74,75,3613,6558
2023-04-20 10:44:28,73,74,3616,6613
2023-04-20 10:44:58,73,74,3541,6688
2023-04-20 10:45:09,72,74,3541,6688
2023-04-20 10:45:09,72,73,3541,6688
2023-04-20 10:45:15,73,74,3538,6691
2023-04-20 10:45:30,72,74,3538,6691
2023-04-20 10:45:38,72,73,3538,6691
2023-04-20 10:45:43,72,74,3538,6691
2023-04-20 10:45:45,72,73,3538,6691
2023-04-20 10:46:00,72,74,3538,6691
2023-04-20 10:46:00,72,73,3538,6691
2023-04-20 10:46:16,69,72,3538,6703
2023-04-20 10:46:17,71,72,3538,6703
2023-04-20 10:46:31,69,71,3538,6708
2023-04-20 10:46:32,67,71,3538,6708
2023-04-20 10:46:33,70,71,3538,6708
2023-04-20 10:46:48,67,71,3538,6708
2023-04-20 10:46:48,69,71,3538,6708
2023-04-20 10:46:53,69,72,3538,6708
2023-04-20 10:46:55,70,72,3538,6708
2023-04-20 10:46:57,70,71,3538,6708
2023-04-20 10:46:59,71,72,3538,6711
2023-04-20 10:46:59,70,72,3538,6711
2023-04-20 10:47:09,72,73,3548,6735
2023-04-20 10:47:09,70,73,3548,6735
2023-04-20 10:47:10,71,73,3548,6735
2023-04-20 10:47:24,71,74,3548,6735
2023-04-20 10:48:08,73,74,3548,6735
2023-04-20 10:48:22,71,74,3548,6735
2023-04-20 10:48:22,73,74,3548,6735
2023-04-20 10:48:35,72,73,3548,6738
2023-04-20 10:48:50,71,73,3548,6738
2023-04-20 10:48:58,72,73,3548,6738
2023-04-20 10:49:51,72,73,3548,6741
2023-04-20 10:49:55,71,72,3551,6748
2023-04-20 10:49:55,71,72,3554,6751
2023-04-20 10:50:32,70,72,3554,6751
2023-04-20 10:50:33,69,72,3554,6751
2023-04-20 10:50:33,69,71,3554,6751
2023-04-20 10:50:41,71,72,3551,6754
2023-04-20 10:50:56,69,72,3551,6754
2023-04-20 10:50:58,71,72,3551,6754
2023-04-20 10:51:28,72,73,3548,6772
2023-04-20 10:51:44,71,73,3548,6772
2023-04-20 10:51:44,72,73,3548,6772
2023-04-20 10:51:59,71,72,3533,6790
2023-04-20 10:52:05,70,71,3533,6795
2023-04-20 10:52:15,69,71,3533,6795
2023-04-20 10:52:15,69,70,3533,6795
2023-04-20 10:52:48,70,71,3528,6800
2023-04-20 10:53:02,69,71,3528,6800
2023-04-20 10:53:03,70,71,3528,6800
2023-04-20 10:53:34,71,72,3525,6808
2023-04-20 10:53:48,70,73,3525,6808
2023-04-20 10:53:48,71,73,3525,6808
2023-04-20 10:53:49,71,72,3525,6808
2023-04-20 10:54:05,73,75,3525,6818
2023-04-20 10:54:05,73,74,3525,6818
2023-04-20 10:54:20,71,75,3525,6818
2023-04-20 10:54:22,73,75,3525,6818
2023-04-20 10:54:22,73,74,3525,6818
2023-04-20 10:54:38,71,75,3525,6818
2023-04-20 10:54:38,73,75,3525,6818
2023-04-20 10:54:38,73,74,3525,6818
2023-04-20 10:55:09,74,75,3525,6823
2023-04-20 10:55:56,73,74,3525,6831
2023-04-20 10:56:10,73,75,3525,6831
2023-04-20 10:56:11,71,75,3525,6831
2023-04-20 10:56:11,72,75,3525,6831
2023-04-20 10:56:12,74,75,3525,6831
2023-04-20 10:56:27,73,75,3525,6831
2023-04-20 10:56:27,75,76,3525,6847
2023-04-20 10:57:12,74,75,3525,6855
2023-04-20 10:57:27,73,74,3525,6863
2023-04-20 10:57:27,73,74,3525,6871
2023-04-20 10:57:42,72,74,3525,6871
2023-04-20 10:57:43,73,74,3525,6871
2023-04-20 10:57:45,73,74,3531,6877
2023-04-20 10:58:13,72,74,3531,6877
2023-04-20 10:58:15,73,74,3531,6877
2023-04-20 10:58:30,72,74,3531,6877
2023-04-20 10:58:30,73,74,3531,6877
2023-04-20 10:58:46,72,74,3531,6877
2023-04-20 10:59:01,72,73,3531,6877
2023-04-20 10:59:17,74,75,3531,6888
2023-04-20 10:59:17,74,75,3531,6891
2023-04-20 10:59:18,74,75,3531,6893
2023-04-20 10:59:33,73,74,3531,6906
2023-04-20 10:59:49,72,74,3531,6906
2023-04-20 10:59:57,73,74,3531,6906
2023-04-20 11:00:05,72,73,3528,6924
2023-04-20 11:00:23,71,72,3546,6942
2023-04-20 11:00:23,71,72,3546,6952
2023-04-20 11:00:36,69,72,3546,6952
2023-04-20 11:00:36,69,73,3546,6952
2023-04-20 11:00:36,71,73,3546,6952
2023-04-20 11:00:36,71,72,3546,6952
2023-04-20 11:01:12,69,72,3546,6952
2023-04-20 11:01:23,72,73,3525,6973
2023-04-20 11:01:37,70,73,3525,6973
2023-04-20 11:01:38,72,73,3525,6973
2023-04-20 11:03:26,73,74,3513,7019
2023-04-20 11:03:43,74,75,3513,7043
2023-04-20 11:04:09,74,76,3513,7043
2023-04-20 11:04:09,74,75,3513,7043
2023-04-20 11:04:09,75,76,3513,7044
2023-04-20 11:04:12,74,75,3511,7046
2023-04-20 11:04:13,73,74,3511,7047
2023-04-20 11:04:28,74,76,3511,7053
2023-04-20 11:04:28,74,75,3511,7053
2023-04-20 11:04:43,73,75,3511,7053
2023-04-20 11:04:43,73,76,3511,7053
2023-04-20 11:04:43,74,76,3511,7053
2023-04-20 11:04:43,74,75,3511,7053
2023-04-20 11:04:59,75,76,3515,7058
2023-04-20 11:05:14,74,76,3515,7058
2023-04-20 11:05:15,75,76,3515,7058
2023-04-20 11:06:33,76,77,3520,7063
2023-04-20 11:06:35,76,78,3520,7063
2023-04-20 11:06:38,77,78,3520,7063
2023-04-20 11:07:07,76,78,3520,7063
2023-04-20 11:07:12,76,77,3520,7063
2023-04-20 11:07:14,76,78,3520,7063
2023-04-20 11:07:16,77,78,3520,7063
2023-04-20 11:07:17,76,78,3520,7063
2023-04-20 11:07:18,76,77,3520,7063
2023-04-20 11:07:20,76,78,3520,7063
2023-04-20 11:07:22,77,79,3520,7063
2023-04-20 11:07:22,77,78,3520,7063
2023-04-20 11:07:36,77,78,3571,7123
2023-04-20 11:07:37,77,79,3571,7123
2023-04-20 11:07:37,79,80,3571,7128
2023-04-20 11:07:53,79,80,3750,7353
2023-04-20 11:08:07,80,83,4030,7633
2023-04-20 11:08:07,80,82,4030,7633
2023-04-20 11:08:10,80,83,4030,7633
2023-04-20 11:08:10,80,82,4030,7633
2023-04-20 11:08:17,81,82,4030,7633
2023-04-20 11:08:23,79,81,4027,7636
2023-04-20 11:08:25,80,81,4027,7636
2023-04-20 11:08:40,79,80,4019,7644
2023-04-20 11:09:02,78,80,4019,7644
2023-04-20 11:09:14,78,79,4019,7644
2023-04-20 11:10:01,78,80,4019,7644
2023-04-20 11:10:06,78,79,4019,7644
2023-04-20 11:11:48,76,79,4022,7657
2023-04-20 11:12:01,76,78,4022,7657
2023-04-20 11:12:09,77,78,4022,7657
2023-04-20 11:13:01,75,77,4019,7660
2023-04-20 11:13:04,74,77,4019,7660
2023-04-20 11:13:21,75,77,4019,7660
2023-04-20 11:13:25,76,77,4019,7660
2023-04-20 11:14:19,74,77,4019,7660
2023-04-20 11:14:19,75,77,4019,7660
2023-04-20 11:14:22,75,76,4019,7660
2023-04-20 11:14:37,75,77,4019,7660
2023-04-20 11:14:38,75,76,4019,7660
2023-04-20 11:14:45,75,76,4019,7720
2023-04-20 11:15:06,75,76,4162,7863
2023-04-20 11:15:08,76,77,4219,7920
2023-04-20 11:15:18,76,78,4219,7920
2023-04-20 11:15:18,76,79,4219,7920
2023-04-20 11:15:19,77,79,4219,7920
2023-04-20 11:15:19,77,80,4219,7920
2023-04-20 11:15:19,77,81,4219,7920
2023-04-20 11:15:32,77,80,4219,7920
2023-04-20 11:15:46,77,81,4219,7920
2023-04-20 11:16:12,78,81,4219,7920
2023-04-20 11:16:14,78,80,4219,7920
2023-04-20 11:16:19,79,80,4219,7920
2023-04-20 11:17:06,77,79,4216,7923
2023-04-20 11:17:12,78,79,4216,7923
2023-04-20 11:18:03,77,79,4216,7923
2023-04-20 11:18:03,76,79,4216,7923
2023-04-20 11:18:04,76,80,4216,7923
2023-04-20 11:18:17,77,80,4216,7923
2023-04-20 11:18:32,76,80,4216,7923
2023-04-20 11:18:48,77,80,4216,7923
2023-04-20 11:18:50,78,80,4216,7923
2023-04-20 11:18:54,78,79,4216,7923
2023-04-20 11:19:26,78,80,4216,7923
2023-04-20 11:19:35,78,81,4216,7923
2023-04-20 11:19:41,78,80,4216,7923
2023-04-20 11:20:28,78,81,4216,7923
2023-04-20 11:20:29,78,80,4216,7923
2023-04-20 11:21:08,79,80,4216,7923
2023-04-20 11:21:09,78,80,4216,7923
2023-04-20 11:21:10,79,80,4216,7923
2023-04-20 11:21:19,79,81,4216,7923
2023-04-20 11:21:19,80,81,4216,7923
2023-04-20 11:22:10,78,80,4213,7926
2023-04-20 11:22:11,79,80,4213,7926
2023-04-20 11:22:26,79,81,4213,7926
2023-04-20 11:22:37,78,81,4213,7926
2023-04-20 11:22:43,78,80,4213,7926
2023-04-20 11:23:54,78,81,4213,7926
2023-04-20 11:23:54,79,81,4213,7926
2023-04-20 11:25:01,80,81,4213,7926
2023-04-20 11:25:03,79,81,4213,7929
2023-04-20 11:25:39,80,81,4213,7929
2023-04-20 11:25:50,79,81,4439,8155
2023-04-20 11:26:16,80,81,4439,8155
2023-04-20 11:26:26,79,81,4439,8155
2023-04-20 11:26:27,80,81,4439,8155
2023-04-20 11:27:35,79,81,4439,8155
2023-04-20 11:27:50,80,81,4439,8155
2023-04-20 11:27:59,79,81,4439,8155
2023-04-20 11:28:22,80,81,4439,8155
2023-04-20 11:30:07,79,81,4439,8155
2023-04-20 11:31:24,79,81,4438,8156
2023-04-20 11:31:55,80,81,4438,8156
2023-04-20 11:32:14,80,81,4441,8159
2023-04-20 11:32:23,79,81,4441,8159
2023-04-20 11:32:23,78,81,4441,8159
2023-04-20 11:32:24,75,81,4441,8159
2023-04-20 11:32:24,79,81,4441,8159
2023-04-20 11:32:25,80,81,4441,8159
2023-04-20 11:32:35,79,81,4441,8159
2023-04-20 11:32:47,75,81,4441,8159
2023-04-20 11:32:54,77,81,4441,8159
2023-04-20 11:32:54,79,81,4441,8159
2023-04-20 11:33:10,76,81,4441,8159
2023-04-20 11:33:10,77,81,4441,8159
2023-04-20 11:33:10,79,81,4441,8159
2023-04-20 11:33:40,75,81,4441,8159
2023-04-20 11:33:41,79,81,4441,8159
2023-04-20 11:33:46,80,81,4441,8159
2023-04-20 11:35:00,81,84,4447,8165
2023-04-20 11:35:15,80,84,4447,8165
2023-04-20 11:35:16,80,83,4447,8165
2023-04-20 11:35:31,81,83,4447,8165
2023-04-20 11:35:50,81,84,4447,8165
2023-04-20 11:35:51,82,84,4447,8165
2023-04-20 11:36:05,82,83,4447,8165
2023-04-20 11:36:34,81,83,4447,8168
2023-04-20 11:36:39,81,82,4447,8168
2023-04-20 11:37:27,82,83,4447,8169
2023-04-20 11:37:35,81,83,4447,8171
2023-04-20 11:37:35,81,82,4447,8171
2023-04-20 11:37:38,81,83,4447,8171
2023-04-20 11:37:55,81,82,4447,8171
2023-04-20 11:38:10,81,83,4447,8171
2023-04-20 11:38:12,81,82,4447,8171
2023-04-20 11:38:17,80,82,4447,8180
2023-04-20 11:39:57,80,81,4447,8180
2023-04-20 11:39:57,79,81,4447,8186
2023-04-20 11:40:09,79,82,4447,8186
2023-04-20 11:40:11,74,82,4447,8186
2023-04-20 11:40:11,75,82,4447,8186
2023-04-20 11:40:13,76,82,4447,8186
2023-04-20 11:40:13,79,82,4447,8186
2023-04-20 11:40:16,80,82,4447,8186
2023-04-20 11:40:43,79,82,4447,8186
2023-04-20 11:40:57,78,83,4447,8186
2023-04-20 11:40:57,75,83,4447,8186
2023-04-20 11:40:58,79,83,4447,8186
2023-04-20 11:40:58,79,82,4447,8186
2023-04-20 11:41:08,79,81,4447,8186
2023-04-20 11:41:13,77,81,4447,8186
2023-04-20 11:41:13,78,81,4447,8186
2023-04-20 11:41:14,78,82,4447,8186
2023-04-20 11:41:14,78,81,4447,8186
2023-04-20 11:41:28,77,81,4447,8186
2023-04-20 11:41:28,75,81,4447,8186
2023-04-20 11:41:30,76,81,4447,8186
2023-04-20 11:41:30,78,81,4447,8186
2023-04-20 11:41:30,78,80,4447,8186
2023-04-20 11:41:41,78,79,4447,8186
2023-04-20 11:41:45,75,79,4447,8186
2023-04-20 11:41:45,78,79,4447,8186
2023-04-20 11:44:25,76,79,4447,8186
2023-04-20 11:44:53,75,79,4447,8186
2023-04-20 11:45:09,76,79,4447,8186
2023-04-20 11:45:22,77,79,4447,8186
2023-04-20 11:45:33,75,79,4447,8186
2023-04-20 11:45:34,75,78,4447,8186
2023-04-20 11:45:40,76,78,4447,8186
2023-04-20 11:45:40,76,79,4447,8186
2023-04-20 11:45:40,76,78,4447,8186
2023-04-20 11:45:56,75,78,4447,8186
2023-04-20 11:45:56,76,78,4447,8186
2023-04-20 11:46:06,77,78,4447,8186
2023-04-20 11:46:13,77,79,4447,8202
2023-04-20 11:46:13,77,78,4447,8202
2023-04-20 11:46:24,77,79,4447,8205
2023-04-20 11:46:24,77,78,4447,8205
2023-04-20 11:46:25,77,79,4447,8205
2023-04-20 11:46:25,77,80,4454,8266
2023-04-20 11:46:26,78,80,4454,8266
2023-04-20 11:46:26,79,80,4454,8266
2023-04-20 11:46:26,78,79,4453,8267
2023-04-20 11:47:15,77,78,4439,8281
2023-04-20 11:47:21,77,78,4215,8505
2023-04-20 11:49:05,78,79,4231,8521
2023-04-20 11:49:05,78,79,4246,8536
2023-04-20 11:49:05,78,79,4251,8541
2023-04-20 11:49:19,77,79,4251,8541
2023-04-20 11:49:19,78,79,4251,8541
2023-04-20 11:49:35,77,79,4251,8541
2023-04-20 11:49:37,77,78,4251,8541
2023-04-20 11:50:12,77,79,4251,8541
2023-04-20 11:50:13,78,79,4251,8541
2023-04-20 11:51:34,77,79,4251,8541
2023-04-20 11:51:54,77,78,4251,8541
2023-04-20 11:52:11,75,77,4242,8550
2023-04-20 11:52:22,76,77,4242,8550
2023-04-20 11:52:47,76,78,4242,8550
2023-04-20 11:54:02,77,78,4242,8550
2023-04-20 11:54:49,76,77,4239,8553
2023-04-20 11:55:06,76,78,4239,8553
2023-04-20 11:55:11,76,78,4234,8558
2023-04-20 11:55:26,77,78,4234,8558
2023-04-20 11:59:29,79,81,4254,8578
2023-04-20 11:59:29,79,81,4274,8598
2023-04-20 11:59:29,79,80,4274,8598
2023-04-20 11:59:29,79,80,4294,8618
2023-04-20 11:59:29,79,81,4294,8618
2023-04-20 11:59:29,79,80,4294,8618
2023-04-20 11:59:29,79,80,4304,8628
2023-04-20 12:01:05,79,83,4304,8628
2023-04-20 12:01:05,80,83,4304,8628
2023-04-20 12:01:20,81,83,4304,8628
2023-04-20 12:01:35,80,83,4304,8628
2023-04-20 12:01:59,81,83,4304,8628
2023-04-20 12:02:47,81,84,4304,8628
2023-04-20 12:02:47,82,84,4304,8628
2023-04-20 12:04:43,83,84,4304,8628
2023-04-20 12:04:54,82,84,4358,8682
2023-04-20 12:05:04,83,84,4358,8682
2023-04-20 12:05:13,82,84,4358,8682
2023-04-20 12:05:14,83,84,4358,8682
2023-04-20 12:05:29,84,86,4363,8687
2023-04-20 12:05:39,84,85,4363,8687
2023-04-20 12:07:04,83,85,4363,8695
2023-04-20 12:07:12,83,86,4363,8695
2023-04-20 12:07:12,84,86,4363,8695
2023-04-20 12:07:18,83,86,4363,8703
2023-04-20 12:07:18,77,86,4363,8703
2023-04-20 12:07:18,78,86,4363,8703
2023-04-20 12:07:23,70,86,4363,8703
2023-04-20 12:07:24,71,86,4363,8703
2023-04-20 12:07:24,76,86,4363,8703
2023-04-20 12:07:24,76,85,4363,8703
2023-04-20 12:07:25,77,85,4363,8703
2023-04-20 12:07:34,82,85,4363,8703
2023-04-20 12:07:36,83,85,4363,8703
2023-04-20 12:07:51,83,84,4363,8703
2023-04-20 12:08:05,82,84,4363,8703
2023-04-20 12:09:01,82,85,4363,8703
2023-04-20 12:09:01,83,85,4363,8703
2023-04-20 12:09:06,82,85,4363,8706
2023-04-20 12:09:24,83,85,4363,8706
2023-04-20 12:09:37,82,85,4363,8709
2023-04-20 12:09:40,82,84,4363,8709
2023-04-20 12:10:16,82,85,4363,8709
2023-04-20 12:10:16,83,85,4363,8709
2023-04-20 12:10:18,83,84,4363,8709
2023-04-20 12:10:43,82,83,4360,8712
2023-04-20 12:10:46,80,83,4360,8712
2023-04-20 12:10:47,80,82,4360,8712
2023-04-20 12:10:47,81,82,4360,8712
2023-04-20 12:11:14,78,82,4360,8712
2023-04-20 12:11:15,79,82,4360,8712
2023-04-20 12:11:25,79,81,4360,8712
2023-04-20 12:11:31,78,81,4360,8712
2023-04-20 12:11:39,79,81,4360,8712
2023-04-20 12:11:52,80,81,4360,8712
2023-04-20 12:11:58,80,82,4360,8722
2023-04-20 12:11:58,80,81,4360,8722
2023-04-20 12:11:58,80,82,4360,8722
2023-04-20 12:12:01,80,82,4360,8722
2023-04-20 12:12:32,80,81,4360,8722
2023-04-20 12:12:46,80,81,4294,8788
2023-04-20 12:12:47,80,82,4294,8788
2023-04-20 12:12:47,80,81,4294,8788
2023-04-20 12:13:20,81,82,4299,8793
2023-04-20 12:13:35,80,82,4299,8793
2023-04-20 12:13:36,81,82,4299,8793
2023-04-20 12:13:38,81,83,4299,8793
2023-04-20 12:13:39,81,84,4299,8793
2023-04-20 12:13:39,82,84,4299,8793
2023-04-20 12:14:14,82,83,4299,8793
2023-04-20 12:14:33,80,83,4299,8793
2023-04-20 12:14:33,81,83,4299,8793
2023-04-20 12:14:33,81,82,4299,8793
2023-04-20 12:15:10,80,81,4286,8806
2023-04-20 12:15:25,80,82,4286,8806
2023-04-20 12:15:26,80,81,4286,8806
2023-04-20 12:15:26,78,81,4286,8806
2023-04-20 12:15:26,79,81,4286,8806
2023-04-20 12:16:44,80,81,4286,8806
2023-04-20 12:17:08,80,83,4286,8806
2023-04-20 12:17:08,81,83,4286,8806
2023-04-20 12:17:16,81,82,4286,8806
2023-04-20 12:17:30,81,83,4286,8806
2023-04-20 12:17:31,81,82,4286,8806
2023-04-20 12:17:55,79,82,4286,8806
2023-04-20 12:18:34,79,81,4286,8806
2023-04-20 12:19:21,79,82,4291,8811
2023-04-20 12:19:22,79,81,4291,8811
2023-04-20 12:19:31,78,81,4291,8811
2023-04-20 12:19:54,79,81,4291,8811
2023-04-20 12:20:20,78,81,4291,8811
2023-04-20 12:20:22,78,81,4296,9001
2023-04-20 12:20:45,79,81,4296,9001
2023-04-20 12:20:51,79,81,4296,9062
2023-04-20 12:20:57,79,82,4301,9067
2023-04-20 12:21:08,80,82,4301,9067
2023-04-20 12:21:15,80,83,4301,9067
2023-04-20 12:21:15,81,83,4301,9067
2023-04-20 12:21:29,81,83,4306,9122
2023-04-20 12:21:39,81,84,4306,9122
2023-04-20 12:21:40,80,84,4306,9122
2023-04-20 12:21:40,80,83,4306,9122
2023-04-20 12:22:00,80,82,4306,9122
2023-04-20 12:22:12,80,81,4306,9122
2023-04-20 12:22:14,79,81,4306,9122
2023-04-20 12:22:14,78,81,4306,9122
2023-04-20 12:22:43,80,81,4306,9122
2023-04-20 12:23:04,80,83,4306,9122
2023-04-20 12:23:04,80,84,4306,9122
2023-04-20 12:23:08,80,83,4306,9122
2023-04-20 12:23:27,80,84,4306,9122
2023-04-20 12:23:53,80,83,4306,9122
2023-04-20 12:23:55,81,83,4306,9122
2023-04-20 12:24:17,81,82,4306,9122
2023-04-20 12:24:33,81,83,4306,9122
2023-04-20 12:24:38,81,82,4306,9122
2023-04-20 12:24:48,80,82,4306,9122
2023-04-20 12:24:48,79,82,4306,9122
2023-04-20 12:25:01,78,82,4306,9122
2023-04-20 12:25:01,79,82,4306,9122
2023-04-20 12:25:08,80,82,4306,9122
2023-04-20 12:25:34,81,82,4306,9122
2023-04-20 12:25:35,81,83,4306,9122
2023-04-20 12:25:35,81,84,4306,9122
2023-04-20 12:25:40,81,83,4306,9122
2023-04-20 12:25:49,80,83,4306,9122
2023-04-20 12:25:49,80,82,4306,9122
2023-04-20 12:26:05,80,83,4306,9122
2023-04-20 12:26:05,80,82,4306,9122
2023-04-20 12:26:20,80,83,4306,9122
2023-04-20 12:26:21,80,82,4306,9122
2023-04-20 12:26:22,80,81,4306,9122
2023-04-20 12:26:29,78,81,4306,9122
2023-04-20 12:26:30,79,81,4306,9122
2023-04-20 12:26:32,79,80,4306,9122
2023-04-20 12:26:37,78,79,4283,9145
2023-04-20 12:26:52,78,80,4283,9145
2023-04-20 12:27:01,78,79,4283,9145
2023-04-20 12:27:25,76,78,4280,9168
2023-04-20 12:27:54,76,77,4280,9168
2023-04-20 12:28:15,76,78,4280,9171
2023-04-20 12:28:17,77,78,4280,9171
2023-04-20 12:28:27,77,80,4280,9171
2023-04-20 12:28:27,77,79,4280,9171
2023-04-20 12:28:53,76,79,4280,9171
2023-04-20 12:28:54,72,79,4280,9171
2023-04-20 12:28:54,72,80,4280,9171
2023-04-20 12:28:59,75,80,4280,9171
2023-04-20 12:28:59,77,80,4280,9171
2023-04-20 12:29:15,76,80,4280,9171
2023-04-20 12:29:15,77,80,4280,9171
2023-04-20 12:29:20,77,79,4280,9171
2023-04-20 12:30:08,75,79,4280,9171
2023-04-20 12:30:09,75,78,4280,9171
2023-04-20 12:30:18,76,78,4280,9171
2023-04-20 12:30:34,75,78,4280,9171
2023-04-20 12:30:35,77,78,4280,9171
2023-04-20 12:30:50,76,78,4280,9171
2023-04-20 12:30:50,75,78,4280,9171
2023-04-20 12:30:51,77,78,4280,9171
2023-04-20 12:30:54,77,79,4280,9171
2023-04-20 12:31:12,77,78,4280,9171
2023-04-20 12:31:45,75,78,4280,9171
2023-04-20 12:31:45,75,77,4280,9171
2023-04-20 12:31:54,76,77,4280,9171
2023-04-20 12:32:09,75,77,4280,9171
2023-04-20 12:32:10,76,77,4280,9171
2023-04-20 12:32:25,75,77,4280,9171
2023-04-20 12:32:41,76,77,4280,9171
2023-04-20 12:32:55,75,77,4280,9171
2023-04-20 12:33:21,75,76,4280,9171
2023-04-20 12:33:24,71,75,4280,9176
2023-04-20 12:33:26,70,75,4280,9176
2023-04-20 12:33:26,70,74,4280,9176
2023-04-20 12:33:27,71,74,4280,9176
2023-04-20 12:34:25,70,74,4280,9176
2023-04-20 12:34:29,70,73,4280,9176
2023-04-20 12:34:45,70,74,4280,9176
2023-04-20 12:34:45,70,72,4280,9176
2023-04-20 12:34:58,71,72,4280,9176
2023-04-20 12:35:00,71,73,4280,9176
2023-04-20 12:35:00,71,74,4280,9176
2023-04-20 12:35:16,72,74,4280,9176
2023-04-20 12:35:41,72,73,4280,9176
2023-04-20 12:35:48,70,72,4280,9181
2023-04-20 12:36:15,70,71,4280,9181
2023-04-20 12:36:35,70,71,4205,9256
2023-04-20 12:36:45,70,71,4205,9261
2023-04-20 12:36:45,70,71,4205,9266
2023-04-20 12:36:46,67,69,4090,9386
2023-04-20 12:36:50,65,69,4090,9386
2023-04-20 12:36:50,66,69,4090,9386
2023-04-20 12:36:54,66,68,4090,9386
2023-04-20 12:37:26,66,70,4090,9386
2023-04-20 12:37:26,66,69,4090,9386
2023-04-20 12:37:41,67,69,4090,9386
2023-04-20 12:37:51,68,69,4090,9386
2023-04-20 12:37:52,69,71,4090,9389
2023-04-20 12:38:07,70,71,4090,9389
2023-04-20 12:38:17,70,73,4090,9389
2023-04-20 12:38:18,70,72,4090,9389
2023-04-20 12:38:23,71,72,4090,9389
2023-04-20 12:38:45,71,75,4090,9389
2023-04-20 12:38:45,71,74,4090,9389
2023-04-20 12:38:52,72,74,4090,9389
2023-04-20 12:39:09,71,74,4090,9389
2023-04-20 12:39:09,72,74,4090,9389
2023-04-20 12:39:24,73,74,4090,9389
2023-04-20 12:39:39,72,74,4090,9389
2023-04-20 12:39:39,73,74,4090,9389
2023-04-20 12:39:55,72,74,4090,9389
2023-04-20 12:39:55,73,74,4090,9389
2023-04-20 12:40:09,73,76,4090,9389
2023-04-20 12:40:10,73,75,4090,9389
2023-04-20 12:40:11,75,77,4090,9404
2023-04-20 12:40:11,75,76,4090,9404
2023-04-20 12:40:11,75,77,4090,9404
2023-04-20 12:40:26,73,77,4090,9404
2023-04-20 12:40:26,74,77,4090,9404
2023-04-20 12:40:26,75,77,4090,9404
2023-04-20 12:40:26,75,78,4090,9404
2023-04-20 12:40:41,73,78,4090,9404
2023-04-20 12:40:42,74,78,4090,9404
2023-04-20 12:40:42,76,78,4090,9404
2023-04-20 12:40:51,76,77,4090,9404
2023-04-20 12:42:11,75,77,4090,9404
2023-04-20 12:42:16,75,76,4090,9404
2023-04-20 12:42:42,75,77,4090,9404
2023-04-20 12:43:15,75,76,4090,9404
2023-04-20 12:43:49,73,76,4090,9404
2023-04-20 12:43:50,73,75,4090,9404
2023-04-20 12:44:09,73,74,4090,9404
2023-04-20 12:44:14,73,75,4090,9404
2023-04-20 12:44:17,73,74,4090,9404
2023-04-20 12:44:44,72,74,4090,9404
2023-04-20 12:44:55,72,74,4091,9405
2023-04-20 12:45:04,72,73,4091,9405
2023-04-20 12:45:32,70,73,4091,9405
2023-04-20 12:45:33,70,72,4091,9405
2023-04-20 12:45:38,71,72,4091,9405
2023-04-20 12:45:54,70,72,4091,9405
2023-04-20 12:46:10,71,72,4091,9405
2023-04-20 12:46:25,70,72,4091,9405
2023-04-20 12:46:25,72,73,4091,9409
2023-04-20 12:46:27,72,74,4091,9409
2023-04-20 12:46:50,71,74,4091,9409
2023-04-20 12:47:16,71,73,4091,9409
2023-04-20 12:47:29,71,72,4091,9409
2023-04-20 12:48:08,70,72,4091,9409
2023-04-20 12:48:09,69,72,4091,9409
2023-04-20 12:48:19,69,71,4091,9409
2023-04-20 12:48:37,69,72,4091,9409
2023-04-20 12:48:59,69,71,4091,9409
2023-04-20 12:49:25,70,71,4091,9409
2023-04-20 12:49:34,69,71,4091,9409
2023-04-20 12:49:34,70,71,4091,9409
2023-04-20 12:49:50,69,71,4091,9409
2023-04-20 12:49:50,70,71,4091,9409
2023-04-20 12:52:16,69,71,4091,9409
2023-04-20 12:53:13,70,71,4091,9409
2023-04-20 12:54:00,71,72,4092,9413
2023-04-20 12:54:16,70,72,4092,9413
2023-04-20 12:54:21,70,73,4092,9413
2023-04-20 12:54:26,70,72,4092,9413
2023-04-20 12:54:31,70,71,4092,9413
2023-04-20 12:54:46,69,71,4092,9413
2023-04-20 12:55:16,68,71,4092,9413
2023-04-20 12:55:21,69,71,4092,9413
2023-04-20 12:55:35,68,71,4092,9413
2023-04-20 12:56:05,68,70,4092,9413
2023-04-20 12:56:47,67,70,4092,9413
2023-04-20 12:56:49,67,69,4092,9413
2023-04-20 12:56:58,68,69,4092,9413
2023-04-20 12:57:06,67,69,4092,9413
2023-04-20 12:57:06,68,69,4092,9413
2023-04-20 12:57:21,67,69,4092,9413
2023-04-20 12:58:34,66,69,4092,9413
2023-04-20 12:58:35,66,68,4092,9413
2023-04-20 12:58:56,66,67,4092,9413
2023-04-20 12:59:25,65,67,4092,9413
2023-04-20 12:59:42,65,66,4092,9413
2023-04-20 13:00:03,63,65,4092,9418
2023-04-20 13:00:13,61,65,4092,9418
2023-04-20 13:00:17,62,65,4092,9418
2023-04-20 13:00:17,63,65,4092,9418
2023-04-20 13:00:26,63,64,4092,9418
2023-04-20 13:00:45,64,65,4092,9421
2023-04-20 13:01:32,65,67,4092,9426
2023-04-20 13:02:02,66,67,4092,9426
2023-04-20 13:02:04,65,67,4092,9426
2023-04-20 13:02:04,67,69,4102,9441
2023-04-20 13:02:05,67,69,4205,9544
2023-04-20 13:02:05,67,68,4205,9544
2023-04-20 13:02:05,67,69,4205,9544
2023-04-20 13:02:10,67,68,4205,9544
2023-04-20 13:02:17,67,69,4205,9544
2023-04-20 13:02:22,67,68,4205,9544
2023-04-20 13:02:40,66,67,4205,9556
2023-04-20 13:02:51,65,67,4205,9556
2023-04-20 13:03:20,65,66,4205,9556
2023-04-20 13:03:47,64,66,4205,9556
2023-04-20 13:03:47,64,65,4205,9556
2023-04-20 13:04:54,65,66,4205,9559
2023-04-20 13:05:09,64,65,4205,9564
2023-04-20 13:05:25,61,65,4205,9564
2023-04-20 13:05:26,62,65,4205,9564
2023-04-20 13:05:26,63,65,4205,9564
2023-04-20 13:05:26,63,64,4205,9564
2023-04-20 13:05:40,62,64,4205,9564
2023-04-20 13:05:40,63,64,4205,9564
2023-04-20 13:06:17,62,64,4205,9564
2023-04-20 13:06:17,63,64,4205,9564
2023-04-20 13:06:28,62,64,4205,9564
2023-04-20 13:06:28,63,64,4205,9564
2023-04-20 13:06:43,62,64,4205,9564
2023-04-20 13:06:59,63,64,4205,9564
2023-04-20 13:07:12,63,66,4205,9564
2023-04-20 13:07:12,64,66,4205,9564
2023-04-20 13:07:12,64,65,4205,9564
2023-04-20 13:07:30,63,65,4205,9564
2023-04-20 13:07:48,64,65,4205,9564
2023-04-20 13:07:54,63,65,4205,9564
2023-04-20 13:07:57,63,64,4205,9564
2023-04-20 13:08:05,62,64,4205,9564
2023-04-20 13:08:07,62,63,4205,9564
2023-04-20 13:08:15,61,63,4205,9564
2023-04-20 13:08:18,62,63,4205,9564
2023-04-20 13:08:19,61,63,4205,9564
2023-04-20 13:08:21,62,63,4205,9564
2023-04-20 13:08:34,61,63,4205,9564
2023-04-20 13:09:02,62,63,4205,9564
2023-04-20 13:09:07,61,63,4205,9564
2023-04-20 13:09:09,62,63,4205,9564
2023-04-20 13:09:14,61,63,4205,9564
2023-04-20 13:09:37,62,63,4205,9564
2023-04-20 13:09:52,61,63,4205,9564
2023-04-20 13:09:53,62,63,4205,9564
2023-04-20 13:10:44,61,63,4205,9564
2023-04-20 13:10:53,61,62,4205,9564
2023-04-20 13:11:06,58,59,4205,10045
2023-04-20 13:11:06,57,59,4210,10050
2023-04-20 13:11:11,56,59,4210,10050
2023-04-20 13:11:12,57,59,4210,10050
2023-04-20 13:11:19,57,58,4210,10050
2023-04-20 13:11:20,57,59,4210,10050
2023-04-20 13:11:27,56,57,4210,10051
2023-04-20 13:11:42,56,58,4210,10051
2023-04-20 13:11:42,56,57,4210,10051
2023-04-20 13:12:23,57,58,4210,10054
2023-04-20 13:12:28,56,58,4210,10054
2023-04-20 13:12:38,56,57,4210,10054
2023-04-20 13:12:39,57,58,4210,10057
2023-04-20 13:12:44,56,58,4210,10057
2023-04-20 13:12:47,58,59,4210,10243
2023-04-20 13:12:47,58,59,4220,10253
2023-04-20 13:12:47,58,59,4315,10348
2023-04-20 13:12:59,56,59,4315,10348
2023-04-20 13:13:06,56,58,4315,10348
2023-04-20 13:13:54,57,58,4315,10348
2023-04-20 13:14:18,56,57,4315,10349
2023-04-20 13:14:29,57,58,4315,10443
2023-04-20 13:14:32,57,58,4324,10452
2023-04-20 13:14:48,56,57,4324,10453
2023-04-20 13:14:55,54,57,4329,10458
2023-04-20 13:15:02,54,56,4329,10458
2023-04-20 13:15:04,54,55,4329,10458
2023-04-20 13:15:06,55,56,4329,10549
2023-04-20 13:15:12,54,56,4329,10549
2023-04-20 13:15:20,55,56,4329,10549
2023-04-20 13:15:35,54,55,4329,10555
2023-04-20 13:15:49,54,56,4329,10555
2023-04-20 13:15:55,53,56,4329,10555
2023-04-20 13:15:55,54,56,4329,10555
2023-04-20 13:15:56,54,55,4329,10555
2023-04-20 13:16:16,55,56,4329,10563
2023-04-20 13:16:45,54,56,4329,10563
2023-04-20 13:17:11,54,55,4329,10563
2023-04-20 13:17:19,55,56,4329,10566
2023-04-20 13:17:26,56,57,4333,10580
2023-04-20 13:17:26,56,57,4342,10589
2023-04-20 13:17:31,55,57,4342,10589
2023-04-20 13:17:47,56,57,4342,10589
2023-04-20 13:18:30,56,57,4345,10592
2023-04-20 13:19:12,55,56,4341,10698
2023-04-20 13:19:12,54,56,4350,10707
2023-04-20 13:19:14,54,55,4350,10707
2023-04-20 13:19:20,53,55,4350,10707
2023-04-20 13:19:56,54,55,4350,10707
2023-04-20 13:20:00,55,56,4350,10714
2023-04-20 13:20:00,55,56,4358,10722
2023-04-20 13:20:29,55,57,4376,10745
2023-04-20 13:20:29,56,57,4385,10754
2023-04-20 13:20:35,55,57,4385,10754
2023-04-20 13:20:45,56,57,4385,10754
2023-04-20 13:20:48,57,58,4390,10761
2023-04-20 13:20:48,57,58,4399,10770
2023-04-20 13:21:18,56,58,4399,10770
2023-04-20 13:21:19,57,58,4399,10770
2023-04-20 13:21:32,58,59,4415,10788
2023-04-20 13:21:32,58,59,4420,10793
2023-04-20 13:21:45,59,60,4420,10795
2023-04-20 13:21:46,59,63,4420,10795
2023-04-20 13:21:46,59,62,4420,10795
2023-04-20 13:21:46,59,62,4425,10800
2023-04-20 13:21:46,59,62,4428,10803
2023-04-20 13:21:46,59,63,4428,10803
2023-04-20 13:21:46,60,63,4428,10803
2023-04-20 13:21:46,59,63,4428,10803
2023-04-20 13:21:47,59,62,4428,10803
2023-04-20 13:21:47,60,62,4428,10803
2023-04-20 13:22:03,59,63,4428,10803
2023-04-20 13:22:04,59,62,4428,10803
2023-04-20 13:22:04,60,62,4428,10803
2023-04-20 13:22:31,60,61,4428,10803
2023-04-20 13:22:36,58,60,4425,10806
2023-04-20 13:22:46,59,60,4425,10806
2023-04-20 13:23:16,59,61,4425,10806
2023-04-20 13:23:39,59,60,4425,10806
2023-04-20 13:24:25,58,59,4417,10814
2023-04-20 13:24:29,56,59,4417,10814
2023-04-20 13:24:30,57,59,4417,10814
2023-04-20 13:25:14,54,59,5066,11570
2023-04-20 13:25:14,52,59,5066,11570
2023-04-20 13:25:15,53,59,5066,11570
2023-04-20 13:25:15,53,57,5066,11570
2023-04-20 13:25:15,53,56,5066,11570
2023-04-20 13:25:21,54,56,5066,11570
2023-04-20 13:26:16,55,56,5066,11570
2023-04-20 13:26:24,54,56,5066,11570
2023-04-20 13:27:02,55,56,5066,11570
2023-04-20 13:28:26,55,56,5066,11573
2023-04-20 13:28:35,54,56,5066,11573
2023-04-20 13:28:58,55,56,5066,11573
2023-04-20 13:29:25,54,56,5066,11573
2023-04-20 13:30:11,55,56,5066,11573
2023-04-20 13:30:15,54,56,5069,11580
2023-04-20 13:30:22,54,55,5069,11580
2023-04-20 13:30:22,53,55,5179,11690
2023-04-20 13:30:22,53,54,5179,11690
2023-04-20 13:30:22,53,54,5188,11699
2023-04-20 13:30:35,52,54,5188,11699
2023-04-20 13:30:36,52,53,5188,11699
2023-04-20 13:31:10,50,53,5188,11699
2023-04-20 13:31:15,51,53,5188,11699
2023-04-20 13:31:27,53,55,5176,11711
2023-04-20 13:31:28,53,54,5176,11711
2023-04-20 13:31:28,53,55,5176,11711
2023-04-20 13:31:28,53,54,5176,11711
2023-04-20 13:31:49,54,55,5184,11729
2023-04-20 13:31:54,53,55,5184,11729
2023-04-20 13:31:58,54,55,5184,11729
2023-04-20 13:32:05,55,56,5184,11731
2023-04-20 13:32:05,55,56,5206,11753
2023-04-20 13:32:13,54,56,5206,11753
2023-04-20 13:32:14,55,56,5206,11753
2023-04-20 13:32:24,56,59,5211,11758
2023-04-20 13:32:27,56,58,5211,11758
2023-04-20 13:32:31,57,58,5211,11758
2023-04-20 13:36:06,49,51,5203,11869
2023-04-20 13:36:06,49,51,5206,11872
2023-04-20 13:36:07,49,51,5127,11951
2023-04-20 13:36:07,49,51,4543,12750
2023-04-20 13:36:08,49,51,4543,13050
2023-04-20 13:36:09,49,51,4543,13350
2023-04-20 13:36:09,50,51,4543,13350
2023-04-20 13:36:11,50,51,4543,13650
2023-04-20 13:36:12,50,51,4543,13950
2023-04-20 13:36:13,51,52,4543,14161
2023-04-20 13:36:14,52,53,4543,14162
2023-04-20 13:36:15,53,54,4543,14163
2023-04-20 13:37:14,53,54,4774,14413
2023-04-20 13:37:14,51,54,4800,14439
2023-04-20 13:37:14,51,54,4817,14456
2023-04-20 13:37:14,51,53,4817,14456
2023-04-20 13:37:14,51,53,4851,14490
2023-04-20 13:37:17,51,52,4868,14507
2023-04-20 13:37:20,52,53,4868,14508
2023-04-20 13:37:20,52,53,4930,14570
2023-04-20 13:37:33,53,54,5180,14821
2023-04-20 13:37:41,54,57,5192,14846
2023-04-20 13:37:44,55,57,5192,14846
2023-04-20 13:37:46,59,61,5193,15084
2023-04-20 13:37:46,59,61,5197,15088
2023-04-20 13:37:46,59,61,5215,15106
2023-04-20 13:37:47,59,61,5216,15107
2023-04-20 13:37:47,59,61,5229,15120
2023-04-20 13:37:48,60,61,5229,15120
2023-04-20 13:37:48,59,61,5476,15370
2023-04-20 13:37:49,59,61,5726,15620
2023-04-20 13:37:50,59,61,5782,15676
2023-04-20 13:37:53,60,61,5782,15676
2023-04-20 13:37:54,61,62,5788,15682
2023-04-20 13:37:54,61,62,6038,15932
2023-04-20 13:37:54,60,62,6155,16049
2023-04-20 13:37:55,60,61,6155,16049
2023-04-20 13:37:57,58,60,6151,16053
2023-04-20 13:38:11,58,63,6151,16053
2023-04-20 13:38:11,58,65,6151,16053
2023-04-20 13:38:12,58,64,6151,16053
2023-04-20 13:38:12,58,62,6151,16053
2023-04-20 13:38:28,58,61,6151,16053
2023-04-20 13:38:43,58,62,6151,16053
2023-04-20 13:38:43,58,61,6151,16053
2023-04-20 13:39:08,59,61,6151,16053
2023-04-20 13:39:15,59,62,6151,16053
2023-04-20 13:39:15,59,63,6151,16053
2023-04-20 13:39:16,60,63,6151,16053
2023-04-20 13:39:21,60,62,6151,16053
2023-04-20 13:39:44,60,61,6151,16053
2023-04-20 13:39:44,60,62,6151,16053
2023-04-20 13:39:44,60,63,6151,16053
2023-04-20 13:39:47,60,62,6151,16053
2023-04-20 13:40:00,60,63,6151,16053
2023-04-20 13:40:02,60,62,6151,16053
2023-04-20 13:40:05,58,62,6151,16053
2023-04-20 13:40:19,58,61,6151,16053
2023-04-20 13:40:34,58,62,6151,16053
2023-04-20 13:40:37,58,61,6151,16053
2023-04-20 13:40:42,58,62,6151,16053
2023-04-20 13:40:43,58,61,6151,16053
2023-04-20 13:40:44,57,61,6145,16547
2023-04-20 13:40:44,55,58,6145,16547
2023-04-20 13:40:45,55,57,6145,16547
2023-04-20 13:40:47,53,57,6145,16547
2023-04-20 13:40:47,54,57,6145,16547
2023-04-20 13:40:48,55,57,6145,16547
2023-04-20 13:40:48,56,57,6145,16547
2023-04-20 13:41:18,57,58,6150,16553
2023-04-20 13:41:23,57,58,6151,16554
2023-04-20 13:41:23,62,64,6151,16631
2023-04-20 13:41:23,62,64,6152,16632
2023-04-20 13:41:24,62,63,6152,16632
2023-04-20 13:41:24,59,63,6152,16632
2023-04-20 13:41:24,63,64,6159,16639
2023-04-20 13:42:03,65,66,6165,16721
2023-04-20 13:42:03,65,67,6165,16721
2023-04-20 13:42:05,65,66,6165,16721
2023-04-20 13:42:21,65,67,6165,16721
2023-04-20 13:42:22,65,66,6165,16721
2023-04-20 13:42:37,64,65,6162,16724
2023-04-20 13:42:38,59,65,6155,17598
2023-04-20 13:42:39,59,64,6155,17598
2023-04-20 13:42:39,59,61,6155,17598
2023-04-20 13:42:39,59,60,6155,17598
2023-04-20 13:42:45,58,60,6155,17598
2023-04-20 13:42:46,56,60,6155,17598
2023-04-20 13:42:46,57,60,6155,17598
2023-04-20 13:44:07,58,60,6155,17598
2023-04-20 13:44:20,59,60,6155,17598
2023-04-20 13:44:24,58,60,6155,17598
2023-04-20 13:44:40,59,60,6155,17598
2023-04-20 13:48:40,57,60,6155,17598
2023-04-20 13:48:41,58,60,6155,17598
2023-04-20 13:48:55,59,60,6155,17598
2023-04-20 13:51:38,58,59,6152,17741
2023-04-20 13:51:44,57,59,6152,17741
2023-04-20 13:51:45,56,59,6152,17741
2023-04-20 13:51:55,56,58,6152,17741
2023-04-20 13:52:06,56,59,6152,17741
2023-04-20 13:52:11,57,59,6152,17741
2023-04-20 13:52:13,57,60,6152,17741
2023-04-20 13:52:13,58,60,6152,17741
2023-04-20 13:52:23,57,60,6149,17811
2023-04-20 13:52:23,57,59,6149,17811
2023-04-20 13:52:37,58,59,6149,17811
2023-04-20 13:52:39,57,58,6146,17814
2023-04-20 13:52:39,55,56,6145,17852
2023-04-20 13:52:41,54,56,6145,17852
2023-04-20 13:52:47,54,55,6145,17852
2023-04-20 13:52:54,53,54,6145,17857
2023-04-20 13:53:10,53,55,6145,17857
2023-04-20 13:53:11,52,53,6145,18057
2023-04-20 13:53:13,50,53,6145,18057
2023-04-20 13:53:21,50,52,6145,18057
2023-04-20 13:53:42,51,52,6145,18057
2023-04-20 13:53:47,51,54,6145,18057
2023-04-20 13:53:48,51,53,6145,18057
2023-04-20 13:54:12,51,52,6145,18057
2023-04-20 13:54:37,51,52,6245,18157
2023-04-20 13:54:44,51,53,6245,18157
2023-04-20 13:54:45,51,55,6245,18157
2023-04-20 13:54:45,51,54,6245,18157
2023-04-20 13:54:45,50,51,6245,18167
2023-04-20 13:54:52,48,51,6245,18167
2023-04-20 13:54:53,48,50,6245,18167
2023-04-20 13:55:13,49,50,6245,18167
2023-04-20 13:55:18,49,54,6245,18167
2023-04-20 13:55:19,49,53,6245,18167
2023-04-20 13:56:13,49,56,6245,18180
2023-04-20 13:56:13,53,56,6253,18188
2023-04-20 13:56:14,53,54,6253,18188
2023-04-20 13:56:29,53,56,6253,18188
2023-04-20 13:56:29,54,56,6253,18188
2023-04-20 13:56:30,54,55,6253,18188
2023-04-20 13:56:46,54,56,6253,18188
2023-04-20 13:56:46,53,54,6253,18189
2023-04-20 13:57:01,55,56,6253,18195
2023-04-20 13:57:09,54,56,6253,18195
2023-04-20 13:57:09,56,57,6271,18213
2023-04-20 13:57:15,55,57,6271,18213
2023-04-20 13:57:15,54,57,6271,18213
2023-04-20 13:57:16,57,63,6271,18214
2023-04-20 13:57:17,58,63,6271,18214
2023-04-20 13:57:21,53,63,6271,18214
2023-04-20 13:57:22,54,63,6271,18214
2023-04-20 13:57:33,55,63,6271,18214
2023-04-20 13:58:05,56,63,6271,18214
2023-04-20 13:58:16,62,63,6271,18214
2023-04-20 13:58:28,63,73,6276,18219
2023-04-20 13:58:28,65,73,6276,18219
2023-04-20 13:58:28,65,70,6276,18219
2023-04-20 13:58:28,65,68,6276,18219
2023-04-20 13:58:29,65,67,6276,18219
2023-04-20 13:58:36,66,67,6276,18219
2023-04-20 13:59:05,64,67,6276,18219
2023-04-20 13:59:05,65,67,6276,18219
2023-04-20 13:59:13,66,67,6276,18219
2023-04-20 13:59:17,66,71,6276,18224
2023-04-20 13:59:27,65,71,6276,18224
2023-04-20 13:59:28,65,72,6276,18224
2023-04-20 13:59:29,65,71,6276,18224
2023-04-20 13:59:30,66,71,6276,18224
2023-04-20 13:59:58,67,71,6276,18224
2023-04-20 14:00:17,67,70,6276,18224
2023-04-20 14:00:18,67,69,6276,18224
2023-04-20 14:00:29,67,70,6276,18224
2023-04-20 14:00:32,67,71,6276,18224
2023-04-20 14:00:45,68,71,6276,18224
2023-04-20 14:00:48,69,71,6276,18224
2023-04-20 14:00:49,73,75,6282,18231
2023-04-20 14:00:50,73,74,6282,18231
2023-04-20 14:01:04,75,77,6216,18302
2023-04-20 14:01:05,75,77,6216,18307
2023-04-20 14:01:05,75,77,6216,18308
2023-04-20 14:01:05,75,77,6216,18309
2023-04-20 14:01:06,75,76,6216,18309
2023-04-20 14:01:06,73,75,6199,18326
2023-04-20 14:01:07,74,75,6199,18326
2023-04-20 14:01:09,73,74,6197,18328
2023-04-20 14:01:15,73,75,6197,18328
2023-04-20 14:01:15,73,76,6197,18328
2023-04-20 14:01:18,73,75,6197,18328
2023-04-20 14:01:23,73,75,6197,18628
2023-04-20 14:01:23,73,75,6210,18641
2023-04-20 14:01:23,73,75,6223,18654
2023-04-20 14:01:24,73,75,6223,18954
2023-04-20 14:01:25,73,75,6223,19254
2023-04-20 14:01:26,71,73,6220,19257
2023-04-20 14:01:26,72,73,6220,19257
2023-04-20 14:01:27,72,73,6220,19258
2023-04-20 14:01:28,71,72,6213,19265
2023-04-20 14:01:31,71,73,6213,19265
2023-04-20 14:01:31,71,74,6213,19265
2023-04-20 14:01:31,71,75,6213,19265
2023-04-20 14:01:33,72,75,6213,19265
2023-04-20 14:01:34,72,74,6213,19265
2023-04-20 14:01:34,71,72,6210,19268
2023-04-20 14:02:06,71,73,6215,19273
2023-04-20 14:02:09,72,73,6215,19273
2023-04-20 14:02:14,71,72,6212,19276
2023-04-20 14:02:16,71,73,6212,19276
2023-04-20 14:02:23,71,72,6212,19276
2023-04-20 14:02:26,72,73,6213,19277
2023-04-20 14:02:27,71,72,6213,19296
2023-04-20 14:02:32,69,71,6208,19568
2023-04-20 14:02:33,69,70,6208,19568
2023-04-20 14:02:34,70,71,6208,19569
2023-04-20 14:02:39,69,71,6208,19569
2023-04-20 14:02:40,69,70,6208,19569
2023-04-20 14:02:49,69,71,6208,19569
2023-04-20 14:02:58,67,71,6204,19703
2023-04-20 14:02:58,64,71,6204,19703
2023-04-20 14:03:07,65,71,6204,19703
2023-04-20 14:03:07,67,71,6204,19703
2023-04-20 14:03:09,67,72,6204,19703
2023-04-20 14:03:09,68,72,6204,19703
2023-04-20 14:03:11,68,71,6204,19703
2023-04-20 14:03:18,65,71,6528,20030
2023-04-20 14:03:18,66,71,6528,20030
2023-04-20 14:03:18,66,67,6528,20030
2023-04-20 14:03:23,65,67,6528,20030
2023-04-20 14:03:24,65,67,6528,20678
2023-04-20 14:03:24,65,67,6528,20742
2023-04-20 14:03:25,66,67,6528,20742
2023-04-20 14:03:28,66,70,6528,20742
2023-04-20 14:03:35,73,74,6542,21467
2023-04-20 14:03:35,71,74,6663,21588
2023-04-20 14:03:35,71,73,6663,21588
2023-04-20 14:03:36,72,73,6663,21588
2023-04-20 14:04:06,73,75,6789,21714
2023-04-20 14:04:07,73,76,6789,21714
2023-04-20 14:04:11,74,76,6789,21714
2023-04-20 14:04:37,72,74,6789,21717
2023-04-20 14:04:39,72,73,6789,21717
2023-04-20 14:04:42,72,74,6789,21717
2023-04-20 14:04:47,72,75,6789,21717
2023-04-20 14:05:14,73,75,6789,21717
2023-04-20 14:05:18,72,75,6789,22791
2023-04-20 14:06:10,74,75,6789,22791
2023-04-20 14:06:14,74,76,6789,22791
2023-04-20 14:06:15,74,79,6789,22791
2023-04-20 14:06:15,75,79,6789,22791
2023-04-20 14:06:16,75,78,6789,22791
2023-04-20 14:06:40,75,79,6789,22791
2023-04-20 14:06:44,76,79,6789,22791
2023-04-20 14:06:44,77,79,6789,22791
2023-04-20 14:06:58,76,79,6789,22791
2023-04-20 14:07:13,75,79,6789,22791
2023-04-20 14:07:13,75,82,6789,22791
2023-04-20 14:07:13,75,81,6789,22791
2023-04-20 14:07:13,77,81,6789,22791
2023-04-20 14:07:15,77,80,6789,22791
2023-04-20 14:07:46,75,77,6789,22794
2023-04-20 14:07:49,75,76,6789,22794
2023-04-20 14:07:58,75,77,6789,22794
2023-04-20 14:07:59,75,78,6789,22794
2023-04-20 14:07:59,75,77,6789,22794
2023-04-20 14:08:00,75,76,6789,22794
2023-04-20 14:08:01,75,77,6789,22794
2023-04-20 14:08:01,75,78,6789,22794
2023-04-20 14:08:13,75,77,6789,22794
2023-04-20 14:08:14,75,76,6789,22794
2023-04-20 14:08:17,74,75,6786,22797
2023-04-20 14:08:18,72,75,6786,22797
2023-04-20 14:08:18,72,74,6786,22797
2023-04-20 14:08:19,73,74,6786,22797
2023-04-20 14:08:22,73,75,6786,22797
2023-04-20 14:08:22,73,76,6786,22797
2023-04-20 14:08:33,72,76,6786,22797
2023-04-20 14:08:33,73,76,6786,22797
2023-04-20 14:08:34,74,76,6786,22797
2023-04-20 14:08:43,75,76,6786,22797
2023-04-20 14:09:06,75,77,6786,22797
2023-04-20 14:09:07,76,77,6786,22797
2023-04-20 14:09:17,76,78,6791,22802
2023-04-20 14:09:18,77,78,6791,22802
2023-04-20 14:09:36,77,79,6791,22802
2023-04-20 14:09:36,77,80,6791,22802
2023-04-20 14:09:37,78,80,6791,22802
2023-04-20 14:09:37,78,79,6791,22802
2023-04-20 14:09:37,77,78,6788,22805
2023-04-20 14:09:40,77,79,6788,22805
2023-04-20 14:09:40,77,78,6788,22805
2023-04-20 14:09:41,77,79,6788,22805
2023-04-20 14:09:43,78,79,6788,22805
2023-04-20 14:09:44,77,78,6785,22808
2023-04-20 14:10:13,77,79,6785,22808
2023-04-20 14:10:13,78,79,6785,22808
2023-04-20 14:10:18,77,78,6785,22811
2023-04-20 14:10:28,78,79,6785,22811
2023-04-20 14:10:40,78,80,6785,22811
2023-04-20 14:10:40,79,80,6785,22811
2023-04-20 14:10:42,77,79,6782,22814
2023-04-20 14:10:43,77,78,6782,22814
2023-04-20 14:10:44,76,77,6779,22817
2023-04-20 14:10:52,76,77,6875,22918
2023-04-20 14:10:52,75,76,6875,22922
2023-04-20 14:11:11,74,75,6875,22929
2023-04-20 14:11:37,74,76,6875,22929
2023-04-20 14:11:37,74,77,6875,22929
2023-04-20 14:11:38,74,78,6875,22929
2023-04-20 14:11:38,75,78,6875,22929
2023-04-20 14:12:04,74,75,6880,23032
2023-04-20 14:12:32,74,76,6885,23037
2023-04-20 14:12:38,74,76,6886,23038
2023-04-20 14:12:39,75,76,6886,23038
2023-04-20 14:12:56,74,75,6886,23039
2023-04-20 14:13:14,73,74,6886,23047
2023-04-20 14:13:18,73,74,6965,23126
2023-04-20 14:13:23,73,75,6965,23126
2023-04-20 14:13:29,74,75,6965,23126
2023-04-20 14:13:33,74,76,6965,23126
2023-04-20 14:13:33,74,77,6965,23126
2023-04-20 14:13:33,75,77,6965,23126
2023-04-20 14:13:49,76,77,6965,23126
2023-04-20 14:13:55,76,78,6965,23126
2023-04-20 14:14:03,77,78,6965,23126
2023-04-20 14:14:25,77,80,6965,23126
2023-04-20 14:14:25,78,80,6965,23126
2023-04-20 14:14:26,78,79,6965,23126
2023-04-20 14:14:31,77,78,6977,23138
2023-04-20 14:14:45,77,79,6977,23138
2023-04-20 14:14:51,76,79,6977,23138
2023-04-20 14:14:57,76,78,6977,23138
2023-04-20 14:15:02,77,78,6977,23138
2023-04-20 14:15:04,77,79,6977,23138
2023-04-20 14:15:45,78,79,6977,23138
2023-04-20 14:16:03,78,81,6989,23162
2023-04-20 14:16:04,79,81,6989,23162
2023-04-20 14:16:06,79,82,6989,23162
2023-04-20 14:16:17,79,81,6989,23162
2023-04-20 14:16:44,79,83,6989,23162
2023-04-20 14:16:45,80,83,6989,23162
2023-04-20 14:16:49,80,82,6989,23162
2023-04-20 14:18:14,80,83,6989,23162
2023-04-20 14:18:36,81,83,6989,23162
2023-04-20 14:19:03,82,83,6989,23162
2023-04-20 14:19:22,82,85,6989,23162
2023-04-20 14:19:22,83,85,6989,23162
2023-04-20 14:19:25,83,84,6989,23162
2023-04-20 14:19:27,82,83,6986,23165
2023-04-20 14:19:28,81,83,6986,23165
2023-04-20 14:19:31,81,84,6986,23165
2023-04-20 14:19:39,82,84,6986,23165
2023-04-20 14:19:56,82,83,6986,23165
2023-04-20 14:19:59,81,82,6983,23168
2023-04-20 14:20:12,81,84,6988,23173
2023-04-20 14:20:12,82,84,6988,23173
2023-04-20 14:20:16,83,84,6988,23173
2023-04-20 14:20:19,82,84,6988,23173
2023-04-20 14:20:22,83,84,6988,23173
2023-04-20 14:20:22,83,84,7005,23190
2023-04-20 14:20:22,82,84,7005,23190
2023-04-20 14:20:24,83,84,7005,23190
2023-04-20 14:20:29,82,84,7005,23190
2023-04-20 14:20:31,83,84,7005,23190
2023-04-20 14:20:36,83,85,7005,23190
2023-04-20 14:20:37,83,86,7005,23190
2023-04-20 14:20:57,83,86,7005,23215
2023-04-20 14:21:08,84,86,7005,23215
2023-04-20 14:21:17,85,86,7005,23215
2023-04-20 14:21:26,84,86,7005,23215
2023-04-20 14:21:39,85,86,7005,23215
2023-04-20 14:21:40,85,87,7005,23215
2023-04-20 14:21:45,85,86,7005,23215
2023-04-20 14:21:47,83,85,7002,23218
2023-04-20 14:21:52,83,86,7002,23218
2023-04-20 14:22:05,83,85,7002,23218
2023-04-20 14:23:04,83,84,7002,23218
2023-04-20 14:23:12,83,85,7002,23218
2023-04-20 14:23:13,83,84,7002,23218
2023-04-20 14:23:16,81,83,6999,23221
2023-04-20 14:23:17,80,83,6999,23221
2023-04-20 14:23:31,81,83,6999,23221
2023-04-20 14:23:51,81,82,6999,23221
2023-04-20 14:23:51,81,83,6999,23221
2023-04-20 14:23:52,81,82,6999,23221
2023-04-20 14:23:54,79,82,6999,23221
2023-04-20 14:23:55,80,82,6999,23221
2023-04-20 14:24:04,81,82,6999,23221
2023-04-20 14:24:23,81,83,6999,23221
2023-04-20 14:24:23,81,84,6999,23221
2023-04-20 14:24:24,82,84,6999,23221
2023-04-20 14:24:46,83,84,6999,23221
2023-04-20 14:24:57,86,87,7011,23433
2023-04-20 14:24:57,86,87,7027,23449
2023-04-20 14:24:57,86,87,7043,23465
2023-04-20 14:24:57,86,87,7059,23481
2023-04-20 14:24:57,86,87,7075,23497
2023-04-20 14:24:57,86,87,7091,23513
2023-04-20 14:24:57,86,87,7107,23529
2023-04-20 14:24:57,86,87,7139,23561
2023-04-20 14:24:57,86,87,7155,23577
2023-04-20 14:24:57,86,87,7328,23750
2023-04-20 14:24:57,86,87,7340,23762
2023-04-20 14:24:58,85,87,7380,23802
2023-04-20 14:24:58,85,86,7380,23802
2023-04-20 14:25:00,84,85,7379,23803
2023-04-20 14:25:00,83,85,7479,23904
2023-04-20 14:25:03,83,86,7479,23904
2023-04-20 14:25:03,84,86,7479,23904
2023-04-20 14:25:03,84,86,7479,23912
2023-04-20 14:25:03,84,85,7479,23912
2023-04-20 14:25:04,83,84,7474,23917
2023-04-20 14:25:06,83,84,7474,23922
2023-04-20 14:25:38,83,85,7474,23922
2023-04-20 14:25:38,84,85,7474,23922
2023-04-20 14:25:42,83,84,7472,23925
2023-04-20 14:25:46,83,85,7472,23925
2023-04-20 14:26:04,84,85,7472,23925
2023-04-20 14:26:06,84,86,7472,23925
2023-04-20 14:26:16,85,86,7472,23925
2023-04-20 14:26:17,86,87,7471,23938
2023-04-20 14:26:54,86,87,7171,24238
2023-04-20 14:26:55,86,87,6871,24538
2023-04-20 14:26:56,86,87,6571,24838
2023-04-20 14:26:57,85,86,6479,24930
2023-04-20 14:26:58,85,86,6472,24940
2023-04-20 14:27:02,85,87,6472,24940
2023-04-20 14:27:03,85,86,6472,24940
2023-04-20 14:27:20,86,87,6484,24955
2023-04-20 14:28:19,86,88,6999,25470
2023-04-20 14:28:24,86,89,6999,25470
2023-04-20 14:28:24,87,89,6999,25470
2023-04-20 14:28:36,88,89,6999,25470
2023-04-20 14:29:00,87,89,6999,25470
2023-04-20 14:29:42,88,89,6999,25470
2023-04-20 14:30:39,88,90,6999,25470
2023-04-20 14:31:12,89,90,6999,25470
2023-04-20 14:31:31,89,91,6999,25470
2023-04-20 14:31:45,89,90,6999,25470
2023-04-20 14:31:58,89,91,7158,25813
2023-04-20 14:31:58,89,90,7158,25813
2023-04-20 14:32:10,88,89,7154,25917
2023-04-20 14:32:27,88,90,7159,26013
2023-04-20 14:32:27,89,90,7159,26013
2023-04-20 14:33:13,89,90,7784,26638
2023-04-20 14:33:20,89,91,7784,26638
2023-04-20 14:33:20,90,91,7784,26638
2023-04-20 14:33:44,89,90,7776,26646
2023-04-20 14:33:48,89,91,7776,26646
2023-04-20 14:33:55,90,91,7776,26646
2023-04-20 14:33:56,90,91,7776,26946
2023-04-20 14:33:57,90,91,7776,27246
2023-04-20 14:33:58,90,91,7776,27546
2023-04-20 14:33:59,89,90,7775,27647
2023-04-20 14:34:09,89,91,7775,27647
2023-04-20 14:34:30,90,91,7775,27647
2023-04-20 14:35:00,91,92,7675,27753
2023-04-20 14:35:00,91,92,7675,27761
2023-04-20 14:35:06,91,92,7675,27763
2023-04-20 14:36:14,91,93,7680,27868
2023-04-20 14:36:14,92,93,7680,27868
2023-04-20 14:36:57,92,93,7684,27872
2023-04-20 14:37:01,91,92,7679,27881
2023-04-20 14:37:56,90,92,7679,27881
2023-04-20 14:37:56,90,91,7679,27881
2023-04-20 14:38:13,90,92,7679,27981
2023-04-20 14:38:13,91,92,7679,27981
2023-04-20 14:38:15,90,92,7679,27981
2023-04-20 14:38:15,91,92,7679,27981
2023-04-20 14:40:35,91,93,7679,27981
2023-04-20 14:42:40,92,93,7679,27981
2023-04-20 14:42:54,92,93,7679,27984
2023-04-20 14:46:51,92,94,7685,27990
2023-04-20 14:46:51,93,94,7685,27990
2023-04-20 14:47:14,92,94,7685,27999
2023-04-20 14:47:14,92,93,7685,27999
2023-04-20 14:47:25,92,93,7686,28000
2023-04-20 14:51:46,92,94,7707,28021
2023-04-20 14:51:55,93,94,7707,28021
2023-04-20 14:54:29,93,95,7713,28027
2023-04-20 14:54:47,94,95,7713,28027
2023-04-20 15:03:25,94,95,7718,28032
2023-04-20 15:03:34,94,96,7718,28032
2023-04-20 15:03:35,95,96,7718,28032
2023-04-20 15:03:52,94,96,7718,28039
2023-04-20 15:04:04,95,96,7718,28039
2023-04-20 15:06:03,94,96,7718,28046
2023-04-20 15:06:04,94,95,7718,28046
2023-04-20 15:07:21,94,96,7718,28046
2023-04-20 15:07:22,95,96,7718,28046
2023-04-20 15:09:56,95,96,7723,28051
2023-04-20 15:10:02,95,96,7776,28104
2023-04-20 15:10:09,95,96,7786,28114
2023-04-20 15:10:26,95,96,7791,28119
2023-04-20 15:11:33,94,95,7791,28124
2023-04-20 15:12:08,94,96,7791,28124
2023-04-20 15:12:08,95,96,7791,28124
2023-04-20 15:13:10,94,95,7788,28127
2023-04-20 15:13:35,94,95,7774,28141
2023-04-20 15:14:43,93,94,7765,29151
2023-04-20 15:14:55,92,93,7757,29160
2023-04-20 15:15:44,92,93,7757,29165
2023-04-20 15:15:48,90,92,7754,29169
2023-04-20 15:16:13,90,91,7754,29169
2023-04-20 15:16:23,90,92,7754,29169
2023-04-20 15:16:24,90,92,7754,29174
2023-04-20 15:16:37,90,91,7754,29174
2023-04-20 15:16:40,89,90,7754,29186
2023-04-20 15:17:18,89,90,7660,29280
2023-04-20 15:17:21,89,90,7610,29330
2023-04-20 15:17:25,89,92,7610,29330
2023-04-20 15:17:26,90,92,7610,29330
2023-04-20 15:17:27,89,92,7610,29330
2023-04-20 15:17:34,89,91,7610,29330
2023-04-20 15:17:58,89,90,7610,29330
2023-04-20 15:19:28,89,92,7604,29348
2023-04-20 15:19:29,90,92,7604,29348
2023-04-20 15:19:34,90,93,7604,29348
2023-04-20 15:19:34,91,93,7604,29348
2023-04-20 15:19:48,91,92,7604,29348
2023-04-20 15:20:29,89,91,7601,29351
2023-04-20 15:20:31,90,91,7601,29351
2023-04-20 15:20:34,89,91,7604,29363
2023-04-20 15:20:48,89,90,7604,29363
2023-04-20 15:21:04,89,90,7605,29364
2023-04-20 15:21:15,89,90,7605,29367
2023-04-20 15:21:16,90,91,7604,29369
2023-04-20 15:21:27,90,92,7604,29369
2023-04-20 15:21:27,90,93,7604,29369
2023-04-20 15:21:28,91,93,7604,29369
2023-04-20 15:21:48,92,93,7604,29369
2023-04-20 15:22:01,92,95,7604,29369
2023-04-20 15:22:01,92,94,7604,29369
2023-04-20 15:22:02,93,94,7604,29369
2023-04-20 15:22:05,93,95,7604,29369
2023-04-20 15:22:35,93,94,7604,29369
2023-04-20 15:22:52,91,94,7604,29369
2023-04-20 15:22:52,92,94,7604,29369
2023-04-20 15:23:29,91,94,7603,29372
2023-04-20 15:23:42,92,94,7603,29372
2023-04-20 15:23:43,93,94,7603,29372
2023-04-20 15:24:07,93,95,7603,29372
2023-04-20 15:24:08,94,95,7603,29372
2023-04-20 15:26:33,93,95,7669,29477
2023-04-20 15:26:33,93,95,7682,29490
2023-04-20 15:26:41,93,94,7682,29490
2023-04-20 15:26:45,92,94,7682,29490
2023-04-20 15:26:46,92,93,7682,29490
2023-04-20 15:27:09,92,93,7682,29495
2023-04-20 15:27:37,91,93,7682,29495
2023-04-20 15:27:38,91,92,7682,29495
2023-04-20 15:28:04,91,93,7682,29495
2023-04-20 15:28:40,91,92,7682,29495
2023-04-20 15:29:02,89,92,7682,29495
2023-04-20 15:29:04,89,91,7682,29495
2023-04-20 15:29:04,90,91,7682,29495
2023-04-20 15:29:56,90,93,7682,29495
2023-04-20 15:29:56,90,92,7682,29495
2023-04-20 15:30:04,91,92,7682,29495
2023-04-20 15:30:07,92,93,7682,29498
2023-04-20 15:30:18,91,93,7682,29598
2023-04-20 15:30:18,92,93,7682,29598
2023-04-20 15:30:19,92,95,7682,29598
2023-04-20 15:30:30,93,95,7682,29598
2023-04-20 15:30:39,93,95,7682,29627
2023-04-20 15:30:39,92,95,7682,29627
2023-04-20 15:30:39,93,95,7682,29627
2023-04-20 15:30:51,93,94,7682,29627
2023-04-20 15:31:23,94,95,7694,29641
2023-04-20 15:31:56,95,96,7708,29655
2023-04-20 15:32:09,94,96,7708,29655
2023-04-20 15:32:12,95,96,7708,29655
2023-04-20 15:34:27,96,97,7714,29661
2023-04-20 15:34:44,96,98,7719,29767
2023-04-20 15:34:56,97,98,7719,29767
2023-04-20 15:35:39,97,98,7711,29787
2023-04-20 15:36:39,96,98,7822,29901
2023-04-20 15:36:53,96,97,7822,29901
2023-04-20 15:36:59,95,97,7822,29901
2023-04-20 15:37:24,96,97,7822,29901
2023-04-20 15:37:26,97,98,7827,30006
2023-04-20 15:38:24,96,97,7819,30114
2023-04-20 15:38:30,96,98,7819,30114
2023-04-20 15:38:48,97,98,7819,30114
2023-04-20 15:39:57,97,98,7823,30119
2023-04-20 15:40:14,96,98,7815,30227
2023-04-20 15:40:31,97,98,7815,30227
2023-04-20 15:43:40,96,97,7694,30348
2023-04-20 15:44:13,96,98,7694,30348
2023-04-20 15:44:14,97,98,7694,30348
2023-04-20 15:45:38,97,98,7691,30373
2023-04-20 15:46:00,97,98,7696,30533
2023-04-20 15:47:04,96,97,7688,31119
2023-04-20 15:47:30,96,99,7698,31129
2023-04-20 15:47:38,97,99,7698,31129
2023-04-20 15:48:30,98,99,7698,31129
2023-04-20 15:50:38,98,100,7803,31481
2023-04-20 15:50:48,99,100,7803,31481
2023-04-20 15:51:50,99,100,7800,32633
2023-04-20 15:55:14,98,100,8201,34239
2023-04-20 15:55:57,98,100,8201,34239
2023-04-20 15:55:58,99,100,8201,34239
