datetime,bid,ask,open_interest,volume
2023-05-23 09:30:29,6,14,1245,2157
2023-05-23 09:30:48,14,17,1290,2202
2023-05-23 09:30:48,6,17,1290,2202
2023-05-23 09:31:04,10,17,1290,2202
2023-05-23 09:31:04,11,17,1290,2202
2023-05-23 09:31:04,11,16,1290,2202
2023-05-23 09:31:04,12,16,1290,2202
2023-05-23 09:31:04,14,16,1290,2202
2023-05-23 09:31:51,14,15,1290,2202
2023-05-23 09:31:54,12,14,1285,2207
2023-05-23 09:31:54,12,15,1285,2207
2023-05-23 09:32:07,12,14,1285,2207
2023-05-23 09:32:24,12,14,1245,2407
2023-05-23 09:32:25,12,14,1394,2607
2023-05-23 09:32:26,11,12,1499,2712
2023-05-23 09:32:26,11,14,1499,2712
2023-05-23 09:32:30,11,13,1499,2712
2023-05-23 09:33:35,11,12,1499,2712
2023-05-23 09:35:27,10,12,1499,2717
2023-05-23 09:35:46,11,12,1499,2717
2023-05-23 09:35:49,10,12,1499,2717
2023-05-23 09:36:11,11,12,1499,2717
2023-05-23 09:36:21,10,12,1499,2717
2023-05-23 09:36:42,11,12,1499,2717
2023-05-23 09:37:02,11,13,1504,2722
2023-05-23 09:38:57,12,13,1504,2722
2023-05-23 09:38:59,13,14,1504,2727
2023-05-23 09:38:59,12,14,1504,2727
2023-05-23 09:39:02,13,14,1504,2727
2023-05-23 09:40:02,12,13,1504,2732
2023-05-23 09:40:15,11,13,1504,2732
2023-05-23 09:42:00,11,12,1504,2732
2023-05-23 09:45:04,10,11,1504,2737
2023-05-23 09:45:07,10,12,1504,2737
2023-05-23 09:45:07,10,11,1504,2737
2023-05-23 09:45:36,10,11,1504,2937
2023-05-23 09:45:45,9,10,1554,3114
2023-05-23 09:48:26,9,10,1559,3119
2023-05-23 09:48:57,9,10,1563,3123
2023-05-23 09:49:00,9,10,1763,3323
2023-05-23 09:49:32,8,9,1926,3486
2023-05-23 09:49:33,8,10,1926,3486
2023-05-23 09:49:35,8,9,1926,3486
2023-05-23 09:49:54,7,8,1926,3531
2023-05-23 09:51:25,6,7,1926,3576
2023-05-23 09:51:27,6,7,1926,3781
2023-05-23 09:52:08,6,7,1926,3871
2023-05-23 09:52:08,6,7,1926,3961
2023-05-23 09:55:30,6,7,1941,3976
2023-05-23 09:57:58,6,7,1741,4176
2023-05-23 10:01:39,6,8,1946,4708
2023-05-23 10:05:13,6,9,2446,5208
2023-05-23 10:05:33,6,8,2446,5208
2023-05-23 10:05:37,6,9,2446,5208
2023-05-23 10:05:40,6,8,2446,5208
2023-05-23 10:05:44,6,9,2446,5208
2023-05-23 10:05:58,6,8,2446,5208
2023-05-23 10:06:04,6,9,2446,5208
2023-05-23 10:06:04,6,8,2446,5208
2023-05-23 10:08:24,6,7,2446,5208
2023-05-23 10:09:52,6,7,2401,5308
2023-05-23 10:10:28,6,7,2601,5508
2023-05-23 10:10:28,6,7,2676,5583
2023-05-23 10:12:17,6,7,2681,5588
2023-05-23 10:13:51,6,7,2736,5643
2023-05-23 10:15:43,7,8,2627,5793
2023-05-23 10:15:43,7,8,2627,5803
2023-05-23 10:15:43,7,8,2627,5813
2023-05-23 10:15:57,8,9,2627,5818
2023-05-23 10:16:03,8,9,2627,6018
2023-05-23 10:16:08,8,9,2627,6188
2023-05-23 10:16:16,8,10,2724,6285
2023-05-23 10:16:47,8,9,2724,6285
2023-05-23 10:16:54,8,10,2724,6285
2023-05-23 10:17:01,8,9,2724,6285
2023-05-23 10:17:32,7,9,2724,6285
2023-05-23 10:17:40,7,9,2724,6353
2023-05-23 10:17:50,7,9,2724,6378
2023-05-23 10:17:53,7,8,2724,6378
2023-05-23 10:18:01,7,8,2724,6578
2023-05-23 10:18:02,7,8,2724,6778
2023-05-23 10:18:03,6,7,2717,6785
2023-05-23 10:18:25,6,7,2782,6850
2023-05-23 10:20:24,6,7,2982,7050
2023-05-23 10:20:52,6,7,3082,7150
2023-05-23 10:23:21,6,7,3095,7190
2023-05-23 10:24:28,6,7,3095,7250
2023-05-23 10:24:38,6,7,3095,7285
2023-05-23 10:25:36,6,7,3095,7302
2023-05-23 10:25:46,6,7,3095,7341
2023-05-23 10:25:49,6,7,3095,7359
2023-05-23 10:25:52,6,7,3095,7559
2023-05-23 10:26:02,6,7,3049,7659
2023-05-23 10:26:04,5,6,3049,7708
2023-05-23 10:26:42,4,5,4039,8898
2023-05-23 10:26:47,4,6,4039,8898
2023-05-23 10:26:47,4,5,4039,8898
2023-05-23 10:31:18,4,5,4064,8923
2023-05-23 10:31:20,4,5,4069,8943
2023-05-23 10:33:07,4,5,4519,9893
2023-05-23 10:34:11,4,5,4519,9898
2023-05-23 10:34:11,4,5,4519,10098
2023-05-23 10:34:34,4,5,4919,10498
2023-05-23 10:35:28,4,5,4954,10533
2023-05-23 10:35:28,4,5,4989,10568
2023-05-23 10:36:17,4,5,5047,10626
2023-05-23 10:37:14,3,5,5109,10688
2023-05-23 10:38:01,4,5,5109,10688
2023-05-23 10:38:17,4,5,5114,10693
2023-05-23 10:38:36,4,5,5159,10738
2023-05-23 10:39:14,4,5,5189,10768
2023-05-23 10:39:34,4,5,5389,10968
2023-05-23 10:41:01,3,4,5434,11013
2023-05-23 10:41:02,3,5,5434,11013
2023-05-23 10:42:05,3,5,5439,11018
2023-05-23 10:43:33,3,5,5439,11118
2023-05-23 10:50:43,4,5,5439,11118
2023-05-23 10:50:44,3,5,5439,11118
2023-05-23 10:50:47,4,5,5439,11118
2023-05-23 10:51:00,4,5,5341,11318
2023-05-23 10:51:01,4,6,5341,11518
2023-05-23 10:51:04,5,6,5341,11518
2023-05-23 10:51:05,5,6,5341,11523
2023-05-23 10:51:06,4,6,5341,11718
2023-05-23 10:54:44,4,5,5341,11718
2023-05-23 10:56:02,4,6,5346,11783
2023-05-23 11:01:06,4,5,5346,11783
2023-05-23 11:01:14,4,5,5348,11785
2023-05-23 11:02:11,4,5,5348,11842
2023-05-23 11:02:53,4,5,5348,12042
2023-05-23 11:02:58,3,4,5398,12142
2023-05-23 11:08:41,3,4,5398,13142
2023-05-23 11:09:02,3,4,5428,13172
2023-05-23 11:10:47,3,4,5438,13182
2023-05-23 11:10:49,3,4,5533,13277
2023-05-23 11:11:11,3,4,5631,13375
2023-05-23 11:11:29,3,4,5636,13380
2023-05-23 11:11:29,3,4,5686,13430
2023-05-23 11:12:34,2,4,5775,13519
2023-05-23 11:14:10,2,4,5775,13611
2023-05-23 11:14:10,2,3,5775,13611
2023-05-23 11:14:10,2,4,5775,13611
2023-05-23 11:23:22,2,3,5775,13611
2023-05-23 11:36:11,2,3,5830,13666
2023-05-23 11:41:41,1,3,5850,13686
2023-05-23 11:43:50,1,2,5850,13686
2023-05-23 12:06:07,1,2,5650,13886
2023-05-23 12:06:28,1,3,5655,14138
2023-05-23 12:06:45,2,3,5655,14138
2023-05-23 12:11:48,2,3,5655,14338
2023-05-23 12:12:50,2,4,5907,14650
2023-05-23 12:14:20,2,3,5907,14650
2023-05-23 12:18:36,2,3,5907,14665
2023-05-23 12:34:30,2,4,5912,14670
2023-05-23 12:35:02,3,4,5912,14670
2023-05-23 12:35:48,4,5,5912,15077
2023-05-23 12:35:49,4,5,5912,15144
2023-05-23 12:35:51,5,6,5912,15149
2023-05-23 12:35:51,5,6,5912,15169
2023-05-23 12:35:51,5,6,5912,15179
2023-05-23 12:35:51,5,7,5912,15179
2023-05-23 12:35:52,5,7,5912,15189
2023-05-23 12:35:53,5,7,6067,15354
2023-05-23 12:36:07,5,7,6069,15356
2023-05-23 12:36:50,5,6,6069,15356
2023-05-23 12:36:50,5,6,6104,15391
2023-05-23 12:37:50,6,7,6109,15396
2023-05-23 12:37:52,6,7,6114,15401
2023-05-23 12:38:05,7,8,6119,15406
2023-05-23 12:38:10,8,10,6119,15426
2023-05-23 12:38:10,7,10,6119,15426
2023-05-23 12:38:12,9,10,6119,15426
2023-05-23 12:38:20,9,11,6119,15426
2023-05-23 12:38:31,10,11,6119,15426
2023-05-23 12:38:31,9,11,6129,15436
2023-05-23 12:38:31,10,11,6129,15436
2023-05-23 12:38:31,10,11,6131,15438
2023-05-23 12:38:34,10,13,6081,15538
2023-05-23 12:38:58,13,14,5681,15968
2023-05-23 12:38:58,13,15,5681,15968
2023-05-23 12:38:59,13,14,5681,15968
2023-05-23 12:39:06,12,14,5681,15968
2023-05-23 12:39:07,12,13,5681,15968
2023-05-23 12:39:33,11,13,5681,16033
2023-05-23 12:39:54,11,13,5691,16533
2023-05-23 12:40:00,11,12,5691,16533
2023-05-23 12:40:02,11,13,5691,16533
2023-05-23 12:40:06,10,13,5691,17033
2023-05-23 12:40:08,10,12,5691,17033
2023-05-23 12:41:01,11,12,5691,17033
2023-05-23 12:41:18,11,12,5711,17053
2023-05-23 12:42:00,10,12,5711,17053
2023-05-23 12:42:00,10,11,5711,17053
2023-05-23 12:42:12,11,12,5711,17073
2023-05-23 12:42:29,12,13,5731,17093
2023-05-23 12:42:45,12,14,5751,17113
2023-05-23 12:42:48,13,14,5751,17113
2023-05-23 12:42:48,12,14,5851,17213
2023-05-23 12:42:49,13,14,5851,17213
2023-05-23 12:42:50,14,15,5851,17233
2023-05-23 12:43:29,15,16,5891,17273
2023-05-23 12:43:55,14,15,5891,17278
2023-05-23 12:44:07,14,16,5911,17298
2023-05-23 12:44:10,15,16,5911,17298
2023-05-23 12:44:17,14,15,6011,17403
2023-05-23 12:44:22,14,15,6111,17503
2023-05-23 12:44:25,14,16,6211,17603
2023-05-23 12:45:56,14,16,6211,17605
2023-05-23 12:46:18,14,15,6211,17605
2023-05-23 12:46:19,13,14,6211,17608
2023-05-23 12:46:19,13,15,6211,17608
2023-05-23 12:46:20,13,16,6211,17608
2023-05-23 12:46:28,13,16,6211,17609
2023-05-23 12:46:35,13,16,6211,17610
2023-05-23 12:46:42,13,14,6211,17610
2023-05-23 12:46:43,13,14,6211,17611
2023-05-23 12:47:05,13,14,6211,17612
2023-05-23 12:47:13,13,14,6211,17614
2023-05-23 12:47:20,13,14,6311,17714
2023-05-23 12:47:21,14,16,6311,17724
2023-05-23 12:47:22,14,16,6311,17726
2023-05-23 12:47:28,14,16,6311,17728
2023-05-23 12:47:37,14,16,6311,17730
2023-05-23 12:47:54,15,16,6311,17730
2023-05-23 12:47:55,16,17,6351,17770
2023-05-23 12:47:57,16,17,6353,17772
2023-05-23 12:48:03,16,17,6355,17774
2023-05-23 12:48:03,17,19,6375,17794
2023-05-23 12:48:05,17,18,6375,17794
2023-05-23 12:48:09,17,18,6376,17795
2023-05-23 12:48:17,18,19,6408,17827
2023-05-23 12:48:18,18,20,6408,17827
2023-05-23 12:48:18,18,20,6422,17841
2023-05-23 12:48:31,18,19,6422,17841
2023-05-23 12:48:35,18,19,6422,18041
2023-05-23 12:48:36,18,19,6422,18241
2023-05-23 12:48:36,18,19,6422,18251
2023-05-23 12:48:38,18,19,6422,18253
2023-05-23 12:48:39,17,18,6422,18261
2023-05-23 12:48:39,17,19,6422,18261
2023-05-23 12:48:46,17,18,6422,18261
2023-05-23 12:48:48,17,18,6536,18461
2023-05-23 12:48:50,17,18,6736,18661
2023-05-23 12:48:52,16,17,6741,18666
2023-05-23 12:48:52,16,18,6741,18666
2023-05-23 12:49:02,17,18,6741,18666
2023-05-23 12:49:49,17,18,6746,18676
2023-05-23 12:50:10,17,18,6746,18678
2023-05-23 12:50:18,17,18,6746,18680
2023-05-23 12:50:57,16,17,6746,18685
2023-05-23 12:50:57,16,18,6746,18685
2023-05-23 12:50:58,17,18,6746,18685
2023-05-23 12:51:50,16,17,6741,18690
2023-05-23 12:52:05,15,17,6736,18704
2023-05-23 12:52:10,15,16,6736,18704
2023-05-23 12:52:12,15,16,6936,18904
2023-05-23 12:52:14,14,15,6931,18909
2023-05-23 12:52:42,14,15,6911,18929
2023-05-23 12:53:02,13,14,6896,18944
2023-05-23 12:56:36,12,14,6896,18944
2023-05-23 12:56:47,12,13,6896,18944
2023-05-23 12:57:07,11,13,6896,18944
2023-05-23 12:57:24,11,13,6896,18945
2023-05-23 12:58:02,11,12,6896,18945
2023-05-23 12:58:26,10,11,6896,19444
2023-05-23 12:58:29,10,11,7096,19644
2023-05-23 12:58:30,10,11,7286,19834
2023-05-23 12:58:30,10,11,7886,20434
2023-05-23 12:58:31,10,11,7986,20534
2023-05-23 12:58:33,10,11,8086,20634
2023-05-23 12:58:35,10,11,8186,20734
2023-05-23 12:58:37,10,11,8286,20834
2023-05-23 12:58:39,10,11,8386,20934
2023-05-23 12:58:41,11,12,8391,20939
2023-05-23 12:59:46,11,12,8396,21039
2023-05-23 12:59:48,11,12,8396,21139
2023-05-23 12:59:50,11,12,8396,21239
2023-05-23 12:59:52,11,12,8396,21339
2023-05-23 12:59:54,11,12,8396,21439
2023-05-23 12:59:56,11,12,8396,21539
2023-05-23 12:59:57,12,13,8401,21549
2023-05-23 13:00:19,11,13,8421,21597
2023-05-23 13:00:19,11,12,8421,21597
2023-05-23 13:00:20,11,13,8421,21597
2023-05-23 13:00:37,11,12,8421,21597
2023-05-23 13:00:47,10,12,8469,21645
2023-05-23 13:00:50,10,11,8469,21645
2023-05-23 13:00:54,9,11,8999,22175
2023-05-23 13:01:12,10,11,8999,22175
2023-05-23 13:01:14,9,11,8999,22175
2023-05-23 13:01:24,9,10,8999,22175
2023-05-23 13:01:25,10,11,8969,22205
2023-05-23 13:01:30,9,11,8969,22205
2023-05-23 13:01:30,10,11,8969,22205
2023-05-23 13:01:50,10,11,8980,22305
2023-05-23 13:01:50,10,11,8985,22310
2023-05-23 13:01:52,10,11,8985,22410
2023-05-23 13:01:54,10,11,8985,22510
2023-05-23 13:01:56,10,11,8985,22610
2023-05-23 13:01:56,11,12,8874,22721
2023-05-23 13:01:56,10,12,8874,22721
2023-05-23 13:01:56,9,12,9119,22966
2023-05-23 13:01:57,10,12,9119,22966
2023-05-23 13:01:59,10,12,9141,23066
2023-05-23 13:02:01,10,12,9241,23166
2023-05-23 13:02:03,10,12,9341,23266
2023-05-23 13:02:03,10,11,9341,23266
2023-05-23 13:02:04,11,12,9311,23296
2023-05-23 13:02:04,10,12,9311,23296
2023-05-23 13:02:36,10,12,9311,23298
2023-05-23 13:02:51,10,12,9411,23398
2023-05-23 13:02:53,10,13,9511,23498
2023-05-23 13:03:26,12,13,9511,23498
2023-05-23 13:04:25,10,13,9511,23498
2023-05-23 13:04:32,11,13,9511,23498
2023-05-23 13:05:08,12,13,9511,23498
2023-05-23 13:05:09,13,14,9551,23538
2023-05-23 13:05:33,12,14,9551,23538
2023-05-23 13:05:48,12,13,9551,23538
2023-05-23 13:06:23,13,14,9556,23543
2023-05-23 13:06:28,13,14,9556,23743
2023-05-23 13:06:44,13,14,9556,23943
2023-05-23 13:06:48,12,14,9556,23943
2023-05-23 13:06:53,12,13,9556,23943
2023-05-23 13:06:54,12,14,9556,23943
2023-05-23 13:07:02,12,13,9556,23943
2023-05-23 13:07:06,11,12,9571,24425
2023-05-23 13:07:49,11,12,9571,24625
2023-05-23 13:07:51,11,12,9571,24958
2023-05-23 13:07:55,10,12,9571,24958
2023-05-23 13:07:58,10,11,9571,24958
2023-05-23 13:08:04,9,10,9571,25400
2023-05-23 13:08:12,8,9,9591,25420
2023-05-23 13:08:22,7,8,9841,25670
2023-05-23 13:09:21,6,7,9841,25690
2023-05-23 13:10:09,5,7,10061,25910
2023-05-23 13:10:35,5,6,10061,25910
2023-05-23 13:15:08,5,6,10060,25911
2023-05-23 13:16:09,4,6,10080,25931
2023-05-23 13:16:55,4,5,10080,25931
2023-05-23 13:18:22,4,5,10089,25940
2023-05-23 13:20:45,4,5,9955,26140
2023-05-23 13:20:52,5,6,9950,26329
2023-05-23 13:20:52,4,6,9950,26329
2023-05-23 13:22:04,5,6,9950,26329
2023-05-23 13:27:32,5,6,9950,26729
2023-05-23 13:27:33,6,7,9950,26829
2023-05-23 13:27:33,6,7,9750,27029
2023-05-23 13:27:33,6,7,9756,27035
2023-05-23 13:27:34,6,7,9756,27141
2023-05-23 13:27:34,7,9,9582,27335
2023-05-23 13:27:34,6,9,9582,27335
2023-05-23 13:27:35,7,9,9582,27335
2023-05-23 13:27:37,7,10,9582,27335
2023-05-23 13:27:37,8,10,9582,27335
2023-05-23 13:27:39,7,10,9582,27335
2023-05-23 13:27:40,8,10,9582,27335
2023-05-23 13:27:46,9,10,9582,27335
2023-05-23 13:28:05,8,10,9582,27335
2023-05-23 13:28:17,9,10,9582,27335
2023-05-23 13:28:18,9,11,9582,27535
2023-05-23 13:28:18,8,11,9582,27535
2023-05-23 13:28:20,10,11,9582,27535
2023-05-23 13:28:24,10,11,9582,27635
2023-05-23 13:28:26,10,11,9582,27735
2023-05-23 13:28:27,9,11,9582,27735
2023-05-23 13:28:27,9,11,9682,27835
2023-05-23 13:28:29,11,12,9767,27920
2023-05-23 13:28:33,11,12,9767,28020
2023-05-23 13:28:34,12,13,9772,28025
2023-05-23 13:28:39,12,13,9772,28125
2023-05-23 13:28:46,11,13,9772,28125
2023-05-23 13:28:48,13,14,9802,28155
2023-05-23 13:28:51,12,14,9802,28155
2023-05-23 13:28:51,12,13,9802,28155
2023-05-23 13:28:57,11,13,9802,28155
2023-05-23 13:29:06,12,13,9802,28155
2023-05-23 13:29:07,12,14,9802,28155
2023-05-23 13:29:13,11,14,9802,28155
2023-05-23 13:29:13,13,14,9802,28155
2023-05-23 13:29:15,13,15,9802,28155
2023-05-23 13:29:15,14,15,9802,28155
2023-05-23 13:29:17,13,15,9802,28155
2023-05-23 13:29:17,14,15,9802,28155
2023-05-23 13:29:19,14,15,9802,28255
2023-05-23 13:29:20,14,16,9802,28255
2023-05-23 13:29:21,15,16,9802,28255
2023-05-23 13:29:26,14,16,9802,28255
2023-05-23 13:29:26,14,17,9802,28255
2023-05-23 13:29:26,14,18,9802,28255
2023-05-23 13:29:27,15,18,9802,28255
2023-05-23 13:29:27,16,18,9802,28255
2023-05-23 13:29:34,16,19,9802,28255
2023-05-23 13:29:34,15,19,9802,28255
2023-05-23 13:29:34,17,19,9802,28255
2023-05-23 13:29:37,18,19,9802,28255
2023-05-23 13:29:45,17,19,9802,28255
2023-05-23 13:30:01,18,19,9802,28255
2023-05-23 13:30:01,17,19,9802,28285
2023-05-23 13:30:02,18,19,9802,28285
2023-05-23 13:30:02,19,21,9822,28305
2023-05-23 13:30:09,18,21,9822,28305
2023-05-23 13:30:09,19,21,9822,28305
2023-05-23 13:30:13,19,21,9822,28405
2023-05-23 13:30:16,21,22,9872,28455
2023-05-23 13:30:16,21,22,9877,28460
2023-05-23 13:30:16,21,22,9947,28530
2023-05-23 13:30:16,21,24,9947,28530
2023-05-23 13:30:16,21,24,10122,28730
2023-05-23 13:30:17,21,25,10122,28730
2023-05-23 13:30:18,21,23,10122,28730
2023-05-23 13:30:18,22,23,10122,28730
2023-05-23 13:30:18,22,25,10122,28730
2023-05-23 13:30:19,22,24,10122,28730
2023-05-23 13:30:19,23,24,10122,28730
2023-05-23 13:30:20,23,25,10122,28730
2023-05-23 13:30:20,24,25,10122,28730
2023-05-23 13:30:20,24,25,10137,28750
2023-05-23 13:30:22,24,25,10137,28760
2023-05-23 13:30:26,25,26,10157,28795
2023-05-23 13:30:31,24,25,10257,28895
2023-05-23 13:30:31,24,26,10257,28895
2023-05-23 13:30:31,24,25,10257,28895
2023-05-23 13:30:33,25,27,10257,28920
2023-05-23 13:30:33,25,26,10257,28920
2023-05-23 13:30:34,25,26,10277,28940
2023-05-23 13:30:34,24,25,10332,28995
2023-05-23 13:30:34,24,26,10332,28995
2023-05-23 13:30:35,24,28,10332,28995
2023-05-23 13:30:35,25,28,10332,28995
2023-05-23 13:30:35,25,27,10332,28995
2023-05-23 13:30:46,26,27,10332,28995
2023-05-23 13:30:46,25,26,10432,29095
2023-05-23 13:30:46,25,27,10432,29095
2023-05-23 13:30:47,25,26,10432,29095
2023-05-23 13:30:48,25,26,10432,29195
2023-05-23 13:30:49,26,27,10482,29245
2023-05-23 13:30:50,25,27,10532,29295
2023-05-23 13:30:50,24,25,10532,29330
2023-05-23 13:30:50,24,27,10532,29330
2023-05-23 13:30:53,25,27,10532,29330
2023-05-23 13:30:54,24,25,10632,29430
2023-05-23 13:30:54,24,27,10632,29430
2023-05-23 13:30:55,25,27,10632,29430
2023-05-23 13:30:55,24,25,10632,29435
2023-05-23 13:30:55,24,27,10632,29435
2023-05-23 13:30:56,24,25,10632,29435
2023-05-23 13:31:01,23,24,10632,29440
2023-05-23 13:31:02,23,25,10632,29440
2023-05-23 13:31:03,27,28,10232,29956
2023-05-23 13:31:03,23,28,10232,30052
2023-05-23 13:31:03,23,26,10232,30052
2023-05-23 13:31:04,23,25,10232,30052
2023-05-23 13:31:04,24,25,10232,30052
2023-05-23 13:31:04,24,26,10232,30052
2023-05-23 13:31:08,23,24,10232,30142
2023-05-23 13:31:08,23,26,10232,30142
2023-05-23 13:31:08,23,25,10232,30142
2023-05-23 13:31:16,23,24,10232,30142
2023-05-23 13:31:30,25,26,10273,30183
2023-05-23 13:31:30,24,25,10432,30342
2023-05-23 13:31:30,24,26,10432,30342
2023-05-23 13:31:31,25,26,10432,30342
2023-05-23 13:31:41,27,29,10452,30362
2023-05-23 13:31:41,27,29,10486,30396
2023-05-23 13:31:41,27,28,10486,30396
2023-05-23 13:31:41,27,28,10491,30401
2023-05-23 13:31:41,27,28,10691,30601
2023-05-23 13:31:41,27,28,10697,30607
2023-05-23 13:31:41,27,28,10702,30612
2023-05-23 13:31:41,27,28,10706,30616
2023-05-23 13:31:41,27,29,10706,30616
2023-05-23 13:31:42,27,29,10706,30616
2023-05-23 13:31:42,27,28,10706,30616
2023-05-23 13:31:42,27,28,10711,30621
2023-05-23 13:31:42,25,27,10832,30772
2023-05-23 13:31:42,25,28,10832,30772
2023-05-23 13:31:44,25,29,10832,30772
2023-05-23 13:31:45,25,28,10832,30772
2023-05-23 13:31:53,25,27,10832,30772
2023-05-23 13:31:54,25,28,10832,30772
2023-05-23 13:32:04,25,27,10832,30772
2023-05-23 13:32:12,26,27,10832,30772
2023-05-23 13:32:24,25,26,10862,30802
2023-05-23 13:32:25,25,26,10862,30807
2023-05-23 13:32:25,25,26,10962,30907
2023-05-23 13:32:27,25,26,11062,31007
2023-05-23 13:32:32,25,26,11162,31107
2023-05-23 13:32:34,25,26,11262,31207
2023-05-23 13:32:36,25,26,11362,31307
2023-05-23 13:32:42,27,28,11374,31349
2023-05-23 13:33:06,27,28,11574,31549
2023-05-23 13:33:19,25,27,11564,31717
2023-05-23 13:33:20,25,28,11564,31717
2023-05-23 13:33:28,25,27,11564,31717
2023-05-23 13:33:28,25,26,11564,31717
2023-05-23 13:33:30,24,25,11564,31722
2023-05-23 13:33:30,24,26,11564,31722
2023-05-23 13:33:40,24,25,11564,31722
2023-05-23 13:33:43,22,25,11564,31722
2023-05-23 13:33:43,21,25,11564,31722
2023-05-23 13:33:44,22,25,11564,31722
2023-05-23 13:33:47,22,24,11564,31722
2023-05-23 13:33:49,22,25,11564,31722
2023-05-23 13:33:56,22,24,11564,31722
2023-05-23 13:33:56,20,24,11564,31752
2023-05-23 13:33:58,20,24,11565,31753
2023-05-23 13:33:59,21,24,11565,31753
2023-05-23 13:34:10,21,23,11565,31753
2023-05-23 13:34:22,22,23,11565,31753
2023-05-23 13:34:27,21,23,11565,31753
2023-05-23 13:34:50,22,23,11565,31753
2023-05-23 13:34:50,22,23,11765,31953
2023-05-23 13:34:51,23,24,11765,31978
2023-05-23 13:34:51,22,24,11765,31978
2023-05-23 13:34:52,23,24,11765,31978
2023-05-23 13:34:52,22,24,11765,31978
2023-05-23 13:34:52,23,24,11765,31978
2023-05-23 13:34:54,24,25,11770,31983
2023-05-23 13:35:01,25,26,11775,31988
2023-05-23 13:35:32,24,26,11775,31993
2023-05-23 13:35:53,22,26,11770,31998
2023-05-23 13:36:05,22,25,11770,31998
2023-05-23 13:36:07,22,24,11770,31998
2023-05-23 13:36:09,22,23,11770,31998
2023-05-23 13:36:22,20,23,11740,32228
2023-05-23 13:36:40,20,22,11740,32228
2023-05-23 13:36:49,20,21,11740,32228
2023-05-23 13:36:50,20,22,11740,32228
2023-05-23 13:37:00,20,21,11740,32228
2023-05-23 13:37:06,18,21,11725,32443
2023-05-23 13:37:12,19,21,11725,32443
2023-05-23 13:37:13,18,21,11725,32443
2023-05-23 13:37:16,19,21,11725,32443
2023-05-23 13:37:51,20,21,11725,32443
2023-05-23 13:37:51,20,21,11726,32444
2023-05-23 13:37:53,20,21,11727,32445
2023-05-23 13:39:25,20,21,11912,32645
2023-05-23 13:39:28,19,20,11927,32660
2023-05-23 13:39:28,19,21,11927,32660
2023-05-23 13:39:38,19,20,11927,32660
2023-05-23 13:40:30,18,19,11912,32675
2023-05-23 13:40:31,18,20,11912,32675
2023-05-23 13:40:38,18,19,11912,32675
2023-05-23 13:40:41,16,19,11912,32675
2023-05-23 13:40:41,16,18,11912,32675
2023-05-23 13:40:47,18,19,11912,33075
2023-05-23 13:40:51,16,18,12012,33180
2023-05-23 13:40:51,16,19,12012,33180
2023-05-23 13:41:03,16,18,12012,33180
2023-05-23 13:41:07,16,19,12012,33180
2023-05-23 13:41:09,16,18,12012,33180
2023-05-23 13:41:10,16,19,12012,33180
2023-05-23 13:41:11,17,19,12012,33180
2023-05-23 13:41:15,17,18,12012,33180
2023-05-23 13:41:20,16,17,12007,33285
2023-05-23 13:41:23,15,16,12002,33290
2023-05-23 13:41:26,13,16,12002,33290
2023-05-23 13:41:26,13,15,12002,33290
2023-05-23 13:41:28,15,16,11902,33390
2023-05-23 13:41:31,13,16,11902,33390
2023-05-23 13:41:33,15,16,11902,33390
2023-05-23 13:43:36,15,16,11808,33490
2023-05-23 13:43:37,13,16,11808,33516
2023-05-23 13:43:37,13,15,11808,33516
2023-05-23 13:43:37,13,14,11808,33516
2023-05-23 13:45:05,13,14,11808,33551
2023-05-23 13:45:05,13,14,11808,33557
2023-05-23 13:45:05,12,14,11808,33636
2023-05-23 13:45:05,12,13,11808,33636
2023-05-23 13:45:12,12,14,11808,33636
2023-05-23 13:46:16,11,14,12008,33856
2023-05-23 13:46:28,12,14,12008,33856
2023-05-23 13:47:16,13,14,12008,33856
2023-05-23 13:47:21,13,15,12208,34056
2023-05-23 13:47:28,14,15,12208,34056
2023-05-23 13:47:37,15,16,12208,34242
2023-05-23 13:47:37,14,16,12208,34242
2023-05-23 13:47:38,15,16,12208,34242
2023-05-23 13:47:40,15,17,12248,34282
2023-05-23 13:49:54,16,17,12248,34282
2023-05-23 13:50:00,17,18,12268,34302
2023-05-23 13:50:06,16,18,12268,34302
2023-05-23 13:50:06,18,19,12288,34322
2023-05-23 13:50:06,18,20,12288,34322
2023-05-23 13:50:20,18,19,12288,34322
2023-05-23 13:50:36,20,22,12378,34412
2023-05-23 13:50:37,20,21,12378,34412
2023-05-23 13:50:38,20,22,12378,34412
2023-05-23 13:50:44,20,22,12408,34442
2023-05-23 13:50:47,20,21,12408,34442
2023-05-23 13:51:05,20,21,12408,34482
2023-05-23 13:51:14,20,21,12608,34682
2023-05-23 13:51:33,18,20,12598,34692
2023-05-23 13:51:35,18,21,12598,34692
2023-05-23 13:51:54,18,20,12598,34692
2023-05-23 13:51:56,18,19,12598,34692
2023-05-23 13:52:14,16,19,12593,34697
2023-05-23 13:52:41,17,19,12593,34697
2023-05-23 13:53:05,18,19,12593,34697
2023-05-23 13:54:02,17,18,12588,34702
2023-05-23 13:54:17,16,17,12583,34707
2023-05-23 13:54:20,16,18,12583,34707
2023-05-23 13:54:20,16,17,12583,34707
2023-05-23 13:55:57,17,18,12588,34712
2023-05-23 13:56:56,16,18,12588,34712
2023-05-23 13:57:58,17,18,12588,34712
2023-05-23 13:59:06,16,18,12788,34917
2023-05-23 14:00:17,17,18,12788,34917
2023-05-23 14:00:18,16,18,12788,34917
2023-05-23 14:01:08,16,17,12788,34917
2023-05-23 14:01:10,15,17,13184,35343
2023-05-23 14:01:17,15,17,12984,35543
2023-05-23 14:01:17,15,16,12984,35543
2023-05-23 14:01:20,15,16,12984,35644
2023-05-23 14:01:20,13,15,12984,35683
2023-05-23 14:01:43,13,15,12984,35684
2023-05-23 14:02:19,13,14,12984,35684
2023-05-23 14:02:19,12,14,12984,35724
2023-05-23 14:02:21,11,14,13014,35754
2023-05-23 14:02:21,11,13,13014,35754
2023-05-23 14:02:21,11,12,13014,35754
2023-05-23 14:02:30,12,14,13141,35881
2023-05-23 14:02:30,12,13,13141,35881
2023-05-23 14:02:35,13,15,13143,35883
2023-05-23 14:02:35,13,14,13143,35883
2023-05-23 14:04:13,12,14,13143,35883
2023-05-23 14:04:13,12,13,13143,35883
2023-05-23 14:05:57,12,13,13143,35884
2023-05-23 14:06:26,11,12,13122,35905
2023-05-23 14:06:30,11,12,13122,35911
2023-05-23 14:06:31,9,12,13122,35929
2023-05-23 14:06:31,9,11,13122,35929
2023-05-23 14:06:40,9,10,13122,35929
2023-05-23 14:07:43,8,10,13122,35949
2023-05-23 14:07:43,8,9,13122,35949
2023-05-23 14:07:46,7,9,13122,35969
2023-05-23 14:07:47,7,8,13122,35969
2023-05-23 14:07:50,7,9,13122,35969
2023-05-23 14:08:09,8,9,13122,35969
2023-05-23 14:08:09,7,9,13322,36169
2023-05-23 14:08:09,8,9,13322,36169
2023-05-23 14:08:09,7,9,13322,36169
2023-05-23 14:08:09,7,8,13322,36169
2023-05-23 14:08:10,8,9,13352,36199
2023-05-23 14:08:10,8,9,13152,36399
2023-05-23 14:08:11,8,9,13152,37143
2023-05-23 14:08:11,8,9,13152,37243
2023-05-23 14:08:11,8,9,12952,37443
2023-05-23 14:08:12,8,9,12752,37643
2023-05-23 14:08:13,8,9,12552,37843
2023-05-23 14:08:14,8,9,12352,38043
2023-05-23 14:08:15,9,10,12352,38127
2023-05-23 14:08:15,8,10,12352,38127
2023-05-23 14:08:16,9,10,12352,38127
2023-05-23 14:09:04,10,11,12352,38171
2023-05-23 14:09:04,9,11,12352,38171
2023-05-23 14:09:05,10,11,12352,38171
2023-05-23 14:09:09,11,12,12356,38175
2023-05-23 14:09:11,11,14,12356,38175
2023-05-23 14:09:12,11,13,12356,38175
2023-05-23 14:09:15,12,13,12356,38175
2023-05-23 14:09:26,12,13,12356,38185
2023-05-23 14:10:23,13,14,12358,38187
2023-05-23 14:10:28,12,14,12358,38187
2023-05-23 14:11:02,12,13,12358,38187
2023-05-23 14:11:13,13,14,12358,38207
2023-05-23 14:12:13,14,15,12360,38209
2023-05-23 14:12:13,15,16,12441,38290
2023-05-23 14:12:27,15,16,12441,38300
2023-05-23 14:12:30,17,18,12481,38340
2023-05-23 14:12:32,17,19,12481,38340
2023-05-23 14:12:32,18,19,12481,38340
2023-05-23 14:12:37,20,21,12482,38541
2023-05-23 14:12:38,20,21,12502,38561
2023-05-23 14:12:43,20,21,12501,38562
2023-05-23 14:12:46,18,21,12501,38562
2023-05-23 14:12:51,19,21,12501,38562
2023-05-23 14:12:57,18,21,12501,38562
2023-05-23 14:12:58,18,21,12511,38572
2023-05-23 14:13:02,18,20,12511,38572
2023-05-23 14:13:06,18,20,12511,38574
2023-05-23 14:13:09,17,20,12511,38736
2023-05-23 14:13:21,18,20,12511,38736
2023-05-23 14:13:28,17,18,12511,38738
2023-05-23 14:13:31,17,20,12511,38738
2023-05-23 14:13:41,16,20,12541,38932
2023-05-23 14:13:42,16,19,12541,38932
2023-05-23 14:13:48,17,19,12541,38932
2023-05-23 14:13:49,17,20,12541,38932
2023-05-23 14:13:49,19,20,12541,38932
2023-05-23 14:13:50,18,19,12641,39032
2023-05-23 14:13:53,18,20,12741,39132
2023-05-23 14:13:55,18,20,12811,39232
2023-05-23 14:13:57,20,22,12847,39268
2023-05-23 14:14:01,19,22,12911,39332
2023-05-23 14:14:01,20,22,12911,39332
2023-05-23 14:14:07,19,22,12911,39334
2023-05-23 14:14:23,20,22,12911,39334
2023-05-23 14:14:24,22,23,12931,39354
2023-05-23 14:14:25,22,23,12933,39356
2023-05-23 14:14:25,22,23,12937,39360
2023-05-23 14:14:25,22,23,12939,39362
2023-05-23 14:14:26,22,23,12953,39376
2023-05-23 14:14:28,22,23,12983,39406
2023-05-23 14:14:31,20,23,12983,39406
2023-05-23 14:14:33,21,23,12983,39406
2023-05-23 14:14:36,23,25,13004,39427
2023-05-23 14:14:36,23,24,13004,39427
2023-05-23 14:14:37,21,24,13083,39516
2023-05-23 14:14:38,21,22,13083,39516
2023-05-23 14:14:38,23,25,13083,39526
2023-05-23 14:14:38,23,24,13083,39526
2023-05-23 14:14:39,21,24,13173,39616
2023-05-23 14:14:42,21,23,13173,39616
2023-05-23 14:14:44,21,22,13173,39616
2023-05-23 14:14:47,18,22,13173,39620
2023-05-23 14:14:50,18,23,13173,39620
2023-05-23 14:14:53,18,22,13173,39620
2023-05-23 14:14:55,18,21,13173,39620
2023-05-23 14:14:56,18,22,13173,39620
2023-05-23 14:14:56,18,23,13173,39620
2023-05-23 14:15:02,19,23,13173,39620
2023-05-23 14:15:04,20,23,13173,39620
2023-05-23 14:15:09,21,23,13173,39620
2023-05-23 14:15:09,20,23,13203,39650
2023-05-23 14:15:10,23,24,13205,39682
2023-05-23 14:15:10,20,24,13273,39750
2023-05-23 14:15:10,21,24,13273,39750
2023-05-23 14:15:11,20,24,13273,39750
2023-05-23 14:15:12,20,21,13273,39750
2023-05-23 14:15:14,21,22,13303,39780
2023-05-23 14:15:15,21,22,13305,39782
2023-05-23 14:15:16,22,25,13306,39783
2023-05-23 14:15:16,22,24,13306,39783
2023-05-23 14:15:23,20,24,13306,39783
2023-05-23 14:15:48,20,23,13306,39783
2023-05-23 14:16:00,19,23,13306,39783
2023-05-23 14:16:01,19,22,13306,39783
2023-05-23 14:16:03,19,21,13306,39783
2023-05-23 14:16:08,19,20,13306,39783
2023-05-23 14:16:09,18,19,13306,39785
2023-05-23 14:16:09,18,20,13306,39785
2023-05-23 14:16:14,16,20,13306,39785
2023-05-23 14:16:18,17,20,13306,39785
2023-05-23 14:16:46,18,20,13306,39785
2023-05-23 14:16:46,19,20,13306,39785
2023-05-23 14:16:48,20,21,13308,39787
2023-05-23 14:16:54,21,22,13310,39789
2023-05-23 14:16:54,21,22,13315,39794
2023-05-23 14:16:56,20,22,13315,39794
2023-05-23 14:16:59,21,22,13315,39794
2023-05-23 14:17:02,22,23,13317,39796
2023-05-23 14:17:02,22,23,13347,39826
2023-05-23 14:17:05,21,23,13415,39894
2023-05-23 14:17:13,22,23,13415,39894
2023-05-23 14:17:13,23,25,13417,39896
2023-05-23 14:17:20,21,23,13417,39898
2023-05-23 14:17:26,21,23,13517,39998
2023-05-23 14:17:28,23,25,13613,40094
2023-05-23 14:17:36,21,25,13613,40094
2023-05-23 14:18:06,23,25,13613,40094
2023-05-23 14:18:06,25,26,13663,40144
2023-05-23 14:18:06,25,26,13683,40164
2023-05-23 14:18:07,25,26,13683,40264
2023-05-23 14:18:07,23,26,13683,40264
2023-05-23 14:18:07,25,26,13683,40264
2023-05-23 14:18:09,26,28,13703,40284
2023-05-23 14:18:09,26,27,13703,40284
2023-05-23 14:18:09,28,29,13788,40369
2023-05-23 14:18:09,28,29,13811,40392
2023-05-23 14:18:09,28,29,13816,40397
2023-05-23 14:18:10,28,29,13908,40489
2023-05-23 14:18:12,28,30,13908,40489
2023-05-23 14:18:14,29,30,13908,40489
2023-05-23 14:18:14,28,30,13908,40519
2023-05-23 14:18:17,27,30,13908,40519
2023-05-23 14:18:18,28,30,13908,40519
2023-05-23 14:18:18,31,32,13938,40574
2023-05-23 14:18:18,31,32,14138,40774
2023-05-23 14:18:19,31,32,14338,40974
2023-05-23 14:18:20,28,31,14391,41027
2023-05-23 14:18:20,28,32,14391,41027
2023-05-23 14:18:20,28,31,14391,41027
2023-05-23 14:18:26,29,31,14391,41027
2023-05-23 14:18:30,29,31,14401,41037
2023-05-23 14:18:36,30,31,14401,41037
2023-05-23 14:18:37,31,32,14411,41047
2023-05-23 14:18:38,31,32,14611,41247
2023-05-23 14:18:40,31,32,14811,41447
2023-05-23 14:18:44,31,33,14811,41447
2023-05-23 14:18:51,32,33,14811,41447
2023-05-23 14:18:55,32,34,14811,41447
2023-05-23 14:18:59,33,34,14811,41447
2023-05-23 14:18:59,33,35,14811,41447
2023-05-23 14:19:00,33,35,15011,41647
2023-05-23 14:19:02,33,35,15011,41657
2023-05-23 14:19:09,33,35,15211,41857
2023-05-23 14:19:10,33,34,15211,41857
2023-05-23 14:19:15,33,34,15211,42057
2023-05-23 14:19:16,31,33,15274,42122
2023-05-23 14:19:21,32,33,15274,42122
2023-05-23 14:19:32,31,33,15274,42154
2023-05-23 14:19:55,31,32,15274,42154
2023-05-23 14:20:02,31,33,15274,42154
2023-05-23 14:20:05,30,33,15441,42323
2023-05-23 14:20:07,30,32,15441,42323
2023-05-23 14:20:42,29,30,15439,42555
2023-05-23 14:21:05,30,31,15441,42631
2023-05-23 14:21:14,30,31,15441,42636
2023-05-23 14:21:23,31,33,15441,42638
2023-05-23 14:21:24,30,33,15441,42638
2023-05-23 14:21:24,33,35,15461,42822
2023-05-23 14:21:24,33,35,15461,43022
2023-05-23 14:21:24,33,34,15461,43022
2023-05-23 14:21:24,33,35,15461,43022
2023-05-23 14:21:25,30,35,15461,43022
2023-05-23 14:21:25,31,35,15461,43022
2023-05-23 14:21:25,32,35,15461,43022
2023-05-23 14:21:26,32,35,15261,43222
2023-05-23 14:21:26,31,35,15261,43222
2023-05-23 14:21:26,33,35,15261,43222
2023-05-23 14:21:26,33,35,15261,43272
2023-05-23 14:21:27,33,35,15061,43472
2023-05-23 14:21:27,32,35,15061,43472
2023-05-23 14:21:27,32,35,15061,43502
2023-05-23 14:21:28,32,35,14861,43702
2023-05-23 14:21:28,32,38,14861,43702
2023-05-23 14:21:28,33,38,14861,43702
2023-05-23 14:21:28,34,38,14861,43702
2023-05-23 14:21:29,35,38,14861,43702
2023-05-23 14:21:29,36,38,14861,43702
2023-05-23 14:21:30,36,37,14861,43702
2023-05-23 14:21:30,35,37,14861,43702
2023-05-23 14:21:34,35,36,14861,43702
2023-05-23 14:21:40,34,36,14861,43702
2023-05-23 14:21:41,35,36,14861,43702
2023-05-23 14:21:46,36,37,14881,43722
2023-05-23 14:21:47,36,37,14901,43742
2023-05-23 14:21:51,35,37,14901,43742
2023-05-23 14:21:52,35,36,14901,43742
2023-05-23 14:21:58,35,37,14901,43742
2023-05-23 14:22:02,36,37,14901,43742
2023-05-23 14:22:17,37,38,14921,43762
2023-05-23 14:22:17,37,39,14921,43762
2023-05-23 14:22:22,37,39,14921,43792
2023-05-23 14:22:26,38,39,14921,43892
2023-05-23 14:22:27,37,39,14921,43892
2023-05-23 14:22:28,37,39,14921,43992
2023-05-23 14:22:30,37,39,14921,44092
2023-05-23 14:22:32,37,39,14921,44192
2023-05-23 14:22:33,36,39,14921,44192
2023-05-23 14:22:36,36,39,14921,44292
2023-05-23 14:22:39,36,39,14921,44392
2023-05-23 14:22:40,36,39,14921,44492
2023-05-23 14:22:42,36,39,14921,44592
2023-05-23 14:22:44,36,39,14921,44692
2023-05-23 14:22:47,36,38,14921,44692
2023-05-23 14:22:51,36,39,14921,44692
2023-05-23 14:22:51,36,37,14921,44692
2023-05-23 14:22:54,37,39,14836,44777
2023-05-23 14:22:54,36,39,14836,44777
2023-05-23 14:22:56,37,39,14836,44777
2023-05-23 14:23:13,36,39,14836,44777
2023-05-23 14:23:15,38,39,14836,44777
2023-05-23 14:23:15,38,39,14836,44977
2023-05-23 14:23:15,38,39,14636,45177
2023-05-23 14:23:16,38,39,14636,45377
2023-05-23 14:23:16,38,39,14636,45427
2023-05-23 14:23:16,38,39,14436,45627
2023-05-23 14:23:16,38,39,14436,45727
2023-05-23 14:23:17,38,39,14436,45777
2023-05-23 14:23:17,38,39,14236,45977
2023-05-23 14:23:17,38,39,14236,46027
2023-05-23 14:23:18,38,39,14236,46077
2023-05-23 14:23:18,38,39,14236,46127
2023-05-23 14:23:18,38,39,14036,46327
2023-05-23 14:23:19,38,39,14036,46527
2023-05-23 14:23:19,38,39,13836,46727
2023-05-23 14:23:20,39,40,13856,46867
2023-05-23 14:23:20,39,40,13656,47067
2023-05-23 14:23:21,39,40,13595,47267
2023-05-23 14:23:22,39,40,13595,47467
2023-05-23 14:23:23,39,40,13595,47667
2023-05-23 14:23:24,39,40,13595,47867
2023-05-23 14:23:25,40,44,13595,47892
2023-05-23 14:23:25,39,44,13595,47892
2023-05-23 14:23:25,40,44,13595,47892
2023-05-23 14:23:25,41,44,13595,47892
2023-05-23 14:23:25,42,44,13595,47892
2023-05-23 14:23:25,43,44,13595,47892
2023-05-23 14:23:26,42,43,13595,47922
2023-05-23 14:23:27,42,44,13595,48122
2023-05-23 14:23:27,43,44,13595,48122
2023-05-23 14:23:28,42,44,13595,48152
2023-05-23 14:23:31,43,44,13595,48152
2023-05-23 14:23:34,43,44,13595,48252
2023-05-23 14:23:36,44,45,13615,48272
2023-05-23 14:23:36,44,45,13657,48314
2023-05-23 14:23:41,44,45,13657,48514
2023-05-23 14:23:46,44,45,13657,48714
2023-05-23 14:23:46,43,45,13687,48744
2023-05-23 14:23:46,43,44,13687,48744
2023-05-23 14:23:47,44,45,13717,48774
2023-05-23 14:23:52,43,45,13717,48774
2023-05-23 14:23:52,44,45,13717,48774
2023-05-23 14:24:00,45,46,13737,48794
2023-05-23 14:24:15,45,46,13737,48894
2023-05-23 14:24:21,45,48,13739,48934
2023-05-23 14:24:21,46,48,13739,48934
2023-05-23 14:24:21,47,48,13739,48934
2023-05-23 14:24:31,46,48,13739,48934
2023-05-23 14:24:46,47,48,13739,48934
2023-05-23 14:24:48,48,49,13741,48936
2023-05-23 14:24:55,48,49,13741,49136
2023-05-23 14:24:57,49,50,13741,49156
2023-05-23 14:24:58,49,50,13541,49356
2023-05-23 14:25:02,49,50,13541,49376
2023-05-23 14:25:02,49,50,13541,49426
2023-05-23 14:25:15,49,50,13540,49427
2023-05-23 14:25:16,49,50,13340,49627
2023-05-23 14:25:21,49,50,13340,49727
2023-05-23 14:25:22,50,52,13360,49822
2023-05-23 14:25:22,49,50,13360,49957
2023-05-23 14:25:22,49,52,13360,49957
2023-05-23 14:25:22,50,52,13360,49957
2023-05-23 14:25:24,50,52,13375,49972
2023-05-23 14:25:26,51,52,13375,49972
2023-05-23 14:25:26,51,52,13386,49983
2023-05-23 14:25:27,50,51,13533,50159
2023-05-23 14:25:27,50,52,13533,50159
2023-05-23 14:25:27,51,52,13533,50159
2023-05-23 14:25:28,50,51,13563,50189
2023-05-23 14:25:28,50,52,13563,50189
2023-05-23 14:25:28,51,52,13563,50189
2023-05-23 14:25:29,50,51,13750,50376
2023-05-23 14:25:29,50,52,13750,50376
2023-05-23 14:25:30,51,52,13750,50376
2023-05-23 14:25:30,50,52,13750,50376
2023-05-23 14:25:30,49,50,13765,50391
2023-05-23 14:25:31,49,52,13765,50391
2023-05-23 14:25:31,50,52,13765,50391
2023-05-23 14:25:32,51,52,13765,50391
2023-05-23 14:25:33,50,51,13795,50421
2023-05-23 14:25:33,50,52,13795,50421
2023-05-23 14:25:33,50,53,13795,50421
2023-05-23 14:25:33,51,53,13795,50421
2023-05-23 14:25:34,51,54,13795,50421
2023-05-23 14:25:34,52,54,13995,50621
2023-05-23 14:25:34,51,54,13995,50621
2023-05-23 14:25:36,51,53,13995,50621
2023-05-23 14:25:38,51,53,14025,50821
2023-05-23 14:25:40,50,51,14025,50851
2023-05-23 14:25:40,50,53,14025,50851
2023-05-23 14:25:40,51,53,14025,50851
2023-05-23 14:25:41,50,51,14055,50881
2023-05-23 14:25:41,50,53,14055,50881
2023-05-23 14:25:41,51,53,14055,50881
2023-05-23 14:25:42,50,51,14085,50911
2023-05-23 14:25:42,50,53,14085,50911
2023-05-23 14:25:42,51,53,14085,50911
2023-05-23 14:25:44,50,51,14115,50941
2023-05-23 14:25:44,50,53,14115,50941
2023-05-23 14:25:44,53,54,14115,50943
2023-05-23 14:25:45,53,54,13915,51143
2023-05-23 14:25:45,53,54,13915,51165
2023-05-23 14:25:45,53,54,13915,51365
2023-05-23 14:25:46,51,53,13915,51446
2023-05-23 14:25:46,51,54,13915,51446
2023-05-23 14:25:47,51,53,13915,51446
2023-05-23 14:25:47,50,53,13915,51446
2023-05-23 14:25:47,50,53,14115,51646
2023-05-23 14:25:48,50,52,14115,51646
2023-05-23 14:25:48,49,52,14115,51846
2023-05-23 14:25:51,49,53,14115,51846
2023-05-23 14:25:51,49,52,14115,51846
2023-05-23 14:25:53,50,52,14115,51846
2023-05-23 14:25:59,50,52,14315,52046
2023-05-23 14:26:02,50,52,14315,52090
2023-05-23 14:26:02,50,51,14315,52090
2023-05-23 14:26:02,50,51,14315,52134
2023-05-23 14:26:03,49,51,14315,52246
2023-05-23 14:26:05,50,51,14315,52246
2023-05-23 14:26:07,49,51,14315,52246
2023-05-23 14:26:14,49,50,14315,52246
2023-05-23 14:26:16,49,51,14315,52246
2023-05-23 14:26:16,49,50,14315,52246
2023-05-23 14:26:21,49,50,14115,52446
2023-05-23 14:26:25,47,48,14008,52553
2023-05-23 14:26:29,46,48,14008,52553
2023-05-23 14:26:29,45,48,14008,52553
2023-05-23 14:26:31,47,48,14008,52553
2023-05-23 14:26:31,45,47,13988,52573
2023-05-23 14:26:32,47,48,13858,52703
2023-05-23 14:26:32,45,48,13858,52703
2023-05-23 14:26:34,45,48,13658,52903
2023-05-23 14:26:37,45,48,13458,53103
2023-05-23 14:26:38,46,48,13458,53103
2023-05-23 14:26:40,46,48,13453,53303
2023-05-23 14:26:44,46,48,13453,53343
2023-05-23 14:26:51,47,48,13453,53343
2023-05-23 14:26:52,48,49,13453,53356
2023-05-23 14:26:52,47,49,13453,53356
2023-05-23 14:26:53,47,50,13453,53356
2023-05-23 14:26:53,48,50,13453,53356
2023-05-23 14:26:54,48,49,13453,53356
2023-05-23 14:27:05,49,50,13453,53358
2023-05-23 14:27:05,48,50,13453,53358
2023-05-23 14:27:08,48,49,13453,53358
2023-05-23 14:27:36,48,49,13253,53558
2023-05-23 14:27:43,48,49,13249,53562
2023-05-23 14:27:43,49,50,13249,53564
2023-05-23 14:27:43,48,50,13249,53564
2023-05-23 14:27:54,48,49,13249,53564
2023-05-23 14:28:20,48,49,13249,53566
2023-05-23 14:28:21,47,49,13209,53606
2023-05-23 14:28:22,47,48,13209,53606
2023-05-23 14:28:23,45,48,13209,53606
2023-05-23 14:28:27,46,48,13209,53606
2023-05-23 14:28:27,46,48,13209,53758
2023-05-23 14:28:31,46,47,13209,53758
2023-05-23 14:28:48,46,47,13209,53958
2023-05-23 14:28:55,46,47,13189,54056
2023-05-23 14:28:55,46,47,13189,54306
2023-05-23 14:28:57,45,46,13189,54433
2023-05-23 14:28:58,43,45,13149,54473
2023-05-23 14:28:59,43,44,13149,54473
2023-05-23 14:29:03,43,44,13149,54586
2023-05-23 14:29:03,41,44,13149,54586
2023-05-23 14:29:03,40,44,13149,54586
2023-05-23 14:29:03,43,44,13149,54586
2023-05-23 14:29:03,43,44,13179,54616
2023-05-23 14:29:03,43,44,13209,54646
2023-05-23 14:29:16,43,44,13239,54676
2023-05-23 14:29:18,43,44,13239,54876
2023-05-23 14:29:23,41,44,13239,54876
2023-05-23 14:29:24,41,43,13239,54876
2023-05-23 14:29:25,41,43,13254,54891
2023-05-23 14:29:41,41,44,13254,54891
2023-05-23 14:29:41,42,44,13254,54891
2023-05-23 14:29:41,41,44,13254,54951
2023-05-23 14:29:43,42,44,13254,54951
2023-05-23 14:29:43,43,44,13254,54951
2023-05-23 14:29:46,44,45,13254,55051
2023-05-23 14:29:46,43,45,13254,55051
2023-05-23 14:29:46,44,45,13254,55051
2023-05-23 14:29:46,43,45,13254,55051
2023-05-23 14:29:47,43,47,13254,55051
2023-05-23 14:29:47,44,47,13254,55051
2023-05-23 14:29:48,45,47,13254,55051
2023-05-23 14:29:48,46,47,13254,55051
2023-05-23 14:29:52,45,47,13254,55051
2023-05-23 14:29:54,46,47,13254,55051
2023-05-23 14:30:18,47,51,13294,55091
2023-05-23 14:30:18,47,50,13294,55091
2023-05-23 14:30:18,48,50,13294,55091
2023-05-23 14:30:20,47,50,13324,55121
2023-05-23 14:30:23,47,49,13324,55121
2023-05-23 14:30:28,47,48,13324,55121
2023-05-23 14:30:29,47,48,13501,55298
2023-05-23 14:30:29,47,48,13701,55498
2023-05-23 14:30:30,47,48,13732,55529
2023-05-23 14:30:30,47,48,13932,55729
2023-05-23 14:30:31,46,47,14031,55830
2023-05-23 14:30:31,46,48,14031,55830
2023-05-23 14:30:31,47,48,14031,55830
2023-05-23 14:30:32,46,48,14029,55832
2023-05-23 14:30:41,46,47,14029,55832
2023-05-23 14:30:51,45,47,13987,55874
2023-05-23 14:31:03,45,46,13987,55874
2023-05-23 14:31:06,45,46,14187,56074
2023-05-23 14:31:07,45,46,14387,56274
2023-05-23 14:31:08,45,46,14387,56304
2023-05-23 14:31:09,42,45,14311,56380
2023-05-23 14:31:10,43,45,14311,56380
2023-05-23 14:31:17,42,45,14311,56380
2023-05-23 14:31:24,43,45,14311,56380
2023-05-23 14:31:27,42,45,14311,56380
2023-05-23 14:31:38,42,44,14311,56380
2023-05-23 14:31:40,41,44,14291,56600
2023-05-23 14:31:46,41,43,14291,56600
2023-05-23 14:31:51,41,42,14291,56600
2023-05-23 14:31:55,38,41,14271,56620
2023-05-23 14:31:55,38,40,14271,56620
2023-05-23 14:32:13,38,40,14272,56621
2023-05-23 14:32:18,38,39,14272,56621
2023-05-23 14:32:36,37,38,14252,56641
2023-05-23 14:32:37,37,39,14252,56641
2023-05-23 14:32:57,38,39,14252,56641
2023-05-23 14:33:53,38,39,14450,56841
2023-05-23 14:33:54,38,39,14500,56891
2023-05-23 14:33:54,37,39,14500,56891
2023-05-23 14:33:55,37,38,14500,56891
2023-05-23 14:34:35,37,38,14500,56941
2023-05-23 14:34:43,38,39,14594,57035
2023-05-23 14:35:27,39,41,14738,57179
2023-05-23 14:35:29,40,41,14738,57179
2023-05-23 14:35:37,41,43,14778,57219
2023-05-23 14:35:37,42,43,14778,57219
2023-05-23 14:35:40,42,44,14798,57239
2023-05-23 14:35:48,42,44,14798,57269
2023-05-23 14:36:14,43,44,14798,57269
2023-05-23 14:36:19,43,45,14818,57289
2023-05-23 14:36:19,44,45,14818,57289
2023-05-23 14:36:20,44,46,14818,57289
2023-05-23 14:36:21,44,46,14838,57309
2023-05-23 14:36:28,44,45,14838,57309
2023-05-23 14:36:28,43,45,14848,57321
2023-05-23 14:36:35,43,46,14848,57321
2023-05-23 14:36:37,45,46,14848,57321
2023-05-23 14:36:37,45,46,14848,57371
2023-05-23 14:36:48,45,46,14648,57571
2023-05-23 14:36:49,45,46,14647,57572
2023-05-23 14:36:50,45,46,14447,57772
2023-05-23 14:36:54,45,46,14247,57972
2023-05-23 14:37:07,45,46,14247,57979
2023-05-23 14:37:14,46,48,14175,58071
2023-05-23 14:37:14,45,48,14175,58071
2023-05-23 14:37:14,46,48,14175,58071
2023-05-23 14:37:14,47,48,14175,58071
2023-05-23 14:37:14,46,48,14205,58101
2023-05-23 14:37:19,46,48,14005,58301
2023-05-23 14:37:19,46,49,14005,58301
2023-05-23 14:37:19,48,49,14005,58301
2023-05-23 14:37:19,48,49,14025,58321
2023-05-23 14:37:23,48,51,14025,58321
2023-05-23 14:37:23,49,51,14025,58321
2023-05-23 14:37:25,49,51,14045,58341
2023-05-23 14:37:31,49,50,14045,58341
2023-05-23 14:37:36,49,51,14045,58341
2023-05-23 14:37:38,49,50,14045,58341
2023-05-23 14:37:38,48,49,14045,58343
2023-05-23 14:37:47,45,48,14043,58345
2023-05-23 14:37:47,45,47,14043,58345
2023-05-23 14:37:48,46,47,14043,58345
2023-05-23 14:37:48,46,48,14043,58345
2023-05-23 14:37:49,47,48,14043,58345
2023-05-23 14:38:33,48,49,14043,58347
2023-05-23 14:38:33,47,49,14043,58347
2023-05-23 14:38:33,48,49,14043,58347
2023-05-23 14:38:38,49,50,14043,58355
2023-05-23 14:38:38,48,50,14043,58355
2023-05-23 14:38:38,49,50,14043,58355
2023-05-23 14:38:38,49,50,14044,58356
2023-05-23 14:38:42,48,50,14044,58356
2023-05-23 14:38:50,49,50,14044,58356
2023-05-23 14:39:08,50,52,14044,58376
2023-05-23 14:39:08,49,52,14044,58376
2023-05-23 14:39:08,50,52,14044,58376
2023-05-23 14:39:13,49,52,14044,58376
2023-05-23 14:39:15,49,51,14044,58376
2023-05-23 14:39:35,49,51,14044,58381
2023-05-23 14:39:42,49,50,14044,58381
2023-05-23 14:39:43,49,50,14070,58407
2023-05-23 14:39:43,49,50,14080,58417
2023-05-23 14:39:57,49,50,14080,58447
2023-05-23 14:40:00,48,50,14080,58447
2023-05-23 14:40:00,48,49,14080,58447
2023-05-23 14:40:16,48,49,14073,58454
2023-05-23 14:41:13,49,50,14075,58456
2023-05-23 14:41:15,50,51,14075,58458
2023-05-23 14:41:15,49,51,14075,58458
2023-05-23 14:41:15,50,51,14075,58458
2023-05-23 14:41:16,49,51,14075,58458
2023-05-23 14:41:58,49,50,14075,58458
2023-05-23 14:42:02,49,50,13994,58539
2023-05-23 14:42:02,49,50,13944,58589
2023-05-23 14:42:07,48,50,13944,58589
2023-05-23 14:42:27,49,50,13944,58589
2023-05-23 14:42:30,49,50,13944,58789
2023-05-23 14:42:30,51,52,13966,58871
2023-05-23 14:42:31,51,53,13966,58921
2023-05-23 14:42:33,51,53,13766,59121
2023-05-23 14:42:34,51,55,13766,59121
2023-05-23 14:42:34,52,55,13766,59121
2023-05-23 14:42:34,53,55,13766,59121
2023-05-23 14:42:59,53,54,13766,59121
2023-05-23 14:43:01,53,55,13766,59121
2023-05-23 14:43:04,53,54,13766,59121
2023-05-23 14:43:10,51,53,13764,59123
2023-05-23 14:43:12,51,52,13764,59123
2023-05-23 14:43:12,50,52,13764,59123
2023-05-23 14:43:13,49,52,13764,59123
2023-05-23 14:43:13,49,51,13764,59123
2023-05-23 14:43:16,48,51,13764,59123
2023-05-23 14:43:16,49,51,13764,59123
2023-05-23 14:43:16,49,50,13764,59123
2023-05-23 14:43:20,49,50,13566,59321
2023-05-23 14:43:24,47,50,13566,59321
2023-05-23 14:43:24,47,49,13566,59321
2023-05-23 14:43:31,47,48,13566,59321
2023-05-23 14:43:32,44,47,13526,59361
2023-05-23 14:43:32,44,48,13526,59361
2023-05-23 14:43:32,44,46,13526,59361
2023-05-23 14:43:34,46,48,13516,59371
2023-05-23 14:43:34,46,47,13516,59371
2023-05-23 14:43:34,44,47,13516,59371
2023-05-23 14:43:36,44,48,13516,59371
2023-05-23 14:43:39,45,48,13516,59371
2023-05-23 14:43:40,45,49,13516,59371
2023-05-23 14:43:50,46,49,13516,59371
2023-05-23 14:43:52,45,49,13516,59371
2023-05-23 14:44:05,46,49,13516,59371
2023-05-23 14:44:12,47,49,13516,59371
2023-05-23 14:44:25,48,49,13516,59371
2023-05-23 14:44:29,49,50,13576,59431
2023-05-23 14:45:18,49,50,13576,59433
2023-05-23 14:45:19,49,50,13576,59437
2023-05-23 14:45:19,47,49,13761,59624
2023-05-23 14:45:19,47,50,13761,59624
2023-05-23 14:45:19,47,49,13761,59624
2023-05-23 14:45:21,47,48,13761,59624
2023-05-23 14:45:22,46,48,13761,59624
2023-05-23 14:45:23,46,47,13761,59624
2023-05-23 14:45:23,44,47,13761,59624
2023-05-23 14:45:23,47,48,13761,59628
2023-05-23 14:45:23,47,48,13791,59658
2023-05-23 14:45:24,47,48,13791,59858
2023-05-23 14:45:24,45,48,13791,60058
2023-05-23 14:45:24,45,47,13791,60078
2023-05-23 14:45:24,45,48,13791,60078
2023-05-23 14:45:25,45,48,13841,60128
2023-05-23 14:45:25,45,47,13841,60128
2023-05-23 14:45:25,45,47,14041,60328
2023-05-23 14:45:29,45,46,14041,60328
2023-05-23 14:45:30,42,46,14041,60348
2023-05-23 14:45:30,42,44,14041,60348
2023-05-23 14:45:30,42,45,14041,60348
2023-05-23 14:45:32,42,46,14041,60348
2023-05-23 14:45:33,42,45,14041,60348
2023-05-23 14:45:34,43,45,14041,60348
2023-05-23 14:45:45,44,45,14041,60348
2023-05-23 14:45:45,43,45,14041,60428
2023-05-23 14:45:49,44,45,14041,60428
2023-05-23 14:45:51,43,45,14041,60428
2023-05-23 14:45:52,44,45,14041,60428
2023-05-23 14:45:55,45,48,14125,60512
2023-05-23 14:45:55,45,49,14125,60512
2023-05-23 14:45:55,45,48,14125,60512
2023-05-23 14:45:55,46,48,14125,60512
2023-05-23 14:45:55,46,49,14125,60512
2023-05-23 14:46:04,47,49,14125,60512
2023-05-23 14:46:10,48,49,14125,60512
2023-05-23 14:46:13,47,49,14155,60544
2023-05-23 14:46:36,48,49,14155,60544
2023-05-23 14:46:38,49,50,14215,60604
2023-05-23 14:46:39,48,50,14215,60604
2023-05-23 14:46:41,49,50,14215,60604
2023-05-23 14:46:54,50,51,14275,60664
2023-05-23 14:46:54,50,52,14275,60664
2023-05-23 14:46:54,51,52,14275,60664
2023-05-23 14:46:59,51,54,14295,60694
2023-05-23 14:47:00,52,54,14295,60694
2023-05-23 14:47:00,51,54,14295,60694
2023-05-23 14:47:00,51,53,14295,60694
2023-05-23 14:47:02,51,54,14295,60694
2023-05-23 14:47:02,51,52,14295,60694
2023-05-23 14:47:05,48,52,14295,60694
2023-05-23 14:47:05,48,50,14295,60694
2023-05-23 14:47:10,49,50,14295,60694
2023-05-23 14:47:25,49,50,14295,60724
2023-05-23 14:48:13,50,51,14295,60726
2023-05-23 14:48:13,49,51,14295,60726
2023-05-23 14:48:14,50,51,14295,60726
2023-05-23 14:48:14,49,51,14295,60726
2023-05-23 14:48:21,49,50,14295,60726
2023-05-23 14:48:24,49,50,14245,60776
2023-05-23 14:48:25,48,49,14095,60926
2023-05-23 14:49:06,47,49,14095,60926
2023-05-23 14:49:21,48,49,14095,60926
2023-05-23 14:50:19,47,49,14095,60926
2023-05-23 14:50:23,47,49,13903,61158
2023-05-23 14:50:23,47,48,13903,61158
2023-05-23 14:50:29,46,47,13979,61234
2023-05-23 14:50:29,46,48,13979,61234
2023-05-23 14:50:29,46,47,13979,61234
2023-05-23 14:50:32,44,47,13979,61234
2023-05-23 14:50:32,44,46,13979,61234
2023-05-23 14:50:34,44,47,13979,61234
2023-05-23 14:50:45,44,46,13979,61234
2023-05-23 14:50:47,44,46,14009,61264
2023-05-23 14:50:48,44,45,14009,61264
2023-05-23 14:50:48,44,46,14009,61264
2023-05-23 14:50:48,44,46,14039,61294
2023-05-23 14:50:48,44,45,14039,61294
2023-05-23 14:50:48,44,45,14069,61324
2023-05-23 14:50:48,44,46,14069,61324
2023-05-23 14:50:48,44,45,14069,61324
2023-05-23 14:50:49,42,45,14089,61344
2023-05-23 14:50:53,41,45,14089,61344
2023-05-23 14:50:54,42,45,14089,61344
2023-05-23 14:50:54,42,44,14089,61344
2023-05-23 14:51:05,41,44,14109,61364
2023-05-23 14:51:11,41,44,14151,61406
2023-05-23 14:51:11,41,43,14151,61406
2023-05-23 14:51:11,41,44,14151,61406
2023-05-23 14:51:11,41,43,14151,61406
2023-05-23 14:51:13,41,43,14193,61448
2023-05-23 14:51:19,41,42,14193,61448
2023-05-23 14:51:25,41,42,14223,61478
2023-05-23 14:51:32,41,43,14047,61678
2023-05-23 14:51:32,42,43,14047,61678
2023-05-23 14:51:32,41,43,14077,61708
2023-05-23 14:52:05,41,42,14077,61708
2023-05-23 14:52:05,42,43,14077,61768
2023-05-23 14:52:09,42,43,14169,61860
2023-05-23 14:52:56,42,43,14269,61960
2023-05-23 14:53:05,41,42,14267,61962
2023-05-23 14:53:06,40,42,14265,61964
2023-05-23 14:53:06,40,41,14265,61964
2023-05-23 14:53:06,40,42,14265,61964
2023-05-23 14:53:06,40,41,14265,61964
2023-05-23 14:53:06,40,42,14265,61964
2023-05-23 14:53:07,40,41,14265,61964
2023-05-23 14:53:07,40,41,14465,62164
2023-05-23 14:53:08,36,41,14465,62164
2023-05-23 14:53:08,37,41,14465,62164
2023-05-23 14:53:08,37,40,14465,62164
2023-05-23 14:53:09,37,39,14465,62164
2023-05-23 14:53:26,37,39,14466,62165
2023-05-23 14:53:32,38,39,14466,62165
2023-05-23 14:53:48,38,41,14524,62223
2023-05-23 14:54:01,39,41,14524,62223
2023-05-23 14:55:02,39,40,14524,62223
2023-05-23 14:55:17,38,40,14524,62223
2023-05-23 14:55:23,39,40,14524,62223
2023-05-23 14:55:30,38,40,14524,62223
2023-05-23 14:55:40,38,39,14524,62223
2023-05-23 14:55:44,38,40,14524,62223
2023-05-23 14:55:57,39,40,14524,62223
2023-05-23 14:56:04,39,41,14544,62243
2023-05-23 14:56:20,39,41,15038,62739
2023-05-23 14:56:28,39,40,15038,62739
2023-05-23 14:56:31,39,41,15038,62739
2023-05-23 14:56:37,39,40,15038,62739
2023-05-23 14:56:37,38,39,15036,62780
2023-05-23 14:57:26,37,39,15034,62839
2023-05-23 14:57:29,38,39,15034,62839
2023-05-23 14:57:33,38,40,15054,62859
2023-05-23 14:57:34,37,40,15054,62859
2023-05-23 14:57:34,38,40,15054,62859
2023-05-23 14:57:35,38,39,15054,62859
2023-05-23 14:58:21,38,39,15052,62889
2023-05-23 14:58:59,37,38,15052,62891
2023-05-23 14:58:59,37,39,15052,62891
2023-05-23 14:58:59,37,38,15052,62891
2023-05-23 14:59:05,35,37,15154,63065
2023-05-23 14:59:05,35,38,15154,63065
2023-05-23 14:59:06,33,38,15154,63065
2023-05-23 14:59:06,34,38,15154,63065
2023-05-23 14:59:06,34,37,15154,63065
2023-05-23 14:59:26,35,37,15154,63065
2023-05-23 14:59:27,36,37,15154,63065
2023-05-23 14:59:29,35,37,15154,63065
2023-05-23 14:59:29,36,37,15154,63065
2023-05-23 14:59:56,35,37,15154,63065
2023-05-23 15:00:01,36,37,15154,63065
2023-05-23 15:00:02,35,37,15154,63065
2023-05-23 15:00:05,35,36,15154,63065
2023-05-23 15:00:09,32,36,15154,63065
2023-05-23 15:00:09,33,36,15154,63065
2023-05-23 15:00:09,35,36,15154,63065
2023-05-23 15:00:09,35,37,15154,63065
2023-05-23 15:00:09,35,36,15154,63065
2023-05-23 15:00:10,35,37,15154,63065
2023-05-23 15:00:10,35,36,15154,63065
2023-05-23 15:00:16,36,37,15154,63107
2023-05-23 15:00:16,35,37,15154,63107
2023-05-23 15:00:25,35,36,15154,63107
2023-05-23 15:00:41,36,37,15154,63127
2023-05-23 15:00:41,35,37,15154,63127
2023-05-23 15:00:50,37,38,15154,63169
2023-05-23 15:00:50,35,38,15154,63169
2023-05-23 15:00:59,35,37,15154,63169
2023-05-23 15:01:00,35,36,15154,63169
2023-05-23 15:01:09,35,37,15154,63169
2023-05-23 15:01:18,36,37,15154,63169
2023-05-23 15:01:19,37,38,15154,63189
2023-05-23 15:01:20,36,38,15154,63189
2023-05-23 15:01:27,38,39,15154,63209
2023-05-23 15:01:27,36,39,15154,63209
2023-05-23 15:01:31,37,39,15154,63209
2023-05-23 15:01:37,38,39,15154,63209
2023-05-23 15:01:38,38,39,14959,63409
2023-05-23 15:01:38,37,39,14959,63409
2023-05-23 15:01:39,39,41,14959,63424
2023-05-23 15:01:39,37,41,14959,63424
2023-05-23 15:01:39,39,41,14959,63424
2023-05-23 15:01:40,39,42,14959,63424
2023-05-23 15:01:43,40,42,14959,63424
2023-05-23 15:01:49,41,42,14959,63424
2023-05-23 15:01:50,40,42,14959,63424
2023-05-23 15:01:51,39,42,14959,63424
2023-05-23 15:01:57,41,42,14959,63424
2023-05-23 15:01:57,41,43,14983,63474
2023-05-23 15:01:57,43,44,14912,63545
2023-05-23 15:01:58,41,44,14912,63545
2023-05-23 15:01:59,41,44,14712,63745
2023-05-23 15:01:59,43,44,14712,63745
2023-05-23 15:01:59,43,44,14712,63795
2023-05-23 15:02:00,43,44,14512,63995
2023-05-23 15:02:00,43,44,14512,64095
2023-05-23 15:02:00,43,44,14512,64145
2023-05-23 15:02:01,43,44,14312,64345
2023-05-23 15:02:01,43,44,14312,64395
2023-05-23 15:02:02,43,47,14312,64395
2023-05-23 15:02:02,43,50,14312,64395
2023-05-23 15:02:02,44,50,14312,64395
2023-05-23 15:02:03,45,50,14312,64395
2023-05-23 15:02:03,46,50,14312,64395
2023-05-23 15:02:03,47,50,14312,64395
2023-05-23 15:02:03,47,49,14312,64395
2023-05-23 15:02:03,46,49,14312,64395
2023-05-23 15:02:03,47,49,14312,64395
2023-05-23 15:02:04,46,49,14312,64395
2023-05-23 15:02:05,47,49,14312,64395
2023-05-23 15:02:09,46,49,14312,64395
2023-05-23 15:02:11,46,48,14312,64395
2023-05-23 15:02:11,45,48,14312,64395
2023-05-23 15:02:12,45,47,14312,64395
2023-05-23 15:02:12,44,47,14312,64395
2023-05-23 15:02:12,45,47,14312,64395
2023-05-23 15:02:13,45,48,14312,64395
2023-05-23 15:02:13,45,46,14312,64395
2023-05-23 15:02:20,45,46,14311,64396
2023-05-23 15:02:20,45,46,14311,64446
2023-05-23 15:04:09,44,46,14141,64646
2023-05-23 15:04:11,45,46,14141,64646
2023-05-23 15:04:15,45,46,14141,64846
2023-05-23 15:05:07,43,44,14139,64902
2023-05-23 15:05:07,39,44,14139,64902
2023-05-23 15:05:08,39,43,14139,64902
2023-05-23 15:05:08,39,41,14139,64902
2023-05-23 15:05:12,40,41,14139,64902
2023-05-23 15:05:13,39,41,14139,64902
2023-05-23 15:05:13,40,41,14139,64902
2023-05-23 15:05:17,39,41,14139,64902
2023-05-23 15:05:32,39,41,14140,64903
2023-05-23 15:05:34,39,40,14140,64903
2023-05-23 15:05:35,38,39,14140,64923
2023-05-23 15:05:42,38,39,14140,65123
2023-05-23 15:05:43,39,42,14066,65235
2023-05-23 15:05:43,38,42,14066,65235
2023-05-23 15:05:43,38,41,14066,65235
2023-05-23 15:05:43,39,41,14066,65235
2023-05-23 15:05:49,40,41,14066,65235
2023-05-23 15:05:49,40,44,14066,65235
2023-05-23 15:05:49,40,43,14066,65235
2023-05-23 15:05:49,40,42,14066,65235
2023-05-23 15:05:52,41,42,14066,65235
2023-05-23 15:05:53,42,44,14081,65295
2023-05-23 15:05:53,41,44,14081,65295
2023-05-23 15:05:53,42,44,14081,65295
2023-05-23 15:05:53,41,44,14081,65295
2023-05-23 15:05:54,42,44,14081,65295
2023-05-23 15:05:59,41,44,14081,65295
2023-05-23 15:06:00,42,44,14081,65295
2023-05-23 15:06:06,43,44,14081,65295
2023-05-23 15:06:10,42,44,14081,65295
2023-05-23 15:06:15,42,43,14081,65295
2023-05-23 15:06:28,41,42,14079,65297
2023-05-23 15:06:31,39,42,14079,65297
2023-05-23 15:06:31,39,43,14079,65297
2023-05-23 15:06:31,39,41,14079,65297
2023-05-23 15:06:33,39,42,14079,65297
2023-05-23 15:06:33,39,40,14079,65297
2023-05-23 15:06:33,40,42,14079,65304
2023-05-23 15:06:33,39,42,14079,65304
2023-05-23 15:06:40,40,42,14079,65304
2023-05-23 15:06:42,39,42,14079,65304
2023-05-23 15:06:47,41,42,14079,65304
2023-05-23 15:06:59,42,43,14141,65366
2023-05-23 15:06:59,41,43,14141,65366
2023-05-23 15:07:00,42,43,14141,65366
2023-05-23 15:07:02,42,43,14191,65416
2023-05-23 15:07:02,43,45,14203,65428
2023-05-23 15:07:02,42,45,14203,65428
2023-05-23 15:07:02,44,45,14203,65428
2023-05-23 15:07:03,45,46,14265,65490
2023-05-23 15:07:03,44,46,14265,65490
2023-05-23 15:07:05,46,47,14267,65492
2023-05-23 15:07:09,47,48,14317,65542
2023-05-23 15:07:09,46,48,14317,65542
2023-05-23 15:07:09,47,48,14317,65542
2023-05-23 15:07:10,47,49,14317,65542
2023-05-23 15:07:10,47,50,14317,65542
2023-05-23 15:07:10,48,50,14317,65542
2023-05-23 15:07:10,47,50,14317,65542
2023-05-23 15:07:11,47,48,14317,65542
2023-05-23 15:07:13,48,50,14337,65562
2023-05-23 15:07:15,48,49,14337,65562
2023-05-23 15:07:18,48,50,14337,65562
2023-05-23 15:07:18,49,50,14337,65562
2023-05-23 15:07:18,49,50,14336,65563
2023-05-23 15:07:19,49,50,14356,65583
2023-05-23 15:07:20,49,50,14356,65584
2023-05-23 15:07:21,49,50,14356,65585
2023-05-23 15:07:22,48,50,14356,65785
2023-05-23 15:07:22,49,50,14356,65785
2023-05-23 15:07:32,48,49,14356,65787
2023-05-23 15:07:32,48,49,14386,65817
2023-05-23 15:07:35,49,50,14409,65840
2023-05-23 15:07:35,48,50,14409,65840
2023-05-23 15:07:35,49,50,14409,65840
2023-05-23 15:07:36,48,49,14409,65870
2023-05-23 15:07:37,49,50,14409,65880
2023-05-23 15:07:37,48,50,14409,65880
2023-05-23 15:07:38,49,50,14409,65880
2023-05-23 15:07:39,50,51,14429,65900
2023-05-23 15:07:39,49,51,14429,65900
2023-05-23 15:07:39,50,51,14429,65900
2023-05-23 15:08:06,50,51,14429,65910
2023-05-23 15:08:07,51,53,14439,65920
2023-05-23 15:08:07,50,53,14439,65920
2023-05-23 15:08:07,51,53,14439,65920
2023-05-23 15:08:07,52,53,14439,65920
2023-05-23 15:08:08,52,54,14439,66120
2023-05-23 15:08:08,52,53,14439,66120
2023-05-23 15:08:12,53,55,14459,66140
2023-05-23 15:08:12,52,55,14459,66140
2023-05-23 15:08:12,53,55,14459,66140
2023-05-23 15:08:13,53,56,14459,66140
2023-05-23 15:08:14,54,56,14459,66140
2023-05-23 15:08:18,54,57,14459,66140
2023-05-23 15:08:21,54,56,14459,66140
2023-05-23 15:08:22,54,56,14459,66160
2023-05-23 15:08:22,53,56,14459,66160
2023-05-23 15:08:22,54,56,14459,66160
2023-05-23 15:08:25,54,57,14459,66160
2023-05-23 15:08:25,54,55,14459,66160
2023-05-23 15:08:37,53,54,14457,66162
2023-05-23 15:08:38,53,54,14457,66270
2023-05-23 15:08:38,53,54,14457,66320
2023-05-23 15:08:38,53,55,14457,66320
2023-05-23 15:08:41,53,54,14457,66320
2023-05-23 15:08:42,50,54,14457,66320
2023-05-23 15:08:43,51,54,14457,66320
2023-05-23 15:09:00,52,54,14457,66320
2023-05-23 15:09:20,51,54,14457,66320
2023-05-23 15:09:23,51,53,14457,66320
2023-05-23 15:09:29,51,53,14257,66520
2023-05-23 15:09:30,51,52,14257,66520
2023-05-23 15:09:32,50,52,14079,66720
2023-05-23 15:09:34,48,52,14079,66720
2023-05-23 15:09:34,48,52,14079,66722
2023-05-23 15:09:34,50,52,14079,66722
2023-05-23 15:09:39,50,51,14079,66722
2023-05-23 15:09:39,48,51,14079,66722
2023-05-23 15:09:39,49,51,14079,66722
2023-05-23 15:09:53,49,50,14079,66722
2023-05-23 15:09:57,48,49,14079,66742
2023-05-23 15:09:57,48,50,14079,66742
2023-05-23 15:10:02,48,49,14079,66742
2023-05-23 15:10:02,46,48,14079,66762
2023-05-23 15:10:02,46,49,14079,66762
2023-05-23 15:10:03,46,48,14079,66762
2023-05-23 15:10:03,46,47,14079,66762
2023-05-23 15:10:03,46,47,14129,66812
2023-05-23 15:10:03,45,47,14278,67012
2023-05-23 15:10:04,43,47,14278,67012
2023-05-23 15:10:04,43,48,14278,67012
2023-05-23 15:10:04,43,47,14278,67012
2023-05-23 15:10:04,43,48,14278,67012
2023-05-23 15:10:04,43,48,14478,67212
2023-05-23 15:10:05,43,47,14478,67212
2023-05-23 15:10:07,43,46,14478,67212
2023-05-23 15:10:07,43,45,14478,67212
2023-05-23 15:10:07,43,45,14678,67412
2023-05-23 15:10:08,43,44,14678,67412
2023-05-23 15:10:09,41,43,14698,67432
2023-05-23 15:10:09,41,44,14698,67432
2023-05-23 15:10:09,42,44,14698,67432
2023-05-23 15:10:10,42,45,14698,67432
2023-05-23 15:10:10,41,45,14698,67432
2023-05-23 15:10:10,43,45,14698,67432
2023-05-23 15:10:12,43,44,14698,67432
2023-05-23 15:10:12,41,44,14698,67432
2023-05-23 15:10:12,43,44,14698,67432
2023-05-23 15:10:58,42,44,14700,67434
2023-05-23 15:10:58,42,44,14720,67454
2023-05-23 15:10:58,42,43,14720,67454
2023-05-23 15:10:58,42,44,14720,67454
2023-05-23 15:11:02,41,44,14720,67454
2023-05-23 15:11:02,43,44,14720,67454
2023-05-23 15:11:02,41,44,14720,67506
2023-05-23 15:11:05,42,44,14720,67506
2023-05-23 15:11:07,41,44,14750,67536
2023-05-23 15:11:07,41,43,14750,67536
2023-05-23 15:11:09,41,42,14750,67536
2023-05-23 15:11:19,41,43,14846,67736
2023-05-23 15:11:19,42,43,14846,67736
2023-05-23 15:11:21,42,45,14846,67736
2023-05-23 15:11:21,42,46,14846,67736
2023-05-23 15:11:21,42,44,14846,67736
2023-05-23 15:11:22,42,43,14846,67736
2023-05-23 15:12:01,41,43,14846,67736
2023-05-23 15:12:02,42,43,14846,67736
2023-05-23 15:12:04,41,43,14846,67736
2023-05-23 15:12:09,41,42,14846,67736
2023-05-23 15:12:30,41,42,14844,67766
2023-05-23 15:12:35,40,42,14844,67766
2023-05-23 15:12:35,40,41,14844,67766
2023-05-23 15:12:54,39,41,14842,67768
2023-05-23 15:12:54,39,40,14842,67768
2023-05-23 15:12:59,37,40,14842,67768
2023-05-23 15:12:59,37,39,14842,67768
2023-05-23 15:13:00,37,39,14843,67769
2023-05-23 15:13:02,37,38,14843,67769
2023-05-23 15:13:08,34,38,14843,67789
2023-05-23 15:13:13,34,37,14843,67789
2023-05-23 15:13:21,34,36,14843,67789
2023-05-23 15:13:24,34,35,14843,67789
2023-05-23 15:13:24,34,35,14851,67797
2023-05-23 15:13:24,34,35,14853,67799
2023-05-23 15:13:24,34,36,14853,67799
2023-05-23 15:13:26,34,36,14856,67802
2023-05-23 15:13:27,34,36,14887,67833
2023-05-23 15:13:27,34,36,14887,67833
2023-05-23 15:13:32,34,37,14887,67833
2023-05-23 15:13:53,34,36,14887,67833
2023-05-23 15:14:01,35,36,14887,67833
2023-05-23 15:14:01,35,37,14887,67833
2023-05-23 15:14:05,34,37,14887,67833
2023-05-23 15:14:07,35,37,14887,67833
2023-05-23 15:14:11,37,38,14887,67919
2023-05-23 15:14:11,35,38,14887,67919
2023-05-23 15:14:12,36,38,14887,67919
2023-05-23 15:14:13,35,38,14887,67919
2023-05-23 15:14:23,35,37,14887,67919
2023-05-23 15:14:27,35,36,14887,67919
2023-05-23 15:14:39,35,37,14887,67919
2023-05-23 15:14:39,34,37,14887,67919
2023-05-23 15:14:40,32,37,14887,67919
2023-05-23 15:14:41,32,36,14887,67919
2023-05-23 15:14:57,32,35,14887,67919
2023-05-23 15:15:00,32,34,14887,67919
2023-05-23 15:15:23,33,34,14887,67919
2023-05-23 15:15:27,34,37,14887,67939
2023-05-23 15:15:27,34,37,14887,67955
2023-05-23 15:15:27,34,36,14887,67955
2023-05-23 15:15:27,34,36,14887,67955
2023-05-23 15:15:27,34,36,14903,67971
2023-05-23 15:15:28,35,36,14903,67971
2023-05-23 15:15:28,34,36,14933,68001
2023-05-23 15:15:32,34,38,14933,68001
2023-05-23 15:15:32,34,37,14933,68001
2023-05-23 15:15:32,34,35,14933,68001
2023-05-23 15:15:33,33,35,14933,68001
2023-05-23 15:15:33,33,35,14733,68201
2023-05-23 15:15:34,34,35,14733,68201
2023-05-23 15:15:39,35,37,14733,68221
2023-05-23 15:15:39,34,37,14733,68221
2023-05-23 15:15:39,35,37,14733,68221
2023-05-23 15:16:05,36,37,14733,68221
2023-05-23 15:16:10,36,37,14733,68267
2023-05-23 15:16:27,35,37,14733,68267
2023-05-23 15:16:27,33,37,14733,68267
2023-05-23 15:16:35,34,37,14733,68267
2023-05-23 15:16:35,35,37,14733,68267
2023-05-23 15:16:35,36,37,14733,68267
2023-05-23 15:16:35,36,37,14755,68289
2023-05-23 15:16:36,35,37,14755,68289
2023-05-23 15:16:38,37,38,14755,68309
2023-05-23 15:16:38,36,38,14755,68309
2023-05-23 15:16:39,36,41,14755,68309
2023-05-23 15:16:39,36,39,14755,68309
2023-05-23 15:16:43,36,42,14785,68361
2023-05-23 15:16:43,38,42,14785,68361
2023-05-23 15:16:45,38,39,14785,68361
2023-05-23 15:16:51,38,42,14805,68381
2023-05-23 15:16:51,39,42,14805,68381
2023-05-23 15:16:52,38,42,14805,68381
2023-05-23 15:16:52,40,42,14805,68381
2023-05-23 15:16:53,39,42,14805,68381
2023-05-23 15:16:53,41,42,14805,68381
2023-05-23 15:16:53,39,42,14805,68411
2023-05-23 15:16:55,40,42,14805,68411
2023-05-23 15:17:01,41,42,14805,68411
2023-05-23 15:17:04,41,44,14825,68431
2023-05-23 15:17:11,40,44,14825,68431
2023-05-23 15:17:13,40,44,14825,68433
2023-05-23 15:17:16,41,44,14825,68433
2023-05-23 15:17:16,42,44,14825,68433
2023-05-23 15:17:18,44,48,14825,68453
2023-05-23 15:17:18,43,48,14825,68453
2023-05-23 15:17:18,43,47,14825,68453
2023-05-23 15:17:18,43,48,14825,68453
2023-05-23 15:17:26,43,47,14825,68453
2023-05-23 15:17:28,43,46,14825,68453
2023-05-23 15:17:31,43,45,14825,68453
2023-05-23 15:17:31,43,46,14855,68483
2023-05-23 15:17:36,44,46,14855,68483
2023-05-23 15:17:37,44,46,14854,68484
2023-05-23 15:17:38,43,46,14854,68484
2023-05-23 15:17:45,44,46,14854,68484
2023-05-23 15:17:52,45,46,14854,68484
2023-05-23 15:18:03,46,47,14854,68504
2023-05-23 15:18:03,45,47,14854,68514
2023-05-23 15:18:03,45,46,14854,68514
2023-05-23 15:18:04,46,47,14854,68524
2023-05-23 15:18:04,45,47,14854,68524
2023-05-23 15:18:05,46,47,14854,68524
2023-05-23 15:18:06,47,50,14783,68595
2023-05-23 15:18:06,46,50,14783,68595
2023-05-23 15:18:07,46,49,14783,68595
2023-05-23 15:18:07,46,47,14783,68595
2023-05-23 15:18:07,47,50,14783,68615
2023-05-23 15:18:08,46,50,14783,68615
2023-05-23 15:18:09,47,50,14783,68615
2023-05-23 15:18:10,48,50,14783,68615
2023-05-23 15:18:10,47,50,14783,68615
2023-05-23 15:18:11,48,50,14783,68615
2023-05-23 15:18:12,47,50,14783,68615
2023-05-23 15:18:13,48,50,14783,68615
2023-05-23 15:18:13,49,50,14783,68615
2023-05-23 15:18:14,50,52,14783,68635
2023-05-23 15:18:14,49,52,14783,68635
2023-05-23 15:18:14,50,52,14783,68635
2023-05-23 15:18:26,50,52,14737,68835
2023-05-23 15:18:27,50,53,14737,68835
2023-05-23 15:18:27,51,53,14737,68835
2023-05-23 15:18:27,52,53,14737,68835
2023-05-23 15:18:27,52,54,14907,69035
2023-05-23 15:18:34,52,55,14907,69035
2023-05-23 15:18:35,51,55,14907,69035
2023-05-23 15:18:36,51,54,14907,69035
2023-05-23 15:18:42,51,55,14907,69035
2023-05-23 15:18:58,52,55,14907,69035
2023-05-23 15:19:01,53,55,14907,69035
2023-05-23 15:19:02,54,55,14907,69035
2023-05-23 15:19:06,55,56,14907,69157
2023-05-23 15:19:07,54,56,14907,69157
2023-05-23 15:19:07,55,56,14907,69157
2023-05-23 15:19:07,55,56,14908,69158
2023-05-23 15:19:10,56,58,14908,69296
2023-05-23 15:19:10,55,58,14908,69296
2023-05-23 15:19:10,56,58,14908,69296
2023-05-23 15:19:11,56,58,14908,69346
2023-05-23 15:19:11,56,58,14908,69396
2023-05-23 15:19:11,56,61,14908,69396
2023-05-23 15:19:11,56,62,14908,69396
2023-05-23 15:19:11,56,60,14908,69396
2023-05-23 15:19:11,56,59,14908,69396
2023-05-23 15:19:11,57,59,14908,69396
2023-05-23 15:19:11,58,59,14908,69396
2023-05-23 15:19:11,58,59,14908,69426
2023-05-23 15:19:12,57,59,14938,69456
2023-05-23 15:19:16,58,59,14938,69456
2023-05-23 15:19:17,58,59,14938,69656
2023-05-23 15:19:18,58,59,14938,69706
2023-05-23 15:19:18,59,62,14938,69766
2023-05-23 15:19:18,58,62,14938,69766
2023-05-23 15:19:18,58,61,14938,69766
2023-05-23 15:19:18,59,61,14938,69766
2023-05-23 15:19:18,60,61,14938,69766
2023-05-23 15:19:18,59,61,14968,69796
2023-05-23 15:19:20,59,62,14968,69796
2023-05-23 15:19:33,60,62,14968,69796
2023-05-23 15:19:34,59,62,14968,69796
2023-05-23 15:19:41,60,62,14968,69796
2023-05-23 15:19:42,60,64,14968,69796
2023-05-23 15:19:42,60,63,14968,69796
2023-05-23 15:19:44,60,63,14968,69797
2023-05-23 15:19:46,61,63,14968,69797
2023-05-23 15:19:46,59,63,14798,70027
2023-05-23 15:19:48,60,63,14798,70027
2023-05-23 15:19:48,61,63,14798,70027
2023-05-23 15:19:48,62,63,14798,70027
2023-05-23 15:19:48,61,63,14828,70057
2023-05-23 15:19:48,61,64,14828,70057
2023-05-23 15:19:51,62,64,14828,70057
2023-05-23 15:19:51,63,64,14828,70057
2023-05-23 15:19:52,63,66,14828,70057
2023-05-23 15:19:52,63,67,14828,70057
2023-05-23 15:19:52,63,68,14828,70057
2023-05-23 15:19:52,63,66,14828,70057
2023-05-23 15:19:52,63,66,14828,70057
2023-05-23 15:19:52,64,66,14828,70057
2023-05-23 15:19:53,63,66,14828,70057
2023-05-23 15:19:56,64,66,14828,70057
2023-05-23 15:19:57,64,67,14828,70057
2023-05-23 15:20:03,65,67,14828,70057
2023-05-23 15:20:04,66,67,14828,70057
2023-05-23 15:20:06,65,67,14828,70057
2023-05-23 15:20:07,65,69,14828,70057
2023-05-23 15:20:08,65,67,14828,70057
2023-05-23 15:20:09,65,69,14828,70057
2023-05-23 15:20:09,65,68,14828,70057
2023-05-23 15:20:09,65,66,14828,70057
2023-05-23 15:20:10,65,66,14828,70257
2023-05-23 15:20:11,64,66,14828,70257
2023-05-23 15:20:11,64,65,14828,70257
2023-05-23 15:20:11,64,66,14828,70257
2023-05-23 15:20:11,64,65,14828,70257
2023-05-23 15:20:12,63,64,14826,70259
2023-05-23 15:20:12,63,65,14826,70259
2023-05-23 15:20:12,63,66,14826,70259
2023-05-23 15:20:12,63,64,14826,70259
2023-05-23 15:20:23,63,64,14858,70291
2023-05-23 15:20:24,63,64,14858,70491
2023-05-23 15:20:25,63,64,14758,70691
2023-05-23 15:20:26,61,63,14658,70791
2023-05-23 15:20:26,61,64,14658,70791
2023-05-23 15:20:27,61,63,14658,70791
2023-05-23 15:20:34,61,62,14658,70791
2023-05-23 15:20:35,61,63,14658,70791
2023-05-23 15:20:35,61,62,14658,70791
2023-05-23 15:20:35,59,61,14658,70857
2023-05-23 15:20:35,59,63,14658,70857
2023-05-23 15:20:35,59,62,14658,70857
2023-05-23 15:20:35,59,60,14658,70857
2023-05-23 15:20:36,59,60,14622,70893
2023-05-23 15:20:36,58,60,14622,70893
2023-05-23 15:20:39,57,60,14622,70893
2023-05-23 15:20:40,57,61,14622,70893
2023-05-23 15:20:40,57,59,14622,70893
2023-05-23 15:20:45,57,60,14622,70893
2023-05-23 15:20:45,57,58,14622,70893
2023-05-23 15:20:56,57,61,14734,71206
2023-05-23 15:20:56,57,59,14734,71206
2023-05-23 15:20:56,57,60,14734,71206
2023-05-23 15:20:56,57,61,14734,71206
2023-05-23 15:20:56,57,59,14734,71206
2023-05-23 15:20:56,57,60,14734,71206
2023-05-23 15:20:56,57,59,14734,71206
2023-05-23 15:20:57,57,59,14734,71228
2023-05-23 15:21:01,57,58,14734,71228
2023-05-23 15:21:01,56,58,14734,71228
2023-05-23 15:21:01,56,59,14734,71228
2023-05-23 15:21:02,56,58,14734,71228
2023-05-23 15:21:05,56,59,14734,71228
2023-05-23 15:21:05,56,58,14734,71228
2023-05-23 15:21:06,57,58,14734,71228
2023-05-23 15:21:06,56,58,14734,71316
2023-05-23 15:21:09,56,59,14734,71316
2023-05-23 15:21:10,56,58,14734,71316
2023-05-23 15:21:13,56,57,14734,71316
2023-05-23 15:21:15,55,57,14734,71316
2023-05-23 15:21:16,55,56,14734,71316
2023-05-23 15:21:18,54,56,14734,71336
2023-05-23 15:21:18,54,55,14734,71336
2023-05-23 15:21:18,54,55,14764,71366
2023-05-23 15:21:20,54,55,14767,71369
2023-05-23 15:21:20,51,55,14767,71389
2023-05-23 15:21:20,51,54,14767,71389
2023-05-23 15:21:21,51,53,14767,71389
2023-05-23 15:21:21,51,52,14767,71389
2023-05-23 15:21:21,51,52,14797,71419
2023-05-23 15:21:21,51,52,14800,71422
2023-05-23 15:21:21,51,52,14830,71452
2023-05-23 15:21:21,51,52,14880,71502
2023-05-23 15:21:21,48,51,14880,71518
2023-05-23 15:21:21,48,52,14880,71518
2023-05-23 15:21:22,48,51,14880,71518
2023-05-23 15:21:22,48,52,14880,71518
2023-05-23 15:21:22,48,53,14880,71518
2023-05-23 15:21:22,48,52,14880,71518
2023-05-23 15:21:22,48,50,14880,71518
2023-05-23 15:21:22,48,51,14880,71518
2023-05-23 15:21:22,48,53,14880,71518
2023-05-23 15:21:23,48,52,14880,71518
2023-05-23 15:21:24,45,52,14880,71518
2023-05-23 15:21:24,46,52,14880,71518
2023-05-23 15:21:24,46,51,14880,71518
2023-05-23 15:21:24,46,48,14880,71518
2023-05-23 15:21:24,46,49,14880,71518
2023-05-23 15:21:24,46,50,14880,71518
2023-05-23 15:21:24,46,49,14880,71518
2023-05-23 15:21:29,46,47,14880,71518
2023-05-23 15:21:30,46,47,14910,71548
2023-05-23 15:21:44,46,47,15040,71678
2023-05-23 15:21:44,44,47,15073,71781
2023-05-23 15:21:45,45,47,15073,71781
2023-05-23 15:21:51,46,47,15073,71781
2023-05-23 15:22:05,44,47,15073,71801
2023-05-23 15:22:05,44,46,15073,71801
2023-05-23 15:22:13,45,46,15073,71801
2023-05-23 15:22:18,44,46,15073,71801
2023-05-23 15:22:23,44,45,15073,71801
2023-05-23 15:22:25,44,45,15073,71804
2023-05-23 15:22:25,43,44,15073,71821
2023-05-23 15:22:26,41,44,15273,72021
2023-05-23 15:22:28,42,44,15273,72021
2023-05-23 15:22:30,43,44,15273,72021
2023-05-23 15:22:44,44,46,15318,72066
2023-05-23 15:22:44,43,46,15318,72066
2023-05-23 15:22:44,44,46,15318,72066
2023-05-23 15:22:45,43,46,15318,72066
2023-05-23 15:23:03,43,45,15318,72066
2023-05-23 15:23:08,43,44,15318,72066
2023-05-23 15:23:08,43,45,15318,72066
2023-05-23 15:23:10,43,46,15318,72066
2023-05-23 15:23:11,41,46,15318,72066
2023-05-23 15:23:12,41,45,15318,72066
2023-05-23 15:23:15,42,45,15318,72066
2023-05-23 15:23:21,41,45,15318,72066
2023-05-23 15:23:25,42,45,15318,72066
2023-05-23 15:23:27,43,45,15318,72066
2023-05-23 15:23:30,44,45,15318,72066
2023-05-23 15:23:35,45,46,15394,72142
2023-05-23 15:23:35,44,46,15394,72142
2023-05-23 15:23:35,45,46,15394,72142
2023-05-23 15:23:38,45,46,15424,72192
2023-05-23 15:23:38,46,49,15470,72238
2023-05-23 15:23:38,45,49,15470,72238
2023-05-23 15:23:38,45,48,15470,72238
2023-05-23 15:23:38,46,48,15470,72238
2023-05-23 15:23:38,47,48,15470,72238
2023-05-23 15:23:38,48,49,15473,72241
2023-05-23 15:23:38,47,49,15500,72268
2023-05-23 15:23:38,48,49,15500,72268
2023-05-23 15:23:38,47,49,15530,72298
2023-05-23 15:23:38,48,49,15530,72298
2023-05-23 15:23:39,47,49,15530,72298
2023-05-23 15:23:39,47,49,15560,72328
2023-05-23 15:23:42,47,50,15560,72328
2023-05-23 15:23:43,47,51,15560,72328
2023-05-23 15:23:43,48,51,15560,72328
2023-05-23 15:23:43,49,51,15560,72328
2023-05-23 15:23:56,49,50,15560,72328
2023-05-23 15:24:13,48,50,15558,72528
2023-05-23 15:24:13,48,49,15558,72528
2023-05-23 15:24:13,48,49,15551,72578
2023-05-23 15:24:14,45,47,15521,72687
2023-05-23 15:24:15,45,49,15521,72687
2023-05-23 15:24:15,45,49,15521,72887
2023-05-23 15:24:16,45,49,15521,72987
2023-05-23 15:24:16,45,48,15521,72987
2023-05-23 15:24:16,45,47,15521,72987
2023-05-23 15:24:16,43,47,15521,72987
2023-05-23 15:24:16,43,45,15521,72987
2023-05-23 15:24:16,43,47,15521,72987
2023-05-23 15:24:17,43,48,15521,72987
2023-05-23 15:24:17,43,47,15521,72987
2023-05-23 15:24:17,41,47,15418,73187
2023-05-23 15:24:18,41,45,15418,73187
2023-05-23 15:24:18,41,42,15418,73187
2023-05-23 15:24:19,41,43,15418,73187
2023-05-23 15:24:19,41,42,15418,73187
2023-05-23 15:24:19,41,42,15359,73277
2023-05-23 15:24:19,41,42,15409,73327
2023-05-23 15:24:39,41,42,15459,73377
2023-05-23 15:24:43,41,42,15458,73378
2023-05-23 15:24:46,41,42,15458,73380
2023-05-23 15:24:49,39,42,15441,73397
2023-05-23 15:24:49,39,41,15441,73397
2023-05-23 15:24:59,40,41,15441,73397
2023-05-23 15:25:01,39,41,15441,73397
2023-05-23 15:25:07,39,40,15441,73397
2023-05-23 15:25:07,37,40,15441,73417
2023-05-23 15:25:08,37,39,15441,73417
2023-05-23 15:25:12,37,40,15441,73417
2023-05-23 15:25:12,36,40,15441,73417
2023-05-23 15:25:12,38,40,15441,73417
2023-05-23 15:25:14,36,40,15441,73417
2023-05-23 15:25:14,39,40,15441,73417
2023-05-23 15:25:26,39,40,15441,73418
2023-05-23 15:25:59,38,39,15441,73420
2023-05-23 15:25:59,38,40,15441,73420
2023-05-23 15:25:59,38,39,15441,73420
2023-05-23 15:26:05,38,40,15441,73420
2023-05-23 15:26:10,39,40,15441,73420
2023-05-23 15:26:11,39,40,15441,73469
2023-05-23 15:26:13,39,41,15454,73502
2023-05-23 15:26:13,40,41,15454,73502
2023-05-23 15:26:14,40,41,15504,73552
2023-05-23 15:26:15,40,43,15536,73584
2023-05-23 15:26:15,41,43,15536,73584
2023-05-23 15:26:16,42,46,15536,73584
2023-05-23 15:26:16,43,46,15536,73584
2023-05-23 15:26:16,44,46,15536,73584
2023-05-23 15:26:16,44,45,15536,73584
2023-05-23 15:26:16,43,45,15536,73584
2023-05-23 15:26:22,43,46,15536,73584
2023-05-23 15:26:22,43,45,15536,73584
2023-05-23 15:26:22,43,44,15536,73584
2023-05-23 15:26:29,43,45,15536,73584
2023-05-23 15:26:33,42,45,15536,73584
2023-05-23 15:26:33,42,44,15536,73584
2023-05-23 15:26:34,41,44,15536,73584
2023-05-23 15:26:34,41,45,15536,73584
2023-05-23 15:26:34,41,43,15536,73584
2023-05-23 15:26:39,41,44,15536,73584
2023-05-23 15:26:39,41,42,15536,73584
2023-05-23 15:26:47,41,45,15536,73584
2023-05-23 15:26:47,41,43,15536,73584
2023-05-23 15:26:49,41,42,15536,73584
2023-05-23 15:26:51,42,45,15536,73604
2023-05-23 15:26:51,41,45,15536,73604
2023-05-23 15:26:51,42,45,15536,73604
2023-05-23 15:26:51,43,45,15536,73604
2023-05-23 15:26:54,42,45,15536,73604
2023-05-23 15:26:54,42,47,15536,73604
2023-05-23 15:26:54,42,44,15536,73604
2023-05-23 15:26:57,41,44,15536,73604
2023-05-23 15:26:57,41,45,15536,73604
2023-05-23 15:26:57,41,43,15536,73604
2023-05-23 15:27:01,41,45,15536,73604
2023-05-23 15:27:01,41,42,15536,73604
2023-05-23 15:27:25,40,42,15536,73604
2023-05-23 15:27:25,40,41,15536,73604
2023-05-23 15:27:27,40,41,15441,73719
2023-05-23 15:27:39,37,41,15441,73719
2023-05-23 15:27:49,38,41,15441,73719
2023-05-23 15:27:52,39,41,15441,73719
2023-05-23 15:27:54,40,41,15441,73719
2023-05-23 15:27:56,39,41,15441,73719
2023-05-23 15:27:58,37,41,15441,73719
2023-05-23 15:27:59,39,41,15441,73719
2023-05-23 15:28:13,37,41,15441,73719
2023-05-23 15:28:13,38,41,15441,73719
2023-05-23 15:28:23,39,41,15441,73719
2023-05-23 15:28:24,38,41,15441,73719
2023-05-23 15:28:26,37,41,15441,73719
2023-05-23 15:28:26,38,41,15441,73719
2023-05-23 15:28:57,39,41,15441,73719
2023-05-23 15:28:58,40,41,15441,73719
2023-05-23 15:29:02,39,41,15441,73719
2023-05-23 15:29:05,40,41,15441,73719
2023-05-23 15:29:08,40,42,15443,73721
2023-05-23 15:29:11,39,42,15443,73721
2023-05-23 15:29:14,38,42,15443,73721
2023-05-23 15:29:14,39,42,15443,73721
2023-05-23 15:29:22,39,41,15443,73721
2023-05-23 15:29:29,39,40,15443,73721
2023-05-23 15:29:30,38,39,15443,73723
2023-05-23 15:29:30,38,40,15443,73723
2023-05-23 15:29:30,38,39,15443,73723
2023-05-23 15:29:30,38,40,15443,73723
2023-05-23 15:29:31,36,38,15443,73750
2023-05-23 15:29:31,36,40,15443,73750
2023-05-23 15:29:31,36,39,15443,73750
2023-05-23 15:29:31,36,40,15443,73750
2023-05-23 15:29:35,33,40,15443,73750
2023-05-23 15:29:35,33,38,15443,73750
2023-05-23 15:29:36,36,38,15443,73750
2023-05-23 15:29:38,36,37,15443,73750
2023-05-23 15:29:41,33,37,15443,73750
2023-05-23 15:29:50,33,36,15443,73750
2023-05-23 15:29:59,33,37,15443,73750
2023-05-23 15:29:59,31,37,15443,73750
2023-05-23 15:30:00,31,36,15443,73750
2023-05-23 15:30:02,32,36,15443,73750
2023-05-23 15:30:04,31,36,15443,73750
2023-05-23 15:30:05,31,35,15443,73750
2023-05-23 15:30:15,31,36,15443,73750
2023-05-23 15:30:19,31,35,15443,73750
2023-05-23 15:30:30,31,34,15443,73750
2023-05-23 15:30:31,31,35,15443,73750
2023-05-23 15:30:33,31,34,15443,73750
2023-05-23 15:30:43,31,35,15443,73750
2023-05-23 15:30:43,31,36,15443,73750
2023-05-23 15:30:43,31,34,15443,73750
2023-05-23 15:30:43,31,36,15443,73750
2023-05-23 15:30:43,31,35,15443,73750
2023-05-23 15:30:43,31,36,15443,73750
2023-05-23 15:30:45,31,35,15443,73750
2023-05-23 15:30:57,31,36,15443,73750
2023-05-23 15:30:58,32,36,15443,73750
2023-05-23 15:31:04,31,36,15443,73750
2023-05-23 15:31:16,31,35,15443,73750
2023-05-23 15:31:22,32,35,15443,73750
2023-05-23 15:31:22,32,36,15443,73750
2023-05-23 15:31:23,33,36,15443,73750
2023-05-23 15:31:23,34,36,15443,73750
2023-05-23 15:31:24,33,36,15443,73750
2023-05-23 15:31:27,34,36,15443,73750
2023-05-23 15:31:31,33,36,15443,73750
2023-05-23 15:31:38,32,36,15443,73750
2023-05-23 15:31:41,32,35,15443,73750
2023-05-23 15:31:50,32,34,15443,73750
2023-05-23 15:31:57,32,35,15443,73750
2023-05-23 15:32:01,31,35,15443,73750
2023-05-23 15:32:03,32,35,15443,73750
2023-05-23 15:32:09,33,35,15443,73750
2023-05-23 15:32:11,32,35,15443,73750
2023-05-23 15:32:14,31,35,15443,73750
2023-05-23 15:32:17,31,34,15443,73750
2023-05-23 15:32:20,31,33,15443,73750
2023-05-23 15:32:23,31,32,15443,73750
2023-05-23 15:32:37,30,31,15443,73770
2023-05-23 15:32:37,30,32,15443,73770
2023-05-23 15:32:37,30,31,15443,73770
2023-05-23 15:32:40,26,31,15443,73770
2023-05-23 15:32:40,26,30,15443,73770
2023-05-23 15:32:40,28,30,15443,73770
2023-05-23 15:32:44,26,28,15443,73790
2023-05-23 15:32:44,26,30,15443,73790
2023-05-23 15:32:44,26,27,15443,73790
2023-05-23 15:32:44,26,28,15443,73790
2023-05-23 15:32:44,26,29,15443,73790
2023-05-23 15:32:44,26,30,15443,73790
2023-05-23 15:32:46,26,29,15443,73790
2023-05-23 15:32:48,26,28,15443,73790
2023-05-23 15:32:50,26,27,15443,73790
2023-05-23 15:32:56,23,26,15443,73810
2023-05-23 15:32:56,23,27,15443,73810
2023-05-23 15:32:57,23,26,15443,73810
2023-05-23 15:32:58,23,27,15443,73810
2023-05-23 15:32:59,23,26,15443,73810
2023-05-23 15:33:23,24,26,15443,73810
2023-05-23 15:33:26,25,26,15443,73810
2023-05-23 15:33:26,25,26,15443,73812
2023-05-23 15:33:28,24,26,15443,73812
2023-05-23 15:33:30,25,26,15443,73812
2023-05-23 15:33:32,26,27,15443,73872
2023-05-23 15:33:32,25,27,15443,73872
2023-05-23 15:33:32,26,27,15443,73872
2023-05-23 15:33:33,27,28,15443,73974
2023-05-23 15:33:33,26,28,15443,73974
2023-05-23 15:33:33,27,28,15443,73974
2023-05-23 15:33:43,27,28,15530,74061
2023-05-23 15:33:43,28,31,15539,74076
2023-05-23 15:33:43,27,31,15539,74076
2023-05-23 15:33:46,27,30,15539,74076
2023-05-23 15:33:54,27,28,15539,74076
2023-05-23 15:34:01,27,28,15549,74086
2023-05-23 15:34:32,26,28,15549,74088
2023-05-23 15:34:32,26,28,15549,74091
2023-05-23 15:34:32,26,27,15549,74091
2023-05-23 15:34:33,24,27,15549,74100
2023-05-23 15:34:33,23,26,15549,74100
2023-05-23 15:34:38,22,26,15549,74100
2023-05-23 15:35:04,22,25,15549,74100
2023-05-23 15:35:05,22,26,15549,74100
2023-05-23 15:35:09,22,23,15549,74100
2023-05-23 15:35:35,20,23,15549,74100
2023-05-23 15:35:40,19,23,15549,74100
2023-05-23 15:35:42,19,22,15549,74100
2023-05-23 15:35:47,19,23,15549,74100
2023-05-23 15:35:54,20,23,15549,74100
2023-05-23 15:35:57,21,23,15549,74100
2023-05-23 15:35:59,22,23,15549,74100
2023-05-23 15:36:00,23,26,15601,74152
2023-05-23 15:36:00,22,26,15601,74152
2023-05-23 15:36:01,22,25,15601,74152
2023-05-23 15:36:02,23,25,15601,74152
2023-05-23 15:36:03,23,26,15601,74152
2023-05-23 15:36:15,23,25,15601,74152
2023-05-23 15:36:24,23,25,15601,74212
2023-05-23 15:36:24,23,26,15601,74212
2023-05-23 15:36:29,22,26,15601,74212
2023-05-23 15:36:36,23,26,15601,74212
2023-05-23 15:36:46,22,26,15601,74212
2023-05-23 15:36:52,21,26,15611,74442
2023-05-23 15:36:55,21,25,15611,74442
2023-05-23 15:36:59,20,25,15885,74756
2023-05-23 15:37:01,21,25,15885,74756
2023-05-23 15:37:01,22,25,15885,74756
2023-05-23 15:37:03,23,26,15885,74756
2023-05-23 15:37:03,24,26,15885,74756
2023-05-23 15:37:04,25,26,15885,74756
2023-05-23 15:37:04,25,32,15893,74766
2023-05-23 15:37:04,25,26,15893,74766
2023-05-23 15:37:04,24,26,15893,74766
2023-05-23 15:37:04,26,32,15893,74964
2023-05-23 15:37:04,24,32,15893,74964
2023-05-23 15:37:04,24,31,15893,74964
2023-05-23 15:37:05,23,31,15893,74964
2023-05-23 15:37:05,22,31,15893,74964
2023-05-23 15:37:05,22,31,15893,74964
2023-05-23 15:37:05,22,30,15893,74964
2023-05-23 15:37:05,26,30,15893,74964
2023-05-23 15:37:05,26,29,15893,74964
2023-05-23 15:37:06,27,29,15893,74964
2023-05-23 15:37:06,27,32,15893,74964
2023-05-23 15:37:06,26,32,15893,74964
2023-05-23 15:37:07,27,32,15893,74964
2023-05-23 15:37:07,28,32,15893,74964
2023-05-23 15:37:07,29,32,15893,74964
2023-05-23 15:37:07,28,32,15893,74964
2023-05-23 15:37:09,29,32,15893,74964
2023-05-23 15:37:09,30,32,15893,74964
2023-05-23 15:37:10,28,32,15893,74964
2023-05-23 15:37:10,29,32,15893,74964
2023-05-23 15:37:11,28,32,15893,74964
2023-05-23 15:37:13,29,32,15893,74964
2023-05-23 15:37:13,30,32,15893,74964
2023-05-23 15:37:16,31,32,15893,74964
2023-05-23 15:37:19,30,32,15893,74964
2023-05-23 15:37:19,31,32,15893,74964
2023-05-23 15:37:29,31,32,15892,74965
2023-05-23 15:37:32,28,32,15892,74965
2023-05-23 15:37:33,28,31,15892,74965
2023-05-23 15:37:33,28,32,15892,74965
2023-05-23 15:37:34,29,32,15892,74965
2023-05-23 15:37:36,29,32,15892,74970
2023-05-23 15:37:37,30,32,15892,74970
2023-05-23 15:37:37,31,32,15892,74970
2023-05-23 15:37:37,29,32,15892,74970
2023-05-23 15:37:38,32,37,16030,75146
2023-05-23 15:37:38,32,34,16030,75146
2023-05-23 15:37:38,29,34,16030,75146
2023-05-23 15:37:38,30,34,16030,75146
2023-05-23 15:37:39,31,34,16030,75146
2023-05-23 15:37:40,30,34,16030,75146
2023-05-23 15:37:42,30,36,16030,75146
2023-05-23 15:37:42,30,33,16030,75146
2023-05-23 15:37:44,29,33,16030,75146
2023-05-23 15:37:44,29,35,16030,75146
2023-05-23 15:37:44,29,32,16030,75146
2023-05-23 15:37:44,32,35,16050,75216
2023-05-23 15:37:44,29,35,16050,75216
2023-05-23 15:37:50,29,34,16050,75216
2023-05-23 15:37:51,29,33,16050,75216
2023-05-23 15:37:52,27,33,16050,75216
2023-05-23 15:37:53,28,33,16050,75216
2023-05-23 15:37:58,29,32,16050,75216
2023-05-23 15:38:12,29,30,16050,75216
2023-05-23 15:38:12,24,30,16050,75218
2023-05-23 15:38:14,24,29,16050,75218
2023-05-23 15:38:14,24,28,16050,75218
2023-05-23 15:38:15,24,27,16050,75218
2023-05-23 15:38:15,22,27,16050,75218
2023-05-23 15:38:15,21,27,16050,75218
2023-05-23 15:38:19,22,27,16050,75218
2023-05-23 15:38:36,22,26,16050,75218
2023-05-23 15:38:37,22,27,16050,75218
2023-05-23 15:38:48,24,27,16050,75218
2023-05-23 15:39:06,24,26,16050,75218
2023-05-23 15:39:07,20,26,16050,75218
2023-05-23 15:39:15,20,26,16051,75219
2023-05-23 15:39:22,21,26,16051,75219
2023-05-23 15:39:22,22,26,16051,75219
2023-05-23 15:39:27,23,26,16051,75219
2023-05-23 15:39:33,24,26,16051,75219
2023-05-23 15:39:35,25,26,16051,75219
2023-05-23 15:39:39,26,27,16071,75239
2023-05-23 15:39:39,25,27,16071,75239
2023-05-23 15:39:43,23,27,16071,75239
2023-05-23 15:39:53,24,27,16071,75239
2023-05-23 15:40:01,25,27,16071,75239
2023-05-23 15:40:01,26,27,16071,75239
2023-05-23 15:40:07,27,29,16073,75241
2023-05-23 15:40:07,26,29,16073,75241
2023-05-23 15:40:07,27,29,16073,75241
2023-05-23 15:40:08,28,29,16073,75241
2023-05-23 15:40:09,28,34,16091,75281
2023-05-23 15:40:09,28,33,16091,75281
2023-05-23 15:40:09,29,33,16091,75281
2023-05-23 15:40:09,30,33,16091,75281
2023-05-23 15:40:09,30,34,16091,75281
2023-05-23 15:40:09,30,35,16091,75281
2023-05-23 15:40:09,30,37,16091,75281
2023-05-23 15:40:10,30,36,16091,75281
2023-05-23 15:40:10,30,37,16091,75281
2023-05-23 15:40:11,30,33,16091,75281
2023-05-23 15:40:12,32,33,16091,75281
2023-05-23 15:40:12,33,37,16111,75301
2023-05-23 15:40:14,32,37,16111,75301
2023-05-23 15:40:14,32,35,16111,75301
2023-05-23 15:40:15,33,35,16111,75301
2023-05-23 15:40:18,33,37,16111,75301
2023-05-23 15:40:18,33,36,16111,75301
2023-05-23 15:40:19,33,35,16111,75301
2023-05-23 15:40:25,33,34,16111,75301
2023-05-23 15:40:25,33,34,16111,75302
2023-05-23 15:40:33,32,33,16109,75304
2023-05-23 15:40:33,32,34,16109,75304
2023-05-23 15:40:33,26,32,16107,75306
2023-05-23 15:40:33,26,34,16107,75306
2023-05-23 15:40:33,26,30,16107,75306
2023-05-23 15:40:42,26,28,16107,75306
2023-05-23 15:41:00,26,27,16107,75306
2023-05-23 15:41:02,26,28,16107,75306
2023-05-23 15:41:08,27,28,16107,75306
2023-05-23 15:41:27,27,31,16111,75310
2023-05-23 15:41:27,27,36,16111,75310
2023-05-23 15:41:27,27,35,16111,75310
2023-05-23 15:41:28,27,34,16111,75310
2023-05-23 15:41:28,28,34,16111,75310
2023-05-23 15:41:28,29,34,16111,75310
2023-05-23 15:41:28,29,33,16111,75310
2023-05-23 15:41:28,30,33,16111,75310
2023-05-23 15:41:28,31,33,16111,75310
2023-05-23 15:41:29,31,38,16111,75310
2023-05-23 15:41:29,31,35,16111,75310
2023-05-23 15:41:30,32,35,16111,75310
2023-05-23 15:41:32,32,35,16111,75323
2023-05-23 15:41:34,32,38,16111,75323
2023-05-23 15:41:34,32,37,16111,75323
2023-05-23 15:41:34,32,36,16111,75323
2023-05-23 15:41:36,32,38,16111,75323
2023-05-23 15:41:36,32,37,16111,75323
2023-05-23 15:41:36,32,35,16111,75323
2023-05-23 15:41:42,32,33,16111,75323
2023-05-23 15:41:43,25,32,16109,75325
2023-05-23 15:41:43,25,33,16109,75325
2023-05-23 15:41:44,25,32,16109,75325
2023-05-23 15:41:44,25,31,16109,75325
2023-05-23 15:41:45,25,30,16109,75325
2023-05-23 15:41:45,25,28,16109,75325
2023-05-23 15:41:45,25,30,16109,75325
2023-05-23 15:41:45,25,27,16109,75325
2023-05-23 15:41:47,23,27,16109,75325
2023-05-23 15:41:48,24,27,16109,75325
2023-05-23 15:41:52,23,27,16109,75325
2023-05-23 15:41:58,23,26,16109,75325
2023-05-23 15:42:03,23,27,16109,75325
2023-05-23 15:42:03,23,25,16109,75325
2023-05-23 15:42:04,23,27,16109,75325
2023-05-23 15:42:04,23,24,16109,75325
2023-05-23 15:42:07,23,27,16109,75325
2023-05-23 15:42:07,23,25,16109,75325
2023-05-23 15:42:11,23,27,16109,75325
2023-05-23 15:42:11,23,24,16109,75325
2023-05-23 15:42:13,20,24,16109,75325
2023-05-23 15:42:13,20,26,16109,75325
2023-05-23 15:42:13,20,23,16109,75325
2023-05-23 15:42:14,21,23,16109,75325
2023-05-23 15:42:21,21,24,16109,75325
2023-05-23 15:42:30,22,24,16109,75325
2023-05-23 15:42:31,24,29,16111,75327
2023-05-23 15:42:31,22,29,16111,75327
2023-05-23 15:42:31,22,28,16111,75327
2023-05-23 15:42:31,22,25,16111,75327
2023-05-23 15:42:33,22,29,16111,75327
2023-05-23 15:42:33,22,28,16111,75327
2023-05-23 15:42:33,22,26,16111,75327
2023-05-23 15:42:33,22,25,16111,75327
2023-05-23 15:42:35,23,25,16111,75327
2023-05-23 15:42:37,24,25,16111,75327
2023-05-23 15:42:38,25,28,16113,75329
2023-05-23 15:42:38,24,28,16113,75329
2023-05-23 15:42:38,24,27,16113,75329
2023-05-23 15:42:38,24,28,16113,75329
2023-05-23 15:42:38,25,28,16113,75329
2023-05-23 15:42:44,26,28,16113,75329
2023-05-23 15:42:44,26,33,16113,75329
2023-05-23 15:42:44,26,32,16113,75329
2023-05-23 15:42:44,26,29,16113,75329
2023-05-23 15:42:47,25,29,16113,75329
2023-05-23 15:42:47,26,29,16113,75329
2023-05-23 15:42:48,26,28,16113,75329
2023-05-23 15:42:53,26,27,16113,75329
2023-05-23 15:43:06,26,28,16113,75329
2023-05-23 15:43:14,27,28,16113,75329
2023-05-23 15:43:17,26,28,16113,75329
2023-05-23 15:43:31,26,27,16113,75329
2023-05-23 15:43:37,26,28,16113,75329
2023-05-23 15:43:42,26,28,16088,75354
2023-05-23 15:43:43,26,27,16088,75354
2023-05-23 15:43:46,25,27,16088,75354
2023-05-23 15:43:48,25,26,16088,75354
2023-05-23 15:43:55,25,27,16088,75354
2023-05-23 15:44:00,26,27,16088,75354
2023-05-23 15:44:03,26,32,16092,75358
2023-05-23 15:44:03,26,31,16092,75358
2023-05-23 15:44:04,27,31,16092,75358
2023-05-23 15:44:04,28,31,16092,75358
2023-05-23 15:44:04,29,31,16092,75358
2023-05-23 15:44:04,30,31,16092,75358
2023-05-23 15:44:04,30,32,16092,75358
2023-05-23 15:44:04,29,32,16092,75358
2023-05-23 15:44:07,27,32,16092,75358
2023-05-23 15:44:08,27,30,16092,75358
2023-05-23 15:44:09,26,30,16092,75358
2023-05-23 15:44:10,26,32,16092,75358
2023-05-23 15:44:10,26,29,16092,75358
2023-05-23 15:44:12,26,31,16092,75358
2023-05-23 15:44:12,26,28,16092,75358
2023-05-23 15:44:25,26,27,16092,75358
2023-05-23 15:44:29,25,26,16058,75392
2023-05-23 15:44:29,25,27,16058,75392
2023-05-23 15:44:29,25,28,16058,75392
2023-05-23 15:44:29,25,27,16058,75392
2023-05-23 15:44:29,25,28,16058,75392
2023-05-23 15:44:30,22,25,16002,75448
2023-05-23 15:44:30,22,26,16002,75448
2023-05-23 15:44:30,22,28,16002,75448
2023-05-23 15:44:30,22,25,16002,75448
2023-05-23 15:44:32,21,25,16002,75448
2023-05-23 15:44:32,21,27,16002,75448
2023-05-23 15:44:32,21,24,16002,75448
2023-05-23 15:44:33,20,24,16002,75448
2023-05-23 15:44:33,20,26,16002,75448
2023-05-23 15:44:33,20,23,16002,75448
2023-05-23 15:44:34,21,23,16002,75448
2023-05-23 15:44:37,21,24,16002,75448
2023-05-23 15:44:39,22,24,16002,75448
2023-05-23 15:44:40,21,24,16002,75448
2023-05-23 15:44:46,22,24,16002,75448
2023-05-23 15:44:48,21,24,16032,75478
2023-05-23 15:44:58,21,23,16032,75478
2023-05-23 15:44:59,21,24,16032,75478
2023-05-23 15:45:01,20,21,16032,75498
2023-05-23 15:45:02,20,24,16062,75528
2023-05-23 15:45:03,21,24,16062,75528
2023-05-23 15:45:03,22,24,16062,75528
2023-05-23 15:45:03,23,24,16062,75528
2023-05-23 15:45:04,22,24,16062,75528
2023-05-23 15:45:06,23,24,16062,75528
2023-05-23 15:45:08,21,24,16062,75528
2023-05-23 15:45:12,21,23,16062,75528
2023-05-23 15:45:18,20,21,16060,75530
2023-05-23 15:45:18,20,23,16060,75530
2023-05-23 15:45:18,20,22,16060,75530
2023-05-23 15:45:18,20,23,16060,75530
2023-05-23 15:45:19,20,23,16060,75730
2023-05-23 15:45:20,20,23,16060,75930
2023-05-23 15:45:20,20,22,16060,75930
2023-05-23 15:45:20,20,23,16060,75930
2023-05-23 15:45:20,20,22,16060,75930
2023-05-23 15:45:22,20,22,16060,75962
2023-05-23 15:45:22,20,22,16060,76000
2023-05-23 15:45:23,20,23,16060,76000
2023-05-23 15:45:23,17,20,16089,76049
2023-05-23 15:45:25,17,23,16089,76049
2023-05-23 15:45:25,17,22,16089,76049
2023-05-23 15:45:30,16,22,16089,76049
2023-05-23 15:45:30,16,21,16089,76049
2023-05-23 15:45:32,16,20,16089,76049
2023-05-23 15:45:45,10,20,16069,76362
2023-05-23 15:45:45,11,20,16069,76362
2023-05-23 15:45:45,11,18,16069,76362
2023-05-23 15:45:45,12,18,16069,76362
2023-05-23 15:45:45,13,18,16069,76362
2023-05-23 15:45:45,14,18,16069,76362
2023-05-23 15:45:48,14,20,16069,76362
2023-05-23 15:45:48,14,17,16069,76362
2023-05-23 15:45:48,13,17,16069,76362
2023-05-23 15:45:50,11,17,16069,76362
2023-05-23 15:45:50,11,18,16069,76362
2023-05-23 15:45:50,11,15,16069,76362
2023-05-23 15:45:51,10,15,16069,76362
2023-05-23 15:45:51,10,16,16069,76362
2023-05-23 15:45:52,10,17,16069,76362
2023-05-23 15:45:52,10,16,16069,76362
2023-05-23 15:45:52,10,17,16069,76362
2023-05-23 15:45:52,10,14,16069,76362
2023-05-23 15:45:58,11,14,16069,76362
2023-05-23 15:46:03,10,14,16099,76392
2023-05-23 15:46:03,10,13,16099,76392
2023-05-23 15:46:04,11,13,16099,76392
2023-05-23 15:46:04,10,13,16099,76412
2023-05-23 15:46:04,13,14,16104,76417
2023-05-23 15:46:04,10,14,16104,76417
2023-05-23 15:46:04,10,13,16104,76417
2023-05-23 15:46:08,10,13,16304,76617
2023-05-23 15:46:08,10,12,16304,76617
2023-05-23 15:46:09,11,12,16304,76617
2023-05-23 15:46:09,10,12,16334,76647
2023-05-23 15:46:09,12,13,16338,76651
2023-05-23 15:46:09,10,13,16338,76651
2023-05-23 15:46:09,10,12,16338,76651
2023-05-23 15:46:10,12,13,16347,76660
2023-05-23 15:46:10,10,13,16347,76660
2023-05-23 15:46:10,10,12,16347,76660
2023-05-23 15:46:11,10,13,16547,76860
2023-05-23 15:46:12,10,12,16547,76860
2023-05-23 15:46:12,9,12,16577,76910
2023-05-23 15:46:12,12,13,16581,76914
2023-05-23 15:46:13,9,13,16581,76914
2023-05-23 15:46:13,9,12,16581,76914
2023-05-23 15:46:14,12,13,16590,76923
2023-05-23 15:46:14,9,13,16590,76923
2023-05-23 15:46:14,9,12,16590,76923
2023-05-23 15:46:14,9,11,16590,76923
2023-05-23 15:46:14,9,12,16590,76923
2023-05-23 15:46:14,9,10,16590,76923
2023-05-23 15:46:14,9,12,16594,76927
2023-05-23 15:46:14,9,11,16594,76927
2023-05-23 15:46:14,9,12,16598,76931
2023-05-23 15:46:14,10,12,16598,76931
2023-05-23 15:46:14,9,12,16628,76961
2023-05-23 15:46:14,9,11,16628,76961
2023-05-23 15:46:14,9,12,16632,76965
2023-05-23 15:46:15,9,11,16632,76965
2023-05-23 15:46:15,9,13,16832,77165
2023-05-23 15:46:15,9,11,16832,77165
2023-05-23 15:46:15,9,12,16832,77165
2023-05-23 15:46:15,10,12,16832,77165
2023-05-23 15:46:15,10,13,16832,77165
2023-05-23 15:46:15,9,13,16832,77177
2023-05-23 15:46:15,9,11,16832,77177
2023-05-23 15:46:15,9,12,16832,77177
2023-05-23 15:46:15,9,13,16832,77177
2023-05-23 15:46:15,9,12,16832,77177
2023-05-23 15:46:16,12,13,16833,77178
2023-05-23 15:46:16,9,13,16833,77178
2023-05-23 15:46:22,13,14,16899,77244
2023-05-23 15:46:22,9,14,16899,77244
2023-05-23 15:46:24,9,13,16899,77244
2023-05-23 15:46:24,9,14,16899,77244
2023-05-23 15:46:25,9,13,16899,77244
2023-05-23 15:46:31,10,13,16899,77244
2023-05-23 15:46:31,13,14,16901,77246
2023-05-23 15:46:31,10,14,16901,77246
2023-05-23 15:46:32,14,15,16923,77268
2023-05-23 15:46:32,10,15,16923,77268
2023-05-23 15:46:33,10,19,16923,77268
2023-05-23 15:46:33,10,18,16923,77268
2023-05-23 15:46:33,10,16,16923,77268
2023-05-23 15:46:33,11,16,16923,77268
2023-05-23 15:46:34,12,16,16923,77268
2023-05-23 15:46:34,12,19,16923,77268
2023-05-23 15:46:34,12,17,16923,77268
2023-05-23 15:46:35,13,17,16923,77268
2023-05-23 15:46:38,13,17,16923,77468
2023-05-23 15:46:38,14,17,16923,77468
2023-05-23 15:46:39,15,17,16923,77468
2023-05-23 15:46:39,14,17,16923,77468
2023-05-23 15:46:39,15,17,16923,77468
2023-05-23 15:46:41,17,18,16968,77513
2023-05-23 15:46:41,15,18,16968,77513
2023-05-23 15:46:41,14,18,16968,77513
2023-05-23 15:46:41,14,20,16968,77513
2023-05-23 15:46:41,14,17,16968,77513
2023-05-23 15:46:42,13,17,16968,77513
2023-05-23 15:46:42,13,18,16968,77513
2023-05-23 15:46:43,13,16,16968,77513
2023-05-23 15:46:47,13,18,16970,77597
2023-05-23 15:46:56,14,18,16970,77597
2023-05-23 15:47:01,13,18,16970,77597
2023-05-23 15:47:04,14,18,16970,77597
2023-05-23 15:47:07,15,18,16970,77597
2023-05-23 15:47:23,13,18,17000,77711
2023-05-23 15:47:23,13,17,17000,77711
2023-05-23 15:47:30,13,16,17000,77711
2023-05-23 15:47:35,14,16,17000,77711
2023-05-23 15:47:36,16,17,17064,77775
2023-05-23 15:47:36,14,17,17064,77775
2023-05-23 15:47:37,15,17,17064,77775
2023-05-23 15:47:37,17,18,17128,77839
2023-05-23 15:47:37,15,18,17128,77839
2023-05-23 15:47:38,15,23,17128,77839
2023-05-23 15:47:38,15,24,17128,77839
2023-05-23 15:47:38,15,22,17128,77839
2023-05-23 15:47:38,15,23,17128,77839
2023-05-23 15:47:38,16,23,17128,77839
2023-05-23 15:47:38,17,23,17128,77839
2023-05-23 15:47:38,17,21,17128,77839
2023-05-23 15:47:38,17,24,17128,77839
2023-05-23 15:47:38,17,24,17128,77839
2023-05-23 15:47:38,17,23,17128,77839
2023-05-23 15:47:39,17,24,17128,77839
2023-05-23 15:47:39,17,25,17128,77839
2023-05-23 15:47:39,17,20,17128,77839
2023-05-23 15:47:39,18,20,17128,77839
2023-05-23 15:47:39,19,20,17128,77839
2023-05-23 15:47:39,19,25,17128,77839
2023-05-23 15:47:39,20,25,17128,77839
2023-05-23 15:47:39,19,25,17128,77839
2023-05-23 15:47:40,19,23,17128,77839
2023-05-23 15:47:40,20,23,17128,77839
2023-05-23 15:47:40,19,23,17128,77839
2023-05-23 15:47:40,19,25,17128,77839
2023-05-23 15:47:40,19,22,17128,77839
2023-05-23 15:47:42,19,25,17128,77869
2023-05-23 15:47:42,18,25,17128,77869
2023-05-23 15:47:42,18,24,17128,77869
2023-05-23 15:47:44,17,24,17128,77869
2023-05-23 15:47:44,17,23,17128,77869
2023-05-23 15:47:44,18,23,17128,77869
2023-05-23 15:47:45,18,24,17128,77869
2023-05-23 15:47:48,18,22,17128,77869
2023-05-23 15:47:48,18,22,17126,77871
2023-05-23 15:47:49,19,22,17126,77871
2023-05-23 15:47:52,19,21,17126,77871
2023-05-23 15:47:52,16,21,17126,77871
2023-05-23 15:47:52,18,21,17126,77871
2023-05-23 15:47:54,18,22,17126,77871
2023-05-23 15:47:54,16,22,17126,77871
2023-05-23 15:47:54,19,22,17126,77871
2023-05-23 15:47:58,19,21,17126,77871
2023-05-23 15:47:58,16,21,17126,77871
2023-05-23 15:47:58,18,21,17126,77871
2023-05-23 15:47:59,18,20,17126,77871
2023-05-23 15:48:00,16,20,17126,77871
2023-05-23 15:48:00,17,20,17126,77871
2023-05-23 15:48:06,17,21,17126,77871
2023-05-23 15:48:06,16,21,17126,77871
2023-05-23 15:48:06,18,21,17126,77871
2023-05-23 15:48:10,18,22,17126,77871
2023-05-23 15:48:10,16,22,17126,77871
2023-05-23 15:48:10,16,21,17126,77871
2023-05-23 15:48:10,16,22,17126,77871
2023-05-23 15:48:11,19,22,17126,77871
2023-05-23 15:48:11,19,21,17126,77871
2023-05-23 15:48:18,18,21,17126,77871
2023-05-23 15:48:18,20,21,17126,77871
2023-05-23 15:48:24,18,20,17128,77873
2023-05-23 15:48:25,19,20,17128,77873
2023-05-23 15:48:27,20,21,17226,77971
2023-05-23 15:48:27,19,21,17226,77971
2023-05-23 15:48:27,20,21,17226,77971
