datetime,bid,ask,open_interest,volume
2023-11-13 09:30:11,3,17,479,484
2023-11-13 09:30:11,0,17,479,484
2023-11-13 09:31:00,15,17,479,484
2023-11-13 09:31:24,15,16,479,484
2023-11-13 09:31:27,15,17,479,484
2023-11-13 09:31:27,15,16,479,484
2023-11-13 09:31:31,15,17,479,484
2023-11-13 09:31:34,15,16,479,484
2023-11-13 09:31:41,13,16,479,484
2023-11-13 09:31:42,14,16,479,484
2023-11-13 09:31:44,13,16,479,484
2023-11-13 09:31:49,14,16,479,484
2023-11-13 09:31:57,14,17,479,484
2023-11-13 09:32:00,15,17,479,484
2023-11-13 09:32:01,14,17,479,484
2023-11-13 09:32:01,15,17,479,484
2023-11-13 09:32:05,14,17,479,484
2023-11-13 09:32:14,14,16,479,484
2023-11-13 09:32:18,13,16,479,484
2023-11-13 09:32:32,14,16,479,484
2023-11-13 09:32:36,13,16,479,484
2023-11-13 09:32:37,14,16,479,484
2023-11-13 09:32:41,13,16,479,484
2023-11-13 09:32:45,14,16,479,484
2023-11-13 09:32:50,13,16,479,484
2023-11-13 09:32:54,14,16,479,484
2023-11-13 09:33:01,14,17,479,484
2023-11-13 09:33:03,14,16,479,484
2023-11-13 09:33:10,13,16,479,484
2023-11-13 09:33:41,12,16,479,484
2023-11-13 09:33:41,12,14,479,484
2023-11-13 09:34:05,12,14,484,489
2023-11-13 09:34:10,12,13,484,489
2023-11-13 09:34:16,11,13,484,489
2023-11-13 09:34:52,11,12,484,489
2023-11-13 09:35:03,10,12,484,489
2023-11-13 09:35:08,11,12,484,489
2023-11-13 09:35:09,10,12,484,489
2023-11-13 09:36:11,10,11,484,489
2023-11-13 09:36:16,10,12,484,489
2023-11-13 09:36:17,10,11,484,489
2023-11-13 09:36:20,10,12,484,489
2023-11-13 09:36:22,10,11,484,489
2023-11-13 09:36:23,10,12,484,489
2023-11-13 09:36:25,10,11,484,489
2023-11-13 09:36:29,10,12,484,489
2023-11-13 09:36:40,10,12,489,494
2023-11-13 09:37:13,10,11,489,494
2023-11-13 09:37:14,10,12,489,494
2023-11-13 09:37:15,10,11,489,494
2023-11-13 09:37:21,10,12,489,494
2023-11-13 09:37:26,10,11,489,494
2023-11-13 09:37:30,9,11,489,494
2023-11-13 09:37:36,9,12,489,494
2023-11-13 09:37:37,9,11,489,494
2023-11-13 09:37:42,9,12,489,494
2023-11-13 09:37:45,9,11,489,494
2023-11-13 09:37:55,9,10,489,494
2023-11-13 09:38:25,9,11,489,494
2023-11-13 09:38:25,9,12,489,494
2023-11-13 09:38:25,9,12,489,494
2023-11-13 09:38:25,9,11,489,494
2023-11-13 09:38:35,9,12,489,494
2023-11-13 09:38:37,9,11,489,494
2023-11-13 09:38:59,9,12,489,494
2023-11-13 09:39:00,9,11,489,494
2023-11-13 09:39:01,9,12,489,494
2023-11-13 09:39:07,9,11,489,494
2023-11-13 09:39:12,10,11,489,494
2023-11-13 09:39:20,9,11,489,494
2023-11-13 09:41:36,9,10,489,494
2023-11-13 09:41:37,9,11,489,494
2023-11-13 09:41:38,9,10,489,494
2023-11-13 09:41:41,9,11,489,494
2023-11-13 09:41:41,9,10,489,494
2023-11-13 09:41:42,9,11,489,494
2023-11-13 09:41:43,9,10,489,494
2023-11-13 09:41:50,9,11,489,494
2023-11-13 09:41:56,9,10,489,494
2023-11-13 09:42:07,9,11,489,494
2023-11-13 09:43:11,9,10,489,494
2023-11-13 09:43:46,9,11,489,494
2023-11-13 09:43:46,9,10,489,494
2023-11-13 09:43:52,9,11,489,494
2023-11-13 09:44:06,9,10,489,494
2023-11-13 09:44:08,9,11,489,494
2023-11-13 09:44:09,9,10,489,494
2023-11-13 09:44:13,9,11,489,494
2023-11-13 09:44:14,9,10,489,494
2023-11-13 09:44:16,9,11,489,494
2023-11-13 09:44:19,9,10,489,494
2023-11-13 09:44:21,9,11,489,494
2023-11-13 09:44:24,9,10,489,494
2023-11-13 09:44:26,9,11,489,494
2023-11-13 09:44:26,9,10,489,494
2023-11-13 09:44:30,9,11,489,494
2023-11-13 09:44:30,9,10,489,494
2023-11-13 09:44:37,9,11,489,494
2023-11-13 09:44:37,9,10,489,494
2023-11-13 09:44:47,9,11,489,494
2023-11-13 09:44:47,9,10,489,494
2023-11-13 09:48:31,9,11,489,494
2023-11-13 09:48:38,9,10,489,494
2023-11-13 09:48:48,9,11,489,494
2023-11-13 09:49:00,9,10,489,494
2023-11-13 09:49:01,9,11,489,494
2023-11-13 09:49:01,9,10,489,494
2023-11-13 09:49:02,9,11,489,494
2023-11-13 09:49:05,9,10,489,494
2023-11-13 09:49:06,9,11,489,494
2023-11-13 09:49:08,9,10,489,494
2023-11-13 09:49:09,9,11,489,494
2023-11-13 09:49:10,9,10,489,494
2023-11-13 09:49:14,10,11,641,646
2023-11-13 09:49:18,9,11,641,646
2023-11-13 09:50:11,10,11,641,646
2023-11-13 09:50:53,9,11,641,646
2023-11-13 09:50:55,9,10,641,646
2023-11-13 09:51:12,10,11,651,656
2023-11-13 09:51:45,9,11,651,656
2023-11-13 09:51:46,10,11,651,656
2023-11-13 09:52:35,9,11,651,656
2023-11-13 09:52:46,9,10,651,656
2023-11-13 09:53:08,9,11,651,656
2023-11-13 09:53:38,10,11,651,656
2023-11-13 09:53:44,9,11,651,656
2023-11-13 09:53:46,9,10,651,656
2023-11-13 09:53:48,9,11,651,656
2023-11-13 09:53:49,9,10,651,656
2023-11-13 09:53:49,9,11,651,656
2023-11-13 09:53:50,9,10,651,656
2023-11-13 09:53:54,9,11,651,656
2023-11-13 09:54:15,9,10,651,656
2023-11-13 09:55:04,8,10,651,656
2023-11-13 09:55:07,8,9,651,656
2023-11-13 09:55:09,8,9,661,666
2023-11-13 09:55:36,8,9,662,667
2023-11-13 09:58:08,9,10,665,670
2023-11-13 09:58:11,9,11,665,670
2023-11-13 09:58:41,10,11,665,670
2023-11-13 09:59:13,9,11,665,670
2023-11-13 09:59:43,10,11,665,670
2023-11-13 09:59:57,9,11,665,670
2023-11-13 10:00:21,9,10,665,670
2023-11-13 10:00:25,8,10,665,670
2023-11-13 10:00:25,8,11,665,670
2023-11-13 10:00:34,8,10,665,670
2023-11-13 10:01:14,8,9,665,670
2023-11-13 10:01:29,8,10,665,670
2023-11-13 10:01:36,8,9,665,670
2023-11-13 10:01:37,8,10,665,670
2023-11-13 10:01:47,8,9,665,670
2023-11-13 10:01:50,8,10,665,670
2023-11-13 10:01:50,8,9,665,670
2023-11-13 10:01:54,8,10,665,670
2023-11-13 10:01:54,8,9,665,670
2023-11-13 10:02:26,8,9,795,800
2023-11-13 10:02:55,8,9,920,925
2023-11-13 10:03:00,8,10,920,925
2023-11-13 10:03:17,8,9,920,925
2023-11-13 10:03:24,8,10,920,1100
2023-11-13 10:03:24,8,9,920,1100
2023-11-13 10:03:26,8,10,920,1265
2023-11-13 10:03:27,9,10,920,1265
2023-11-13 10:03:29,9,11,920,1265
2023-11-13 10:03:50,10,11,920,1265
2023-11-13 10:04:30,10,11,980,1325
2023-11-13 10:04:33,10,11,1020,1365
2023-11-13 10:04:37,9,11,1020,1365
2023-11-13 10:04:37,8,11,1020,1365
2023-11-13 10:04:37,8,10,1020,1365
2023-11-13 10:04:38,8,11,1020,1365
2023-11-13 10:04:46,8,10,1020,1365
2023-11-13 10:04:47,8,11,1020,1365
2023-11-13 10:04:50,8,10,1020,1365
2023-11-13 10:05:01,9,10,1020,1365
2023-11-13 10:05:12,8,10,1020,1365
2023-11-13 10:05:22,8,11,1020,1365
2023-11-13 10:05:22,8,10,1020,1365
2023-11-13 10:05:27,8,11,1020,1365
2023-11-13 10:05:30,8,10,1020,1365
2023-11-13 10:05:37,8,11,1020,1365
2023-11-13 10:05:44,8,10,1020,1365
2023-11-13 10:06:04,9,10,1020,1365
2023-11-13 10:06:04,9,11,1020,1365
2023-11-13 10:06:06,8,11,1020,1365
2023-11-13 10:06:07,8,10,1020,1365
2023-11-13 10:06:40,8,11,1020,1365
2023-11-13 10:06:47,8,10,1020,1365
2023-11-13 10:06:53,8,11,1020,1365
2023-11-13 10:06:54,8,10,1020,1365
2023-11-13 10:06:55,8,11,1020,1365
2023-11-13 10:06:55,8,10,1020,1365
2023-11-13 10:06:57,8,11,1020,1365
2023-11-13 10:06:58,9,11,1020,1365
2023-11-13 10:06:59,10,11,1020,1365
2023-11-13 10:07:55,9,11,1020,1365
2023-11-13 10:07:55,9,10,1020,1365
2023-11-13 10:07:56,8,10,1020,1365
2023-11-13 10:08:05,8,11,1020,1365
2023-11-13 10:08:05,8,10,1020,1365
2023-11-13 10:08:13,9,10,1020,1365
2023-11-13 10:08:13,9,11,1020,1365
2023-11-13 10:08:20,8,11,1020,1365
2023-11-13 10:08:20,8,10,1020,1365
2023-11-13 10:08:33,8,11,1020,1365
2023-11-13 10:08:35,8,10,1020,1365
2023-11-13 10:08:36,9,10,1020,1365
2023-11-13 10:08:36,9,11,1020,1365
2023-11-13 10:08:36,9,10,1020,1365
2023-11-13 10:08:39,9,11,1020,1365
2023-11-13 10:08:39,9,10,1020,1365
2023-11-13 10:08:40,8,10,1020,1365
2023-11-13 10:08:46,9,10,1020,1365
2023-11-13 10:08:47,8,10,1020,1365
2023-11-13 10:08:47,8,11,1020,1365
2023-11-13 10:08:47,8,10,1020,1365
2023-11-13 10:08:48,9,10,1020,1365
2023-11-13 10:08:52,9,11,1020,1365
2023-11-13 10:08:52,9,10,1020,1365
2023-11-13 10:08:55,8,10,1020,1365
2023-11-13 10:10:04,8,11,1020,1365
2023-11-13 10:10:06,8,10,1020,1365
2023-11-13 10:10:18,9,10,1020,1365
2023-11-13 10:10:18,9,11,1020,1365
2023-11-13 10:10:39,8,11,1020,1365
2023-11-13 10:10:41,8,10,1020,1365
2023-11-13 10:10:45,8,9,1020,1365
2023-11-13 10:10:45,8,9,1160,1505
2023-11-13 10:11:11,7,9,1160,1505
2023-11-13 10:11:34,8,9,1160,1505
2023-11-13 10:11:35,8,10,1160,1505
2023-11-13 10:12:46,8,11,1160,1505
2023-11-13 10:12:48,8,10,1160,1505
2023-11-13 10:12:52,8,11,1160,1505
2023-11-13 10:12:52,8,10,1160,1505
2023-11-13 10:13:44,8,11,1160,1505
2023-11-13 10:13:45,8,10,1160,1505
2023-11-13 10:13:47,8,11,1160,1505
2023-11-13 10:14:08,8,10,1160,1505
2023-11-13 10:14:16,8,11,1160,1505
2023-11-13 10:14:16,8,10,1160,1505
2023-11-13 10:14:17,8,11,1160,1505
2023-11-13 10:14:18,8,10,1160,1505
2023-11-13 10:14:20,8,11,1160,1505
2023-11-13 10:14:27,9,11,1160,1505
2023-11-13 10:14:40,10,11,1160,1505
2023-11-13 10:15:39,9,11,1160,1505
2023-11-13 10:15:52,8,11,1160,1505
2023-11-13 10:15:53,8,10,1160,1505
2023-11-13 10:17:00,8,9,1160,1505
2023-11-13 10:17:01,8,10,1160,1505
2023-11-13 10:17:01,8,9,1160,1505
2023-11-13 10:17:02,8,10,1160,1505
2023-11-13 10:17:06,8,9,1160,1505
2023-11-13 10:17:12,8,10,1160,1505
2023-11-13 10:17:15,8,9,1160,1505
2023-11-13 10:17:16,8,10,1160,1505
2023-11-13 10:17:17,8,9,1160,1505
2023-11-13 10:17:20,8,10,1160,1505
2023-11-13 10:17:25,8,9,1160,1505
2023-11-13 10:17:47,8,10,1160,1505
2023-11-13 10:17:49,8,9,1160,1505
2023-11-13 10:17:49,8,10,1160,1505
2023-11-13 10:17:56,8,11,1160,1505
2023-11-13 10:17:56,8,10,1160,1505
2023-11-13 10:17:58,8,11,1160,1505
2023-11-13 10:18:02,9,11,1160,1505
2023-11-13 10:18:17,9,10,1160,1505
2023-11-13 10:18:18,9,11,1160,1505
2023-11-13 10:18:22,9,10,1160,1505
2023-11-13 10:18:23,9,11,1160,1505
2023-11-13 10:18:23,9,10,1160,1505
2023-11-13 10:18:30,9,11,1160,1505
2023-11-13 10:18:30,9,10,1160,1505
2023-11-13 10:18:34,9,11,1160,1505
2023-11-13 10:18:34,9,10,1160,1505
2023-11-13 10:18:37,9,11,1160,1505
2023-11-13 10:19:04,10,11,1160,1505
2023-11-13 10:23:20,11,12,1881,2426
2023-11-13 10:23:20,10,12,1960,2505
2023-11-13 10:23:20,10,11,1960,2505
2023-11-13 10:23:21,10,12,1960,2505
2023-11-13 10:23:21,10,11,1960,2505
2023-11-13 10:23:39,9,11,1960,2505
2023-11-13 10:23:40,8,11,1960,2505
2023-11-13 10:23:42,9,11,1960,2505
2023-11-13 10:23:46,8,11,1960,2505
2023-11-13 10:23:59,8,10,1960,2505
2023-11-13 10:24:05,8,11,1960,2505
2023-11-13 10:24:05,8,10,1960,2505
2023-11-13 10:24:07,8,11,1960,2505
2023-11-13 10:24:09,8,10,1960,2505
2023-11-13 10:24:11,8,11,1960,2505
2023-11-13 10:24:17,8,10,1960,2505
2023-11-13 10:24:18,8,11,1960,2505
2023-11-13 10:24:18,8,10,1960,2505
2023-11-13 10:24:29,9,10,1960,2505
2023-11-13 10:24:29,9,11,1960,2505
2023-11-13 10:24:30,9,10,1960,2505
2023-11-13 10:24:31,8,10,1960,2505
2023-11-13 10:24:42,8,11,1960,2505
2023-11-13 10:24:42,8,10,1960,2505
2023-11-13 10:25:10,8,9,1960,2505
2023-11-13 10:25:38,8,10,1960,2505
2023-11-13 10:25:50,8,9,1960,2505
2023-11-13 10:25:52,8,10,1960,2505
2023-11-13 10:25:52,8,9,1960,2505
2023-11-13 10:25:56,8,10,1960,2505
2023-11-13 10:26:11,8,9,1960,2505
2023-11-13 10:26:13,8,10,1960,2505
2023-11-13 10:26:14,8,9,1960,2505
2023-11-13 10:26:14,8,10,1960,2505
2023-11-13 10:26:37,8,9,1960,2505
2023-11-13 10:26:38,8,10,1960,2505
2023-11-13 10:26:49,8,11,1960,2505
2023-11-13 10:27:02,8,10,1960,2505
2023-11-13 10:27:20,8,11,1960,2505
2023-11-13 10:27:20,8,10,1960,2505
2023-11-13 10:27:31,9,10,1960,2505
2023-11-13 10:27:31,9,11,1960,2505
2023-11-13 10:27:43,10,11,1960,2505
2023-11-13 10:27:44,10,12,1960,2505
2023-11-13 10:27:55,10,11,1960,2505
2023-11-13 10:28:02,9,11,1960,2505
2023-11-13 10:28:14,9,12,1960,2505
2023-11-13 10:28:19,10,12,1960,2505
2023-11-13 10:28:35,9,12,1960,2505
2023-11-13 10:28:42,10,12,1960,2505
2023-11-13 10:29:13,9,12,1960,2505
2023-11-13 10:29:49,10,12,1960,2505
2023-11-13 10:29:55,9,12,1960,2505
2023-11-13 10:30:03,10,12,1960,2505
2023-11-13 10:30:12,11,12,1960,2505
2023-11-13 10:30:49,10,12,1960,2505
2023-11-13 10:30:52,9,12,1960,2505
2023-11-13 10:30:54,9,11,1960,2505
2023-11-13 10:31:07,9,12,1960,2505
2023-11-13 10:31:15,10,12,1960,2505
2023-11-13 10:31:32,9,12,1960,2505
2023-11-13 10:31:37,10,12,1960,2505
2023-11-13 10:31:49,11,12,1960,2505
2023-11-13 10:31:49,11,12,1976,2521
2023-11-13 10:32:04,11,13,1976,2521
2023-11-13 10:32:47,12,13,1976,2521
2023-11-13 10:32:59,11,13,1976,2521
2023-11-13 10:33:01,12,13,1976,2521
2023-11-13 10:33:03,11,13,1976,2521
2023-11-13 10:33:32,12,13,1976,2521
2023-11-13 10:33:45,11,13,1976,2521
2023-11-13 10:33:49,12,13,1976,2521
2023-11-13 10:33:53,11,13,1976,2521
2023-11-13 10:34:09,11,12,1976,2521
2023-11-13 10:34:10,11,13,1976,2521
2023-11-13 10:34:12,11,12,1976,2521
2023-11-13 10:34:15,11,13,1976,2521
2023-11-13 10:34:26,11,12,1976,2521
2023-11-13 10:34:32,11,13,1976,2521
2023-11-13 10:34:32,11,12,1976,2521
2023-11-13 10:34:33,11,13,1976,2521
2023-11-13 10:34:46,12,13,1976,2521
2023-11-13 10:35:38,11,13,1976,2521
2023-11-13 10:35:57,12,13,1976,2521
2023-11-13 10:36:01,11,13,1976,2521
2023-11-13 10:36:02,12,13,1976,2521
2023-11-13 10:36:04,12,13,1979,2524
2023-11-13 10:36:08,11,13,1979,2524
2023-11-13 10:36:09,12,13,1979,2524
2023-11-13 10:36:10,11,13,1979,2524
2023-11-13 10:36:11,12,13,1979,2524
2023-11-13 10:36:12,11,13,1979,2524
2023-11-13 10:36:14,12,13,1979,2524
2023-11-13 10:36:16,11,13,1979,2524
2023-11-13 10:36:20,12,13,1979,2524
2023-11-13 10:36:36,11,13,1979,2524
2023-11-13 10:36:40,12,13,1979,2524
2023-11-13 10:36:41,11,13,1979,2524
2023-11-13 10:36:42,12,13,1979,2524
2023-11-13 10:36:45,11,13,1979,2524
2023-11-13 10:37:29,11,14,1979,2524
2023-11-13 10:37:29,11,13,1979,2524
2023-11-13 10:37:32,11,14,1979,2524
2023-11-13 10:37:33,11,13,1979,2524
2023-11-13 10:37:34,12,13,1979,2524
2023-11-13 10:37:34,12,14,1979,2524
2023-11-13 10:37:38,12,13,1979,2524
2023-11-13 10:37:39,11,13,1979,2524
2023-11-13 10:37:47,11,14,1979,2524
2023-11-13 10:37:47,11,13,1979,2524
2023-11-13 10:37:49,12,13,1979,2524
2023-11-13 10:37:50,12,14,1979,2524
2023-11-13 10:37:51,12,13,1979,2524
2023-11-13 10:37:53,12,14,1979,2524
2023-11-13 10:38:06,12,13,1979,2524
2023-11-13 10:38:08,11,13,1979,2524
2023-11-13 10:38:10,11,14,1979,2524
2023-11-13 10:38:10,11,13,1979,2524
2023-11-13 10:38:57,11,14,1979,2524
2023-11-13 10:38:58,11,13,1979,2524
2023-11-13 10:39:47,11,12,1979,2524
2023-11-13 10:39:48,11,13,1979,2524
2023-11-13 10:39:49,11,12,1979,2524
2023-11-13 10:39:51,11,13,1979,2524
2023-11-13 10:39:53,11,12,1979,2524
2023-11-13 10:39:57,11,13,1979,2524
2023-11-13 10:40:00,11,12,1979,2524
2023-11-13 10:40:15,11,13,1979,2524
2023-11-13 10:40:22,11,12,1979,2524
2023-11-13 10:40:31,11,13,1979,2524
2023-11-13 10:40:41,11,12,1979,2524
2023-11-13 10:40:42,11,13,1979,2524
2023-11-13 10:40:45,11,12,1979,2524
2023-11-13 10:40:59,11,13,1979,2524
2023-11-13 10:40:59,10,11,2163,2708
2023-11-13 10:41:14,10,11,2563,3108
2023-11-13 10:41:15,10,11,2701,3358
2023-11-13 10:41:59,10,11,2951,3608
2023-11-13 10:43:41,10,11,3151,3808
2023-11-13 10:43:42,10,11,3401,4058
2023-11-13 10:43:50,10,11,3651,4308
2023-11-13 10:45:16,10,11,3851,4508
2023-11-13 10:45:38,10,11,4101,4758
2023-11-13 10:45:39,10,11,4101,4958
2023-11-13 10:45:46,10,13,4101,4958
2023-11-13 10:45:55,11,13,4101,4958
2023-11-13 10:46:23,12,13,4101,4958
2023-11-13 10:46:24,11,13,4101,4958
2023-11-13 10:46:27,12,13,4101,4958
2023-11-13 10:46:56,13,14,4104,4961
2023-11-13 10:47:09,13,15,4104,4961
2023-11-13 10:47:37,14,15,4104,4961
2023-11-13 10:47:44,13,15,4104,4961
2023-11-13 10:47:44,14,15,4104,4961
2023-11-13 10:47:55,13,15,4104,4961
2023-11-13 10:47:55,14,15,4104,4961
2023-11-13 10:48:01,13,15,4104,4961
2023-11-13 10:48:01,14,15,4104,4961
2023-11-13 10:48:04,13,15,4104,4961
2023-11-13 10:48:12,13,14,4104,4961
2023-11-13 10:48:19,12,14,4104,4961
2023-11-13 10:48:34,13,14,4104,4961
2023-11-13 10:48:35,12,14,4104,4961
2023-11-13 10:48:43,13,14,4104,4961
2023-11-13 10:48:45,12,14,4104,4961
2023-11-13 10:48:45,13,14,4104,4961
2023-11-13 10:48:46,12,14,4104,4961
2023-11-13 10:48:47,13,14,4104,4961
2023-11-13 10:48:48,12,14,4104,4961
2023-11-13 10:49:06,13,14,4104,4961
2023-11-13 10:49:08,12,14,4104,4961
2023-11-13 10:49:21,13,14,4104,4961
2023-11-13 10:49:22,12,14,4104,4961
2023-11-13 10:49:24,13,14,4104,4961
2023-11-13 10:49:31,12,14,4104,4961
2023-11-13 10:49:32,13,14,4104,4961
2023-11-13 10:49:38,12,14,4104,4961
2023-11-13 10:49:39,12,13,4104,4961
2023-11-13 10:49:40,12,14,4104,4961
2023-11-13 10:49:43,12,13,4104,4961
2023-11-13 10:49:56,11,13,4104,4961
2023-11-13 10:50:12,11,12,4104,4961
2023-11-13 10:50:20,11,13,4104,4961
2023-11-13 10:51:08,11,14,4104,4961
2023-11-13 10:51:09,11,13,4104,4961
2023-11-13 10:51:11,11,14,4104,4961
2023-11-13 10:51:14,11,13,4104,4961
2023-11-13 10:51:21,11,14,4104,4961
2023-11-13 10:51:27,12,14,4104,4961
2023-11-13 10:51:43,12,13,4104,4961
2023-11-13 10:51:45,12,14,4104,4961
2023-11-13 10:51:50,11,14,4104,4961
2023-11-13 10:51:50,12,14,4104,4961
2023-11-13 10:51:52,12,13,4104,4961
2023-11-13 10:51:57,12,14,4104,4961
2023-11-13 10:52:06,11,14,4104,4961
2023-11-13 10:52:06,12,14,4104,4961
2023-11-13 10:52:11,11,14,4104,4961
2023-11-13 10:52:11,12,14,4104,4961
2023-11-13 10:52:22,12,15,4104,4961
2023-11-13 10:52:23,13,15,4104,4961
2023-11-13 10:52:46,14,15,4104,4961
2023-11-13 10:52:50,13,15,4104,4961
2023-11-13 10:52:52,14,15,4104,4961
2023-11-13 10:52:53,13,15,4104,4961
2023-11-13 10:52:53,14,15,4104,4961
2023-11-13 10:53:08,13,15,4104,4961
2023-11-13 10:53:08,14,15,4104,4961
2023-11-13 10:53:09,13,15,4104,4961
2023-11-13 10:53:09,14,15,4104,4961
2023-11-13 10:53:37,15,16,4104,4964
2023-11-13 10:53:42,14,16,4104,4964
2023-11-13 10:53:43,15,16,4104,4964
2023-11-13 10:53:45,15,17,4104,4964
2023-11-13 10:54:02,16,17,4104,4964
2023-11-13 10:54:04,15,17,4104,4964
2023-11-13 10:54:04,16,17,4104,4964
2023-11-13 10:54:14,15,17,4104,4964
2023-11-13 10:54:14,16,17,4104,4964
2023-11-13 10:54:20,15,17,4104,4964
2023-11-13 10:54:22,16,17,4104,4964
2023-11-13 10:54:39,15,17,4104,4964
2023-11-13 10:54:51,16,17,4104,4964
2023-11-13 10:54:52,15,17,4104,4964
2023-11-13 10:54:56,16,17,4104,4964
2023-11-13 10:54:58,15,17,4104,4964
2023-11-13 10:55:00,15,16,4104,4964
2023-11-13 10:55:00,14,16,4104,4964
2023-11-13 10:55:05,13,16,4104,4964
2023-11-13 10:55:07,13,15,4104,4964
2023-11-13 10:55:08,13,16,4104,4964
2023-11-13 10:55:10,13,15,4104,4964
2023-11-13 10:55:14,13,16,4104,4964
2023-11-13 10:55:26,14,16,4104,4964
2023-11-13 10:55:33,13,16,4104,4964
2023-11-13 10:55:36,14,16,4104,4964
2023-11-13 10:55:39,14,17,4104,4964
2023-11-13 10:55:45,14,16,4104,4964
2023-11-13 10:55:45,13,16,4104,4964
2023-11-13 10:55:46,13,15,4104,4964
2023-11-13 10:56:15,13,16,4104,4964
2023-11-13 10:56:19,14,16,4104,4964
2023-11-13 10:56:21,13,16,4104,4964
2023-11-13 10:56:22,14,16,4104,4964
2023-11-13 10:56:26,13,16,4104,4964
2023-11-13 10:56:27,13,17,4104,4964
2023-11-13 10:56:27,13,16,4104,4964
2023-11-13 10:56:37,14,16,4104,4964
2023-11-13 10:56:49,15,16,4104,4964
2023-11-13 10:56:57,14,16,4104,4964
2023-11-13 10:56:58,15,16,4104,4964
2023-11-13 10:57:06,14,16,4104,4964
2023-11-13 10:57:13,14,15,4104,4964
2023-11-13 10:57:13,13,15,4104,4964
2023-11-13 10:57:15,14,15,4104,4964
2023-11-13 10:57:16,14,16,4104,4964
2023-11-13 10:57:23,13,16,4104,4964
2023-11-13 10:57:26,13,15,4104,4964
2023-11-13 10:58:09,13,14,4104,4964
2023-11-13 10:58:30,13,15,4104,4964
2023-11-13 10:58:39,13,14,4104,4964
2023-11-13 10:58:41,13,15,4104,4964
2023-11-13 10:58:52,13,14,4104,4964
2023-11-13 10:59:07,13,15,4104,4964
2023-11-13 10:59:09,13,14,4104,4964
2023-11-13 10:59:10,13,15,4104,4964
2023-11-13 10:59:18,13,14,4104,4964
2023-11-13 10:59:23,13,15,4104,4964
2023-11-13 10:59:56,14,15,4104,4964
2023-11-13 10:59:57,13,15,4104,4964
2023-11-13 10:59:57,14,15,4104,4964
2023-11-13 10:59:59,13,15,4104,4964
2023-11-13 11:00:06,14,15,4104,4964
2023-11-13 11:00:07,13,15,4104,4964
2023-11-13 11:00:08,14,15,4104,4964
2023-11-13 11:00:09,13,15,4104,4964
2023-11-13 11:00:16,14,15,4104,4964
2023-11-13 11:00:26,14,16,4104,4964
2023-11-13 11:00:26,13,16,4104,4964
2023-11-13 11:00:26,14,16,4104,4964
2023-11-13 11:00:35,13,16,4104,4964
2023-11-13 11:00:36,14,16,4104,4964
2023-11-13 11:00:43,14,15,4104,4964
2023-11-13 11:00:46,13,15,4104,4964
2023-11-13 11:00:47,14,15,4104,4964
2023-11-13 11:00:50,14,16,4104,4964
2023-11-13 11:01:14,15,16,4104,4964
2023-11-13 11:01:17,14,16,4104,4964
2023-11-13 11:01:19,15,16,4104,4964
2023-11-13 11:01:39,16,17,4104,4966
2023-11-13 11:01:51,15,17,4104,4966
2023-11-13 11:01:54,15,16,4104,4966
2023-11-13 11:01:54,14,16,4104,4966
2023-11-13 11:02:04,14,17,4104,4966
2023-11-13 11:02:10,14,16,4104,4966
2023-11-13 11:02:14,13,16,4104,4966
2023-11-13 11:02:15,14,16,4104,4966
2023-11-13 11:02:18,14,15,4104,4966
2023-11-13 11:02:18,13,15,4104,4966
2023-11-13 11:02:38,14,15,4104,4966
2023-11-13 11:02:41,13,15,4104,4966
2023-11-13 11:02:42,14,15,4104,4966
2023-11-13 11:02:43,13,15,4104,4966
2023-11-13 11:03:09,14,15,4104,4966
2023-11-13 11:03:12,13,15,4104,4966
2023-11-13 11:03:21,13,14,4104,4966
2023-11-13 11:03:25,13,15,4104,4966
2023-11-13 11:03:39,13,14,4104,4966
2023-11-13 11:04:02,13,15,4104,4966
2023-11-13 11:04:22,14,15,4104,4966
2023-11-13 11:04:25,13,15,4104,4966
2023-11-13 11:04:26,14,15,4104,4966
2023-11-13 11:04:29,13,15,4104,4966
2023-11-13 11:04:52,13,14,4104,4966
2023-11-13 11:05:10,12,14,4104,4966
2023-11-13 11:05:11,12,13,4104,4966
2023-11-13 11:05:15,11,13,4104,4966
2023-11-13 11:05:30,11,12,4104,4966
2023-11-13 11:05:34,12,13,4104,4967
2023-11-13 11:05:35,11,13,4104,4967
2023-11-13 11:05:35,12,13,4104,4967
2023-11-13 11:05:55,12,14,4104,4967
2023-11-13 11:06:38,13,14,4104,4967
2023-11-13 11:06:38,12,14,4104,4967
2023-11-13 11:06:41,13,14,4104,4967
2023-11-13 11:06:44,12,14,4104,4967
2023-11-13 11:06:50,13,14,4104,4967
2023-11-13 11:06:51,12,14,4104,4967
2023-11-13 11:06:51,13,14,4104,4967
2023-11-13 11:06:54,12,14,4104,4967
2023-11-13 11:06:54,13,14,4104,4967
2023-11-13 11:07:01,12,14,4104,4967
2023-11-13 11:07:01,13,14,4104,4967
2023-11-13 11:07:02,13,15,4104,4967
2023-11-13 11:07:04,13,14,4104,4967
2023-11-13 11:07:08,12,14,4104,4967
2023-11-13 11:07:11,13,14,4104,4967
2023-11-13 11:07:24,13,15,4104,4967
2023-11-13 11:07:55,13,16,4104,4967
2023-11-13 11:07:55,13,15,4104,4967
2023-11-13 11:08:02,13,16,4104,4967
2023-11-13 11:08:19,13,15,4104,4967
2023-11-13 11:08:20,13,16,4104,4967
2023-11-13 11:08:21,13,15,4104,4967
2023-11-13 11:08:23,13,16,4104,4967
2023-11-13 11:08:24,13,15,4104,4967
2023-11-13 11:08:25,13,16,4104,4967
2023-11-13 11:08:25,14,16,4104,4967
2023-11-13 11:08:26,14,15,4104,4967
2023-11-13 11:08:28,14,16,4104,4967
2023-11-13 11:08:39,13,16,4104,4967
2023-11-13 11:08:39,14,16,4104,4967
2023-11-13 11:08:46,14,17,4104,4967
2023-11-13 11:08:55,14,16,4104,4967
2023-11-13 11:08:57,14,17,4104,4967
2023-11-13 11:08:59,14,16,4104,4967
2023-11-13 11:09:00,14,17,4104,4967
2023-11-13 11:09:01,14,16,4104,4967
2023-11-13 11:09:02,14,17,4104,4967
2023-11-13 11:09:02,15,17,4104,4967
2023-11-13 11:09:10,16,17,4104,4967
2023-11-13 11:09:11,15,17,4104,4967
2023-11-13 11:09:16,14,17,4104,4967
2023-11-13 11:09:16,15,17,4104,4967
2023-11-13 11:09:16,16,17,4104,4967
2023-11-13 11:09:16,15,17,4104,4967
2023-11-13 11:09:16,16,17,4104,4967
2023-11-13 11:09:18,15,17,3904,5167
2023-11-13 11:09:18,15,16,3904,5167
2023-11-13 11:09:18,13,16,3904,5167
2023-11-13 11:09:42,14,16,3904,5167
2023-11-13 11:09:50,13,16,3904,5167
2023-11-13 11:09:50,14,16,3904,5167
2023-11-13 11:09:51,14,17,3904,5167
2023-11-13 11:09:53,15,16,3904,5167
2023-11-13 11:09:53,14,16,3904,5167
2023-11-13 11:09:55,14,17,3904,5167
2023-11-13 11:09:55,15,17,3904,5167
2023-11-13 11:09:55,14,17,3904,5167
2023-11-13 11:09:56,14,16,3904,5167
2023-11-13 11:10:04,13,16,3904,5167
2023-11-13 11:10:06,14,16,3904,5167
2023-11-13 11:10:09,13,16,3904,5167
2023-11-13 11:10:10,14,16,3904,5167
2023-11-13 11:10:11,13,16,3904,5167
2023-11-13 11:10:12,14,16,3904,5167
2023-11-13 11:10:36,13,16,3904,5167
2023-11-13 11:10:36,14,16,3904,5167
2023-11-13 11:11:02,13,16,3904,5167
2023-11-13 11:11:08,14,16,3904,5167
2023-11-13 11:11:12,14,17,3904,5167
2023-11-13 11:11:13,14,16,3904,5167
2023-11-13 11:11:14,14,17,3904,5167
2023-11-13 11:11:21,14,16,3904,5167
2023-11-13 11:11:24,13,16,3904,5167
2023-11-13 11:11:26,14,16,3904,5167
2023-11-13 11:11:27,14,17,3904,5167
2023-11-13 11:11:28,14,16,3904,5167
2023-11-13 11:11:29,14,17,3904,5167
2023-11-13 11:11:33,15,17,3904,5167
2023-11-13 11:11:34,15,16,3904,5167
2023-11-13 11:11:35,14,16,3904,5167
2023-11-13 11:11:59,15,16,3904,5167
2023-11-13 11:12:05,15,17,3904,5167
2023-11-13 11:12:05,14,17,3904,5167
2023-11-13 11:12:14,15,17,3904,5167
2023-11-13 11:12:31,16,17,3904,5167
2023-11-13 11:12:39,15,17,3904,5167
2023-11-13 11:12:40,16,17,3904,5167
2023-11-13 11:12:49,15,17,3904,5167
2023-11-13 11:12:50,16,17,3904,5167
2023-11-13 11:12:53,15,17,3904,5167
2023-11-13 11:12:55,16,17,3904,5167
2023-11-13 11:12:57,15,17,3904,5167
2023-11-13 11:13:09,16,17,3904,5167
2023-11-13 11:13:23,15,17,3904,5167
2023-11-13 11:13:34,14,17,3904,5167
2023-11-13 11:13:35,14,16,3904,5167
2023-11-13 11:13:36,14,17,3904,5167
2023-11-13 11:13:41,15,17,3904,5167
2023-11-13 11:14:09,16,17,3904,5167
2023-11-13 11:14:12,15,17,3904,5167
2023-11-13 11:14:13,16,17,3904,5167
2023-11-13 11:14:24,15,17,3904,5167
2023-11-13 11:14:24,16,17,3904,5167
2023-11-13 11:14:38,15,17,3904,5167
2023-11-13 11:14:38,16,17,3904,5167
2023-11-13 11:14:44,15,17,3904,5167
2023-11-13 11:14:44,16,17,3904,5167
2023-11-13 11:14:46,15,17,3904,5167
2023-11-13 11:14:47,16,17,3904,5167
2023-11-13 11:15:11,15,17,3904,5167
2023-11-13 11:15:11,16,17,3904,5167
2023-11-13 11:15:14,15,17,3904,5167
2023-11-13 11:15:14,16,17,3904,5167
2023-11-13 11:15:24,15,17,3904,5167
2023-11-13 11:15:24,16,17,3904,5167
2023-11-13 11:15:28,15,17,3904,5167
2023-11-13 11:15:31,16,17,3904,5167
2023-11-13 11:15:45,15,17,3904,5167
2023-11-13 11:15:45,16,17,3904,5167
2023-11-13 11:15:48,15,17,3904,5167
2023-11-13 11:15:48,16,17,3904,5167
2023-11-13 11:15:51,15,17,3904,5167
2023-11-13 11:15:53,14,17,3904,5167
2023-11-13 11:15:53,14,16,3904,5167
2023-11-13 11:16:00,14,17,3904,5167
2023-11-13 11:16:06,14,16,3904,5167
2023-11-13 11:16:17,14,15,3904,5167
2023-11-13 11:16:17,13,15,3904,5167
2023-11-13 11:16:17,12,15,3904,5167
2023-11-13 11:16:18,12,14,3904,5167
2023-11-13 11:16:53,12,15,3904,5167
2023-11-13 11:17:01,13,15,3904,5167
2023-11-13 11:17:18,13,16,3904,5167
2023-11-13 11:17:27,14,16,3904,5167
2023-11-13 11:17:52,14,17,3904,5167
2023-11-13 11:17:53,15,17,3904,5167
2023-11-13 11:18:17,14,17,3904,5167
2023-11-13 11:18:17,15,17,3904,5167
2023-11-13 11:18:27,14,17,3904,5167
2023-11-13 11:18:28,15,17,3904,5167
2023-11-13 11:18:46,14,17,3904,5167
2023-11-13 11:18:46,15,17,3904,5167
2023-11-13 11:19:27,14,17,3904,5167
2023-11-13 11:19:38,14,16,3904,5167
2023-11-13 11:19:59,14,17,3904,5167
2023-11-13 11:20:01,14,16,3904,5167
2023-11-13 11:20:13,13,16,3904,5167
2023-11-13 11:20:15,13,15,3904,5167
2023-11-13 11:20:37,13,16,3904,5167
2023-11-13 11:20:42,13,15,3904,5167
2023-11-13 11:20:44,13,16,3904,5167
2023-11-13 11:20:45,13,15,3904,5167
2023-11-13 11:20:47,13,16,3904,5167
2023-11-13 11:21:05,13,15,3904,5167
2023-11-13 11:21:21,13,16,3904,5167
2023-11-13 11:21:50,14,16,3904,5167
2023-11-13 11:21:51,13,16,3904,5167
2023-11-13 11:21:51,14,16,3904,5167
2023-11-13 11:21:59,13,16,3904,5167
2023-11-13 11:22:06,14,16,3904,5167
2023-11-13 11:22:13,14,17,3904,5167
2023-11-13 11:22:48,15,17,3904,5167
2023-11-13 11:23:14,16,17,3904,5167
2023-11-13 11:23:25,15,17,3904,5167
2023-11-13 11:23:25,16,17,3904,5167
2023-11-13 11:23:40,16,18,3904,5167
2023-11-13 11:23:43,16,18,3904,5417
2023-11-13 11:23:44,17,18,3904,5417
2023-11-13 11:23:52,18,19,3904,5417
2023-11-13 11:24:22,18,20,3916,5429
2023-11-13 11:25:06,18,19,3916,5429
2023-11-13 11:25:14,18,20,3916,5429
2023-11-13 11:25:36,17,20,3916,5429
2023-11-13 11:25:37,18,20,3916,5429
2023-11-13 11:25:40,18,20,3916,5518
2023-11-13 11:25:40,19,20,3916,5518
2023-11-13 11:26:02,18,20,3916,5518
2023-11-13 11:26:02,19,20,3916,5518
2023-11-13 11:26:23,19,21,3916,5518
2023-11-13 11:26:23,20,21,3916,5518
2023-11-13 11:26:31,18,21,3916,5518
2023-11-13 11:26:31,20,21,3916,5518
2023-11-13 11:26:31,18,21,3916,5518
2023-11-13 11:26:31,20,21,3916,5518
2023-11-13 11:26:31,18,21,3916,5518
2023-11-13 11:26:31,20,21,3916,5518
2023-11-13 11:26:31,18,21,3916,5518
2023-11-13 11:26:32,20,21,3916,5518
2023-11-13 11:26:37,19,21,3916,5518
2023-11-13 11:26:37,18,21,3916,5518
2023-11-13 11:26:37,19,21,3916,5518
2023-11-13 11:26:39,20,21,3916,5518
2023-11-13 11:28:12,20,22,3966,5568
2023-11-13 11:28:12,21,22,3966,5568
2023-11-13 11:28:21,20,22,3966,5568
2023-11-13 11:28:21,21,22,3966,5568
2023-11-13 11:28:30,20,22,3966,5568
2023-11-13 11:28:30,21,22,3966,5568
2023-11-13 11:28:41,20,22,3966,5568
2023-11-13 11:28:45,20,22,3966,5645
2023-11-13 11:28:53,21,22,3966,5645
2023-11-13 11:28:55,21,23,3966,5645
2023-11-13 11:29:13,22,23,3966,5645
2023-11-13 11:29:14,21,23,3966,5645
2023-11-13 11:29:14,22,23,3966,5645
2023-11-13 11:29:41,21,23,3966,5645
2023-11-13 11:29:50,22,23,3966,5645
2023-11-13 11:29:54,21,23,3966,5645
2023-11-13 11:29:54,22,23,3966,5645
2023-11-13 11:29:55,22,24,3966,5845
2023-11-13 11:30:12,21,24,3966,5845
2023-11-13 11:30:22,20,24,3966,5845
2023-11-13 11:30:22,20,23,3966,5845
2023-11-13 11:30:51,20,22,3966,5845
2023-11-13 11:31:02,20,23,3966,5845
2023-11-13 11:31:02,20,22,3966,5845
2023-11-13 11:31:03,20,23,3966,5845
2023-11-13 11:31:06,21,23,3966,5845
2023-11-13 11:31:16,20,23,3966,5845
2023-11-13 11:31:30,21,23,3966,5845
2023-11-13 11:31:30,21,24,3966,5845
2023-11-13 11:31:54,22,24,3966,5845
2023-11-13 11:32:00,21,24,3966,5845
2023-11-13 11:32:00,22,24,3966,5845
2023-11-13 11:32:20,21,24,3966,5845
2023-11-13 11:32:21,22,24,3966,5845
2023-11-13 11:32:24,21,24,3966,5845
2023-11-13 11:32:24,22,24,3966,5845
2023-11-13 11:32:31,21,24,3966,5845
2023-11-13 11:32:34,22,24,3966,5845
2023-11-13 11:32:50,21,24,3966,5845
2023-11-13 11:32:50,22,24,3966,5845
2023-11-13 11:33:11,22,25,3966,5845
2023-11-13 11:33:28,23,25,3966,5845
2023-11-13 11:33:31,22,25,3966,5845
2023-11-13 11:33:31,23,25,3966,5845
2023-11-13 11:34:07,24,25,3966,5845
2023-11-13 11:34:11,23,25,3966,5845
2023-11-13 11:34:12,24,25,3966,5845
2023-11-13 11:34:13,24,26,3966,5845
2023-11-13 11:34:13,23,26,3966,5845
2023-11-13 11:34:21,24,26,3966,5845
2023-11-13 11:34:22,23,26,3966,5845
2023-11-13 11:34:25,24,26,3966,5845
2023-11-13 11:34:28,23,26,3966,5845
2023-11-13 11:34:33,23,25,3966,5845
2023-11-13 11:34:34,22,25,3966,5845
2023-11-13 11:34:43,21,25,3966,5845
2023-11-13 11:34:47,22,25,3966,5845
2023-11-13 11:34:50,21,25,3966,5845
2023-11-13 11:34:58,22,25,3966,5845
2023-11-13 11:34:59,21,25,3966,5845
2023-11-13 11:34:59,22,25,3966,5845
2023-11-13 11:35:19,22,24,3966,5845
2023-11-13 11:35:19,21,24,3966,5845
2023-11-13 11:35:19,21,24,3966,6245
2023-11-13 11:35:20,21,23,3966,6245
2023-11-13 11:35:20,20,23,3966,6245
2023-11-13 11:35:21,21,23,3966,6245
2023-11-13 11:35:32,20,23,3966,6245
2023-11-13 11:36:04,20,22,3966,6245
2023-11-13 11:36:17,20,23,3966,6245
2023-11-13 11:36:38,21,23,3966,6245
2023-11-13 11:36:39,20,23,3966,6245
2023-11-13 11:36:40,21,23,3966,6245
2023-11-13 11:36:43,21,24,3966,6445
2023-11-13 11:37:05,22,24,3966,6445
2023-11-13 11:37:19,21,24,3966,6445
2023-11-13 11:37:19,22,24,3966,6445
2023-11-13 11:37:20,21,24,3966,6445
2023-11-13 11:37:36,21,23,3966,6445
2023-11-13 11:37:58,21,24,3966,6445
2023-11-13 11:38:00,21,23,3966,6445
2023-11-13 11:38:05,20,23,3966,6445
2023-11-13 11:38:11,21,23,3966,6445
2023-11-13 11:38:13,21,24,3966,6445
2023-11-13 11:38:16,20,24,3966,6445
2023-11-13 11:38:19,21,24,3966,6445
2023-11-13 11:38:23,20,24,3966,6445
2023-11-13 11:38:24,21,24,3966,6445
2023-11-13 11:38:25,20,24,3966,6445
2023-11-13 11:38:28,21,24,3966,6445
2023-11-13 11:38:37,22,24,3966,6445
2023-11-13 11:38:39,21,24,3966,6445
2023-11-13 11:38:40,22,24,3966,6445
2023-11-13 11:38:54,22,25,3966,6445
2023-11-13 11:39:00,22,26,3966,6445
2023-11-13 11:39:00,23,26,3966,6445
2023-11-13 11:39:04,23,25,3966,6445
2023-11-13 11:39:06,22,25,3966,6445
2023-11-13 11:39:14,23,25,3966,6445
2023-11-13 11:39:15,22,25,3966,6445
2023-11-13 11:39:49,22,24,3966,6445
2023-11-13 11:39:51,22,25,3966,6445
2023-11-13 11:39:52,22,24,3966,6445
2023-11-13 11:40:50,22,25,3966,6445
2023-11-13 11:40:51,22,24,3966,6445
2023-11-13 11:40:52,22,25,3966,6445
2023-11-13 11:40:53,22,24,3966,6445
2023-11-13 11:41:07,22,25,3966,6445
2023-11-13 11:41:23,22,26,3966,6445
2023-11-13 11:41:24,23,26,3966,6445
2023-11-13 11:41:39,24,26,3966,6445
2023-11-13 11:41:44,24,27,3966,6445
2023-11-13 11:41:44,25,27,3966,6445
2023-11-13 11:42:44,26,27,3966,6445
2023-11-13 11:42:45,26,28,3966,6645
2023-11-13 11:43:28,26,29,3966,6645
2023-11-13 11:43:28,27,29,3966,6645
2023-11-13 11:43:48,26,29,3966,6645
2023-11-13 11:43:53,27,29,3966,6645
2023-11-13 11:43:58,26,29,3966,6645
2023-11-13 11:44:03,27,29,3966,6645
2023-11-13 11:44:18,26,29,3966,6645
2023-11-13 11:44:20,27,29,3966,6645
2023-11-13 11:44:44,28,29,3966,6645
2023-11-13 11:44:47,27,29,3966,6645
2023-11-13 11:44:47,28,29,3966,6645
2023-11-13 11:44:50,27,29,3966,6645
2023-11-13 11:44:53,28,29,3966,6645
2023-11-13 11:44:55,27,29,3966,6645
2023-11-13 11:45:20,28,29,3966,6645
2023-11-13 11:45:23,28,31,3966,6645
2023-11-13 11:45:23,29,31,3966,6645
2023-11-13 11:45:28,29,32,3966,6845
2023-11-13 11:45:35,29,31,3966,6845
2023-11-13 11:45:36,29,32,3966,6845
2023-11-13 11:45:57,29,31,3966,6845
2023-11-13 11:46:02,30,31,3966,6845
2023-11-13 11:46:03,30,31,3966,6846
2023-11-13 11:46:14,30,32,3967,6847
2023-11-13 11:46:18,31,32,3967,6847
2023-11-13 11:46:20,31,33,3969,6849
2023-11-13 11:46:33,32,33,3969,6849
2023-11-13 11:46:34,32,34,3969,6849
2023-11-13 11:46:35,32,35,3969,7049
2023-11-13 11:46:36,33,35,3969,7049
2023-11-13 11:46:57,34,35,3969,7049
2023-11-13 11:47:09,33,35,3969,7049
2023-11-13 11:47:47,34,35,3969,7049
2023-11-13 11:47:47,34,36,3970,7050
2023-11-13 11:47:48,36,37,3971,7051
2023-11-13 11:47:48,36,37,4097,7177
2023-11-13 11:47:49,36,38,4097,7178
2023-11-13 11:48:19,35,36,4170,7251
2023-11-13 11:48:20,35,38,4170,7251
2023-11-13 11:48:23,34,38,4170,7251
2023-11-13 11:48:23,35,38,4170,7251
2023-11-13 11:48:45,35,37,4170,7251
2023-11-13 11:48:46,35,38,4170,7251
2023-11-13 11:48:49,36,38,4170,7251
2023-11-13 11:48:55,36,37,4170,7251
2023-11-13 11:48:55,35,37,4170,7251
2023-11-13 11:49:01,35,38,4170,7251
2023-11-13 11:49:04,35,37,4170,7251
2023-11-13 11:49:04,34,37,4170,7251
2023-11-13 11:49:04,35,37,4170,7251
2023-11-13 11:49:12,34,37,4004,7417
2023-11-13 11:49:12,35,37,4004,7417
2023-11-13 11:49:13,35,36,4004,7417
2023-11-13 11:49:13,34,35,3826,7595
2023-11-13 11:49:13,34,36,3804,7617
2023-11-13 11:49:13,33,36,3804,7617
2023-11-13 11:49:17,33,35,3804,7617
2023-11-13 11:49:17,33,35,3688,7743
2023-11-13 11:49:19,33,36,3688,7743
2023-11-13 11:49:28,33,35,3688,7743
2023-11-13 11:49:36,32,35,3688,7743
2023-11-13 11:49:51,32,34,3688,7743
2023-11-13 11:49:53,32,35,3688,7743
2023-11-13 11:49:58,32,35,3678,7809
2023-11-13 11:50:15,32,36,3678,7809
2023-11-13 11:50:15,33,36,3678,7809
2023-11-13 11:50:22,33,35,3678,7809
2023-11-13 11:50:30,33,36,3678,7809
2023-11-13 11:50:34,34,36,3678,7809
2023-11-13 11:50:35,33,36,3678,7809
2023-11-13 11:50:35,34,36,3678,7809
2023-11-13 11:50:36,34,35,3678,7809
2023-11-13 11:50:36,33,35,3678,7809
2023-11-13 11:50:37,34,35,3678,7809
2023-11-13 11:50:37,33,35,3678,7809
2023-11-13 11:50:37,34,35,3678,7809
2023-11-13 11:50:38,33,35,3678,7809
2023-11-13 11:50:38,34,35,3678,7809
2023-11-13 11:50:39,33,35,3678,7809
2023-11-13 11:50:41,32,35,3678,7809
2023-11-13 11:50:49,33,35,3678,7809
2023-11-13 11:50:50,33,36,3678,7809
2023-11-13 11:51:16,33,35,3678,7809
2023-11-13 11:51:19,33,36,3678,7809
2023-11-13 11:51:26,33,35,3678,7809
2023-11-13 11:51:27,32,35,3678,7809
2023-11-13 11:51:37,32,34,3678,7809
2023-11-13 11:51:56,32,35,3678,7809
2023-11-13 11:51:57,32,34,3678,7809
2023-11-13 11:52:01,32,35,3678,7809
2023-11-13 11:52:01,32,34,3678,7809
2023-11-13 11:52:01,32,35,3678,7809
2023-11-13 11:52:11,32,36,3678,7809
2023-11-13 11:52:13,33,36,3678,7809
2023-11-13 11:52:16,32,36,3678,7809
2023-11-13 11:52:18,32,35,3678,7809
2023-11-13 11:52:19,32,36,3678,7809
2023-11-13 11:52:20,32,35,3678,7809
2023-11-13 11:52:26,32,34,3678,7809
2023-11-13 11:52:28,31,34,3678,7809
2023-11-13 11:53:03,32,34,3678,7809
2023-11-13 11:53:05,31,34,3678,7809
2023-11-13 11:53:05,32,34,3678,7809
2023-11-13 11:53:05,31,34,3678,7809
2023-11-13 11:53:06,32,34,3678,7809
2023-11-13 11:53:15,31,34,3678,7809
2023-11-13 11:53:15,32,34,3678,7809
2023-11-13 11:53:16,31,34,3678,7809
2023-11-13 11:53:16,32,34,3678,7809
2023-11-13 11:53:20,31,34,3678,7809
2023-11-13 11:53:20,32,34,3678,7809
2023-11-13 11:53:37,31,34,3678,7809
2023-11-13 11:53:37,32,34,3678,7809
2023-11-13 11:53:38,32,33,3678,7809
2023-11-13 11:53:38,31,33,3678,7809
2023-11-13 11:53:58,31,34,3678,7809
2023-11-13 11:53:58,32,34,3678,7809
2023-11-13 11:54:03,31,34,3678,7809
2023-11-13 11:54:05,32,34,3678,7809
2023-11-13 11:54:06,31,34,3678,7809
2023-11-13 11:54:07,32,34,3678,7809
2023-11-13 11:54:12,31,34,3678,7809
2023-11-13 11:54:30,32,34,3678,7809
2023-11-13 11:54:31,31,34,3678,7809
2023-11-13 11:54:31,32,34,3678,7809
2023-11-13 11:54:34,31,34,3678,7809
2023-11-13 11:54:35,32,34,3678,7809
2023-11-13 11:54:39,31,34,3678,7809
2023-11-13 11:54:48,32,34,3678,7809
2023-11-13 11:54:49,31,34,3678,7809
2023-11-13 11:54:50,32,34,3678,7809
2023-11-13 11:54:50,31,34,3678,7809
2023-11-13 11:54:51,32,34,3678,7809
2023-11-13 11:54:51,31,34,3678,7809
2023-11-13 11:55:24,31,35,3678,7809
2023-11-13 11:55:26,32,35,3678,7809
2023-11-13 11:55:49,33,35,3678,7809
2023-11-13 11:55:56,32,35,3678,7809
2023-11-13 11:55:56,33,35,3678,7809
2023-11-13 11:56:01,32,35,3678,7809
2023-11-13 11:56:01,33,35,3678,7809
2023-11-13 11:56:07,33,36,3678,7809
2023-11-13 11:56:31,34,36,3678,7809
2023-11-13 11:56:33,33,36,3678,7809
2023-11-13 11:56:35,34,36,3678,7809
2023-11-13 11:57:02,33,36,3678,7809
2023-11-13 11:57:08,34,36,3678,7809
2023-11-13 11:57:12,33,36,3678,7809
2023-11-13 11:57:13,34,36,3678,7809
2023-11-13 11:57:14,33,36,3678,7809
2023-11-13 11:57:25,33,35,3678,7809
2023-11-13 11:57:31,33,36,3678,7809
2023-11-13 11:57:45,33,35,3678,7809
2023-11-13 11:57:46,33,36,3678,7809
2023-11-13 11:57:46,33,35,3678,7809
2023-11-13 11:57:51,33,36,3678,7809
2023-11-13 11:57:51,33,35,3678,7809
2023-11-13 11:57:52,33,36,3678,7809
2023-11-13 11:58:16,34,36,3678,7809
2023-11-13 11:58:19,34,37,3678,7809
2023-11-13 11:59:02,35,37,3678,7809
2023-11-13 11:59:04,34,37,3678,7809
2023-11-13 11:59:24,33,37,3678,7809
2023-11-13 11:59:25,34,37,3678,7809
2023-11-13 11:59:37,34,36,3678,7809
2023-11-13 11:59:38,34,37,3678,7809
2023-11-13 11:59:39,34,36,3678,7809
2023-11-13 11:59:39,33,36,3678,7809
2023-11-13 11:59:46,32,36,3678,7809
2023-11-13 11:59:48,33,35,3678,7809
2023-11-13 11:59:49,33,36,3678,7809
2023-11-13 11:59:51,32,36,3678,7809
2023-11-13 11:59:51,32,35,3678,7809
2023-11-13 11:59:51,32,34,3678,7809
2023-11-13 11:59:51,31,34,3678,7809
2023-11-13 11:59:56,32,34,3678,7809
2023-11-13 11:59:57,31,34,3678,7809
2023-11-13 11:59:59,32,34,3678,7809
2023-11-13 12:00:00,31,34,3678,7809
2023-11-13 12:00:02,32,34,3678,7809
2023-11-13 12:00:03,31,34,3678,7809
2023-11-13 12:00:05,31,35,3678,7809
2023-11-13 12:00:05,32,35,3678,7809
2023-11-13 12:00:16,33,35,3678,7809
2023-11-13 12:00:17,33,36,3678,7809
2023-11-13 12:00:19,33,35,3678,7809
2023-11-13 12:00:20,33,36,3678,7809
2023-11-13 12:00:29,33,37,3678,7809
2023-11-13 12:00:29,34,37,3678,7809
2023-11-13 12:00:46,34,36,3678,7809
2023-11-13 12:00:47,33,36,3678,7809
2023-11-13 12:00:55,33,37,3678,7809
2023-11-13 12:00:56,33,36,3678,7809
2023-11-13 12:01:04,32,36,3678,7809
2023-11-13 12:01:04,32,35,3678,7809
2023-11-13 12:01:34,32,36,3678,7809
2023-11-13 12:01:39,32,35,3678,7809
2023-11-13 12:01:40,33,35,3678,7809
2023-11-13 12:01:40,33,36,3678,7809
2023-11-13 12:01:40,33,35,3678,7809
2023-11-13 12:01:41,32,35,3678,7809
2023-11-13 12:01:42,33,35,3678,7809
2023-11-13 12:01:45,32,35,3678,7809
2023-11-13 12:01:47,33,35,3678,7809
2023-11-13 12:01:48,32,35,3678,7809
2023-11-13 12:01:52,33,35,3678,7809
2023-11-13 12:02:02,33,36,3678,7809
2023-11-13 12:02:06,33,35,3678,7809
2023-11-13 12:02:13,33,36,3678,7809
2023-11-13 12:02:13,33,35,3678,7809
2023-11-13 12:02:16,32,35,3678,7809
2023-11-13 12:02:26,32,34,3678,7809
2023-11-13 12:02:27,31,34,3678,7809
2023-11-13 12:02:31,31,35,3678,7809
2023-11-13 12:02:31,32,35,3678,7809
2023-11-13 12:02:35,31,35,3678,7809
2023-11-13 12:02:38,31,34,3678,7809
2023-11-13 12:02:49,31,33,3678,7809
2023-11-13 12:02:51,31,34,3678,7809
2023-11-13 12:02:51,31,33,3678,7809
2023-11-13 12:02:53,31,34,3678,7809
2023-11-13 12:02:56,31,33,3678,7809
2023-11-13 12:03:14,31,34,3678,7809
2023-11-13 12:03:15,32,34,3678,7809
2023-11-13 12:03:21,32,34,3678,7809
2023-11-13 12:03:22,31,34,3678,7809
2023-11-13 12:03:30,31,35,3678,7809
2023-11-13 12:03:52,33,35,3678,7809
2023-11-13 12:03:53,32,35,3678,7809
2023-11-13 12:03:54,33,35,3678,7809
2023-11-13 12:03:59,32,35,3678,7809
2023-11-13 12:04:00,33,35,3678,7809
2023-11-13 12:04:03,32,35,3678,7809
2023-11-13 12:04:03,33,35,3678,7809
2023-11-13 12:04:05,32,35,3678,7809
2023-11-13 12:04:05,33,35,3678,7809
2023-11-13 12:04:05,33,35,3833,8020
2023-11-13 12:04:08,32,35,3833,8020
2023-11-13 12:04:39,32,34,3833,8020
2023-11-13 12:04:41,32,35,3833,8020
2023-11-13 12:05:09,32,35,3733,8120
2023-11-13 12:05:22,31,35,3733,8120
2023-11-13 12:05:22,32,35,3733,8120
2023-11-13 12:05:47,32,34,3733,8120
2023-11-13 12:05:49,32,35,3733,8120
2023-11-13 12:05:49,32,34,3733,8120
2023-11-13 12:05:53,32,35,3733,8120
2023-11-13 12:05:54,32,34,3733,8120
2023-11-13 12:05:55,31,34,3733,8120
2023-11-13 12:05:56,32,34,3733,8120
2023-11-13 12:05:58,31,34,3733,8120
2023-11-13 12:06:07,31,35,3733,8120
2023-11-13 12:06:09,32,35,3733,8120
2023-11-13 12:06:50,32,34,3733,8120
2023-11-13 12:06:50,31,34,3733,8120
2023-11-13 12:07:05,31,33,3733,8120
2023-11-13 12:07:11,31,32,3733,8120
2023-11-13 12:07:36,30,31,3733,8120
2023-11-13 12:07:41,29,31,3733,8120
2023-11-13 12:07:52,29,32,3733,8120
2023-11-13 12:07:53,29,31,3733,8120
2023-11-13 12:08:04,28,31,3733,8120
2023-11-13 12:08:12,28,32,3733,8120
2023-11-13 12:08:12,29,32,3733,8120
2023-11-13 12:08:15,28,32,3733,8120
2023-11-13 12:08:15,28,31,3733,8120
2023-11-13 12:08:16,28,32,3733,8120
2023-11-13 12:08:17,29,32,3733,8120
2023-11-13 12:08:21,29,33,3733,8120
2023-11-13 12:08:22,29,32,3733,8120
2023-11-13 12:08:33,29,33,3733,8120
2023-11-13 12:08:34,29,32,3733,8120
2023-11-13 12:08:40,29,33,3733,8120
2023-11-13 12:08:40,30,33,3733,8120
2023-11-13 12:08:41,29,33,3733,8120
2023-11-13 12:08:41,29,32,3733,8120
2023-11-13 12:08:41,30,32,3733,8120
2023-11-13 12:08:42,30,33,3733,8120
2023-11-13 12:08:50,29,33,3733,8120
2023-11-13 12:08:50,30,33,3733,8120
2023-11-13 12:08:51,30,32,3733,8120
2023-11-13 12:08:51,29,32,3733,8120
2023-11-13 12:08:52,29,33,3733,8120
2023-11-13 12:08:52,30,33,3733,8120
2023-11-13 12:08:54,30,32,3733,8120
2023-11-13 12:08:54,29,32,3733,8120
2023-11-13 12:08:56,29,33,3733,8120
2023-11-13 12:08:56,30,33,3733,8120
2023-11-13 12:08:59,30,32,3733,8120
2023-11-13 12:08:59,29,32,3733,8120
2023-11-13 12:09:00,29,33,3733,8120
2023-11-13 12:09:00,30,33,3733,8120
2023-11-13 12:09:01,30,32,3733,8120
2023-11-13 12:09:04,29,32,3733,8120
2023-11-13 12:09:14,30,32,3733,8120
2023-11-13 12:09:17,29,32,3733,8120
2023-11-13 12:09:21,28,32,3733,8120
2023-11-13 12:09:23,29,32,3733,8120
2023-11-13 12:09:33,28,32,3733,8120
2023-11-13 12:09:34,29,32,3733,8120
2023-11-13 12:09:36,28,32,3733,8120
2023-11-13 12:09:38,28,31,3733,8120
2023-11-13 12:10:07,28,32,3733,8120
2023-11-13 12:10:08,28,31,3733,8120
2023-11-13 12:10:20,28,32,3733,8120
2023-11-13 12:10:22,29,32,3733,8120
2023-11-13 12:10:24,28,32,3733,8120
2023-11-13 12:10:26,29,32,3733,8120
2023-11-13 12:10:42,28,32,3733,8120
2023-11-13 12:10:44,29,32,3733,8120
2023-11-13 12:10:45,28,32,3733,8120
2023-11-13 12:10:46,28,31,3733,8120
2023-11-13 12:10:48,28,32,3733,8120
2023-11-13 12:10:51,28,31,3733,8120
2023-11-13 12:10:53,28,32,3733,8120
2023-11-13 12:10:54,28,31,3733,8120
2023-11-13 12:10:59,28,30,3733,8120
2023-11-13 12:11:00,28,31,3733,8120
2023-11-13 12:11:03,28,30,3733,8120
2023-11-13 12:11:11,27,30,3678,8320
2023-11-13 12:11:12,27,29,3678,8320
2023-11-13 12:11:17,26,29,3678,8320
2023-11-13 12:11:18,26,28,3678,8320
2023-11-13 12:11:19,26,29,3678,8320
2023-11-13 12:11:21,26,28,3678,8320
2023-11-13 12:11:22,26,29,3678,8320
2023-11-13 12:11:26,26,28,3678,8320
2023-11-13 12:11:27,26,29,3678,8320
2023-11-13 12:11:28,25,29,3678,8520
2023-11-13 12:11:28,25,28,3678,8520
2023-11-13 12:11:28,24,28,3678,8520
2023-11-13 12:11:28,24,25,3678,8520
2023-11-13 12:11:28,23,25,3678,8520
2023-11-13 12:11:29,23,24,3678,8520
2023-11-13 12:11:33,21,24,3678,8720
2023-11-13 12:11:34,21,23,3678,8720
2023-11-13 12:11:35,20,23,3678,8720
2023-11-13 12:11:45,20,22,3678,8720
2023-11-13 12:11:46,19,22,3678,8931
2023-11-13 12:11:50,20,22,3678,8931
2023-11-13 12:11:50,20,23,3678,8931
2023-11-13 12:11:51,20,22,3678,8931
2023-11-13 12:11:52,19,22,3678,8931
2023-11-13 12:11:58,18,22,3678,8931
2023-11-13 12:11:58,19,22,3678,8931
2023-11-13 12:12:05,20,22,3678,8931
2023-11-13 12:12:10,19,22,3678,8931
2023-11-13 12:12:10,20,22,3678,8931
2023-11-13 12:12:11,19,22,3678,8931
2023-11-13 12:12:15,20,22,3678,8931
2023-11-13 12:12:16,19,22,3678,8931
2023-11-13 12:12:24,20,22,3678,8931
2023-11-13 12:12:26,20,23,3678,8931
2023-11-13 12:12:36,21,23,3678,8931
2023-11-13 12:12:37,21,24,3678,8931
2023-11-13 12:12:38,21,23,3678,8931
2023-11-13 12:12:39,21,24,3678,8931
2023-11-13 12:12:48,21,23,3678,8931
2023-11-13 12:12:48,20,23,3678,8931
2023-11-13 12:12:49,21,23,3678,8931
2023-11-13 12:12:52,21,24,3678,8931
2023-11-13 12:12:52,22,24,3678,8931
2023-11-13 12:12:54,22,23,3678,8931
2023-11-13 12:12:57,21,23,3678,8931
2023-11-13 12:12:58,20,23,3678,8931
2023-11-13 12:13:00,21,23,3678,8931
2023-11-13 12:13:08,21,24,3678,8931
2023-11-13 12:13:09,21,23,3678,8931
2023-11-13 12:13:14,20,23,3678,8931
2023-11-13 12:13:14,21,23,3678,8931
2023-11-13 12:13:19,20,23,3678,8931
2023-11-13 12:13:19,21,23,3678,8931
2023-11-13 12:13:25,20,23,3678,8931
2023-11-13 12:13:28,21,23,3678,8931
2023-11-13 12:13:29,20,23,3678,8931
2023-11-13 12:13:31,21,23,3678,8931
2023-11-13 12:13:35,20,23,3678,8931
2023-11-13 12:13:35,21,23,3678,8931
2023-11-13 12:13:44,20,23,3678,8931
2023-11-13 12:13:44,21,23,3678,8931
2023-11-13 12:13:56,20,23,3678,8931
2023-11-13 12:13:56,21,23,3678,8931
2023-11-13 12:13:57,22,23,3678,8931
2023-11-13 12:14:02,22,24,3678,8931
2023-11-13 12:14:05,21,24,3678,8931
2023-11-13 12:14:05,22,24,3678,8931
2023-11-13 12:14:06,21,24,3678,8931
2023-11-13 12:14:16,22,24,3678,8931
2023-11-13 12:14:17,22,25,3678,8931
2023-11-13 12:14:31,23,25,3678,8931
2023-11-13 12:14:35,24,25,3678,8931
2023-11-13 12:14:37,23,25,3678,8931
2023-11-13 12:14:37,24,25,3678,8931
2023-11-13 12:14:42,23,25,3678,8931
2023-11-13 12:14:54,24,25,3678,8931
2023-11-13 12:14:57,23,25,3678,8931
2023-11-13 12:14:57,24,25,3678,8931
2023-11-13 12:15:04,22,25,3678,8931
2023-11-13 12:15:04,23,25,3678,8931
2023-11-13 12:15:05,22,25,3678,8931
2023-11-13 12:15:06,21,25,3678,8931
2023-11-13 12:15:07,22,25,3678,8931
2023-11-13 12:15:08,21,25,3678,8931
2023-11-13 12:15:11,22,24,3678,8931
2023-11-13 12:15:14,22,24,3678,8931
2023-11-13 12:15:15,21,25,3678,8931
2023-11-13 12:15:17,22,25,3678,8931
2023-11-13 12:15:27,23,25,3678,8931
2023-11-13 12:15:28,22,25,3678,8931
2023-11-13 12:15:41,23,25,3678,8931
2023-11-13 12:15:45,22,25,3678,8931
2023-11-13 12:15:45,23,25,3678,8931
2023-11-13 12:15:46,24,25,3678,8931
2023-11-13 12:15:48,22,25,3678,8931
2023-11-13 12:15:49,23,25,3678,8931
2023-11-13 12:15:49,24,25,3678,8931
2023-11-13 12:15:52,22,25,3678,8931
2023-11-13 12:15:52,24,25,3678,8931
2023-11-13 12:15:52,22,25,3678,8931
2023-11-13 12:15:52,24,25,3678,8931
2023-11-13 12:15:52,22,25,3678,8931
2023-11-13 12:15:52,24,25,3678,8931
2023-11-13 12:15:52,22,25,3678,8931
2023-11-13 12:15:52,24,25,3678,8931
2023-11-13 12:16:00,23,25,3678,8931
2023-11-13 12:16:05,24,25,3678,8931
2023-11-13 12:16:07,23,25,3678,8931
2023-11-13 12:16:25,22,25,3678,8931
2023-11-13 12:16:26,22,24,3678,8931
2023-11-13 12:16:27,21,24,3678,8931
2023-11-13 12:16:39,21,25,3678,8931
2023-11-13 12:16:39,22,25,3678,8931
2023-11-13 12:16:44,22,24,3678,8931
2023-11-13 12:16:46,22,25,3678,8931
2023-11-13 12:16:47,22,24,3678,8931
2023-11-13 12:16:48,22,25,3678,8931
2023-11-13 12:16:53,23,25,3678,8931
2023-11-13 12:16:55,22,25,3678,8931
2023-11-13 12:16:55,22,26,3678,9131
2023-11-13 12:16:56,23,26,3678,9131
2023-11-13 12:17:03,23,27,3678,9131
2023-11-13 12:17:03,24,27,3678,9131
2023-11-13 12:17:04,23,27,3678,9131
2023-11-13 12:17:04,23,26,3678,9131
2023-11-13 12:17:07,23,27,3678,9131
2023-11-13 12:17:07,23,26,3678,9131
2023-11-13 12:17:14,22,26,3678,9131
2023-11-13 12:17:14,22,25,3678,9131
2023-11-13 12:17:16,22,26,3678,9131
2023-11-13 12:17:29,24,26,3678,9131
2023-11-13 12:17:30,23,26,3678,9131
2023-11-13 12:17:36,24,26,3678,9131
2023-11-13 12:17:37,24,27,3678,9131
2023-11-13 12:17:37,23,27,3678,9131
2023-11-13 12:17:41,24,27,3678,9131
2023-11-13 12:17:46,23,27,3678,9131
2023-11-13 12:17:46,24,27,3678,9131
2023-11-13 12:17:55,24,26,3678,9131
2023-11-13 12:18:00,23,26,3678,9131
2023-11-13 12:18:07,22,26,3678,9131
2023-11-13 12:18:07,22,25,3678,9131
2023-11-13 12:18:32,23,25,3678,9131
2023-11-13 12:18:33,22,25,3678,9131
2023-11-13 12:18:34,23,25,3678,9131
2023-11-13 12:18:40,22,25,3678,9131
2023-11-13 12:18:41,23,25,3678,9131
2023-11-13 12:18:52,23,24,3678,9131
2023-11-13 12:19:30,22,24,3678,9131
2023-11-13 12:20:10,21,24,3678,9131
2023-11-13 12:20:11,22,24,3678,9131
2023-11-13 12:20:14,21,24,3678,9131
2023-11-13 12:20:15,22,24,3678,9131
2023-11-13 12:20:26,21,24,3678,9131
2023-11-13 12:20:26,22,24,3678,9131
2023-11-13 12:20:31,21,24,3678,9131
2023-11-13 12:20:36,22,24,3678,9131
2023-11-13 12:20:40,21,24,3678,9131
2023-11-13 12:20:42,22,24,3678,9131
2023-11-13 12:20:43,21,24,3678,9131
2023-11-13 12:20:44,22,24,3678,9131
2023-11-13 12:21:06,21,24,3678,9131
2023-11-13 12:21:11,21,23,3678,9131
2023-11-13 12:21:12,21,24,3678,9131
2023-11-13 12:21:26,22,24,3678,9131
2023-11-13 12:21:50,23,24,3678,9131
2023-11-13 12:21:51,22,24,3678,9131
2023-11-13 12:21:51,23,24,3678,9131
2023-11-13 12:22:16,24,26,3678,9132
2023-11-13 12:22:17,23,26,3678,9132
2023-11-13 12:22:21,23,27,3678,9132
2023-11-13 12:22:21,24,27,3678,9132
2023-11-13 12:22:35,23,27,3678,9132
2023-11-13 12:22:35,24,27,3678,9132
2023-11-13 12:22:54,24,28,3678,9132
2023-11-13 12:22:54,25,28,3678,9132
2023-11-13 12:22:55,25,27,3678,9132
2023-11-13 12:22:55,24,27,3678,9132
2023-11-13 12:22:57,25,27,3678,9132
2023-11-13 12:23:00,24,27,3678,9132
2023-11-13 12:23:01,25,27,3678,9132
2023-11-13 12:23:06,25,28,3678,9132
2023-11-13 12:23:06,24,28,3678,9132
2023-11-13 12:23:06,25,28,3678,9132
2023-11-13 12:23:18,26,28,3678,9132
2023-11-13 12:23:20,25,28,3678,9132
2023-11-13 12:23:22,25,29,3678,9132
2023-11-13 12:23:23,26,29,3678,9132
2023-11-13 12:23:24,27,29,3678,9132
2023-11-13 12:23:28,26,29,3678,9132
2023-11-13 12:23:43,27,29,3678,9132
2023-11-13 12:23:47,28,29,3678,9132
2023-11-13 12:23:47,28,29,3678,9382
2023-11-13 12:23:48,28,30,3678,9382
2023-11-13 12:24:02,28,31,3678,9582
2023-11-13 12:24:03,29,31,3678,9582
2023-11-13 12:24:10,29,32,3678,9582
2023-11-13 12:24:15,29,33,3678,9582
2023-11-13 12:24:17,29,33,3678,9582
2023-11-13 12:24:19,30,33,3678,9582
2023-11-13 12:24:20,30,32,3678,9582
2023-11-13 12:24:23,30,32,3678,9582
2023-11-13 12:24:23,30,33,3678,9582
2023-11-13 12:24:26,29,33,3678,9582
2023-11-13 12:24:40,30,33,3678,9582
2023-11-13 12:24:41,29,33,3678,9582
2023-11-13 12:24:45,30,33,3678,9582
2023-11-13 12:24:49,31,33,3678,9582
2023-11-13 12:25:04,30,33,3678,9582
2023-11-13 12:25:24,29,33,3678,9582
2023-11-13 12:25:24,29,32,3678,9582
2023-11-13 12:25:27,30,32,3678,9582
2023-11-13 12:25:27,30,33,3678,9582
2023-11-13 12:25:33,29,33,3678,9582
2023-11-13 12:25:37,30,33,3678,9582
2023-11-13 12:25:38,29,33,3678,9582
2023-11-13 12:25:38,30,33,3678,9582
2023-11-13 12:25:42,29,33,3678,9582
2023-11-13 12:25:42,30,33,3678,9582
2023-11-13 12:25:59,29,33,3678,9582
2023-11-13 12:26:15,30,33,3678,9582
2023-11-13 12:26:17,29,33,3678,9582
2023-11-13 12:26:17,30,33,3678,9582
2023-11-13 12:26:18,30,32,3678,9582
2023-11-13 12:26:20,30,33,3678,9582
2023-11-13 12:26:44,30,32,3678,9582
2023-11-13 12:26:44,29,32,3678,9582
2023-11-13 12:26:45,28,32,3678,9582
2023-11-13 12:26:50,28,31,3678,9582
2023-11-13 12:26:51,28,30,3678,9582
2023-11-13 12:26:57,28,31,3678,9582
2023-11-13 12:27:33,28,32,3678,9582
2023-11-13 12:27:34,28,31,3678,9582
2023-11-13 12:27:36,29,31,3678,9582
2023-11-13 12:27:39,29,32,3678,9582
2023-11-13 12:27:39,28,32,3678,9582
2023-11-13 12:27:42,28,31,3678,9582
2023-11-13 12:27:49,27,31,3678,9582
2023-11-13 12:27:49,27,30,3678,9582
2023-11-13 12:27:54,26,30,3678,9582
2023-11-13 12:27:54,26,29,3678,9582
2023-11-13 12:28:04,26,30,3678,9582
2023-11-13 12:28:13,27,30,3678,9582
2023-11-13 12:28:17,28,30,3678,9582
2023-11-13 12:28:19,27,30,3678,9582
2023-11-13 12:28:28,28,30,3678,9582
2023-11-13 12:28:28,28,30,3678,9582
2023-11-13 12:28:30,28,31,3678,9582
2023-11-13 12:28:39,28,31,3692,9702
2023-11-13 12:28:45,28,32,3692,9702
2023-11-13 12:28:51,28,31,3692,9702
2023-11-13 12:28:55,29,31,3692,9702
2023-11-13 12:28:57,28,31,3692,9702
2023-11-13 12:29:00,28,32,3692,9702
2023-11-13 12:29:00,28,31,3692,9702
2023-11-13 12:29:21,28,30,3692,9702
2023-11-13 12:29:22,28,31,3692,9702
2023-11-13 12:29:22,28,30,3692,9702
2023-11-13 12:29:23,27,30,3692,9702
2023-11-13 12:29:52,27,29,3692,9702
2023-11-13 12:29:56,26,29,3692,9702
2023-11-13 12:29:58,27,29,3692,9702
2023-11-13 12:29:59,27,30,3692,9702
2023-11-13 12:30:22,27,29,3692,9702
2023-11-13 12:30:29,27,30,3692,9702
2023-11-13 12:30:32,27,29,3692,9702
2023-11-13 12:30:33,27,30,3692,9702
2023-11-13 12:30:34,27,29,3692,9702
2023-11-13 12:30:35,26,29,3692,9702
2023-11-13 12:30:44,26,30,3692,9702
2023-11-13 12:30:44,26,29,3692,9702
2023-11-13 12:30:58,26,28,3692,9702
2023-11-13 12:31:03,25,28,3692,9702
2023-11-13 12:31:06,24,28,3678,9902
2023-11-13 12:31:07,24,27,3678,9902
2023-11-13 12:31:07,24,26,3678,9902
2023-11-13 12:31:10,23,26,3678,9902
2023-11-13 12:31:10,23,25,3678,9902
2023-11-13 12:31:34,23,24,3678,9902
2023-11-13 12:31:35,23,25,3678,9902
2023-11-13 12:31:38,23,26,3678,9902
2023-11-13 12:31:39,23,25,3678,9902
2023-11-13 12:31:53,23,26,3678,9902
2023-11-13 12:32:21,24,26,3678,9902
2023-11-13 12:32:24,24,27,3678,9902
2023-11-13 12:32:33,23,27,3678,9902
2023-11-13 12:32:43,23,25,3678,9902
2023-11-13 12:33:06,22,25,3678,9902
2023-11-13 12:33:06,22,24,3678,9902
2023-11-13 12:33:27,22,25,3678,9902
2023-11-13 12:33:35,22,24,3678,9902
2023-11-13 12:33:37,22,25,3678,9902
2023-11-13 12:33:38,22,24,3678,9902
2023-11-13 12:33:39,22,25,3678,9902
2023-11-13 12:33:39,22,24,3678,9902
2023-11-13 12:33:41,22,25,3678,9902
2023-11-13 12:33:43,22,24,3678,9902
2023-11-13 12:33:44,22,25,3678,9902
2023-11-13 12:34:09,23,25,3678,9902
2023-11-13 12:34:11,23,26,3678,9902
2023-11-13 12:34:23,24,26,3678,9902
2023-11-13 12:34:23,24,27,3678,9902
2023-11-13 12:34:58,24,28,3678,9902
2023-11-13 12:34:58,24,27,3678,9902
2023-11-13 12:34:58,25,27,3678,9902
2023-11-13 12:34:59,25,28,3678,9902
2023-11-13 12:35:00,24,28,3678,9902
2023-11-13 12:35:04,25,28,3678,9902
2023-11-13 12:35:05,24,28,3678,9902
2023-11-13 12:35:06,25,28,3678,9902
2023-11-13 12:35:09,25,27,3678,9902
2023-11-13 12:35:12,24,27,3678,9902
2023-11-13 12:35:13,25,27,3678,9902
2023-11-13 12:35:23,25,28,3678,9902
2023-11-13 12:35:28,25,27,3678,9902
2023-11-13 12:35:30,24,27,3678,9902
2023-11-13 12:35:49,25,27,3678,9902
2023-11-13 12:35:49,25,28,3678,9902
2023-11-13 12:36:13,24,28,3678,9902
2023-11-13 12:36:22,24,27,3678,9902
2023-11-13 12:36:24,24,28,3678,9902
2023-11-13 12:36:25,25,28,3678,9902
2023-11-13 12:36:52,26,28,3678,9902
2023-11-13 12:36:53,25,28,3678,9902
2023-11-13 12:36:58,24,28,3678,9902
2023-11-13 12:37:02,24,27,3678,9902
2023-11-13 12:37:20,24,28,3678,9902
2023-11-13 12:37:24,25,28,3678,9902
2023-11-13 12:37:40,24,28,3678,9902
2023-11-13 12:37:43,24,27,3678,9902
2023-11-13 12:37:50,23,27,3678,9902
2023-11-13 12:37:59,23,27,3678,9902
2023-11-13 12:38:00,23,26,3678,9902
2023-11-13 12:38:01,23,27,3678,9902
2023-11-13 12:38:02,23,26,3678,9902
2023-11-13 12:38:04,23,27,3678,9902
2023-11-13 12:38:10,23,26,3678,9902
2023-11-13 12:38:11,23,27,3678,9902
2023-11-13 12:38:13,23,26,3678,9902
2023-11-13 12:38:14,24,26,3678,9902
2023-11-13 12:38:14,24,27,3678,9902
2023-11-13 12:38:14,24,26,3678,9902
2023-11-13 12:38:16,23,26,3678,9902
2023-11-13 12:38:19,24,26,3678,9902
2023-11-13 12:38:20,23,26,3678,9902
2023-11-13 12:38:22,24,26,3678,9902
2023-11-13 12:38:32,24,27,3678,9902
2023-11-13 12:38:38,24,26,3678,9902
2023-11-13 12:38:41,24,27,3678,9902
2023-11-13 12:38:46,24,28,3678,9902
2023-11-13 12:38:46,24,27,3678,9902
2023-11-13 12:38:46,24,26,3678,9902
2023-11-13 12:38:48,24,27,3678,9902
2023-11-13 12:38:48,24,26,3678,9902
2023-11-13 12:38:51,24,28,3678,9902
2023-11-13 12:38:51,24,27,3678,9902
2023-11-13 12:38:55,25,27,3678,9902
2023-11-13 12:38:59,24,27,3678,9902
2023-11-13 12:39:03,24,28,3678,9902
2023-11-13 12:39:03,24,27,3678,9902
2023-11-13 12:39:07,24,26,3678,9902
2023-11-13 12:39:08,24,27,3678,9902
2023-11-13 12:39:12,24,28,3678,9902
2023-11-13 12:39:12,24,27,3678,9902
2023-11-13 12:39:14,24,28,3678,9902
2023-11-13 12:39:14,24,27,3678,9902
2023-11-13 12:39:15,24,26,3678,9902
2023-11-13 12:39:24,24,27,3678,9902
2023-11-13 12:39:24,24,26,3678,9902
2023-11-13 12:39:33,24,27,3678,9902
2023-11-13 12:39:36,25,27,3678,9902
2023-11-13 12:39:36,25,28,3678,9902
2023-11-13 12:39:54,24,28,3678,9902
2023-11-13 12:39:57,24,27,3678,9902
2023-11-13 12:40:01,24,28,3678,9902
2023-11-13 12:40:01,24,27,3678,9902
2023-11-13 12:40:08,24,28,3678,9902
2023-11-13 12:40:18,25,28,3678,9902
2023-11-13 12:40:18,25,27,3678,9902
2023-11-13 12:40:23,25,28,3678,9902
2023-11-13 12:40:23,25,27,3678,9902
2023-11-13 12:40:24,25,28,3678,9902
2023-11-13 12:40:24,25,27,3678,9902
2023-11-13 12:40:29,25,28,3678,9902
2023-11-13 12:40:33,25,27,3678,9902
2023-11-13 12:40:37,25,28,3678,9902
2023-11-13 12:40:44,25,29,3678,9902
2023-11-13 12:40:45,26,29,3678,9902
2023-11-13 12:40:46,25,29,3678,9902
2023-11-13 12:40:59,25,28,3678,9902
2023-11-13 12:41:02,24,28,3678,9902
2023-11-13 12:41:08,24,27,3678,9902
2023-11-13 12:41:11,24,28,3678,9902
2023-11-13 12:41:15,24,27,3678,9902
2023-11-13 12:41:31,24,26,3678,9902
2023-11-13 12:41:34,24,27,3678,9902
2023-11-13 12:41:37,24,28,3678,9902
2023-11-13 12:41:40,25,28,3678,9902
2023-11-13 12:41:41,24,28,3678,9902
2023-11-13 12:41:42,25,28,3678,9902
2023-11-13 12:41:46,24,28,3678,9902
2023-11-13 12:41:50,24,27,3678,9902
2023-11-13 12:42:04,24,26,3678,9902
2023-11-13 12:42:09,23,26,3678,9902
2023-11-13 12:42:40,22,26,3678,9902
2023-11-13 12:42:53,22,25,3678,9902
2023-11-13 12:42:56,23,25,3678,9902
2023-11-13 12:42:56,23,26,3678,9902
2023-11-13 12:42:56,23,25,3678,9902
2023-11-13 12:42:57,23,26,3678,9902
2023-11-13 12:42:59,23,25,3678,9902
2023-11-13 12:43:06,22,25,3678,9902
2023-11-13 12:43:11,22,26,3678,9902
2023-11-13 12:43:11,22,25,3678,9902
2023-11-13 12:43:22,22,26,3678,9902
2023-11-13 12:43:22,22,25,3678,9902
2023-11-13 12:43:28,22,26,3678,9902
2023-11-13 12:43:28,22,25,3678,9902
2023-11-13 12:43:31,22,26,3678,9902
2023-11-13 12:43:31,22,25,3678,9902
2023-11-13 12:43:41,22,26,3678,9902
2023-11-13 12:43:42,23,26,3678,9902
2023-11-13 12:43:44,22,26,3678,9902
2023-11-13 12:43:50,23,26,3678,9902
2023-11-13 12:44:03,23,25,3678,9902
2023-11-13 12:44:03,22,25,3678,9902
2023-11-13 12:44:04,23,25,3678,9902
2023-11-13 12:44:06,22,25,3678,9902
2023-11-13 12:44:06,23,25,3678,9902
2023-11-13 12:44:10,22,25,3678,9902
2023-11-13 12:44:11,22,24,3678,9902
2023-11-13 12:44:30,22,25,3678,9902
2023-11-13 12:45:00,22,24,3678,9902
2023-11-13 12:45:05,21,24,3678,9902
2023-11-13 12:45:09,21,23,3678,9902
2023-11-13 12:45:24,20,23,3678,9902
2023-11-13 12:45:25,20,22,3678,9902
2023-11-13 12:45:26,19,22,3678,9902
2023-11-13 12:45:27,19,21,3678,9902
2023-11-13 12:45:28,19,22,3678,9902
2023-11-13 12:45:29,19,21,3678,9902
2023-11-13 12:45:36,18,21,3678,9902
2023-11-13 12:45:53,18,20,3678,9902
2023-11-13 12:46:00,18,20,3678,10022
2023-11-13 12:46:06,18,21,3678,10022
2023-11-13 12:46:15,18,20,3678,10022
2023-11-13 12:46:15,17,19,3678,10022
2023-11-13 12:46:25,16,19,3678,10022
2023-11-13 12:46:27,16,19,3678,10022
2023-11-13 12:46:35,16,18,3678,10022
2023-11-13 12:46:36,16,19,3678,10022
2023-11-13 12:46:56,16,18,3678,10022
2023-11-13 12:47:06,16,19,3678,10022
2023-11-13 12:47:06,16,18,3678,10022
2023-11-13 12:47:07,16,19,3678,10022
2023-11-13 12:47:20,17,19,3678,10022
2023-11-13 12:47:21,16,19,3678,10022
2023-11-13 12:47:25,16,20,3678,10022
2023-11-13 12:47:33,16,19,3678,10022
2023-11-13 12:47:44,17,19,3678,10022
2023-11-13 12:47:52,17,20,3678,10022
2023-11-13 12:47:58,16,20,3678,10022
2023-11-13 12:47:58,16,19,3678,10022
2023-11-13 12:48:36,16,18,3678,10022
2023-11-13 12:48:38,16,19,3678,10022
2023-11-13 12:48:39,16,18,3678,10022
2023-11-13 12:48:42,16,19,3678,10022
2023-11-13 12:48:42,16,18,3678,10022
2023-11-13 12:48:44,16,19,3678,10022
2023-11-13 12:48:49,16,18,3678,10022
2023-11-13 12:49:20,17,18,3678,10022
2023-11-13 12:49:20,17,19,3678,10022
2023-11-13 12:49:22,16,19,3678,10022
2023-11-13 12:49:22,16,18,3678,10022
2023-11-13 12:49:32,16,19,3678,10022
2023-11-13 12:49:33,17,19,3678,10022
2023-11-13 12:49:45,17,20,3678,10022
2023-11-13 12:49:46,17,19,3678,10022
2023-11-13 12:49:51,17,20,3678,10022
2023-11-13 12:49:52,16,20,3678,10022
2023-11-13 12:49:55,16,18,3678,10022
2023-11-13 12:50:01,16,19,3678,10022
2023-11-13 12:50:01,16,18,3678,10022
2023-11-13 12:50:09,17,18,3678,10022
2023-11-13 12:50:09,17,19,3678,10022
2023-11-13 12:50:11,17,20,3678,10022
2023-11-13 12:50:12,17,19,3678,10022
2023-11-13 12:50:13,17,20,3678,10022
2023-11-13 12:50:14,17,21,3678,10022
2023-11-13 12:50:15,18,21,3678,10022
2023-11-13 12:50:16,17,21,3678,10022
2023-11-13 12:50:23,18,21,3678,10022
2023-11-13 12:50:35,17,21,3678,10022
2023-11-13 12:50:36,18,21,3678,10022
2023-11-13 12:50:37,18,20,3678,10022
2023-11-13 12:50:42,18,21,3678,10022
2023-11-13 12:51:07,19,21,3678,10022
2023-11-13 12:51:09,18,21,3678,10022
2023-11-13 12:51:09,19,21,3678,10022
2023-11-13 12:51:13,19,22,3678,10022
2023-11-13 12:51:16,19,23,3678,10022
2023-11-13 12:51:18,19,22,3678,10022
2023-11-13 12:51:25,18,22,3678,10022
2023-11-13 12:51:29,18,21,3678,10022
2023-11-13 12:51:37,18,22,3678,10022
2023-11-13 12:51:46,18,21,3678,10022
2023-11-13 12:51:50,18,20,3678,10022
2023-11-13 12:51:54,18,21,3678,10022
2023-11-13 12:51:54,18,20,3678,10022
2023-11-13 12:51:56,18,21,3678,10022
2023-11-13 12:51:56,18,20,3678,10022
2023-11-13 12:52:01,18,21,3678,10022
2023-11-13 12:52:01,18,20,3678,10022
2023-11-13 12:52:07,18,21,3678,10022
2023-11-13 12:52:08,18,20,3678,10022
2023-11-13 12:52:09,18,21,3678,10022
2023-11-13 12:52:10,18,20,3678,10022
2023-11-13 12:52:20,18,21,3678,10022
2023-11-13 12:52:20,18,20,3678,10022
2023-11-13 12:52:31,18,21,3678,10022
2023-11-13 12:52:31,18,20,3678,10022
2023-11-13 12:52:41,17,20,3678,10022
2023-11-13 12:53:00,17,21,3678,10022
2023-11-13 12:53:00,17,20,3678,10022
2023-11-13 12:53:03,17,19,3678,10022
2023-11-13 12:53:07,17,21,3678,10022
2023-11-13 12:53:08,17,20,3678,10022
2023-11-13 12:53:08,17,19,3678,10022
2023-11-13 12:53:11,17,20,3678,10022
2023-11-13 12:53:11,17,21,3678,10022
2023-11-13 12:53:11,17,20,3678,10022
2023-11-13 12:53:11,17,19,3678,10022
2023-11-13 12:53:16,17,20,3678,10022
2023-11-13 12:53:16,17,19,3678,10022
2023-11-13 12:53:36,17,20,3678,10022
2023-11-13 12:53:36,17,19,3678,10022
2023-11-13 12:53:37,17,20,3678,10022
2023-11-13 12:53:38,17,19,3678,10022
2023-11-13 12:53:51,16,19,3678,10022
2023-11-13 12:53:53,17,19,3678,10022
2023-11-13 12:54:09,18,19,3678,10022
2023-11-13 12:54:09,18,20,3678,10022
2023-11-13 12:54:09,18,21,3678,10022
2023-11-13 12:54:09,18,20,3678,10022
2023-11-13 12:54:12,18,21,3678,10022
2023-11-13 12:54:12,18,20,3678,10022
2023-11-13 12:54:19,17,20,3678,10022
2023-11-13 12:54:21,17,21,3678,10022
2023-11-13 12:54:21,17,20,3678,10022
2023-11-13 12:54:23,18,20,3678,10022
2023-11-13 12:54:24,17,20,3678,10022
2023-11-13 12:54:27,18,20,3678,10022
2023-11-13 12:54:31,17,20,3678,10022
2023-11-13 12:54:31,17,21,3678,10022
2023-11-13 12:54:31,17,20,3678,10022
2023-11-13 12:54:31,17,19,3678,10022
2023-11-13 12:54:38,17,20,3678,10022
2023-11-13 12:54:38,17,21,3678,10022
2023-11-13 12:54:38,17,20,3678,10022
2023-11-13 12:54:38,17,19,3678,10022
2023-11-13 12:54:38,17,20,3678,10022
2023-11-13 12:54:38,17,19,3678,10022
2023-11-13 12:54:39,18,19,3678,10022
2023-11-13 12:54:40,18,20,3818,10162
2023-11-13 12:54:48,18,21,3818,10162
2023-11-13 12:54:50,18,22,3818,10162
2023-11-13 12:54:52,19,22,3818,10162
2023-11-13 12:54:53,18,22,3818,10162
2023-11-13 12:55:01,18,21,3818,10162
2023-11-13 12:55:06,18,20,3818,10162
2023-11-13 12:55:08,18,21,3818,10162
2023-11-13 12:55:09,18,20,3818,10162
2023-11-13 12:55:14,17,20,3818,10162
2023-11-13 12:55:15,17,21,3818,10162
2023-11-13 12:55:16,17,20,3818,10162
2023-11-13 12:55:23,17,21,3818,10162
2023-11-13 12:55:24,17,20,3818,10162
2023-11-13 12:55:26,17,21,3818,10162
2023-11-13 12:55:26,17,20,3818,10162
2023-11-13 12:55:29,17,21,3818,10162
2023-11-13 12:55:29,17,20,3818,10162
2023-11-13 12:55:30,18,20,3818,10162
2023-11-13 12:55:36,18,21,3818,10162
2023-11-13 12:55:44,18,22,3818,10162
2023-11-13 12:55:48,18,21,3818,10162
2023-11-13 12:55:50,18,22,3818,10162
2023-11-13 12:55:55,18,21,3818,10162
2023-11-13 12:56:01,18,20,3818,10162
2023-11-13 12:56:10,18,21,3818,10162
2023-11-13 12:56:27,18,20,3818,10162
2023-11-13 12:56:36,17,20,3818,10162
2023-11-13 12:56:39,18,20,3818,10162
2023-11-13 12:56:41,17,20,3818,10162
2023-11-13 12:56:42,18,20,3818,10162
2023-11-13 12:56:43,17,20,3818,10162
2023-11-13 12:57:01,17,19,3818,10162
2023-11-13 12:57:04,17,20,3818,10162
2023-11-13 12:57:06,17,19,3818,10162
2023-11-13 12:57:07,17,20,3818,10162
2023-11-13 12:57:08,17,19,3818,10162
2023-11-13 12:57:31,17,20,3818,10162
2023-11-13 12:57:31,17,19,3818,10162
2023-11-13 12:57:39,17,20,3818,10162
2023-11-13 12:57:39,17,19,3818,10162
2023-11-13 12:57:46,17,20,3818,10162
2023-11-13 12:57:46,17,19,3818,10162
2023-11-13 12:57:49,17,20,3818,10162
2023-11-13 12:57:50,17,19,3818,10162
2023-11-13 12:57:56,18,19,3818,10162
2023-11-13 12:57:56,18,20,3818,10162
2023-11-13 12:57:56,18,21,3818,10162
2023-11-13 12:58:02,18,22,3818,10162
2023-11-13 12:58:03,19,22,3818,10162
2023-11-13 12:58:06,18,22,3818,10162
2023-11-13 12:58:09,19,22,3818,10162
2023-11-13 12:58:21,19,21,3818,10162
2023-11-13 12:58:25,18,21,3818,10162
2023-11-13 12:58:32,19,21,3818,10162
2023-11-13 12:58:35,19,22,3818,10162
2023-11-13 12:58:35,19,21,3818,10162
2023-11-13 12:58:40,18,21,3818,10162
2023-11-13 12:58:46,19,21,3818,10162
2023-11-13 12:58:46,19,22,3818,10162
2023-11-13 12:58:46,19,21,3818,10162
2023-11-13 12:58:47,19,22,3818,10162
2023-11-13 12:58:47,19,21,3818,10162
2023-11-13 12:58:58,18,21,3818,10162
2023-11-13 12:59:01,18,22,3818,10162
2023-11-13 12:59:01,18,21,3818,10162
2023-11-13 12:59:05,18,22,3818,10162
2023-11-13 12:59:05,18,21,3818,10162
2023-11-13 12:59:10,19,21,3818,10162
2023-11-13 12:59:15,18,21,3818,10162
2023-11-13 12:59:15,19,21,3818,10162
2023-11-13 12:59:27,18,21,3818,10162
2023-11-13 12:59:28,19,21,3818,10162
2023-11-13 12:59:30,18,21,3818,10162
2023-11-13 12:59:31,19,21,3818,10162
2023-11-13 12:59:42,19,22,3818,10162
2023-11-13 12:59:55,19,23,3818,10162
2023-11-13 13:00:11,19,22,3818,10162
2023-11-13 13:00:36,18,22,3818,10162
2023-11-13 13:00:40,18,21,3818,10162
2023-11-13 13:00:57,17,21,3818,10162
2023-11-13 13:01:00,17,20,3818,10162
2023-11-13 13:01:20,17,19,3818,10162
2023-11-13 13:01:29,17,20,3818,10162
2023-11-13 13:01:29,17,19,3818,10162
2023-11-13 13:01:38,17,20,3818,10162
2023-11-13 13:01:40,18,20,3818,10162
2023-11-13 13:01:44,18,21,3818,10162
2023-11-13 13:01:54,17,21,3818,10162
2023-11-13 13:02:01,17,20,3818,10162
2023-11-13 13:02:19,18,20,3818,10162
2023-11-13 13:02:21,17,20,3818,10162
2023-11-13 13:02:25,18,20,3818,10162
2023-11-13 13:02:29,17,20,3818,10162
2023-11-13 13:02:29,17,21,3818,10162
2023-11-13 13:02:29,17,20,3818,10162
2023-11-13 13:02:31,18,20,3818,10162
2023-11-13 13:02:33,18,21,3818,10162
2023-11-13 13:02:34,17,21,3818,10162
2023-11-13 13:02:34,17,20,3818,10162
2023-11-13 13:02:36,18,20,3818,10162
2023-11-13 13:02:39,18,21,3818,10162
2023-11-13 13:02:46,19,21,3818,10162
2023-11-13 13:02:46,19,22,3818,10162
2023-11-13 13:03:08,19,23,3818,10162
2023-11-13 13:03:10,19,22,3818,10162
2023-11-13 13:03:11,19,23,3818,10162
2023-11-13 13:03:11,19,22,3818,10162
2023-11-13 13:03:34,18,22,3818,10162
2023-11-13 13:03:44,19,22,3818,10162
2023-11-13 13:03:49,19,21,3818,10162
2023-11-13 13:03:50,18,21,3818,10162
2023-11-13 13:04:16,17,21,3818,10162
2023-11-13 13:04:27,18,21,3818,10162
2023-11-13 13:04:29,18,20,3818,10162
2023-11-13 13:04:31,18,21,3818,10162
2023-11-13 13:04:31,18,20,3818,10162
2023-11-13 13:04:32,18,21,3818,10162
2023-11-13 13:04:32,18,20,3818,10162
2023-11-13 13:04:38,17,20,3818,10162
2023-11-13 13:05:06,18,20,3818,10162
2023-11-13 13:05:06,18,21,3818,10162
2023-11-13 13:05:06,18,20,3818,10162
2023-11-13 13:05:08,18,21,3818,10162
2023-11-13 13:05:10,18,20,3818,10162
2023-11-13 13:05:11,17,20,3818,10162
2023-11-13 13:05:12,18,20,3818,10162
2023-11-13 13:05:15,18,21,3818,10162
2023-11-13 13:05:15,18,20,3818,10162
2023-11-13 13:05:19,17,20,3818,10162
2023-11-13 13:05:23,17,21,3818,10162
2023-11-13 13:05:23,17,20,3818,10162
2023-11-13 13:05:24,17,19,3818,10162
2023-11-13 13:05:31,17,20,3818,10162
2023-11-13 13:05:32,17,19,3818,10162
2023-11-13 13:05:33,17,20,3818,10162
2023-11-13 13:05:34,17,19,3818,10162
2023-11-13 13:05:35,17,20,3818,10162
2023-11-13 13:05:36,17,19,3818,10162
2023-11-13 13:05:38,17,20,3818,10162
2023-11-13 13:05:49,17,19,3818,10162
2023-11-13 13:05:51,16,19,3818,10162
2023-11-13 13:06:15,16,18,3818,10162
2023-11-13 13:06:17,15,18,3818,10362
2023-11-13 13:06:18,15,17,3818,10362
2023-11-13 13:06:44,15,18,3818,10362
2023-11-13 13:06:44,15,17,3818,10362
2023-11-13 13:07:02,15,16,3818,10362
2023-11-13 13:07:04,15,17,3818,10362
2023-11-13 13:07:04,15,16,3818,10362
2023-11-13 13:07:05,15,17,3818,10362
2023-11-13 13:07:17,15,16,3818,10362
2023-11-13 13:07:18,15,17,3818,10362
2023-11-13 13:07:29,15,18,3818,10362
2023-11-13 13:07:29,15,17,3818,10362
2023-11-13 13:07:35,15,18,3818,10362
2023-11-13 13:07:36,15,17,3818,10362
2023-11-13 13:07:37,15,18,3818,10362
2023-11-13 13:07:39,15,17,3818,10362
2023-11-13 13:07:41,15,18,3818,10362
2023-11-13 13:08:01,15,18,3818,10475
2023-11-13 13:08:05,15,17,3818,10475
2023-11-13 13:08:06,15,18,3818,10475
2023-11-13 13:08:06,15,17,3818,10475
2023-11-13 13:08:07,15,18,3818,10475
2023-11-13 13:08:07,15,17,3818,10475
2023-11-13 13:08:25,15,18,3818,10475
2023-11-13 13:08:26,15,17,3818,10475
2023-11-13 13:08:43,14,17,3818,10475
2023-11-13 13:08:50,14,16,3818,10475
2023-11-13 13:08:56,14,17,3818,10475
2023-11-13 13:08:56,14,16,3818,10475
2023-11-13 13:08:58,14,17,3818,10475
2023-11-13 13:08:59,14,16,3818,10475
2023-11-13 13:09:00,14,17,3818,10475
2023-11-13 13:09:02,14,16,3818,10475
2023-11-13 13:09:06,14,17,3818,10475
2023-11-13 13:09:11,14,16,3818,10475
2023-11-13 13:09:30,14,16,3918,10575
2023-11-13 13:09:38,14,17,3918,10575
2023-11-13 13:09:39,14,16,3918,10575
2023-11-13 13:09:45,14,17,3918,10575
2023-11-13 13:09:45,14,16,3918,10575
2023-11-13 13:10:19,14,15,3918,10575
2023-11-13 13:10:21,14,16,3918,10575
2023-11-13 13:10:21,14,15,3918,10575
2023-11-13 13:10:27,14,16,3918,10575
2023-11-13 13:10:28,14,15,3918,10575
2023-11-13 13:10:32,14,16,3918,10575
2023-11-13 13:10:33,14,15,3918,10575
2023-11-13 13:10:51,14,16,3918,10575
2023-11-13 13:10:52,14,15,3918,10575
2023-11-13 13:11:02,14,16,3918,10575
2023-11-13 13:11:03,14,15,3918,10575
2023-11-13 13:11:07,13,15,3918,10575
2023-11-13 13:12:49,13,16,3918,10575
2023-11-13 13:12:49,13,15,3918,10575
2023-11-13 13:12:53,13,16,3918,10575
2023-11-13 13:12:55,13,17,3918,10575
2023-11-13 13:13:02,13,16,3918,10575
2023-11-13 13:13:05,13,17,3918,10575
2023-11-13 13:13:06,13,16,3918,10575
2023-11-13 13:13:07,14,16,3918,10575
2023-11-13 13:13:07,14,17,3918,10575
2023-11-13 13:13:10,14,18,3918,10575
2023-11-13 13:13:25,14,17,3918,10575
2023-11-13 13:13:30,14,18,3918,10575
2023-11-13 13:13:31,14,17,3918,10575
2023-11-13 13:13:32,15,17,3918,10575
2023-11-13 13:13:41,15,18,3918,10575
2023-11-13 13:14:03,15,17,3918,10575
2023-11-13 13:14:05,15,18,3918,10575
2023-11-13 13:14:18,15,19,3918,10575
2023-11-13 13:14:23,16,19,3918,10575
2023-11-13 13:14:47,17,19,3918,10575
2023-11-13 13:14:48,17,20,3918,10575
2023-11-13 13:15:00,16,20,3918,10575
2023-11-13 13:15:08,16,19,3918,10575
2023-11-13 13:15:10,16,20,3918,10575
2023-11-13 13:15:24,17,20,3918,10575
2023-11-13 13:15:50,18,20,3918,10575
2023-11-13 13:15:50,17,20,3918,10575
2023-11-13 13:15:51,18,20,3918,10575
2023-11-13 13:15:52,17,20,3918,10575
2023-11-13 13:16:08,18,20,3918,10575
2023-11-13 13:16:24,18,21,3919,10576
2023-11-13 13:16:25,18,21,3919,10826
2023-11-13 13:16:26,19,21,3919,10826
2023-11-13 13:16:29,18,21,3919,10826
2023-11-13 13:17:05,18,21,3919,10826
2023-11-13 13:17:28,19,21,3919,10826
2023-11-13 13:17:54,20,21,3919,10826
2023-11-13 13:17:56,20,21,3919,10926
2023-11-13 13:18:10,20,22,3920,10927
2023-11-13 13:18:37,20,22,3920,11040
2023-11-13 13:19:09,21,22,3920,11040
2023-11-13 13:19:12,20,22,3920,11040
2023-11-13 13:19:14,21,22,3920,11040
2023-11-13 13:19:51,20,22,3920,11040
2023-11-13 13:20:15,19,22,3920,11040
2023-11-13 13:20:16,19,21,3920,11040
2023-11-13 13:20:17,18,21,3920,11040
2023-11-13 13:20:26,18,20,3920,11040
2023-11-13 13:20:29,18,21,3920,11040
2023-11-13 13:20:41,18,20,3920,11040
2023-11-13 13:20:43,18,21,3920,11040
2023-11-13 13:20:44,18,20,3920,11040
2023-11-13 13:20:45,18,21,3920,11040
2023-11-13 13:20:45,18,20,3920,11040
2023-11-13 13:20:46,18,21,3920,11040
2023-11-13 13:20:54,19,21,3920,11040
2023-11-13 13:20:54,19,22,3920,11040
2023-11-13 13:21:09,18,22,3920,11040
2023-11-13 13:21:09,18,21,3920,11040
2023-11-13 13:21:25,18,20,3920,11040
2023-11-13 13:21:26,18,21,3920,11040
2023-11-13 13:21:26,18,22,3920,11040
2023-11-13 13:21:26,18,21,3920,11040
2023-11-13 13:21:26,18,20,3920,11040
2023-11-13 13:21:26,18,21,3920,11040
2023-11-13 13:21:26,18,20,3920,11040
2023-11-13 13:21:28,18,22,3920,11040
2023-11-13 13:21:28,18,21,3920,11040
2023-11-13 13:21:28,18,20,3920,11040
2023-11-13 13:21:30,18,21,3920,11040
2023-11-13 13:21:30,18,22,3920,11040
2023-11-13 13:21:30,18,21,3920,11040
2023-11-13 13:21:30,18,20,3920,11040
2023-11-13 13:22:03,17,20,3920,11040
2023-11-13 13:22:07,17,19,3920,11040
2023-11-13 13:22:09,16,19,3920,11040
2023-11-13 13:22:13,16,18,3920,11040
2023-11-13 13:22:19,15,18,3920,11040
2023-11-13 13:22:21,15,17,3920,11040
2023-11-13 13:22:29,14,17,3920,11040
2023-11-13 13:22:30,14,16,3920,11040
2023-11-13 13:22:32,13,16,3920,11240
2023-11-13 13:22:36,13,15,3920,11240
2023-11-13 13:22:38,13,16,3920,11240
2023-11-13 13:22:41,13,15,3920,11240
2023-11-13 13:22:54,13,14,3920,11240
2023-11-13 13:22:54,13,15,3920,11240
2023-11-13 13:23:04,13,16,3920,11240
2023-11-13 13:23:14,13,16,4050,11370
2023-11-13 13:23:15,14,16,4050,11370
2023-11-13 13:23:17,14,17,4050,11370
2023-11-13 13:23:18,15,17,4050,11370
2023-11-13 13:23:22,15,18,4050,11370
2023-11-13 13:23:24,16,18,4050,11370
2023-11-13 13:23:43,16,19,4050,11370
2023-11-13 13:23:43,15,19,4050,11370
2023-11-13 13:23:43,17,19,4050,11370
2023-11-13 13:23:44,16,19,4050,11370
2023-11-13 13:23:44,18,19,4050,11370
2023-11-13 13:23:48,18,19,4050,11490
2023-11-13 13:23:49,18,20,4050,11490
2023-11-13 13:23:58,18,19,4050,11490
2023-11-13 13:24:01,18,20,4050,11490
2023-11-13 13:24:23,17,20,4050,11490
2023-11-13 13:24:23,19,20,4050,11490
2023-11-13 13:24:29,19,21,4051,11691
2023-11-13 13:24:59,19,20,4051,11691
2023-11-13 13:25:11,19,21,4051,11691
2023-11-13 13:25:11,19,20,4051,11691
2023-11-13 13:25:12,17,20,4051,11691
2023-11-13 13:25:12,18,20,4051,11691
2023-11-13 13:25:20,17,20,4051,11691
2023-11-13 13:25:20,18,20,4051,11691
2023-11-13 13:25:20,19,20,4051,11691
2023-11-13 13:25:27,19,21,4051,11691
2023-11-13 13:25:29,19,20,4051,11691
2023-11-13 13:25:31,19,21,4051,11691
2023-11-13 13:25:32,19,20,4051,11691
2023-11-13 13:25:33,19,21,4051,11691
2023-11-13 13:25:35,19,20,4051,11691
2023-11-13 13:25:37,19,21,4051,11691
2023-11-13 13:25:37,19,20,4051,11691
2023-11-13 13:25:48,17,20,4051,11691
2023-11-13 13:25:48,18,20,4051,11691
2023-11-13 13:25:52,17,20,4051,11691
2023-11-13 13:25:57,17,19,4051,11691
2023-11-13 13:26:00,15,19,4051,11691
2023-11-13 13:26:00,16,19,4051,11691
2023-11-13 13:26:02,16,18,4051,11691
2023-11-13 13:26:09,15,18,4051,11691
2023-11-13 13:26:10,15,17,4051,11691
2023-11-13 13:26:11,14,17,4051,11691
2023-11-13 13:26:28,14,18,4051,11691
2023-11-13 13:26:28,15,18,4051,11691
2023-11-13 13:26:32,15,17,4051,11691
2023-11-13 13:26:45,15,18,4051,11691
2023-11-13 13:26:45,15,17,4051,11691
2023-11-13 13:26:53,15,16,4051,11691
2023-11-13 13:26:56,15,18,4051,11691
2023-11-13 13:26:56,15,17,4051,11691
2023-11-13 13:26:56,15,16,4051,11691
2023-11-13 13:26:56,15,17,4051,11691
2023-11-13 13:26:56,15,16,4051,11691
2023-11-13 13:26:58,15,17,4051,11691
2023-11-13 13:27:01,15,16,4051,11691
2023-11-13 13:27:06,15,17,4051,11691
2023-11-13 13:27:07,15,16,4051,11691
2023-11-13 13:27:13,15,17,4051,11691
2023-11-13 13:27:16,16,17,4051,11691
2023-11-13 13:27:29,15,17,4051,11691
2023-11-13 13:27:36,15,18,4051,11691
2023-11-13 13:27:36,15,17,4051,11691
2023-11-13 13:27:44,15,18,4051,11691
2023-11-13 13:27:44,15,17,4051,11691
2023-11-13 13:27:52,14,17,4051,11691
2023-11-13 13:27:53,14,16,4051,11691
2023-11-13 13:28:11,14,17,4051,11691
2023-11-13 13:28:11,14,16,4051,11691
2023-11-13 13:28:15,14,15,4051,11691
2023-11-13 13:28:17,14,16,4051,11691
2023-11-13 13:28:17,14,17,4051,11691
2023-11-13 13:28:17,14,15,4051,11691
2023-11-13 13:28:17,14,16,4051,11691
2023-11-13 13:28:17,14,15,4051,11691
2023-11-13 13:28:20,14,17,4051,11691
2023-11-13 13:28:20,14,16,4051,11691
2023-11-13 13:28:20,14,15,4051,11691
2023-11-13 13:28:20,14,16,4051,11691
2023-11-13 13:28:20,14,15,4051,11691
2023-11-13 13:28:36,14,16,4051,11691
2023-11-13 13:28:36,14,17,4051,11691
2023-11-13 13:28:40,14,16,4051,11691
2023-11-13 13:28:40,13,16,4051,11691
2023-11-13 13:28:50,14,16,4051,11691
2023-11-13 13:28:51,14,17,4051,11691
2023-11-13 13:28:56,14,16,4051,11691
2023-11-13 13:29:01,13,17,4051,11691
2023-11-13 13:29:01,14,17,4051,11691
2023-11-13 13:29:03,13,17,4051,11691
2023-11-13 13:29:03,13,16,4051,11691
2023-11-13 13:29:07,13,17,4051,11691
2023-11-13 13:29:07,14,17,4051,11691
2023-11-13 13:29:09,13,17,4051,11691
2023-11-13 13:29:46,13,15,4051,11691
2023-11-13 13:29:47,13,15,4172,11812
2023-11-13 13:30:00,13,15,4289,11929
2023-11-13 13:30:02,13,14,4289,11929
2023-11-13 13:30:02,12,14,4289,11929
2023-11-13 13:30:05,11,14,4289,12129
2023-11-13 13:30:06,11,13,4289,12129
2023-11-13 13:30:08,11,14,4289,12129
2023-11-13 13:30:12,12,14,4289,12129
2023-11-13 13:30:18,12,13,4289,12129
2023-11-13 13:30:18,11,13,4289,12129
2023-11-13 13:30:25,10,13,4289,12129
2023-11-13 13:30:42,10,13,4289,12229
2023-11-13 13:30:43,10,12,4289,12229
2023-11-13 13:31:21,11,12,4289,12229
2023-11-13 13:31:38,10,12,4289,12229
2023-11-13 13:31:49,11,12,4289,12229
2023-11-13 13:32:09,10,12,4289,12229
2023-11-13 13:32:34,11,12,4289,12229
2023-11-13 13:33:07,10,12,4289,12229
2023-11-13 13:33:38,11,12,4289,12229
2023-11-13 13:33:58,10,12,4279,12239
2023-11-13 13:34:41,10,11,4279,12239
2023-11-13 13:34:42,9,11,4279,12239
2023-11-13 13:35:19,9,12,4279,12239
2023-11-13 13:35:21,10,12,4279,12239
2023-11-13 13:35:22,9,12,4279,12239
2023-11-13 13:35:32,10,12,4279,12239
2023-11-13 13:35:36,9,12,4279,12239
2023-11-13 13:35:37,10,12,4279,12239
2023-11-13 13:35:41,9,12,4279,12239
2023-11-13 13:35:41,10,12,4279,12239
2023-11-13 13:35:42,9,12,4279,12239
2023-11-13 13:35:45,10,12,4279,12239
2023-11-13 13:35:47,9,12,4279,12239
2023-11-13 13:35:47,10,12,4279,12239
2023-11-13 13:35:51,9,12,4279,12239
2023-11-13 13:35:52,10,12,4279,12239
2023-11-13 13:36:49,11,12,4279,12239
2023-11-13 13:36:54,10,12,4279,12239
2023-11-13 13:36:54,11,12,4279,12239
2023-11-13 13:36:59,10,12,4279,12239
2023-11-13 13:36:59,11,12,4279,12239
2023-11-13 13:37:00,10,12,4279,12239
2023-11-13 13:37:25,11,12,4279,12239
2023-11-13 13:37:36,11,14,4279,12239
2023-11-13 13:37:58,11,15,4279,12239
2023-11-13 13:37:59,12,15,4279,12239
2023-11-13 13:38:21,13,15,4279,12239
2023-11-13 13:38:25,12,15,4279,12239
2023-11-13 13:38:25,13,15,4279,12239
2023-11-13 13:38:28,13,16,4279,12239
2023-11-13 13:38:40,13,15,4279,12239
2023-11-13 13:38:40,12,15,4279,12239
2023-11-13 13:38:40,13,15,4279,12239
2023-11-13 13:38:44,13,16,4279,12239
2023-11-13 13:38:49,13,15,4279,12239
2023-11-13 13:38:50,13,16,4279,12239
2023-11-13 13:38:59,14,16,4279,12239
2023-11-13 13:39:19,13,16,4279,12239
2023-11-13 13:39:19,14,16,4279,12239
2023-11-13 13:39:22,13,16,4279,12239
2023-11-13 13:39:23,14,16,4279,12239
2023-11-13 13:39:27,13,16,4279,12239
2023-11-13 13:39:27,14,16,4279,12239
2023-11-13 13:39:39,13,16,4279,12239
2023-11-13 13:39:39,14,16,4279,12239
2023-11-13 13:39:44,14,17,4279,12239
2023-11-13 13:40:08,15,17,4279,12239
2023-11-13 13:40:15,14,17,4279,12239
2023-11-13 13:40:15,15,17,4279,12239
2023-11-13 13:40:31,14,17,4279,12239
2023-11-13 13:40:34,14,16,4279,12239
2023-11-13 13:40:52,13,16,4279,12239
2023-11-13 13:40:52,14,16,4279,12239
2023-11-13 13:40:57,15,16,4279,12239
2023-11-13 13:40:58,14,16,4279,12239
2023-11-13 13:41:01,14,17,4279,12239
2023-11-13 13:41:01,13,17,4279,12239
2023-11-13 13:41:01,15,17,4279,12239
2023-11-13 13:41:01,14,17,4279,12239
2023-11-13 13:41:01,15,17,4279,12239
2023-11-13 13:41:09,14,17,4279,12239
2023-11-13 13:41:11,15,17,4279,12239
2023-11-13 13:41:31,15,18,4279,12239
2023-11-13 13:41:33,16,18,4279,12239
2023-11-13 13:41:34,15,18,4279,12239
2023-11-13 13:41:34,16,18,4279,12239
2023-11-13 13:41:43,16,19,4280,12440
2023-11-13 13:41:51,17,19,4280,12440
2023-11-13 13:42:01,18,19,4280,12440
2023-11-13 13:42:03,17,19,4280,12440
2023-11-13 13:42:04,18,19,4280,12440
2023-11-13 13:42:04,17,19,4280,12440
2023-11-13 13:42:06,18,19,4280,12440
2023-11-13 13:42:06,17,19,4280,12440
2023-11-13 13:42:09,17,19,4180,12540
2023-11-13 13:42:12,18,19,4180,12540
2023-11-13 13:42:14,18,20,4181,12741
2023-11-13 13:42:17,18,21,4182,12942
2023-11-13 13:42:18,19,21,4182,12942
2023-11-13 13:42:20,20,21,4182,12942
2023-11-13 13:42:34,19,21,4182,12942
2023-11-13 13:42:43,20,21,4182,12942
2023-11-13 13:42:57,21,22,4183,12943
2023-11-13 13:43:30,21,23,4184,12944
2023-11-13 13:43:38,22,23,4184,12944
2023-11-13 13:43:39,21,23,4184,12944
2023-11-13 13:43:40,22,23,4184,12944
2023-11-13 13:43:42,21,23,4184,12944
2023-11-13 13:43:43,22,23,4184,12944
2023-11-13 13:43:44,21,23,4184,12944
2023-11-13 13:43:48,22,23,4184,12944
2023-11-13 13:44:04,23,24,4184,12945
2023-11-13 13:44:05,22,24,4184,12945
2023-11-13 13:44:07,23,24,4184,12945
2023-11-13 13:44:10,22,24,4184,12945
2023-11-13 13:44:11,23,24,4184,12945
2023-11-13 13:44:28,22,24,4184,12945
2023-11-13 13:44:33,21,24,4184,12945
2023-11-13 13:44:37,22,24,4184,12945
2023-11-13 13:44:40,21,24,4184,12945
2023-11-13 13:44:41,22,24,4184,12945
2023-11-13 13:44:42,21,24,4184,12945
2023-11-13 13:44:49,22,24,4184,12945
2023-11-13 13:44:59,23,24,4184,12945
2023-11-13 13:45:00,22,24,4184,12945
2023-11-13 13:45:01,23,24,4184,12945
2023-11-13 13:45:04,24,25,4185,12946
2023-11-13 13:45:05,24,26,4186,12947
2023-11-13 13:45:18,24,27,4187,12948
2023-11-13 13:45:19,25,27,4187,12948
2023-11-13 13:45:20,25,27,4341,13198
2023-11-13 13:45:21,26,27,4341,13198
2023-11-13 13:45:21,26,28,4341,13198
2023-11-13 13:45:22,25,28,4341,13198
2023-11-13 13:45:46,25,27,4341,13198
2023-11-13 13:45:47,26,27,4341,13198
2023-11-13 13:45:47,26,28,4341,13198
2023-11-13 13:45:50,25,28,4341,13198
2023-11-13 13:45:55,26,28,4341,13198
2023-11-13 13:46:30,25,28,4341,13198
2023-11-13 13:46:40,26,28,4341,13198
2023-11-13 13:46:45,25,28,4341,13198
2023-11-13 13:46:48,26,28,4341,13198
2023-11-13 13:46:52,25,28,4341,13198
2023-11-13 13:46:59,26,28,4341,13198
2023-11-13 13:47:04,25,28,4341,13198
2023-11-13 13:47:08,26,28,4341,13198
2023-11-13 13:47:09,25,28,4341,13198
2023-11-13 13:47:10,26,28,4341,13198
2023-11-13 13:47:11,25,28,4341,13198
2023-11-13 13:47:18,26,28,4341,13198
2023-11-13 13:47:19,25,28,4341,13198
2023-11-13 13:47:20,26,28,4341,13198
2023-11-13 13:47:23,25,28,4341,13198
2023-11-13 13:47:38,25,27,4341,13198
2023-11-13 13:47:39,25,28,4341,13198
2023-11-13 13:47:52,26,28,4341,13198
2023-11-13 13:48:07,27,28,4341,13198
2023-11-13 13:48:09,27,29,4343,13200
2023-11-13 13:48:16,28,29,4343,13200
2023-11-13 13:48:33,29,30,4343,13201
2023-11-13 13:48:39,28,30,4343,13201
2023-11-13 13:48:49,27,30,4343,13201
2023-11-13 13:49:03,28,30,4343,13201
2023-11-13 13:49:29,28,31,4345,13203
2023-11-13 13:49:37,28,30,4345,13203
2023-11-13 13:49:39,28,31,4345,13203
2023-11-13 13:49:41,27,31,4345,13203
2023-11-13 13:49:43,26,31,4345,13203
2023-11-13 13:49:43,26,30,4345,13203
2023-11-13 13:49:43,26,29,4345,13203
2023-11-13 13:49:51,26,30,4345,13203
2023-11-13 13:50:02,26,31,4345,13203
2023-11-13 13:50:03,26,30,4345,13203
2023-11-13 13:50:05,26,29,4345,13203
2023-11-13 13:50:08,26,28,4345,13203
2023-11-13 13:50:09,26,29,4345,13203
2023-11-13 13:50:13,27,29,4345,13203
2023-11-13 13:50:14,26,29,4345,13203
2023-11-13 13:50:16,26,28,4345,13203
2023-11-13 13:50:21,26,29,4345,13203
2023-11-13 13:50:26,27,29,4345,13203
2023-11-13 13:50:26,27,30,4345,13203
2023-11-13 13:50:26,27,31,4345,13203
2023-11-13 13:50:26,27,30,4345,13203
2023-11-13 13:50:27,27,31,4345,13203
2023-11-13 13:50:41,28,31,4345,13203
2023-11-13 13:51:07,27,31,4345,13203
2023-11-13 13:51:11,26,31,4345,13203
2023-11-13 13:51:31,26,30,4345,13203
2023-11-13 13:51:32,26,29,4345,13203
2023-11-13 13:51:34,25,29,4345,13203
2023-11-13 13:51:39,26,29,4345,13203
2023-11-13 13:51:39,26,30,4345,13203
2023-11-13 13:51:39,26,30,4345,13203
2023-11-13 13:51:45,26,29,4345,13203
2023-11-13 13:52:03,26,28,4345,13203
2023-11-13 13:52:05,26,29,4345,13203
2023-11-13 13:52:05,26,28,4345,13203
2023-11-13 13:52:05,26,29,4345,13203
2023-11-13 13:52:05,26,28,4345,13203
2023-11-13 13:52:10,26,30,4345,13203
2023-11-13 13:52:10,26,28,4345,13203
2023-11-13 13:52:10,26,29,4345,13203
2023-11-13 13:52:10,26,28,4345,13203
2023-11-13 13:52:14,25,28,4345,13203
2023-11-13 13:52:33,24,28,4345,13203
2023-11-13 13:52:48,24,28,4242,13333
2023-11-13 13:52:51,24,27,4242,13333
2023-11-13 13:52:57,24,28,4242,13333
2023-11-13 13:52:58,24,27,4242,13333
2023-11-13 13:53:00,24,28,4242,13333
2023-11-13 13:53:01,24,27,4242,13333
2023-11-13 13:53:02,23,27,4242,13333
2023-11-13 13:53:02,23,26,4242,13333
2023-11-13 13:53:02,24,26,4242,13333
2023-11-13 13:53:03,23,26,4242,13333
2023-11-13 13:53:06,22,26,4242,13333
2023-11-13 13:53:16,23,26,4242,13333
2023-11-13 13:53:24,22,26,4242,13333
2023-11-13 13:53:28,22,25,4242,13333
2023-11-13 13:53:43,22,26,4242,13333
2023-11-13 13:53:46,22,25,4242,13333
2023-11-13 13:53:46,22,26,4242,13333
2023-11-13 13:53:46,22,25,4242,13333
2023-11-13 13:54:13,22,26,4242,13333
2023-11-13 13:54:13,22,25,4242,13333
2023-11-13 13:54:30,22,24,4242,13333
2023-11-13 13:54:33,22,25,4242,13333
2023-11-13 13:54:37,22,24,4242,13333
2023-11-13 13:54:46,22,25,4242,13333
2023-11-13 13:54:46,22,24,4242,13333
2023-11-13 13:54:49,21,24,4242,13333
2023-11-13 13:55:12,21,23,4242,13333
2023-11-13 13:55:21,21,24,4242,13333
2023-11-13 13:55:21,21,23,4242,13333
2023-11-13 13:55:26,20,23,4242,13333
2023-11-13 13:55:35,20,24,4242,13333
2023-11-13 13:55:35,20,23,4242,13333
2023-11-13 13:55:43,20,24,4242,13333
2023-11-13 13:55:44,20,23,4242,13333
2023-11-13 13:55:58,20,24,4242,13333
2023-11-13 13:55:59,20,23,4242,13333
2023-11-13 13:56:04,21,23,4242,13333
2023-11-13 13:56:07,20,23,4242,13333
2023-11-13 13:56:15,19,23,4242,13333
2023-11-13 13:56:16,18,22,4242,13533
2023-11-13 13:56:17,18,21,4242,13533
2023-11-13 13:56:26,18,22,4242,13533
2023-11-13 13:56:40,18,21,4242,13533
2023-11-13 13:56:44,19,21,4242,13533
2023-11-13 13:56:51,18,21,4242,13533
2023-11-13 13:56:51,19,21,4242,13533
2023-11-13 13:56:55,18,21,4242,13533
2023-11-13 13:57:04,19,21,4242,13533
2023-11-13 13:57:09,18,21,4242,13533
2023-11-13 13:57:10,19,21,4242,13533
2023-11-13 13:57:15,19,20,4242,13533
2023-11-13 13:57:15,18,20,4242,13533
2023-11-13 13:57:54,19,20,4242,13533
2023-11-13 13:57:55,18,20,4242,13533
2023-11-13 13:58:10,19,20,4242,13533
2023-11-13 13:58:13,18,20,4242,13533
2023-11-13 13:58:14,19,20,4242,13533
2023-11-13 13:58:15,18,20,4242,13533
2023-11-13 13:59:02,18,19,4242,13533
2023-11-13 13:59:02,17,19,4242,13533
2023-11-13 13:59:13,16,19,4242,13533
2023-11-13 13:59:16,16,19,4242,13533
2023-11-13 13:59:30,16,18,4242,13533
2023-11-13 14:00:10,16,19,4242,13533
2023-11-13 14:00:14,17,19,4242,13533
2023-11-13 14:00:14,16,19,4242,13533
2023-11-13 14:00:14,17,19,4242,13533
2023-11-13 14:00:16,16,19,4242,13533
2023-11-13 14:00:16,17,19,4242,13533
2023-11-13 14:00:20,16,19,4242,13533
2023-11-13 14:00:24,17,19,4242,13533
2023-11-13 14:00:26,16,19,4242,13533
2023-11-13 14:00:27,17,19,4242,13533
2023-11-13 14:00:29,16,19,4242,13533
2023-11-13 14:00:31,17,19,4242,13533
2023-11-13 14:00:32,16,19,4242,13533
2023-11-13 14:00:51,16,18,4242,13533
2023-11-13 14:00:54,15,18,4242,13533
2023-11-13 14:00:54,15,17,4242,13533
2023-11-13 14:00:58,14,17,4242,13533
2023-11-13 14:00:58,14,16,4242,13533
2023-11-13 14:01:01,14,17,4242,13533
2023-11-13 14:01:08,14,18,4242,13533
2023-11-13 14:01:13,15,18,4242,13533
2023-11-13 14:01:15,14,18,4242,13533
2023-11-13 14:01:17,15,18,4242,13533
2023-11-13 14:01:18,14,18,4242,13533
2023-11-13 14:01:22,14,17,4242,13533
2023-11-13 14:01:27,14,18,4242,13533
2023-11-13 14:01:31,15,18,4242,13533
2023-11-13 14:01:45,16,18,4242,13533
2023-11-13 14:01:45,16,19,4242,13533
2023-11-13 14:01:52,15,19,4242,13533
2023-11-13 14:01:55,16,19,4242,13533
2023-11-13 14:02:05,16,18,4242,13533
2023-11-13 14:02:05,15,18,4242,13533
2023-11-13 14:02:06,16,18,4242,13533
2023-11-13 14:02:17,15,18,4242,13533
2023-11-13 14:02:27,16,18,4242,13533
2023-11-13 14:02:44,16,19,4242,13533
2023-11-13 14:03:09,17,19,4242,13533
2023-11-13 14:03:11,16,19,4242,13533
2023-11-13 14:03:12,17,19,4242,13533
2023-11-13 14:03:14,16,19,4242,13533
2023-11-13 14:03:16,15,19,4242,13533
2023-11-13 14:03:23,16,19,4242,13533
2023-11-13 14:03:46,17,19,4242,13533
2023-11-13 14:03:50,16,19,4242,13533
2023-11-13 14:03:50,17,19,4242,13533
2023-11-13 14:03:56,17,20,4242,13533
2023-11-13 14:04:04,18,20,4242,13533
2023-11-13 14:04:06,17,20,4242,13533
2023-11-13 14:04:06,18,20,4242,13533
2023-11-13 14:04:07,17,20,4242,13533
2023-11-13 14:04:07,18,20,4242,13533
2023-11-13 14:04:15,18,21,4242,13533
2023-11-13 14:04:19,17,21,4242,13533
2023-11-13 14:04:20,18,21,4242,13533
2023-11-13 14:04:31,17,21,4242,13533
2023-11-13 14:04:31,18,21,4242,13533
2023-11-13 14:04:32,18,20,4242,13533
2023-11-13 14:04:34,17,20,4242,13533
2023-11-13 14:04:42,17,20,4242,13533
2023-11-13 14:04:51,16,20,4242,13533
2023-11-13 14:04:51,17,20,4242,13533
2023-11-13 14:04:53,16,20,4242,13533
2023-11-13 14:04:53,17,20,4242,13533
2023-11-13 14:04:56,18,20,4242,13533
2023-11-13 14:04:57,17,20,4242,13533
2023-11-13 14:04:57,18,20,4242,13533
2023-11-13 14:05:11,16,20,4242,13533
2023-11-13 14:05:11,17,20,4242,13533
2023-11-13 14:05:11,18,20,4242,13533
2023-11-13 14:05:11,17,20,4242,13533
2023-11-13 14:05:11,18,20,4242,13533
2023-11-13 14:05:14,16,20,4242,13533
2023-11-13 14:05:15,17,20,4242,13533
2023-11-13 14:05:15,18,20,4242,13533
2023-11-13 14:05:17,17,20,4242,13533
2023-11-13 14:05:20,17,19,4242,13533
2023-11-13 14:05:21,15,19,4242,13533
2023-11-13 14:05:21,16,19,4242,13533
2023-11-13 14:05:22,16,18,4242,13533
2023-11-13 14:05:22,14,18,4242,13533
2023-11-13 14:05:32,14,17,4242,13533
2023-11-13 14:05:33,14,18,4242,13533
2023-11-13 14:05:46,14,17,4242,13533
2023-11-13 14:05:47,15,17,4242,13533
2023-11-13 14:05:49,15,18,4242,13533
2023-11-13 14:05:52,14,18,4242,13533
2023-11-13 14:05:52,15,18,4242,13533
2023-11-13 14:05:58,16,18,4242,13533
2023-11-13 14:06:04,16,19,4242,13533
2023-11-13 14:06:05,16,18,4242,13533
2023-11-13 14:06:05,15,18,4242,13533
2023-11-13 14:06:11,16,18,4242,13533
2023-11-13 14:06:13,16,19,4242,13533
2023-11-13 14:06:15,15,19,4242,13533
2023-11-13 14:06:16,16,19,4242,13533
2023-11-13 14:06:17,15,19,4242,13533
2023-11-13 14:06:19,16,19,4242,13533
2023-11-13 14:06:20,15,19,4242,13533
2023-11-13 14:06:32,16,19,4242,13533
2023-11-13 14:06:33,15,19,4242,13533
2023-11-13 14:06:34,16,19,4242,13533
2023-11-13 14:06:35,16,18,4242,13533
2023-11-13 14:06:46,15,18,4242,13533
2023-11-13 14:06:46,16,18,4242,13533
2023-11-13 14:07:00,17,18,4242,13533
2023-11-13 14:07:02,17,19,4242,13533
2023-11-13 14:07:02,16,19,4242,13533
2023-11-13 14:07:02,15,19,4242,13533
2023-11-13 14:07:02,16,19,4242,13533
2023-11-13 14:07:02,17,19,4242,13533
2023-11-13 14:07:06,16,19,4242,13533
2023-11-13 14:07:08,17,19,4242,13533
2023-11-13 14:07:10,16,19,4242,13533
2023-11-13 14:07:16,15,19,4242,13533
2023-11-13 14:07:16,16,19,4242,13533
2023-11-13 14:07:17,17,19,4242,13533
2023-11-13 14:07:21,17,20,4242,13533
2023-11-13 14:07:42,17,19,4242,13533
2023-11-13 14:07:42,15,19,4242,13533
2023-11-13 14:07:42,16,19,4242,13533
2023-11-13 14:07:42,17,19,4242,13533
2023-11-13 14:07:43,16,19,4242,13533
2023-11-13 14:07:44,16,19,4242,13533
2023-11-13 14:07:55,15,19,4242,13533
2023-11-13 14:08:01,16,19,4242,13533
2023-11-13 14:08:11,17,19,4242,13533
2023-11-13 14:08:14,17,20,4242,13533
2023-11-13 14:08:19,16,20,4242,13533
2023-11-13 14:08:22,17,20,4242,13533
2023-11-13 14:08:27,16,20,4242,13533
2023-11-13 14:08:33,17,20,4242,13533
2023-11-13 14:08:38,17,21,4242,13533
2023-11-13 14:08:41,18,21,4242,13533
2023-11-13 14:08:42,17,21,4242,13533
2023-11-13 14:08:43,18,21,4242,13533
2023-11-13 14:08:49,17,21,4242,13533
2023-11-13 14:08:49,18,21,4242,13533
2023-11-13 14:08:51,17,21,4242,13533
2023-11-13 14:08:51,18,21,4242,13533
2023-11-13 14:09:00,19,21,4242,13533
2023-11-13 14:09:03,21,22,4311,13602
2023-11-13 14:09:03,21,22,4371,13662
2023-11-13 14:09:05,18,22,4387,13678
2023-11-13 14:09:12,19,22,4387,13678
2023-11-13 14:09:20,18,22,4387,13678
2023-11-13 14:09:20,19,22,4387,13678
2023-11-13 14:09:21,18,22,4387,13678
2023-11-13 14:09:21,19,22,4387,13678
2023-11-13 14:09:32,19,23,4387,13678
2023-11-13 14:09:41,20,23,4387,13678
2023-11-13 14:09:42,19,23,4387,13678
2023-11-13 14:09:45,20,23,4387,13678
2023-11-13 14:09:50,19,23,4387,13678
2023-11-13 14:09:50,20,23,4387,13678
2023-11-13 14:09:52,20,22,4387,13678
2023-11-13 14:09:54,19,22,4387,13678
2023-11-13 14:09:57,18,22,4387,13678
2023-11-13 14:09:59,18,21,4387,13678
2023-11-13 14:10:04,17,21,4387,13678
2023-11-13 14:10:07,18,21,4387,13678
2023-11-13 14:10:17,17,21,4387,13678
2023-11-13 14:10:17,18,21,4387,13678
2023-11-13 14:10:18,17,21,4387,13678
2023-11-13 14:10:22,18,21,4387,13678
2023-11-13 14:10:23,18,20,4387,13678
2023-11-13 14:10:23,16,20,4387,13678
2023-11-13 14:10:24,16,19,4387,13678
2023-11-13 14:10:26,15,19,4387,13678
2023-11-13 14:10:27,16,19,4387,13678
2023-11-13 14:10:28,16,20,4387,13678
2023-11-13 14:10:33,17,20,4387,13678
2023-11-13 14:10:33,17,21,4387,13678
2023-11-13 14:10:42,17,20,4387,13678
2023-11-13 14:10:55,17,19,4387,13678
2023-11-13 14:10:56,16,19,4387,13678
2023-11-13 14:10:59,15,19,4387,13678
2023-11-13 14:11:12,16,19,4387,13678
2023-11-13 14:11:19,17,19,4387,13678
2023-11-13 14:11:21,16,19,4387,13678
2023-11-13 14:11:21,17,19,4387,13678
2023-11-13 14:11:22,17,20,4387,13678
2023-11-13 14:11:23,17,19,4387,13678
2023-11-13 14:11:24,17,20,4387,13678
2023-11-13 14:11:32,16,20,4387,13678
2023-11-13 14:11:32,17,20,4387,13678
2023-11-13 14:11:36,17,20,4386,13679
2023-11-13 14:11:40,18,20,4386,13679
2023-11-13 14:11:41,17,20,4386,13679
2023-11-13 14:11:41,17,21,4386,13679
2023-11-13 14:11:47,18,21,4386,13679
2023-11-13 14:11:53,17,21,4386,13679
2023-11-13 14:11:54,17,22,4386,13679
2023-11-13 14:11:54,18,22,4386,13679
2023-11-13 14:12:00,18,21,4386,13679
2023-11-13 14:12:01,18,22,4386,13679
2023-11-13 14:12:06,19,22,4386,13679
2023-11-13 14:12:10,19,21,4386,13679
2023-11-13 14:12:10,18,21,4386,13679
2023-11-13 14:12:16,17,21,4386,13679
2023-11-13 14:12:16,18,21,4386,13679
2023-11-13 14:12:25,17,21,4386,13679
2023-11-13 14:12:25,18,21,4386,13679
2023-11-13 14:12:34,19,21,4386,13679
2023-11-13 14:12:41,18,21,4386,13679
2023-11-13 14:12:51,18,20,4386,13679
2023-11-13 14:12:51,16,20,4386,13679
2023-11-13 14:12:51,17,20,4386,13679
2023-11-13 14:12:52,16,20,4386,13679
2023-11-13 14:13:04,17,20,4386,13679
2023-11-13 14:13:05,17,21,4386,13679
2023-11-13 14:13:07,16,21,4386,13679
2023-11-13 14:13:07,17,21,4386,13679
2023-11-13 14:13:15,18,21,4386,13679
2023-11-13 14:13:18,17,21,4386,13679
2023-11-13 14:13:19,18,21,4386,13679
2023-11-13 14:13:21,18,20,4386,13679
2023-11-13 14:13:21,17,20,4386,13679
2023-11-13 14:13:23,18,20,4386,13679
2023-11-13 14:13:24,17,20,4386,13679
2023-11-13 14:13:26,18,20,4386,13679
2023-11-13 14:13:27,17,20,4386,13679
2023-11-13 14:13:27,18,20,4386,13679
2023-11-13 14:13:36,16,20,4386,13679
2023-11-13 14:13:36,16,21,4386,13679
2023-11-13 14:13:36,18,21,4386,13679
2023-11-13 14:13:36,18,20,4386,13679
2023-11-13 14:13:38,18,21,4386,13679
2023-11-13 14:13:42,18,22,4386,13679
2023-11-13 14:13:55,18,23,4386,13679
2023-11-13 14:13:56,19,23,4386,13679
2023-11-13 14:13:58,18,23,4386,13679
2023-11-13 14:13:59,19,23,4386,13679
2023-11-13 14:14:06,20,23,4386,13679
2023-11-13 14:14:10,19,23,4386,13679
2023-11-13 14:14:10,18,23,4386,13679
2023-11-13 14:14:10,19,23,4386,13679
2023-11-13 14:14:12,18,23,4386,13679
2023-11-13 14:14:12,19,23,4386,13679
2023-11-13 14:14:12,20,23,4386,13679
2023-11-13 14:14:12,19,23,4386,13679
2023-11-13 14:14:12,20,23,4386,13679
2023-11-13 14:14:16,18,23,4386,13679
2023-11-13 14:14:16,19,23,4386,13679
2023-11-13 14:14:16,20,23,4386,13679
2023-11-13 14:14:16,19,23,4386,13679
2023-11-13 14:14:16,20,23,4386,13679
2023-11-13 14:14:25,19,23,4386,13679
2023-11-13 14:14:25,20,23,4386,13679
2023-11-13 14:14:34,20,22,4386,13679
