datetime,bid,ask,open_interest,volume
2023-06-21 09:30:21,28,29,1464,1934
2023-06-21 09:30:21,26,29,1464,1934
2023-06-21 09:30:38,27,29,1464,1934
2023-06-21 09:30:55,26,29,1464,1934
2023-06-21 09:30:55,21,29,1464,1934
2023-06-21 09:31:00,27,29,1464,1934
2023-06-21 09:31:00,29,30,1584,2054
2023-06-21 09:31:00,29,30,1674,2454
2023-06-21 09:31:01,28,30,1874,2654
2023-06-21 09:31:03,27,30,1874,2654
2023-06-21 09:31:03,28,30,1874,2654
2023-06-21 09:31:07,28,29,1874,2654
2023-06-21 09:31:09,28,30,1874,2654
2023-06-21 09:31:09,27,30,1874,2704
2023-06-21 09:31:10,27,29,1874,2704
2023-06-21 09:31:10,28,29,1874,2704
2023-06-21 09:31:10,27,29,2224,3104
2023-06-21 09:31:12,27,30,2224,3104
2023-06-21 09:31:19,27,30,2624,3504
2023-06-21 09:31:20,27,29,2624,3504
2023-06-21 09:31:27,27,28,2624,3504
2023-06-21 09:31:28,26,28,2624,3554
2023-06-21 09:31:38,26,27,2624,3554
2023-06-21 09:31:40,25,26,2574,3604
2023-06-21 09:31:42,24,26,2624,3654
2023-06-21 09:31:43,23,26,2974,4004
2023-06-21 09:31:44,21,26,2974,4004
2023-06-21 09:31:46,22,26,2974,4004
2023-06-21 09:32:04,22,25,2974,4004
2023-06-21 09:32:05,21,25,2974,4004
2023-06-21 09:32:06,21,24,2974,4004
2023-06-21 09:32:22,21,25,2974,4004
2023-06-21 09:32:57,21,26,2974,4004
2023-06-21 09:33:12,21,27,2974,4004
2023-06-21 09:33:16,26,27,2974,4004
2023-06-21 09:33:16,26,27,2974,4104
2023-06-21 09:33:17,26,28,2974,4104
2023-06-21 09:33:20,26,28,2574,4504
2023-06-21 09:33:21,26,28,2374,4704
2023-06-21 09:33:24,26,28,1974,5104
2023-06-21 09:33:46,26,29,1724,5374
2023-06-21 09:34:00,26,29,1404,5774
2023-06-21 09:34:01,26,29,1484,6174
2023-06-21 09:34:02,27,29,1484,6174
2023-06-21 09:34:12,27,30,1484,6174
2023-06-21 09:34:14,27,29,1484,6174
2023-06-21 09:34:15,27,30,1484,6174
2023-06-21 09:34:16,28,30,1484,6174
2023-06-21 09:34:16,28,29,1484,6174
2023-06-21 09:34:17,27,29,1484,6224
2023-06-21 09:34:19,26,29,1374,6474
2023-06-21 09:34:23,27,29,1374,6474
2023-06-21 09:34:25,26,29,1374,6474
2023-06-21 09:34:26,26,28,1374,6474
2023-06-21 09:34:33,27,28,1374,6474
2023-06-21 09:34:34,26,28,1494,6774
2023-06-21 09:34:37,26,29,1494,6774
2023-06-21 09:34:37,26,29,1844,7174
2023-06-21 09:34:40,26,29,2244,7574
2023-06-21 09:34:42,26,28,2244,7574
2023-06-21 09:34:44,26,29,2244,7574
2023-06-21 09:34:45,28,29,2244,7574
2023-06-21 09:34:48,27,28,2244,7624
2023-06-21 09:34:49,27,29,2244,7624
2023-06-21 09:34:59,27,28,2244,7624
2023-06-21 09:35:04,26,28,2244,7624
2023-06-21 09:35:04,27,28,2244,7624
2023-06-21 09:35:07,27,29,2044,7824
2023-06-21 09:35:07,27,28,2044,7824
2023-06-21 09:35:56,27,28,1664,8224
2023-06-21 09:35:59,26,28,1664,8224
2023-06-21 09:35:59,26,27,1664,8224
2023-06-21 09:36:24,25,26,1644,8244
2023-06-21 09:36:29,25,27,1514,8374
2023-06-21 09:36:32,25,27,1464,8774
2023-06-21 09:36:53,25,27,1514,9174
2023-06-21 09:36:54,25,27,1914,9574
2023-06-21 09:36:55,25,26,1914,9574
2023-06-21 09:36:59,25,27,1914,9574
2023-06-21 09:37:13,25,26,1914,9574
2023-06-21 09:37:19,25,27,1914,9574
2023-06-21 09:37:22,24,27,1914,9574
2023-06-21 09:37:24,26,27,1914,9574
2023-06-21 09:37:25,25,27,2164,9824
2023-06-21 09:37:25,26,27,2164,9824
2023-06-21 09:37:33,25,27,2414,10074
2023-06-21 09:37:50,27,28,2434,10094
2023-06-21 09:38:23,25,28,2614,10274
2023-06-21 09:38:24,25,26,2614,10274
2023-06-21 09:38:33,25,28,2514,10374
2023-06-21 09:39:24,26,28,2514,10374
2023-06-21 09:39:24,26,27,2514,10374
2023-06-21 09:40:06,26,28,2514,10374
2023-06-21 09:40:06,26,27,2514,10374
2023-06-21 09:40:15,26,28,2264,10624
2023-06-21 09:40:29,27,28,2264,10624
2023-06-21 09:40:33,26,28,2274,10634
2023-06-21 09:40:40,26,27,2274,10634
2023-06-21 09:40:50,25,27,2474,10854
2023-06-21 09:41:05,26,27,2474,10854
2023-06-21 09:41:12,25,27,2674,11054
2023-06-21 09:41:53,25,27,2724,11104
2023-06-21 09:42:07,26,27,2724,11104
2023-06-21 09:42:10,26,28,2524,11314
2023-06-21 09:42:32,25,28,2774,11684
2023-06-21 09:43:07,27,28,2774,11684
2023-06-21 09:43:07,26,28,2974,11884
2023-06-21 09:43:08,27,28,2974,11884
2023-06-21 09:43:29,27,29,2674,12214
2023-06-21 09:43:38,27,28,2674,12214
2023-06-21 09:43:51,27,29,2674,12214
2023-06-21 09:44:08,28,29,2674,12214
2023-06-21 09:44:09,27,29,2874,12414
2023-06-21 09:44:29,27,29,2474,12814
2023-06-21 09:44:50,28,29,2474,12814
2023-06-21 09:44:51,27,29,2874,13214
2023-06-21 09:44:54,28,29,2874,13214
2023-06-21 09:45:04,27,29,2874,13214
2023-06-21 09:45:04,28,29,2874,13214
2023-06-21 09:45:04,28,29,2964,13304
2023-06-21 09:45:04,28,29,2974,13314
2023-06-21 09:45:14,28,29,3004,13514
2023-06-21 09:45:16,28,30,2924,13594
2023-06-21 09:45:23,29,30,2924,13594
2023-06-21 09:45:35,29,31,2954,13694
2023-06-21 09:45:49,30,31,2954,13694
2023-06-21 09:46:04,30,32,2954,13754
2023-06-21 09:46:05,31,32,2954,13754
2023-06-21 09:46:05,31,32,3054,13854
2023-06-21 09:46:05,31,32,3154,13954
2023-06-21 09:46:17,31,32,2754,14354
2023-06-21 09:47:01,31,33,2754,14354
2023-06-21 09:47:08,31,33,2704,14404
2023-06-21 09:47:11,31,32,2704,14404
2023-06-21 09:47:25,31,33,2704,14404
2023-06-21 09:47:34,31,33,2554,14554
2023-06-21 09:48:21,32,33,2554,14554
2023-06-21 09:49:22,31,33,2554,14554
2023-06-21 09:49:22,31,32,2554,14554
2023-06-21 09:49:36,32,33,2584,14584
2023-06-21 09:52:06,32,33,2584,14684
2023-06-21 09:52:52,32,33,2584,14734
2023-06-21 09:53:09,33,34,2614,14764
2023-06-21 09:53:10,33,34,2702,14852
2023-06-21 09:53:24,33,34,2984,15252
2023-06-21 09:53:55,32,33,2984,15254
2023-06-21 09:54:15,32,33,3184,15454
2023-06-21 09:54:20,32,33,3284,15554
2023-06-21 09:55:05,32,33,3313,15583
2023-06-21 09:55:21,33,34,3382,15652
2023-06-21 09:56:21,33,34,3282,15752
2023-06-21 09:57:21,33,34,3282,15802
2023-06-21 09:57:21,33,34,3322,15862
2023-06-21 09:57:21,33,34,3402,15942
2023-06-21 09:58:26,33,34,3402,15992
2023-06-21 09:59:08,33,34,3427,16017
2023-06-21 09:59:14,33,34,3427,16067
2023-06-21 09:59:48,33,34,3477,16117
2023-06-21 10:00:52,33,34,3491,16227
2023-06-21 10:01:11,33,34,3491,16427
2023-06-21 10:01:34,32,33,3491,16430
2023-06-21 10:02:04,32,34,3491,16430
2023-06-21 10:02:04,32,33,3491,16430
2023-06-21 10:02:16,32,33,3591,16530
2023-06-21 10:02:23,31,32,3591,16560
2023-06-21 10:02:34,31,32,3663,16632
2023-06-21 10:02:34,31,32,3731,16700
2023-06-21 10:03:23,30,32,3811,16780
2023-06-21 10:03:23,30,32,3901,16870
2023-06-21 10:03:23,31,32,3901,16870
2023-06-21 10:03:24,31,32,3911,16880
2023-06-21 10:03:25,31,32,4011,16980
2023-06-21 10:03:41,30,32,4011,16980
2023-06-21 10:03:41,31,32,4011,16980
2023-06-21 10:03:42,31,32,4061,17030
2023-06-21 10:03:56,32,34,4061,17150
2023-06-21 10:03:56,32,33,4061,17150
2023-06-21 10:03:56,32,33,4121,17210
2023-06-21 10:03:56,32,33,4181,17270
2023-06-21 10:04:07,32,34,4159,17490
2023-06-21 10:04:53,33,34,4159,17490
2023-06-21 10:04:53,33,34,4169,17500
2023-06-21 10:06:53,33,34,4229,17560
2023-06-21 10:06:53,33,34,4289,17620
2023-06-21 10:07:30,32,34,4569,17900
2023-06-21 10:08:04,32,33,4569,17900
2023-06-21 10:08:04,32,33,4689,18020
2023-06-21 10:09:02,31,33,4689,18020
2023-06-21 10:09:04,31,32,4689,18020
2023-06-21 10:09:04,31,32,4709,18040
2023-06-21 10:09:26,32,33,4709,18190
2023-06-21 10:09:33,33,34,4709,18230
2023-06-21 10:10:06,32,34,4709,18230
2023-06-21 10:10:06,33,34,4709,18230
2023-06-21 10:11:03,32,34,4709,18230
2023-06-21 10:11:07,33,34,4709,18230
2023-06-21 10:11:33,33,34,4709,18330
2023-06-21 10:11:53,33,35,4709,18403
2023-06-21 10:12:07,34,35,4709,18403
2023-06-21 10:15:08,35,36,4749,18509
2023-06-21 10:17:02,36,37,4782,18542
2023-06-21 10:17:37,35,36,4709,18662
2023-06-21 10:18:04,35,37,4709,18662
2023-06-21 10:18:04,36,37,4709,18662
2023-06-21 10:19:35,35,36,4709,18692
2023-06-21 10:20:34,35,37,4709,18692
2023-06-21 10:20:35,36,37,4709,18692
2023-06-21 10:20:55,35,37,4709,18772
2023-06-21 10:21:05,35,37,4709,18822
2023-06-21 10:21:07,35,36,4709,18822
2023-06-21 10:22:04,35,36,4709,18922
2023-06-21 10:24:41,34,36,4835,19048
2023-06-21 10:25:06,34,35,4835,19048
2023-06-21 10:25:14,33,34,4835,19078
2023-06-21 10:25:33,33,35,4835,19078
2023-06-21 10:25:34,34,35,4835,19078
2023-06-21 10:25:57,35,36,4835,19108
2023-06-21 10:26:05,34,35,4835,19178
2023-06-21 10:26:05,33,35,4835,19178
2023-06-21 10:26:06,33,36,4835,19178
2023-06-21 10:26:07,33,35,4835,19178
2023-06-21 10:26:08,33,34,4835,19178
2023-06-21 10:27:34,34,35,4835,19180
2023-06-21 10:28:36,33,34,4835,19210
2023-06-21 10:29:06,33,35,4835,19210
2023-06-21 10:29:06,34,35,4835,19210
2023-06-21 10:29:12,33,35,4885,19260
2023-06-21 10:30:03,34,35,4885,19260
2023-06-21 10:30:49,35,36,4885,19293
2023-06-21 10:31:10,34,36,4885,19293
2023-06-21 10:31:10,34,35,4885,19293
2023-06-21 10:32:09,34,36,4885,19293
2023-06-21 10:32:11,35,36,4885,19293
2023-06-21 10:32:34,34,36,4885,19293
2023-06-21 10:32:34,35,36,4885,19293
2023-06-21 10:33:29,34,36,4885,19293
2023-06-21 10:33:29,34,35,4885,19293
2023-06-21 10:34:05,34,36,4885,19293
2023-06-21 10:34:05,34,35,4885,19293
2023-06-21 10:34:14,34,36,4885,19493
2023-06-21 10:34:36,35,36,4885,19493
2023-06-21 10:34:38,35,36,4885,19543
2023-06-21 10:36:54,34,36,4885,19543
2023-06-21 10:36:57,35,36,4885,19543
2023-06-21 10:37:15,34,35,4885,19643
2023-06-21 10:37:52,33,35,4885,19743
2023-06-21 10:38:05,33,34,4885,19743
2023-06-21 10:38:53,33,34,4885,19943
2023-06-21 10:38:54,34,35,4885,19973
2023-06-21 10:39:24,35,36,4885,20013
2023-06-21 10:40:25,36,37,4885,20086
2023-06-21 10:40:31,35,37,4885,20113
2023-06-21 10:40:44,35,36,4885,20113
2023-06-21 10:41:01,33,36,4885,20113
2023-06-21 10:41:01,34,36,4885,20113
2023-06-21 10:41:01,34,35,4885,20113
2023-06-21 10:42:05,35,36,4885,20113
2023-06-21 10:42:44,34,36,4885,20113
2023-06-21 10:42:45,35,36,4885,20113
2023-06-21 10:42:47,35,36,4885,20116
2023-06-21 10:42:50,34,35,4885,20163
2023-06-21 10:42:52,34,36,4885,20163
2023-06-21 10:43:03,34,35,4885,20163
2023-06-21 10:43:22,34,35,4887,20165
2023-06-21 10:43:22,34,35,4887,20173
2023-06-21 10:43:22,34,35,4895,20181
2023-06-21 10:43:58,33,34,4895,20223
2023-06-21 10:44:14,33,35,4895,20223
2023-06-21 10:44:25,33,34,4895,20223
2023-06-21 10:44:53,32,33,4895,20483
2023-06-21 10:44:53,32,33,4895,20533
2023-06-21 10:45:05,31,33,4895,20583
2023-06-21 10:45:40,31,32,4895,20583
2023-06-21 10:45:45,30,31,4895,20643
2023-06-21 10:46:41,30,31,4895,20744
2023-06-21 10:47:01,29,31,4895,20744
2023-06-21 10:47:02,29,30,4895,20744
2023-06-21 10:47:03,29,31,4895,20744
2023-06-21 10:47:05,29,30,4895,20744
2023-06-21 10:47:05,29,30,4895,20894
2023-06-21 10:47:09,29,31,4895,20894
2023-06-21 10:47:14,29,30,4895,20894
2023-06-21 10:47:45,30,31,4895,20934
2023-06-21 10:48:36,30,31,4895,20954
2023-06-21 10:48:36,30,31,4905,20964
2023-06-21 10:48:44,29,30,4905,21004
2023-06-21 10:49:01,27,29,4905,21014
2023-06-21 10:49:03,28,29,4905,21014
2023-06-21 10:50:04,27,28,4905,21024
2023-06-21 10:50:20,27,28,4905,21134
2023-06-21 10:50:21,27,28,4905,21244
2023-06-21 10:50:22,25,27,4905,21334
2023-06-21 10:50:22,26,27,4905,21334
2023-06-21 10:50:46,25,27,4905,21534
2023-06-21 10:50:46,25,26,4905,21534
2023-06-21 10:50:47,24,26,4905,21534
2023-06-21 10:50:54,24,27,4905,21534
2023-06-21 10:51:06,25,27,4905,21534
2023-06-21 10:51:09,26,27,4905,21534
2023-06-21 10:51:25,26,27,4905,21734
2023-06-21 10:51:27,26,28,4905,21874
2023-06-21 10:51:29,27,28,4905,21874
2023-06-21 10:51:31,28,30,4905,21914
2023-06-21 10:51:31,27,30,4915,21924
2023-06-21 10:51:32,27,28,4915,21924
2023-06-21 10:51:33,27,30,4915,21924
2023-06-21 10:51:34,28,30,4915,21924
2023-06-21 10:51:34,28,30,4915,21964
2023-06-21 10:51:35,28,29,4915,21964
2023-06-21 10:52:31,27,29,4915,21964
2023-06-21 10:52:35,28,29,4915,21964
2023-06-21 10:53:35,27,29,4915,21964
2023-06-21 10:53:36,28,29,4915,21964
2023-06-21 10:53:46,28,30,4875,22004
2023-06-21 10:53:53,28,29,4875,22004
2023-06-21 10:54:04,27,28,4875,22154
2023-06-21 10:54:05,27,29,4875,22154
2023-06-21 10:54:05,27,28,4875,22154
2023-06-21 10:54:20,27,28,4875,22354
2023-06-21 10:54:34,28,30,4875,22544
2023-06-21 10:54:52,27,30,4875,22544
2023-06-21 10:54:57,28,30,4875,22544
2023-06-21 10:55:05,27,28,4875,22614
2023-06-21 10:55:27,28,30,4875,22644
2023-06-21 10:55:49,29,30,4875,22644
2023-06-21 10:56:32,28,29,4875,22654
2023-06-21 10:56:33,28,30,4875,22654
2023-06-21 10:56:34,28,29,4875,22654
2023-06-21 10:57:50,28,29,4875,22854
2023-06-21 10:57:55,27,29,4875,22854
2023-06-21 10:57:55,28,29,4875,22854
2023-06-21 10:58:01,27,28,4875,22964
2023-06-21 10:58:02,27,29,4875,22964
2023-06-21 10:58:03,27,28,4875,22964
2023-06-21 10:58:34,27,28,4875,23064
2023-06-21 10:59:33,28,29,4875,23104
2023-06-21 11:01:49,29,30,4875,23144
2023-06-21 11:01:50,29,30,4902,23344
2023-06-21 11:02:02,29,31,4902,23344
2023-06-21 11:02:02,30,31,4902,23344
2023-06-21 11:02:17,29,31,4902,23344
2023-06-21 11:02:17,29,30,4902,23344
2023-06-21 11:02:23,28,30,4915,23384
2023-06-21 11:02:33,28,29,4915,23384
2023-06-21 11:03:08,28,29,4915,23584
2023-06-21 11:03:08,27,29,4915,23584
2023-06-21 11:03:08,27,28,4915,23584
2023-06-21 11:04:10,26,27,4915,23614
2023-06-21 11:04:10,25,26,4915,23624
2023-06-21 11:04:52,25,27,4915,23624
2023-06-21 11:04:52,24,25,4915,23644
2023-06-21 11:05:03,24,25,4915,23844
2023-06-21 11:05:18,25,27,4915,23884
2023-06-21 11:05:18,25,26,4915,23884
2023-06-21 11:05:18,25,26,5105,24074
2023-06-21 11:05:18,25,26,5115,24084
2023-06-21 11:05:46,26,27,5115,24124
2023-06-21 11:06:25,24,27,5115,24124
2023-06-21 11:06:26,24,25,5115,24124
2023-06-21 11:06:35,24,26,5115,24124
2023-06-21 11:06:39,24,27,5115,24124
2023-06-21 11:06:40,24,26,5115,24124
2023-06-21 11:06:45,24,27,5115,24124
2023-06-21 11:06:45,24,26,5115,24124
2023-06-21 11:07:18,24,25,5115,24124
2023-06-21 11:07:47,23,24,5115,24134
2023-06-21 11:07:48,21,23,5115,24144
2023-06-21 11:08:02,21,22,5115,24144
2023-06-21 11:08:04,21,22,5125,24154
2023-06-21 11:08:04,20,22,5125,24354
2023-06-21 11:08:04,20,21,5125,24354
2023-06-21 11:08:05,19,21,5125,24354
2023-06-21 11:08:35,20,21,5125,24354
2023-06-21 11:08:35,20,21,5265,24494
2023-06-21 11:09:05,19,20,5265,24504
2023-06-21 11:09:15,19,20,5265,24704
2023-06-21 11:09:18,19,21,5265,24794
2023-06-21 11:09:35,19,21,5275,24844
2023-06-21 11:10:35,20,21,5275,24844
2023-06-21 11:10:43,22,23,5282,24884
2023-06-21 11:10:44,20,23,5292,24894
2023-06-21 11:10:46,20,22,5292,24894
2023-06-21 11:11:13,20,21,5292,24894
2023-06-21 11:11:14,20,22,5292,24894
2023-06-21 11:11:22,20,21,5292,24894
2023-06-21 11:11:23,20,22,5292,24894
2023-06-21 11:11:24,20,21,5292,24894
2023-06-21 11:11:27,20,22,5292,24894
2023-06-21 11:11:33,20,21,5292,24894
2023-06-21 11:11:57,20,21,5285,25094
2023-06-21 11:11:57,20,21,5364,25173
2023-06-21 11:11:57,19,20,5375,25184
2023-06-21 11:12:06,18,19,5375,25324
2023-06-21 11:12:17,19,20,5382,25464
2023-06-21 11:12:18,19,21,5450,25532
2023-06-21 11:12:23,20,21,5450,25532
2023-06-21 11:13:04,20,21,5443,25572
2023-06-21 11:13:27,18,20,5443,25642
2023-06-21 11:13:28,18,21,5443,25642
2023-06-21 11:13:30,18,20,5443,25642
2023-06-21 11:14:03,18,21,5443,25642
2023-06-21 11:14:06,19,21,5443,25642
2023-06-21 11:14:06,19,20,5443,25642
2023-06-21 11:14:13,19,20,5443,25842
2023-06-21 11:14:15,19,21,5443,25922
2023-06-21 11:14:34,19,21,5443,26072
2023-06-21 11:14:35,19,22,5443,26072
2023-06-21 11:14:38,19,21,5443,26072
2023-06-21 11:15:21,19,21,5443,26101
2023-06-21 11:15:35,21,22,5443,26121
2023-06-21 11:15:56,19,21,5443,26251
2023-06-21 11:15:57,19,22,5443,26251
2023-06-21 11:16:05,20,22,5443,26251
2023-06-21 11:16:28,20,21,5443,26251
2023-06-21 11:16:29,19,20,5443,26271
2023-06-21 11:17:29,19,21,5443,26271
2023-06-21 11:17:29,19,20,5443,26271
2023-06-21 11:17:57,19,22,5443,26421
2023-06-21 11:18:02,21,22,5443,26421
2023-06-21 11:18:28,19,21,5443,26521
2023-06-21 11:18:29,19,22,5443,26521
2023-06-21 11:18:52,19,21,5443,26521
2023-06-21 11:19:01,20,21,5443,26521
2023-06-21 11:19:23,19,20,5443,26591
2023-06-21 11:19:25,18,19,5443,26621
2023-06-21 11:20:03,17,18,5443,26801
2023-06-21 11:20:07,17,18,5443,27001
2023-06-21 11:20:08,18,19,5443,27021
2023-06-21 11:20:10,19,21,5443,27211
2023-06-21 11:20:11,20,21,5443,27211
2023-06-21 11:20:34,21,22,5443,27241
2023-06-21 11:20:34,21,22,5443,27391
2023-06-21 11:20:35,21,23,5443,27391
2023-06-21 11:20:35,21,22,5443,27391
2023-06-21 11:21:06,23,24,5443,27431
2023-06-21 11:21:06,23,24,5449,27437
2023-06-21 11:21:06,23,24,5493,27481
2023-06-21 11:21:23,22,24,5493,27481
2023-06-21 11:21:23,22,25,5500,27531
2023-06-21 11:21:23,23,25,5500,27531
2023-06-21 11:21:35,22,25,5500,27531
2023-06-21 11:21:35,23,25,5500,27531
2023-06-21 11:21:35,24,25,5500,27531
2023-06-21 11:21:51,23,24,5500,27681
2023-06-21 11:21:52,23,25,5500,27681
2023-06-21 11:22:24,23,24,5500,27681
2023-06-21 11:22:26,22,23,5493,27691
2023-06-21 11:23:26,22,24,5493,27691
2023-06-21 11:23:27,22,23,5493,27691
2023-06-21 11:24:18,22,23,5493,27891
2023-06-21 11:24:22,21,23,5493,27891
2023-06-21 11:24:22,21,23,5493,27931
2023-06-21 11:24:26,21,22,5493,27931
2023-06-21 11:24:58,22,23,5493,28011
2023-06-21 11:25:38,23,24,5530,28051
2023-06-21 11:25:39,23,24,5540,28061
2023-06-21 11:25:39,23,24,5550,28071
2023-06-21 11:26:10,23,24,5560,28271
2023-06-21 11:26:16,23,25,5560,28271
2023-06-21 11:26:16,25,26,5570,28281
2023-06-21 11:26:16,23,26,5660,28371
2023-06-21 11:26:20,24,26,5660,28371
2023-06-21 11:26:44,24,26,5660,28375
2023-06-21 11:27:03,24,25,5660,28375
2023-06-21 11:27:04,24,26,5660,28375
2023-06-21 11:27:18,24,25,5660,28375
2023-06-21 11:27:28,24,26,5660,28375
2023-06-21 11:27:28,24,26,5660,28425
2023-06-21 11:27:54,25,26,5660,28425
2023-06-21 11:28:29,26,27,5670,28435
2023-06-21 11:28:59,26,27,5818,28583
2023-06-21 11:29:01,24,27,5818,28583
2023-06-21 11:29:01,25,27,5818,28583
2023-06-21 11:29:01,25,26,5818,28583
2023-06-21 11:29:21,25,27,5818,28583
2023-06-21 11:29:22,25,27,5818,28633
2023-06-21 11:29:46,27,28,5828,28693
2023-06-21 11:29:46,27,29,5828,28693
2023-06-21 11:30:20,25,29,5828,28693
2023-06-21 11:30:21,26,29,5828,28693
2023-06-21 11:30:23,26,27,5828,28693
2023-06-21 11:31:20,26,29,5828,28693
2023-06-21 11:31:25,27,29,5828,28693
2023-06-21 11:31:25,27,28,5828,28693
2023-06-21 11:31:30,28,29,5828,28843
2023-06-21 11:31:31,27,29,5828,28843
2023-06-21 11:31:34,28,29,5828,28843
2023-06-21 11:32:33,27,29,5828,28843
2023-06-21 11:32:37,28,29,5828,28843
2023-06-21 11:33:01,28,30,5728,28989
2023-06-21 11:34:10,29,30,5728,28989
2023-06-21 11:34:10,29,31,5738,29039
2023-06-21 11:34:51,29,30,5738,29039
2023-06-21 11:34:53,29,31,5738,29039
2023-06-21 11:35:10,28,31,5738,29039
2023-06-21 11:35:11,30,31,5738,29039
2023-06-21 11:35:27,30,31,5738,29089
2023-06-21 11:35:45,31,32,5748,29099
2023-06-21 11:35:46,31,32,5948,29299
2023-06-21 11:35:49,33,34,6126,29477
2023-06-21 11:35:50,33,34,6156,29507
2023-06-21 11:36:51,34,35,6196,29547
2023-06-21 11:37:03,32,35,6196,29657
2023-06-21 11:37:12,33,35,6196,29657
2023-06-21 11:37:29,34,35,6196,29657
2023-06-21 11:37:32,34,36,6206,29707
2023-06-21 11:37:36,35,36,6206,29707
2023-06-21 11:38:01,36,38,6216,29767
2023-06-21 11:38:06,37,38,6216,29767
2023-06-21 11:38:12,35,38,6216,29967
2023-06-21 11:38:14,35,37,6216,29967
2023-06-21 11:38:14,35,37,6016,30367
2023-06-21 11:38:15,35,36,6016,30367
2023-06-21 11:39:12,35,37,6016,30367
2023-06-21 11:39:12,36,37,6016,30367
2023-06-21 11:39:13,36,38,6016,30367
2023-06-21 11:39:15,36,37,6016,30367
2023-06-21 11:39:16,35,36,5816,30567
2023-06-21 11:39:21,35,37,5716,30667
2023-06-21 11:39:22,35,38,5716,30667
2023-06-21 11:39:22,35,37,5716,30667
2023-06-21 11:39:37,36,37,5716,30667
2023-06-21 11:39:39,36,37,5766,30717
2023-06-21 11:39:50,37,38,5841,30842
2023-06-21 11:39:51,36,38,5841,30842
2023-06-21 11:40:28,37,38,5841,30842
2023-06-21 11:40:32,38,39,5861,30862
2023-06-21 11:40:43,38,39,5871,31062
2023-06-21 11:40:45,38,41,5871,31062
2023-06-21 11:40:45,39,41,5871,31062
2023-06-21 11:40:45,39,40,5871,31062
2023-06-21 11:40:51,39,40,5871,31262
2023-06-21 11:40:55,38,40,5871,31312
2023-06-21 11:40:56,37,40,5871,31312
2023-06-21 11:40:57,38,40,5871,31312
2023-06-21 11:41:06,38,39,5871,31312
2023-06-21 11:41:17,39,40,5871,31462
2023-06-21 11:41:18,38,40,5871,31462
2023-06-21 11:41:18,39,40,5871,31462
2023-06-21 11:41:25,39,40,5871,31662
2023-06-21 11:42:16,38,40,5871,31662
2023-06-21 11:42:21,39,40,5871,31662
2023-06-21 11:42:37,39,40,5871,31862
2023-06-21 11:42:38,38,39,5871,31962
2023-06-21 11:42:39,38,40,5871,31962
2023-06-21 11:42:40,38,39,5871,31962
2023-06-21 11:42:51,36,39,5831,32102
2023-06-21 11:43:05,36,39,5821,32252
2023-06-21 11:43:27,36,38,5821,32252
2023-06-21 11:43:32,36,39,5821,32252
2023-06-21 11:43:46,36,38,5821,32252
2023-06-21 11:44:02,36,37,5821,32252
2023-06-21 11:44:05,35,36,5791,32282
2023-06-21 11:44:30,35,36,5791,32482
2023-06-21 11:44:32,33,36,5791,32482
2023-06-21 11:44:32,34,36,5791,32482
2023-06-21 11:44:32,34,35,5791,32482
2023-06-21 11:44:58,34,35,5791,32682
2023-06-21 11:45:00,32,35,5751,32822
2023-06-21 11:45:01,32,33,5751,32822
2023-06-21 11:46:01,33,35,5761,32832
2023-06-21 11:46:03,33,34,5761,32832
2023-06-21 11:46:33,34,35,5771,32992
2023-06-21 11:46:34,33,35,5771,32992
2023-06-21 11:47:02,33,34,5771,32992
2023-06-21 11:47:09,33,34,5771,33192
2023-06-21 11:47:10,33,34,5781,33202
2023-06-21 11:47:53,33,36,5731,33262
2023-06-21 11:47:55,33,34,5731,33262
2023-06-21 11:47:59,33,35,5731,33262
2023-06-21 11:47:59,33,34,5731,33262
2023-06-21 11:48:01,33,35,5731,33262
2023-06-21 11:48:01,33,34,5731,33262
2023-06-21 11:48:02,33,35,5731,33262
2023-06-21 11:48:04,33,34,5731,33262
2023-06-21 11:48:51,33,36,5731,33262
2023-06-21 11:48:51,35,36,5731,33262
2023-06-21 11:49:04,33,35,5731,33412
2023-06-21 11:49:05,33,36,5731,33412
2023-06-21 11:49:19,33,35,5731,33412
2023-06-21 11:49:50,34,35,5731,33412
2023-06-21 11:49:51,35,36,5774,33455
2023-06-21 11:50:50,33,36,5774,33455
2023-06-21 11:50:52,34,36,5774,33455
2023-06-21 11:50:52,34,35,5774,33455
2023-06-21 11:51:00,34,36,5574,33655
2023-06-21 11:51:09,34,35,5574,33655
2023-06-21 11:51:11,33,34,5534,33845
2023-06-21 11:51:11,33,35,5524,33855
2023-06-21 11:51:14,33,34,5524,33855
2023-06-21 11:51:16,32,33,5484,33895
2023-06-21 11:51:40,32,33,5484,34095
2023-06-21 11:51:41,31,32,5467,34135
2023-06-21 11:51:42,30,31,5467,34175
2023-06-21 11:51:53,30,33,5307,34335
2023-06-21 11:51:55,31,33,5307,34335
2023-06-21 11:51:57,30,33,5307,34335
2023-06-21 11:52:25,31,33,5307,34335
2023-06-21 11:52:33,31,32,5307,34335
2023-06-21 11:52:34,32,33,5307,34435
2023-06-21 11:52:42,32,34,5297,34445
2023-06-21 11:53:32,32,33,5297,34445
2023-06-21 11:53:33,31,33,5297,34445
2023-06-21 11:53:35,31,32,5297,34445
2023-06-21 11:53:41,31,33,5097,34645
2023-06-21 11:53:57,31,32,5097,34645
2023-06-21 11:54:02,31,32,5107,34655
2023-06-21 11:54:02,29,30,5107,34725
2023-06-21 11:54:08,29,31,5077,34755
2023-06-21 11:54:08,29,30,5077,34755
2023-06-21 11:54:34,29,31,4997,34835
2023-06-21 11:54:37,29,31,5047,34885
2023-06-21 11:54:39,29,30,5047,34885
2023-06-21 11:54:53,28,29,5047,34925
2023-06-21 11:54:53,28,30,4887,35085
2023-06-21 11:55:00,28,29,4887,35085
2023-06-21 11:55:05,27,28,4847,35165
2023-06-21 11:55:30,27,29,4687,35325
2023-06-21 11:55:41,28,29,4687,35325
2023-06-21 11:56:23,27,28,4687,35425
2023-06-21 11:56:26,26,28,4687,35425
2023-06-21 11:56:26,27,28,4687,35425
2023-06-21 11:56:35,25,28,4687,35425
2023-06-21 11:56:35,26,28,4687,35425
2023-06-21 11:56:35,26,27,4687,35425
2023-06-21 11:57:06,26,29,4427,35685
2023-06-21 11:57:08,27,29,4427,35685
2023-06-21 11:57:08,27,28,4427,35685
2023-06-21 11:57:34,27,29,4407,35795
2023-06-21 11:57:34,28,29,4407,35795
2023-06-21 11:57:53,27,29,4407,35945
2023-06-21 11:58:36,27,28,4407,35945
2023-06-21 11:58:49,26,28,4415,36105
2023-06-21 11:58:50,26,27,4415,36105
2023-06-21 11:58:56,25,26,4415,36125
2023-06-21 11:58:58,24,26,4415,36125
2023-06-21 11:58:58,25,26,4415,36125
2023-06-21 11:59:12,23,24,4415,36135
2023-06-21 11:59:26,23,25,4415,36245
2023-06-21 12:00:10,24,25,4415,36245
2023-06-21 12:00:11,25,26,4425,36265
2023-06-21 12:00:57,25,26,4610,36465
2023-06-21 12:00:59,23,26,4690,36545
2023-06-21 12:01:04,23,25,4690,36545
2023-06-21 12:01:04,23,25,4690,36575
2023-06-21 12:01:05,23,24,4690,36575
2023-06-21 12:02:04,24,26,4690,36585
2023-06-21 12:02:05,23,26,4730,36625
2023-06-21 12:02:09,24,26,4730,36625
2023-06-21 12:02:09,24,26,4735,36785
2023-06-21 12:02:10,23,26,4735,36785
2023-06-21 12:02:17,24,26,4735,36785
2023-06-21 12:02:32,25,26,4735,36785
2023-06-21 12:02:36,25,26,4735,36985
2023-06-21 12:02:37,25,28,4735,37065
2023-06-21 12:02:38,27,28,4735,37065
2023-06-21 12:03:06,26,28,4735,37065
2023-06-21 12:03:06,28,29,4735,37075
2023-06-21 12:03:11,27,28,4735,37215
2023-06-21 12:03:12,27,29,4735,37215
2023-06-21 12:03:43,27,28,4735,37215
2023-06-21 12:04:25,27,29,4735,37215
2023-06-21 12:04:25,28,29,4735,37215
2023-06-21 12:05:07,29,30,4735,37225
2023-06-21 12:05:08,31,32,4735,37235
2023-06-21 12:05:09,31,32,4745,37245
2023-06-21 12:05:09,29,32,4745,37325
2023-06-21 12:05:16,30,32,4745,37325
2023-06-21 12:05:17,29,32,4745,37325
2023-06-21 12:05:24,30,32,4745,37325
2023-06-21 12:05:48,31,32,4745,37325
2023-06-21 12:05:53,32,34,4745,37335
2023-06-21 12:05:53,32,33,4745,37335
2023-06-21 12:06:10,31,33,4835,37625
2023-06-21 12:06:23,32,33,4835,37625
2023-06-21 12:06:49,32,33,4852,37825
2023-06-21 12:07:04,33,35,4852,37895
2023-06-21 12:07:04,33,34,4852,37895
2023-06-21 12:07:34,33,36,4872,37945
2023-06-21 12:07:41,34,36,4872,37945
2023-06-21 12:07:57,33,36,4872,37945
2023-06-21 12:08:03,33,35,4872,37945
2023-06-21 12:08:34,34,35,4872,37945
2023-06-21 12:09:36,35,36,4882,37955
2023-06-21 12:09:49,33,36,5172,38245
2023-06-21 12:09:56,33,35,5172,38245
2023-06-21 12:09:59,33,34,5172,38245
2023-06-21 12:09:59,33,34,5172,38345
2023-06-21 12:10:00,33,35,5172,38345
2023-06-21 12:10:07,32,33,5135,38385
2023-06-21 12:11:07,31,32,5135,38425
2023-06-21 12:12:04,29,32,5135,38425
2023-06-21 12:12:10,30,32,5135,38425
2023-06-21 12:12:10,30,31,5135,38425
2023-06-21 12:13:09,29,31,5135,38425
2023-06-21 12:13:10,30,31,5135,38425
2023-06-21 12:14:03,31,32,5135,38435
2023-06-21 12:14:16,31,32,5215,38635
2023-06-21 12:14:18,31,33,5215,38635
2023-06-21 12:14:18,33,35,5215,38645
2023-06-21 12:14:18,33,34,5215,38645
2023-06-21 12:14:39,35,36,5215,38655
2023-06-21 12:14:45,33,36,5305,38745
2023-06-21 12:15:17,34,36,5305,38745
2023-06-21 12:15:40,35,36,5305,38745
2023-06-21 12:15:41,36,37,5312,38755
2023-06-21 12:16:38,35,37,5312,38755
2023-06-21 12:16:44,36,37,5312,38755
2023-06-21 12:17:01,36,37,5322,38955
2023-06-21 12:17:02,36,38,5312,38965
2023-06-21 12:17:04,38,40,5322,38975
2023-06-21 12:17:04,38,39,5322,38975
2023-06-21 12:17:28,38,40,5072,39235
2023-06-21 12:17:33,39,40,5072,39235
2023-06-21 12:17:51,40,41,5082,39245
2023-06-21 12:17:53,41,42,5092,39255
2023-06-21 12:17:53,41,43,5092,39255
2023-06-21 12:17:55,41,43,5092,39355
2023-06-21 12:18:07,42,43,5092,39355
2023-06-21 12:18:09,41,43,5092,39355
2023-06-21 12:18:22,41,42,5092,39355
2023-06-21 12:18:22,42,43,5112,39375
2023-06-21 12:18:22,42,43,5132,39395
2023-06-21 12:18:23,42,43,5167,39430
2023-06-21 12:18:23,41,42,5342,39605
2023-06-21 12:18:23,41,43,5342,39605
2023-06-21 12:18:26,40,43,5342,39645
2023-06-21 12:18:29,40,42,5342,39645
2023-06-21 12:18:35,40,41,5342,39645
2023-06-21 12:18:40,38,41,5465,39785
2023-06-21 12:18:47,39,41,5465,39785
2023-06-21 12:18:57,40,41,5465,39785
2023-06-21 12:19:04,39,41,5465,39785
2023-06-21 12:19:36,40,41,5465,39785
2023-06-21 12:20:35,39,41,5465,39785
2023-06-21 12:20:38,40,41,5465,39785
2023-06-21 12:20:49,39,41,5515,39835
2023-06-21 12:20:56,39,40,5515,39835
2023-06-21 12:20:59,38,39,5515,39875
2023-06-21 12:21:52,39,41,5515,39885
2023-06-21 12:21:52,39,40,5515,39885
2023-06-21 12:22:42,41,42,5515,39905
2023-06-21 12:22:42,41,42,5525,39915
2023-06-21 12:22:42,41,42,5535,39925
2023-06-21 12:23:44,40,41,5535,39965
2023-06-21 12:24:04,39,40,5535,40005
2023-06-21 12:27:00,38,40,5735,40205
2023-06-21 12:27:00,38,39,5735,40205
2023-06-21 12:27:00,38,40,5735,40205
2023-06-21 12:27:06,38,39,5735,40205
2023-06-21 12:27:09,36,39,5815,40285
2023-06-21 12:27:11,37,39,5815,40285
2023-06-21 12:27:15,38,39,5815,40285
2023-06-21 12:27:24,37,39,5815,40285
2023-06-21 12:27:37,36,39,5815,40285
2023-06-21 12:27:46,36,38,5815,40285
2023-06-21 12:27:48,36,37,5815,40285
2023-06-21 12:28:05,35,37,5815,40295
2023-06-21 12:28:06,35,36,5815,40295
2023-06-21 12:29:33,35,36,5815,40495
2023-06-21 12:29:33,35,37,5775,40535
2023-06-21 12:29:34,36,37,5775,40535
2023-06-21 12:30:10,36,39,5695,40615
2023-06-21 12:30:10,36,38,5695,40615
2023-06-21 12:30:10,38,39,5745,40665
2023-06-21 12:30:59,36,38,5745,40815
2023-06-21 12:31:00,36,39,5745,40815
2023-06-21 12:31:06,37,39,5745,40815
2023-06-21 12:31:06,37,38,5745,40815
2023-06-21 12:31:11,37,38,5345,41215
2023-06-21 12:31:51,38,39,5345,41245
2023-06-21 12:32:08,39,40,5345,41405
2023-06-21 12:32:13,38,40,5345,41405
2023-06-21 12:32:34,40,42,5362,41435
2023-06-21 12:32:34,40,41,5362,41435
2023-06-21 12:33:07,39,41,5475,41565
2023-06-21 12:33:35,40,41,5475,41565
2023-06-21 12:34:12,40,41,5475,41725
2023-06-21 12:34:14,40,42,5475,41725
2023-06-21 12:34:14,41,42,5475,41725
2023-06-21 12:34:54,41,42,5675,41925
2023-06-21 12:34:56,40,42,5715,41965
2023-06-21 12:34:56,41,42,5715,41965
2023-06-21 12:34:56,41,42,5725,41975
2023-06-21 12:34:57,40,42,5755,42005
2023-06-21 12:35:04,39,42,5755,42005
2023-06-21 12:35:08,39,40,5755,42005
2023-06-21 12:35:43,38,40,5755,42205
2023-06-21 12:35:56,38,39,5755,42205
2023-06-21 12:35:57,37,38,5755,42245
2023-06-21 12:36:09,37,38,5765,42255
2023-06-21 12:36:09,36,38,5765,42295
2023-06-21 12:36:20,37,38,5765,42295
2023-06-21 12:36:45,39,40,5765,42375
2023-06-21 12:37:44,38,40,5765,42375
2023-06-21 12:37:44,39,40,5765,42375
2023-06-21 12:38:06,41,42,5765,42415
2023-06-21 12:38:10,39,42,5805,42455
2023-06-21 12:39:05,39,40,5805,42455
2023-06-21 12:39:09,40,42,5805,42495
2023-06-21 12:39:09,40,41,5805,42495
2023-06-21 12:39:24,39,41,5805,42495
2023-06-21 12:40:06,41,42,5805,42505
2023-06-21 12:40:38,41,44,5805,42805
2023-06-21 12:40:39,41,43,5805,42805
2023-06-21 12:40:58,41,42,5805,42805
2023-06-21 12:41:05,39,41,5845,42845
2023-06-21 12:41:06,39,41,5885,42885
2023-06-21 12:41:33,40,41,5885,42885
2023-06-21 12:41:47,39,41,6085,43085
2023-06-21 12:42:04,39,40,6085,43085
2023-06-21 12:42:25,38,40,6205,43205
2023-06-21 12:42:39,37,40,6605,43605
2023-06-21 12:42:39,37,39,6605,43605
2023-06-21 12:42:41,37,40,6605,43605
2023-06-21 12:42:41,37,38,6605,43605
2023-06-21 12:42:57,37,39,6575,43635
2023-06-21 12:43:03,37,39,6575,43755
2023-06-21 12:43:24,37,38,6575,43755
2023-06-21 12:43:24,37,39,6535,43795
2023-06-21 12:43:42,37,39,6585,43845
2023-06-21 12:43:48,37,40,6535,43895
2023-06-21 12:44:02,38,40,6535,43895
2023-06-21 12:44:02,38,39,6535,43895
2023-06-21 12:44:07,38,39,6556,43916
2023-06-21 12:44:13,38,39,6559,43919
2023-06-21 12:45:10,37,38,6559,43969
2023-06-21 12:45:15,37,38,6569,43979
2023-06-21 12:45:19,36,37,6569,43989
2023-06-21 12:45:53,35,36,6569,44069
2023-06-21 12:45:55,34,35,6569,44119
2023-06-21 12:45:59,34,35,6474,44359
2023-06-21 12:46:05,34,36,6474,44359
2023-06-21 12:46:42,35,36,6474,44359
2023-06-21 12:46:48,36,37,6474,44399
2023-06-21 12:47:47,36,38,6474,44459
2023-06-21 12:47:59,37,38,6474,44459
2023-06-21 12:48:02,36,38,6474,44459
2023-06-21 12:48:02,37,38,6474,44459
2023-06-21 12:48:20,36,37,6474,44499
2023-06-21 12:49:42,34,36,6474,44629
2023-06-21 12:49:43,34,37,6474,44629
2023-06-21 12:49:49,34,36,6474,44629
2023-06-21 12:49:52,34,35,6474,44629
2023-06-21 12:50:13,34,35,6487,44642
2023-06-21 12:50:37,32,35,6487,44642
2023-06-21 12:50:37,33,35,6487,44642
2023-06-21 12:50:37,33,34,6487,44642
2023-06-21 12:50:45,33,34,6287,44842
2023-06-21 12:50:46,34,35,6287,44862
2023-06-21 12:50:48,34,35,6287,44892
2023-06-21 12:50:54,34,36,6277,44902
2023-06-21 12:50:54,35,36,6277,44902
2023-06-21 12:50:58,35,36,6277,45102
2023-06-21 12:51:01,35,37,6257,45122
2023-06-21 12:51:06,36,37,6257,45122
2023-06-21 12:51:22,35,36,6257,45212
2023-06-21 12:51:22,35,36,6257,45242
2023-06-21 12:51:23,35,37,6257,45242
2023-06-21 12:52:05,36,37,6257,45242
2023-06-21 12:52:17,35,37,6257,45242
2023-06-21 12:52:24,37,38,6274,45322
2023-06-21 12:52:33,35,38,6274,45332
2023-06-21 12:52:46,36,38,6274,45332
2023-06-21 12:52:49,37,38,6274,45332
2023-06-21 12:52:52,39,40,6304,45362
2023-06-21 12:52:53,39,40,6314,45372
2023-06-21 12:53:49,37,40,6314,45372
2023-06-21 12:53:49,36,40,6314,45372
2023-06-21 12:53:49,36,39,6314,45372
2023-06-21 12:53:49,37,39,6314,45372
2023-06-21 12:53:49,37,38,6314,45372
2023-06-21 12:54:46,37,39,6314,45372
2023-06-21 12:54:49,37,38,6314,45372
2023-06-21 12:55:08,35,37,6274,45472
2023-06-21 12:55:09,35,38,6274,45472
2023-06-21 12:55:27,36,38,6274,45472
2023-06-21 12:55:56,36,37,6274,45472
2023-06-21 12:56:02,35,37,6274,45472
2023-06-21 12:56:03,35,38,6274,45472
2023-06-21 12:56:11,35,37,6274,45472
2023-06-21 12:56:14,34,35,6267,45512
2023-06-21 12:56:18,34,35,6278,45523
2023-06-21 12:56:21,34,36,6278,45523
2023-06-21 12:56:23,34,37,6278,45523
2023-06-21 12:56:23,34,36,6278,45523
2023-06-21 12:56:24,34,37,6278,45523
2023-06-21 12:56:29,34,36,6278,45523
2023-06-21 12:56:31,34,35,6278,45523
2023-06-21 12:56:38,33,35,6278,45523
2023-06-21 12:56:50,33,34,6278,45523
2023-06-21 12:57:07,30,34,6278,45523
2023-06-21 12:57:14,30,34,6583,45828
2023-06-21 12:57:14,30,32,6583,45828
2023-06-21 12:57:22,30,31,6583,45828
2023-06-21 12:57:24,30,32,6478,45933
2023-06-21 12:57:33,30,33,6478,45933
2023-06-21 12:57:33,30,32,6478,45933
2023-06-21 12:57:37,30,33,6478,45933
2023-06-21 12:57:41,30,33,6570,46025
2023-06-21 12:57:41,30,32,6570,46025
2023-06-21 12:57:43,30,33,6570,46025
2023-06-21 12:57:43,30,31,6570,46025
2023-06-21 12:57:44,30,33,6570,46077
2023-06-21 12:57:58,30,32,6570,46077
2023-06-21 12:57:59,30,33,6570,46077
2023-06-21 12:58:05,31,33,6570,46077
2023-06-21 12:58:07,32,33,6570,46077
2023-06-21 12:58:11,32,34,6560,46087
2023-06-21 12:58:19,33,34,6560,46087
2023-06-21 12:58:20,32,34,6560,46087
2023-06-21 12:58:21,33,34,6560,46087
2023-06-21 12:58:24,32,34,6560,46087
2023-06-21 12:58:29,33,34,6560,46087
2023-06-21 12:58:37,33,35,6550,46097
2023-06-21 12:58:38,34,35,6550,46097
2023-06-21 12:58:48,34,36,6550,46107
2023-06-21 12:58:48,35,36,6550,46107
2023-06-21 12:59:29,35,37,6540,46117
2023-06-21 12:59:29,36,37,6540,46117
2023-06-21 12:59:47,35,37,6540,46117
2023-06-21 13:00:01,35,36,6540,46117
2023-06-21 13:00:07,34,36,6540,46117
2023-06-21 13:00:14,34,35,6540,46117
2023-06-21 13:00:23,33,34,6580,46157
2023-06-21 13:00:31,31,34,6580,46157
2023-06-21 13:00:36,31,33,6580,46157
2023-06-21 13:00:49,31,33,6609,46224
2023-06-21 13:00:51,30,33,6609,46224
2023-06-21 13:01:14,30,32,6609,46224
2023-06-21 13:01:15,30,31,6609,46224
2023-06-21 13:01:16,29,30,6609,46234
2023-06-21 13:01:17,28,30,6559,46434
2023-06-21 13:01:17,28,29,6559,46434
2023-06-21 13:01:17,26,29,6559,46434
2023-06-21 13:01:17,26,28,6559,46434
2023-06-21 13:01:25,27,28,6559,46434
2023-06-21 13:01:26,26,29,6559,46434
2023-06-21 13:01:26,26,28,6559,46434
2023-06-21 13:01:27,27,28,6559,46434
2023-06-21 13:01:32,27,30,6559,46434
2023-06-21 13:01:32,27,31,6559,46434
2023-06-21 13:01:32,27,29,6559,46434
2023-06-21 13:01:35,27,29,6581,46456
2023-06-21 13:01:36,28,29,6581,46456
2023-06-21 13:01:36,28,31,6581,46456
2023-06-21 13:01:36,28,30,6581,46456
2023-06-21 13:01:36,28,29,6581,46456
2023-06-21 13:01:38,28,30,6581,46466
2023-06-21 13:01:46,29,30,6581,46466
2023-06-21 13:01:47,29,30,6589,46474
2023-06-21 13:01:49,29,32,6409,46654
2023-06-21 13:02:17,29,31,6409,46654
2023-06-21 13:02:21,29,32,6409,46654
2023-06-21 13:02:35,29,31,6409,46654
2023-06-21 13:02:57,29,30,6409,46654
2023-06-21 13:03:02,29,31,6409,46654
2023-06-21 13:03:19,29,31,6426,46671
2023-06-21 13:03:27,29,30,6426,46671
2023-06-21 13:03:38,29,31,6426,46671
2023-06-21 13:03:54,29,30,6426,46671
2023-06-21 13:03:55,29,31,6426,46671
2023-06-21 13:03:57,29,30,6426,46671
2023-06-21 13:03:59,29,31,6426,46671
2023-06-21 13:04:06,30,31,6426,46671
2023-06-21 13:04:24,30,32,6416,46681
2023-06-21 13:04:34,31,32,6416,46681
2023-06-21 13:04:38,32,33,6416,46721
2023-06-21 13:04:39,33,34,6416,46731
2023-06-21 13:04:40,33,35,6416,46731
2023-06-21 13:04:40,33,34,6416,46731
2023-06-21 13:05:16,35,36,6416,46761
2023-06-21 13:05:16,35,36,6416,46771
2023-06-21 13:06:31,36,37,6416,46781
2023-06-21 13:06:34,37,38,6436,46801
2023-06-21 13:06:47,36,38,6436,46801
2023-06-21 13:07:10,36,37,6436,46801
2023-06-21 13:07:12,35,37,6436,46821
2023-06-21 13:07:13,35,36,6436,46821
2023-06-21 13:07:18,32,36,6436,46821
2023-06-21 13:07:19,33,36,6436,46821
2023-06-21 13:07:23,33,37,6436,46821
2023-06-21 13:07:35,33,36,6436,46821
2023-06-21 13:07:43,33,37,6436,46821
2023-06-21 13:07:51,33,36,6436,46821
2023-06-21 13:07:58,33,35,6436,46821
2023-06-21 13:08:08,33,36,6436,46821
2023-06-21 13:08:12,33,37,6436,46821
2023-06-21 13:08:14,34,37,6436,46821
2023-06-21 13:08:24,35,37,6436,46821
2023-06-21 13:08:46,36,37,6436,46821
2023-06-21 13:10:00,37,38,6446,46831
2023-06-21 13:10:02,38,39,6456,46841
2023-06-21 13:10:46,37,39,6456,46841
2023-06-21 13:10:52,38,39,6456,46841
2023-06-21 13:10:58,39,42,6466,46861
2023-06-21 13:11:20,39,41,6466,46861
2023-06-21 13:11:26,39,40,6466,46861
2023-06-21 13:11:31,37,40,6476,46901
2023-06-21 13:11:45,36,40,6516,46941
2023-06-21 13:11:49,36,41,6816,47451
2023-06-21 13:11:50,38,41,6816,47451
2023-06-21 13:11:58,39,41,6816,47451
2023-06-21 13:11:59,39,41,6816,47651
2023-06-21 13:12:02,39,40,6816,47651
2023-06-21 13:12:08,38,40,6856,47691
2023-06-21 13:12:13,38,39,6856,47691
2023-06-21 13:12:18,36,39,6896,47831
2023-06-21 13:12:29,36,39,7303,48238
2023-06-21 13:12:29,36,38,7303,48238
2023-06-21 13:12:36,36,37,7303,48238
2023-06-21 13:12:42,36,38,7303,48238
2023-06-21 13:12:51,36,37,7303,48238
2023-06-21 13:12:54,35,37,7303,48238
2023-06-21 13:12:54,35,38,7303,48238
2023-06-21 13:12:54,35,36,7303,48238
2023-06-21 13:13:36,33,35,7303,48258
2023-06-21 13:13:36,33,36,7303,48258
2023-06-21 13:13:36,33,34,7303,48258
2023-06-21 13:13:37,33,36,7303,48538
2023-06-21 13:13:39,33,35,7303,48538
2023-06-21 13:14:09,33,35,7531,48766
2023-06-21 13:14:11,32,35,7531,48766
2023-06-21 13:14:12,33,35,7531,48766
2023-06-21 13:14:25,33,35,7607,48842
2023-06-21 13:14:25,32,35,7607,48842
2023-06-21 13:14:46,32,35,7632,48867
2023-06-21 13:14:54,32,35,7644,48879
2023-06-21 13:15:07,32,34,7644,48879
2023-06-21 13:15:35,33,34,7644,48879
2023-06-21 13:15:35,33,35,7604,48919
2023-06-21 13:15:49,34,35,7604,48919
2023-06-21 13:15:51,34,36,7564,48959
2023-06-21 13:16:05,35,36,7564,48959
2023-06-21 13:16:23,35,38,7524,48999
2023-06-21 13:16:23,36,38,7524,48999
2023-06-21 13:16:29,35,38,7524,48999
2023-06-21 13:16:31,36,38,7524,48999
2023-06-21 13:16:51,36,37,7524,48999
2023-06-21 13:16:53,35,37,7524,48999
2023-06-21 13:16:57,35,36,7524,48999
2023-06-21 13:16:59,35,37,7524,48999
2023-06-21 13:17:29,36,37,7524,48999
2023-06-21 13:18:31,35,37,7564,49039
2023-06-21 13:18:31,35,36,7564,49039
2023-06-21 13:18:35,35,37,7564,49039
2023-06-21 13:19:15,34,37,7564,49039
2023-06-21 13:19:40,35,37,7564,49039
2023-06-21 13:19:42,34,37,7564,49039
2023-06-21 13:19:45,35,37,7564,49039
2023-06-21 13:20:07,35,36,7564,49039
2023-06-21 13:20:28,34,35,7564,49052
2023-06-21 13:20:44,33,35,7604,49092
2023-06-21 13:20:51,31,32,8077,49565
2023-06-21 13:20:51,31,34,8104,49592
2023-06-21 13:20:51,32,34,8104,49592
2023-06-21 13:21:00,31,34,8104,49592
2023-06-21 13:21:01,31,32,8104,49592
2023-06-21 13:21:01,31,33,8205,49693
2023-06-21 13:21:03,31,33,8005,49893
2023-06-21 13:21:08,32,33,8005,49893
2023-06-21 13:21:09,32,33,8008,49896
2023-06-21 13:21:10,32,34,7968,49936
2023-06-21 13:21:18,32,33,7968,49936
2023-06-21 13:21:20,32,34,7865,50039
2023-06-21 13:21:26,32,33,7865,50039
2023-06-21 13:21:36,31,32,7865,50049
2023-06-21 13:21:42,31,33,7871,50055
2023-06-21 13:21:52,31,33,7873,50057
2023-06-21 13:22:21,31,32,7873,50057
2023-06-21 13:22:24,30,31,7873,50059
2023-06-21 13:22:25,30,32,7873,50059
2023-06-21 13:22:27,30,31,7873,50059
2023-06-21 13:22:28,30,32,7873,50059
2023-06-21 13:22:29,30,31,7873,50059
2023-06-21 13:24:07,29,30,7883,50069
2023-06-21 13:24:08,29,31,7883,50088
2023-06-21 13:24:10,29,32,7843,50128
2023-06-21 13:24:18,29,31,7843,50128
2023-06-21 13:24:19,29,32,7643,50328
2023-06-21 13:24:51,29,31,7643,50328
2023-06-21 13:24:57,29,30,7643,50328
2023-06-21 13:25:01,27,30,7643,50328
2023-06-21 13:25:09,27,29,7643,50328
2023-06-21 13:25:10,27,28,7643,50328
2023-06-21 13:25:12,27,29,7643,50328
2023-06-21 13:25:14,28,29,7643,50328
2023-06-21 13:25:15,28,30,7643,50328
2023-06-21 13:25:16,29,30,7643,50328
2023-06-21 13:25:18,29,31,7643,50361
2023-06-21 13:25:18,30,31,7643,50361
2023-06-21 13:25:21,29,31,7643,50361
2023-06-21 13:25:46,30,31,7643,50361
2023-06-21 13:25:47,30,32,7610,50394
2023-06-21 13:25:51,31,32,7610,50394
2023-06-21 13:25:52,31,33,7610,50434
2023-06-21 13:25:53,31,34,7630,50474
2023-06-21 13:26:11,31,33,7630,50474
2023-06-21 13:26:23,30,33,7630,50474
2023-06-21 13:26:36,30,32,7630,50474
2023-06-21 13:26:47,30,33,7630,50474
2023-06-21 13:27:06,30,34,7630,50474
2023-06-21 13:27:15,31,34,7630,50474
2023-06-21 13:27:50,31,33,7630,50474
2023-06-21 13:28:18,31,32,7630,50474
2023-06-21 13:28:20,31,33,7630,50474
2023-06-21 13:28:51,31,34,7630,50474
2023-06-21 13:29:10,32,34,7630,50474
2023-06-21 13:29:11,31,34,7630,50474
2023-06-21 13:29:39,31,33,7630,50474
2023-06-21 13:29:51,31,32,7630,50474
2023-06-21 13:30:04,30,32,7610,50514
2023-06-21 13:30:09,29,32,7610,50514
2023-06-21 13:30:10,29,31,7610,50514
2023-06-21 13:30:13,29,32,7610,50514
2023-06-21 13:30:53,29,31,7610,50514
2023-06-21 13:30:56,29,30,7610,50514
2023-06-21 13:31:23,29,30,8010,50914
2023-06-21 13:31:23,29,30,8210,51114
2023-06-21 13:31:25,29,30,8410,51314
2023-06-21 13:31:25,29,30,8810,51714
2023-06-21 13:31:26,29,30,9210,52114
2023-06-21 13:31:29,29,30,9410,52314
2023-06-21 13:31:31,29,33,9610,52514
2023-06-21 13:31:31,30,33,9610,52514
2023-06-21 13:31:32,31,33,9610,52514
2023-06-21 13:32:18,31,34,9610,52514
2023-06-21 13:32:21,33,34,9610,52514
2023-06-21 13:32:34,33,35,9610,52524
2023-06-21 13:32:38,32,35,9610,52524
2023-06-21 13:32:39,34,35,9610,52524
2023-06-21 13:32:39,34,36,9610,52534
2023-06-21 13:33:12,35,36,9610,52534
2023-06-21 13:33:13,35,37,9620,52544
2023-06-21 13:33:13,36,37,9620,52544
2023-06-21 13:35:06,35,36,9610,52584
2023-06-21 13:35:06,34,36,9610,52584
2023-06-21 13:35:07,34,37,9610,52584
2023-06-21 13:35:13,34,36,9610,52584
2023-06-21 13:35:53,35,36,9610,52584
2023-06-21 13:35:57,35,37,9610,52594
2023-06-21 13:36:12,35,36,9610,52594
2023-06-21 13:36:13,35,37,9610,52594
2023-06-21 13:36:14,34,35,9610,52634
2023-06-21 13:36:23,33,35,9610,52674
2023-06-21 13:37:01,33,36,9610,52674
2023-06-21 13:37:17,34,36,9610,52674
2023-06-21 13:37:41,35,36,9610,52674
2023-06-21 13:37:44,35,37,9610,52684
2023-06-21 13:37:51,36,37,9610,52684
2023-06-21 13:37:52,36,38,9610,52694
2023-06-21 13:37:56,37,38,9610,52694
2023-06-21 13:38:03,37,39,9610,52704
2023-06-21 13:39:04,38,39,9610,52704
2023-06-21 13:39:13,39,40,9610,52714
2023-06-21 13:39:19,39,41,9610,52724
2023-06-21 13:39:39,40,41,9610,52724
2023-06-21 13:39:50,40,42,9610,52734
2023-06-21 13:40:30,41,42,9610,52734
2023-06-21 13:40:34,40,42,9610,52734
2023-06-21 13:40:51,41,42,9610,52734
2023-06-21 13:41:06,40,42,9610,52734
2023-06-21 13:41:52,40,41,9610,52734
2023-06-21 13:41:54,39,41,9610,52774
2023-06-21 13:41:57,39,40,9610,52774
2023-06-21 13:42:02,37,40,9610,52814
2023-06-21 13:42:02,37,39,9610,52814
2023-06-21 13:42:05,37,38,9610,52814
2023-06-21 13:42:17,34,38,9610,52824
2023-06-21 13:42:25,34,37,9610,52824
2023-06-21 13:42:27,34,36,9610,52824
2023-06-21 13:42:50,34,37,9610,52824
2023-06-21 13:42:53,34,38,9610,52824
2023-06-21 13:43:06,35,38,9610,52824
2023-06-21 13:43:13,36,38,9610,52824
2023-06-21 13:43:19,36,39,9610,52861
2023-06-21 13:43:21,37,39,9610,52861
2023-06-21 13:43:42,37,40,9610,52898
2023-06-21 13:44:07,37,39,9610,52898
2023-06-21 13:44:13,37,38,9610,52898
2023-06-21 13:44:17,35,38,9610,52898
2023-06-21 13:45:01,35,39,9610,52898
2023-06-21 13:45:03,36,39,9610,52898
2023-06-21 13:45:12,35,39,9610,52898
2023-06-21 13:45:21,36,39,9610,52898
2023-06-21 13:45:24,37,39,9610,52898
2023-06-21 13:45:34,38,39,9610,52898
2023-06-21 13:45:37,38,40,9610,52908
2023-06-21 13:45:37,39,40,9610,52908
2023-06-21 13:45:39,39,42,9610,52918
2023-06-21 13:45:41,40,42,9610,52918
2023-06-21 13:46:12,41,42,9610,52918
2023-06-21 13:46:38,43,44,9610,52928
2023-06-21 13:46:39,44,45,9610,52938
2023-06-21 13:47:07,45,47,9610,52948
2023-06-21 13:47:32,46,47,9610,52948
2023-06-21 13:47:39,47,48,9614,52958
2023-06-21 13:48:23,45,48,9614,52958
2023-06-21 13:48:23,46,48,9614,52958
2023-06-21 13:48:45,44,48,9610,53148
2023-06-21 13:48:46,45,48,9610,53148
2023-06-21 13:48:59,45,47,9610,53148
2023-06-21 13:49:05,45,48,9610,53148
2023-06-21 13:49:10,45,47,9610,53148
2023-06-21 13:49:17,45,48,9610,53148
2023-06-21 13:49:35,46,48,9610,53148
2023-06-21 13:50:07,45,48,9610,53198
2023-06-21 13:50:08,45,47,9610,53198
2023-06-21 13:50:14,44,47,9610,53238
2023-06-21 13:50:45,45,47,9610,53238
2023-06-21 13:51:10,46,47,9610,53238
2023-06-21 13:51:25,47,48,9610,53248
2023-06-21 13:51:27,48,49,9610,53258
2023-06-21 13:52:13,48,50,9610,53268
2023-06-21 13:52:14,49,50,9610,53268
2023-06-21 13:52:26,49,51,9610,53278
2023-06-21 13:52:33,48,51,9610,53278
2023-06-21 13:52:58,48,50,9610,53278
2023-06-21 13:53:00,48,51,9610,53278
2023-06-21 13:53:05,48,50,9610,53278
2023-06-21 13:53:24,48,51,9610,53278
2023-06-21 13:53:27,48,50,9610,53278
2023-06-21 13:53:32,48,51,9610,53278
2023-06-21 13:53:47,48,50,9610,53278
2023-06-21 13:53:48,48,51,9610,53278
2023-06-21 13:53:50,48,50,9610,53278
2023-06-21 13:53:53,48,51,9610,53278
2023-06-21 13:54:10,49,51,9610,53278
2023-06-21 13:54:37,50,51,9610,53278
2023-06-21 13:54:48,49,51,9610,53278
2023-06-21 13:55:17,48,51,9610,53278
2023-06-21 13:55:26,48,50,9610,53278
2023-06-21 13:55:29,48,51,9610,53278
2023-06-21 13:55:36,48,50,9610,53278
2023-06-21 13:56:00,48,51,9610,53278
2023-06-21 13:56:17,49,51,9610,53278
2023-06-21 13:56:20,50,51,9610,53278
2023-06-21 13:56:30,51,52,9610,53288
2023-06-21 13:56:47,52,53,9610,53298
2023-06-21 13:56:59,54,55,9614,53368
2023-06-21 13:57:00,54,55,9614,53438
2023-06-21 13:57:00,54,56,9614,53438
2023-06-21 13:57:01,55,56,9614,53438
2023-06-21 13:57:09,54,56,9614,53438
2023-06-21 13:57:11,53,56,9614,53438
2023-06-21 13:57:33,54,56,9614,53438
2023-06-21 13:58:09,53,56,9614,53438
2023-06-21 13:58:18,54,56,9614,53438
2023-06-21 13:59:09,53,56,9614,53438
2023-06-21 13:59:11,53,55,9614,53438
2023-06-21 13:59:24,52,55,9614,53438
2023-06-21 13:59:39,53,55,9614,53438
2023-06-21 14:00:00,54,55,9614,53438
2023-06-21 14:00:04,55,56,9624,53448
2023-06-21 14:00:05,54,56,9624,53448
2023-06-21 14:00:11,55,56,9624,53448
2023-06-21 14:00:18,54,56,9624,53448
2023-06-21 14:02:03,54,55,9624,53448
2023-06-21 14:02:05,53,55,9614,53458
2023-06-21 14:03:37,54,55,9614,53458
2023-06-21 14:03:52,53,55,9614,53458
2023-06-21 14:05:11,53,54,9614,53458
2023-06-21 14:05:12,52,54,9610,53498
2023-06-21 14:05:19,52,53,9610,53498
2023-06-21 14:05:20,51,53,9610,53538
2023-06-21 14:05:27,50,53,9610,53578
2023-06-21 14:05:34,50,52,9610,53578
2023-06-21 14:05:36,50,53,9610,53578
2023-06-21 14:05:41,51,53,9610,53578
2023-06-21 14:05:59,52,53,9610,53578
2023-06-21 14:06:04,51,53,9610,53578
2023-06-21 14:06:20,52,53,9610,53578
2023-06-21 14:06:23,52,54,9610,53601
2023-06-21 14:06:24,53,54,9610,53601
2023-06-21 14:06:31,53,55,9610,53624
2023-06-21 14:06:40,54,55,9610,53624
2023-06-21 14:06:58,54,56,9610,53647
2023-06-21 14:07:08,55,56,9610,53647
2023-06-21 14:07:09,56,57,9610,53667
2023-06-21 14:07:10,57,58,9610,53677
2023-06-21 14:07:13,56,58,9610,53677
2023-06-21 14:07:45,58,59,9610,53687
2023-06-21 14:08:05,56,59,9610,53687
2023-06-21 14:08:55,56,58,9610,53687
2023-06-21 14:09:52,55,58,9610,53687
2023-06-21 14:09:53,55,57,9610,53687
2023-06-21 14:10:00,54,55,9610,53727
2023-06-21 14:10:07,53,55,9610,53727
2023-06-21 14:10:30,54,55,9610,53727
2023-06-21 14:10:33,54,57,9610,53727
2023-06-21 14:10:33,54,56,9610,53727
2023-06-21 14:10:34,54,57,9610,53727
2023-06-21 14:11:24,55,57,9610,53727
2023-06-21 14:11:32,55,59,9610,53737
2023-06-21 14:11:32,55,58,9610,53737
2023-06-21 14:11:48,56,58,9610,53737
2023-06-21 14:12:17,57,58,9610,53737
2023-06-21 14:12:27,57,59,9610,53747
2023-06-21 14:12:27,58,59,9610,53747
2023-06-21 14:12:32,58,61,9610,53757
2023-06-21 14:12:38,58,60,9610,53757
2023-06-21 14:12:45,58,61,9610,53757
2023-06-21 14:12:49,58,60,9610,53757
2023-06-21 14:13:23,59,60,9610,53757
2023-06-21 14:13:32,60,61,9610,53767
2023-06-21 14:13:36,59,61,9610,53767
2023-06-21 14:13:43,60,61,9610,53767
2023-06-21 14:13:45,59,61,9610,53767
2023-06-21 14:13:46,60,61,9610,53767
2023-06-21 14:13:53,60,62,9803,53967
2023-06-21 14:13:53,61,62,9803,53967
2023-06-21 14:14:21,62,63,9813,53977
2023-06-21 14:14:49,63,64,9823,53987
2023-06-21 14:14:56,64,65,9833,54041
2023-06-21 14:14:57,63,65,9833,54041
2023-06-21 14:14:58,64,65,9833,54041
2023-06-21 14:15:12,65,66,9843,54051
2023-06-21 14:15:13,65,66,9843,54061
2023-06-21 14:15:18,66,67,9853,54071
2023-06-21 14:15:23,66,67,10053,54271
2023-06-21 14:15:26,65,67,10053,54271
2023-06-21 14:15:35,66,67,10053,54271
2023-06-21 14:15:41,67,68,10063,54324
2023-06-21 14:15:44,67,69,10063,54324
2023-06-21 14:15:51,68,69,10063,54324
2023-06-21 14:16:12,68,69,10063,54524
2023-06-21 14:16:17,69,70,10073,54534
2023-06-21 14:16:19,68,70,10073,54534
2023-06-21 14:16:20,69,70,10073,54534
2023-06-21 14:16:22,69,70,10273,54734
2023-06-21 14:16:22,68,70,10273,54987
2023-06-21 14:16:22,69,70,10273,54987
2023-06-21 14:16:39,69,70,9873,55387
2023-06-21 14:16:41,67,70,9683,55577
2023-06-21 14:16:51,67,69,9683,55577
2023-06-21 14:16:56,66,69,9673,55777
2023-06-21 14:16:56,66,68,9673,55777
2023-06-21 14:16:57,66,67,9673,55777
2023-06-21 14:17:08,66,68,9673,55777
2023-06-21 14:17:18,67,68,9673,55777
2023-06-21 14:17:22,67,68,9673,55924
2023-06-21 14:17:23,66,68,9673,55924
2023-06-21 14:17:23,67,68,9673,55924
2023-06-21 14:17:25,69,70,9683,55977
2023-06-21 14:17:31,70,71,9693,55987
2023-06-21 14:17:35,69,71,9693,56040
2023-06-21 14:17:41,69,71,9893,56240
2023-06-21 14:18:11,69,70,9893,56240
2023-06-21 14:18:19,68,69,9883,56250
2023-06-21 14:18:20,67,68,9873,56388
2023-06-21 14:18:21,67,69,9873,56388
2023-06-21 14:18:30,67,68,9873,56388
2023-06-21 14:18:31,67,68,9873,56588
2023-06-21 14:18:47,68,69,9883,56798
2023-06-21 14:18:58,68,71,9893,56808
2023-06-21 14:19:11,70,71,9893,56808
2023-06-21 14:19:28,70,72,10093,57008
2023-06-21 14:19:28,70,72,10093,57008
2023-06-21 14:19:30,69,72,10093,57008
2023-06-21 14:19:30,71,72,10093,57008
2023-06-21 14:19:49,70,72,9903,57198
2023-06-21 14:20:50,69,72,9893,57508
2023-06-21 14:20:52,70,72,9893,57508
2023-06-21 14:21:00,70,71,9893,57508
2023-06-21 14:21:01,69,71,9893,57549
2023-06-21 14:21:09,69,71,9883,57949
2023-06-21 14:21:34,69,70,9883,57949
2023-06-21 14:21:41,68,70,9883,57949
2023-06-21 14:22:23,69,70,9883,57949
2023-06-21 14:22:40,68,70,9883,57949
2023-06-21 14:22:40,68,70,9883,58151
2023-06-21 14:23:00,68,70,9883,58351
2023-06-21 14:23:02,68,70,9885,58551
2023-06-21 14:23:04,68,71,9893,58559
2023-06-21 14:23:33,68,71,10199,58959
2023-06-21 14:23:34,68,70,10199,58959
2023-06-21 14:23:36,67,70,10199,58959
2023-06-21 14:23:36,69,70,10199,58959
2023-06-21 14:23:56,69,71,9899,59269
2023-06-21 14:24:04,70,71,9899,59269
2023-06-21 14:24:17,70,72,9903,59279
2023-06-21 14:24:18,70,73,10213,59589
2023-06-21 14:24:25,71,73,10213,59589
2023-06-21 14:25:10,72,73,10213,59589
2023-06-21 14:25:19,71,73,9913,59889
2023-06-21 14:25:42,71,72,9913,59889
2023-06-21 14:25:42,71,73,9913,59889
2023-06-21 14:26:22,71,72,9913,59889
2023-06-21 14:26:23,71,73,9913,59889
2023-06-21 14:27:08,71,72,9913,59889
2023-06-21 14:27:09,71,73,9913,59889
2023-06-21 14:27:25,70,73,9913,59899
2023-06-21 14:28:01,70,72,9913,59899
2023-06-21 14:28:01,70,72,9913,59903
2023-06-21 14:30:07,70,71,9913,59903
2023-06-21 14:30:08,70,72,10063,60053
2023-06-21 14:30:18,70,71,10063,60053
2023-06-21 14:30:23,69,71,10049,60073
2023-06-21 14:30:31,70,71,10049,60073
2023-06-21 14:30:50,70,72,10059,60083
2023-06-21 14:31:48,70,71,10059,60083
2023-06-21 14:31:50,70,72,10059,60087
2023-06-21 14:32:34,69,72,10059,60097
2023-06-21 14:32:37,68,72,10395,60443
2023-06-21 14:32:37,68,70,10395,60443
2023-06-21 14:32:48,68,69,10395,60443
2023-06-21 14:32:49,67,69,10467,60515
2023-06-21 14:33:06,67,68,10467,60515
2023-06-21 14:33:07,67,69,10467,60525
2023-06-21 14:33:32,68,69,10467,60525
2023-06-21 14:33:32,68,70,10477,60535
2023-06-21 14:33:35,68,70,10487,60735
2023-06-21 14:33:38,68,72,10487,60845
2023-06-21 14:33:53,68,71,10487,60845
2023-06-21 14:34:15,67,71,10487,60865
2023-06-21 14:34:55,68,71,10487,60865
2023-06-21 14:35:07,69,71,10487,60865
2023-06-21 14:35:16,70,71,10487,60865
2023-06-21 14:35:21,70,72,10487,60875
2023-06-21 14:35:29,70,73,10487,60885
2023-06-21 14:36:32,70,73,10488,60886
2023-06-21 14:36:32,71,73,10488,60886
2023-06-21 14:37:03,72,73,10488,60886
2023-06-21 14:37:42,72,74,10488,60896
2023-06-21 14:38:09,73,74,10488,60896
2023-06-21 14:38:17,73,75,10488,61206
2023-06-21 14:39:02,74,75,10488,61206
2023-06-21 14:39:53,74,75,10503,61221
2023-06-21 14:41:07,75,76,10503,61226
2023-06-21 14:41:14,75,76,10503,61229
2023-06-21 14:41:27,75,76,10503,61289
2023-06-21 14:41:27,75,76,10503,61296
2023-06-21 14:41:27,75,76,10503,61349
2023-06-21 14:41:51,74,76,10503,61522
2023-06-21 14:42:53,75,76,10503,61522
2023-06-21 14:43:03,75,77,10503,61532
2023-06-21 14:43:21,74,77,10503,61532
2023-06-21 14:43:21,75,77,10503,61532
2023-06-21 14:44:45,75,77,10503,61732
2023-06-21 14:44:48,75,77,10503,61932
2023-06-21 14:44:49,74,77,10503,61958
2023-06-21 14:44:51,74,77,10488,62158
2023-06-21 14:45:03,74,76,10488,62158
2023-06-21 14:45:06,74,76,10384,62558
2023-06-21 14:45:06,74,77,10394,62653
2023-06-21 14:45:08,75,77,10394,62653
2023-06-21 14:45:32,75,77,10394,62853
2023-06-21 14:45:32,75,76,10394,62853
2023-06-21 14:45:33,75,77,10394,63053
2023-06-21 14:45:38,74,77,10384,63063
2023-06-21 14:47:23,74,78,10394,63073
2023-06-21 14:47:31,75,78,10394,63073
2023-06-21 14:48:25,75,79,10704,63383
2023-06-21 14:48:26,76,79,10704,63383
2023-06-21 14:48:26,75,79,10704,63383
2023-06-21 14:48:26,77,79,10704,63383
2023-06-21 14:49:13,77,79,10504,63583
2023-06-21 14:49:15,75,79,10412,63693
2023-06-21 14:49:16,75,78,10412,63693
2023-06-21 14:50:46,75,79,10422,63703
2023-06-21 14:51:24,76,79,10422,63703
2023-06-21 14:51:48,76,80,10432,63713
2023-06-21 14:52:07,77,80,10432,63713
2023-06-21 14:52:54,77,81,10742,64023
2023-06-21 14:52:54,79,81,10742,64023
2023-06-21 14:53:16,80,81,10742,64023
2023-06-21 14:54:21,80,81,10742,64203
2023-06-21 14:55:56,81,82,10742,64213
2023-06-21 14:56:07,81,82,10742,64223
2023-06-21 14:57:35,82,83,10742,64233
2023-06-21 14:59:18,82,83,10742,64313
2023-06-21 14:59:18,81,83,10742,64323
2023-06-21 15:01:00,81,84,11002,64833
2023-06-21 15:01:05,81,83,11002,64833
2023-06-21 15:01:08,81,82,11002,64833
2023-06-21 15:01:09,80,82,11002,64833
2023-06-21 15:01:29,80,81,11002,64833
2023-06-21 15:01:35,79,80,10982,64853
2023-06-21 15:01:36,79,81,10982,64853
2023-06-21 15:01:37,78,81,10942,65053
2023-06-21 15:01:38,77,78,10942,65253
2023-06-21 15:01:39,77,78,10942,65268
2023-06-21 15:01:49,76,77,10942,65423
2023-06-21 15:01:49,76,78,10942,65468
2023-06-21 15:01:56,76,80,10952,65838
2023-06-21 15:01:58,77,80,10952,65838
2023-06-21 15:02:02,78,80,10952,65838
2023-06-21 15:02:04,77,80,10952,65838
2023-06-21 15:02:06,80,81,10972,65858
2023-06-21 15:02:06,80,81,10982,65868
2023-06-21 15:02:07,80,81,11182,66068
2023-06-21 15:02:07,80,82,11182,66068
2023-06-21 15:02:18,81,82,11182,66068
2023-06-21 15:02:22,80,82,11182,66068
2023-06-21 15:02:23,81,82,11182,66068
2023-06-21 15:02:25,80,82,11182,66068
2023-06-21 15:02:44,81,82,11182,66068
2023-06-21 15:02:50,81,82,11182,66168
2023-06-21 15:02:55,79,82,11082,66268
2023-06-21 15:03:15,79,80,11082,66268
2023-06-21 15:03:16,78,80,11062,66468
2023-06-21 15:03:16,77,80,11062,66468
2023-06-21 15:03:16,77,79,11062,66468
2023-06-21 15:03:17,77,78,11062,66468
2023-06-21 15:03:19,77,78,11062,66668
2023-06-21 15:03:19,76,78,11062,66668
2023-06-21 15:03:43,76,78,10812,66918
2023-06-21 15:03:54,77,78,10812,66918
2023-06-21 15:03:55,77,80,10812,66918
2023-06-21 15:03:55,77,79,10812,66918
2023-06-21 15:04:04,77,80,10812,66918
2023-06-21 15:04:04,77,78,10812,66918
2023-06-21 15:04:05,76,78,10812,66918
2023-06-21 15:04:13,76,80,10933,67169
2023-06-21 15:04:14,77,80,10933,67169
2023-06-21 15:04:14,76,80,10933,67169
2023-06-21 15:04:14,78,80,10933,67169
2023-06-21 15:04:18,77,80,10933,67169
2023-06-21 15:04:18,79,80,10933,67169
2023-06-21 15:04:38,77,80,10933,67169
2023-06-21 15:04:38,78,80,10933,67169
2023-06-21 15:04:48,76,78,10812,67290
2023-06-21 15:04:49,76,80,10812,67290
2023-06-21 15:04:51,76,79,10812,67290
2023-06-21 15:04:52,76,79,10792,67490
2023-06-21 15:04:52,75,77,10792,67690
2023-06-21 15:04:52,73,77,10792,67690
2023-06-21 15:04:54,73,76,10792,67690
2023-06-21 15:04:55,73,77,10792,67690
2023-06-21 15:04:55,73,75,10792,67690
2023-06-21 15:05:06,73,74,10792,67690
2023-06-21 15:05:08,71,72,10752,67730
2023-06-21 15:05:08,69,72,10752,67730
2023-06-21 15:05:09,69,71,10752,67730
2023-06-21 15:05:11,69,70,10752,67730
2023-06-21 15:05:11,68,70,10752,67730
2023-06-21 15:05:25,68,70,10674,67930
2023-06-21 15:05:25,68,71,10674,67930
2023-06-21 15:05:25,67,71,10674,67930
2023-06-21 15:05:25,67,70,10674,67930
2023-06-21 15:05:25,67,69,10674,67930
2023-06-21 15:05:26,66,69,10674,67930
2023-06-21 15:05:27,66,70,10674,67930
2023-06-21 15:05:27,66,68,10674,67930
2023-06-21 15:05:30,66,70,10674,67930
2023-06-21 15:05:30,66,69,10674,67930
2023-06-21 15:05:31,67,69,10674,67930
2023-06-21 15:05:48,67,68,10674,67930
2023-06-21 15:05:51,67,69,10674,67930
2023-06-21 15:05:51,68,69,10674,67930
2023-06-21 15:05:51,67,69,10674,67930
2023-06-21 15:05:52,67,70,10682,67940
2023-06-21 15:05:53,68,70,10682,67940
2023-06-21 15:05:54,69,70,10682,67940
2023-06-21 15:05:54,69,71,10692,67950
2023-06-21 15:06:01,69,71,10692,68350
2023-06-21 15:06:02,70,71,10692,68350
2023-06-21 15:06:03,70,73,10702,68360
2023-06-21 15:06:03,70,72,10702,68360
2023-06-21 15:06:12,71,72,10702,68360
2023-06-21 15:06:13,72,74,10712,68470
2023-06-21 15:06:14,71,74,10712,68470
2023-06-21 15:06:17,72,74,10712,68470
2023-06-21 15:06:26,72,75,10912,68670
2023-06-21 15:06:26,73,75,10912,68670
2023-06-21 15:06:26,73,76,10912,68670
2023-06-21 15:06:26,74,76,10912,68670
2023-06-21 15:06:26,73,76,10912,68670
2023-06-21 15:06:26,75,76,10912,68670
2023-06-21 15:06:27,75,77,10912,68670
2023-06-21 15:06:33,75,76,10912,68670
2023-06-21 15:06:33,74,76,10912,68670
2023-06-21 15:06:41,73,76,10912,68670
2023-06-21 15:06:41,75,76,10912,68670
2023-06-21 15:06:52,75,78,10922,68680
2023-06-21 15:06:52,74,78,10922,68680
2023-06-21 15:06:53,76,78,10922,68680
2023-06-21 15:06:53,74,78,10922,68680
2023-06-21 15:06:53,74,77,10922,68680
2023-06-21 15:06:53,75,77,10922,68680
2023-06-21 15:07:15,75,76,10922,68680
2023-06-21 15:07:15,74,76,10912,68690
2023-06-21 15:07:24,74,75,10912,68690
2023-06-21 15:07:34,75,77,10912,68700
2023-06-21 15:07:34,74,77,10912,68700
2023-06-21 15:07:34,76,77,10912,68700
2023-06-21 15:07:37,77,78,10887,68775
2023-06-21 15:07:37,77,78,10887,68815
2023-06-21 15:07:37,77,78,10887,68855
2023-06-21 15:07:43,77,78,10888,68871
2023-06-21 15:07:50,76,78,10888,68871
2023-06-21 15:07:59,76,77,10888,68871
2023-06-21 15:08:01,75,77,10878,68881
2023-06-21 15:08:04,75,78,10878,68881
2023-06-21 15:08:04,75,76,10878,68881
2023-06-21 15:08:05,74,76,10878,68881
2023-06-21 15:08:07,74,75,10878,68881
2023-06-21 15:08:35,74,76,10878,68881
2023-06-21 15:08:41,75,76,10878,68881
2023-06-21 15:08:54,75,77,10888,68891
2023-06-21 15:09:06,75,76,10888,68891
2023-06-21 15:09:11,75,77,10888,68891
2023-06-21 15:09:18,75,76,10888,68891
2023-06-21 15:09:34,75,77,10888,68891
2023-06-21 15:09:34,76,77,10888,68891
2023-06-21 15:09:52,76,78,10898,68901
2023-06-21 15:09:58,77,78,10898,68901
2023-06-21 15:10:03,79,80,10908,68912
2023-06-21 15:10:04,79,81,11084,69112
2023-06-21 15:10:04,80,81,11084,69112
2023-06-21 15:10:04,79,81,10908,69288
2023-06-21 15:10:06,79,82,10908,69288
2023-06-21 15:10:06,80,82,10908,69288
2023-06-21 15:10:08,79,82,10908,69288
2023-06-21 15:10:13,80,82,10908,69288
2023-06-21 15:10:14,79,82,10908,69288
2023-06-21 15:10:15,81,82,10908,69288
2023-06-21 15:10:15,79,82,10908,69488
2023-06-21 15:10:19,80,82,10908,69488
2023-06-21 15:10:23,81,82,10908,69488
2023-06-21 15:10:24,80,82,10908,69488
2023-06-21 15:10:24,79,82,10908,69488
2023-06-21 15:10:28,78,82,10908,69488
2023-06-21 15:10:33,78,81,10908,69488
2023-06-21 15:10:35,78,79,10908,69488
2023-06-21 15:10:36,77,79,10908,69688
2023-06-21 15:10:36,76,79,10908,69688
2023-06-21 15:10:36,76,78,10908,69688
2023-06-21 15:11:03,76,80,10908,69688
2023-06-21 15:11:03,77,80,10908,69688
2023-06-21 15:11:03,77,79,10908,69688
2023-06-21 15:11:20,79,81,10918,69878
2023-06-21 15:11:21,78,81,10918,69878
2023-06-21 15:11:47,80,81,10918,69878
2023-06-21 15:11:48,81,82,10928,69888
2023-06-21 15:11:48,81,83,10928,69888
2023-06-21 15:11:49,82,83,10928,69888
2023-06-21 15:11:49,81,83,10928,70088
2023-06-21 15:11:53,82,83,10928,70088
2023-06-21 15:11:53,81,83,10928,70288
2023-06-21 15:11:54,80,83,10928,70288
2023-06-21 15:12:01,81,83,10928,70288
2023-06-21 15:12:04,80,83,10928,70288
2023-06-21 15:12:11,83,84,11138,70498
2023-06-21 15:12:12,83,85,11148,70698
2023-06-21 15:12:14,82,85,11148,70698
2023-06-21 15:12:14,84,85,11148,70698
2023-06-21 15:12:17,82,85,10948,70898
2023-06-21 15:13:29,81,85,10928,70918
2023-06-21 15:13:56,81,85,10928,70928
2023-06-21 15:13:58,82,85,10928,70928
2023-06-21 15:14:31,82,85,10928,70979
2023-06-21 15:14:31,82,84,10928,70979
2023-06-21 15:15:06,82,85,10938,71040
2023-06-21 15:15:08,83,85,10938,71040
2023-06-21 15:15:40,83,86,10948,71050
2023-06-21 15:16:17,84,86,10948,71050
2023-06-21 15:16:20,84,87,10968,71070
2023-06-21 15:16:39,84,87,10980,71082
2023-06-21 15:16:39,84,86,10980,71082
2023-06-21 15:16:40,84,87,10980,71094
2023-06-21 15:17:23,84,86,10980,71094
2023-06-21 15:17:42,83,86,10980,71124
2023-06-21 15:18:00,83,85,10980,71124
2023-06-21 15:18:02,83,86,10980,71124
2023-06-21 15:18:29,84,86,10980,71124
2023-06-21 15:18:45,84,87,10990,71135
2023-06-21 15:19:04,84,88,11045,71190
2023-06-21 15:19:05,85,88,11045,71190
2023-06-21 15:19:13,86,88,11045,71190
2023-06-21 15:19:14,85,88,11045,71235
2023-06-21 15:19:16,85,87,11045,71235
2023-06-21 15:19:16,85,88,11045,71235
2023-06-21 15:19:18,85,87,11045,71235
2023-06-21 15:19:31,85,88,11095,71285
2023-06-21 15:20:13,85,87,11095,71285
2023-06-21 15:20:18,83,87,11095,71305
2023-06-21 15:20:23,83,86,11095,71305
2023-06-21 15:20:24,83,85,11095,71305
2023-06-21 15:20:24,83,86,11095,71505
2023-06-21 15:20:27,83,85,11095,71505
2023-06-21 15:20:31,83,86,11105,71515
2023-06-21 15:20:34,83,87,11105,71515
2023-06-21 15:20:38,83,86,11105,71515
2023-06-21 15:20:45,85,86,11105,71515
2023-06-21 15:20:57,85,87,11125,71535
2023-06-21 15:21:03,86,87,11125,71535
2023-06-21 15:21:06,86,88,11180,71590
2023-06-21 15:21:14,87,88,11180,71590
2023-06-21 15:21:23,86,87,11180,71592
2023-06-21 15:21:24,86,87,11178,71594
2023-06-21 15:21:25,86,87,11176,71596
2023-06-21 15:21:26,86,87,11174,71598
2023-06-21 15:21:34,85,86,11121,71651
2023-06-21 15:21:34,85,87,11121,71798
2023-06-21 15:21:42,86,87,11121,71798
2023-06-21 15:21:46,85,87,11121,71798
2023-06-21 15:21:47,85,86,11121,71798
2023-06-21 15:21:47,85,87,11121,71998
2023-06-21 15:21:47,85,86,11121,71998
2023-06-21 15:21:52,84,86,11126,72003
2023-06-21 15:21:59,82,86,11126,72003
2023-06-21 15:21:59,83,86,11126,72003
2023-06-21 15:22:03,84,86,11126,72003
2023-06-21 15:22:09,83,86,11126,72003
2023-06-21 15:22:10,83,84,11126,72003
2023-06-21 15:22:10,83,86,11126,72048
2023-06-21 15:22:10,84,86,11126,72048
2023-06-21 15:22:10,83,85,11126,72048
2023-06-21 15:22:22,83,86,11126,72048
2023-06-21 15:22:26,83,85,11126,72048
2023-06-21 15:22:29,81,82,11046,72128
2023-06-21 15:22:29,80,82,11046,72128
2023-06-21 15:22:29,80,84,11046,72248
2023-06-21 15:22:30,80,82,11046,72248
2023-06-21 15:22:30,76,79,11046,72338
2023-06-21 15:22:30,76,79,11046,72383
2023-06-21 15:22:30,77,79,11046,72383
2023-06-21 15:22:30,78,79,11046,72383
2023-06-21 15:22:30,77,79,11046,72383
2023-06-21 15:22:31,71,75,11041,72478
2023-06-21 15:22:32,71,79,11041,72478
2023-06-21 15:22:32,71,77,10978,72588
2023-06-21 15:22:32,74,77,10978,72588
2023-06-21 15:22:32,75,77,10978,72588
2023-06-21 15:22:32,75,77,10938,72628
2023-06-21 15:22:32,74,77,10938,72628
2023-06-21 15:22:33,74,78,10938,72628
2023-06-21 15:22:35,74,79,10938,72628
2023-06-21 15:22:35,74,78,10938,72628
2023-06-21 15:22:35,74,77,10938,72628
2023-06-21 15:22:37,74,79,10938,72628
2023-06-21 15:22:37,74,78,10938,72628
2023-06-21 15:22:40,74,77,10938,72628
2023-06-21 15:22:44,75,77,10938,72628
2023-06-21 15:22:44,75,79,10938,72628
2023-06-21 15:22:44,75,78,10938,72628
2023-06-21 15:22:46,74,78,10938,72628
2023-06-21 15:22:51,75,78,10938,72628
2023-06-21 15:22:58,75,79,10938,72628
2023-06-21 15:22:58,75,78,10938,72628
2023-06-21 15:22:58,75,77,10938,72628
2023-06-21 15:23:05,75,78,10948,72638
2023-06-21 15:23:09,77,78,10948,72638
2023-06-21 15:23:09,77,79,10948,72638
2023-06-21 15:23:09,77,79,10958,72648
2023-06-21 15:23:11,76,79,10958,72648
2023-06-21 15:23:11,76,80,10958,72648
2023-06-21 15:23:11,75,80,10958,72648
2023-06-21 15:23:11,75,78,10958,72648
2023-06-21 15:23:16,77,78,10958,72648
2023-06-21 15:23:38,78,80,10958,72828
2023-06-21 15:23:39,77,80,10958,72828
2023-06-21 15:23:41,77,81,10958,72828
2023-06-21 15:23:42,78,81,10958,72828
2023-06-21 15:23:48,77,81,10958,72828
2023-06-21 15:23:57,77,80,10958,72828
2023-06-21 15:24:11,77,79,10958,72828
2023-06-21 15:24:18,77,78,10958,72828
2023-06-21 15:24:23,77,79,10958,72828
2023-06-21 15:24:23,77,80,10958,72828
2023-06-21 15:24:31,77,79,10958,72828
2023-06-21 15:24:40,77,80,10958,72828
2023-06-21 15:24:49,77,79,10958,72828
2023-06-21 15:24:50,77,78,10958,72828
2023-06-21 15:25:00,75,76,10948,72840
2023-06-21 15:25:11,75,78,10948,72840
2023-06-21 15:25:12,75,79,10948,72840
2023-06-21 15:25:14,75,78,10948,72840
2023-06-21 15:25:16,75,77,10948,72840
2023-06-21 15:25:19,73,74,10910,72965
2023-06-21 15:25:20,72,74,10910,72965
2023-06-21 15:25:21,72,75,10910,73085
2023-06-21 15:25:24,71,75,10910,73085
2023-06-21 15:25:26,70,71,10910,73130
2023-06-21 15:25:26,70,71,10910,73170
2023-06-21 15:25:30,70,71,10910,73215
2023-06-21 15:25:40,68,71,10910,73215
2023-06-21 15:25:45,68,72,10910,73215
2023-06-21 15:25:45,69,72,10910,73215
2023-06-21 15:25:48,69,73,10910,73215
2023-06-21 15:25:49,69,72,10910,73215
2023-06-21 15:25:51,70,72,10910,73215
2023-06-21 15:25:51,70,73,10910,73215
2023-06-21 15:25:51,70,74,10910,73215
2023-06-21 15:25:52,70,73,10910,73215
2023-06-21 15:25:52,70,74,10920,73225
2023-06-21 15:25:54,71,74,10920,73225
2023-06-21 15:25:57,70,74,10920,73225
2023-06-21 15:26:02,71,74,10920,73225
2023-06-21 15:26:02,71,75,10920,73225
2023-06-21 15:26:03,71,74,10920,73225
2023-06-21 15:26:08,70,74,10920,73225
2023-06-21 15:26:22,71,74,10920,73225
2023-06-21 15:26:27,72,74,10920,73225
2023-06-21 15:26:32,72,74,10940,73245
2023-06-21 15:26:34,73,74,10940,73245
2023-06-21 15:26:41,72,74,10940,73245
2023-06-21 15:26:45,73,74,10940,73245
2023-06-21 15:26:48,72,74,10940,73245
2023-06-21 15:26:48,73,74,10940,73245
2023-06-21 15:26:58,72,74,10940,73245
2023-06-21 15:27:01,73,74,10940,73245
2023-06-21 15:27:04,75,76,10940,73265
2023-06-21 15:27:05,75,76,10940,73267
2023-06-21 15:27:05,75,78,10940,73275
2023-06-21 15:27:15,77,78,10940,73275
2023-06-21 15:27:22,75,78,10940,73275
2023-06-21 15:27:54,77,78,10940,73275
2023-06-21 15:28:00,75,78,10940,73275
2023-06-21 15:28:04,75,77,10940,73275
2023-06-21 15:28:06,75,76,10940,73275
2023-06-21 15:28:12,71,76,10940,73275
2023-06-21 15:28:12,72,76,10940,73275
2023-06-21 15:28:22,72,77,10940,73275
2023-06-21 15:28:22,72,75,10940,73275
2023-06-21 15:28:26,72,77,10940,73275
2023-06-21 15:28:26,72,74,10940,73275
2023-06-21 15:28:31,72,77,10940,73275
2023-06-21 15:28:31,72,75,10940,73275
2023-06-21 15:28:33,72,78,10940,73275
2023-06-21 15:28:33,72,77,10940,73275
2023-06-21 15:28:33,72,76,10940,73275
2023-06-21 15:28:36,75,76,10940,73275
2023-06-21 15:29:07,75,78,10940,73275
2023-06-21 15:29:07,75,77,10940,73275
2023-06-21 15:29:26,75,76,10940,73275
2023-06-21 15:29:49,75,76,10940,73295
2023-06-21 15:29:56,72,76,10940,73295
2023-06-21 15:30:07,72,77,10940,73295
2023-06-21 15:30:07,72,76,10940,73295
2023-06-21 15:30:09,73,76,10940,73295
2023-06-21 15:30:17,74,76,10940,73295
2023-06-21 15:30:20,73,76,10940,73295
2023-06-21 15:30:20,74,76,10940,73295
2023-06-21 15:30:29,74,75,10940,73295
2023-06-21 15:30:30,74,76,10940,73295
2023-06-21 15:30:30,72,75,10940,73495
2023-06-21 15:30:30,71,75,10985,73540
2023-06-21 15:30:30,71,72,10985,73540
2023-06-21 15:30:30,70,72,10985,73540
2023-06-21 15:30:43,71,72,10985,73540
2023-06-21 15:31:02,68,70,10885,73664
2023-06-21 15:31:02,65,70,10885,73664
2023-06-21 15:31:02,66,70,10885,73664
2023-06-21 15:31:03,66,71,10885,73664
2023-06-21 15:31:04,66,72,10885,73664
2023-06-21 15:31:06,66,68,10885,73664
2023-06-21 15:31:06,66,67,10885,73664
2023-06-21 15:31:06,65,67,10885,73664
2023-06-21 15:31:13,65,68,10885,73664
2023-06-21 15:31:15,65,69,10885,73664
2023-06-21 15:31:20,65,68,10885,73664
2023-06-21 15:31:29,65,69,10885,73664
2023-06-21 15:31:30,66,69,10885,73664
2023-06-21 15:31:30,66,70,10885,73664
2023-06-21 15:31:30,66,71,10885,73664
2023-06-21 15:31:30,66,69,10885,73664
2023-06-21 15:31:57,67,69,10885,73664
2023-06-21 15:31:57,68,69,10885,73664
2023-06-21 15:32:03,68,72,10885,73664
2023-06-21 15:32:06,69,72,10885,73664
2023-06-21 15:32:11,70,72,10885,73664
2023-06-21 15:32:12,69,72,10885,73664
2023-06-21 15:32:21,69,72,10862,73709
2023-06-21 15:32:22,69,70,10862,73709
2023-06-21 15:32:22,68,69,10872,73719
2023-06-21 15:32:22,68,70,10872,73719
2023-06-21 15:32:22,68,69,10872,73719
2023-06-21 15:32:23,63,64,10802,73854
2023-06-21 15:32:23,63,64,10812,73864
2023-06-21 15:32:23,59,64,10812,73864
2023-06-21 15:32:23,60,64,10812,73864
2023-06-21 15:32:24,61,64,10812,73864
2023-06-21 15:32:24,59,64,10812,73864
2023-06-21 15:32:24,59,62,10812,73864
2023-06-21 15:32:25,59,65,10812,73864
2023-06-21 15:32:25,60,65,10812,73864
2023-06-21 15:32:25,60,63,10812,73864
2023-06-21 15:32:29,60,65,10812,73864
2023-06-21 15:32:29,61,65,10812,73864
2023-06-21 15:32:29,61,66,10812,73864
2023-06-21 15:32:29,61,64,10812,73864
2023-06-21 15:32:33,61,66,10812,73864
2023-06-21 15:32:33,61,63,10812,73864
2023-06-21 15:32:36,61,65,10812,73864
2023-06-21 15:32:36,61,62,10812,73864
2023-06-21 15:32:42,60,62,10812,73864
2023-06-21 15:32:42,58,62,10812,73864
2023-06-21 15:32:42,58,63,10812,73864
2023-06-21 15:32:42,58,61,10812,73864
2023-06-21 15:32:44,58,63,10812,73864
2023-06-21 15:32:44,58,60,10812,73864
2023-06-21 15:32:45,58,63,10812,73864
2023-06-21 15:32:45,58,62,10812,73864
2023-06-21 15:32:45,58,59,10812,73864
2023-06-21 15:32:47,56,59,10822,73874
2023-06-21 15:32:47,56,57,10822,73874
2023-06-21 15:32:47,55,57,10867,73919
2023-06-21 15:32:47,55,56,10867,73919
2023-06-21 15:32:48,51,56,10867,73919
2023-06-21 15:32:48,52,56,10867,73919
2023-06-21 15:32:48,51,56,10867,73919
2023-06-21 15:32:49,51,54,10867,73919
2023-06-21 15:32:49,50,54,10867,73919
2023-06-21 15:32:51,50,56,10867,73919
2023-06-21 15:32:51,49,56,10867,73919
2023-06-21 15:32:51,49,55,10867,73919
2023-06-21 15:32:51,49,53,10867,73919
2023-06-21 15:32:51,49,55,10867,73919
2023-06-21 15:32:52,49,52,10867,73919
2023-06-21 15:32:52,49,51,10867,73919
2023-06-21 15:32:52,49,50,10867,73919
2023-06-21 15:32:52,49,50,10877,73929
2023-06-21 15:32:52,42,50,10877,73929
2023-06-21 15:32:52,42,51,10877,73929
2023-06-21 15:32:53,45,50,10877,73929
2023-06-21 15:32:53,45,49,10877,73929
2023-06-21 15:32:53,46,49,10877,73929
2023-06-21 15:32:53,45,49,10877,73929
2023-06-21 15:32:53,45,48,10877,73929
2023-06-21 15:32:54,44,48,10877,73929
2023-06-21 15:32:55,44,47,10877,73929
2023-06-21 15:32:58,44,48,10877,73929
2023-06-21 15:32:58,45,48,10877,73929
2023-06-21 15:33:01,45,47,10877,73929
2023-06-21 15:33:01,44,47,10877,73929
2023-06-21 15:33:02,44,47,10923,74129
2023-06-21 15:33:02,44,49,10923,74129
2023-06-21 15:33:02,44,46,10923,74129
2023-06-21 15:33:04,44,49,10923,74129
2023-06-21 15:33:04,44,48,10923,74129
2023-06-21 15:33:04,44,45,10923,74129
2023-06-21 15:33:09,44,48,10923,74129
2023-06-21 15:33:09,44,46,10923,74129
2023-06-21 15:33:11,44,48,10923,74129
2023-06-21 15:33:11,44,49,10923,74129
2023-06-21 15:33:11,44,50,10923,74129
2023-06-21 15:33:11,44,48,10923,74129
2023-06-21 15:33:12,44,50,10923,74129
2023-06-21 15:33:12,44,47,10923,74129
2023-06-21 15:33:13,44,50,10923,74129
2023-06-21 15:33:13,44,49,10923,74129
2023-06-21 15:33:13,44,46,10923,74129
2023-06-21 15:33:14,44,48,10923,74129
2023-06-21 15:33:14,44,45,10923,74129
2023-06-21 15:33:15,44,48,10923,74229
2023-06-21 15:33:16,42,48,10923,74229
2023-06-21 15:33:16,43,48,10923,74229
2023-06-21 15:33:17,43,49,10923,74229
2023-06-21 15:33:21,42,49,10923,74229
2023-06-21 15:33:22,42,48,10923,74229
2023-06-21 15:33:24,42,47,10923,74229
2023-06-21 15:33:25,42,46,10923,74229
2023-06-21 15:33:26,39,46,10923,74229
2023-06-21 15:33:26,40,46,10923,74229
2023-06-21 15:33:26,44,46,10923,74229
2023-06-21 15:33:27,40,46,10895,74257
2023-06-21 15:33:27,40,47,10895,74257
2023-06-21 15:33:28,41,47,10895,74257
2023-06-21 15:33:29,41,48,10895,74257
2023-06-21 15:33:31,40,48,10895,74257
2023-06-21 15:33:32,41,47,10895,74257
2023-06-21 15:33:32,41,48,10895,74257
2023-06-21 15:33:34,40,48,10895,74257
2023-06-21 15:33:35,40,48,10898,74260
2023-06-21 15:33:35,41,48,10898,74260
2023-06-21 15:33:35,42,48,10898,74260
2023-06-21 15:33:35,42,49,10898,74260
2023-06-21 15:33:35,45,49,10898,74260
2023-06-21 15:33:38,41,49,10898,74260
2023-06-21 15:33:38,42,50,10898,74260
2023-06-21 15:33:38,46,50,10898,74260
2023-06-21 15:33:38,42,50,10895,74263
2023-06-21 15:33:38,47,50,10895,74263
2023-06-21 15:33:39,42,50,10895,74278
2023-06-21 15:33:39,42,50,10910,74293
2023-06-21 15:33:39,42,46,10910,74293
2023-06-21 15:33:42,42,51,10910,74293
2023-06-21 15:33:42,42,47,10910,74293
2023-06-21 15:33:47,42,52,10910,74293
2023-06-21 15:33:47,42,51,10910,74293
2023-06-21 15:33:47,42,50,10910,74293
2023-06-21 15:33:47,42,46,10910,74293
2023-06-21 15:33:48,42,51,10910,74293
2023-06-21 15:33:48,42,47,10910,74293
2023-06-21 15:33:51,42,52,10910,74293
2023-06-21 15:33:51,42,51,10910,74293
2023-06-21 15:33:51,42,46,10910,74293
2023-06-21 15:33:52,42,51,10910,74293
2023-06-21 15:33:52,42,52,10910,74293
2023-06-21 15:33:52,42,47,10910,74293
2023-06-21 15:33:55,42,52,10910,74293
2023-06-21 15:33:55,44,52,10910,74293
2023-06-21 15:33:55,44,53,10910,74293
2023-06-21 15:33:55,44,54,10910,74293
2023-06-21 15:33:55,44,53,10910,74293
2023-06-21 15:33:56,44,49,10910,74293
2023-06-21 15:33:56,43,49,10910,74293
2023-06-21 15:33:57,43,54,10910,74293
2023-06-21 15:33:57,43,53,10910,74293
2023-06-21 15:33:57,43,48,10910,74293
2023-06-21 15:34:00,43,54,10910,74293
2023-06-21 15:34:00,43,53,10910,74293
2023-06-21 15:34:00,43,47,10910,74293
2023-06-21 15:34:01,43,53,10910,74293
2023-06-21 15:34:01,43,48,10910,74293
2023-06-21 15:34:04,43,53,10910,74293
2023-06-21 15:34:04,43,47,10910,74293
2023-06-21 15:34:04,43,47,10910,74296
2023-06-21 15:34:10,42,47,10910,74296
2023-06-21 15:34:14,42,52,10910,74296
2023-06-21 15:34:14,42,46,10910,74296
2023-06-21 15:34:15,42,52,10910,74296
2023-06-21 15:34:15,42,51,10910,74296
2023-06-21 15:34:15,42,45,10910,74296
2023-06-21 15:34:19,42,51,10910,74296
2023-06-21 15:34:19,42,50,10910,74296
2023-06-21 15:34:19,42,44,10910,74296
2023-06-21 15:34:19,42,50,10910,74308
2023-06-21 15:34:20,40,50,10910,74308
2023-06-21 15:34:22,40,46,10910,74308
2023-06-21 15:34:24,39,46,10920,74318
2023-06-21 15:34:26,39,42,10920,74318
2023-06-21 15:34:26,33,42,10930,74328
2023-06-21 15:34:28,35,42,10930,74328
2023-06-21 15:34:30,35,40,10930,74328
2023-06-21 15:34:31,35,40,10935,74333
2023-06-21 15:34:37,35,42,10935,74333
2023-06-21 15:34:45,36,42,10935,74333
2023-06-21 15:34:48,37,42,10935,74333
2023-06-21 15:34:55,37,41,10935,74333
2023-06-21 15:34:55,35,41,10935,74348
2023-06-21 15:34:57,33,41,10935,74358
2023-06-21 15:35:01,33,42,10935,74358
2023-06-21 15:35:01,33,39,10935,74358
2023-06-21 15:35:20,29,31,10955,74378
2023-06-21 15:35:20,29,31,10965,74388
2023-06-21 15:35:20,28,31,10965,74388
2023-06-21 15:35:22,25,31,10965,74388
2023-06-21 15:35:23,25,32,10965,74388
2023-06-21 15:35:24,25,31,10965,74388
2023-06-21 15:35:25,24,31,10965,74388
2023-06-21 15:35:25,25,31,10965,74388
2023-06-21 15:35:26,25,30,10965,74388
2023-06-21 15:35:29,25,31,10965,74388
2023-06-21 15:35:31,26,31,10965,74388
2023-06-21 15:35:31,26,33,10965,74388
2023-06-21 15:35:31,26,32,10965,74388
2023-06-21 15:35:32,26,33,10965,74388
2023-06-21 15:35:32,25,33,10965,74388
2023-06-21 15:35:32,25,31,10965,74388
2023-06-21 15:35:33,26,31,10965,74388
2023-06-21 15:35:33,26,33,10965,74388
2023-06-21 15:35:33,26,32,10965,74388
2023-06-21 15:35:34,26,33,10965,74388
2023-06-21 15:35:34,25,33,10965,74388
2023-06-21 15:35:34,25,31,10965,74388
2023-06-21 15:35:39,26,31,10965,74388
2023-06-21 15:35:40,27,31,10965,74388
2023-06-21 15:35:40,27,34,10965,74388
2023-06-21 15:35:40,27,32,10965,74388
2023-06-21 15:35:46,27,34,10965,74388
2023-06-21 15:35:46,27,31,10965,74388
2023-06-21 15:35:49,27,32,10965,74388
2023-06-21 15:35:49,27,30,10965,74388
2023-06-21 15:35:52,27,30,10965,74390
2023-06-21 15:35:53,27,33,10965,74390
2023-06-21 15:35:53,27,31,10965,74390
2023-06-21 15:35:57,27,35,10965,74390
2023-06-21 15:35:57,27,34,10965,74390
2023-06-21 15:35:57,27,32,10965,74390
2023-06-21 15:36:01,27,34,10965,74390
2023-06-21 15:36:02,27,31,10965,74390
2023-06-21 15:36:03,27,35,10965,74390
2023-06-21 15:36:03,27,32,10965,74390
2023-06-21 15:36:05,27,36,10965,74398
2023-06-21 15:36:05,28,36,10965,74398
2023-06-21 15:36:05,28,35,10965,74398
2023-06-21 15:36:06,27,35,10965,74398
2023-06-21 15:36:07,27,36,10965,74398
2023-06-21 15:36:07,27,35,10965,74398
2023-06-21 15:36:08,27,34,10965,74398
2023-06-21 15:36:17,27,35,10965,74398
2023-06-21 15:36:18,28,35,10965,74398
2023-06-21 15:36:28,28,33,10965,74398
2023-06-21 15:36:29,28,34,11165,74598
2023-06-21 15:36:36,27,34,11165,74598
2023-06-21 15:36:36,26,34,11165,74598
2023-06-21 15:36:48,26,32,11165,74598
2023-06-21 15:36:49,26,33,11165,74598
2023-06-21 15:36:53,26,34,11165,74598
2023-06-21 15:36:56,26,35,11165,74638
2023-06-21 15:36:59,27,35,11165,74638
2023-06-21 15:37:01,26,35,11165,74638
2023-06-21 15:37:03,26,34,11165,74638
2023-06-21 15:37:04,26,35,11210,74723
2023-06-21 15:37:04,29,35,11210,74723
2023-06-21 15:37:05,26,35,11210,74723
2023-06-21 15:37:05,30,35,11210,74723
2023-06-21 15:37:05,26,35,11165,74768
2023-06-21 15:37:09,26,34,11165,74768
2023-06-21 15:37:11,26,35,11165,74768
2023-06-21 15:37:12,27,35,11165,74768
2023-06-21 15:37:17,28,35,11165,74768
2023-06-21 15:37:17,28,36,11165,74808
2023-06-21 15:37:21,29,36,11165,74808
2023-06-21 15:37:23,30,36,11165,74808
2023-06-21 15:37:30,29,36,11165,74818
2023-06-21 15:37:31,29,37,11165,74858
2023-06-21 15:37:40,27,37,11165,74858
2023-06-21 15:37:42,27,36,11165,74858
2023-06-21 15:37:50,27,36,11165,74883
2023-06-21 15:37:51,28,36,11165,74883
2023-06-21 15:37:52,29,36,11165,74883
2023-06-21 15:37:53,28,36,11165,74883
2023-06-21 15:38:04,29,36,11165,74883
2023-06-21 15:38:05,28,36,11165,74883
2023-06-21 15:38:18,28,34,11165,74883
2023-06-21 15:38:19,27,34,11165,74903
2023-06-21 15:38:28,24,34,11165,74903
2023-06-21 15:38:31,24,31,11165,74903
2023-06-21 15:38:33,24,32,11165,74903
2023-06-21 15:38:33,24,29,11165,74903
2023-06-21 15:38:42,24,31,11165,74903
2023-06-21 15:38:56,24,29,11165,74903
2023-06-21 15:38:58,19,29,11165,74913
2023-06-21 15:38:59,19,30,11165,74913
2023-06-21 15:39:01,19,23,11165,74913
2023-06-21 15:39:01,19,23,11175,74923
2023-06-21 15:39:06,18,23,11175,75023
2023-06-21 15:39:07,18,20,11175,75023
2023-06-21 15:39:08,17,20,11175,75173
2023-06-21 15:39:15,16,20,11175,75283
2023-06-21 15:39:18,16,18,11175,75283
2023-06-21 15:39:22,16,20,11175,75283
2023-06-21 15:39:22,15,16,11335,75443
2023-06-21 15:39:22,15,16,11470,75578
2023-06-21 15:39:24,12,16,11470,75693
2023-06-21 15:39:27,12,15,11470,75693
2023-06-21 15:39:31,12,16,11470,75693
2023-06-21 15:39:41,10,16,11470,75953
2023-06-21 15:39:43,10,15,11470,75953
2023-06-21 15:39:43,9,15,11470,75953
2023-06-21 15:39:45,10,15,11470,75953
2023-06-21 15:39:45,11,15,11470,75953
2023-06-21 15:39:45,12,15,11470,75953
2023-06-21 15:39:45,12,18,11470,75953
2023-06-21 15:39:46,15,18,11470,75953
2023-06-21 15:39:46,15,19,11470,75953
2023-06-21 15:39:46,15,27,11470,75953
2023-06-21 15:39:46,15,18,11470,75953
2023-06-21 15:39:46,16,18,11470,75953
2023-06-21 15:39:46,16,18,11480,75963
2023-06-21 15:39:52,15,18,11480,75963
2023-06-21 15:39:56,16,18,11480,75963
2023-06-21 15:39:56,17,18,11480,75963
2023-06-21 15:39:59,20,21,11420,76023
2023-06-21 15:39:59,20,24,11420,76023
2023-06-21 15:39:59,20,25,11420,76023
2023-06-21 15:39:59,20,26,11420,76023
2023-06-21 15:39:59,20,23,11420,76023
2023-06-21 15:40:00,19,23,11420,76023
2023-06-21 15:40:01,19,25,11420,76023
2023-06-21 15:40:01,18,25,11420,76023
2023-06-21 15:40:01,18,22,11420,76023
2023-06-21 15:40:02,18,25,11420,76023
2023-06-21 15:40:02,18,24,11420,76023
2023-06-21 15:40:02,18,21,11420,76023
2023-06-21 15:40:03,18,24,11420,76023
2023-06-21 15:40:03,18,20,11420,76023
2023-06-21 15:40:07,17,20,11420,76023
2023-06-21 15:40:10,16,20,11420,76023
2023-06-21 15:40:15,16,23,11420,76023
2023-06-21 15:40:15,17,23,11420,76023
2023-06-21 15:40:15,17,24,11420,76023
2023-06-21 15:40:15,17,21,11420,76023
2023-06-21 15:40:16,18,21,11420,76023
2023-06-21 15:40:18,17,21,11420,76023
2023-06-21 15:40:20,18,21,11420,76023
2023-06-21 15:40:20,18,25,11420,76023
2023-06-21 15:40:20,18,22,11420,76023
2023-06-21 15:40:24,18,25,11420,76023
2023-06-21 15:40:24,17,25,11420,76023
2023-06-21 15:40:24,17,21,11420,76023
2023-06-21 15:40:25,20,21,11420,76023
2023-06-21 15:40:25,20,25,11420,76023
2023-06-21 15:40:25,20,26,11420,76023
2023-06-21 15:40:25,20,28,11420,76023
2023-06-21 15:40:25,20,24,11420,76023
2023-06-21 15:40:26,21,24,11420,76023
2023-06-21 15:40:26,21,28,11420,76023
2023-06-21 15:40:26,21,29,11420,76023
2023-06-21 15:40:26,21,25,11420,76023
2023-06-21 15:40:27,22,25,11420,76023
2023-06-21 15:40:27,22,29,11420,76023
2023-06-21 15:40:27,22,30,11420,76023
2023-06-21 15:40:27,22,26,11420,76023
2023-06-21 15:40:29,22,30,11420,76023
2023-06-21 15:40:29,22,31,11420,76023
2023-06-21 15:40:29,22,27,11420,76023
2023-06-21 15:40:32,22,31,11420,76033
2023-06-21 15:40:32,23,31,11420,76033
2023-06-21 15:40:35,22,31,11420,76033
2023-06-21 15:40:36,24,31,11420,76033
2023-06-21 15:40:36,24,32,11420,76033
2023-06-21 15:40:36,24,31,11420,76033
2023-06-21 15:40:37,23,31,11420,76033
2023-06-21 15:40:37,26,31,11420,76033
2023-06-21 15:40:39,26,30,11420,76033
2023-06-21 15:40:48,29,30,11420,76033
2023-06-21 15:40:48,28,30,11220,76233
2023-06-21 15:40:49,29,30,11220,76233
2023-06-21 15:40:49,29,36,11220,76270
2023-06-21 15:40:49,29,40,11220,76270
2023-06-21 15:40:49,29,39,11220,76270
2023-06-21 15:40:50,30,39,11220,76270
2023-06-21 15:40:50,30,41,11220,76270
2023-06-21 15:40:50,28,41,11220,76270
2023-06-21 15:40:50,28,40,11220,76270
2023-06-21 15:40:51,32,40,11220,76270
2023-06-21 15:40:51,32,41,11220,76270
2023-06-21 15:40:51,32,40,11220,76270
2023-06-21 15:40:52,31,40,11220,76270
2023-06-21 15:40:58,30,40,11220,76270
2023-06-21 15:40:58,30,35,11220,76270
2023-06-21 15:40:59,31,35,11220,76270
2023-06-21 15:41:00,30,35,11220,76270
2023-06-21 15:41:03,29,35,11220,76315
2023-06-21 15:41:06,28,35,11220,76360
2023-06-21 15:41:09,28,34,11220,76360
2023-06-21 15:41:10,28,35,11220,76360
2023-06-21 15:41:10,28,34,11220,76360
2023-06-21 15:41:10,28,33,11220,76360
2023-06-21 15:41:16,28,31,11220,76360
2023-06-21 15:41:17,28,33,11220,76360
2023-06-21 15:41:17,28,30,11220,76360
2023-06-21 15:41:18,28,33,11220,76360
2023-06-21 15:41:18,28,32,11220,76360
2023-06-21 15:41:22,28,33,11220,76360
2023-06-21 15:41:23,29,33,11220,76360
2023-06-21 15:41:25,29,34,11220,76397
2023-06-21 15:41:29,29,33,11220,76397
2023-06-21 15:41:32,29,34,11220,76397
2023-06-21 15:41:32,29,31,11220,76397
2023-06-21 15:41:33,29,34,11220,76487
2023-06-21 15:41:36,28,34,11220,76567
2023-06-21 15:41:44,28,34,11220,76575
2023-06-21 15:41:50,29,34,11220,76575
2023-06-21 15:42:11,30,34,11220,76575
2023-06-21 15:42:12,29,34,11220,76575
2023-06-21 15:42:15,30,34,11220,76575
2023-06-21 15:42:19,31,34,11220,76575
2023-06-21 15:42:21,31,35,11220,76614
2023-06-21 15:42:23,32,35,11220,76614
2023-06-21 15:42:24,31,35,11220,76614
2023-06-21 15:42:25,31,36,11251,76651
2023-06-21 15:42:48,30,36,11251,76651
2023-06-21 15:43:05,31,36,11251,76651
2023-06-21 15:43:07,30,36,11251,76651
2023-06-21 15:43:17,30,33,11251,76651
2023-06-21 15:43:17,30,32,11251,76651
2023-06-21 15:43:18,29,32,11220,76691
2023-06-21 15:43:18,28,32,11220,76731
2023-06-21 15:43:21,28,31,11220,76731
2023-06-21 15:43:21,28,30,11220,76731
2023-06-21 15:43:22,28,31,11220,76731
2023-06-21 15:43:22,22,31,11220,76741
2023-06-21 15:43:23,26,31,11220,76741
2023-06-21 15:43:24,26,33,11220,76741
2023-06-21 15:43:24,20,29,11220,76751
2023-06-21 15:43:26,25,29,11220,76751
2023-06-21 15:43:26,25,27,11220,76751
2023-06-21 15:43:26,20,27,11220,76761
2023-06-21 15:43:26,20,26,11220,76761
2023-06-21 15:43:26,20,27,11220,76761
2023-06-21 15:43:26,19,27,11220,76761
2023-06-21 15:43:27,18,27,11220,76761
2023-06-21 15:43:28,19,27,11220,76761
2023-06-21 15:43:28,23,27,11220,76761
2023-06-21 15:43:45,25,27,11220,76761
2023-06-21 15:43:49,25,29,11220,76781
2023-06-21 15:43:54,26,29,11220,76781
2023-06-21 15:43:57,26,33,11220,76791
2023-06-21 15:43:58,26,32,11220,76791
2023-06-21 15:44:15,25,32,11220,76791
2023-06-21 15:44:15,23,32,11220,76791
2023-06-21 15:44:18,23,31,11220,76791
2023-06-21 15:44:24,23,32,11220,76791
2023-06-21 15:44:24,23,31,11220,76791
2023-06-21 15:44:35,24,31,11220,76791
2023-06-21 15:44:36,25,31,11220,76791
2023-06-21 15:44:37,26,31,11220,76791
2023-06-21 15:44:37,27,31,11220,76791
2023-06-21 15:44:38,27,32,11220,76817
2023-06-21 15:44:39,26,32,11220,76817
2023-06-21 15:44:39,27,32,11220,76817
2023-06-21 15:44:47,27,33,11223,76843
2023-06-21 15:45:17,21,33,11220,76923
2023-06-21 15:45:20,27,33,11220,76923
2023-06-21 15:45:20,27,32,11220,76923
2023-06-21 15:45:20,20,32,11220,76963
2023-06-21 15:45:22,20,31,11220,76963
2023-06-21 15:45:23,20,29,11220,76963
2023-06-21 15:45:23,17,29,11220,76963
2023-06-21 15:45:23,18,29,11220,76963
2023-06-21 15:45:26,18,30,11220,76963
2023-06-21 15:45:26,18,29,11220,76963
2023-06-21 15:45:26,18,30,11220,76963
2023-06-21 15:45:26,18,31,11220,76963
2023-06-21 15:45:27,19,31,11220,76963
2023-06-21 15:45:27,20,31,11220,76963
2023-06-21 15:45:28,21,31,11220,76963
2023-06-21 15:45:31,22,31,11220,76963
2023-06-21 15:45:39,21,31,11220,76963
2023-06-21 15:45:44,22,31,11220,76963
2023-06-21 15:45:52,23,31,11220,76963
2023-06-21 15:45:59,24,31,11220,76963
2023-06-21 15:45:59,25,31,11220,76963
2023-06-21 15:46:00,24,31,11220,76963
2023-06-21 15:46:02,23,31,11220,76963
2023-06-21 15:46:17,21,31,11220,76963
2023-06-21 15:46:20,22,31,11220,76963
2023-06-21 15:46:23,24,31,11220,76963
2023-06-21 15:46:26,23,31,11220,76963
2023-06-21 15:46:26,21,31,11220,76963
2023-06-21 15:46:27,23,31,11220,76963
2023-06-21 15:46:27,24,31,11220,76963
2023-06-21 15:46:42,24,30,11220,76963
2023-06-21 15:46:50,24,31,11220,76963
2023-06-21 15:46:53,21,31,11220,76963
2023-06-21 15:47:01,22,31,11220,76963
2023-06-21 15:47:01,23,31,11220,76963
2023-06-21 15:47:02,22,31,11220,76963
2023-06-21 15:47:09,24,31,11220,76963
2023-06-21 15:47:10,25,31,11220,76963
2023-06-21 15:47:11,26,31,11220,76963
2023-06-21 15:47:12,27,31,11220,76963
2023-06-21 15:47:12,28,31,11220,76963
2023-06-21 15:47:12,28,32,11220,77003
2023-06-21 15:47:13,29,32,11220,77003
2023-06-21 15:47:13,29,33,11220,77043
2023-06-21 15:47:15,30,33,11220,77043
2023-06-21 15:47:15,30,34,11223,77083
2023-06-21 15:47:20,30,35,11253,77113
2023-06-21 15:47:20,32,35,11253,77113
2023-06-21 15:47:20,32,36,11293,77153
2023-06-21 15:47:21,33,36,11293,77153
2023-06-21 15:47:21,33,45,11303,77163
2023-06-21 15:47:22,34,45,11303,77163
2023-06-21 15:47:22,34,44,11303,77163
2023-06-21 15:47:22,34,45,11303,77163
2023-06-21 15:47:25,34,41,11303,77163
2023-06-21 15:47:25,34,40,11303,77163
2023-06-21 15:47:30,34,41,11333,77193
2023-06-21 15:47:31,34,40,11333,77193
2023-06-21 15:47:32,35,40,11333,77193
2023-06-21 15:47:33,35,41,11333,77193
2023-06-21 15:47:36,36,41,11333,77193
2023-06-21 15:47:38,39,41,11333,77193
2023-06-21 15:47:38,39,40,11333,77193
2023-06-21 15:47:39,39,41,11343,77203
2023-06-21 15:47:39,39,42,11353,77213
2023-06-21 15:47:40,38,42,11353,77213
2023-06-21 15:47:40,41,46,11363,77223
2023-06-21 15:47:41,39,46,11363,77223
2023-06-21 15:47:41,39,45,11363,77223
2023-06-21 15:47:45,39,43,11363,77223
2023-06-21 15:47:45,39,46,11373,77233
2023-06-21 15:47:45,39,45,11373,77233
2023-06-21 15:47:46,41,45,11373,77233
2023-06-21 15:47:46,41,46,11373,77233
2023-06-21 15:47:48,41,45,11373,77233
2023-06-21 15:47:49,41,46,11383,77243
2023-06-21 15:47:51,41,46,11383,77253
2023-06-21 15:47:54,39,46,11383,77253
2023-06-21 15:47:54,41,46,11383,77253
2023-06-21 15:47:54,41,51,11383,77253
2023-06-21 15:47:54,41,52,11383,77253
2023-06-21 15:47:54,41,50,11383,77253
2023-06-21 15:47:54,41,43,11383,77253
2023-06-21 15:47:55,41,52,11393,77263
2023-06-21 15:47:56,41,51,11393,77263
2023-06-21 15:47:58,41,45,11393,77263
2023-06-21 15:48:06,39,45,11373,77283
2023-06-21 15:48:07,41,45,11373,77283
2023-06-21 15:48:07,41,44,11373,77283
2023-06-21 15:48:07,39,44,11333,77323
2023-06-21 15:48:10,40,44,11333,77323
2023-06-21 15:48:16,39,44,11260,77403
2023-06-21 15:48:17,35,44,11260,77433
2023-06-21 15:48:19,30,44,11260,77433
2023-06-21 15:48:21,29,44,11260,77433
2023-06-21 15:48:21,29,43,11260,77433
2023-06-21 15:48:24,28,43,11260,77433
2023-06-21 15:48:25,39,43,11260,77433
2023-06-21 15:48:25,39,42,11260,77433
2023-06-21 15:48:25,27,42,11260,77443
2023-06-21 15:48:26,26,42,11260,77443
2023-06-21 15:48:26,26,41,11260,77443
2023-06-21 15:48:27,25,41,11260,77443
2023-06-21 15:48:27,25,40,11260,77443
2023-06-21 15:48:28,37,40,11260,77443
2023-06-21 15:48:28,25,40,11260,77453
2023-06-21 15:48:30,36,40,11260,77453
2023-06-21 15:48:31,25,40,11260,77463
2023-06-21 15:48:33,26,40,11260,77463
2023-06-21 15:48:33,27,40,11260,77463
2023-06-21 15:48:33,36,40,11260,77463
2023-06-21 15:48:34,27,40,11260,77473
2023-06-21 15:48:34,28,40,11260,77473
2023-06-21 15:48:36,36,40,11260,77473
2023-06-21 15:48:36,28,40,11260,77483
2023-06-21 15:48:38,27,40,11260,77483
2023-06-21 15:48:39,37,40,11260,77483
2023-06-21 15:48:39,26,40,11260,77493
2023-06-21 15:48:41,27,40,11260,77493
2023-06-21 15:48:42,37,40,11260,77493
2023-06-21 15:48:42,27,40,11260,77503
2023-06-21 15:48:44,28,40,11260,77503
2023-06-21 15:48:45,36,40,11260,77503
2023-06-21 15:48:45,28,40,11260,77513
2023-06-21 15:48:47,27,40,11260,77513
2023-06-21 15:48:47,26,40,11260,77513
2023-06-21 15:48:48,35,40,11260,77513
2023-06-21 15:48:48,26,40,11260,77523
2023-06-21 15:48:50,35,40,11260,77523
2023-06-21 15:48:51,30,40,11260,77533
2023-06-21 15:48:53,34,40,11260,77533
2023-06-21 15:49:01,30,40,11260,77553
2023-06-21 15:49:02,30,39,11260,77553
2023-06-21 15:49:04,30,40,11260,77553
2023-06-21 15:49:06,30,42,11260,77553
2023-06-21 15:49:06,30,35,11260,77553
2023-06-21 15:49:12,30,44,11260,77633
2023-06-21 15:49:13,30,43,11260,77633
2023-06-21 15:49:14,30,44,11260,77633
2023-06-21 15:49:14,31,44,11260,77633
2023-06-21 15:49:16,34,44,11260,77633
2023-06-21 15:49:20,32,44,11260,77633
2023-06-21 15:49:20,32,38,11260,77633
2023-06-21 15:49:22,31,38,11260,77633
2023-06-21 15:49:22,30,38,11260,77633
2023-06-21 15:49:23,30,37,11260,77633
2023-06-21 15:49:23,30,38,11260,77633
2023-06-21 15:49:25,30,37,11260,77633
2023-06-21 15:49:26,30,38,11270,77643
2023-06-21 15:49:29,33,38,11270,77643
2023-06-21 15:49:29,33,35,11270,77643
2023-06-21 15:49:30,33,38,11270,77683
2023-06-21 15:49:31,32,38,11270,77683
2023-06-21 15:49:31,35,44,11273,77723
2023-06-21 15:49:31,35,43,11273,77723
2023-06-21 15:49:32,35,44,11273,77723
2023-06-21 15:49:33,33,44,11273,77723
2023-06-21 15:49:38,33,37,11273,77723
2023-06-21 15:49:39,33,43,11283,77733
2023-06-21 15:49:39,33,44,11283,77733
2023-06-21 15:49:39,33,43,11283,77733
2023-06-21 15:49:39,33,44,11283,77733
2023-06-21 15:49:39,33,41,11283,77733
2023-06-21 15:49:39,33,43,11283,77733
2023-06-21 15:49:39,33,44,11283,77733
2023-06-21 15:49:41,33,37,11283,77733
2023-06-21 15:49:41,33,44,11293,77743
2023-06-21 15:49:41,33,43,11293,77743
2023-06-21 15:49:44,33,38,11293,77743
2023-06-21 15:49:45,33,44,11303,77753
2023-06-21 15:49:45,33,43,11303,77753
2023-06-21 15:49:48,33,38,11303,77753
2023-06-21 15:49:49,33,44,11313,77763
2023-06-21 15:49:49,33,43,11313,77763
2023-06-21 15:49:51,35,43,11313,77763
2023-06-21 15:49:53,35,44,11313,77763
2023-06-21 15:49:56,35,39,11313,77763
2023-06-21 15:49:57,35,44,11323,77773
2023-06-21 15:50:00,35,40,11323,77773
2023-06-21 15:50:24,36,40,11323,77773
2023-06-21 15:50:26,36,43,11333,77783
2023-06-21 15:50:32,39,43,11333,77783
2023-06-21 15:50:33,41,43,11333,77783
2023-06-21 15:50:33,41,44,11336,77786
2023-06-21 15:50:34,43,44,11336,77786
2023-06-21 15:50:36,40,44,11336,77786
2023-06-21 15:50:36,45,56,11336,77794
2023-06-21 15:50:36,45,55,11336,77794
2023-06-21 15:50:40,41,55,11336,77794
2023-06-21 15:50:40,49,55,11336,77794
2023-06-21 15:50:50,51,55,11336,77794
2023-06-21 15:50:55,45,55,11336,77794
2023-06-21 15:50:55,53,55,11336,77794
2023-06-21 15:51:00,51,55,11336,77794
2023-06-21 15:51:01,47,55,11336,77794
2023-06-21 15:51:10,41,55,11336,77794
2023-06-21 15:51:10,45,55,11336,77794
2023-06-21 15:51:10,53,55,11336,77794
2023-06-21 15:51:14,42,55,11326,77804
2023-06-21 15:51:19,41,55,11326,77804
2023-06-21 15:51:19,48,55,11326,77804
2023-06-21 15:51:23,46,55,11326,77804
2023-06-21 15:51:24,53,55,11326,77804
2023-06-21 15:51:26,49,55,11316,77814
2023-06-21 15:51:30,43,55,11316,77814
2023-06-21 15:51:31,41,55,11316,77814
2023-06-21 15:51:31,41,54,11316,77814
2023-06-21 15:51:33,50,54,11316,77814
2023-06-21 15:51:33,50,53,11316,77814
2023-06-21 15:51:33,50,52,11316,77814
2023-06-21 15:51:35,41,52,11316,77824
2023-06-21 15:51:37,48,52,11316,77824
2023-06-21 15:51:42,48,55,11316,77824
2023-06-21 15:51:42,48,54,11316,77824
2023-06-21 15:51:44,41,54,11306,77834
2023-06-21 15:51:46,50,54,11306,77834
2023-06-21 15:51:49,50,55,11306,77834
2023-06-21 15:51:49,41,55,11286,77854
2023-06-21 15:51:50,41,54,11286,77854
2023-06-21 15:51:51,41,57,11286,77854
2023-06-21 15:51:51,41,56,11286,77854
2023-06-21 15:51:52,53,56,11286,77854
2023-06-21 15:51:54,53,57,11286,77854
2023-06-21 15:51:55,43,57,11277,77864
2023-06-21 15:51:58,41,57,11277,77864
2023-06-21 15:51:59,41,56,11277,77864
2023-06-21 15:52:01,52,56,11277,77864
2023-06-21 15:52:02,41,56,11277,77874
2023-06-21 15:52:04,44,56,11277,77874
2023-06-21 15:52:04,44,57,11277,77874
2023-06-21 15:52:04,44,56,11277,77874
2023-06-21 15:52:07,44,55,11277,77874
2023-06-21 15:52:07,44,54,11277,77874
2023-06-21 15:52:18,44,53,11277,77874
2023-06-21 15:52:18,44,52,11277,77874
2023-06-21 15:52:19,44,52,11277,77876
2023-06-21 15:52:22,41,52,11277,77876
2023-06-21 15:52:27,41,50,11277,77876
2023-06-21 15:52:28,41,49,11277,77876
2023-06-21 15:52:29,41,48,11277,77876
2023-06-21 15:52:30,41,47,11277,77876
2023-06-21 15:52:31,41,46,11277,77876
2023-06-21 15:52:31,41,45,11277,77876
2023-06-21 15:52:32,41,44,11277,77876
2023-06-21 15:52:34,30,44,11272,77891
2023-06-21 15:52:37,30,45,11272,77891
2023-06-21 15:52:37,30,46,11272,77891
2023-06-21 15:52:39,40,46,11272,77891
2023-06-21 15:52:40,40,45,11272,77891
2023-06-21 15:52:41,40,46,11272,77891
2023-06-21 15:52:49,40,45,11272,77891
2023-06-21 15:53:03,42,45,11272,77891
2023-06-21 15:53:03,42,46,11277,77899
2023-06-21 15:53:06,38,46,11277,77899
2023-06-21 15:53:06,42,46,11277,77899
2023-06-21 15:53:06,42,51,11277,77905
2023-06-21 15:53:06,42,50,11277,77905
2023-06-21 15:53:07,42,51,11277,77905
2023-06-21 15:53:11,42,50,11277,77905
2023-06-21 15:53:12,42,49,11277,77905
2023-06-21 15:53:14,42,48,11277,77905
2023-06-21 15:53:15,42,47,11277,77905
2023-06-21 15:53:16,42,46,11277,77905
2023-06-21 15:53:17,42,44,11277,77905
2023-06-21 15:53:18,30,40,11287,77915
2023-06-21 15:53:18,25,40,11287,77925
2023-06-21 15:53:18,22,40,11287,77925
2023-06-21 15:53:19,22,39,11287,77925
2023-06-21 15:53:19,21,39,11287,77925
2023-06-21 15:53:20,21,38,11287,77925
2023-06-21 15:53:20,20,38,11287,77925
2023-06-21 15:53:20,35,38,11287,77925
2023-06-21 15:53:22,35,36,11287,77925
2023-06-21 15:53:29,18,34,11297,77935
2023-06-21 15:53:30,18,33,11297,77935
2023-06-21 15:53:30,30,33,11297,77935
2023-06-21 15:53:31,30,35,11297,77935
2023-06-21 15:53:31,18,30,11300,77938
2023-06-21 15:53:32,18,32,11300,77938
2023-06-21 15:53:33,28,32,11300,77938
2023-06-21 15:53:36,28,34,11300,77938
2023-06-21 15:53:36,18,28,11303,77941
2023-06-21 15:53:37,24,28,11303,77941
2023-06-21 15:53:38,24,30,11303,77941
2023-06-21 15:53:41,24,33,11303,77941
2023-06-21 15:53:41,24,32,11303,77941
2023-06-21 15:53:41,24,33,11303,77941
2023-06-21 15:53:42,24,34,11303,77941
2023-06-21 15:53:46,24,28,11303,77941
2023-06-21 15:53:46,26,28,11303,77941
2023-06-21 15:53:47,27,28,11303,77941
2023-06-21 15:53:51,27,31,11303,77941
2023-06-21 15:53:51,18,26,11307,77945
2023-06-21 15:53:51,12,26,11307,77945
2023-06-21 15:53:51,12,26,11310,77948
2023-06-21 15:53:51,9,26,11310,77948
2023-06-21 15:53:53,10,27,11310,77948
2023-06-21 15:53:53,11,27,11310,77948
2023-06-21 15:53:54,11,28,11310,77948
2023-06-21 15:53:55,11,29,11310,77948
2023-06-21 15:53:55,12,29,11310,77948
2023-06-21 15:53:56,12,30,11310,77948
