datetime,bid,ask,open_interest,volume
2023-09-26 09:30:17,21,41,464,524
2023-09-26 09:30:17,21,31,464,524
2023-09-26 09:30:17,21,29,464,524
2023-09-26 09:30:29,10,29,464,524
2023-09-26 09:30:29,10,41,464,524
2023-09-26 09:30:29,21,41,464,524
2023-09-26 09:30:29,21,31,464,524
2023-09-26 09:30:29,21,29,464,524
2023-09-26 09:30:30,29,31,474,534
2023-09-26 09:30:48,21,31,474,624
2023-09-26 09:31:00,21,28,474,624
2023-09-26 09:31:00,24,28,474,624
2023-09-26 09:31:00,24,27,474,624
2023-09-26 09:31:07,24,28,474,624
2023-09-26 09:31:07,24,27,474,624
2023-09-26 09:31:07,25,27,474,624
2023-09-26 09:31:15,25,28,874,1024
2023-09-26 09:31:22,26,28,874,1024
2023-09-26 09:31:38,27,28,874,1024
2023-09-26 09:31:44,27,29,874,1024
2023-09-26 09:31:54,27,28,874,1024
2023-09-26 09:31:56,27,29,874,1024
2023-09-26 09:31:56,27,28,874,1024
2023-09-26 09:31:59,27,29,874,1024
2023-09-26 09:32:00,27,28,874,1024
2023-09-26 09:32:10,27,29,874,1024
2023-09-26 09:32:38,27,28,874,1024
2023-09-26 09:32:41,27,29,874,1024
2023-09-26 09:32:43,27,28,874,1024
2023-09-26 09:32:48,27,29,874,1024
2023-09-26 09:32:49,27,28,874,1024
2023-09-26 09:33:06,27,28,1054,1204
2023-09-26 09:33:27,25,28,1174,1324
2023-09-26 09:34:27,24,28,1174,1324
2023-09-26 09:34:30,24,26,1174,1324
2023-09-26 09:34:48,25,26,1174,1324
2023-09-26 09:35:01,25,28,1174,1324
2023-09-26 09:35:09,25,27,1174,1324
2023-09-26 09:35:15,24,27,1174,1324
2023-09-26 09:35:22,24,26,1174,1324
2023-09-26 09:35:23,24,26,1174,1334
2023-09-26 09:35:43,25,26,1174,1334
2023-09-26 09:35:55,25,27,1174,1334
2023-09-26 09:35:59,25,28,1174,1334
2023-09-26 09:36:00,25,27,1174,1334
2023-09-26 09:36:07,25,28,1174,1334
2023-09-26 09:36:09,25,27,1174,1334
2023-09-26 09:36:12,24,27,1174,1334
2023-09-26 09:36:13,25,27,1174,1334
2023-09-26 09:36:16,24,27,1174,1334
2023-09-26 09:36:20,25,27,1174,1334
2023-09-26 09:36:21,24,27,1174,1334
2023-09-26 09:36:22,25,27,1174,1334
2023-09-26 09:36:33,25,28,1174,1334
2023-09-26 09:36:35,25,27,1174,1334
2023-09-26 09:36:37,25,28,1174,1334
2023-09-26 09:36:38,25,27,1174,1334
2023-09-26 09:36:50,24,27,1174,1334
2023-09-26 09:37:00,25,27,1174,1334
2023-09-26 09:37:14,24,27,1174,1334
2023-09-26 09:37:16,25,27,1174,1334
2023-09-26 09:37:29,24,27,1174,1334
2023-09-26 09:37:32,25,27,1174,1334
2023-09-26 09:37:33,24,27,1174,1334
2023-09-26 09:37:34,25,27,1174,1334
2023-09-26 09:37:48,25,28,1174,1334
2023-09-26 09:37:51,25,27,1174,1334
2023-09-26 09:37:55,24,27,1174,1334
2023-09-26 09:38:05,25,27,1174,1334
2023-09-26 09:38:16,25,27,1224,1384
2023-09-26 09:38:17,24,27,1224,1384
2023-09-26 09:38:20,24,26,1224,1384
2023-09-26 09:38:51,24,25,1224,1384
2023-09-26 09:39:03,24,26,1224,1384
2023-09-26 09:40:34,24,27,1224,1384
2023-09-26 09:40:34,25,27,1224,1384
2023-09-26 09:40:41,25,28,1224,1384
2023-09-26 09:40:41,26,28,1224,1384
2023-09-26 09:40:47,25,28,1224,1384
2023-09-26 09:42:08,25,27,1224,1384
2023-09-26 09:42:08,25,27,1224,1564
2023-09-26 09:42:09,24,27,1224,1564
2023-09-26 09:42:44,24,26,1224,1564
2023-09-26 09:42:59,24,27,1224,1564
2023-09-26 09:44:04,24,26,1224,1564
2023-09-26 09:44:15,24,25,1224,1564
2023-09-26 09:44:24,24,25,1224,1567
2023-09-26 09:44:49,24,25,1224,1576
2023-09-26 09:44:57,24,25,1224,1585
2023-09-26 09:45:17,24,26,1224,1585
2023-09-26 09:45:24,24,27,1224,1585
2023-09-26 09:45:28,25,27,1224,1585
2023-09-26 09:45:42,24,27,1224,1585
2023-09-26 09:45:47,25,27,1224,1585
2023-09-26 09:46:05,24,27,1224,1585
2023-09-26 09:46:14,24,26,1224,1585
2023-09-26 09:46:17,24,25,1224,1585
2023-09-26 09:46:18,24,25,1224,1606
2023-09-26 09:46:48,24,26,1224,1606
2023-09-26 09:47:05,24,27,1224,1606
2023-09-26 09:47:06,25,27,1224,1606
2023-09-26 09:47:27,25,28,1224,1606
2023-09-26 09:47:32,26,28,1224,1606
2023-09-26 09:47:41,27,28,1224,1606
2023-09-26 09:48:13,26,28,1224,1606
2023-09-26 09:48:54,25,28,1224,1606
2023-09-26 09:48:56,25,27,1224,1606
2023-09-26 09:49:03,25,28,1224,1606
2023-09-26 09:49:43,26,28,1224,1606
2023-09-26 09:49:55,27,28,1224,1606
2023-09-26 09:49:57,27,29,1224,1606
2023-09-26 09:50:02,28,29,1224,1606
2023-09-26 09:50:24,28,30,1224,1606
2023-09-26 09:50:31,29,30,1224,1606
2023-09-26 09:50:43,29,31,1224,1606
2023-09-26 09:53:19,30,31,1224,1606
2023-09-26 09:53:50,29,31,1224,1606
2023-09-26 09:53:55,29,31,1214,1616
2023-09-26 09:55:17,28,31,1214,1616
2023-09-26 09:55:22,29,31,1214,1616
2023-09-26 09:57:49,30,31,1214,1616
2023-09-26 09:59:40,30,31,1339,1741
2023-09-26 10:00:19,29,31,1339,1741
2023-09-26 10:00:26,28,31,1339,1741
2023-09-26 10:00:31,29,31,1339,1741
2023-09-26 10:00:33,29,30,1339,1741
2023-09-26 10:02:01,30,32,1339,1751
2023-09-26 10:04:44,31,32,1339,1751
2023-09-26 10:05:49,30,32,1339,1751
2023-09-26 10:06:02,30,31,1339,1751
2023-09-26 10:06:02,29,31,1339,1751
2023-09-26 10:06:28,30,31,1339,1751
2023-09-26 10:06:29,30,32,1339,1751
2023-09-26 10:09:49,31,32,1339,1751
2023-09-26 10:10:35,31,33,1339,1751
2023-09-26 10:11:23,31,33,1389,1801
2023-09-26 10:12:53,32,33,1389,1801
2023-09-26 10:13:43,32,33,1410,1822
2023-09-26 10:13:48,32,33,1435,1847
2023-09-26 10:13:58,32,33,1463,1875
2023-09-26 10:14:14,32,33,1477,1889
2023-09-26 10:14:23,32,33,1485,1897
2023-09-26 10:15:53,32,33,1499,1911
2023-09-26 10:16:08,32,34,1499,1911
2023-09-26 10:16:14,32,34,1507,1919
2023-09-26 10:16:55,32,34,1531,1943
2023-09-26 10:16:56,32,34,1531,2118
2023-09-26 10:17:24,32,33,1531,2118
2023-09-26 10:18:43,32,33,1551,2138
2023-09-26 10:19:04,32,33,1554,2141
2023-09-26 10:21:15,32,34,1681,2268
2023-09-26 10:26:59,33,34,1681,2268
2023-09-26 10:28:52,33,34,1681,2388
2023-09-26 10:30:21,33,35,1681,2388
2023-09-26 10:31:20,33,35,1681,2448
2023-09-26 10:35:41,34,35,1681,2448
2023-09-26 10:37:24,34,35,1730,2497
2023-09-26 10:43:04,34,35,1730,2537
2023-09-26 10:43:05,33,35,1730,2537
2023-09-26 10:43:05,33,34,1730,2537
2023-09-26 10:44:05,33,35,1911,2718
2023-09-26 10:44:06,33,34,1911,2718
2023-09-26 10:44:18,33,35,1911,2718
2023-09-26 10:44:19,33,34,1911,2718
2023-09-26 10:44:21,33,35,1911,2718
2023-09-26 10:44:22,33,34,1911,2718
2023-09-26 10:44:23,33,35,1911,2718
2023-09-26 10:44:33,33,34,1911,2718
2023-09-26 10:44:38,33,35,1911,2718
2023-09-26 10:44:39,33,34,1911,2718
2023-09-26 10:44:57,33,35,1911,2718
2023-09-26 10:44:58,33,34,1911,2718
2023-09-26 10:45:00,33,35,1911,2718
2023-09-26 10:45:01,33,34,1911,2718
2023-09-26 10:45:02,33,35,1911,2718
2023-09-26 10:45:10,33,34,1911,2718
2023-09-26 10:45:12,33,35,1911,2718
2023-09-26 10:45:13,33,34,1911,2718
2023-09-26 10:45:18,32,34,1911,2718
2023-09-26 10:45:18,33,34,1911,2718
2023-09-26 10:45:21,32,34,1911,2718
2023-09-26 10:45:22,33,34,1911,2718
2023-09-26 10:45:26,32,34,1911,2718
2023-09-26 10:45:27,33,34,1911,2718
2023-09-26 10:45:39,32,34,1911,2718
2023-09-26 10:45:40,33,34,1911,2718
2023-09-26 10:45:41,32,34,1911,2718
2023-09-26 10:46:12,33,34,1911,2718
2023-09-26 10:46:13,32,34,1911,2718
2023-09-26 10:46:14,33,34,1911,2718
2023-09-26 10:46:50,33,35,1911,2718
2023-09-26 10:46:51,34,35,1911,2718
2023-09-26 10:47:01,35,36,1932,2908
2023-09-26 10:47:02,34,36,1932,2908
2023-09-26 10:47:07,35,36,1932,2908
2023-09-26 10:51:08,35,36,2132,3108
2023-09-26 10:52:01,36,37,2150,3126
2023-09-26 10:52:05,35,37,2150,3126
2023-09-26 10:52:05,35,36,2150,3126
2023-09-26 10:52:22,35,37,2150,3126
2023-09-26 10:52:30,35,36,2150,3126
2023-09-26 10:52:36,35,36,2259,3235
2023-09-26 10:52:37,35,37,2259,3235
2023-09-26 10:52:39,35,36,2259,3235
2023-09-26 10:52:47,35,37,2259,3235
2023-09-26 10:52:49,35,36,2259,3235
2023-09-26 10:52:50,35,37,2259,3235
2023-09-26 10:52:52,35,36,2259,3235
2023-09-26 10:53:00,35,37,2259,3235
2023-09-26 10:53:01,35,36,2259,3235
2023-09-26 10:53:32,35,37,2259,3235
2023-09-26 10:53:37,35,36,2259,3235
2023-09-26 10:53:40,35,37,2259,3235
2023-09-26 10:53:41,35,36,2259,3235
2023-09-26 10:54:00,35,37,2259,3235
2023-09-26 10:54:01,35,36,2259,3235
2023-09-26 10:54:11,35,37,2259,3235
2023-09-26 10:54:12,35,36,2259,3235
2023-09-26 10:54:28,35,37,2259,3235
2023-09-26 10:54:32,35,36,2259,3235
2023-09-26 10:54:34,35,37,2259,3235
2023-09-26 10:54:35,35,36,2259,3235
2023-09-26 10:54:36,35,37,2259,3235
2023-09-26 10:54:39,35,36,2259,3235
2023-09-26 10:55:33,35,37,2259,3235
2023-09-26 10:55:34,35,36,2259,3235
2023-09-26 10:57:19,35,37,2525,3501
2023-09-26 10:57:24,35,36,2525,3501
2023-09-26 10:57:25,35,37,2525,3501
2023-09-26 10:57:36,35,36,2525,3501
2023-09-26 10:57:53,35,37,2525,3501
2023-09-26 10:57:56,35,36,2525,3501
2023-09-26 10:57:59,35,37,2525,3501
2023-09-26 10:58:01,35,36,2525,3501
2023-09-26 10:58:10,35,37,2525,3501
2023-09-26 10:58:15,35,36,2525,3501
2023-09-26 10:58:25,35,37,2525,3501
2023-09-26 10:58:37,35,36,2525,3501
2023-09-26 10:58:43,35,37,2525,3501
2023-09-26 10:58:44,35,36,2525,3501
2023-09-26 10:59:01,35,37,2525,3501
2023-09-26 10:59:03,36,37,2525,3501
2023-09-26 10:59:04,35,37,2525,3501
2023-09-26 10:59:05,35,36,2525,3501
2023-09-26 10:59:11,35,37,2525,3501
2023-09-26 10:59:12,35,36,2525,3501
2023-09-26 11:00:14,34,36,2525,3501
2023-09-26 11:00:15,34,35,2525,3501
2023-09-26 11:02:25,34,35,2598,3574
2023-09-26 11:02:26,34,35,2671,3647
2023-09-26 11:02:27,35,36,2725,3701
2023-09-26 11:02:35,35,37,2725,3701
2023-09-26 11:02:36,35,36,2725,3701
2023-09-26 11:02:46,35,37,2725,3701
2023-09-26 11:02:47,35,36,2725,3701
2023-09-26 11:02:50,35,37,2725,3701
2023-09-26 11:02:51,35,36,2725,3701
2023-09-26 11:02:52,35,37,2725,3701
2023-09-26 11:02:53,35,36,2725,3701
2023-09-26 11:03:09,35,37,2725,3701
2023-09-26 11:03:10,35,36,2725,3701
2023-09-26 11:03:11,35,37,2725,3701
2023-09-26 11:03:12,35,36,2725,3701
2023-09-26 11:03:18,35,37,2725,3701
2023-09-26 11:03:19,35,36,2725,3701
2023-09-26 11:03:22,35,37,2725,3701
2023-09-26 11:03:29,35,36,2725,3701
2023-09-26 11:03:30,35,37,2725,3701
2023-09-26 11:03:33,35,36,2725,3701
2023-09-26 11:03:43,35,37,2725,3701
2023-09-26 11:03:44,35,36,2725,3701
2023-09-26 11:03:49,35,37,2725,3701
2023-09-26 11:03:50,35,36,2725,3701
2023-09-26 11:03:57,35,37,2725,3701
2023-09-26 11:03:58,35,36,2725,3701
2023-09-26 11:04:00,35,37,2725,3701
2023-09-26 11:04:13,35,36,2725,3701
2023-09-26 11:04:14,35,37,2725,3701
2023-09-26 11:04:16,35,36,2725,3701
2023-09-26 11:04:17,35,37,2725,3701
2023-09-26 11:04:22,35,36,2725,3701
2023-09-26 11:04:23,35,37,2725,3701
2023-09-26 11:04:25,35,36,2725,3701
2023-09-26 11:04:40,35,37,2725,3701
2023-09-26 11:04:41,35,36,2725,3701
2023-09-26 11:05:16,35,37,2725,3701
2023-09-26 11:05:17,35,36,2725,3701
2023-09-26 11:05:18,35,37,2725,3701
2023-09-26 11:05:20,35,36,2725,3701
2023-09-26 11:05:23,35,37,2725,3701
2023-09-26 11:05:46,35,36,2725,3701
2023-09-26 11:05:49,35,37,2725,3701
2023-09-26 11:05:59,36,37,2725,3701
2023-09-26 11:08:00,37,38,2922,3898
2023-09-26 11:08:00,36,37,2925,3901
2023-09-26 11:08:06,37,38,3103,4079
2023-09-26 11:08:07,36,38,3103,4079
2023-09-26 11:08:23,36,37,3103,4079
2023-09-26 11:08:31,36,38,3103,4079
2023-09-26 11:08:32,36,37,3103,4079
2023-09-26 11:08:34,36,38,3103,4079
2023-09-26 11:08:35,36,37,3103,4079
2023-09-26 11:08:36,36,38,3103,4079
2023-09-26 11:08:39,36,37,3103,4079
2023-09-26 11:08:43,36,38,3103,4079
2023-09-26 11:08:48,36,37,3103,4079
2023-09-26 11:09:01,36,38,3103,4079
2023-09-26 11:09:02,36,37,3103,4079
2023-09-26 11:09:03,36,38,3103,4079
2023-09-26 11:09:27,36,37,3103,4079
2023-09-26 11:09:30,36,38,3103,4079
2023-09-26 11:09:31,36,37,3103,4079
2023-09-26 11:09:40,36,38,3103,4079
2023-09-26 11:09:44,36,37,3103,4079
2023-09-26 11:09:45,36,38,3103,4079
2023-09-26 11:09:47,36,37,3103,4079
2023-09-26 11:09:51,36,38,3103,4079
2023-09-26 11:09:53,36,37,3103,4079
2023-09-26 11:09:55,36,38,3103,4079
2023-09-26 11:09:59,36,37,3103,4079
2023-09-26 11:10:02,36,38,3103,4079
2023-09-26 11:10:05,36,37,3103,4079
2023-09-26 11:11:29,36,38,3103,4079
2023-09-26 11:11:30,36,37,3103,4079
2023-09-26 11:15:05,36,38,3103,4079
2023-09-26 11:15:07,36,37,3103,4079
2023-09-26 11:15:08,36,38,3103,4079
2023-09-26 11:15:10,36,37,3103,4079
2023-09-26 11:15:11,36,38,3103,4079
2023-09-26 11:15:13,36,37,3103,4079
2023-09-26 11:15:32,36,38,3103,4079
2023-09-26 11:15:34,36,37,3103,4079
2023-09-26 11:15:39,36,38,3103,4079
2023-09-26 11:15:44,36,37,3103,4079
2023-09-26 11:15:45,36,38,3103,4079
2023-09-26 11:15:51,36,37,3103,4079
2023-09-26 11:16:00,36,38,3103,4079
2023-09-26 11:16:01,36,37,3103,4079
2023-09-26 11:16:02,36,38,3103,4079
2023-09-26 11:16:03,36,37,3103,4079
2023-09-26 11:16:16,36,37,3303,4279
2023-09-26 11:16:17,36,38,3303,4279
2023-09-26 11:16:32,36,37,3303,4279
2023-09-26 11:16:35,36,38,3303,4279
2023-09-26 11:16:37,36,37,3303,4279
2023-09-26 11:16:41,36,38,3303,4279
2023-09-26 11:17:05,36,37,3303,4279
2023-09-26 11:19:51,36,38,3303,4279
2023-09-26 11:19:52,36,37,3303,4279
2023-09-26 11:19:59,36,38,3303,4279
2023-09-26 11:20:00,36,37,3303,4279
2023-09-26 11:20:46,36,38,3303,4279
2023-09-26 11:20:47,36,37,3303,4279
2023-09-26 11:20:56,36,38,3303,4279
2023-09-26 11:21:09,36,37,3303,4279
2023-09-26 11:21:11,36,38,3303,4279
2023-09-26 11:21:25,36,37,3303,4279
2023-09-26 11:21:26,36,38,3303,4279
2023-09-26 11:21:38,36,37,3303,4279
2023-09-26 11:21:52,36,38,3303,4279
2023-09-26 11:21:54,37,38,3303,4279
2023-09-26 11:21:56,36,38,3303,4279
2023-09-26 11:21:59,37,38,3303,4279
2023-09-26 11:22:00,36,38,3303,4279
2023-09-26 11:22:03,36,37,3303,4279
2023-09-26 11:22:08,36,38,3303,4279
2023-09-26 11:22:10,36,37,3303,4279
2023-09-26 11:22:12,36,38,3303,4279
2023-09-26 11:22:13,36,37,3303,4279
2023-09-26 11:22:30,36,38,3303,4279
2023-09-26 11:22:31,36,37,3303,4279
2023-09-26 11:22:42,36,38,3303,4279
2023-09-26 11:22:46,36,37,3303,4279
2023-09-26 11:22:54,36,38,3303,4279
2023-09-26 11:22:56,36,37,3303,4279
2023-09-26 11:23:02,36,38,3303,4279
2023-09-26 11:23:10,36,37,3303,4279
2023-09-26 11:23:11,36,38,3303,4279
2023-09-26 11:23:12,36,37,3303,4279
2023-09-26 11:23:15,36,38,3303,4279
2023-09-26 11:23:19,36,37,3303,4279
2023-09-26 11:23:28,36,38,3303,4279
2023-09-26 11:23:30,36,37,3303,4279
2023-09-26 11:23:40,36,38,3303,4279
2023-09-26 11:23:41,36,37,3303,4279
2023-09-26 11:23:56,36,38,3303,4279
2023-09-26 11:23:57,36,37,3303,4279
2023-09-26 11:23:59,36,38,3303,4279
2023-09-26 11:24:00,36,37,3303,4279
2023-09-26 11:24:03,36,38,3303,4279
2023-09-26 11:24:04,36,37,3303,4279
2023-09-26 11:24:06,36,38,3303,4279
2023-09-26 11:24:11,36,37,3303,4279
2023-09-26 11:24:13,36,38,3303,4279
2023-09-26 11:24:19,36,37,3303,4279
2023-09-26 11:24:19,36,38,3303,4279
2023-09-26 11:24:45,36,37,3303,4279
2023-09-26 11:24:48,36,38,3303,4279
2023-09-26 11:24:49,36,37,3303,4279
2023-09-26 11:24:57,36,38,3303,4279
2023-09-26 11:24:58,36,37,3303,4279
2023-09-26 11:25:03,36,38,3303,4279
2023-09-26 11:25:04,36,37,3303,4279
2023-09-26 11:25:05,36,38,3303,4279
2023-09-26 11:25:07,36,37,3303,4279
2023-09-26 11:25:08,36,38,3303,4279
2023-09-26 11:25:09,36,37,3303,4279
2023-09-26 11:25:10,36,38,3303,4279
2023-09-26 11:25:32,36,37,3303,4279
2023-09-26 11:25:39,36,38,3303,4279
2023-09-26 11:25:48,37,38,3303,4279
2023-09-26 11:26:37,36,38,3303,4279
2023-09-26 11:26:46,37,38,3303,4279
2023-09-26 11:26:47,36,38,3303,4279
2023-09-26 11:26:52,37,38,3303,4279
2023-09-26 11:26:53,36,38,3303,4279
2023-09-26 11:27:02,37,38,3303,4279
2023-09-26 11:27:07,36,38,3303,4279
2023-09-26 11:27:11,37,38,3303,4279
2023-09-26 11:27:12,36,38,3303,4279
2023-09-26 11:27:14,37,38,3303,4279
2023-09-26 11:27:14,36,38,3303,4279
2023-09-26 11:27:17,36,37,3303,4279
2023-09-26 11:27:24,36,38,3303,4279
2023-09-26 11:27:31,37,38,3303,4279
2023-09-26 11:27:32,36,38,3303,4279
2023-09-26 11:27:34,37,38,3303,4279
2023-09-26 11:28:14,36,38,3303,4279
2023-09-26 11:28:18,37,38,3303,4279
2023-09-26 11:28:35,36,38,3303,4279
2023-09-26 11:28:39,37,38,3303,4279
2023-09-26 11:29:30,36,38,3303,4279
2023-09-26 11:29:31,37,38,3303,4279
2023-09-26 11:29:32,36,38,3303,4279
2023-09-26 11:29:36,37,38,3303,4279
2023-09-26 11:29:40,36,38,3303,4279
2023-09-26 11:29:45,37,38,3303,4279
2023-09-26 11:29:46,36,38,3303,4279
2023-09-26 11:29:47,37,38,3303,4279
2023-09-26 11:29:49,36,38,3303,4279
2023-09-26 11:29:52,37,38,3303,4279
2023-09-26 11:29:54,36,38,3303,4279
2023-09-26 11:29:55,36,37,3303,4279
2023-09-26 11:29:56,36,38,3303,4279
2023-09-26 11:29:59,36,37,3303,4279
2023-09-26 11:30:00,36,38,3303,4279
2023-09-26 11:30:05,36,37,3303,4279
2023-09-26 11:30:09,36,38,3303,4279
2023-09-26 11:30:11,36,37,3303,4279
2023-09-26 11:30:16,36,38,3303,4279
2023-09-26 11:30:24,36,37,3303,4279
2023-09-26 11:30:30,36,38,3303,4279
2023-09-26 11:30:36,37,38,3303,4279
2023-09-26 11:30:39,36,38,3303,4279
2023-09-26 11:30:40,37,38,3303,4279
2023-09-26 11:30:41,36,38,3303,4279
2023-09-26 11:30:43,37,38,3303,4279
2023-09-26 11:30:45,36,38,3303,4279
2023-09-26 11:30:51,37,38,3303,4279
2023-09-26 11:30:52,36,38,3303,4279
2023-09-26 11:30:57,36,37,3303,4279
2023-09-26 11:31:00,36,38,3303,4279
2023-09-26 11:31:01,36,37,3303,4279
2023-09-26 11:31:02,36,38,3303,4279
2023-09-26 11:31:03,36,37,3303,4279
2023-09-26 11:31:04,36,38,3303,4279
2023-09-26 11:31:07,37,38,3303,4279
2023-09-26 11:31:16,36,38,3303,4279
2023-09-26 11:31:17,37,38,3303,4279
2023-09-26 11:31:21,36,38,3303,4279
2023-09-26 11:31:24,37,38,3303,4279
2023-09-26 11:31:25,36,38,3303,4279
2023-09-26 11:31:29,36,37,3303,4279
2023-09-26 11:31:33,36,38,3303,4279
2023-09-26 11:31:36,36,37,3303,4279
2023-09-26 11:31:38,36,38,3303,4279
2023-09-26 11:31:45,36,37,3303,4279
2023-09-26 11:31:46,36,38,3303,4279
2023-09-26 11:31:49,36,37,3303,4279
2023-09-26 11:32:29,36,38,3303,4279
2023-09-26 11:32:31,36,37,3303,4279
2023-09-26 11:32:32,36,38,3303,4279
2023-09-26 11:32:40,37,38,3303,4279
2023-09-26 11:32:46,36,38,3303,4279
2023-09-26 11:32:48,37,38,3303,4279
2023-09-26 11:33:07,36,38,3303,4279
2023-09-26 11:33:08,37,38,3303,4279
2023-09-26 11:33:25,36,38,3303,4279
2023-09-26 11:33:26,37,38,3303,4279
2023-09-26 11:33:34,36,38,3303,4279
2023-09-26 11:33:35,37,38,3303,4279
2023-09-26 11:33:37,36,38,3303,4279
2023-09-26 11:33:38,37,38,3303,4279
2023-09-26 11:34:22,36,38,3303,4279
2023-09-26 11:34:23,37,38,3303,4279
2023-09-26 11:34:46,37,39,3303,4479
2023-09-26 11:35:06,37,38,3303,4479
2023-09-26 11:35:07,37,39,3303,4479
2023-09-26 11:35:10,37,38,3303,4479
2023-09-26 11:35:12,37,39,3303,4479
2023-09-26 11:35:42,37,38,3303,4479
2023-09-26 11:35:43,37,39,3303,4479
2023-09-26 11:35:45,37,38,3303,4479
2023-09-26 11:35:46,37,39,3303,4479
2023-09-26 11:35:47,37,38,3303,4479
2023-09-26 11:35:51,37,39,3303,4479
2023-09-26 11:37:22,38,39,3303,4479
2023-09-26 11:38:47,38,39,3303,4579
2023-09-26 11:40:01,38,40,3303,4579
2023-09-26 11:40:03,39,40,3303,4579
2023-09-26 11:40:05,38,40,3303,4579
2023-09-26 11:40:07,39,40,3303,4579
2023-09-26 11:40:09,38,40,3303,4579
2023-09-26 11:40:13,39,40,3303,4579
2023-09-26 11:40:14,38,40,3303,4579
2023-09-26 11:40:18,38,39,3303,4579
2023-09-26 11:40:21,38,40,3303,4579
2023-09-26 11:40:27,38,39,3303,4579
2023-09-26 11:40:28,38,40,3303,4579
2023-09-26 11:40:31,39,40,3303,4579
2023-09-26 11:40:35,38,40,3303,4579
2023-09-26 11:40:43,39,40,3303,4579
2023-09-26 11:40:44,38,40,3303,4579
2023-09-26 11:40:48,38,39,3303,4579
2023-09-26 11:40:52,38,40,3303,4579
2023-09-26 11:41:02,38,39,3303,4579
2023-09-26 11:41:05,38,40,3303,4579
2023-09-26 11:41:08,38,39,3303,4579
2023-09-26 11:41:09,38,40,3303,4579
2023-09-26 11:41:11,38,39,3303,4579
2023-09-26 11:41:27,38,40,3303,4579
2023-09-26 11:41:29,38,39,3303,4579
2023-09-26 11:41:35,38,40,3303,4579
2023-09-26 11:41:37,38,39,3303,4579
2023-09-26 11:41:40,38,40,3303,4579
2023-09-26 11:41:42,38,39,3303,4579
2023-09-26 11:41:56,38,40,3303,4579
2023-09-26 11:42:00,38,39,3303,4579
2023-09-26 11:42:13,38,40,3303,4579
2023-09-26 11:42:16,38,39,3303,4579
2023-09-26 11:42:24,38,40,3303,4579
2023-09-26 11:42:25,38,39,3303,4579
2023-09-26 11:42:26,38,40,3303,4579
2023-09-26 11:42:30,39,40,3303,4579
2023-09-26 11:42:31,38,40,3303,4579
2023-09-26 11:42:34,38,39,3303,4579
2023-09-26 11:42:35,38,40,3303,4579
2023-09-26 11:42:39,38,39,3303,4579
2023-09-26 11:42:41,38,40,3303,4579
2023-09-26 11:42:49,38,39,3303,4579
2023-09-26 11:42:52,38,40,3303,4579
2023-09-26 11:42:53,38,39,3303,4579
2023-09-26 11:43:49,38,40,3303,4579
2023-09-26 11:43:52,38,39,3303,4579
2023-09-26 11:44:13,38,40,3303,4579
2023-09-26 11:44:14,38,39,3303,4579
2023-09-26 11:44:19,38,40,3303,4579
2023-09-26 11:44:23,38,39,3303,4579
2023-09-26 11:44:32,38,40,3303,4579
2023-09-26 11:44:34,38,39,3303,4579
2023-09-26 11:44:35,38,40,3303,4579
2023-09-26 11:44:36,38,39,3303,4579
2023-09-26 11:46:51,38,40,3303,4579
2023-09-26 11:46:53,38,39,3303,4579
2023-09-26 11:47:50,38,39,3312,4588
2023-09-26 11:48:14,38,39,3315,4591
2023-09-26 11:48:44,38,39,3318,4594
2023-09-26 11:49:17,38,39,3319,4595
2023-09-26 11:49:43,38,40,3319,4595
2023-09-26 11:49:45,39,40,3319,4595
2023-09-26 11:49:46,38,40,3319,4595
2023-09-26 11:49:47,39,40,3319,4595
2023-09-26 11:49:48,38,40,3319,4595
2023-09-26 11:49:49,38,39,3319,4595
2023-09-26 11:51:09,38,40,3319,4595
2023-09-26 11:51:10,38,39,3319,4595
2023-09-26 11:51:28,38,40,3319,4595
2023-09-26 11:51:39,38,39,3319,4595
2023-09-26 11:51:43,38,40,3319,4595
2023-09-26 11:51:49,38,39,3319,4595
2023-09-26 11:51:50,38,40,3319,4595
2023-09-26 11:51:51,38,39,3319,4595
2023-09-26 11:52:57,38,40,3319,4595
2023-09-26 11:53:01,38,39,3319,4595
2023-09-26 11:53:04,38,40,3319,4595
2023-09-26 11:53:05,38,39,3319,4595
2023-09-26 11:54:07,38,40,3319,4595
2023-09-26 11:54:08,38,39,3319,4595
2023-09-26 11:54:37,38,40,3319,4595
2023-09-26 11:54:38,38,39,3319,4595
2023-09-26 11:54:39,38,40,3319,4595
2023-09-26 11:54:40,38,39,3319,4595
2023-09-26 11:55:47,38,40,3319,4595
2023-09-26 11:55:57,38,39,3319,4595
2023-09-26 11:56:25,38,40,3319,4595
2023-09-26 11:56:26,38,39,3319,4595
2023-09-26 11:56:47,38,40,3319,4595
2023-09-26 11:56:48,38,39,3319,4595
2023-09-26 11:56:50,38,40,3319,4595
2023-09-26 11:56:53,38,39,3319,4595
2023-09-26 11:56:58,38,40,3319,4595
2023-09-26 11:57:03,38,39,3319,4595
2023-09-26 11:57:05,38,40,3319,4595
2023-09-26 11:57:11,38,39,3319,4595
2023-09-26 11:57:13,38,40,3319,4595
2023-09-26 11:57:14,38,39,3319,4595
2023-09-26 11:57:18,38,40,3319,4595
2023-09-26 11:57:26,38,39,3319,4595
2023-09-26 11:57:27,38,40,3319,4595
2023-09-26 11:57:29,38,39,3319,4595
2023-09-26 11:57:31,38,40,3319,4595
2023-09-26 11:57:32,38,39,3319,4595
2023-09-26 11:57:36,38,40,3319,4595
2023-09-26 11:57:37,38,39,3319,4595
2023-09-26 11:57:40,38,40,3319,4595
2023-09-26 11:57:41,38,39,3319,4595
2023-09-26 11:57:44,38,40,3319,4595
2023-09-26 11:57:45,38,39,3319,4595
2023-09-26 11:57:49,38,39,3319,4635
2023-09-26 11:57:50,38,40,3319,4635
2023-09-26 11:57:51,38,39,3319,4635
2023-09-26 11:57:52,38,40,3319,4635
2023-09-26 11:57:56,39,40,3319,4635
2023-09-26 11:57:58,38,40,3319,4635
2023-09-26 11:57:59,39,40,3319,4635
2023-09-26 12:05:08,39,40,3319,4638
2023-09-26 12:11:19,39,40,3319,4838
2023-09-26 12:11:19,39,41,3319,4838
2023-09-26 12:13:45,39,40,3319,4838
2023-09-26 12:13:46,39,41,3319,4838
2023-09-26 12:14:09,40,41,3319,4838
2023-09-26 12:15:03,41,42,3319,4839
2023-09-26 12:15:12,40,42,3319,4839
2023-09-26 12:15:58,40,41,3319,4839
2023-09-26 12:15:59,40,42,3319,4839
2023-09-26 12:16:00,40,41,3319,4839
2023-09-26 12:16:01,40,42,3319,4839
2023-09-26 12:16:50,40,41,3319,4839
2023-09-26 12:16:51,40,42,3319,4839
2023-09-26 12:16:52,40,41,3319,4839
2023-09-26 12:16:56,40,42,3319,4839
2023-09-26 12:16:57,40,41,3319,4839
2023-09-26 12:16:58,40,42,3319,4839
2023-09-26 12:17:00,40,41,3319,4839
2023-09-26 12:17:01,40,42,3319,4839
2023-09-26 12:17:07,40,41,3319,4839
2023-09-26 12:17:08,40,42,3319,4839
2023-09-26 12:17:47,40,41,3319,4839
2023-09-26 12:17:49,40,42,3319,4839
2023-09-26 12:17:51,40,41,3319,4839
2023-09-26 12:17:53,40,42,3319,4839
2023-09-26 12:17:57,40,41,3319,4839
2023-09-26 12:17:58,40,42,3319,4839
2023-09-26 12:18:02,40,41,3319,4839
2023-09-26 12:18:03,40,42,3319,4839
2023-09-26 12:19:06,41,42,3319,4839
2023-09-26 12:19:31,40,42,3319,4839
2023-09-26 12:19:32,41,42,3319,4839
2023-09-26 12:20:41,41,43,3319,4839
2023-09-26 12:20:42,41,42,3319,4839
2023-09-26 12:20:43,41,43,3319,4839
2023-09-26 12:20:44,41,42,3319,4839
2023-09-26 12:20:53,41,43,3319,4839
2023-09-26 12:21:03,41,43,3339,4859
2023-09-26 12:21:07,42,43,3339,4859
2023-09-26 12:31:53,42,44,3339,4859
2023-09-26 12:31:54,42,43,3339,4859
2023-09-26 12:32:44,42,44,3339,4859
2023-09-26 12:32:45,42,43,3339,4859
2023-09-26 12:32:46,42,44,3339,4859
2023-09-26 12:32:52,42,43,3339,4859
2023-09-26 12:34:58,42,44,3635,5155
2023-09-26 12:35:01,43,44,3635,5155
2023-09-26 12:35:30,42,43,3615,5175
2023-09-26 12:35:41,41,43,3615,5175
2023-09-26 12:36:17,42,43,3615,5175
2023-09-26 12:36:41,42,44,3615,5175
2023-09-26 12:36:42,42,43,3615,5175
2023-09-26 12:36:43,42,44,3615,5175
2023-09-26 12:36:44,42,43,3615,5175
2023-09-26 12:38:44,42,43,3615,5275
2023-09-26 12:40:05,42,43,3615,5325
2023-09-26 12:40:41,41,43,3615,5325
2023-09-26 12:41:34,41,43,3615,5575
2023-09-26 12:42:16,42,43,3615,5575
2023-09-26 12:43:20,42,44,3870,5840
2023-09-26 12:43:21,42,43,3870,5840
2023-09-26 12:43:22,42,44,3870,5840
2023-09-26 12:43:34,42,43,3870,5840
2023-09-26 12:43:36,42,44,3870,5840
2023-09-26 12:43:43,42,43,3870,5840
2023-09-26 12:44:30,42,44,3870,5840
2023-09-26 12:44:31,42,43,3870,5840
2023-09-26 12:45:02,42,43,3932,5902
2023-09-26 12:45:24,42,43,4132,6102
2023-09-26 12:45:26,42,44,4132,6102
2023-09-26 12:45:28,42,43,4132,6102
2023-09-26 12:45:29,42,44,4132,6102
2023-09-26 12:45:36,42,43,4132,6102
2023-09-26 12:45:38,42,44,4132,6102
2023-09-26 12:45:41,42,43,4132,6102
2023-09-26 12:45:43,42,44,4132,6102
2023-09-26 12:45:52,42,43,4132,6102
2023-09-26 12:46:21,42,44,4132,6102
2023-09-26 12:46:24,42,43,4132,6102
2023-09-26 12:54:15,42,44,4132,6102
2023-09-26 12:54:16,42,43,4132,6102
2023-09-26 12:54:33,42,44,4132,6102
2023-09-26 12:54:37,42,43,4132,6102
2023-09-26 12:54:38,42,44,4132,6102
2023-09-26 12:54:39,42,43,4132,6102
2023-09-26 12:55:14,42,43,4332,6302
2023-09-26 12:55:14,42,44,4332,6302
2023-09-26 12:56:32,43,44,4332,6302
2023-09-26 12:59:56,43,44,4394,6364
2023-09-26 13:00:02,43,45,4394,6364
2023-09-26 13:00:18,44,45,4394,6364
2023-09-26 13:01:49,44,45,4456,6426
2023-09-26 13:02:07,44,45,4632,6602
2023-09-26 13:02:08,43,45,4632,6602
2023-09-26 13:02:15,44,45,4632,6602
2023-09-26 13:02:16,43,45,4632,6602
2023-09-26 13:02:19,43,46,4682,6652
2023-09-26 13:02:29,44,46,4682,6652
2023-09-26 13:02:30,43,46,4682,6652
2023-09-26 13:02:31,44,46,4682,6652
2023-09-26 13:02:32,43,46,4682,6652
2023-09-26 13:02:41,42,46,4682,6652
2023-09-26 13:02:41,43,46,4682,6652
2023-09-26 13:02:42,42,46,4682,6652
2023-09-26 13:02:42,44,46,4682,6652
2023-09-26 13:02:43,42,46,4682,6652
2023-09-26 13:02:44,43,46,4682,6652
2023-09-26 13:02:45,42,46,4682,6652
2023-09-26 13:02:45,44,46,4682,6652
2023-09-26 13:02:46,43,46,4682,6652
2023-09-26 13:02:47,44,46,4682,6652
2023-09-26 13:02:48,43,46,4682,6652
2023-09-26 13:03:00,44,46,4682,6652
2023-09-26 13:03:01,43,46,4682,6652
2023-09-26 13:03:02,44,46,4682,6652
2023-09-26 13:03:03,43,46,4682,6652
2023-09-26 13:03:04,44,46,4682,6652
2023-09-26 13:03:05,43,46,4682,6652
2023-09-26 13:03:06,44,46,4682,6652
2023-09-26 13:03:07,43,46,4682,6652
2023-09-26 13:03:16,42,46,4682,6652
2023-09-26 13:03:19,42,45,4682,6652
2023-09-26 13:04:40,42,46,4682,6652
2023-09-26 13:04:47,43,46,4682,6652
2023-09-26 13:06:23,44,46,4682,6652
2023-09-26 13:06:24,43,46,4682,6652
2023-09-26 13:06:32,44,46,4682,6652
2023-09-26 13:06:33,43,46,4682,6652
2023-09-26 13:06:35,44,46,4682,6652
2023-09-26 13:06:36,43,46,4682,6652
2023-09-26 13:06:44,44,46,4682,6652
2023-09-26 13:06:45,43,46,4682,6652
2023-09-26 13:07:03,44,46,4682,6652
2023-09-26 13:07:04,43,46,4682,6652
2023-09-26 13:07:05,44,46,4682,6652
2023-09-26 13:07:06,43,46,4682,6652
2023-09-26 13:07:11,44,46,4682,6652
2023-09-26 13:07:12,43,46,4682,6652
2023-09-26 13:07:13,44,46,4682,6652
2023-09-26 13:07:14,43,46,4682,6652
2023-09-26 13:07:15,44,46,4682,6652
2023-09-26 13:07:16,43,46,4682,6652
2023-09-26 13:07:17,44,46,4682,6652
2023-09-26 13:07:18,43,46,4682,6652
2023-09-26 13:07:19,44,46,4682,6652
2023-09-26 13:07:20,43,46,4682,6652
2023-09-26 13:07:21,44,46,4682,6652
2023-09-26 13:07:22,43,46,4682,6652
2023-09-26 13:07:23,44,46,4682,6652
2023-09-26 13:07:24,43,46,4682,6652
2023-09-26 13:07:25,44,46,4682,6652
2023-09-26 13:07:26,43,46,4682,6652
2023-09-26 13:07:27,44,46,4682,6652
2023-09-26 13:07:28,43,46,4682,6652
2023-09-26 13:07:29,44,46,4682,6652
2023-09-26 13:07:30,43,46,4682,6652
2023-09-26 13:07:31,44,46,4682,6652
2023-09-26 13:07:32,43,46,4682,6652
2023-09-26 13:07:33,44,46,4682,6652
2023-09-26 13:07:34,43,46,4682,6652
2023-09-26 13:07:35,44,46,4682,6652
2023-09-26 13:07:36,43,46,4682,6652
2023-09-26 13:07:37,44,46,4682,6652
2023-09-26 13:07:38,43,46,4682,6652
2023-09-26 13:07:38,45,46,4682,6652
2023-09-26 13:07:39,43,46,4682,6652
2023-09-26 13:07:40,44,46,4682,6652
2023-09-26 13:07:41,43,46,4682,6652
2023-09-26 13:07:41,45,46,4682,6652
2023-09-26 13:07:42,43,46,4682,6652
2023-09-26 13:07:43,44,46,4682,6652
2023-09-26 13:07:44,43,46,4682,6652
2023-09-26 13:07:45,44,46,4682,6652
2023-09-26 13:07:46,43,46,4682,6652
2023-09-26 13:07:46,45,46,4682,6652
2023-09-26 13:07:47,43,46,4682,6652
2023-09-26 13:07:48,44,46,4682,6652
2023-09-26 13:07:49,43,46,4682,6652
2023-09-26 13:07:49,45,46,4682,6652
2023-09-26 13:07:50,43,46,4682,6652
2023-09-26 13:07:51,44,46,4682,6652
2023-09-26 13:07:52,43,46,4682,6652
2023-09-26 13:07:52,45,46,4682,6652
2023-09-26 13:07:53,43,46,4682,6652
2023-09-26 13:07:54,44,46,4682,6652
2023-09-26 13:07:55,43,46,4682,6652
2023-09-26 13:07:55,45,46,4682,6652
2023-09-26 13:07:56,43,46,4682,6652
2023-09-26 13:07:57,44,46,4682,6652
2023-09-26 13:07:58,43,46,4682,6652
2023-09-26 13:07:58,45,46,4682,6652
2023-09-26 13:07:59,43,46,4682,6652
2023-09-26 13:08:00,44,46,4682,6652
2023-09-26 13:08:01,43,46,4682,6652
2023-09-26 13:08:01,45,46,4682,6652
2023-09-26 13:08:02,43,46,4682,6652
2023-09-26 13:08:03,44,46,4682,6652
2023-09-26 13:08:04,43,46,4682,6652
2023-09-26 13:08:05,44,46,4682,6652
2023-09-26 13:08:06,43,46,4682,6652
2023-09-26 13:08:06,45,46,4682,6652
2023-09-26 13:08:07,43,46,4682,6652
2023-09-26 13:08:08,44,46,4682,6652
2023-09-26 13:08:09,43,46,4682,6652
2023-09-26 13:08:10,44,46,4682,6652
2023-09-26 13:08:11,43,46,4682,6652
2023-09-26 13:08:13,44,46,4682,6652
2023-09-26 13:08:14,43,46,4682,6652
2023-09-26 13:08:15,44,46,4682,6652
2023-09-26 13:08:16,43,46,4682,6652
2023-09-26 13:08:16,45,46,4682,6652
2023-09-26 13:08:17,43,46,4682,6652
2023-09-26 13:08:18,44,46,4682,6652
2023-09-26 13:08:19,43,46,4682,6652
2023-09-26 13:08:20,44,46,4682,6652
2023-09-26 13:08:21,43,46,4682,6652
2023-09-26 13:08:22,44,46,4682,6652
2023-09-26 13:08:23,43,46,4682,6652
2023-09-26 13:08:24,44,46,4682,6652
2023-09-26 13:08:25,43,46,4682,6652
2023-09-26 13:08:30,44,46,4682,6652
2023-09-26 13:08:31,43,46,4682,6652
2023-09-26 13:08:56,43,45,4682,6652
2023-09-26 13:08:56,42,45,4682,6652
2023-09-26 13:12:02,42,44,4682,6652
2023-09-26 13:12:17,42,45,4682,6652
2023-09-26 13:12:37,42,44,4682,6652
2023-09-26 13:12:38,42,45,4682,6652
2023-09-26 13:12:40,42,44,4682,6652
2023-09-26 13:12:42,42,45,4682,6652
2023-09-26 13:12:47,42,44,4682,6652
2023-09-26 13:12:48,42,45,4682,6652
2023-09-26 13:12:50,42,44,4682,6652
2023-09-26 13:12:57,42,45,4682,6652
2023-09-26 13:13:02,42,44,4682,6652
2023-09-26 13:15:00,42,45,4682,6652
2023-09-26 13:15:39,42,44,4682,6652
2023-09-26 13:15:40,42,45,4682,6652
2023-09-26 13:15:41,42,44,4682,6652
2023-09-26 13:15:42,42,45,4682,6652
2023-09-26 13:15:44,42,44,4682,6652
2023-09-26 13:16:00,42,45,4682,6652
2023-09-26 13:17:03,42,46,4682,6652
2023-09-26 13:17:03,43,46,4682,6652
2023-09-26 13:17:04,42,46,4682,6652
2023-09-26 13:17:05,43,46,4682,6652
2023-09-26 13:17:06,42,46,4682,6652
2023-09-26 13:17:09,43,46,4682,6652
2023-09-26 13:17:10,42,46,4682,6652
2023-09-26 13:17:30,43,46,4682,6652
2023-09-26 13:17:44,44,46,4682,6652
2023-09-26 13:17:45,43,46,4682,6652
2023-09-26 13:17:46,44,46,4682,6652
2023-09-26 13:17:47,43,46,4682,6652
2023-09-26 13:17:54,44,46,4682,6652
2023-09-26 13:17:55,43,46,4682,6652
2023-09-26 13:17:56,44,46,4682,6652
2023-09-26 13:17:57,43,46,4682,6652
2023-09-26 13:17:58,44,46,4682,6652
2023-09-26 13:17:59,43,46,4682,6652
2023-09-26 13:18:00,44,46,4682,6652
2023-09-26 13:18:01,43,46,4682,6652
2023-09-26 13:18:11,44,46,4682,6652
2023-09-26 13:18:12,43,46,4682,6652
2023-09-26 13:18:46,44,46,4682,6652
2023-09-26 13:18:47,43,46,4682,6652
2023-09-26 13:18:48,44,46,4682,6652
2023-09-26 13:18:49,43,46,4682,6652
2023-09-26 13:18:50,44,46,4682,6652
2023-09-26 13:18:51,43,46,4682,6652
2023-09-26 13:18:52,44,46,4682,6652
2023-09-26 13:18:53,43,46,4682,6652
2023-09-26 13:18:54,44,46,4682,6652
2023-09-26 13:18:55,43,46,4682,6652
2023-09-26 13:18:56,44,46,4682,6652
2023-09-26 13:19:12,45,46,4682,6652
2023-09-26 13:19:13,44,46,4682,6652
2023-09-26 13:19:16,45,46,4682,6652
2023-09-26 13:19:17,44,46,4682,6652
2023-09-26 13:19:18,45,46,4682,6652
2023-09-26 13:19:19,44,46,4682,6652
2023-09-26 13:19:20,45,46,4682,6652
2023-09-26 13:19:21,44,46,4682,6652
2023-09-26 13:19:22,45,46,4682,6652
2023-09-26 13:19:23,44,46,4682,6652
2023-09-26 13:19:26,45,46,4682,6652
2023-09-26 13:19:27,44,46,4682,6652
2023-09-26 13:19:28,45,46,4682,6652
2023-09-26 13:19:29,44,46,4682,6652
2023-09-26 13:19:31,45,46,4682,6652
2023-09-26 13:19:32,44,46,4682,6652
2023-09-26 13:19:33,45,46,4682,6652
2023-09-26 13:19:34,44,46,4682,6652
2023-09-26 13:19:35,45,46,4682,6652
2023-09-26 13:19:36,44,46,4682,6652
2023-09-26 13:19:38,45,46,4682,6652
2023-09-26 13:19:39,44,46,4682,6652
2023-09-26 13:19:57,45,46,4682,6652
2023-09-26 13:19:58,44,46,4682,6652
2023-09-26 13:19:59,45,46,4682,6652
2023-09-26 13:20:00,44,46,4682,6652
2023-09-26 13:20:01,45,46,4682,6652
2023-09-26 13:20:02,44,46,4682,6652
2023-09-26 13:20:04,45,46,4682,6652
2023-09-26 13:20:05,44,46,4682,6652
2023-09-26 13:20:10,45,46,4682,6652
2023-09-26 13:20:11,44,46,4682,6652
2023-09-26 13:20:12,45,46,4682,6652
2023-09-26 13:20:13,44,46,4682,6652
2023-09-26 13:20:14,45,46,4682,6652
2023-09-26 13:20:15,44,46,4682,6652
2023-09-26 13:20:16,45,46,4682,6652
2023-09-26 13:20:17,44,46,4682,6652
2023-09-26 13:20:18,45,46,4682,6652
2023-09-26 13:20:19,44,46,4682,6652
2023-09-26 13:20:20,45,46,4682,6652
2023-09-26 13:20:21,44,46,4682,6652
2023-09-26 13:20:22,45,46,4682,6652
2023-09-26 13:20:23,44,46,4682,6652
2023-09-26 13:20:24,45,46,4682,6652
2023-09-26 13:20:25,44,46,4682,6652
2023-09-26 13:20:26,45,46,4682,6652
2023-09-26 13:20:27,44,46,4682,6652
2023-09-26 13:20:29,45,46,4682,6652
2023-09-26 13:20:29,44,46,4682,6652
2023-09-26 13:20:31,45,46,4682,6652
2023-09-26 13:20:31,44,46,4682,6652
2023-09-26 13:20:32,43,46,4682,6652
2023-09-26 13:20:33,44,46,4682,6652
2023-09-26 13:20:33,43,46,4682,6652
2023-09-26 13:20:34,45,46,4682,6652
2023-09-26 13:20:34,43,46,4682,6652
2023-09-26 13:20:36,44,46,4682,6652
2023-09-26 13:20:37,43,46,4682,6652
2023-09-26 13:20:37,45,46,4682,6652
2023-09-26 13:20:38,43,46,4682,6652
2023-09-26 13:20:39,44,46,4682,6652
2023-09-26 13:20:40,43,46,4682,6652
2023-09-26 13:20:40,45,46,4682,6652
2023-09-26 13:20:41,43,46,4682,6652
2023-09-26 13:20:42,44,46,4682,6652
2023-09-26 13:20:43,43,46,4682,6652
2023-09-26 13:20:43,45,46,4682,6652
2023-09-26 13:20:44,43,46,4682,6652
2023-09-26 13:20:45,44,46,4682,6652
2023-09-26 13:20:46,43,46,4682,6652
2023-09-26 13:20:46,45,46,4682,6652
2023-09-26 13:20:47,43,46,4682,6652
2023-09-26 13:20:48,44,46,4682,6652
2023-09-26 13:20:49,43,46,4682,6652
2023-09-26 13:20:49,45,46,4682,6652
2023-09-26 13:20:50,43,46,4682,6652
2023-09-26 13:20:51,44,46,4682,6652
2023-09-26 13:20:52,43,46,4682,6652
2023-09-26 13:20:52,45,46,4682,6652
2023-09-26 13:20:53,43,46,4682,6652
2023-09-26 13:20:54,44,46,4682,6652
2023-09-26 13:20:55,43,46,4682,6652
2023-09-26 13:20:55,45,46,4682,6652
2023-09-26 13:20:56,43,46,4682,6652
2023-09-26 13:20:57,44,46,4682,6652
2023-09-26 13:20:58,43,46,4682,6652
2023-09-26 13:20:58,45,46,4682,6652
2023-09-26 13:20:59,43,46,4682,6652
2023-09-26 13:21:00,44,46,4682,6652
2023-09-26 13:21:01,43,46,4682,6652
2023-09-26 13:21:01,45,46,4682,6652
2023-09-26 13:21:02,43,46,4682,6652
2023-09-26 13:21:03,44,46,4682,6652
2023-09-26 13:21:04,43,46,4682,6652
2023-09-26 13:21:04,45,46,4682,6652
2023-09-26 13:21:05,43,46,4682,6652
2023-09-26 13:21:06,44,46,4682,6652
2023-09-26 13:21:07,43,46,4682,6652
2023-09-26 13:21:07,45,46,4682,6652
2023-09-26 13:21:08,43,46,4682,6652
2023-09-26 13:21:09,44,46,4682,6652
2023-09-26 13:21:10,43,46,4682,6652
2023-09-26 13:21:10,45,46,4682,6652
2023-09-26 13:21:11,43,46,4682,6652
2023-09-26 13:21:12,44,46,4682,6652
2023-09-26 13:21:13,43,46,4682,6652
2023-09-26 13:21:13,45,46,4682,6652
2023-09-26 13:21:14,43,46,4682,6652
2023-09-26 13:21:15,44,46,4682,6652
2023-09-26 13:21:16,43,46,4682,6652
2023-09-26 13:21:16,45,46,4682,6652
2023-09-26 13:21:17,43,46,4682,6652
2023-09-26 13:21:18,44,46,4682,6652
2023-09-26 13:21:19,43,46,4682,6652
2023-09-26 13:21:20,44,46,4682,6652
2023-09-26 13:21:21,43,46,4682,6652
2023-09-26 13:21:21,45,46,4682,6652
2023-09-26 13:21:22,43,46,4682,6652
2023-09-26 13:21:23,44,46,4682,6652
2023-09-26 13:21:24,43,46,4682,6652
2023-09-26 13:21:24,45,46,4682,6652
2023-09-26 13:21:25,43,46,4682,6652
2023-09-26 13:21:26,44,46,4682,6652
2023-09-26 13:21:27,43,46,4682,6652
2023-09-26 13:21:27,45,46,4682,6652
2023-09-26 13:21:28,43,46,4682,6652
2023-09-26 13:21:29,44,46,4682,6652
2023-09-26 13:21:30,43,46,4682,6652
2023-09-26 13:21:30,45,46,4682,6652
2023-09-26 13:21:31,43,46,4682,6652
2023-09-26 13:21:32,44,46,4682,6652
2023-09-26 13:21:33,43,46,4682,6652
2023-09-26 13:21:33,45,46,4682,6652
2023-09-26 13:21:34,43,46,4682,6652
2023-09-26 13:21:35,44,46,4682,6652
2023-09-26 13:21:36,43,46,4682,6652
2023-09-26 13:21:36,45,46,4682,6652
2023-09-26 13:21:37,43,46,4682,6652
2023-09-26 13:21:38,44,46,4682,6652
2023-09-26 13:21:39,43,46,4682,6652
2023-09-26 13:21:39,45,46,4682,6652
2023-09-26 13:21:40,43,46,4682,6652
2023-09-26 13:21:41,44,46,4682,6652
2023-09-26 13:21:42,43,46,4682,6652
2023-09-26 13:21:42,45,46,4682,6652
2023-09-26 13:21:43,43,46,4682,6652
2023-09-26 13:21:44,44,46,4682,6652
2023-09-26 13:21:45,43,46,4682,6652
2023-09-26 13:21:45,45,46,4682,6652
2023-09-26 13:21:46,43,46,4682,6652
2023-09-26 13:21:47,44,46,4682,6652
2023-09-26 13:21:48,43,46,4682,6652
2023-09-26 13:21:48,45,46,4682,6652
2023-09-26 13:21:49,43,46,4682,6652
2023-09-26 13:21:50,44,46,4682,6652
2023-09-26 13:21:51,43,46,4682,6652
2023-09-26 13:21:51,45,46,4682,6652
2023-09-26 13:21:52,43,46,4682,6652
2023-09-26 13:21:53,44,46,4682,6652
2023-09-26 13:21:54,43,46,4682,6652
2023-09-26 13:21:54,45,46,4682,6652
2023-09-26 13:21:55,43,46,4682,6652
2023-09-26 13:21:56,44,46,4682,6652
2023-09-26 13:21:57,43,46,4682,6652
2023-09-26 13:21:57,45,46,4682,6652
2023-09-26 13:21:58,43,46,4682,6652
2023-09-26 13:21:59,44,46,4682,6652
2023-09-26 13:22:00,43,46,4682,6652
2023-09-26 13:22:00,45,46,4682,6652
2023-09-26 13:22:01,43,46,4682,6652
2023-09-26 13:22:02,44,46,4682,6652
2023-09-26 13:22:03,43,46,4682,6652
2023-09-26 13:22:03,45,46,4682,6652
2023-09-26 13:22:03,45,47,4682,6836
2023-09-26 13:22:04,43,47,4682,6836
2023-09-26 13:22:05,45,47,4682,6836
2023-09-26 13:22:12,46,47,4682,6836
2023-09-26 13:22:13,45,47,4682,6836
2023-09-26 13:22:22,46,47,4682,6836
2023-09-26 13:22:23,45,47,4682,6836
2023-09-26 13:22:26,46,47,4682,6836
2023-09-26 13:22:27,45,47,4682,6836
2023-09-26 13:22:28,46,47,4682,6836
2023-09-26 13:22:29,45,47,4682,6836
2023-09-26 13:22:30,46,47,4682,6836
2023-09-26 13:22:31,45,47,4682,6836
2023-09-26 13:22:38,46,47,4682,6836
2023-09-26 13:22:39,45,47,4682,6836
2023-09-26 13:22:41,46,47,4682,6836
2023-09-26 13:22:42,45,47,4682,6836
2023-09-26 13:22:43,46,47,4682,6836
2023-09-26 13:22:44,45,47,4682,6836
2023-09-26 13:22:49,46,47,4682,6836
2023-09-26 13:22:50,45,47,4682,6836
2023-09-26 13:22:52,46,47,4682,6836
2023-09-26 13:22:53,45,47,4682,6836
2023-09-26 13:22:58,46,47,4682,6836
2023-09-26 13:22:59,45,47,4682,6836
2023-09-26 13:23:22,46,47,4682,6836
2023-09-26 13:23:22,45,47,4682,6836
2023-09-26 13:23:25,46,47,4682,6836
2023-09-26 13:23:25,45,47,4682,6836
2023-09-26 13:23:27,46,47,4682,6836
2023-09-26 13:23:28,45,47,4682,6836
2023-09-26 13:23:29,46,47,4682,6836
2023-09-26 13:23:30,45,47,4682,6836
2023-09-26 13:23:31,46,47,4682,6836
2023-09-26 13:23:32,45,47,4682,6836
2023-09-26 13:23:33,46,47,4682,6836
2023-09-26 13:23:34,45,47,4682,6836
2023-09-26 13:23:35,46,47,4682,6836
2023-09-26 13:23:36,45,47,4682,6836
2023-09-26 13:23:37,46,47,4682,6836
2023-09-26 13:23:38,45,47,4682,6836
2023-09-26 13:23:39,46,47,4682,6836
2023-09-26 13:23:40,45,47,4682,6836
2023-09-26 13:23:41,46,47,4682,6836
2023-09-26 13:23:42,45,47,4682,6836
2023-09-26 13:23:43,46,47,4682,6836
2023-09-26 13:23:44,45,47,4682,6836
2023-09-26 13:23:47,46,47,4682,6836
2023-09-26 13:23:48,45,47,4682,6836
2023-09-26 13:23:49,46,47,4682,6836
2023-09-26 13:23:50,45,47,4682,6836
2023-09-26 13:23:51,46,47,4682,6836
2023-09-26 13:23:52,45,47,4682,6836
2023-09-26 13:23:53,46,47,4682,6836
2023-09-26 13:23:54,45,47,4682,6836
2023-09-26 13:23:55,46,47,4682,6836
2023-09-26 13:23:56,45,47,4682,6836
2023-09-26 13:24:00,46,47,4682,6836
2023-09-26 13:24:01,45,47,4682,6836
2023-09-26 13:24:02,46,47,4682,6836
2023-09-26 13:24:03,45,47,4682,6836
2023-09-26 13:24:04,46,47,4682,6836
2023-09-26 13:24:05,45,47,4682,6836
2023-09-26 13:24:06,46,47,4682,6836
2023-09-26 13:24:07,45,47,4682,6836
2023-09-26 13:24:08,46,47,4682,6836
2023-09-26 13:24:09,45,47,4682,6836
2023-09-26 13:24:10,46,47,4682,6836
2023-09-26 13:24:11,45,47,4682,6836
2023-09-26 13:24:12,46,47,4682,6836
2023-09-26 13:24:13,45,47,4682,6836
2023-09-26 13:24:14,46,47,4682,6836
2023-09-26 13:24:15,45,47,4682,6836
2023-09-26 13:24:16,46,47,4682,6836
2023-09-26 13:24:17,45,47,4682,6836
2023-09-26 13:24:18,46,47,4682,6836
2023-09-26 13:24:19,45,47,4682,6836
2023-09-26 13:24:20,46,47,4682,6836
2023-09-26 13:24:21,45,47,4682,6836
2023-09-26 13:24:22,46,47,4682,6836
2023-09-26 13:24:23,45,47,4682,6836
2023-09-26 13:24:24,46,47,4682,6836
2023-09-26 13:24:25,45,47,4682,6836
2023-09-26 13:24:26,46,47,4682,6836
2023-09-26 13:24:27,45,47,4682,6836
2023-09-26 13:24:28,46,47,4682,6836
2023-09-26 13:24:29,45,47,4682,6836
2023-09-26 13:24:30,46,47,4682,6836
2023-09-26 13:24:31,45,47,4682,6836
2023-09-26 13:24:33,46,47,4682,6836
2023-09-26 13:24:34,45,47,4682,6836
2023-09-26 13:24:44,46,47,4682,6836
2023-09-26 13:24:45,45,47,4682,6836
2023-09-26 13:24:46,46,47,4682,6836
2023-09-26 13:24:47,45,47,4682,6836
2023-09-26 13:24:48,46,47,4682,6836
2023-09-26 13:24:49,45,47,4682,6836
2023-09-26 13:24:50,46,47,4682,6836
2023-09-26 13:24:51,45,47,4682,6836
2023-09-26 13:24:52,46,47,4682,6836
2023-09-26 13:24:53,45,47,4682,6836
2023-09-26 13:24:54,46,47,4682,6836
2023-09-26 13:24:55,45,47,4682,6836
2023-09-26 13:24:56,46,47,4682,6836
2023-09-26 13:24:57,45,47,4682,6836
2023-09-26 13:24:58,46,47,4682,6836
2023-09-26 13:24:59,45,47,4682,6836
2023-09-26 13:25:00,46,47,4682,6836
2023-09-26 13:25:01,45,47,4682,6836
2023-09-26 13:25:02,46,47,4682,6836
2023-09-26 13:25:03,45,47,4682,6836
2023-09-26 13:25:04,46,47,4682,6836
2023-09-26 13:25:05,45,47,4682,6836
2023-09-26 13:25:06,46,47,4682,6836
2023-09-26 13:25:07,45,47,4682,6836
2023-09-26 13:25:08,46,47,4682,6836
2023-09-26 13:25:09,45,47,4682,6836
2023-09-26 13:25:10,46,47,4682,6836
2023-09-26 13:25:11,45,47,4682,6836
2023-09-26 13:25:12,46,47,4682,6836
2023-09-26 13:25:13,45,47,4682,6836
2023-09-26 13:25:14,46,47,4682,6836
2023-09-26 13:25:15,45,47,4682,6836
2023-09-26 13:25:16,46,47,4682,6836
2023-09-26 13:25:17,45,47,4682,6836
2023-09-26 13:25:18,46,47,4682,6836
2023-09-26 13:25:19,45,47,4682,6836
2023-09-26 13:25:20,46,47,4682,6836
2023-09-26 13:25:21,45,47,4682,6836
2023-09-26 13:25:22,46,47,4682,6836
2023-09-26 13:25:23,45,47,4682,6836
2023-09-26 13:25:24,46,47,4682,6836
2023-09-26 13:25:25,45,47,4682,6836
2023-09-26 13:25:31,46,47,4682,6836
2023-09-26 13:25:32,45,47,4682,6836
2023-09-26 13:25:33,46,47,4682,6836
2023-09-26 13:25:34,45,47,4682,6836
2023-09-26 13:25:37,46,47,4682,6836
2023-09-26 13:25:38,45,47,4682,6836
2023-09-26 13:25:41,46,47,4682,6836
2023-09-26 13:25:42,45,47,4682,6836
2023-09-26 13:25:45,46,47,4682,6836
2023-09-26 13:25:46,45,47,4682,6836
2023-09-26 13:25:47,46,47,4682,6836
2023-09-26 13:25:48,45,47,4682,6836
2023-09-26 13:25:49,46,47,4682,6836
2023-09-26 13:25:50,45,47,4682,6836
2023-09-26 13:25:51,46,47,4682,6836
2023-09-26 13:25:52,45,47,4682,6836
2023-09-26 13:25:53,46,47,4682,6836
2023-09-26 13:25:54,45,47,4682,6836
2023-09-26 13:25:55,46,47,4682,6836
2023-09-26 13:25:56,45,47,4682,6836
2023-09-26 13:25:57,46,47,4682,6836
2023-09-26 13:25:58,45,47,4682,6836
2023-09-26 13:25:59,46,47,4682,6836
2023-09-26 13:26:00,45,47,4682,6836
2023-09-26 13:26:01,46,47,4682,6836
2023-09-26 13:26:02,45,47,4682,6836
2023-09-26 13:26:05,46,47,4682,6836
2023-09-26 13:26:06,45,47,4682,6836
2023-09-26 13:26:07,46,47,4682,6836
2023-09-26 13:26:08,45,47,4682,6836
2023-09-26 13:26:09,46,47,4682,6836
2023-09-26 13:26:10,45,47,4682,6836
2023-09-26 13:26:11,46,47,4682,6836
2023-09-26 13:26:12,45,47,4682,6836
2023-09-26 13:26:13,46,47,4682,6836
2023-09-26 13:26:14,45,47,4682,6836
2023-09-26 13:26:16,46,47,4682,6836
2023-09-26 13:26:16,45,47,4682,6836
2023-09-26 13:26:18,46,47,4682,6836
2023-09-26 13:26:18,45,47,4682,6836
2023-09-26 13:26:20,46,47,4682,6836
2023-09-26 13:26:20,45,47,4682,6836
2023-09-26 13:26:22,46,47,4682,6836
2023-09-26 13:26:23,45,47,4682,6836
2023-09-26 13:26:24,46,47,4682,6836
2023-09-26 13:26:25,45,47,4682,6836
2023-09-26 13:26:26,46,47,4682,6836
2023-09-26 13:26:27,45,47,4682,6836
2023-09-26 13:26:28,46,47,4682,6836
2023-09-26 13:26:29,45,47,4682,6836
2023-09-26 13:26:30,46,47,4682,6836
2023-09-26 13:26:31,45,47,4682,6836
2023-09-26 13:26:32,46,47,4682,6836
2023-09-26 13:26:33,45,47,4682,6836
2023-09-26 13:26:34,46,47,4682,6836
2023-09-26 13:26:35,45,47,4682,6836
2023-09-26 13:26:36,46,47,4682,6836
2023-09-26 13:26:37,45,47,4682,6836
2023-09-26 13:26:38,46,47,4682,6836
2023-09-26 13:26:39,45,47,4682,6836
2023-09-26 13:26:40,46,47,4682,6836
2023-09-26 13:26:41,45,47,4682,6836
2023-09-26 13:26:42,46,47,4682,6836
2023-09-26 13:26:43,45,47,4682,6836
2023-09-26 13:26:44,46,47,4682,6836
2023-09-26 13:26:45,45,47,4682,6836
2023-09-26 13:26:46,46,47,4682,6836
2023-09-26 13:26:47,45,47,4682,6836
2023-09-26 13:26:48,46,47,4682,6836
2023-09-26 13:26:49,45,47,4682,6836
2023-09-26 13:26:50,46,47,4682,6836
2023-09-26 13:26:51,45,47,4682,6836
2023-09-26 13:26:52,46,47,4682,6836
2023-09-26 13:26:53,45,47,4682,6836
2023-09-26 13:26:54,46,47,4682,6836
2023-09-26 13:26:55,45,47,4682,6836
2023-09-26 13:26:56,46,47,4682,6836
2023-09-26 13:26:57,45,47,4682,6836
2023-09-26 13:26:58,46,47,4682,6836
2023-09-26 13:26:59,45,47,4682,6836
2023-09-26 13:27:00,46,47,4682,6836
2023-09-26 13:27:01,45,47,4682,6836
2023-09-26 13:27:02,46,47,4682,6836
2023-09-26 13:27:03,45,47,4682,6836
2023-09-26 13:27:04,46,47,4682,6836
2023-09-26 13:27:05,45,47,4682,6836
2023-09-26 13:27:06,46,47,4682,6836
2023-09-26 13:27:07,45,47,4682,6836
2023-09-26 13:27:08,46,47,4682,6836
2023-09-26 13:27:09,45,47,4682,6836
2023-09-26 13:27:10,46,47,4682,6836
2023-09-26 13:27:11,45,47,4682,6836
2023-09-26 13:27:12,46,47,4682,6836
2023-09-26 13:27:13,45,47,4682,6836
2023-09-26 13:27:14,46,47,4682,6836
2023-09-26 13:27:15,45,47,4682,6836
2023-09-26 13:27:16,46,47,4682,6836
2023-09-26 13:27:17,45,47,4682,6836
2023-09-26 13:27:18,46,47,4682,6836
2023-09-26 13:27:19,45,47,4682,6836
2023-09-26 13:27:20,46,47,4682,6836
2023-09-26 13:27:21,45,47,4682,6836
2023-09-26 13:27:22,46,47,4682,6836
2023-09-26 13:27:23,45,47,4682,6836
2023-09-26 13:27:24,46,47,4682,6836
2023-09-26 13:27:25,45,47,4682,6836
2023-09-26 13:27:26,46,47,4682,6836
2023-09-26 13:27:27,45,47,4682,6836
2023-09-26 13:27:28,46,47,4682,6836
2023-09-26 13:27:29,45,47,4682,6836
2023-09-26 13:27:30,46,47,4682,6836
2023-09-26 13:27:31,45,47,4682,6836
2023-09-26 13:27:32,46,47,4682,6836
2023-09-26 13:27:33,45,47,4682,6836
2023-09-26 13:27:34,46,47,4682,6836
2023-09-26 13:27:35,45,47,4682,6836
2023-09-26 13:27:36,46,47,4682,6836
2023-09-26 13:27:37,45,47,4682,6836
2023-09-26 13:27:38,46,47,4682,6836
2023-09-26 13:27:39,45,47,4682,6836
2023-09-26 13:27:40,46,47,4682,6836
2023-09-26 13:27:41,45,47,4682,6836
2023-09-26 13:27:42,46,47,4682,6836
2023-09-26 13:27:43,45,47,4682,6836
2023-09-26 13:27:44,46,47,4682,6836
2023-09-26 13:27:45,45,47,4682,6836
2023-09-26 13:27:46,46,47,4682,6836
2023-09-26 13:27:47,45,47,4682,6836
2023-09-26 13:27:48,46,47,4682,6836
2023-09-26 13:27:49,45,47,4682,6836
2023-09-26 13:27:50,46,47,4682,6836
2023-09-26 13:27:51,45,47,4682,6836
2023-09-26 13:27:52,46,47,4682,6836
2023-09-26 13:27:53,45,47,4682,6836
2023-09-26 13:27:54,46,47,4682,6836
2023-09-26 13:27:55,45,47,4682,6836
2023-09-26 13:27:56,46,47,4682,6836
2023-09-26 13:27:57,45,47,4682,6836
2023-09-26 13:27:58,46,47,4682,6836
2023-09-26 13:27:59,45,47,4682,6836
2023-09-26 13:28:00,46,47,4682,6836
2023-09-26 13:28:01,45,47,4682,6836
2023-09-26 13:28:02,46,47,4682,6836
2023-09-26 13:28:03,45,47,4682,6836
2023-09-26 13:28:04,46,47,4682,6836
2023-09-26 13:28:05,45,47,4682,6836
2023-09-26 13:28:06,46,47,4682,6836
2023-09-26 13:28:07,45,47,4682,6836
2023-09-26 13:28:08,46,47,4682,6836
2023-09-26 13:28:09,45,47,4682,6836
2023-09-26 13:28:10,46,47,4682,6836
2023-09-26 13:28:11,45,47,4682,6836
2023-09-26 13:28:12,46,47,4682,6836
2023-09-26 13:28:13,45,47,4682,6836
2023-09-26 13:28:14,46,47,4682,6836
2023-09-26 13:28:15,45,47,4682,6836
2023-09-26 13:28:16,46,47,4682,6836
2023-09-26 13:28:17,45,47,4682,6836
2023-09-26 13:28:18,46,47,4682,6836
2023-09-26 13:28:19,45,47,4682,6836
2023-09-26 13:28:20,46,47,4682,6836
2023-09-26 13:28:21,45,47,4682,6836
2023-09-26 13:28:22,46,47,4682,6836
2023-09-26 13:28:23,45,47,4682,6836
2023-09-26 13:28:24,46,47,4682,6836
2023-09-26 13:28:25,45,47,4682,6836
2023-09-26 13:28:26,46,47,4682,6836
2023-09-26 13:28:27,45,47,4682,6836
2023-09-26 13:28:28,46,47,4682,6836
2023-09-26 13:28:29,45,47,4682,6836
2023-09-26 13:28:30,46,47,4682,6836
2023-09-26 13:28:31,45,47,4682,6836
2023-09-26 13:28:32,46,47,4682,6836
2023-09-26 13:28:33,45,47,4682,6836
2023-09-26 13:28:34,46,47,4682,6836
2023-09-26 13:28:35,45,47,4682,6836
2023-09-26 13:28:36,46,47,4682,6836
2023-09-26 13:28:37,45,47,4682,6836
2023-09-26 13:28:38,46,47,4682,6836
2023-09-26 13:28:39,45,47,4682,6836
2023-09-26 13:28:40,46,47,4682,6836
2023-09-26 13:28:41,45,47,4682,6836
2023-09-26 13:28:42,46,47,4682,6836
2023-09-26 13:28:43,45,47,4682,6836
2023-09-26 13:28:44,46,47,4682,6836
2023-09-26 13:28:45,45,47,4682,6836
2023-09-26 13:28:46,46,47,4682,6836
2023-09-26 13:28:47,45,47,4682,6836
2023-09-26 13:28:48,46,47,4682,6836
2023-09-26 13:28:49,45,47,4682,6836
2023-09-26 13:28:50,46,47,4682,6836
2023-09-26 13:28:51,45,47,4682,6836
2023-09-26 13:28:52,46,47,4682,6836
2023-09-26 13:28:53,45,47,4682,6836
2023-09-26 13:28:54,46,47,4682,6836
2023-09-26 13:28:55,45,47,4682,6836
2023-09-26 13:28:56,46,47,4682,6836
2023-09-26 13:28:57,45,47,4682,6836
2023-09-26 13:28:58,46,47,4682,6836
2023-09-26 13:28:59,45,47,4682,6836
2023-09-26 13:29:00,46,47,4682,6836
2023-09-26 13:29:01,45,47,4682,6836
2023-09-26 13:29:02,46,47,4682,6836
2023-09-26 13:29:03,45,47,4682,6836
2023-09-26 13:29:04,46,47,4682,6836
2023-09-26 13:29:05,45,47,4682,6836
2023-09-26 13:29:06,46,47,4682,6836
2023-09-26 13:29:07,45,47,4682,6836
2023-09-26 13:29:08,46,47,4682,6836
2023-09-26 13:29:09,45,47,4682,6836
2023-09-26 13:29:10,46,47,4682,6836
2023-09-26 13:29:11,45,47,4682,6836
2023-09-26 13:29:12,46,47,4682,6836
2023-09-26 13:29:13,45,47,4682,6836
2023-09-26 13:29:14,46,47,4682,6836
2023-09-26 13:29:15,45,47,4682,6836
2023-09-26 13:29:16,46,47,4682,6836
2023-09-26 13:29:17,45,47,4682,6836
2023-09-26 13:29:19,46,47,4682,6836
2023-09-26 13:29:19,45,47,4682,6836
2023-09-26 13:29:21,46,47,4682,6836
2023-09-26 13:29:21,45,47,4682,6836
2023-09-26 13:29:23,46,47,4682,6836
2023-09-26 13:29:23,45,47,4682,6836
2023-09-26 13:29:25,46,47,4682,6836
2023-09-26 13:29:26,45,47,4682,6836
2023-09-26 13:29:27,46,47,4682,6836
2023-09-26 13:29:28,45,47,4682,6836
2023-09-26 13:29:29,46,47,4682,6836
2023-09-26 13:29:30,45,47,4682,6836
2023-09-26 13:29:31,46,47,4682,6836
2023-09-26 13:29:32,45,47,4682,6836
2023-09-26 13:29:33,46,47,4682,6836
2023-09-26 13:29:34,45,47,4682,6836
2023-09-26 13:29:35,46,47,4682,6836
2023-09-26 13:29:36,45,47,4682,6836
2023-09-26 13:29:37,46,47,4682,6836
2023-09-26 13:29:38,45,47,4682,6836
2023-09-26 13:29:39,46,47,4682,6836
2023-09-26 13:29:40,45,47,4682,6836
2023-09-26 13:29:41,46,47,4682,6836
2023-09-26 13:29:42,45,47,4682,6836
2023-09-26 13:29:43,46,47,4682,6836
2023-09-26 13:29:44,45,47,4682,6836
2023-09-26 13:29:45,46,47,4682,6836
2023-09-26 13:29:46,45,47,4682,6836
2023-09-26 13:29:47,46,47,4682,6836
2023-09-26 13:29:48,45,47,4682,6836
2023-09-26 13:29:49,46,47,4682,6836
2023-09-26 13:29:50,45,47,4682,6836
2023-09-26 13:29:51,46,47,4682,6836
2023-09-26 13:29:52,45,47,4682,6836
2023-09-26 13:29:53,46,47,4682,6836
2023-09-26 13:29:54,45,47,4682,6836
2023-09-26 13:29:55,46,47,4682,6836
2023-09-26 13:29:56,45,47,4682,6836
2023-09-26 13:29:57,46,47,4682,6836
2023-09-26 13:29:58,45,47,4682,6836
2023-09-26 13:29:59,46,47,4682,6836
2023-09-26 13:30:00,45,47,4682,6836
2023-09-26 13:30:01,46,47,4682,6836
2023-09-26 13:30:02,45,47,4682,6836
2023-09-26 13:30:03,46,47,4682,6836
2023-09-26 13:30:04,45,47,4682,6836
2023-09-26 13:30:05,46,47,4682,6836
2023-09-26 13:30:06,45,47,4682,6836
2023-09-26 13:30:07,46,47,4682,6836
2023-09-26 13:30:08,45,47,4682,6836
2023-09-26 13:30:09,46,47,4682,6836
2023-09-26 13:30:10,45,47,4682,6836
2023-09-26 13:30:11,46,47,4682,6836
2023-09-26 13:30:12,45,47,4682,6836
2023-09-26 13:30:13,46,47,4682,6836
2023-09-26 13:30:14,45,47,4682,6836
2023-09-26 13:30:15,46,47,4682,6836
2023-09-26 13:30:16,45,47,4682,6836
2023-09-26 13:30:17,46,47,4682,6836
2023-09-26 13:30:18,45,47,4682,6836
2023-09-26 13:30:19,46,47,4682,6836
2023-09-26 13:30:20,45,47,4682,6836
2023-09-26 13:30:21,46,47,4682,6836
2023-09-26 13:30:22,45,47,4682,6836
2023-09-26 13:30:23,46,47,4682,6836
2023-09-26 13:30:24,45,47,4682,6836
2023-09-26 13:30:25,46,47,4682,6836
2023-09-26 13:30:26,45,47,4682,6836
2023-09-26 13:30:27,46,47,4682,6836
2023-09-26 13:30:28,45,47,4682,6836
2023-09-26 13:30:29,46,47,4682,6836
2023-09-26 13:30:30,45,47,4682,6836
2023-09-26 13:30:31,46,47,4682,6836
2023-09-26 13:30:32,45,47,4682,6836
2023-09-26 13:30:33,46,47,4682,6836
2023-09-26 13:30:34,45,47,4682,6836
2023-09-26 13:30:35,46,47,4682,6836
2023-09-26 13:30:36,45,47,4682,6836
2023-09-26 13:30:37,46,47,4682,6836
2023-09-26 13:30:38,45,47,4682,6836
2023-09-26 13:30:39,46,47,4682,6836
2023-09-26 13:30:40,45,47,4682,6836
2023-09-26 13:30:41,46,47,4682,6836
2023-09-26 13:30:42,45,47,4682,6836
2023-09-26 13:30:43,46,47,4682,6836
2023-09-26 13:30:44,45,47,4682,6836
2023-09-26 13:30:45,46,47,4682,6836
2023-09-26 13:30:46,45,47,4682,6836
2023-09-26 13:30:47,46,47,4682,6836
2023-09-26 13:30:48,45,47,4682,6836
2023-09-26 13:30:49,46,47,4682,6836
2023-09-26 13:30:50,45,47,4682,6836
2023-09-26 13:30:51,46,47,4682,6836
2023-09-26 13:30:52,45,47,4682,6836
2023-09-26 13:30:53,46,47,4682,6836
2023-09-26 13:30:54,45,47,4682,6836
2023-09-26 13:30:55,46,47,4682,6836
2023-09-26 13:30:56,45,47,4682,6836
2023-09-26 13:30:57,46,47,4682,6836
2023-09-26 13:30:58,45,47,4682,6836
2023-09-26 13:30:59,46,47,4682,6836
2023-09-26 13:31:00,45,47,4682,6836
2023-09-26 13:31:01,46,47,4682,6836
2023-09-26 13:31:02,45,47,4682,6836
2023-09-26 13:31:03,46,47,4682,6836
2023-09-26 13:31:04,45,47,4682,6836
2023-09-26 13:31:05,46,47,4682,6836
2023-09-26 13:31:06,45,47,4682,6836
2023-09-26 13:31:07,46,47,4682,6836
2023-09-26 13:31:08,45,47,4682,6836
2023-09-26 13:31:09,46,47,4682,6836
2023-09-26 13:31:10,45,47,4682,6836
2023-09-26 13:31:11,46,47,4682,6836
2023-09-26 13:31:12,45,47,4682,6836
2023-09-26 13:31:13,46,47,4682,6836
2023-09-26 13:31:14,45,47,4682,6836
2023-09-26 13:31:15,46,47,4682,6836
2023-09-26 13:31:16,45,47,4682,6836
2023-09-26 13:31:17,46,47,4682,6836
2023-09-26 13:31:18,45,47,4682,6836
2023-09-26 13:31:19,46,47,4682,6836
2023-09-26 13:31:20,45,47,4682,6836
2023-09-26 13:31:21,46,47,4682,6836
2023-09-26 13:31:22,45,47,4682,6836
2023-09-26 13:31:23,46,47,4682,6836
2023-09-26 13:31:24,45,47,4682,6836
2023-09-26 13:31:25,46,47,4682,6836
2023-09-26 13:31:26,45,47,4682,6836
2023-09-26 13:31:27,46,47,4682,6836
2023-09-26 13:31:28,45,47,4682,6836
2023-09-26 13:31:29,46,47,4682,6836
2023-09-26 13:31:30,45,47,4682,6836
2023-09-26 13:31:31,46,47,4682,6836
2023-09-26 13:31:32,45,47,4682,6836
2023-09-26 13:31:33,46,47,4682,6836
2023-09-26 13:31:34,45,47,4682,6836
2023-09-26 13:31:35,46,47,4682,6836
2023-09-26 13:31:36,45,47,4682,6836
2023-09-26 13:31:37,46,47,4682,6836
2023-09-26 13:31:38,45,47,4682,6836
2023-09-26 13:31:39,46,47,4682,6836
2023-09-26 13:31:40,45,47,4682,6836
2023-09-26 13:31:41,46,47,4682,6836
2023-09-26 13:31:42,45,47,4682,6836
2023-09-26 13:31:43,46,47,4682,6836
2023-09-26 13:31:44,46,48,4868,7022
2023-09-26 13:31:44,45,48,4868,7022
2023-09-26 13:31:45,46,48,4868,7022
2023-09-26 13:31:46,45,48,4868,7022
2023-09-26 13:31:46,47,48,4868,7022
2023-09-26 13:31:47,45,48,4868,7022
2023-09-26 13:31:48,46,48,4868,7022
2023-09-26 13:31:49,45,48,4868,7022
2023-09-26 13:31:49,47,48,4868,7022
2023-09-26 13:31:50,45,48,4868,7022
2023-09-26 13:31:51,46,48,4868,7022
2023-09-26 13:31:52,45,48,4868,7022
2023-09-26 13:31:52,47,48,4868,7022
2023-09-26 13:31:53,45,48,4868,7022
2023-09-26 13:31:54,46,48,4868,7022
2023-09-26 13:31:55,45,48,4868,7022
2023-09-26 13:31:55,47,48,4868,7022
2023-09-26 13:31:56,45,48,4868,7022
2023-09-26 13:31:57,46,48,4868,7022
2023-09-26 13:31:58,45,48,4868,7022
2023-09-26 13:31:58,47,48,4868,7022
2023-09-26 13:31:59,45,48,4868,7022
2023-09-26 13:32:00,46,48,4868,7022
2023-09-26 13:32:01,45,48,4868,7022
2023-09-26 13:32:01,47,48,4868,7022
2023-09-26 13:32:02,45,48,4868,7022
2023-09-26 13:32:03,46,48,4868,7022
2023-09-26 13:32:04,45,48,4868,7022
2023-09-26 13:32:04,47,48,4868,7022
2023-09-26 13:32:05,45,48,4868,7022
2023-09-26 13:32:06,46,48,4868,7022
2023-09-26 13:32:07,45,48,4868,7022
2023-09-26 13:32:07,47,48,4868,7022
2023-09-26 13:32:08,45,48,4868,7022
2023-09-26 13:32:10,46,48,4868,7022
2023-09-26 13:32:10,45,48,4868,7022
2023-09-26 13:32:11,47,48,4868,7022
2023-09-26 13:32:11,45,48,4868,7022
2023-09-26 13:32:13,46,48,4868,7022
2023-09-26 13:32:13,45,48,4868,7022
2023-09-26 13:32:14,47,48,4868,7022
2023-09-26 13:32:14,45,48,4868,7022
2023-09-26 13:32:16,46,48,4868,7022
2023-09-26 13:32:17,45,48,4868,7022
2023-09-26 13:32:17,47,48,4868,7022
2023-09-26 13:32:18,45,48,4868,7022
2023-09-26 13:32:19,46,48,4868,7022
2023-09-26 13:32:20,45,48,4868,7022
2023-09-26 13:32:21,46,48,4868,7022
2023-09-26 13:32:22,45,48,4868,7022
2023-09-26 13:32:22,47,48,4868,7022
2023-09-26 13:32:23,45,48,4868,7022
2023-09-26 13:32:24,46,48,4868,7022
2023-09-26 13:32:25,45,48,4868,7022
2023-09-26 13:32:25,47,48,4868,7022
2023-09-26 13:32:26,45,48,4868,7022
2023-09-26 13:32:27,46,48,4868,7022
2023-09-26 13:32:28,45,48,4868,7022
2023-09-26 13:32:28,47,48,4868,7022
2023-09-26 13:32:29,45,48,4868,7022
2023-09-26 13:32:30,46,48,4868,7022
2023-09-26 13:32:31,45,48,4868,7022
2023-09-26 13:32:31,47,48,4868,7022
2023-09-26 13:32:32,45,48,4868,7022
2023-09-26 13:32:33,46,48,4868,7022
2023-09-26 13:32:34,45,48,4868,7022
2023-09-26 13:32:35,46,48,4868,7022
2023-09-26 13:32:36,45,48,4868,7022
2023-09-26 13:32:37,46,48,4868,7022
2023-09-26 13:32:38,45,48,4868,7022
2023-09-26 13:32:39,46,48,4868,7022
2023-09-26 13:32:40,45,48,4868,7022
2023-09-26 13:32:41,46,48,4868,7022
2023-09-26 13:32:42,45,48,4868,7022
2023-09-26 13:32:43,46,48,4868,7022
2023-09-26 13:32:44,45,48,4868,7022
2023-09-26 13:32:45,46,48,4868,7022
2023-09-26 13:32:46,45,48,4868,7022
2023-09-26 13:32:47,46,48,4868,7022
2023-09-26 13:32:48,45,48,4868,7022
2023-09-26 13:32:49,46,48,4868,7022
2023-09-26 13:32:50,45,48,4868,7022
2023-09-26 13:32:51,46,48,4868,7022
2023-09-26 13:32:52,45,48,4868,7022
2023-09-26 13:32:53,46,48,4868,7022
2023-09-26 13:32:54,45,48,4868,7022
2023-09-26 13:32:55,46,48,4868,7022
2023-09-26 13:32:56,45,48,4868,7022
2023-09-26 13:32:57,46,48,4868,7022
2023-09-26 13:32:58,45,48,4868,7022
2023-09-26 13:32:59,46,48,4868,7022
2023-09-26 13:33:00,45,48,4868,7022
2023-09-26 13:33:01,46,48,4868,7022
2023-09-26 13:33:02,45,48,4868,7022
2023-09-26 13:33:02,47,48,4868,7022
2023-09-26 13:33:03,45,48,4868,7022
2023-09-26 13:33:04,46,48,4868,7022
2023-09-26 13:33:05,45,48,4868,7022
2023-09-26 13:33:05,47,48,4868,7022
2023-09-26 13:33:06,45,48,4868,7022
2023-09-26 13:33:07,46,48,4868,7022
2023-09-26 13:33:08,45,48,4868,7022
2023-09-26 13:33:08,47,48,4868,7022
2023-09-26 13:33:09,45,48,4868,7022
2023-09-26 13:33:10,46,48,4868,7022
2023-09-26 13:33:11,45,48,4868,7022
2023-09-26 13:33:11,47,48,4868,7022
2023-09-26 13:33:12,45,48,4868,7022
2023-09-26 13:33:13,46,48,4868,7022
2023-09-26 13:33:14,45,48,4868,7022
2023-09-26 13:33:14,47,48,4868,7022
2023-09-26 13:33:15,45,48,4868,7022
2023-09-26 13:33:16,46,48,4868,7022
2023-09-26 13:33:17,45,48,4868,7022
2023-09-26 13:33:17,47,48,4868,7022
2023-09-26 13:33:18,45,48,4868,7022
2023-09-26 13:33:19,46,48,4868,7022
2023-09-26 13:33:20,45,48,4868,7022
2023-09-26 13:33:20,47,48,4868,7022
2023-09-26 13:33:21,45,48,4868,7022
2023-09-26 13:33:22,46,48,4868,7022
2023-09-26 13:33:23,45,48,4868,7022
2023-09-26 13:33:23,47,48,4868,7022
2023-09-26 13:33:24,45,48,4868,7022
2023-09-26 13:33:25,46,48,4868,7022
2023-09-26 13:33:26,45,48,4868,7022
2023-09-26 13:33:26,47,48,4868,7022
2023-09-26 13:33:27,45,48,4868,7022
2023-09-26 13:33:28,46,48,4868,7022
2023-09-26 13:33:29,45,48,4868,7022
2023-09-26 13:33:30,46,48,4868,7022
2023-09-26 13:33:31,45,48,4868,7022
2023-09-26 13:33:32,46,48,4868,7022
2023-09-26 13:33:33,45,48,4868,7022
2023-09-26 13:33:34,46,48,4868,7022
2023-09-26 13:33:35,45,48,4868,7022
2023-09-26 13:33:36,46,48,4868,7022
2023-09-26 13:33:37,45,48,4868,7022
2023-09-26 13:33:38,46,48,4868,7022
2023-09-26 13:33:39,45,48,4868,7022
2023-09-26 13:33:40,46,48,4868,7022
2023-09-26 13:33:41,45,48,4868,7022
2023-09-26 13:33:41,47,48,4868,7022
2023-09-26 13:33:42,45,48,4868,7022
2023-09-26 13:33:43,46,48,4868,7022
2023-09-26 13:33:44,45,48,4868,7022
2023-09-26 13:33:44,47,48,4868,7022
2023-09-26 13:33:45,45,48,4868,7022
2023-09-26 13:33:46,46,48,4868,7022
2023-09-26 13:33:47,45,48,4868,7022
2023-09-26 13:33:47,47,48,4868,7022
2023-09-26 13:33:48,45,48,4868,7022
2023-09-26 13:33:49,46,48,4868,7022
2023-09-26 13:33:50,45,48,4868,7022
2023-09-26 13:33:50,47,48,4868,7022
2023-09-26 13:33:51,45,48,4868,7022
2023-09-26 13:33:52,46,48,4868,7022
2023-09-26 13:33:53,45,48,4868,7022
2023-09-26 13:33:53,47,48,4868,7022
2023-09-26 13:33:54,45,48,4868,7022
2023-09-26 13:33:55,46,48,4868,7022
2023-09-26 13:33:56,45,48,4868,7022
2023-09-26 13:33:56,47,48,4868,7022
2023-09-26 13:33:57,45,48,4868,7022
2023-09-26 13:33:58,46,48,4868,7022
2023-09-26 13:33:59,45,48,4868,7022
2023-09-26 13:33:59,47,48,4868,7022
2023-09-26 13:34:00,45,48,4868,7022
2023-09-26 13:34:01,46,48,4868,7022
2023-09-26 13:34:02,45,48,4868,7022
2023-09-26 13:34:02,47,48,4868,7022
2023-09-26 13:34:03,45,48,4868,7022
2023-09-26 13:34:04,46,48,4868,7022
2023-09-26 13:34:05,45,48,4868,7022
2023-09-26 13:34:05,47,48,4868,7022
2023-09-26 13:34:06,45,48,4868,7022
2023-09-26 13:34:07,46,48,4868,7022
2023-09-26 13:34:08,45,48,4868,7022
2023-09-26 13:34:08,47,48,4868,7022
2023-09-26 13:34:09,45,48,4868,7022
2023-09-26 13:34:10,46,48,4868,7022
2023-09-26 13:34:11,45,48,4868,7022
2023-09-26 13:34:11,47,48,4868,7022
2023-09-26 13:34:12,45,48,4868,7022
2023-09-26 13:34:13,46,48,4868,7022
2023-09-26 13:34:14,45,48,4868,7022
2023-09-26 13:34:14,47,48,4868,7022
2023-09-26 13:34:15,45,48,4868,7022
2023-09-26 13:34:16,46,48,4868,7022
2023-09-26 13:34:17,45,48,4868,7022
2023-09-26 13:34:17,47,48,4868,7022
2023-09-26 13:34:18,45,48,4868,7022
2023-09-26 13:34:19,46,48,4868,7022
2023-09-26 13:34:20,45,48,4868,7022
2023-09-26 13:34:20,47,48,4868,7022
2023-09-26 13:34:21,45,48,4868,7022
2023-09-26 13:34:22,46,48,4868,7022
2023-09-26 13:34:23,45,48,4868,7022
2023-09-26 13:34:23,47,48,4868,7022
2023-09-26 13:34:24,45,48,4868,7022
2023-09-26 13:34:25,46,48,4868,7022
2023-09-26 13:34:26,45,48,4868,7022
2023-09-26 13:34:27,46,48,4868,7022
2023-09-26 13:34:28,45,48,4868,7022
2023-09-26 13:34:28,47,48,4868,7022
2023-09-26 13:34:29,45,48,4868,7022
2023-09-26 13:34:30,46,48,4868,7022
2023-09-26 13:34:31,45,48,4868,7022
2023-09-26 13:34:31,47,48,4868,7022
2023-09-26 13:34:32,45,48,4868,7022
2023-09-26 13:34:33,46,48,4868,7022
2023-09-26 13:34:34,45,48,4868,7022
2023-09-26 13:34:34,47,48,4868,7022
2023-09-26 13:34:35,45,48,4868,7022
2023-09-26 13:34:36,46,48,4868,7022
2023-09-26 13:34:37,45,48,4868,7022
2023-09-26 13:34:37,47,48,4868,7022
2023-09-26 13:34:38,45,48,4868,7022
2023-09-26 13:34:39,46,48,4868,7022
2023-09-26 13:34:40,45,48,4868,7022
2023-09-26 13:34:40,47,48,4868,7022
2023-09-26 13:34:41,45,48,4868,7022
2023-09-26 13:34:42,46,48,4868,7022
2023-09-26 13:34:43,45,48,4868,7022
2023-09-26 13:34:43,47,48,4868,7022
2023-09-26 13:34:44,45,48,4868,7022
2023-09-26 13:34:45,46,48,4868,7022
2023-09-26 13:34:46,45,48,4868,7022
2023-09-26 13:34:46,47,48,4868,7022
2023-09-26 13:34:47,45,48,4868,7022
2023-09-26 13:34:48,46,48,4868,7022
2023-09-26 13:34:49,45,48,4868,7022
2023-09-26 13:34:49,47,48,4868,7022
2023-09-26 13:34:50,45,48,4868,7022
2023-09-26 13:34:51,46,48,4868,7022
2023-09-26 13:34:52,45,48,4868,7022
2023-09-26 13:34:52,47,48,4868,7022
2023-09-26 13:34:53,45,48,4868,7022
2023-09-26 13:34:54,46,48,4868,7022
2023-09-26 13:34:55,45,48,4868,7022
2023-09-26 13:34:55,47,48,4868,7022
2023-09-26 13:34:56,45,48,4868,7022
2023-09-26 13:34:57,46,48,4868,7022
2023-09-26 13:34:58,45,48,4868,7022
2023-09-26 13:34:58,47,48,4868,7022
2023-09-26 13:34:59,45,48,4868,7022
2023-09-26 13:35:01,46,48,4868,7022
2023-09-26 13:35:01,45,48,4868,7022
2023-09-26 13:35:02,47,48,4868,7022
2023-09-26 13:35:02,45,48,4868,7022
2023-09-26 13:35:04,46,48,4868,7022
2023-09-26 13:35:04,45,48,4868,7022
2023-09-26 13:35:05,47,48,4868,7022
2023-09-26 13:35:05,45,48,4868,7022
2023-09-26 13:35:07,46,48,4868,7022
2023-09-26 13:35:07,45,48,4868,7022
2023-09-26 13:35:08,47,48,4868,7022
2023-09-26 13:35:08,45,48,4868,7022
2023-09-26 13:35:10,46,48,4868,7022
2023-09-26 13:35:11,45,48,4868,7022
2023-09-26 13:35:11,47,48,4868,7022
2023-09-26 13:35:12,45,48,4868,7022
2023-09-26 13:35:13,46,48,4868,7022
2023-09-26 13:35:14,45,48,4868,7022
2023-09-26 13:35:14,47,48,4868,7022
2023-09-26 13:35:15,45,48,4868,7022
2023-09-26 13:35:16,46,48,4868,7022
2023-09-26 13:35:17,45,48,4868,7022
2023-09-26 13:35:17,47,48,4868,7022
2023-09-26 13:35:18,45,48,4868,7022
2023-09-26 13:35:19,46,48,4868,7022
2023-09-26 13:35:20,45,48,4868,7022
2023-09-26 13:35:20,47,48,4868,7022
2023-09-26 13:35:21,45,48,4868,7022
2023-09-26 13:35:22,46,48,4868,7022
2023-09-26 13:35:23,45,48,4868,7022
2023-09-26 13:35:23,47,48,4868,7022
2023-09-26 13:35:24,45,48,4868,7022
2023-09-26 13:35:25,46,48,4868,7022
2023-09-26 13:35:26,45,48,4868,7022
2023-09-26 13:35:26,47,48,4868,7022
2023-09-26 13:35:27,45,48,4868,7022
2023-09-26 13:35:28,46,48,4868,7022
2023-09-26 13:35:29,45,48,4868,7022
2023-09-26 13:35:29,47,48,4868,7022
2023-09-26 13:35:30,45,48,4868,7022
2023-09-26 13:35:31,46,48,4868,7022
2023-09-26 13:35:32,45,48,4868,7022
2023-09-26 13:35:32,47,48,4868,7022
2023-09-26 13:35:33,45,48,4868,7022
2023-09-26 13:35:34,46,48,4868,7022
2023-09-26 13:35:35,45,48,4868,7022
2023-09-26 13:35:35,47,48,4868,7022
2023-09-26 13:35:36,45,48,4868,7022
2023-09-26 13:35:37,46,48,4868,7022
2023-09-26 13:35:38,45,48,4868,7022
2023-09-26 13:35:38,47,48,4868,7022
2023-09-26 13:35:39,45,48,4868,7022
2023-09-26 13:35:40,46,48,4868,7022
2023-09-26 13:35:41,45,48,4868,7022
2023-09-26 13:35:41,47,48,4868,7022
2023-09-26 13:35:42,45,48,4868,7022
2023-09-26 13:35:43,46,48,4868,7022
2023-09-26 13:35:44,45,48,4868,7022
2023-09-26 13:35:44,47,48,4868,7022
2023-09-26 13:35:45,45,48,4868,7022
2023-09-26 13:35:46,46,48,4868,7022
2023-09-26 13:35:47,45,48,4868,7022
2023-09-26 13:35:47,47,48,4868,7022
2023-09-26 13:35:48,45,48,4868,7022
2023-09-26 13:35:49,46,48,4868,7022
2023-09-26 13:35:50,45,48,4868,7022
2023-09-26 13:35:50,47,48,4868,7022
2023-09-26 13:35:51,45,48,4868,7022
2023-09-26 13:35:52,46,48,4868,7022
2023-09-26 13:35:53,45,48,4868,7022
2023-09-26 13:35:53,47,48,4868,7022
2023-09-26 13:35:54,45,48,4868,7022
2023-09-26 13:35:55,46,48,4868,7022
2023-09-26 13:35:56,45,48,4868,7022
2023-09-26 13:35:56,47,48,4868,7022
2023-09-26 13:35:57,45,48,4868,7022
2023-09-26 13:35:58,46,48,4868,7022
2023-09-26 13:35:59,45,48,4868,7022
2023-09-26 13:36:00,46,48,4868,7022
2023-09-26 13:36:01,45,48,4868,7022
2023-09-26 13:36:02,46,48,4868,7022
2023-09-26 13:36:03,45,48,4868,7022
2023-09-26 13:36:04,46,48,4868,7022
2023-09-26 13:36:05,45,48,4868,7022
2023-09-26 13:36:06,46,48,4868,7022
2023-09-26 13:36:07,45,48,4868,7022
2023-09-26 13:36:07,47,48,4868,7022
2023-09-26 13:36:08,45,48,4868,7022
2023-09-26 13:36:09,46,48,4868,7022
2023-09-26 13:36:10,45,48,4868,7022
2023-09-26 13:36:10,47,48,4868,7022
2023-09-26 13:36:11,45,48,4868,7022
2023-09-26 13:36:12,46,48,4868,7022
2023-09-26 13:36:13,45,48,4868,7022
2023-09-26 13:36:14,46,48,4868,7022
2023-09-26 13:36:15,45,48,4868,7022
2023-09-26 13:36:15,47,48,4868,7022
2023-09-26 13:36:16,45,48,4868,7022
2023-09-26 13:36:17,46,48,4868,7022
2023-09-26 13:36:18,45,48,4868,7022
2023-09-26 13:36:18,47,48,4868,7022
2023-09-26 13:36:19,45,48,4868,7022
2023-09-26 13:36:20,46,48,4868,7022
2023-09-26 13:36:21,45,48,4868,7022
2023-09-26 13:36:21,47,48,4868,7022
2023-09-26 13:36:22,45,48,4868,7022
2023-09-26 13:36:23,46,48,4868,7022
2023-09-26 13:36:24,45,48,4868,7022
2023-09-26 13:36:25,46,48,4868,7022
2023-09-26 13:36:26,45,48,4868,7022
2023-09-26 13:36:27,46,48,4868,7022
2023-09-26 13:36:28,45,48,4868,7022
2023-09-26 13:36:29,46,48,4868,7022
2023-09-26 13:36:30,45,48,4868,7022
2023-09-26 13:36:31,46,48,4868,7022
2023-09-26 13:36:32,45,48,4868,7022
2023-09-26 13:36:33,46,48,4868,7022
2023-09-26 13:36:34,45,48,4868,7022
2023-09-26 13:36:35,46,48,4868,7022
2023-09-26 13:36:36,45,48,4868,7022
2023-09-26 13:36:36,47,48,4868,7022
2023-09-26 13:36:37,45,48,4868,7022
2023-09-26 13:36:38,46,48,4868,7022
2023-09-26 13:36:39,45,48,4868,7022
2023-09-26 13:36:40,46,48,4868,7022
2023-09-26 13:36:41,45,48,4868,7022
2023-09-26 13:36:42,46,48,4868,7022
2023-09-26 13:36:43,45,48,4868,7022
2023-09-26 13:36:44,46,48,4868,7022
2023-09-26 13:36:45,45,48,4868,7022
2023-09-26 13:36:46,46,48,4868,7022
2023-09-26 13:36:47,45,48,4868,7022
2023-09-26 13:36:48,46,48,4868,7022
2023-09-26 13:36:49,45,48,4868,7022
2023-09-26 13:36:50,46,48,4868,7022
2023-09-26 13:36:51,45,48,4868,7022
2023-09-26 13:36:52,46,48,4868,7022
2023-09-26 13:36:53,45,48,4868,7022
2023-09-26 13:36:54,46,48,4868,7022
2023-09-26 13:36:55,45,48,4868,7022
2023-09-26 13:36:58,46,48,4868,7022
2023-09-26 13:36:59,46,47,4868,7022
2023-09-26 13:36:59,45,47,4868,7022
2023-09-26 13:37:00,45,48,4868,7022
2023-09-26 13:37:00,46,48,4868,7022
2023-09-26 13:37:01,46,47,4868,7022
2023-09-26 13:37:01,45,47,4868,7022
2023-09-26 13:37:02,46,47,4868,7022
2023-09-26 13:37:03,45,47,4868,7022
2023-09-26 13:37:08,45,46,4868,7022
2023-09-26 13:37:10,44,46,4868,7022
2023-09-26 13:37:11,45,46,4868,7022
2023-09-26 13:37:12,44,46,4868,7022
2023-09-26 13:37:13,45,46,4868,7022
2023-09-26 13:37:14,44,46,4868,7022
2023-09-26 13:37:15,45,46,4868,7022
2023-09-26 13:37:16,44,46,4868,7022
2023-09-26 13:37:17,45,46,4868,7022
2023-09-26 13:37:18,44,46,4868,7022
2023-09-26 13:37:19,45,46,4868,7022
2023-09-26 13:37:20,44,46,4868,7022
2023-09-26 13:37:21,45,46,4868,7022
2023-09-26 13:37:22,44,46,4868,7022
2023-09-26 13:37:23,45,46,4868,7022
2023-09-26 13:37:24,44,46,4868,7022
2023-09-26 13:37:26,44,45,4868,7022
2023-09-26 13:37:26,43,45,4868,7022
2023-09-26 13:37:27,43,46,4868,7022
2023-09-26 13:37:27,44,46,4868,7022
2023-09-26 13:37:28,44,45,4868,7022
2023-09-26 13:37:28,43,45,4868,7022
2023-09-26 13:37:29,44,45,4868,7022
2023-09-26 13:37:30,43,45,4868,7022
2023-09-26 13:37:31,44,45,4868,7022
2023-09-26 13:37:32,43,45,4868,7022
2023-09-26 13:37:33,44,45,4868,7022
2023-09-26 13:37:34,43,45,4868,7022
2023-09-26 13:37:35,44,45,4868,7022
2023-09-26 13:37:36,43,45,4868,7022
2023-09-26 13:37:41,44,45,4868,7022
2023-09-26 13:37:42,43,45,4868,7022
2023-09-26 13:37:43,44,45,4868,7022
2023-09-26 13:37:44,43,45,4868,7022
2023-09-26 13:37:45,44,45,4868,7022
2023-09-26 13:37:46,43,45,4868,7022
2023-09-26 13:37:47,44,45,4868,7022
2023-09-26 13:37:48,43,45,4868,7022
2023-09-26 13:37:49,44,45,4868,7022
2023-09-26 13:37:50,43,45,4868,7022
2023-09-26 13:37:51,44,45,4868,7022
2023-09-26 13:37:52,43,45,4868,7022
2023-09-26 13:37:53,43,46,4868,7022
2023-09-26 13:37:54,44,46,4868,7022
2023-09-26 13:37:54,43,46,4868,7022
2023-09-26 13:37:56,44,46,4868,7022
2023-09-26 13:37:56,43,46,4868,7022
2023-09-26 13:37:57,45,46,4868,7022
2023-09-26 13:37:58,44,46,4868,7022
2023-09-26 13:37:59,45,46,4868,7022
2023-09-26 13:38:00,44,46,4868,7022
2023-09-26 13:38:01,45,46,4868,7022
2023-09-26 13:38:02,44,46,4868,7022
2023-09-26 13:38:03,45,46,4868,7022
2023-09-26 13:38:04,44,46,4868,7022
2023-09-26 13:38:05,45,46,4868,7022
2023-09-26 13:38:06,44,46,4868,7022
2023-09-26 13:38:07,45,46,4868,7022
2023-09-26 13:38:08,44,46,4868,7022
2023-09-26 13:38:09,45,46,4868,7022
2023-09-26 13:38:10,44,46,4868,7022
2023-09-26 13:38:11,44,45,4868,7022
2023-09-26 13:38:11,45,46,4668,7222
2023-09-26 13:38:12,44,45,4571,7319
2023-09-26 13:38:12,43,45,4571,7319
2023-09-26 13:38:13,43,46,4571,7319
2023-09-26 13:38:13,44,46,4571,7319
2023-09-26 13:38:19,44,45,4571,7319
2023-09-26 13:38:20,44,46,4571,7319
2023-09-26 13:38:24,44,45,4571,7319
2023-09-26 13:38:25,43,45,4571,7319
2023-09-26 13:38:32,44,45,4571,7319
2023-09-26 13:38:33,43,45,4571,7319
2023-09-26 13:38:34,44,45,4571,7319
2023-09-26 13:38:36,43,45,4571,7319
2023-09-26 13:38:37,44,45,4571,7319
2023-09-26 13:38:39,43,45,4571,7319
2023-09-26 13:38:45,43,44,4571,7319
2023-09-26 13:39:26,43,45,4571,7319
2023-09-26 13:39:29,44,45,4571,7319
2023-09-26 13:39:30,43,45,4571,7319
2023-09-26 13:39:38,44,45,4571,7319
2023-09-26 13:39:41,43,45,4571,7319
2023-09-26 13:39:55,43,44,4571,7319
2023-09-26 13:39:57,43,45,4571,7319
2023-09-26 13:40:00,43,44,4571,7319
2023-09-26 13:40:03,43,45,4571,7319
2023-09-26 13:40:26,43,44,4571,7319
2023-09-26 13:40:26,42,44,4571,7319
2023-09-26 13:40:36,43,44,4571,7319
2023-09-26 13:40:37,42,44,4571,7319
2023-09-26 13:40:57,41,44,4571,7319
2023-09-26 13:40:59,41,43,4571,7319
2023-09-26 13:41:04,42,43,4571,7319
2023-09-26 13:42:06,42,44,4571,7319
2023-09-26 13:42:39,42,43,4571,7319
2023-09-26 13:42:54,42,44,4571,7319
2023-09-26 13:43:16,42,43,4571,7319
2023-09-26 13:43:50,42,43,4371,7519
2023-09-26 13:44:00,41,43,4371,7519
2023-09-26 13:44:01,42,43,4371,7519
2023-09-26 13:44:03,41,43,4371,7519
2023-09-26 13:44:04,41,42,4371,7519
2023-09-26 13:44:29,41,43,4371,7519
2023-09-26 13:44:29,42,43,4371,7519
2023-09-26 13:44:43,41,43,4371,7519
2023-09-26 13:44:46,42,43,4371,7519
2023-09-26 13:44:53,41,43,4371,7519
2023-09-26 13:44:54,42,43,4371,7519
2023-09-26 13:44:56,41,43,4371,7519
2023-09-26 13:44:57,42,43,4371,7519
2023-09-26 13:45:03,41,43,4371,7519
2023-09-26 13:45:04,42,43,4371,7519
2023-09-26 13:46:31,41,43,4371,7519
2023-09-26 13:46:34,41,42,4371,7519
2023-09-26 13:47:12,41,44,4334,7556
2023-09-26 13:47:13,42,44,4334,7556
2023-09-26 13:47:32,42,43,4334,7556
2023-09-26 13:49:29,42,43,4134,7756
2023-09-26 13:49:30,41,43,4134,7756
2023-09-26 13:49:31,42,43,4134,7756
2023-09-26 13:49:34,41,43,4134,7756
2023-09-26 13:49:35,42,43,4134,7756
2023-09-26 13:49:39,41,43,4134,7756
2023-09-26 13:50:05,42,43,4134,7756
2023-09-26 13:50:45,42,44,4134,7756
2023-09-26 13:50:52,42,45,4134,7756
2023-09-26 13:50:53,43,45,4134,7756
2023-09-26 13:50:58,44,45,4134,7756
2023-09-26 13:51:16,44,45,4132,7758
2023-09-26 13:51:17,44,46,4132,7758
2023-09-26 13:51:19,45,46,4132,7758
2023-09-26 13:51:26,45,46,3952,7938
2023-09-26 13:51:28,45,47,3952,7938
2023-09-26 13:51:30,45,46,3952,7938
2023-09-26 13:51:31,45,47,3952,7938
2023-09-26 13:51:49,45,48,3952,7938
2023-09-26 13:51:49,46,48,3952,7938
2023-09-26 13:51:51,47,48,3952,7938
2023-09-26 13:52:48,46,48,3952,7938
2023-09-26 13:52:58,46,47,3952,7938
2023-09-26 13:53:00,46,48,3952,7938
2023-09-26 13:53:01,46,47,3952,7938
2023-09-26 13:53:03,45,47,3952,7938
2023-09-26 13:53:04,46,47,3952,7938
2023-09-26 13:53:12,46,48,3952,7938
2023-09-26 13:53:12,46,47,3952,7938
2023-09-26 13:53:15,46,48,3952,7938
2023-09-26 13:53:15,47,48,3952,7938
2023-09-26 13:53:25,46,48,3952,7938
2023-09-26 13:53:35,47,48,3952,7938
2023-09-26 13:53:38,46,48,3952,7938
2023-09-26 13:53:41,47,48,3952,7938
2023-09-26 13:53:42,46,48,3952,7938
2023-09-26 13:53:43,47,48,3952,7938
2023-09-26 13:53:56,46,48,3952,7938
2023-09-26 13:54:00,46,47,3952,7938
2023-09-26 13:54:01,46,48,3952,7938
2023-09-26 13:54:08,47,48,3952,7938
2023-09-26 13:54:18,46,48,3952,7938
2023-09-26 13:54:20,47,48,3952,7938
2023-09-26 13:54:21,46,48,3952,7938
2023-09-26 13:54:28,47,48,3952,7938
2023-09-26 13:54:29,46,48,3952,7938
2023-09-26 13:54:30,47,48,3952,7938
2023-09-26 13:54:34,46,48,3952,7938
2023-09-26 13:54:35,47,48,3952,7938
2023-09-26 13:55:12,46,48,3952,7938
2023-09-26 13:55:14,47,48,3952,7938
2023-09-26 13:55:54,46,48,3952,7938
2023-09-26 13:55:56,47,48,3952,7938
2023-09-26 13:56:09,46,48,3952,7938
2023-09-26 13:56:11,47,48,3952,7938
2023-09-26 13:56:12,46,48,3952,7938
2023-09-26 13:56:13,47,48,3952,7938
2023-09-26 13:56:21,46,48,3952,7938
2023-09-26 13:56:28,47,48,3952,7938
2023-09-26 13:57:27,47,49,3952,7938
2023-09-26 13:57:45,47,48,3952,7938
2023-09-26 13:57:50,47,49,3952,7938
2023-09-26 13:59:00,48,49,3952,7938
2023-09-26 13:59:18,48,50,3952,7938
2023-09-26 13:59:29,49,50,3952,7938
2023-09-26 14:00:45,49,51,3952,7938
2023-09-26 14:01:28,49,50,3952,7938
2023-09-26 14:01:38,49,50,3752,8138
2023-09-26 14:01:38,49,50,3750,8140
2023-09-26 14:01:39,48,50,3750,8140
2023-09-26 14:01:42,48,50,3748,8142
2023-09-26 14:01:42,47,50,3748,8142
2023-09-26 14:01:43,48,50,3748,8142
2023-09-26 14:01:44,48,50,3746,8144
2023-09-26 14:01:45,47,50,3746,8144
2023-09-26 14:01:50,47,49,3746,8144
2023-09-26 14:01:53,48,49,3746,8144
2023-09-26 14:01:54,48,49,3737,8153
2023-09-26 14:02:02,47,49,3737,8153
2023-09-26 14:02:03,48,49,3737,8153
2023-09-26 14:02:07,48,50,3737,8153
2023-09-26 14:02:11,47,50,3737,8153
2023-09-26 14:02:12,48,50,3737,8153
2023-09-26 14:02:15,48,49,3737,8153
2023-09-26 14:02:20,48,50,3737,8153
2023-09-26 14:02:28,49,50,3737,8153
2023-09-26 14:02:37,48,50,3737,8153
2023-09-26 14:02:45,48,51,3737,8153
2023-09-26 14:02:47,48,50,3737,8153
2023-09-26 14:03:04,48,49,3737,8153
2023-09-26 14:03:06,47,49,3737,8153
2023-09-26 14:03:08,48,49,3737,8153
2023-09-26 14:03:11,48,50,3737,8153
2023-09-26 14:03:54,48,49,3737,8153
2023-09-26 14:04:03,48,50,3737,8153
2023-09-26 14:05:27,48,51,3737,8153
2023-09-26 14:05:29,49,51,3737,8153
2023-09-26 14:06:01,49,50,3737,8153
2023-09-26 14:06:02,49,51,3737,8153
2023-09-26 14:06:38,49,50,3737,8153
2023-09-26 14:06:39,49,51,3737,8153
2023-09-26 14:06:40,49,50,3737,8153
2023-09-26 14:06:50,48,50,3737,8153
2023-09-26 14:06:52,49,50,3737,8153
2023-09-26 14:07:04,48,50,3737,8153
2023-09-26 14:07:05,48,50,3735,8155
2023-09-26 14:07:15,48,49,3735,8155
2023-09-26 14:07:17,48,49,3720,8170
2023-09-26 14:07:17,47,49,3720,8170
2023-09-26 14:07:25,47,50,3720,8170
2023-09-26 14:07:25,48,50,3720,8170
2023-09-26 14:07:30,48,49,3720,8170
2023-09-26 14:07:32,47,49,3720,8170
2023-09-26 14:07:49,48,49,3720,8170
2023-09-26 14:07:56,48,50,3720,8170
2023-09-26 14:08:31,48,49,3720,8170
2023-09-26 14:08:36,47,49,3720,8170
2023-09-26 14:08:37,48,49,3720,8170
2023-09-26 14:08:49,48,49,3520,8370
2023-09-26 14:08:49,47,49,3520,8370
2023-09-26 14:08:53,48,49,3520,8370
2023-09-26 14:09:01,47,49,3520,8370
2023-09-26 14:09:03,48,49,3520,8370
2023-09-26 14:09:04,47,49,3520,8370
2023-09-26 14:09:13,48,49,3520,8370
2023-09-26 14:09:14,48,50,3520,8370
2023-09-26 14:09:15,48,49,3520,8370
2023-09-26 14:09:22,48,50,3520,8370
2023-09-26 14:09:48,48,49,3520,8370
2023-09-26 14:09:51,48,50,3520,8370
2023-09-26 14:09:54,47,50,3520,8370
2023-09-26 14:09:55,47,49,3520,8370
2023-09-26 14:09:55,48,49,3520,8370
2023-09-26 14:09:56,47,49,3520,8370
2023-09-26 14:10:01,48,49,3520,8370
2023-09-26 14:10:02,47,49,3520,8370
2023-09-26 14:10:03,48,49,3520,8370
2023-09-26 14:10:11,48,49,3320,8570
2023-09-26 14:10:11,47,49,3320,8570
2023-09-26 14:10:23,47,50,3320,8570
2023-09-26 14:10:28,48,50,3320,8570
2023-09-26 14:10:46,48,49,3320,8570
2023-09-26 14:10:49,47,49,3320,8570
2023-09-26 14:10:50,48,49,3320,8570
2023-09-26 14:10:53,47,49,3320,8570
2023-09-26 14:10:55,48,49,3320,8570
2023-09-26 14:10:56,47,49,3320,8570
2023-09-26 14:10:58,48,49,3320,8570
2023-09-26 14:11:00,48,50,3320,8570
2023-09-26 14:11:18,48,49,3320,8570
2023-09-26 14:11:21,48,49,3317,8573
2023-09-26 14:11:37,48,50,3317,8573
2023-09-26 14:11:37,48,49,3317,8573
2023-09-26 14:11:47,47,49,3317,8573
2023-09-26 14:11:49,47,48,3317,8573
2023-09-26 14:12:06,47,48,3317,8583
2023-09-26 14:12:12,47,48,3317,8588
2023-09-26 14:12:15,47,48,3317,8593
2023-09-26 14:12:35,46,48,3528,8804
2023-09-26 14:12:37,46,47,3528,8804
2023-09-26 14:12:39,46,47,3634,8910
2023-09-26 14:12:45,45,47,3634,8910
2023-09-26 14:12:46,45,46,3634,8910
2023-09-26 14:12:57,45,46,3812,9119
2023-09-26 14:12:58,45,47,3812,9119
2023-09-26 14:13:00,46,47,3812,9119
2023-09-26 14:13:01,45,47,3812,9119
2023-09-26 14:13:03,46,47,3812,9119
2023-09-26 14:13:06,46,47,3788,9143
2023-09-26 14:13:17,45,47,3788,9143
2023-09-26 14:13:18,46,47,3788,9143
2023-09-26 14:13:23,45,47,3788,9143
2023-09-26 14:13:30,46,47,3788,9143
2023-09-26 14:13:31,45,47,3788,9143
2023-09-26 14:13:35,45,46,3788,9143
2023-09-26 14:14:02,44,45,3518,9413
2023-09-26 14:14:02,43,45,3518,9413
2023-09-26 14:14:03,43,46,3518,9413
2023-09-26 14:14:05,44,46,3518,9413
2023-09-26 14:14:10,43,46,3518,9413
2023-09-26 14:14:13,44,46,3518,9413
2023-09-26 14:14:18,44,46,3518,9415
2023-09-26 14:14:20,43,46,3518,9415
2023-09-26 14:14:21,44,46,3518,9415
2023-09-26 14:14:22,43,46,3518,9415
2023-09-26 14:14:26,44,46,3518,9415
2023-09-26 14:14:28,43,46,3518,9415
2023-09-26 14:14:36,44,46,3518,9415
2023-09-26 14:14:49,44,46,3518,9421
2023-09-26 14:14:53,45,46,3518,9421
2023-09-26 14:14:54,45,47,3518,9421
2023-09-26 14:15:02,45,46,3518,9421
2023-09-26 14:15:05,45,47,3518,9421
2023-09-26 14:15:15,46,47,3518,9421
2023-09-26 14:15:15,46,48,3518,9421
2023-09-26 14:15:16,46,47,3518,9421
2023-09-26 14:15:19,46,48,3518,9421
2023-09-26 14:15:20,45,48,3518,9421
2023-09-26 14:15:20,45,47,3518,9421
2023-09-26 14:15:22,45,48,3518,9421
2023-09-26 14:15:26,46,48,3518,9421
2023-09-26 14:15:27,46,47,3518,9421
2023-09-26 14:15:28,45,47,3518,9421
2023-09-26 14:15:34,44,47,3518,9421
2023-09-26 14:15:40,45,47,3518,9421
2023-09-26 14:15:46,44,47,3518,9421
2023-09-26 14:15:48,45,47,3518,9421
2023-09-26 14:15:49,44,47,3518,9421
2023-09-26 14:15:50,45,47,3518,9421
2023-09-26 14:15:57,44,47,3518,9421
2023-09-26 14:16:07,45,47,3518,9421
2023-09-26 14:16:38,45,48,3518,9421
2023-09-26 14:16:45,46,48,3518,9421
2023-09-26 14:16:51,47,48,3518,9421
2023-09-26 14:16:52,47,49,3518,9421
2023-09-26 14:16:53,48,49,3518,9421
2023-09-26 14:16:57,47,49,3518,9421
2023-09-26 14:17:26,48,49,3518,9421
2023-09-26 14:17:27,47,49,3518,9421
2023-09-26 14:17:40,47,48,3518,9421
2023-09-26 14:17:42,47,49,3518,9421
2023-09-26 14:17:44,47,48,3518,9421
2023-09-26 14:17:47,46,48,3518,9421
2023-09-26 14:17:49,45,48,3518,9421
2023-09-26 14:18:00,45,47,3518,9421
2023-09-26 14:18:08,45,48,3518,9421
2023-09-26 14:18:08,46,48,3518,9421
2023-09-26 14:18:10,45,48,3518,9421
2023-09-26 14:18:11,46,48,3518,9421
2023-09-26 14:18:17,45,48,3518,9421
2023-09-26 14:18:29,45,47,3518,9421
2023-09-26 14:18:30,45,48,3518,9421
2023-09-26 14:18:33,45,47,3518,9421
2023-09-26 14:18:40,46,47,3518,9421
2023-09-26 14:18:41,46,48,3518,9421
2023-09-26 14:18:41,45,48,3518,9421
2023-09-26 14:18:53,45,47,3518,9421
2023-09-26 14:19:08,45,47,3515,9424
2023-09-26 14:19:16,45,46,3515,9424
2023-09-26 14:19:16,44,46,3515,9424
2023-09-26 14:19:17,44,45,3515,9424
2023-09-26 14:19:20,44,46,3515,9424
2023-09-26 14:19:25,44,45,3515,9424
2023-09-26 14:19:31,43,45,3515,9424
2023-09-26 14:19:32,44,45,3515,9424
2023-09-26 14:19:34,43,45,3515,9424
2023-09-26 14:19:55,44,45,3515,9424
2023-09-26 14:19:56,43,45,3515,9424
2023-09-26 14:20:00,43,44,3515,9424
2023-09-26 14:20:04,43,45,3515,9424
2023-09-26 14:20:05,44,45,3515,9424
2023-09-26 14:20:10,43,45,3515,9424
2023-09-26 14:20:23,44,45,3515,9424
2023-09-26 14:20:29,43,45,3515,9424
2023-09-26 14:20:43,43,45,3606,9515
2023-09-26 14:20:47,44,45,3606,9515
2023-09-26 14:20:53,44,45,3603,9518
2023-09-26 14:21:04,44,45,3594,9527
2023-09-26 14:21:04,43,45,3594,9527
2023-09-26 14:21:06,43,44,3594,9527
2023-09-26 14:21:13,43,45,3594,9527
2023-09-26 14:21:17,44,45,3594,9527
2023-09-26 14:21:19,44,45,3594,9587
2023-09-26 14:21:20,43,45,3594,9587
2023-09-26 14:21:37,43,45,3594,9596
2023-09-26 14:21:49,42,45,3594,9596
2023-09-26 14:21:52,43,45,3594,9596
2023-09-26 14:21:56,43,46,3594,9596
2023-09-26 14:22:03,44,46,3594,9596
2023-09-26 14:22:04,44,47,3594,9596
2023-09-26 14:22:04,45,47,3594,9596
2023-09-26 14:22:08,45,46,3594,9596
2023-09-26 14:22:25,45,47,3594,9596
2023-09-26 14:22:43,45,48,3594,9596
2023-09-26 14:22:44,46,48,3594,9596
2023-09-26 14:22:56,46,49,3594,9596
2023-09-26 14:22:57,46,48,3594,9596
2023-09-26 14:22:59,46,49,3594,9596
2023-09-26 14:23:02,47,49,3594,9596
2023-09-26 14:23:04,48,49,3594,9596
2023-09-26 14:23:04,48,50,3594,9596
2023-09-26 14:23:06,49,50,3594,9596
2023-09-26 14:23:48,49,51,3594,9596
2023-09-26 14:23:53,50,51,3594,9596
2023-09-26 14:24:05,50,52,3594,9596
2023-09-26 14:24:05,51,52,3594,9596
2023-09-26 14:24:54,50,52,3594,9596
2023-09-26 14:25:00,51,52,3594,9596
2023-09-26 14:25:01,50,52,3594,9596
2023-09-26 14:25:03,51,52,3594,9596
2023-09-26 14:25:07,50,52,3594,9596
2023-09-26 14:25:09,50,51,3594,9596
2023-09-26 14:25:11,50,52,3594,9596
2023-09-26 14:25:12,50,51,3594,9596
2023-09-26 14:25:18,50,52,3594,9596
2023-09-26 14:25:21,51,52,3594,9596
2023-09-26 14:25:24,50,52,3594,9596
2023-09-26 14:25:26,50,51,3594,9596
2023-09-26 14:25:28,49,50,3594,9606
2023-09-26 14:25:29,49,51,3594,9606
2023-09-26 14:25:56,50,51,3594,9606
2023-09-26 14:25:57,49,51,3594,9606
2023-09-26 14:26:04,50,51,3594,9606
2023-09-26 14:26:09,50,52,3594,9606
2023-09-26 14:26:16,50,51,3594,9606
2023-09-26 14:26:20,49,51,3594,9606
2023-09-26 14:26:44,49,50,3594,9606
2023-09-26 14:26:45,47,50,3594,9606
2023-09-26 14:26:46,48,50,3594,9606
2023-09-26 14:26:53,49,50,3594,9606
2023-09-26 14:27:06,49,51,3594,9606
2023-09-26 14:27:11,49,50,3594,9606
2023-09-26 14:27:15,49,51,3594,9606
2023-09-26 14:27:36,49,50,3594,9606
2023-09-26 14:27:40,48,50,3594,9606
2023-09-26 14:27:42,49,50,3594,9606
2023-09-26 14:27:43,48,50,3594,9606
2023-09-26 14:27:47,49,50,3594,9606
2023-09-26 14:27:48,48,50,3594,9606
2023-09-26 14:27:49,48,49,3594,9606
2023-09-26 14:27:53,46,49,3594,9606
2023-09-26 14:27:54,46,48,3594,9606
2023-09-26 14:27:54,47,48,3594,9606
2023-09-26 14:27:55,46,48,3594,9606
2023-09-26 14:28:01,46,47,3594,9606
2023-09-26 14:28:01,45,47,3594,9606
2023-09-26 14:28:03,46,47,3594,9606
2023-09-26 14:28:04,46,47,3589,9611
2023-09-26 14:28:05,45,47,3589,9611
2023-09-26 14:28:07,46,47,3589,9611
2023-09-26 14:28:08,45,47,3589,9611
2023-09-26 14:28:14,46,47,3589,9611
2023-09-26 14:28:15,45,47,3589,9611
2023-09-26 14:28:28,46,47,3589,9611
2023-09-26 14:28:35,45,47,3589,9611
2023-09-26 14:28:36,46,47,3589,9611
2023-09-26 14:28:54,45,47,3589,9611
2023-09-26 14:29:00,46,47,3589,9611
2023-09-26 14:29:16,46,47,3586,9614
2023-09-26 14:29:19,46,47,3386,9814
2023-09-26 14:29:19,45,47,3386,9814
2023-09-26 14:29:22,44,47,3386,9814
2023-09-26 14:29:29,44,46,3386,9814
2023-09-26 14:29:31,44,46,3366,9834
2023-09-26 14:29:32,44,45,3366,9834
2023-09-26 14:29:32,43,45,3366,9834
2023-09-26 14:29:36,44,45,3366,9834
2023-09-26 14:29:47,43,45,3366,9834
2023-09-26 14:29:48,44,45,3366,9834
2023-09-26 14:30:04,43,45,3366,9834
2023-09-26 14:30:09,43,44,3366,9834
2023-09-26 14:30:16,43,45,3366,9834
2023-09-26 14:30:16,44,45,3366,9834
2023-09-26 14:30:20,43,45,3366,9834
2023-09-26 14:30:22,44,45,3366,9834
2023-09-26 14:30:24,44,46,3366,9834
2023-09-26 14:30:46,44,45,3366,9834
2023-09-26 14:30:47,43,45,3366,9834
2023-09-26 14:30:56,42,45,3366,9834
2023-09-26 14:31:01,43,45,3366,9834
2023-09-26 14:31:30,42,45,3366,9834
2023-09-26 14:31:31,42,44,3366,9834
2023-09-26 14:31:32,43,44,3366,9834
2023-09-26 14:31:34,43,45,3366,9834
2023-09-26 14:31:36,43,46,3366,9834
2023-09-26 14:31:37,43,45,3366,9834
2023-09-26 14:31:43,43,46,3366,9834
2023-09-26 14:31:43,44,46,3366,9834
2023-09-26 14:31:45,44,47,3366,9834
2023-09-26 14:31:46,45,47,3366,9834
2023-09-26 14:31:57,46,47,3366,9834
2023-09-26 14:32:08,45,47,3366,9834
2023-09-26 14:32:22,46,47,3366,9834
2023-09-26 14:32:22,45,47,3366,9834
2023-09-26 14:32:30,45,46,3366,9834
2023-09-26 14:32:31,44,46,3366,9834
2023-09-26 14:32:33,45,46,3366,9834
2023-09-26 14:32:34,45,47,3366,9834
2023-09-26 14:32:39,45,46,3366,9834
2023-09-26 14:32:47,45,47,3366,9834
2023-09-26 14:32:48,45,46,3366,9834
2023-09-26 14:32:57,45,47,3366,9834
2023-09-26 14:32:58,45,48,3366,9834
2023-09-26 14:32:59,46,48,3366,9834
2023-09-26 14:33:01,46,47,3366,9834
2023-09-26 14:33:05,46,48,3366,9834
2023-09-26 14:33:08,46,49,3366,9834
2023-09-26 14:33:09,47,50,3366,9834
2023-09-26 14:33:09,48,50,3366,9834
2023-09-26 14:33:19,48,49,3366,9834
2023-09-26 14:33:28,46,49,3366,9834
2023-09-26 14:33:29,47,49,3366,9834
2023-09-26 14:33:42,47,48,3366,9834
2023-09-26 14:33:44,46,48,3366,9834
2023-09-26 14:33:48,46,47,3366,9834
2023-09-26 14:33:51,46,47,3364,9836
2023-09-26 14:34:09,46,48,3364,9836
2023-09-26 14:34:17,47,48,3364,9836
2023-09-26 14:34:18,46,48,3364,9836
2023-09-26 14:34:21,46,47,3364,9836
2023-09-26 14:34:22,46,48,3364,9836
2023-09-26 14:34:23,47,48,3364,9836
2023-09-26 14:34:24,47,48,3362,9838
2023-09-26 14:34:24,46,48,3362,9838
2023-09-26 14:34:29,46,47,3362,9838
2023-09-26 14:34:32,46,48,3362,9838
2023-09-26 14:34:35,46,47,3362,9838
2023-09-26 14:34:39,46,48,3362,9838
2023-09-26 14:34:40,46,47,3362,9838
2023-09-26 14:34:52,46,47,3358,9842
2023-09-26 14:34:54,45,47,3358,9842
2023-09-26 14:35:02,46,47,3358,9842
2023-09-26 14:35:04,45,47,3358,9842
2023-09-26 14:35:07,46,47,3358,9842
2023-09-26 14:35:14,45,47,3358,9842
2023-09-26 14:35:15,46,47,3358,9842
2023-09-26 14:35:17,45,47,3358,9842
2023-09-26 14:35:19,46,47,3358,9842
2023-09-26 14:35:21,46,47,3158,10042
2023-09-26 14:35:21,45,47,3158,10042
2023-09-26 14:35:38,45,46,3158,10042
2023-09-26 14:35:38,44,46,3158,10042
2023-09-26 14:35:42,44,45,3158,10042
2023-09-26 14:35:42,43,45,3158,10042
2023-09-26 14:35:55,44,45,3158,10042
2023-09-26 14:35:59,44,46,3158,10042
2023-09-26 14:36:09,43,46,3158,10042
2023-09-26 14:36:11,43,45,3158,10042
2023-09-26 14:36:11,44,45,3158,10042
2023-09-26 14:36:12,44,46,3158,10042
2023-09-26 14:36:14,44,45,3158,10042
2023-09-26 14:36:15,44,46,3158,10042
2023-09-26 14:36:27,44,45,3158,10042
2023-09-26 14:36:28,44,46,3158,10042
2023-09-26 14:37:32,44,47,3158,10042
2023-09-26 14:37:32,45,47,3158,10042
2023-09-26 14:37:35,45,48,3158,10042
2023-09-26 14:37:36,45,47,3158,10042
2023-09-26 14:37:43,44,47,3158,10042
2023-09-26 14:37:47,44,46,3158,10042
2023-09-26 14:37:56,43,46,3158,10042
2023-09-26 14:37:58,43,45,3158,10042
2023-09-26 14:39:01,43,44,3158,10042
2023-09-26 14:39:02,42,44,3158,10042
2023-09-26 14:39:21,42,43,3158,10042
2023-09-26 14:39:22,41,43,3158,10042
2023-09-26 14:39:26,41,44,3158,10042
2023-09-26 14:39:27,41,43,3158,10042
2023-09-26 14:39:36,40,43,3158,10042
2023-09-26 14:39:42,40,42,3158,10042
2023-09-26 14:39:43,40,41,3158,10042
2023-09-26 14:39:43,39,41,3158,10042
2023-09-26 14:39:45,40,41,3158,10042
2023-09-26 14:39:55,40,42,3158,10042
2023-09-26 14:40:00,40,42,3145,10055
2023-09-26 14:40:13,40,41,3145,10055
2023-09-26 14:40:18,39,41,3145,10055
2023-09-26 14:40:31,40,41,3145,10055
2023-09-26 14:40:32,39,41,3145,10055
2023-09-26 14:40:35,40,41,3145,10055
2023-09-26 14:40:38,39,41,3145,10055
2023-09-26 14:40:49,39,40,3145,10055
2023-09-26 14:40:51,39,40,3095,10105
2023-09-26 14:40:59,39,40,2845,10355
2023-09-26 14:40:59,39,40,2821,10379
2023-09-26 14:41:21,39,41,2821,10379
2023-09-26 14:41:23,40,41,2821,10379
2023-09-26 14:41:24,40,42,2821,10379
2023-09-26 14:41:30,40,41,2821,10379
2023-09-26 14:41:30,39,41,2821,10379
2023-09-26 14:41:32,40,41,2821,10379
2023-09-26 14:41:34,40,42,2821,10379
2023-09-26 14:41:39,40,41,2821,10379
2023-09-26 14:41:42,40,42,2821,10379
2023-09-26 14:41:49,40,41,2821,10379
2023-09-26 14:41:50,40,42,2821,10379
2023-09-26 14:41:59,40,43,2821,10379
2023-09-26 14:42:01,41,43,2821,10379
2023-09-26 14:42:01,41,44,2821,10379
2023-09-26 14:42:02,41,43,2821,10379
2023-09-26 14:42:04,41,44,2821,10379
2023-09-26 14:42:07,41,43,2821,10379
2023-09-26 14:42:14,40,43,2821,10379
2023-09-26 14:42:17,40,42,2821,10379
2023-09-26 14:42:20,39,42,2821,10379
2023-09-26 14:42:21,40,42,2821,10379
2023-09-26 14:42:26,40,41,2821,10379
2023-09-26 14:42:27,39,41,2821,10379
2023-09-26 14:42:35,40,41,2821,10379
2023-09-26 14:42:35,40,42,2821,10379
2023-09-26 14:42:42,40,43,2821,10379
2023-09-26 14:42:45,41,43,2821,10379
2023-09-26 14:42:46,41,44,2821,10379
2023-09-26 14:43:01,41,43,2821,10379
2023-09-26 14:43:05,41,44,2821,10379
2023-09-26 14:43:30,41,43,2821,10379
2023-09-26 14:43:48,41,42,2821,10379
2023-09-26 14:43:48,40,42,2821,10379
2023-09-26 14:43:53,40,41,2821,10379
2023-09-26 14:43:54,39,41,2821,10379
2023-09-26 14:43:55,39,40,2821,10379
2023-09-26 14:44:20,37,39,2810,10390
2023-09-26 14:44:20,37,38,2810,10390
2023-09-26 14:44:22,37,39,2810,10390
2023-09-26 14:44:27,38,39,2810,10390
2023-09-26 14:44:29,37,39,2810,10390
2023-09-26 14:44:30,38,39,2810,10390
2023-09-26 14:44:35,37,39,2810,10390
2023-09-26 14:44:39,38,39,2810,10390
2023-09-26 14:44:40,37,39,2810,10390
2023-09-26 14:44:44,38,39,2810,10390
2023-09-26 14:44:51,37,39,2810,10390
2023-09-26 14:44:58,38,39,2810,10390
2023-09-26 14:45:02,38,40,2810,10390
2023-09-26 14:45:04,38,41,2810,10390
2023-09-26 14:45:05,38,42,2810,10390
2023-09-26 14:45:05,38,41,2810,10390
2023-09-26 14:45:06,38,40,2810,10390
2023-09-26 14:45:10,37,40,2810,10390
2023-09-26 14:45:19,38,40,2810,10390
2023-09-26 14:45:21,37,40,2810,10390
2023-09-26 14:45:22,38,40,2810,10390
2023-09-26 14:45:25,38,41,2810,10390
2023-09-26 14:45:36,38,40,2810,10390
2023-09-26 14:45:53,37,40,2810,10390
2023-09-26 14:45:55,38,40,2810,10390
2023-09-26 14:45:56,37,40,2810,10390
2023-09-26 14:46:19,38,40,2810,10390
2023-09-26 14:46:23,37,40,2810,10390
2023-09-26 14:46:24,38,40,2810,10390
2023-09-26 14:46:26,37,40,2810,10390
2023-09-26 14:46:52,37,39,2810,10390
2023-09-26 14:47:06,37,40,2810,10390
2023-09-26 14:47:06,38,40,2810,10390
2023-09-26 14:47:13,38,41,2810,10390
2023-09-26 14:47:15,38,40,2810,10390
2023-09-26 14:47:57,38,39,2810,10390
2023-09-26 14:48:05,37,39,2810,10390
2023-09-26 14:48:06,38,39,2810,10390
2023-09-26 14:48:09,37,39,2810,10390
2023-09-26 14:48:12,37,38,2810,10390
2023-09-26 14:48:23,35,38,2810,10390
2023-09-26 14:48:24,36,38,2810,10390
2023-09-26 14:48:27,37,38,2810,10390
2023-09-26 14:48:41,36,38,2810,10390
2023-09-26 14:48:44,37,38,2810,10390
2023-09-26 14:48:47,36,38,2810,10390
2023-09-26 14:48:48,37,38,2810,10390
2023-09-26 14:48:55,37,39,2810,10390
2023-09-26 14:49:12,37,40,2810,10390
2023-09-26 14:49:18,38,40,2810,10390
2023-09-26 14:49:21,39,40,2810,10390
2023-09-26 14:49:22,39,41,2810,10390
2023-09-26 14:49:23,39,42,2810,10390
2023-09-26 14:49:23,40,42,2810,10390
2023-09-26 14:49:25,41,42,2810,10390
2023-09-26 14:49:27,40,42,2810,10390
2023-09-26 14:49:31,40,41,2810,10390
2023-09-26 14:49:33,39,41,2810,10390
2023-09-26 14:49:36,40,41,2810,10390
2023-09-26 14:49:45,40,42,2810,10390
2023-09-26 14:49:49,40,41,2810,10390
2023-09-26 14:49:53,39,41,2810,10390
2023-09-26 14:50:06,39,42,2810,10390
2023-09-26 14:50:06,40,42,2810,10390
2023-09-26 14:50:07,40,43,2810,10390
2023-09-26 14:51:07,40,42,2810,10390
2023-09-26 14:51:20,39,42,2810,10390
2023-09-26 14:51:27,39,41,2810,10390
2023-09-26 14:51:28,39,42,2810,10390
2023-09-26 14:51:29,39,41,2810,10390
2023-09-26 14:51:30,39,42,2810,10390
2023-09-26 14:51:32,39,41,2810,10390
2023-09-26 14:51:35,38,41,2810,10390
2023-09-26 14:51:38,38,40,2810,10390
2023-09-26 14:51:52,39,40,2810,10390
2023-09-26 14:51:52,38,40,2810,10588
2023-09-26 14:52:06,37,40,2810,10588
2023-09-26 14:52:07,38,40,2810,10588
2023-09-26 14:52:08,37,40,2810,10588
2023-09-26 14:52:11,37,39,2810,10588
2023-09-26 14:52:12,36,39,2810,10588
2023-09-26 14:52:14,36,38,2810,10588
2023-09-26 14:52:14,35,38,2810,10588
2023-09-26 14:52:16,35,37,2810,10588
2023-09-26 14:52:17,35,36,2810,10588
2023-09-26 14:52:20,34,36,2810,10588
2023-09-26 14:52:26,34,35,2810,10588
2023-09-26 14:52:37,35,39,2821,10599
2023-09-26 14:52:37,35,38,2821,10599
2023-09-26 14:52:37,36,38,2821,10599
2023-09-26 14:52:38,37,38,2821,10599
2023-09-26 14:52:38,37,40,2821,10599
2023-09-26 14:52:38,37,39,2821,10599
2023-09-26 14:52:40,38,39,2821,10599
2023-09-26 14:52:40,38,39,2821,10799
2023-09-26 14:52:42,38,40,2821,10799
2023-09-26 14:52:45,38,39,2821,10799
2023-09-26 14:52:47,37,39,2821,10799
2023-09-26 14:52:59,37,38,2821,10799
2023-09-26 14:53:01,36,38,2821,10799
2023-09-26 14:53:02,37,38,2821,10799
2023-09-26 14:53:15,37,40,2821,10799
2023-09-26 14:53:16,38,40,2821,10799
2023-09-26 14:53:25,38,39,2821,10799
2023-09-26 14:53:26,38,40,2821,10799
2023-09-26 14:53:36,38,39,2821,10799
2023-09-26 14:53:38,37,39,2821,10799
2023-09-26 14:53:51,35,39,2821,10799
2023-09-26 14:53:52,36,39,2821,10799
2023-09-26 14:54:00,36,38,2821,10799
2023-09-26 14:54:00,34,38,2821,10799
2023-09-26 14:54:01,35,38,2821,10799
