datetime,bid,ask,open_interest,volume
2023-10-30 09:30:01,5,31,91,111
2023-10-30 09:30:01,5,60,91,111
2023-10-30 09:30:16,6,60,91,111
2023-10-30 09:30:17,6,59,91,111
2023-10-30 09:31:00,25,59,91,111
2023-10-30 09:31:00,25,28,91,111
2023-10-30 09:31:00,26,28,91,111
2023-10-30 09:31:01,25,28,91,111
2023-10-30 09:31:01,26,28,91,111
2023-10-30 09:33:14,26,30,91,111
2023-10-30 09:33:15,26,29,91,111
2023-10-30 09:33:50,26,30,91,111
2023-10-30 09:33:50,26,29,91,111
2023-10-30 09:34:16,26,30,91,111
2023-10-30 09:34:31,26,29,91,111
2023-10-30 09:34:32,26,30,91,111
2023-10-30 09:34:34,26,29,91,111
2023-10-30 09:34:36,26,30,91,111
2023-10-30 09:34:39,26,30,646,666
2023-10-30 09:34:40,28,30,646,666
2023-10-30 09:35:14,28,30,946,966
2023-10-30 09:36:24,29,30,946,966
2023-10-30 09:36:24,29,30,1143,1163
2023-10-30 09:36:24,28,30,1143,1163
2023-10-30 09:36:28,29,30,1143,1163
2023-10-30 09:37:04,29,31,1143,1163
2023-10-30 09:38:03,29,31,1163,1183
2023-10-30 09:38:04,30,31,1163,1183
2023-10-30 09:38:11,30,31,1163,1243
2023-10-30 09:38:33,30,31,1163,1363
2023-10-30 09:39:06,30,31,1363,1563
2023-10-30 09:39:29,30,32,1363,1563
2023-10-30 09:40:23,30,32,1363,1578
2023-10-30 09:40:29,30,32,1363,1593
2023-10-30 09:40:36,30,32,1363,1603
2023-10-30 09:41:15,30,31,1363,1603
2023-10-30 09:41:15,30,32,1363,1603
2023-10-30 09:41:28,30,31,1363,1603
2023-10-30 09:41:29,30,32,1363,1603
2023-10-30 09:41:31,30,31,1363,1603
2023-10-30 09:41:36,30,32,1363,1603
2023-10-30 09:41:36,30,31,1363,1603
2023-10-30 09:41:37,30,32,1363,1603
2023-10-30 09:41:48,30,31,1363,1603
2023-10-30 09:42:30,30,32,1363,1603
2023-10-30 09:42:30,30,31,1363,1603
2023-10-30 09:42:31,30,32,1363,1603
2023-10-30 09:42:31,30,31,1363,1603
2023-10-30 09:45:37,30,31,1363,1803
2023-10-30 09:45:43,30,31,1363,1813
2023-10-30 09:46:22,30,32,1468,1918
2023-10-30 09:47:32,31,32,1468,1918
2023-10-30 09:47:36,31,32,1468,1958
2023-10-30 09:48:01,31,32,1468,1998
2023-10-30 09:50:07,31,32,1468,2038
2023-10-30 09:53:53,31,33,1468,2038
2023-10-30 09:54:35,31,32,1468,2038
2023-10-30 09:54:36,31,33,1468,2038
2023-10-30 09:54:36,31,32,1468,2038
2023-10-30 09:54:48,31,33,1468,2038
2023-10-30 09:54:48,31,32,1468,2038
2023-10-30 09:54:50,31,33,1468,2038
2023-10-30 09:54:50,31,32,1468,2038
2023-10-30 09:55:50,31,33,1468,2038
2023-10-30 09:55:51,31,32,1468,2038
2023-10-30 09:56:36,31,33,1468,2038
2023-10-30 09:56:36,31,32,1468,2038
2023-10-30 09:56:37,31,33,1468,2038
2023-10-30 09:56:37,31,32,1468,2038
2023-10-30 09:56:38,31,33,1468,2038
2023-10-30 09:56:38,31,32,1468,2038
2023-10-30 09:56:42,31,33,1468,2038
2023-10-30 09:56:42,31,32,1468,2038
2023-10-30 09:57:42,31,33,1468,2038
2023-10-30 09:57:43,31,32,1468,2038
2023-10-30 09:58:43,31,33,1468,2038
2023-10-30 09:58:44,31,32,1468,2038
2023-10-30 09:59:22,31,33,1468,2038
2023-10-30 09:59:27,31,32,1468,2038
2023-10-30 09:59:28,31,33,1468,2038
2023-10-30 10:00:29,31,32,1468,2038
2023-10-30 10:00:30,31,33,1468,2038
2023-10-30 10:00:52,31,32,1468,2038
2023-10-30 10:00:53,31,33,1468,2038
2023-10-30 10:00:54,31,32,1468,2038
2023-10-30 10:00:55,31,33,1468,2038
2023-10-30 10:00:55,31,32,1468,2038
2023-10-30 10:01:06,31,33,1468,2038
2023-10-30 10:01:06,31,32,1468,2038
2023-10-30 10:01:17,31,33,1468,2038
2023-10-30 10:01:17,31,32,1468,2038
2023-10-30 10:01:46,31,33,1468,2038
2023-10-30 10:01:48,31,32,1468,2038
2023-10-30 10:01:49,31,33,1468,2038
2023-10-30 10:01:49,31,32,1468,2038
2023-10-30 10:01:50,31,33,1468,2038
2023-10-30 10:01:54,31,32,1468,2038
2023-10-30 10:01:55,31,33,1468,2038
2023-10-30 10:02:24,31,32,1468,2038
2023-10-30 10:02:28,31,33,1468,2038
2023-10-30 10:02:28,31,32,1468,2038
2023-10-30 10:02:31,31,33,1468,2038
2023-10-30 10:02:31,31,32,1468,2038
2023-10-30 10:02:41,31,32,1468,2078
2023-10-30 10:03:01,31,33,1468,2078
2023-10-30 10:03:01,31,32,1468,2078
2023-10-30 10:03:02,31,33,1468,2078
2023-10-30 10:03:05,31,33,1468,2090
2023-10-30 10:03:06,31,33,1468,2103
2023-10-30 10:03:08,31,33,1468,2116
2023-10-30 10:03:36,31,32,1468,2116
2023-10-30 10:03:57,31,32,1468,2176
2023-10-30 10:03:59,30,32,1468,2176
2023-10-30 10:04:04,30,32,1468,2187
2023-10-30 10:04:05,30,32,1468,2198
2023-10-30 10:04:07,30,32,1468,2214
2023-10-30 10:04:08,30,32,1468,2227
2023-10-30 10:04:10,30,32,1468,2238
2023-10-30 10:04:12,30,32,1468,2256
2023-10-30 10:04:14,30,32,1468,2271
2023-10-30 10:04:16,30,32,1468,2287
2023-10-30 10:04:17,30,32,1468,2299
2023-10-30 10:04:24,30,31,1468,2299
2023-10-30 10:04:25,30,32,1468,2299
2023-10-30 10:05:15,29,32,1468,2299
2023-10-30 10:05:27,30,32,1468,2299
2023-10-30 10:05:29,29,32,1468,2299
2023-10-30 10:05:30,30,32,1468,2299
2023-10-30 10:06:47,31,32,1468,2299
2023-10-30 10:06:50,31,33,1468,2299
2023-10-30 10:06:53,31,32,1468,2299
2023-10-30 10:06:54,31,33,1468,2299
2023-10-30 10:06:58,30,33,1468,2299
2023-10-30 10:06:59,31,33,1468,2299
2023-10-30 10:07:01,30,33,1468,2299
2023-10-30 10:07:02,30,32,1468,2299
2023-10-30 10:07:03,30,33,1468,2299
2023-10-30 10:07:04,31,33,1468,2299
2023-10-30 10:07:05,30,33,1468,2299
2023-10-30 10:07:06,30,32,1468,2299
2023-10-30 10:07:07,30,33,1468,2299
2023-10-30 10:07:08,31,33,1468,2299
2023-10-30 10:07:21,31,32,1468,2299
2023-10-30 10:07:23,31,33,1468,2299
2023-10-30 10:08:40,31,32,1468,2299
2023-10-30 10:08:42,31,33,1468,2299
2023-10-30 10:09:00,32,33,1468,2299
2023-10-30 10:09:01,32,34,2688,3519
2023-10-30 10:09:01,31,34,2688,3519
2023-10-30 10:09:02,32,34,2688,3519
2023-10-30 10:09:02,32,33,2688,3519
2023-10-30 10:09:08,32,34,2688,3519
2023-10-30 10:09:08,32,33,2688,3519
2023-10-30 10:09:13,32,34,2688,3519
2023-10-30 10:09:22,32,34,2688,3531
2023-10-30 10:09:23,32,34,2688,3549
2023-10-30 10:09:54,32,33,2688,3549
2023-10-30 10:10:12,32,34,2688,3549
2023-10-30 10:10:47,32,33,2688,3549
2023-10-30 10:11:22,31,33,2688,3579
2023-10-30 10:11:23,31,32,2688,3579
2023-10-30 10:11:58,30,32,2688,3579
2023-10-30 10:12:40,31,32,2688,3579
2023-10-30 10:12:40,30,32,2688,3779
2023-10-30 10:12:50,31,32,2688,3779
2023-10-30 10:12:50,31,32,2688,3899
2023-10-30 10:13:00,31,33,2688,3899
2023-10-30 10:13:27,30,33,2688,3899
2023-10-30 10:13:28,31,33,2688,3899
2023-10-30 10:13:32,30,33,2688,3899
2023-10-30 10:13:32,30,32,2688,3899
2023-10-30 10:13:40,31,32,2688,3899
2023-10-30 10:13:42,30,32,2688,3899
2023-10-30 10:14:31,30,31,2688,3899
2023-10-30 10:14:40,29,31,2688,3899
2023-10-30 10:14:41,30,31,2688,3899
2023-10-30 10:14:52,30,32,2688,3899
2023-10-30 10:14:53,30,31,2688,3899
2023-10-30 10:15:10,29,31,2688,3899
2023-10-30 10:15:17,30,31,2688,3899
2023-10-30 10:15:19,30,32,2688,3899
2023-10-30 10:15:21,30,31,2688,3899
2023-10-30 10:15:22,30,32,2688,3899
2023-10-30 10:15:22,30,31,2688,3899
2023-10-30 10:15:23,30,32,2688,3899
2023-10-30 10:15:25,30,31,2688,3899
2023-10-30 10:15:26,30,32,2688,3899
2023-10-30 10:15:30,30,31,2688,3899
2023-10-30 10:15:32,30,32,2688,3899
2023-10-30 10:15:41,30,31,2688,3899
2023-10-30 10:15:43,29,31,2688,3899
2023-10-30 10:15:50,29,31,2688,3915
2023-10-30 10:15:51,29,31,2688,3927
2023-10-30 10:15:53,29,31,2688,3937
2023-10-30 10:15:55,29,31,2688,3951
2023-10-30 10:15:57,29,31,2688,3963
2023-10-30 10:15:59,29,31,2688,3978
2023-10-30 10:16:01,29,31,2688,3988
2023-10-30 10:16:39,30,31,2688,3988
2023-10-30 10:16:40,30,32,2688,3988
2023-10-30 10:16:46,29,32,2688,3988
2023-10-30 10:16:48,29,31,2688,3988
2023-10-30 10:16:52,30,31,2688,3988
2023-10-30 10:16:52,30,32,2688,3988
2023-10-30 10:16:53,29,32,2688,3988
2023-10-30 10:16:53,29,31,2688,3988
2023-10-30 10:17:04,30,31,2688,3988
2023-10-30 10:17:04,30,32,2688,3988
2023-10-30 10:17:08,29,32,2688,3988
2023-10-30 10:17:08,29,31,2688,3988
2023-10-30 10:17:19,29,30,2688,3988
2023-10-30 10:17:20,29,30,2688,4228
2023-10-30 10:17:23,29,30,2688,4248
2023-10-30 10:17:39,28,30,2663,4273
2023-10-30 10:17:40,28,29,2663,4273
2023-10-30 10:17:42,28,30,2663,4273
2023-10-30 10:17:42,28,29,2663,4273
2023-10-30 10:18:28,28,29,2663,4375
2023-10-30 10:18:29,27,29,2663,4375
2023-10-30 10:18:29,27,28,2663,4375
2023-10-30 10:18:46,26,28,2463,4575
2023-10-30 10:18:46,26,27,2463,4575
2023-10-30 10:18:49,26,28,2463,4575
2023-10-30 10:18:53,26,27,2463,4575
2023-10-30 10:18:54,26,28,2463,4575
2023-10-30 10:19:45,26,29,2463,4575
2023-10-30 10:20:15,26,29,2463,4575
2023-10-30 10:20:21,26,28,2463,4575
2023-10-30 10:20:46,27,28,2463,4575
2023-10-30 10:20:52,26,28,2463,4575
2023-10-30 10:21:28,26,27,2463,4575
2023-10-30 10:21:35,26,28,2463,4575
2023-10-30 10:21:45,26,27,2463,4575
2023-10-30 10:21:53,26,28,2463,4575
2023-10-30 10:21:54,26,27,2463,4575
2023-10-30 10:21:56,26,28,2463,4575
2023-10-30 10:21:59,26,27,2463,4575
2023-10-30 10:22:00,26,28,2463,4575
2023-10-30 10:22:01,26,28,2473,4585
2023-10-30 10:22:01,26,27,2473,4585
2023-10-30 10:22:05,26,28,2473,4585
2023-10-30 10:22:10,26,27,2473,4585
2023-10-30 10:22:11,26,28,2473,4585
2023-10-30 10:22:12,26,27,2473,4585
2023-10-30 10:22:18,26,28,2473,4585
2023-10-30 10:22:22,26,27,2473,4585
2023-10-30 10:22:38,25,27,2362,4696
2023-10-30 10:23:49,25,28,2362,4696
2023-10-30 10:23:49,25,27,2362,4696
2023-10-30 10:24:17,25,28,2362,4696
2023-10-30 10:24:17,25,27,2362,4696
2023-10-30 10:24:25,25,28,2362,4696
2023-10-30 10:24:28,26,28,2362,4696
2023-10-30 10:24:28,26,28,2362,4740
2023-10-30 10:24:31,25,28,2362,4740
2023-10-30 10:24:36,25,27,2362,4740
2023-10-30 10:24:37,25,28,2362,4740
2023-10-30 10:24:53,25,27,2362,4740
2023-10-30 10:26:32,25,26,2362,4740
2023-10-30 10:26:34,25,27,2362,4740
2023-10-30 10:26:38,25,26,2362,4740
2023-10-30 10:26:41,25,27,2362,4740
2023-10-30 10:26:43,25,26,2362,4740
2023-10-30 10:26:48,24,26,2362,4740
2023-10-30 10:27:00,25,26,2362,4740
2023-10-30 10:27:00,25,27,2362,4740
2023-10-30 10:27:01,24,27,2362,4740
2023-10-30 10:27:02,25,27,2362,4740
2023-10-30 10:27:07,24,27,2362,4740
2023-10-30 10:27:10,25,27,2362,4740
2023-10-30 10:27:12,24,27,2362,4740
2023-10-30 10:27:12,24,26,2362,4740
2023-10-30 10:27:43,25,26,2362,4740
2023-10-30 10:27:43,25,26,2362,4760
2023-10-30 10:27:49,25,27,2362,4760
2023-10-30 10:28:12,24,27,2362,4760
2023-10-30 10:28:12,24,26,2362,4760
2023-10-30 10:28:47,24,25,2362,4760
2023-10-30 10:28:58,24,25,2362,4820
2023-10-30 10:29:08,24,25,2362,4840
2023-10-30 10:29:11,23,25,2242,4960
2023-10-30 10:29:13,23,24,2242,4960
2023-10-30 10:29:14,23,24,2045,5160
2023-10-30 10:29:14,23,26,2045,5160
2023-10-30 10:29:14,23,24,2045,5160
2023-10-30 10:29:14,24,26,2085,5200
2023-10-30 10:29:14,23,26,2085,5200
2023-10-30 10:29:14,24,26,2085,5200
2023-10-30 10:29:14,24,25,2085,5200
2023-10-30 10:29:27,24,25,2115,5230
2023-10-30 10:29:27,24,26,2115,5230
2023-10-30 10:29:31,25,26,2115,5230
2023-10-30 10:29:35,24,26,2115,5230
2023-10-30 10:29:36,25,26,2115,5230
2023-10-30 10:29:57,24,26,2115,5230
2023-10-30 10:30:02,24,25,2115,5230
2023-10-30 10:30:16,23,25,2115,5230
2023-10-30 10:30:17,24,25,2115,5230
2023-10-30 10:30:19,23,25,2115,5230
2023-10-30 10:30:20,23,26,2115,5230
2023-10-30 10:30:20,23,24,2115,5230
2023-10-30 10:30:48,23,25,2115,5300
2023-10-30 10:30:51,23,26,2115,5300
2023-10-30 10:30:51,24,26,2115,5300
2023-10-30 10:30:53,23,26,2115,5300
2023-10-30 10:30:53,24,26,2115,5300
2023-10-30 10:30:54,23,26,2115,5300
2023-10-30 10:30:58,23,25,2115,5300
2023-10-30 10:31:13,23,26,2115,5300
2023-10-30 10:31:19,23,25,2115,5300
2023-10-30 10:31:26,23,24,2115,5300
2023-10-30 10:31:41,23,24,2115,5417
2023-10-30 10:32:17,23,25,2115,5417
2023-10-30 10:32:27,23,26,2115,5417
2023-10-30 10:32:31,24,26,2115,5417
2023-10-30 10:32:32,23,26,2115,5417
2023-10-30 10:32:32,24,26,2115,5417
2023-10-30 10:32:34,23,26,2115,5417
2023-10-30 10:32:36,23,25,2115,5417
2023-10-30 10:32:37,23,26,2115,5417
2023-10-30 10:32:37,24,26,2115,5417
2023-10-30 10:32:39,23,26,2115,5417
2023-10-30 10:32:43,24,26,2115,5417
2023-10-30 10:32:51,24,25,2115,5417
2023-10-30 10:32:51,23,25,2115,5417
2023-10-30 10:34:10,24,25,2115,5417
2023-10-30 10:34:14,23,25,2115,5417
2023-10-30 10:34:21,24,25,2115,5417
2023-10-30 10:34:23,24,26,2115,5417
2023-10-30 10:34:26,23,26,2115,5417
2023-10-30 10:34:26,24,26,2115,5417
2023-10-30 10:34:27,23,26,2115,5417
2023-10-30 10:34:31,23,25,2115,5417
2023-10-30 10:34:32,23,26,2115,5417
2023-10-30 10:34:32,24,26,2115,5417
2023-10-30 10:34:33,24,25,2115,5417
2023-10-30 10:34:33,23,25,2115,5417
2023-10-30 10:34:35,23,26,2115,5417
2023-10-30 10:34:37,24,26,2115,5417
2023-10-30 10:34:38,23,26,2115,5417
2023-10-30 10:34:40,24,26,2115,5417
2023-10-30 10:35:03,24,25,2115,5417
2023-10-30 10:35:14,23,25,2115,5417
2023-10-30 10:35:19,23,26,2115,5417
2023-10-30 10:35:22,24,26,2115,5417
2023-10-30 10:35:38,25,26,2115,5417
2023-10-30 10:35:46,24,26,2115,5417
2023-10-30 10:35:49,25,26,2115,5417
2023-10-30 10:36:06,24,26,2115,5417
2023-10-30 10:36:14,25,26,2115,5417
2023-10-30 10:36:15,25,27,2115,5417
2023-10-30 10:36:45,25,26,2115,5417
2023-10-30 10:36:45,24,26,2115,5417
2023-10-30 10:36:45,25,26,2115,5417
2023-10-30 10:36:46,24,26,2115,5417
2023-10-30 10:36:54,24,27,2115,5417
2023-10-30 10:36:56,24,26,2115,5417
2023-10-30 10:36:57,25,26,2115,5417
2023-10-30 10:36:57,24,26,2115,5417
2023-10-30 10:37:19,25,26,2115,5417
2023-10-30 10:37:20,24,26,2115,5417
2023-10-30 10:37:49,23,26,2115,5417
2023-10-30 10:37:54,23,25,2115,5417
2023-10-30 10:37:57,23,26,2115,5417
2023-10-30 10:37:58,23,25,2115,5417
2023-10-30 10:39:05,23,26,2115,5417
2023-10-30 10:39:09,24,26,2115,5417
2023-10-30 10:39:15,23,26,2115,5417
2023-10-30 10:39:21,23,25,2115,5417
2023-10-30 10:39:24,23,26,2115,5417
2023-10-30 10:39:36,23,25,2115,5417
2023-10-30 10:39:36,24,25,2115,5417
2023-10-30 10:39:37,23,25,2115,5417
2023-10-30 10:39:53,23,24,2115,5417
2023-10-30 10:40:09,23,25,2115,5417
2023-10-30 10:40:23,23,24,2115,5417
2023-10-30 10:40:25,23,25,2115,5417
2023-10-30 10:40:43,23,25,2118,5420
2023-10-30 10:41:00,23,26,2118,5420
2023-10-30 10:41:04,24,26,2118,5420
2023-10-30 10:41:17,23,26,2118,5420
2023-10-30 10:41:19,24,26,2118,5420
2023-10-30 10:42:30,24,25,2118,5420
2023-10-30 10:42:50,23,25,2118,5420
2023-10-30 10:43:11,23,24,2118,5420
2023-10-30 10:43:35,22,24,2118,5420
2023-10-30 10:43:38,22,23,2118,5420
2023-10-30 10:43:50,22,24,2118,5420
2023-10-30 10:44:16,22,23,2118,5420
2023-10-30 10:44:17,22,24,2118,5420
2023-10-30 10:44:19,22,23,2118,5420
2023-10-30 10:44:20,22,24,2118,5420
2023-10-30 10:44:21,22,23,2118,5420
2023-10-30 10:44:24,22,24,2118,5420
2023-10-30 10:44:37,22,23,2118,5420
2023-10-30 10:44:51,21,23,2118,5460
2023-10-30 10:44:51,21,22,2118,5460
2023-10-30 10:45:03,20,22,2118,5460
2023-10-30 10:45:16,20,21,2118,5460
2023-10-30 10:45:19,20,22,2118,5460
2023-10-30 10:45:23,20,23,2118,5460
2023-10-30 10:45:23,21,23,2118,5460
2023-10-30 10:45:35,22,23,2118,5460
2023-10-30 10:45:36,21,23,2118,5460
2023-10-30 10:45:37,22,23,2118,5460
2023-10-30 10:45:37,22,24,2118,5460
2023-10-30 10:45:37,22,23,2118,5460
2023-10-30 10:45:37,22,24,2118,5460
2023-10-30 10:45:38,23,24,2118,5460
2023-10-30 10:45:38,23,24,2118,5460
2023-10-30 10:45:39,23,25,2118,5460
2023-10-30 10:45:42,24,25,2118,5460
2023-10-30 10:45:45,23,25,2118,5460
2023-10-30 10:45:47,24,25,2118,5460
2023-10-30 10:47:08,23,25,2118,5460
2023-10-30 10:47:11,24,25,2118,5460
2023-10-30 10:47:14,23,25,2118,5460
2023-10-30 10:47:14,24,25,2118,5460
2023-10-30 10:47:23,23,25,2118,5460
2023-10-30 10:47:23,24,25,2118,5460
2023-10-30 10:47:32,24,26,2318,5660
2023-10-30 10:47:39,25,26,2318,5660
2023-10-30 10:47:39,24,26,2318,5660
2023-10-30 10:47:40,25,26,2318,5660
2023-10-30 10:47:51,25,27,2318,5660
2023-10-30 10:48:23,25,26,2318,5660
2023-10-30 10:48:24,24,26,2318,5660
2023-10-30 10:48:45,24,27,2318,5660
2023-10-30 10:48:55,24,26,2318,5660
2023-10-30 10:48:57,24,27,2318,5660
2023-10-30 10:49:01,25,27,2318,5660
2023-10-30 10:49:01,24,27,2318,5660
2023-10-30 10:49:02,25,27,2318,5660
2023-10-30 10:49:32,24,27,2318,5660
2023-10-30 10:49:34,25,27,2318,5660
2023-10-30 10:49:52,24,27,2318,5660
2023-10-30 10:49:54,25,27,2318,5660
2023-10-30 10:49:56,24,27,2318,5660
2023-10-30 10:50:06,25,27,2318,5660
2023-10-30 10:50:48,25,26,2318,5660
2023-10-30 10:50:49,24,26,2318,5660
2023-10-30 10:50:53,24,27,2318,5660
2023-10-30 10:50:56,25,27,2318,5660
2023-10-30 10:51:10,24,27,2318,5660
2023-10-30 10:51:10,25,27,2318,5660
2023-10-30 10:51:23,26,27,2318,5660
2023-10-30 10:51:26,25,27,2318,5660
2023-10-30 10:51:26,26,27,2318,5660
2023-10-30 10:51:42,26,28,2318,5660
2023-10-30 10:51:45,27,28,2318,5660
2023-10-30 10:51:54,27,29,2318,5660
2023-10-30 10:51:54,28,29,2318,5660
2023-10-30 10:52:22,27,29,2318,5660
2023-10-30 10:52:23,28,29,2318,5660
2023-10-30 10:52:26,27,29,2318,5660
2023-10-30 10:52:36,28,29,2318,5660
2023-10-30 10:53:23,28,30,2318,5660
2023-10-30 10:53:26,29,30,2318,5660
2023-10-30 10:53:26,28,30,2318,5660
2023-10-30 10:53:27,29,30,2318,5660
2023-10-30 10:54:06,28,30,2318,5660
2023-10-30 10:54:07,29,30,2318,5660
2023-10-30 10:54:08,28,30,2318,5660
2023-10-30 10:54:12,29,30,2318,5660
2023-10-30 10:54:46,28,30,2318,5660
2023-10-30 10:54:50,29,30,2318,5660
2023-10-30 10:54:55,28,30,2318,5660
2023-10-30 10:55:10,28,29,2318,5660
2023-10-30 10:55:13,27,29,2318,5660
2023-10-30 10:55:44,26,29,2318,5660
2023-10-30 10:56:21,26,27,2318,5660
2023-10-30 10:56:22,26,28,2318,5660
2023-10-30 10:56:52,26,27,2318,5660
2023-10-30 10:56:54,26,27,2318,5720
2023-10-30 10:57:22,25,27,2318,5720
2023-10-30 10:57:30,25,26,2318,5720
2023-10-30 10:57:33,25,27,2318,5720
2023-10-30 10:57:34,25,26,2318,5720
2023-10-30 10:57:39,25,27,2318,5720
2023-10-30 10:59:40,25,27,2319,5721
2023-10-30 11:00:01,26,27,2319,5721
2023-10-30 11:00:05,26,28,2319,5721
2023-10-30 11:00:14,27,28,2319,5721
2023-10-30 11:00:17,26,28,2319,5721
2023-10-30 11:00:18,27,28,2319,5721
2023-10-30 11:00:20,26,28,2319,5721
2023-10-30 11:00:22,27,28,2319,5721
2023-10-30 11:00:25,27,29,2319,5721
2023-10-30 11:00:38,28,29,2319,5721
2023-10-30 11:00:42,28,29,2376,5781
2023-10-30 11:00:57,28,30,2376,5781
2023-10-30 11:00:58,29,30,2376,5781
2023-10-30 11:00:59,29,30,2514,5919
2023-10-30 11:01:02,28,30,2514,5919
2023-10-30 11:01:03,29,30,2514,5919
2023-10-30 11:01:20,29,31,2514,5919
2023-10-30 11:01:24,30,31,2514,5919
2023-10-30 11:02:31,30,32,2514,5919
2023-10-30 11:02:34,31,32,2514,5919
2023-10-30 11:02:41,30,32,2514,5919
2023-10-30 11:02:42,31,32,2514,5919
2023-10-30 11:02:50,30,32,2514,5919
2023-10-30 11:02:52,31,32,2514,5919
2023-10-30 11:03:02,30,32,2514,5919
2023-10-30 11:03:03,31,32,2514,5919
2023-10-30 11:03:25,31,33,2715,6120
2023-10-30 11:03:39,32,33,2715,6120
2023-10-30 11:03:39,31,33,2715,6120
2023-10-30 11:03:40,32,33,2715,6120
2023-10-30 11:04:25,31,33,2715,6120
2023-10-30 11:04:48,32,33,2715,6120
2023-10-30 11:04:53,31,33,2715,6120
2023-10-30 11:05:16,32,33,2715,6120
2023-10-30 11:05:42,32,34,2715,6120
2023-10-30 11:06:47,33,34,2715,6120
2023-10-30 11:07:19,33,35,2715,6120
2023-10-30 11:09:03,33,34,2715,6120
2023-10-30 11:09:05,32,34,2715,6120
2023-10-30 11:10:22,33,34,2715,6120
2023-10-30 11:10:29,33,35,2715,6120
2023-10-30 11:11:11,34,35,2715,6120
2023-10-30 11:11:47,33,35,2715,6120
2023-10-30 11:12:14,33,34,2715,6120
2023-10-30 11:12:16,32,34,2715,6120
2023-10-30 11:14:00,32,33,2715,6120
2023-10-30 11:14:14,31,33,2715,6120
2023-10-30 11:14:57,31,32,2715,6120
2023-10-30 11:15:46,30,32,2715,6120
2023-10-30 11:15:49,30,31,2715,6120
2023-10-30 11:16:57,30,32,2715,6120
2023-10-30 11:16:58,30,31,2715,6120
2023-10-30 11:17:10,29,31,2715,6120
2023-10-30 11:17:16,29,30,2715,6120
2023-10-30 11:17:19,29,31,2715,6120
2023-10-30 11:17:20,29,30,2715,6120
2023-10-30 11:17:36,29,31,2715,6120
2023-10-30 11:17:57,29,32,2715,6120
2023-10-30 11:18:00,29,31,2715,6120
2023-10-30 11:18:28,29,30,2715,6120
2023-10-30 11:18:49,29,31,2715,6120
2023-10-30 11:19:14,29,30,2715,6120
2023-10-30 11:19:32,29,31,2715,6120
2023-10-30 11:19:33,29,30,2715,6120
2023-10-30 11:19:51,29,31,2715,6120
2023-10-30 11:19:52,29,30,2715,6120
2023-10-30 11:19:55,29,31,2715,6120
2023-10-30 11:19:56,29,30,2715,6120
2023-10-30 11:20:03,29,31,2715,6120
2023-10-30 11:20:05,29,30,2715,6120
2023-10-30 11:20:14,29,31,2715,6120
2023-10-30 11:20:17,29,30,2715,6120
2023-10-30 11:20:43,29,31,2715,6120
2023-10-30 11:20:47,29,30,2715,6120
2023-10-30 11:20:55,29,31,2715,6120
2023-10-30 11:21:09,29,30,2715,6120
2023-10-30 11:21:09,29,31,2715,6120
2023-10-30 11:21:10,29,30,2715,6120
2023-10-30 11:21:16,29,31,2715,6120
2023-10-30 11:21:25,29,30,2715,6120
2023-10-30 11:21:29,28,30,2715,6120
2023-10-30 11:22:03,28,29,2715,6120
2023-10-30 11:22:26,27,29,2715,6120
2023-10-30 11:22:27,26,29,2715,6120
2023-10-30 11:22:27,26,28,2715,6120
2023-10-30 11:22:31,26,27,2715,6120
2023-10-30 11:22:32,26,27,2715,6128
2023-10-30 11:22:33,25,27,2715,6128
2023-10-30 11:22:55,25,26,2715,6128
2023-10-30 11:22:56,24,26,2715,6128
2023-10-30 11:22:57,24,25,2715,6128
2023-10-30 11:23:04,23,25,2715,6128
2023-10-30 11:23:22,22,25,2715,6128
2023-10-30 11:23:46,22,24,2715,6128
2023-10-30 11:23:49,22,23,2715,6128
2023-10-30 11:23:50,22,24,2715,6128
2023-10-30 11:24:09,23,24,2715,6128
2023-10-30 11:24:09,23,25,2715,6128
2023-10-30 11:24:11,22,25,2715,6128
2023-10-30 11:24:18,23,25,2715,6128
2023-10-30 11:24:54,23,26,2715,6128
2023-10-30 11:25:07,23,25,2715,6128
2023-10-30 11:25:08,23,26,2715,6128
2023-10-30 11:25:10,24,26,2715,6128
2023-10-30 11:25:17,23,26,2715,6128
2023-10-30 11:25:29,23,25,2715,6128
2023-10-30 11:25:30,23,24,2715,6128
2023-10-30 11:25:43,23,25,2715,6128
2023-10-30 11:25:54,23,24,2715,6128
2023-10-30 11:25:55,23,25,2715,6128
2023-10-30 11:25:56,23,24,2715,6128
2023-10-30 11:26:02,23,25,2715,6128
2023-10-30 11:26:04,23,24,2715,6128
2023-10-30 11:26:34,23,25,2715,6128
2023-10-30 11:26:37,24,25,2715,6128
2023-10-30 11:26:37,24,26,2715,6128
2023-10-30 11:26:41,24,25,2715,6128
2023-10-30 11:26:42,24,26,2715,6128
2023-10-30 11:26:56,24,27,2715,6128
2023-10-30 11:26:59,25,27,2715,6128
2023-10-30 11:26:59,25,26,2715,6128
2023-10-30 11:26:59,25,27,2715,6128
2023-10-30 11:27:04,25,26,2715,6128
2023-10-30 11:27:05,24,26,2715,6128
2023-10-30 11:27:31,24,25,2715,6128
2023-10-30 11:27:32,24,26,2715,6128
2023-10-30 11:28:13,24,25,2715,6128
2023-10-30 11:28:15,24,26,2715,6128
2023-10-30 11:28:16,24,25,2715,6128
2023-10-30 11:28:23,23,25,2715,6128
2023-10-30 11:28:36,24,25,2715,6128
2023-10-30 11:28:44,23,25,2715,6128
2023-10-30 11:28:48,24,25,2715,6128
2023-10-30 11:28:50,23,25,2715,6128
2023-10-30 11:28:58,24,25,2715,6128
2023-10-30 11:29:17,24,27,2715,6128
2023-10-30 11:29:17,24,26,2715,6128
2023-10-30 11:29:20,25,26,2715,6128
2023-10-30 11:29:20,25,27,2715,6128
2023-10-30 11:29:57,26,27,2715,6128
2023-10-30 11:30:11,26,28,2715,6128
2023-10-30 11:30:17,27,28,2715,6128
2023-10-30 11:30:20,26,28,2715,6128
2023-10-30 11:30:22,27,28,2715,6128
2023-10-30 11:31:46,28,29,2715,6188
2023-10-30 11:31:52,27,29,2715,6188
2023-10-30 11:31:53,28,29,2715,6188
2023-10-30 11:32:06,27,29,2715,6188
2023-10-30 11:32:06,28,29,2715,6188
2023-10-30 11:32:07,27,29,2715,6188
2023-10-30 11:32:31,28,29,2715,6188
2023-10-30 11:32:41,28,30,2715,6188
2023-10-30 11:32:59,28,29,2715,6188
2023-10-30 11:32:59,27,29,2715,6188
2023-10-30 11:33:13,27,30,2715,6188
2023-10-30 11:33:20,28,30,2715,6188
2023-10-30 11:33:29,27,30,2715,6188
2023-10-30 11:33:32,28,30,2715,6188
2023-10-30 11:33:46,29,30,2715,6188
2023-10-30 11:33:47,29,31,2715,6188
2023-10-30 11:33:50,30,31,2715,6188
2023-10-30 11:33:58,29,31,2715,6188
2023-10-30 11:34:06,30,31,2715,6188
2023-10-30 11:34:24,30,32,2715,6188
2023-10-30 11:34:36,31,32,2715,6188
2023-10-30 11:35:28,31,33,2715,6188
2023-10-30 11:35:32,32,33,2715,6188
2023-10-30 11:35:34,32,34,2715,6188
2023-10-30 11:35:42,33,34,2715,6188
2023-10-30 11:36:25,32,34,2715,6188
2023-10-30 11:36:36,33,34,2715,6188
2023-10-30 11:36:46,32,34,2715,6188
2023-10-30 11:36:49,32,33,2715,6188
2023-10-30 11:36:54,33,34,2715,6195
2023-10-30 11:37:11,32,34,2715,6195
2023-10-30 11:38:10,31,34,2715,6195
2023-10-30 11:38:11,31,33,2715,6195
2023-10-30 11:38:20,31,32,2715,6195
2023-10-30 11:38:20,30,32,2715,6195
2023-10-30 11:38:31,30,31,2715,6195
2023-10-30 11:38:36,30,32,2715,6195
2023-10-30 11:38:38,30,31,2715,6195
2023-10-30 11:38:40,30,32,2715,6195
2023-10-30 11:39:11,30,31,2715,6195
2023-10-30 11:39:12,30,32,2715,6195
2023-10-30 11:39:14,30,31,2715,6195
2023-10-30 11:39:19,30,32,2715,6195
2023-10-30 11:39:19,30,31,2715,6195
2023-10-30 11:39:20,30,32,2715,6195
2023-10-30 11:39:32,30,31,2715,6195
2023-10-30 11:39:39,29,31,2715,6195
2023-10-30 11:39:39,29,30,2715,6195
2023-10-30 11:40:01,28,30,2715,6195
2023-10-30 11:40:03,28,29,2715,6195
2023-10-30 11:40:23,28,30,2715,6195
2023-10-30 11:40:37,28,29,2715,6195
2023-10-30 11:40:44,28,30,2715,6195
2023-10-30 11:40:45,28,29,2715,6195
2023-10-30 11:41:00,27,29,2715,6195
2023-10-30 11:41:00,27,28,2715,6195
2023-10-30 11:41:01,27,29,2715,6195
2023-10-30 11:41:25,27,30,2715,6195
2023-10-30 11:41:31,28,30,2715,6195
2023-10-30 11:41:56,28,31,2715,6195
2023-10-30 11:42:02,28,30,2715,6195
2023-10-30 11:42:19,28,31,2715,6195
2023-10-30 11:42:20,28,30,2715,6195
2023-10-30 11:42:26,27,30,2715,6195
2023-10-30 11:42:31,27,29,2715,6195
2023-10-30 11:42:38,27,28,2715,6195
2023-10-30 11:42:42,27,29,2715,6195
2023-10-30 11:43:34,28,29,2715,6195
2023-10-30 11:43:34,28,30,2715,6195
2023-10-30 11:43:52,28,31,2715,6195
2023-10-30 11:43:54,29,31,2715,6195
2023-10-30 11:43:59,28,31,2715,6195
2023-10-30 11:44:02,28,30,2715,6195
2023-10-30 11:44:08,28,31,2715,6195
2023-10-30 11:44:09,28,30,2715,6195
2023-10-30 11:44:09,28,31,2715,6195
2023-10-30 11:44:17,28,30,2715,6195
2023-10-30 11:44:24,28,31,2715,6195
2023-10-30 11:44:27,28,30,2715,6195
2023-10-30 11:44:29,28,31,2715,6195
2023-10-30 11:44:33,29,31,2715,6195
2023-10-30 11:44:48,29,32,2715,6195
2023-10-30 11:45:00,30,32,2715,6195
2023-10-30 11:45:39,30,31,2715,6195
2023-10-30 11:45:48,30,32,2715,6195
2023-10-30 11:46:51,30,31,2715,6195
2023-10-30 11:47:05,30,32,2715,6195
2023-10-30 11:47:06,30,31,2715,6195
2023-10-30 11:47:13,30,32,2715,6195
2023-10-30 11:47:16,30,31,2715,6195
2023-10-30 11:47:16,30,32,2715,6195
2023-10-30 11:48:46,30,31,2715,6195
2023-10-30 11:48:48,29,31,2715,6195
2023-10-30 11:49:13,28,31,2715,6195
2023-10-30 11:49:16,28,30,2715,6195
2023-10-30 11:49:17,28,31,2715,6195
2023-10-30 11:49:18,28,30,2715,6195
2023-10-30 11:49:19,29,30,2715,6195
2023-10-30 11:49:19,29,31,2715,6195
2023-10-30 11:49:51,29,32,2715,6195
2023-10-30 11:50:04,30,32,2715,6195
2023-10-30 11:50:07,29,32,2715,6195
2023-10-30 11:50:20,29,31,2715,6195
2023-10-30 11:50:40,29,32,2715,6195
2023-10-30 11:50:41,29,31,2715,6195
2023-10-30 11:50:41,29,32,2715,6195
2023-10-30 11:50:45,30,32,2715,6195
2023-10-30 11:51:06,31,32,2715,6195
2023-10-30 11:51:12,31,33,2715,6195
2023-10-30 11:51:46,32,33,2715,6195
2023-10-30 11:51:48,32,34,2715,6195
2023-10-30 11:52:02,33,34,2715,6195
2023-10-30 11:52:03,32,34,2715,6195
2023-10-30 11:52:49,33,34,2715,6195
2023-10-30 11:53:00,33,34,2715,6202
2023-10-30 11:53:01,33,34,2715,6209
2023-10-30 11:53:02,33,34,2715,6216
2023-10-30 11:53:03,33,34,2715,6223
2023-10-30 11:53:28,32,34,2715,6223
2023-10-30 11:53:28,33,34,2715,6223
2023-10-30 11:53:42,32,34,2715,6223
2023-10-30 11:53:49,33,34,2715,6223
2023-10-30 11:53:51,32,34,2715,6223
2023-10-30 11:53:56,33,34,2715,6223
2023-10-30 11:53:59,32,34,2715,6223
2023-10-30 11:54:08,33,34,2715,6223
2023-10-30 11:54:11,32,34,2715,6223
2023-10-30 11:54:15,33,34,2715,6223
2023-10-30 11:54:18,32,34,2715,6223
2023-10-30 11:54:19,33,34,2715,6223
2023-10-30 11:55:30,32,34,2715,6223
2023-10-30 11:55:32,33,34,2715,6223
2023-10-30 11:56:40,34,35,2715,6338
2023-10-30 11:56:55,34,36,2715,6338
2023-10-30 11:57:23,35,36,2715,6338
2023-10-30 11:57:37,35,37,2715,6338
2023-10-30 11:58:51,36,37,2715,6338
2023-10-30 11:59:29,36,38,2715,6338
2023-10-30 12:00:12,36,37,2715,6338
2023-10-30 12:00:13,36,38,2715,6338
2023-10-30 12:00:38,36,37,2715,6338
2023-10-30 12:00:38,36,38,2715,6338
2023-10-30 12:00:39,36,37,2715,6338
2023-10-30 12:00:41,36,38,2715,6338
2023-10-30 12:01:28,36,37,2715,6338
2023-10-30 12:01:28,36,38,2715,6338
2023-10-30 12:01:30,36,37,2715,6338
2023-10-30 12:01:31,36,38,2715,6338
2023-10-30 12:01:32,36,37,2715,6338
2023-10-30 12:01:38,36,38,2715,6338
2023-10-30 12:02:05,36,37,2715,6338
2023-10-30 12:02:08,36,38,2715,6338
2023-10-30 12:02:08,36,37,2715,6338
2023-10-30 12:02:23,35,37,2715,6338
2023-10-30 12:02:26,35,38,2715,6338
2023-10-30 12:02:27,35,37,2715,6338
2023-10-30 12:02:28,36,37,2715,6338
2023-10-30 12:02:51,36,37,2718,6341
2023-10-30 12:03:20,35,37,2718,6341
2023-10-30 12:03:31,36,37,2718,6341
2023-10-30 12:03:42,36,38,2718,6341
2023-10-30 12:03:42,36,37,2718,6341
2023-10-30 12:03:43,36,38,2718,6341
2023-10-30 12:03:43,36,37,2718,6341
2023-10-30 12:03:44,36,38,2718,6341
2023-10-30 12:03:44,36,37,2718,6341
2023-10-30 12:03:58,36,38,2718,6341
2023-10-30 12:04:00,36,37,2718,6341
2023-10-30 12:04:00,36,38,2718,6341
2023-10-30 12:04:00,36,37,2718,6341
2023-10-30 12:04:01,36,38,2718,6341
2023-10-30 12:04:29,36,38,2720,6343
2023-10-30 12:04:35,37,38,2720,6343
2023-10-30 12:05:03,36,38,2720,6343
2023-10-30 12:05:22,37,38,2720,6343
2023-10-30 12:05:25,36,38,2580,6543
2023-10-30 12:05:50,36,37,2580,6543
2023-10-30 12:05:57,35,37,2580,6543
2023-10-30 12:07:48,35,36,2580,6543
2023-10-30 12:07:49,35,37,2580,6543
2023-10-30 12:07:56,35,36,2580,6543
2023-10-30 12:07:57,35,37,2580,6543
2023-10-30 12:07:57,35,36,2580,6543
2023-10-30 12:08:03,34,36,2580,6543
2023-10-30 12:08:07,34,37,2580,6543
2023-10-30 12:08:11,35,37,2580,6543
2023-10-30 12:08:12,34,37,2580,6543
2023-10-30 12:08:12,34,36,2580,6543
2023-10-30 12:08:16,35,36,2580,6543
2023-10-30 12:08:16,35,37,2580,6543
2023-10-30 12:08:32,34,37,2580,6543
2023-10-30 12:08:34,35,37,2580,6543
2023-10-30 12:08:36,34,37,2580,6543
2023-10-30 12:08:45,35,37,2580,6543
2023-10-30 12:08:46,34,37,2580,6543
2023-10-30 12:08:47,35,37,2580,6543
2023-10-30 12:09:01,34,37,2580,6543
2023-10-30 12:09:03,35,37,2580,6543
2023-10-30 12:09:05,34,37,2580,6543
2023-10-30 12:09:07,35,37,2580,6543
2023-10-30 12:09:10,34,37,2580,6543
2023-10-30 12:09:12,35,37,2580,6543
2023-10-30 12:09:22,34,37,2580,6543
2023-10-30 12:09:22,35,37,2580,6543
2023-10-30 12:09:24,34,37,2580,6543
2023-10-30 12:09:25,34,36,2580,6543
2023-10-30 12:09:32,34,35,2580,6543
2023-10-30 12:09:34,33,35,2580,6543
2023-10-30 12:09:52,34,35,2580,6543
2023-10-30 12:09:52,34,36,2580,6543
2023-10-30 12:10:50,34,37,2580,6543
2023-10-30 12:10:50,35,37,2580,6543
2023-10-30 12:11:29,35,38,2580,6543
2023-10-30 12:11:31,36,38,2580,6543
2023-10-30 12:11:34,36,37,2580,6543
2023-10-30 12:11:41,36,38,2580,6543
2023-10-30 12:11:42,36,37,2580,6543
2023-10-30 12:11:44,35,37,2580,6543
2023-10-30 12:12:03,35,38,2580,6543
2023-10-30 12:12:03,35,37,2580,6543
2023-10-30 12:12:06,36,37,2580,6543
2023-10-30 12:12:09,36,38,2580,6543
2023-10-30 12:12:45,37,38,2580,6543
2023-10-30 12:12:46,37,38,2660,6623
2023-10-30 12:12:46,37,39,2660,6623
2023-10-30 12:13:47,36,39,2660,6623
2023-10-30 12:14:00,37,39,2660,6623
2023-10-30 12:14:03,36,39,2660,6623
2023-10-30 12:14:04,37,39,2660,6623
2023-10-30 12:14:11,36,39,2660,6623
2023-10-30 12:14:20,37,39,2660,6623
2023-10-30 12:14:21,36,39,2660,6623
2023-10-30 12:14:22,37,39,2660,6623
2023-10-30 12:14:39,37,38,2660,6623
2023-10-30 12:14:40,36,38,2660,6623
2023-10-30 12:14:40,36,39,2660,6623
2023-10-30 12:14:45,36,38,2660,6623
2023-10-30 12:14:46,36,39,2660,6623
2023-10-30 12:14:56,37,39,2660,6623
2023-10-30 12:14:59,36,39,2660,6623
2023-10-30 12:15:01,37,39,2660,6623
2023-10-30 12:15:17,36,39,2660,6623
2023-10-30 12:15:23,37,39,2660,6623
2023-10-30 12:15:23,37,38,2660,6623
2023-10-30 12:15:24,37,39,2660,6623
2023-10-30 12:15:48,38,39,2660,6623
2023-10-30 12:16:11,37,39,2660,6623
2023-10-30 12:17:15,36,39,2660,6623
2023-10-30 12:17:26,36,38,2660,6623
2023-10-30 12:17:41,36,37,2660,6623
2023-10-30 12:17:52,35,37,2660,6623
2023-10-30 12:18:30,35,36,2660,6623
2023-10-30 12:18:31,35,37,2660,6623
2023-10-30 12:18:31,35,36,2660,6623
2023-10-30 12:18:32,35,37,2660,6623
2023-10-30 12:18:35,35,36,2660,6623
2023-10-30 12:18:37,34,36,2660,6623
2023-10-30 12:18:38,34,35,2660,6623
2023-10-30 12:19:09,33,35,2660,6623
2023-10-30 12:19:17,33,34,2660,6623
2023-10-30 12:19:45,33,35,2660,6623
2023-10-30 12:20:41,33,34,2660,6623
2023-10-30 12:21:34,33,35,2660,6623
2023-10-30 12:21:56,33,34,2660,6623
2023-10-30 12:22:02,32,34,2660,6823
2023-10-30 12:22:04,32,33,2660,6823
2023-10-30 12:22:50,32,34,2660,6823
2023-10-30 12:23:07,32,33,2660,6823
2023-10-30 12:23:11,31,33,2660,6823
2023-10-30 12:23:34,31,34,2660,6823
2023-10-30 12:23:37,31,33,2660,6823
2023-10-30 12:24:10,31,34,2660,6823
2023-10-30 12:24:20,32,34,2660,6823
2023-10-30 12:24:29,31,34,2660,6823
2023-10-30 12:24:31,32,34,2660,6823
2023-10-30 12:24:34,31,34,2660,6823
2023-10-30 12:24:35,32,34,2660,6823
2023-10-30 12:24:57,31,34,2660,6823
2023-10-30 12:24:59,32,34,2660,6823
2023-10-30 12:25:05,31,34,2660,6823
2023-10-30 12:25:15,32,34,2660,6823
2023-10-30 12:25:19,31,34,2660,6823
2023-10-30 12:25:19,32,34,2660,6823
2023-10-30 12:25:20,31,34,2660,6823
2023-10-30 12:25:23,31,33,2660,6823
2023-10-30 12:25:29,31,34,2660,6823
2023-10-30 12:25:30,31,33,2660,6823
2023-10-30 12:25:35,31,34,2660,6823
2023-10-30 12:25:43,32,34,2660,6823
2023-10-30 12:25:46,32,35,2660,6823
2023-10-30 12:25:46,33,35,2660,6823
2023-10-30 12:26:09,32,35,2660,6823
2023-10-30 12:26:09,32,34,2660,6823
2023-10-30 12:26:11,31,34,2660,6823
2023-10-30 12:26:12,32,34,2660,6823
2023-10-30 12:26:13,31,34,2660,6823
2023-10-30 12:26:14,32,34,2660,6823
2023-10-30 12:26:15,31,34,2660,6823
2023-10-30 12:26:16,32,34,2660,6823
2023-10-30 12:26:18,31,34,2660,6823
2023-10-30 12:26:19,32,34,2660,6823
2023-10-30 12:26:20,31,34,2660,6823
2023-10-30 12:26:27,31,33,2660,6823
2023-10-30 12:26:55,31,34,2660,6823
2023-10-30 12:26:56,31,33,2660,6823
2023-10-30 12:27:06,31,34,2660,6823
2023-10-30 12:27:06,31,33,2660,6823
2023-10-30 12:28:11,31,34,2660,6823
2023-10-30 12:28:12,31,33,2660,6823
2023-10-30 12:28:19,31,34,2660,6823
2023-10-30 12:28:23,31,33,2660,6823
2023-10-30 12:28:29,31,34,2660,6823
2023-10-30 12:28:30,31,33,2660,6823
2023-10-30 12:29:41,31,32,2660,6823
2023-10-30 12:29:44,31,33,2660,6823
2023-10-30 12:29:46,31,32,2660,6823
2023-10-30 12:29:49,31,33,2660,6823
2023-10-30 12:29:49,31,32,2660,6823
2023-10-30 12:29:52,31,33,2660,6823
2023-10-30 12:29:55,31,32,2660,6823
2023-10-30 12:29:58,31,33,2660,6823
2023-10-30 12:30:05,31,32,2660,6823
2023-10-30 12:30:24,31,33,2660,6823
2023-10-30 12:30:26,31,34,2660,6823
2023-10-30 12:30:34,32,34,2660,6823
2023-10-30 12:31:14,32,35,2660,6823
2023-10-30 12:31:25,33,35,2660,6823
2023-10-30 12:31:39,32,35,2660,6823
2023-10-30 12:31:41,32,34,2660,6823
2023-10-30 12:31:55,32,35,2660,6823
2023-10-30 12:31:55,32,34,2660,6823
2023-10-30 12:31:56,32,35,2660,6823
2023-10-30 12:32:07,33,35,2660,6823
2023-10-30 12:32:08,32,35,2660,6823
2023-10-30 12:32:09,33,35,2660,6823
2023-10-30 12:32:16,32,35,2660,6823
2023-10-30 12:32:17,33,35,2660,6823
2023-10-30 12:32:20,32,35,2660,6823
2023-10-30 12:32:27,32,34,2660,6823
2023-10-30 12:32:29,32,35,2660,6823
2023-10-30 12:32:29,32,34,2660,6823
2023-10-30 12:32:41,32,35,2660,6823
2023-10-30 12:32:42,32,34,2660,6823
2023-10-30 12:33:31,32,35,2660,6823
2023-10-30 12:33:45,33,35,2660,6823
2023-10-30 12:34:17,34,35,2660,6823
2023-10-30 12:34:17,34,36,2660,6823
2023-10-30 12:34:31,34,35,2660,6823
2023-10-30 12:34:33,34,36,2660,6823
2023-10-30 12:34:35,34,35,2660,6823
2023-10-30 12:34:37,34,36,2660,6823
2023-10-30 12:34:40,34,35,2660,6823
2023-10-30 12:34:41,34,36,2660,6823
2023-10-30 12:34:42,34,35,2660,6823
2023-10-30 12:34:47,34,36,2660,6823
2023-10-30 12:35:11,35,36,2660,6823
2023-10-30 12:35:13,35,37,2660,6823
2023-10-30 12:35:19,36,37,2660,6823
2023-10-30 12:35:39,35,37,2660,6823
2023-10-30 12:36:00,36,37,2660,6823
2023-10-30 12:36:04,36,38,2660,6823
2023-10-30 12:36:21,37,38,2660,6823
2023-10-30 12:37:17,36,38,2660,6823
2023-10-30 12:37:55,35,38,2660,6823
2023-10-30 12:37:56,36,38,2660,6823
2023-10-30 12:37:57,35,38,2660,6823
2023-10-30 12:38:04,35,37,2660,6823
2023-10-30 12:38:07,35,36,2660,6823
2023-10-30 12:38:09,34,36,2660,6823
2023-10-30 12:38:13,34,35,2660,6823
2023-10-30 12:38:14,34,36,2660,6823
2023-10-30 12:38:15,34,35,2660,6823
2023-10-30 12:38:16,34,36,2660,6823
2023-10-30 12:38:22,34,35,2660,6823
2023-10-30 12:38:31,34,36,2660,6823
2023-10-30 12:38:33,34,35,2660,6823
2023-10-30 12:38:44,33,35,2660,6823
2023-10-30 12:39:06,33,34,2660,6823
2023-10-30 12:39:09,33,35,2660,6823
2023-10-30 12:39:09,33,34,2660,6823
2023-10-30 12:39:11,33,34,2660,7073
2023-10-30 12:39:12,32,34,2660,7073
2023-10-30 12:39:57,32,33,2660,7073
2023-10-30 12:40:08,31,33,2660,7073
2023-10-30 12:40:22,31,32,2660,7073
2023-10-30 12:40:24,30,32,2660,7073
2023-10-30 12:40:30,30,31,2660,7073
2023-10-30 12:40:31,30,32,2660,7073
2023-10-30 12:40:54,31,32,2660,7073
2023-10-30 12:41:08,30,32,2660,7073
2023-10-30 12:41:41,31,32,2660,7073
2023-10-30 12:41:42,30,32,2660,7073
2023-10-30 12:41:42,31,32,2660,7073
2023-10-30 12:42:02,31,33,2660,7073
2023-10-30 12:42:30,30,33,2660,7073
2023-10-30 12:42:35,30,32,2660,7073
2023-10-30 12:42:44,30,31,2660,7073
2023-10-30 12:42:48,29,31,2660,7073
2023-10-30 12:43:17,29,30,2660,7073
2023-10-30 12:43:17,28,30,2660,7073
2023-10-30 12:43:25,27,30,2660,7073
2023-10-30 12:43:26,27,28,2660,7073
2023-10-30 12:43:28,25,27,2560,7173
2023-10-30 12:43:36,25,28,2560,7173
2023-10-30 12:43:38,26,28,2560,7173
2023-10-30 12:43:43,25,28,2560,7173
2023-10-30 12:43:46,25,27,2560,7173
2023-10-30 12:44:07,25,28,2560,7173
2023-10-30 12:44:08,25,27,2560,7173
2023-10-30 12:44:09,25,28,2560,7173
2023-10-30 12:44:18,26,28,2560,7173
2023-10-30 12:44:36,26,28,2560,7178
2023-10-30 12:44:54,26,27,2560,7178
2023-10-30 12:45:01,26,28,2560,7178
2023-10-30 12:45:02,26,27,2560,7178
2023-10-30 12:45:13,25,26,2540,7198
2023-10-30 12:45:21,24,26,2540,7198
2023-10-30 12:45:34,24,27,2540,7198
2023-10-30 12:45:50,24,26,2540,7198
2023-10-30 12:46:06,24,25,2540,7198
2023-10-30 12:46:06,23,25,2540,7198
2023-10-30 12:46:16,23,24,2540,7198
2023-10-30 12:46:22,23,25,2540,7398
2023-10-30 12:46:29,23,26,2540,7398
2023-10-30 12:46:41,23,25,2540,7398
2023-10-30 12:46:50,23,26,2540,7398
2023-10-30 12:46:53,24,26,2540,7398
2023-10-30 12:47:01,24,27,2540,7398
2023-10-30 12:47:04,25,27,2540,7398
2023-10-30 12:47:10,24,27,2540,7398
2023-10-30 12:47:14,24,26,2540,7398
2023-10-30 12:47:14,24,27,2540,7398
2023-10-30 12:47:19,25,27,2540,7398
2023-10-30 12:47:25,25,28,2540,7398
2023-10-30 12:47:29,26,28,2540,7398
2023-10-30 12:47:33,26,29,2540,7398
2023-10-30 12:47:36,27,29,2540,7398
2023-10-30 12:48:32,27,28,2540,7398
2023-10-30 12:48:33,26,28,2540,7398
2023-10-30 12:48:34,26,29,2540,7398
2023-10-30 12:48:34,26,28,2540,7398
2023-10-30 12:48:40,26,29,2540,7398
2023-10-30 12:48:42,26,28,2540,7398
2023-10-30 12:48:43,26,29,2540,7398
2023-10-30 12:48:44,26,28,2540,7398
2023-10-30 12:48:53,26,29,2540,7398
2023-10-30 12:48:54,26,28,2540,7398
2023-10-30 12:49:06,26,29,2540,7398
2023-10-30 12:49:22,27,29,2540,7398
2023-10-30 12:49:44,28,29,2540,7398
2023-10-30 12:50:02,28,30,2540,7398
2023-10-30 12:50:06,29,30,2540,7398
2023-10-30 12:50:07,28,30,2540,7398
2023-10-30 12:50:17,29,30,2540,7398
2023-10-30 12:50:21,29,31,2540,7398
2023-10-30 12:50:29,30,31,2540,7398
2023-10-30 12:50:45,29,31,2540,7398
2023-10-30 12:53:07,29,30,2540,7398
2023-10-30 12:53:08,28,30,2540,7398
2023-10-30 12:53:10,29,30,2540,7398
2023-10-30 12:53:10,29,31,2540,7398
2023-10-30 12:53:19,28,31,2540,7398
2023-10-30 12:53:20,28,30,2540,7398
2023-10-30 12:54:08,28,31,2540,7398
2023-10-30 12:54:09,28,30,2540,7398
2023-10-30 12:54:33,28,29,2540,7398
2023-10-30 12:54:35,28,30,2540,7398
2023-10-30 12:54:37,28,29,2540,7398
2023-10-30 12:54:38,28,30,2540,7398
2023-10-30 12:54:40,28,29,2540,7398
2023-10-30 12:54:54,27,29,2540,7398
2023-10-30 12:55:00,27,28,2540,7398
2023-10-30 12:55:01,27,29,2540,7398
2023-10-30 12:55:16,28,29,2540,7398
2023-10-30 12:55:16,28,30,2540,7398
2023-10-30 12:55:39,28,29,2540,7398
2023-10-30 12:55:52,27,29,2540,7398
2023-10-30 12:56:04,27,28,2540,7398
2023-10-30 12:56:29,27,29,2540,7398
2023-10-30 12:56:34,27,28,2540,7398
2023-10-30 12:56:46,26,28,2540,7398
2023-10-30 12:57:11,26,27,2540,7398
2023-10-30 12:57:22,26,28,2540,7398
2023-10-30 12:57:25,26,29,2540,7398
2023-10-30 12:57:31,26,28,2540,7398
2023-10-30 12:57:32,26,29,2540,7398
2023-10-30 12:57:35,27,29,2540,7398
2023-10-30 12:57:36,26,29,2540,7398
2023-10-30 12:57:37,26,28,2540,7398
2023-10-30 12:57:38,26,29,2540,7398
2023-10-30 12:57:40,26,28,2540,7398
2023-10-30 12:57:44,26,29,2540,7398
2023-10-30 12:57:47,27,29,2540,7398
2023-10-30 12:57:59,27,28,2540,7398
2023-10-30 12:57:59,26,28,2540,7398
2023-10-30 12:57:59,27,28,2540,7398
2023-10-30 12:58:00,26,28,2540,7398
2023-10-30 12:58:20,27,28,2540,7398
2023-10-30 12:58:21,27,29,2540,7398
2023-10-30 12:58:33,27,30,2540,7398
2023-10-30 12:58:37,27,29,2540,7398
2023-10-30 12:58:38,27,30,2540,7398
2023-10-30 12:58:38,27,29,2540,7398
2023-10-30 12:58:39,27,30,2540,7398
2023-10-30 12:59:00,28,30,2540,7398
2023-10-30 12:59:29,28,29,2540,7398
2023-10-30 12:59:30,28,30,2540,7398
2023-10-30 12:59:37,28,31,2540,7398
2023-10-30 12:59:38,28,30,2540,7398
2023-10-30 12:59:38,28,31,2540,7398
2023-10-30 12:59:39,28,30,2540,7398
2023-10-30 12:59:50,28,31,2540,7398
2023-10-30 12:59:52,29,31,2540,7398
2023-10-30 13:00:07,29,31,2540,7648
2023-10-30 13:00:08,30,31,2540,7648
2023-10-30 13:00:08,30,31,2560,7821
2023-10-30 13:00:08,30,32,2560,7821
2023-10-30 13:00:11,31,32,2560,7821
2023-10-30 13:00:18,30,32,2560,7821
2023-10-30 13:00:24,29,32,2560,7821
2023-10-30 13:00:37,29,31,2560,7821
2023-10-30 13:00:39,29,32,2560,7821
2023-10-30 13:00:40,29,31,2560,7821
2023-10-30 13:00:50,28,31,2560,7821
2023-10-30 13:00:51,28,30,2560,7821
2023-10-30 13:01:40,27,30,2560,7821
2023-10-30 13:01:41,27,29,2560,7821
2023-10-30 13:01:47,27,30,2560,7821
2023-10-30 13:01:48,27,29,2560,7821
2023-10-30 13:01:50,27,30,2560,7821
2023-10-30 13:01:57,28,30,2560,7821
2023-10-30 13:02:04,27,30,2560,7821
2023-10-30 13:02:24,27,29,2560,7821
2023-10-30 13:03:41,27,30,2560,7821
2023-10-30 13:03:41,28,30,2560,7821
2023-10-30 13:03:44,27,30,2560,7821
2023-10-30 13:03:47,28,30,2560,7821
2023-10-30 13:03:51,28,31,2560,7821
2023-10-30 13:03:52,28,30,2560,7821
2023-10-30 13:03:53,28,31,2560,7821
2023-10-30 13:03:55,28,30,2560,7821
2023-10-30 13:03:57,28,31,2560,7821
2023-10-30 13:04:00,29,31,2560,7821
2023-10-30 13:04:05,28,31,2560,7821
2023-10-30 13:04:09,29,31,2560,7821
2023-10-30 13:04:21,30,31,2560,7821
2023-10-30 13:04:21,30,32,2560,7821
2023-10-30 13:04:31,31,32,2560,7821
2023-10-30 13:04:50,31,33,2560,7821
2023-10-30 13:05:17,32,33,2560,7821
2023-10-30 13:05:33,32,34,2560,7821
2023-10-30 13:05:57,33,34,2560,7821
2023-10-30 13:05:58,33,35,2560,7821
2023-10-30 13:05:59,34,35,2560,7821
2023-10-30 13:06:05,33,35,2560,7821
2023-10-30 13:06:25,33,34,2560,7821
2023-10-30 13:06:30,32,34,2560,7821
2023-10-30 13:06:46,32,35,2560,7821
2023-10-30 13:06:46,32,34,2560,7821
2023-10-30 13:06:47,32,35,2560,7821
2023-10-30 13:06:51,33,35,2560,7821
2023-10-30 13:07:02,32,35,2560,7821
2023-10-30 13:07:16,32,34,2560,7821
2023-10-30 13:07:17,33,34,2560,7821
2023-10-30 13:07:17,33,35,2560,7821
2023-10-30 13:07:44,33,34,2560,7821
2023-10-30 13:08:25,32,34,2560,7821
2023-10-30 13:08:44,32,35,2560,7821
2023-10-30 13:08:44,32,34,2560,7821
2023-10-30 13:08:46,32,35,2560,7821
2023-10-30 13:09:02,33,35,2560,7821
2023-10-30 13:09:29,33,36,2582,8041
2023-10-30 13:09:30,34,36,2582,8041
2023-10-30 13:09:34,35,36,2582,8041
2023-10-30 13:09:44,35,36,2620,8081
2023-10-30 13:09:45,34,36,2620,8081
2023-10-30 13:10:10,35,36,2620,8081
2023-10-30 13:10:11,35,37,2620,8081
2023-10-30 13:10:28,35,36,2620,8081
2023-10-30 13:10:38,35,37,2620,8081
2023-10-30 13:10:53,34,37,2620,8081
2023-10-30 13:10:54,34,36,2620,8081
2023-10-30 13:11:06,33,36,2620,8081
2023-10-30 13:11:09,33,35,2620,8081
2023-10-30 13:11:22,32,35,2620,8081
2023-10-30 13:11:26,32,34,2620,8081
2023-10-30 13:11:44,32,35,2620,8081
2023-10-30 13:11:46,32,34,2620,8081
2023-10-30 13:11:58,32,35,2620,8081
2023-10-30 13:12:00,33,35,2620,8081
2023-10-30 13:12:01,33,36,2620,8081
2023-10-30 13:12:02,33,35,2620,8081
2023-10-30 13:12:05,32,35,2620,8081
2023-10-30 13:12:05,33,35,2620,8081
2023-10-30 13:12:14,33,36,2620,8081
2023-10-30 13:12:17,34,36,2620,8081
2023-10-30 13:12:35,33,36,2620,8081
2023-10-30 13:12:41,34,36,2620,8081
2023-10-30 13:12:45,33,36,2620,8081
2023-10-30 13:13:02,33,35,2620,8081
2023-10-30 13:13:03,33,36,2620,8081
2023-10-30 13:13:09,34,36,2620,8081
2023-10-30 13:13:23,34,37,2620,8081
2023-10-30 13:13:24,34,36,2620,8081
2023-10-30 13:13:27,33,36,2620,8081
2023-10-30 13:13:32,33,35,2620,8081
2023-10-30 13:13:53,33,36,2620,8081
2023-10-30 13:13:54,33,35,2620,8081
2023-10-30 13:14:09,32,35,2620,8081
2023-10-30 13:14:13,32,34,2620,8081
2023-10-30 13:14:20,32,35,2620,8081
2023-10-30 13:14:21,32,34,2620,8081
2023-10-30 13:14:25,32,35,2620,8081
2023-10-30 13:14:31,33,35,2620,8081
2023-10-30 13:15:06,34,35,2620,8081
2023-10-30 13:15:08,33,35,2620,8081
2023-10-30 13:15:09,34,35,2620,8081
2023-10-30 13:15:18,34,36,2620,8081
2023-10-30 13:15:25,34,37,2620,8081
2023-10-30 13:15:25,34,36,2620,8081
2023-10-30 13:15:26,34,37,2620,8081
2023-10-30 13:15:29,34,36,2620,8081
2023-10-30 13:15:34,34,37,2620,8081
2023-10-30 13:15:36,34,36,2620,8081
2023-10-30 13:15:38,34,37,2620,8081
2023-10-30 13:15:42,34,36,2620,8081
2023-10-30 13:15:51,33,36,2620,8081
2023-10-30 13:15:51,33,35,2620,8081
2023-10-30 13:15:53,34,35,2620,8081
2023-10-30 13:15:53,34,36,2620,8081
2023-10-30 13:15:54,34,35,2620,8081
2023-10-30 13:15:55,34,36,2620,8081
2023-10-30 13:16:13,34,37,2620,8081
2023-10-30 13:16:21,35,37,2620,8081
2023-10-30 13:16:54,36,37,2620,8081
2023-10-30 13:16:55,36,38,2620,8081
2023-10-30 13:17:22,36,37,2620,8081
2023-10-30 13:17:43,35,37,2620,8081
2023-10-30 13:17:48,35,36,2620,8081
2023-10-30 13:17:53,34,36,2620,8081
2023-10-30 13:19:05,35,36,2620,8081
2023-10-30 13:19:05,35,37,2620,8081
2023-10-30 13:19:49,35,36,2620,8081
2023-10-30 13:19:55,35,37,2620,8081
2023-10-30 13:20:03,35,36,2620,8081
2023-10-30 13:20:20,34,36,2620,8081
2023-10-30 13:20:21,33,36,2620,8081
2023-10-30 13:20:24,33,35,2620,8081
2023-10-30 13:20:38,33,36,2620,8081
2023-10-30 13:20:38,33,35,2620,8081
2023-10-30 13:20:50,34,35,2620,8081
2023-10-30 13:20:51,34,36,2640,8101
2023-10-30 13:20:53,35,36,2640,8101
2023-10-30 13:20:53,35,37,2640,8101
2023-10-30 13:21:14,36,37,2640,8101
2023-10-30 13:21:18,36,38,2640,8101
2023-10-30 13:21:19,37,38,2640,8101
2023-10-30 13:21:20,37,39,2640,8101
2023-10-30 13:21:36,37,38,2640,8101
2023-10-30 13:21:37,37,39,2640,8101
2023-10-30 13:21:39,37,40,2640,8101
2023-10-30 13:21:54,39,40,2640,8101
2023-10-30 13:22:00,39,41,2640,8101
2023-10-30 13:22:01,39,40,2640,8101
2023-10-30 13:22:08,39,41,2640,8101
2023-10-30 13:22:12,40,41,2640,8101
2023-10-30 13:22:17,40,42,2640,8101
2023-10-30 13:22:17,40,41,2640,8101
2023-10-30 13:22:17,40,42,2640,8101
2023-10-30 13:22:18,40,41,2640,8101
2023-10-30 13:22:35,40,41,2660,8121
2023-10-30 13:22:49,40,42,2660,8121
2023-10-30 13:22:50,40,41,2660,8121
2023-10-30 13:23:12,40,42,2660,8121
2023-10-30 13:23:12,40,41,2660,8121
2023-10-30 13:23:34,40,42,2660,8121
2023-10-30 13:23:37,41,42,2660,8121
2023-10-30 13:23:51,41,43,2660,8121
2023-10-30 13:23:53,42,43,2660,8121
2023-10-30 13:24:20,42,44,2660,8121
2023-10-30 13:24:23,43,44,2660,8121
2023-10-30 13:25:00,44,45,2727,8230
2023-10-30 13:25:01,43,45,2727,8230
2023-10-30 13:25:04,43,44,2727,8230
2023-10-30 13:25:12,44,45,2959,8462
2023-10-30 13:25:13,43,45,2959,8462
2023-10-30 13:25:17,43,44,2959,8462
2023-10-30 13:25:28,43,45,2959,8462
2023-10-30 13:25:32,44,45,2959,8462
2023-10-30 13:25:56,43,45,2959,8462
2023-10-30 13:26:16,44,45,2959,8462
2023-10-30 13:26:20,43,45,2959,8462
2023-10-30 13:26:36,44,45,2959,8462
2023-10-30 13:26:48,44,46,2959,8462
2023-10-30 13:26:48,44,46,2979,8482
2023-10-30 13:26:49,45,46,2979,8482
2023-10-30 13:26:58,45,47,2979,8482
2023-10-30 13:26:58,45,46,2979,8482
2023-10-30 13:26:59,45,47,2979,8482
2023-10-30 13:27:03,46,47,2979,8482
2023-10-30 13:27:16,46,48,2979,8482
2023-10-30 13:27:16,46,47,2979,8482
2023-10-30 13:27:17,46,48,2979,8482
2023-10-30 13:27:17,46,47,2979,8482
2023-10-30 13:27:23,46,48,2999,8502
2023-10-30 13:28:18,47,48,2999,8502
2023-10-30 13:28:23,47,48,3079,8582
2023-10-30 13:29:00,47,48,3099,8602
2023-10-30 13:29:00,47,49,3268,8771
2023-10-30 13:29:00,47,49,3279,8782
2023-10-30 13:29:01,47,48,3279,8782
2023-10-30 13:29:01,48,49,3553,9056
2023-10-30 13:29:01,48,49,3642,9145
2023-10-30 13:29:01,48,50,3642,9145
2023-10-30 13:29:02,47,50,3642,9145
2023-10-30 13:29:02,48,50,3642,9145
2023-10-30 13:29:02,48,49,3642,9145
2023-10-30 13:29:03,48,50,3642,9145
2023-10-30 13:29:08,49,50,3642,9145
2023-10-30 13:29:43,49,51,3642,9145
2023-10-30 13:29:43,49,50,3642,9145
2023-10-30 13:29:44,50,51,3780,9283
2023-10-30 13:29:44,49,50,3811,9314
2023-10-30 13:29:47,49,51,3811,9314
2023-10-30 13:29:53,49,50,3811,9314
2023-10-30 13:29:54,49,51,3811,9314
2023-10-30 13:30:01,50,51,3811,9314
2023-10-30 13:30:06,50,51,3871,9374
2023-10-30 13:30:15,50,51,4121,9624
2023-10-30 13:30:20,50,52,4244,9747
2023-10-30 13:30:21,50,51,4244,9747
2023-10-30 13:30:22,50,51,4494,9997
2023-10-30 13:30:26,50,52,4516,10019
2023-10-30 13:30:26,50,51,4516,10019
2023-10-30 13:30:29,50,51,4766,10269
2023-10-30 13:30:31,50,52,4784,10287
2023-10-30 13:30:31,50,51,4784,10287
2023-10-30 13:30:52,50,51,4864,10367
2023-10-30 13:31:18,50,51,5033,10536
2023-10-30 13:31:19,50,51,5202,10705
2023-10-30 13:31:19,50,52,5202,10705
2023-10-30 13:31:19,51,52,5202,10705
2023-10-30 13:31:21,51,52,5202,10765
2023-10-30 13:31:41,51,52,5202,10785
2023-10-30 13:32:07,51,52,5202,10845
2023-10-30 13:32:40,51,52,5202,10865
2023-10-30 13:32:41,51,52,5202,10925
2023-10-30 13:33:02,51,52,5212,10965
2023-10-30 13:33:05,51,52,5232,10985
2023-10-30 13:33:39,51,52,5272,11025
2023-10-30 13:33:54,51,52,5292,11045
2023-10-30 13:33:55,50,52,5292,11055
2023-10-30 13:33:55,50,51,5292,11055
2023-10-30 13:34:33,50,52,5292,11055
2023-10-30 13:34:34,50,51,5292,11055
2023-10-30 13:35:05,50,51,5392,11155
2023-10-30 13:35:11,49,51,5392,11275
2023-10-30 13:35:13,49,50,5392,11275
2023-10-30 13:35:24,49,50,5392,11525
2023-10-30 13:35:26,49,50,5392,11775
2023-10-30 13:35:27,49,50,5392,12025
2023-10-30 13:35:28,48,50,5392,12025
2023-10-30 13:35:38,48,49,5392,12025
2023-10-30 13:36:50,47,49,5392,12025
2023-10-30 13:36:50,48,49,5392,12025
2023-10-30 13:37:32,48,50,5392,12025
2023-10-30 13:38:27,47,50,5392,12025
2023-10-30 13:38:27,48,50,5392,12025
2023-10-30 13:38:47,47,50,5392,12025
2023-10-30 13:38:47,48,50,5392,12025
2023-10-30 13:39:33,48,51,5392,12025
2023-10-30 13:39:33,48,49,5392,12025
2023-10-30 13:39:56,47,49,5392,12025
2023-10-30 13:39:56,48,49,5392,12025
2023-10-30 13:41:00,48,49,5392,12275
2023-10-30 13:41:01,48,50,5392,12395
2023-10-30 13:41:02,49,50,5392,12395
2023-10-30 13:41:03,49,51,5392,12395
2023-10-30 13:41:24,49,50,5392,12395
2023-10-30 13:41:25,49,51,5492,12495
2023-10-30 13:41:35,49,51,5519,12522
2023-10-30 13:41:40,50,51,5519,12522
2023-10-30 13:42:39,50,52,5519,12522
2023-10-30 13:42:43,50,51,5519,12522
2023-10-30 13:42:45,50,52,5519,12522
2023-10-30 13:42:54,51,52,5519,12522
2023-10-30 13:46:29,51,52,5519,12524
2023-10-30 13:46:59,51,52,5519,12530
2023-10-30 13:51:35,51,53,5519,12530
2023-10-30 13:51:35,51,52,5519,12530
2023-10-30 13:51:46,51,53,5624,12635
2023-10-30 13:51:49,51,52,5624,12635
2023-10-30 13:51:53,51,53,5728,12739
2023-10-30 13:52:09,51,52,5728,12739
2023-10-30 13:52:10,51,53,5728,12739
2023-10-30 13:52:12,51,52,5728,12739
2023-10-30 13:52:13,51,53,5728,12739
2023-10-30 13:52:14,51,52,5728,12739
2023-10-30 13:53:26,51,52,5728,12749
2023-10-30 13:54:37,51,52,5728,12765
2023-10-30 13:55:13,51,53,5728,12765
2023-10-30 13:55:13,52,53,5728,12765
2023-10-30 13:56:59,52,54,5728,12765
2023-10-30 13:56:59,53,54,5728,12765
2023-10-30 13:57:27,52,53,5727,12766
2023-10-30 13:57:27,51,53,5727,12766
2023-10-30 13:58:35,51,52,5727,12766
2023-10-30 13:58:35,50,52,5727,12766
2023-10-30 13:58:40,50,53,5727,12766
2023-10-30 13:58:49,51,53,5727,12766
2023-10-30 13:59:03,51,52,5727,12766
2023-10-30 13:59:03,50,52,5727,12766
2023-10-30 13:59:16,50,53,5727,12766
2023-10-30 13:59:17,51,53,5727,12766
2023-10-30 14:00:00,50,53,5727,12766
2023-10-30 14:00:03,50,52,5727,12766
2023-10-30 14:00:06,50,53,5727,12766
2023-10-30 14:00:18,51,53,5727,12766
2023-10-30 14:00:44,51,54,5727,12766
2023-10-30 14:01:34,51,53,5727,12766
2023-10-30 14:01:43,50,53,5727,12766
2023-10-30 14:01:49,51,53,5727,12766
2023-10-30 14:01:56,51,54,5727,12766
2023-10-30 14:02:42,51,54,5727,12767
2023-10-30 14:02:42,51,53,5727,12767
2023-10-30 14:03:16,51,54,5727,12767
2023-10-30 14:03:16,51,52,5727,12767
2023-10-30 14:03:49,50,52,5727,12767
2023-10-30 14:04:27,50,53,5727,12767
2023-10-30 14:04:27,50,51,5727,12767
2023-10-30 14:04:28,49,51,5727,12767
2023-10-30 14:05:01,49,52,5727,12768
2023-10-30 14:05:03,49,52,5977,13018
2023-10-30 14:05:03,50,52,5977,13018
2023-10-30 14:05:19,49,53,5977,13018
2023-10-30 14:05:19,50,53,5977,13018
2023-10-30 14:05:19,51,53,5977,13018
2023-10-30 14:05:29,51,54,5977,13018
2023-10-30 14:05:30,50,54,5977,13018
2023-10-30 14:05:30,52,54,5977,13018
2023-10-30 14:06:15,51,54,5977,13018
2023-10-30 14:06:15,53,54,5977,13018
2023-10-30 14:06:20,53,55,5977,13018
2023-10-30 14:06:49,52,55,5977,13018
2023-10-30 14:06:49,54,55,5977,13018
2023-10-30 14:07:34,54,56,5977,13018
2023-10-30 14:08:03,53,56,5977,13018
2023-10-30 14:08:03,55,56,5977,13018
2023-10-30 14:08:13,55,56,6377,13418
2023-10-30 14:10:36,55,56,6377,13419
2023-10-30 14:11:27,55,57,6377,13419
2023-10-30 14:11:27,56,57,6377,13419
2023-10-30 14:12:03,56,57,6377,13434
2023-10-30 14:12:18,56,57,6377,13449
2023-10-30 14:14:01,56,57,6377,13451
2023-10-30 14:15:30,56,58,6377,13451
2023-10-30 14:15:30,57,58,6377,13451
2023-10-30 14:19:12,57,59,6377,13451
2023-10-30 14:19:12,56,59,6377,13451
2023-10-30 14:19:12,58,59,6377,13451
2023-10-30 14:19:31,58,59,6377,13531
2023-10-30 14:20:24,58,59,6377,14131
2023-10-30 14:21:06,58,60,6377,14131
2023-10-30 14:21:13,59,60,6377,14131
2023-10-30 14:21:33,59,60,6377,14171
2023-10-30 14:21:55,59,60,6377,14231
2023-10-30 14:22:23,59,60,6377,14241
2023-10-30 14:23:27,59,61,6377,14241
2023-10-30 14:23:27,60,61,6377,14241
2023-10-30 14:23:30,60,61,6377,14281
2023-10-30 14:23:57,60,61,6377,14321
2023-10-30 14:24:07,60,61,6377,14331
2023-10-30 14:24:19,60,61,6377,14411
2023-10-30 14:25:23,60,61,6377,14421
2023-10-30 14:25:59,60,61,6377,14441
2023-10-30 14:26:32,60,61,6377,14481
2023-10-30 14:26:50,60,61,6377,14500
2023-10-30 14:27:33,60,61,6377,14514
2023-10-30 14:27:49,60,61,6377,14534
2023-10-30 14:27:53,60,61,6377,14634
2023-10-30 14:28:12,60,62,6377,14634
2023-10-30 14:28:12,61,62,6377,14634
2023-10-30 14:30:13,61,63,6377,14634
2023-10-30 14:30:13,61,62,6377,14634
2023-10-30 14:30:14,61,63,6377,14634
2023-10-30 14:30:31,61,62,6377,14634
2023-10-30 14:30:41,61,62,6377,14649
2023-10-30 14:31:31,61,63,6377,14649
2023-10-30 14:31:31,61,62,6377,14649
2023-10-30 14:31:41,61,63,6377,14649
2023-10-30 14:31:41,62,63,6377,14649
2023-10-30 14:31:48,61,62,6377,14681
2023-10-30 14:31:49,61,63,6377,14681
2023-10-30 14:31:49,61,62,6377,14681
2023-10-30 14:31:58,61,63,6377,14681
2023-10-30 14:31:58,61,62,6377,14681
2023-10-30 14:32:01,61,63,6377,14681
2023-10-30 14:34:10,61,62,6377,14681
2023-10-30 14:34:11,61,63,6377,14681
2023-10-30 14:34:11,61,62,6377,14681
2023-10-30 14:34:12,61,63,6377,14681
2023-10-30 14:34:13,61,63,6473,14777
2023-10-30 14:34:19,61,63,6473,14794
2023-10-30 14:34:20,60,63,6473,14794
2023-10-30 14:34:20,60,62,6473,14794
2023-10-30 14:34:42,61,62,6473,14794
2023-10-30 14:35:06,61,62,6486,14807
2023-10-30 14:35:06,61,63,6486,14807
2023-10-30 14:35:33,61,62,6486,14807
2023-10-30 14:35:34,60,62,6486,14807
2023-10-30 14:35:39,60,62,6546,14867
2023-10-30 14:35:40,60,62,6556,14877
2023-10-30 14:35:40,60,62,6556,15127
2023-10-30 14:35:41,60,61,6556,15127
2023-10-30 14:35:42,60,61,6566,15137
2023-10-30 14:35:43,59,61,6566,15137
2023-10-30 14:35:54,59,60,6566,15137
2023-10-30 14:35:59,59,60,6579,15150
2023-10-30 14:36:01,59,60,6594,15165
2023-10-30 14:36:04,59,60,6610,15181
2023-10-30 14:36:06,58,60,6610,15181
2023-10-30 14:36:06,58,59,6610,15181
2023-10-30 14:36:14,58,59,6629,15200
2023-10-30 14:36:16,58,59,6637,15208
2023-10-30 14:36:18,58,59,6644,15215
2023-10-30 14:36:43,59,61,6714,15285
2023-10-30 14:36:44,58,61,6714,15285
2023-10-30 14:37:15,57,61,6714,15285
2023-10-30 14:37:25,57,60,6714,15285
2023-10-30 14:37:32,57,61,6714,15285
2023-10-30 14:37:43,57,60,6714,15285
2023-10-30 14:37:46,56,60,6714,15285
2023-10-30 14:38:00,56,59,6714,15285
2023-10-30 14:38:06,56,58,6714,15285
2023-10-30 14:38:06,56,57,6714,15285
2023-10-30 14:38:06,53,56,6674,15325
2023-10-30 14:38:06,53,56,6614,15385
2023-10-30 14:38:07,53,58,6614,15385
2023-10-30 14:38:07,53,57,6614,15385
2023-10-30 14:38:07,54,57,6614,15385
2023-10-30 14:38:12,54,56,6614,15385
2023-10-30 14:38:14,54,57,6614,15385
2023-10-30 14:38:18,54,56,6614,15385
2023-10-30 14:38:21,54,57,6614,15385
2023-10-30 14:38:23,54,56,6614,15385
2023-10-30 14:38:23,54,56,6614,15395
2023-10-30 14:38:26,54,57,6614,15395
2023-10-30 14:38:27,54,56,6614,15395
2023-10-30 14:38:29,54,57,6614,15395
2023-10-30 14:38:33,54,56,6614,15395
2023-10-30 14:38:46,54,57,6614,15395
2023-10-30 14:38:46,54,56,6614,15395
2023-10-30 14:38:47,54,55,6614,15395
2023-10-30 14:38:51,54,57,6614,15395
2023-10-30 14:38:52,54,56,6614,15395
2023-10-30 14:38:53,54,57,6614,15395
2023-10-30 14:39:14,55,57,6614,15395
2023-10-30 14:39:20,56,58,6614,15395
2023-10-30 14:39:20,56,59,6614,15395
2023-10-30 14:39:20,56,57,6614,15395
2023-10-30 14:39:21,56,57,6624,15405
2023-10-30 14:39:22,56,57,6634,15415
2023-10-30 14:39:22,56,59,6634,15415
2023-10-30 14:39:22,56,58,6634,15415
2023-10-30 14:39:36,55,58,6634,15415
2023-10-30 14:39:36,58,60,6694,15475
2023-10-30 14:39:37,55,60,6694,15475
2023-10-30 14:39:37,56,60,6694,15475
2023-10-30 14:40:08,57,60,6694,15475
2023-10-30 14:40:08,57,61,6694,15475
2023-10-30 14:40:14,57,60,6694,15475
2023-10-30 14:40:15,57,61,6694,15475
2023-10-30 14:40:15,57,60,6694,15475
2023-10-30 14:40:22,56,60,6694,15475
2023-10-30 14:40:28,56,59,6694,15475
2023-10-30 14:40:28,55,59,6694,15475
2023-10-30 14:40:53,55,60,6694,15475
2023-10-30 14:40:57,56,60,6694,15475
2023-10-30 14:41:14,57,60,6694,15475
2023-10-30 14:41:28,57,61,6694,15475
2023-10-30 14:41:28,57,60,6694,15475
2023-10-30 14:41:32,57,61,6694,15475
2023-10-30 14:41:32,57,60,6694,15475
2023-10-30 14:41:35,56,60,6694,15475
2023-10-30 14:41:41,56,59,6694,15475
2023-10-30 14:41:48,56,60,6694,15475
2023-10-30 14:42:02,55,60,6694,15475
2023-10-30 14:42:03,55,59,6694,15475
2023-10-30 14:42:07,54,59,6694,15475
2023-10-30 14:42:08,54,58,6694,15475
2023-10-30 14:42:32,54,59,6694,15475
2023-10-30 14:42:42,54,58,6694,15475
2023-10-30 14:43:00,54,59,6694,15475
2023-10-30 14:43:03,55,59,6694,15475
2023-10-30 14:43:28,55,59,6794,15575
2023-10-30 14:43:28,56,59,6794,15575
2023-10-30 14:43:51,56,58,6794,15575
2023-10-30 14:43:52,56,59,6794,15575
2023-10-30 14:43:59,56,58,6794,15575
2023-10-30 14:44:06,56,57,6794,15575
2023-10-30 14:44:06,54,57,6794,15575
2023-10-30 14:44:06,55,57,6794,15575
2023-10-30 14:44:38,55,58,6794,15575
2023-10-30 14:44:39,54,58,6794,15575
2023-10-30 14:44:39,56,58,6794,15575
2023-10-30 14:45:04,56,58,6791,15578
2023-10-30 14:45:08,56,58,6787,15582
2023-10-30 14:45:14,54,58,6787,15582
2023-10-30 14:45:14,55,58,6787,15582
2023-10-30 14:45:23,54,58,6787,15582
2023-10-30 14:45:23,56,58,6787,15582
2023-10-30 14:45:35,56,57,6787,15582
2023-10-30 14:45:36,56,58,6787,15582
2023-10-30 14:45:45,55,58,6787,15582
2023-10-30 14:45:45,57,58,6787,15582
2023-10-30 14:45:46,55,58,6787,15582
2023-10-30 14:45:46,54,58,6787,15582
2023-10-30 14:45:46,56,58,6787,15582
2023-10-30 14:45:52,55,58,6787,15582
2023-10-30 14:45:52,57,58,6787,15582
2023-10-30 14:45:58,55,58,6787,15582
2023-10-30 14:45:58,56,58,6787,15582
2023-10-30 14:46:09,56,57,6787,15582
2023-10-30 14:46:20,56,60,6807,15602
2023-10-30 14:46:22,56,59,6807,15602
2023-10-30 14:46:34,56,57,6807,15602
2023-10-30 14:46:35,55,57,6807,15602
2023-10-30 14:46:35,53,57,6807,15602
2023-10-30 14:46:35,55,57,6807,15602
2023-10-30 14:46:40,55,57,6806,15605
2023-10-30 14:46:45,55,57,6806,15612
2023-10-30 14:46:47,53,57,6806,15612
2023-10-30 14:46:47,54,57,6806,15612
2023-10-30 14:46:51,54,56,6806,15612
2023-10-30 14:46:51,54,55,6806,15612
2023-10-30 14:46:54,54,57,6806,15612
2023-10-30 14:46:54,54,56,6806,15612
2023-10-30 14:46:54,53,56,6806,15612
2023-10-30 14:46:54,55,56,6806,15612
2023-10-30 14:46:58,55,59,6806,15612
2023-10-30 14:46:59,55,58,6806,15612
2023-10-30 14:47:04,55,57,6806,15612
2023-10-30 14:47:04,55,56,6806,15612
2023-10-30 14:47:10,54,56,6806,15612
2023-10-30 14:47:10,52,56,6806,15612
2023-10-30 14:47:10,52,57,6806,15612
2023-10-30 14:47:10,54,57,6806,15612
2023-10-30 14:47:11,54,55,6806,15612
2023-10-30 14:47:15,54,55,6806,15633
2023-10-30 14:47:15,53,55,6806,15633
2023-10-30 14:47:15,51,55,6806,15633
2023-10-30 14:47:15,53,55,6806,15633
2023-10-30 14:47:17,53,54,6806,15633
2023-10-30 14:47:17,51,54,6806,15633
2023-10-30 14:47:17,50,54,6806,15633
2023-10-30 14:47:17,52,54,6806,15633
2023-10-30 14:47:18,52,53,6806,15633
2023-10-30 14:47:18,50,53,6806,15633
2023-10-30 14:47:18,49,53,6806,15633
2023-10-30 14:47:18,51,53,6806,15633
2023-10-30 14:47:26,51,52,6806,15633
2023-10-30 14:47:26,49,52,6806,15633
2023-10-30 14:47:26,50,52,6806,15633
2023-10-30 14:47:27,50,53,6806,15633
2023-10-30 14:47:30,49,53,6806,15633
2023-10-30 14:47:30,51,53,6806,15633
2023-10-30 14:47:31,51,52,6806,15633
2023-10-30 14:47:31,49,52,6806,15633
2023-10-30 14:47:31,48,52,6806,15633
2023-10-30 14:47:31,50,52,6806,15633
2023-10-30 14:47:38,50,53,6806,15633
2023-10-30 14:47:39,49,53,6806,15633
2023-10-30 14:47:39,51,53,6806,15633
2023-10-30 14:47:41,51,52,6806,15633
2023-10-30 14:47:41,49,52,6806,15633
2023-10-30 14:47:41,48,52,6806,15633
2023-10-30 14:47:41,50,52,6806,15633
2023-10-30 14:47:45,50,53,6806,15633
2023-10-30 14:47:45,48,53,6806,15633
2023-10-30 14:47:45,49,53,6806,15633
2023-10-30 14:47:45,51,53,6806,15633
2023-10-30 14:48:00,49,53,6806,15633
2023-10-30 14:48:00,50,53,6806,15633
2023-10-30 14:48:00,52,53,6806,15633
2023-10-30 14:48:02,52,54,6806,15633
2023-10-30 14:48:07,52,55,6806,15633
2023-10-30 14:48:07,50,55,6806,15633
2023-10-30 14:48:07,51,55,6806,15633
2023-10-30 14:48:07,53,55,6806,15633
2023-10-30 14:48:10,53,56,6806,15633
2023-10-30 14:48:10,53,55,6806,15633
2023-10-30 14:48:31,53,56,6806,15633
2023-10-30 14:48:43,51,56,6806,15633
2023-10-30 14:48:43,52,56,6806,15633
2023-10-30 14:48:44,52,55,6806,15633
2023-10-30 14:48:50,52,54,6806,15633
2023-10-30 14:48:55,50,54,6806,15633
2023-10-30 14:48:55,49,54,6806,15633
2023-10-30 14:48:55,51,54,6806,15633
2023-10-30 14:49:00,51,53,6806,15633
2023-10-30 14:49:06,50,53,6806,15633
2023-10-30 14:49:06,52,53,6806,15633
2023-10-30 14:49:10,52,54,6806,15633
2023-10-30 14:49:13,50,54,6806,15633
2023-10-30 14:49:13,51,54,6806,15633
2023-10-30 14:49:17,50,54,6806,15633
2023-10-30 14:49:17,52,54,6806,15633
2023-10-30 14:49:24,52,54,6806,15693
2023-10-30 14:49:26,50,54,6806,15693
2023-10-30 14:49:26,51,54,6806,15693
2023-10-30 14:49:41,50,54,6806,15693
2023-10-30 14:49:41,52,54,6806,15693
2023-10-30 14:49:44,52,53,6806,15693
2023-10-30 14:49:45,52,54,6806,15693
2023-10-30 14:49:46,52,55,6806,15693
2023-10-30 14:49:48,52,54,6806,15693
2023-10-30 14:50:20,52,53,6806,15693
2023-10-30 14:50:31,52,54,6806,15693
2023-10-30 14:50:39,52,53,6806,15693
2023-10-30 14:50:39,50,53,6806,15693
2023-10-30 14:50:39,49,53,6806,15693
2023-10-30 14:50:39,51,53,6806,15693
2023-10-30 14:50:42,51,54,6806,15693
2023-10-30 14:50:42,50,54,6806,15693
2023-10-30 14:50:42,52,54,6806,15693
2023-10-30 14:51:18,52,53,6806,15693
2023-10-30 14:51:19,50,53,6806,15693
2023-10-30 14:51:19,51,53,6806,15693
2023-10-30 14:51:21,51,52,6806,15693
2023-10-30 14:51:29,50,52,6806,15693
2023-10-30 14:51:29,50,52,6806,15695
2023-10-30 14:51:31,50,54,6806,15695
2023-10-30 14:51:34,50,53,6806,15695
2023-10-30 14:51:36,50,54,6806,15695
2023-10-30 14:51:43,51,54,6806,15695
2023-10-30 14:51:48,51,55,6806,15695
2023-10-30 14:52:02,50,55,6806,15695
2023-10-30 14:52:02,50,54,6806,15695
2023-10-30 14:52:03,51,54,6806,15695
2023-10-30 14:52:03,51,55,6806,15695
2023-10-30 14:52:03,52,55,6806,15695
2023-10-30 14:52:07,52,56,6806,15695
2023-10-30 14:52:34,52,57,6806,15695
2023-10-30 14:52:41,52,58,6806,15695
2023-10-30 14:52:46,53,58,6806,15695
2023-10-30 14:53:01,53,59,6806,15695
2023-10-30 14:53:01,53,58,6806,15695
2023-10-30 14:53:13,53,59,6806,15695
2023-10-30 14:53:13,54,59,6806,15695
2023-10-30 14:53:17,55,59,6806,15695
2023-10-30 14:53:19,54,59,6806,15695
2023-10-30 14:53:24,54,60,7306,16195
2023-10-30 14:53:24,56,60,7306,16195
2023-10-30 14:53:29,55,60,7306,16195
2023-10-30 14:53:29,57,60,7306,16195
2023-10-30 14:53:33,57,61,7306,16195
2023-10-30 14:53:37,56,61,7306,16195
2023-10-30 14:53:37,58,61,7306,16195
2023-10-30 14:53:38,56,61,7306,16195
2023-10-30 14:53:38,55,61,7306,16195
2023-10-30 14:53:38,57,61,7306,16195
2023-10-30 14:53:39,57,60,7306,16195
2023-10-30 14:53:43,57,61,7306,16195
2023-10-30 14:53:54,57,60,7306,16195
2023-10-30 14:53:54,57,58,7306,16195
2023-10-30 14:54:02,57,61,7306,16195
2023-10-30 14:54:06,56,61,7306,16195
2023-10-30 14:54:06,58,61,7306,16195
2023-10-30 14:54:10,57,61,7306,16195
2023-10-30 14:54:10,57,62,7306,16195
2023-10-30 14:54:10,59,62,7306,16195
2023-10-30 14:54:11,59,63,7306,16195
2023-10-30 14:54:11,59,62,7306,16195
2023-10-30 14:54:18,58,62,7306,16195
2023-10-30 14:54:18,60,62,7306,16195
2023-10-30 14:54:23,60,63,7306,16195
2023-10-30 14:54:27,59,63,7306,16195
2023-10-30 14:54:27,61,63,7306,16195
2023-10-30 14:54:31,61,64,7306,16195
2023-10-30 14:54:31,61,63,7306,16195
2023-10-30 14:54:36,61,64,7306,16195
2023-10-30 14:54:39,59,64,7306,16195
2023-10-30 14:54:39,60,64,7306,16195
2023-10-30 14:54:41,59,64,7306,16195
2023-10-30 14:54:41,61,64,7306,16195
2023-10-30 14:54:47,59,64,7306,16195
2023-10-30 14:54:47,60,64,7306,16195
2023-10-30 14:54:51,60,63,7306,16195
2023-10-30 14:54:59,60,62,7306,16195
2023-10-30 14:55:03,60,63,7306,16195
2023-10-30 14:55:13,59,63,7306,16195
2023-10-30 14:55:13,61,63,7306,16195
2023-10-30 14:55:18,60,63,7306,16195
2023-10-30 14:55:18,61,63,7306,16195
2023-10-30 14:55:18,61,65,7306,16195
2023-10-30 14:55:18,61,64,7306,16195
2023-10-30 14:55:18,62,64,7306,16195
2023-10-30 14:55:22,61,64,7306,16195
2023-10-30 14:55:22,63,64,7306,16195
2023-10-30 14:55:24,63,65,7306,16195
2023-10-30 14:55:24,63,64,7306,16195
2023-10-30 14:55:25,63,65,7306,16195
2023-10-30 14:55:56,63,64,7306,16195
2023-10-30 14:55:57,63,65,7306,16195
2023-10-30 14:56:04,63,65,7306,16275
2023-10-30 14:56:19,62,65,7306,16275
2023-10-30 14:56:19,64,65,7306,16275
2023-10-30 14:56:36,64,65,7106,16475
2023-10-30 14:56:36,62,65,7106,16475
2023-10-30 14:56:36,61,65,7106,16475
2023-10-30 14:56:36,61,64,7106,16475
2023-10-30 14:56:36,63,64,7106,16475
2023-10-30 14:56:37,63,65,7106,16475
2023-10-30 14:56:37,63,64,7106,16475
2023-10-30 14:56:43,63,65,7106,16475
2023-10-30 14:56:43,63,64,7106,16475
2023-10-30 14:56:44,63,65,7106,16475
2023-10-30 14:56:44,63,64,7106,16475
2023-10-30 14:56:45,63,64,7106,16480
2023-10-30 14:56:51,62,64,7106,16480
2023-10-30 14:57:01,63,64,7106,16480
2023-10-30 14:57:03,62,64,7106,16480
2023-10-30 14:57:10,63,64,7106,16480
2023-10-30 14:57:16,62,64,7106,16480
2023-10-30 14:57:16,64,65,7106,16540
2023-10-30 14:57:26,64,65,7106,16551
2023-10-30 14:57:33,64,65,7106,16631
2023-10-30 14:57:39,62,65,7106,16631
2023-10-30 14:57:39,63,65,7106,16631
2023-10-30 14:57:40,63,64,7106,16631
2023-10-30 14:57:42,62,64,7106,16631
2023-10-30 14:57:43,62,63,7106,16631
2023-10-30 14:57:46,60,62,7042,16695
2023-10-30 14:58:04,61,62,7042,16695
2023-10-30 14:58:09,61,63,7042,16695
2023-10-30 14:58:09,61,62,7042,16695
2023-10-30 14:58:10,61,63,7042,16695
2023-10-30 14:58:15,61,64,7042,16695
2023-10-30 14:58:24,62,64,7042,16695
2023-10-30 14:58:33,62,65,7042,16695
2023-10-30 14:59:03,62,64,7042,16695
2023-10-30 14:59:09,61,64,7042,16695
2023-10-30 14:59:09,61,63,7042,16695
2023-10-30 14:59:11,61,64,7042,16695
2023-10-30 14:59:20,62,64,7042,16695
2023-10-30 14:59:29,62,65,7042,16695
2023-10-30 14:59:58,62,64,7042,16695
2023-10-30 15:00:02,61,64,7042,16695
2023-10-30 15:00:03,61,63,7042,16695
2023-10-30 15:00:04,60,63,7042,16695
2023-10-30 15:00:05,60,61,7042,16695
2023-10-30 15:00:05,59,60,7042,16695
2023-10-30 15:00:05,57,60,7042,16695
2023-10-30 15:00:06,57,58,7042,16695
2023-10-30 15:00:06,56,58,7042,16895
2023-10-30 15:00:06,56,57,7042,16895
2023-10-30 15:00:07,56,58,7042,16895
2023-10-30 15:00:11,55,58,7042,16895
2023-10-30 15:00:12,54,58,7042,16895
2023-10-30 15:00:12,54,56,7042,16895
2023-10-30 15:00:12,53,56,7042,16895
2023-10-30 15:00:13,52,56,7042,16895
2023-10-30 15:00:13,52,55,7042,16895
2023-10-30 15:00:13,51,55,7042,16895
2023-10-30 15:00:15,52,55,7042,16895
2023-10-30 15:00:16,52,54,7042,16895
2023-10-30 15:00:16,51,54,7042,16895
2023-10-30 15:00:18,52,54,7042,16895
2023-10-30 15:00:18,52,55,7042,16895
2023-10-30 15:00:19,52,56,7042,16895
2023-10-30 15:00:20,52,55,7042,16895
2023-10-30 15:00:21,52,56,7042,16895
2023-10-30 15:00:22,53,56,7042,16895
2023-10-30 15:00:22,54,56,7042,16895
2023-10-30 15:00:22,54,57,7042,16895
2023-10-30 15:00:29,54,55,7042,16895
2023-10-30 15:00:29,53,55,7042,16895
2023-10-30 15:00:32,52,55,7042,16895
2023-10-30 15:00:34,53,55,7042,16895
2023-10-30 15:00:35,53,56,7042,17095
2023-10-30 15:00:42,53,55,7042,17095
2023-10-30 15:00:43,53,55,7042,17095
2023-10-30 15:00:44,53,56,7042,17295
2023-10-30 15:00:44,54,56,7042,17295
2023-10-30 15:00:44,54,57,7042,17295
2023-10-30 15:00:44,54,58,7042,17295
2023-10-30 15:00:45,55,58,7042,17295
2023-10-30 15:00:47,55,56,7042,17295
2023-10-30 15:00:48,55,58,7042,17295
2023-10-30 15:00:51,56,58,7042,17295
2023-10-30 15:00:51,56,59,7042,17495
2023-10-30 15:00:52,56,59,7442,17895
2023-10-30 15:00:52,58,60,7642,18095
2023-10-30 15:00:52,58,61,7642,18095
2023-10-30 15:00:52,58,62,7642,18095
2023-10-30 15:00:53,59,62,7642,18095
2023-10-30 15:00:54,59,63,7642,18095
2023-10-30 15:00:55,60,63,7642,18095
2023-10-30 15:00:55,61,63,7642,18095
2023-10-30 15:00:55,62,63,7642,18095
2023-10-30 15:00:55,62,64,7642,18095
2023-10-30 15:00:55,62,65,7642,18095
2023-10-30 15:00:55,62,63,7642,18095
2023-10-30 15:00:56,61,63,7642,18095
2023-10-30 15:00:56,59,65,7642,18095
2023-10-30 15:00:56,64,65,7842,18295
2023-10-30 15:00:56,64,66,7842,18295
2023-10-30 15:00:57,64,67,7842,18295
2023-10-30 15:01:00,64,66,7842,18295
2023-10-30 15:01:03,63,66,7842,18295
2023-10-30 15:01:03,63,65,7842,18295
2023-10-30 15:01:03,62,65,7842,18295
2023-10-30 15:01:04,62,64,7842,18295
2023-10-30 15:01:05,62,63,7842,18295
2023-10-30 15:01:05,61,63,7842,18295
2023-10-30 15:01:06,60,63,7842,18295
2023-10-30 15:01:07,60,62,7842,18295
2023-10-30 15:01:08,60,61,7842,18295
2023-10-30 15:01:08,58,61,7842,18295
2023-10-30 15:01:08,59,61,7842,18295
2023-10-30 15:01:11,59,62,7842,18295
2023-10-30 15:01:13,59,61,7842,18295
2023-10-30 15:01:14,59,61,7642,18495
2023-10-30 15:01:14,59,60,7642,18495
2023-10-30 15:01:14,59,60,7442,18695
2023-10-30 15:01:14,57,60,7442,18695
2023-10-30 15:01:14,56,60,7442,18695
2023-10-30 15:01:14,55,60,7442,18695
2023-10-30 15:01:14,57,60,7442,18695
2023-10-30 15:01:15,57,61,7442,18695
2023-10-30 15:01:20,57,62,7442,18695
2023-10-30 15:01:21,58,62,7442,18695
2023-10-30 15:01:25,58,60,7442,18695
2023-10-30 15:01:25,57,60,7442,18695
2023-10-30 15:01:26,57,59,7442,18695
2023-10-30 15:01:26,56,59,7442,18695
2023-10-30 15:01:27,56,58,7442,18695
2023-10-30 15:01:27,54,56,7062,19075
2023-10-30 15:01:27,52,56,7062,19075
2023-10-30 15:01:28,52,57,7062,19075
2023-10-30 15:01:28,53,57,7062,19075
2023-10-30 15:01:28,53,56,7062,19075
2023-10-30 15:01:29,52,56,7062,19075
2023-10-30 15:01:29,52,55,7062,19075
2023-10-30 15:01:30,52,55,7067,19080
2023-10-30 15:01:32,52,56,7067,19080
2023-10-30 15:01:34,53,56,7067,19080
2023-10-30 15:01:35,52,56,7067,19080
2023-10-30 15:01:36,52,56,7067,19080
2023-10-30 15:01:36,52,55,7067,19080
2023-10-30 15:01:36,52,55,7127,19140
2023-10-30 15:01:37,52,56,7127,19140
2023-10-30 15:01:37,52,54,7127,19140
2023-10-30 15:01:39,53,54,7127,19140
2023-10-30 15:01:39,53,56,7127,19140
2023-10-30 15:01:41,53,57,7127,19140
2023-10-30 15:01:41,53,54,7127,19140
2023-10-30 15:01:42,54,57,7187,19200
2023-10-30 15:01:43,54,58,7187,19200
2023-10-30 15:01:45,54,57,7187,19200
2023-10-30 15:01:50,53,57,7187,19200
2023-10-30 15:01:53,53,56,7187,19200
2023-10-30 15:01:55,52,56,7187,19200
2023-10-30 15:02:01,52,55,7195,19208
2023-10-30 15:02:01,52,53,7195,19208
2023-10-30 15:02:02,53,56,7235,19248
2023-10-30 15:02:02,53,55,7235,19248
2023-10-30 15:02:04,53,57,7235,19248
2023-10-30 15:02:06,55,57,7235,19248
2023-10-30 15:02:08,55,58,7255,19268
2023-10-30 15:02:12,55,59,7255,19268
2023-10-30 15:02:13,55,58,7255,19268
2023-10-30 15:02:21,53,58,7255,19268
2023-10-30 15:02:21,53,57,7255,19268
2023-10-30 15:02:24,53,55,7255,19268
2023-10-30 15:02:26,52,55,7255,19268
2023-10-30 15:02:27,51,55,7255,19268
2023-10-30 15:02:28,51,54,7255,19268
2023-10-30 15:02:37,51,53,7255,19268
2023-10-30 15:02:39,51,53,7266,19279
2023-10-30 15:02:39,49,53,7266,19279
2023-10-30 15:02:39,49,52,7266,19279
2023-10-30 15:02:40,49,53,7266,19279
2023-10-30 15:02:42,49,54,7266,19279
2023-10-30 15:02:42,50,54,7266,19279
2023-10-30 15:02:46,51,54,7266,19279
2023-10-30 15:02:47,52,54,7266,19279
2023-10-30 15:02:48,52,55,7266,19279
2023-10-30 15:02:51,52,56,7266,19279
2023-10-30 15:02:52,53,56,7266,19279
2023-10-30 15:02:53,53,57,7266,19279
2023-10-30 15:02:53,53,56,7266,19279
2023-10-30 15:02:56,52,56,7266,19279
2023-10-30 15:03:03,53,56,7266,19279
2023-10-30 15:03:04,55,56,7266,19279
2023-10-30 15:03:04,55,59,7266,19279
2023-10-30 15:03:05,56,59,7266,19279
2023-10-30 15:03:12,57,59,7266,19279
2023-10-30 15:03:14,57,60,7266,19279
2023-10-30 15:03:17,56,60,7266,19279
2023-10-30 15:03:17,55,59,7266,19279
2023-10-30 15:03:20,55,58,7266,19279
2023-10-30 15:03:23,55,59,7266,19279
2023-10-30 15:03:25,56,59,7266,19279
2023-10-30 15:03:26,57,59,7266,19279
2023-10-30 15:03:27,59,60,7326,19339
2023-10-30 15:03:27,59,62,7326,19339
2023-10-30 15:03:27,59,61,7326,19339
2023-10-30 15:03:28,60,61,7326,19339
2023-10-30 15:03:28,60,63,7326,19339
2023-10-30 15:03:42,59,63,7326,19339
2023-10-30 15:03:48,59,61,7326,19339
2023-10-30 15:03:51,59,63,7326,19339
2023-10-30 15:03:53,59,62,7326,19339
2023-10-30 15:03:53,59,61,7326,19339
2023-10-30 15:03:54,59,63,7326,19339
2023-10-30 15:04:01,59,62,7326,19339
2023-10-30 15:04:04,59,63,7326,19339
2023-10-30 15:04:05,59,62,7326,19339
2023-10-30 15:04:06,58,62,7326,19339
2023-10-30 15:04:06,58,61,7326,19339
2023-10-30 15:04:10,58,62,7326,19339
2023-10-30 15:04:10,59,63,7326,19339
2023-10-30 15:04:14,59,62,7326,19339
2023-10-30 15:04:16,58,62,7326,19339
2023-10-30 15:04:18,59,62,7326,19339
2023-10-30 15:04:19,58,62,7326,19339
2023-10-30 15:04:21,58,61,7326,19339
2023-10-30 15:04:33,59,61,7326,19339
2023-10-30 15:04:35,59,62,7326,19339
2023-10-30 15:04:36,59,63,7326,19339
2023-10-30 15:04:41,58,63,7326,19339
2023-10-30 15:04:42,59,62,7326,19339
2023-10-30 15:04:44,59,63,7326,19339
2023-10-30 15:04:50,61,63,7326,19339
2023-10-30 15:04:51,60,63,7326,19339
2023-10-30 15:04:55,59,63,7326,19339
2023-10-30 15:05:00,59,62,7326,19339
2023-10-30 15:05:01,59,63,7326,19339
2023-10-30 15:05:02,59,62,7326,19339
2023-10-30 15:05:09,59,63,7326,19339
2023-10-30 15:05:10,60,63,7326,19339
2023-10-30 15:05:13,60,65,7326,19339
2023-10-30 15:05:13,61,65,7326,19339
2023-10-30 15:05:24,62,64,7326,19339
2023-10-30 15:05:26,60,64,7326,19339
2023-10-30 15:05:26,60,63,7326,19339
2023-10-30 15:05:27,60,62,7326,19339
2023-10-30 15:05:35,60,63,7326,19339
2023-10-30 15:05:37,61,63,7326,19339
2023-10-30 15:05:37,61,64,7326,19339
2023-10-30 15:05:38,61,65,7326,19339
2023-10-30 15:05:43,61,64,7326,19339
2023-10-30 15:05:45,61,65,7326,19339
2023-10-30 15:05:46,61,64,7326,19339
2023-10-30 15:05:48,61,65,7326,19339
2023-10-30 15:06:03,61,64,7326,19339
2023-10-30 15:06:03,61,63,7326,19339
2023-10-30 15:06:04,60,63,7326,19339
2023-10-30 15:06:08,60,62,7326,19339
2023-10-30 15:06:14,59,62,7326,19339
2023-10-30 15:06:14,58,62,7326,19339
2023-10-30 15:06:14,58,61,7326,19339
2023-10-30 15:06:14,57,61,7326,19339
2023-10-30 15:06:15,57,60,7326,19339
2023-10-30 15:06:19,56,60,7326,19339
2023-10-30 15:06:19,56,59,7326,19339
2023-10-30 15:06:20,55,59,7326,19339
2023-10-30 15:06:25,55,58,7326,19339
2023-10-30 15:06:25,54,58,7326,19339
2023-10-30 15:06:26,54,56,7326,19339
2023-10-30 15:06:26,53,56,7326,19339
2023-10-30 15:06:30,53,58,7326,19339
2023-10-30 15:06:39,54,59,7326,19339
2023-10-30 15:06:40,56,59,7326,19339
2023-10-30 15:06:40,56,60,7326,19339
2023-10-30 15:06:50,56,61,7326,19339
2023-10-30 15:06:51,56,60,7326,19339
2023-10-30 15:06:59,56,59,7326,19339
2023-10-30 15:07:02,54,59,7326,19339
2023-10-30 15:07:02,54,58,7326,19339
2023-10-30 15:07:06,54,56,7326,19339
2023-10-30 15:07:18,54,58,7326,19339
2023-10-30 15:07:22,54,57,7326,19339
2023-10-30 15:07:23,54,58,7326,19339
2023-10-30 15:07:25,55,58,7326,19339
2023-10-30 15:07:26,55,60,7326,19339
2023-10-30 15:07:28,57,60,7326,19339
2023-10-30 15:07:28,57,61,7326,19339
2023-10-30 15:07:32,58,61,7326,19339
2023-10-30 15:07:33,58,62,7326,19339
2023-10-30 15:07:35,59,62,7326,19339
2023-10-30 15:07:35,59,63,7326,19339
2023-10-30 15:07:36,60,63,7326,19339
2023-10-30 15:07:41,59,63,7326,19339
2023-10-30 15:07:41,59,62,7326,19339
2023-10-30 15:07:48,59,63,7326,19339
2023-10-30 15:07:48,60,63,7326,19339
2023-10-30 15:07:58,60,64,7326,19339
2023-10-30 15:08:12,60,61,7326,19339
2023-10-30 15:08:12,59,61,7326,19339
2023-10-30 15:08:12,58,61,7326,19339
2023-10-30 15:08:13,55,61,7326,19339
2023-10-30 15:08:13,55,59,7326,19339
2023-10-30 15:08:13,55,58,7326,19339
2023-10-30 15:08:13,53,58,7326,19339
2023-10-30 15:08:14,53,57,7326,19339
2023-10-30 15:08:17,53,58,7326,19339
2023-10-30 15:08:18,53,56,7326,19339
2023-10-30 15:08:20,53,58,7326,19339
2023-10-30 15:08:20,53,57,7326,19339
2023-10-30 15:08:22,53,58,7326,19339
2023-10-30 15:08:30,53,59,7326,19339
2023-10-30 15:08:42,54,59,7326,19339
2023-10-30 15:08:42,55,59,7326,19339
2023-10-30 15:08:55,55,61,7326,19539
2023-10-30 15:08:56,57,61,7326,19539
2023-10-30 15:08:56,58,61,7326,19539
2023-10-30 15:08:57,59,61,7326,19539
2023-10-30 15:09:01,60,61,7326,19539
2023-10-30 15:09:01,60,62,7326,19539
2023-10-30 15:09:02,60,63,7326,19539
2023-10-30 15:09:20,60,64,7326,19539
2023-10-30 15:09:24,61,64,7326,19539
2023-10-30 15:09:25,61,65,7326,19539
2023-10-30 15:09:27,62,65,7326,19539
2023-10-30 15:09:35,63,65,7326,19539
2023-10-30 15:09:38,63,66,7326,19539
2023-10-30 15:09:40,63,67,7326,19539
2023-10-30 15:09:41,63,66,7326,19539
2023-10-30 15:09:43,62,66,7326,19539
2023-10-30 15:10:00,62,65,7326,19539
2023-10-30 15:10:01,62,66,7326,19539
2023-10-30 15:10:01,62,65,7326,19539
2023-10-30 15:10:06,63,65,7326,19539
2023-10-30 15:10:07,62,65,7326,19539
2023-10-30 15:10:07,62,66,7326,19539
2023-10-30 15:10:12,63,66,7326,19539
2023-10-30 15:10:26,63,67,7326,19539
2023-10-30 15:10:26,63,65,7326,19539
2023-10-30 15:10:27,64,65,7326,19539
2023-10-30 15:10:27,64,67,7326,19539
2023-10-30 15:10:30,65,67,7326,19539
2023-10-30 15:10:35,63,67,7326,19539
2023-10-30 15:10:46,62,67,7326,19539
2023-10-30 15:10:51,62,67,7326,19539
2023-10-30 15:10:51,63,67,7326,19539
2023-10-30 15:10:54,64,67,7326,19539
2023-10-30 15:10:56,65,67,7326,19539
2023-10-30 15:11:01,65,68,7326,19539
2023-10-30 15:11:17,65,69,7326,19539
2023-10-30 15:11:17,67,69,7326,19539
2023-10-30 15:11:21,65,69,7326,19539
2023-10-30 15:11:21,65,68,7326,19539
2023-10-30 15:11:26,64,68,7326,19539
2023-10-30 15:11:26,64,67,7326,19539
2023-10-30 15:11:31,64,66,7326,19539
2023-10-30 15:11:37,64,67,7326,19539
2023-10-30 15:11:41,64,68,7326,19539
2023-10-30 15:11:45,65,68,7326,19544
2023-10-30 15:11:51,64,68,7326,19544
2023-10-30 15:11:51,64,67,7326,19544
2023-10-30 15:11:53,64,66,7326,19544
2023-10-30 15:11:54,63,66,7326,19544
2023-10-30 15:11:58,62,66,7326,19544
2023-10-30 15:11:58,62,65,7326,19602
2023-10-30 15:12:00,62,66,7326,19602
2023-10-30 15:12:10,63,66,7326,19602
2023-10-30 15:12:18,62,66,7326,19602
2023-10-30 15:12:23,62,64,7326,19602
2023-10-30 15:12:24,61,64,7326,19602
2023-10-30 15:12:27,61,63,7326,19602
2023-10-30 15:12:28,60,63,7326,19602
2023-10-30 15:12:28,60,62,7326,19602
2023-10-30 15:12:29,60,63,7326,19602
2023-10-30 15:12:31,59,63,7326,19602
2023-10-30 15:12:31,59,61,7326,19602
2023-10-30 15:12:41,58,61,7326,19602
2023-10-30 15:12:44,57,61,7326,19602
2023-10-30 15:12:44,57,60,7326,19602
2023-10-30 15:12:45,57,60,7331,19612
2023-10-30 15:12:47,57,59,7331,19612
2023-10-30 15:12:47,56,59,7331,19612
2023-10-30 15:12:47,55,59,7331,19612
2023-10-30 15:12:48,55,58,7331,19612
2023-10-30 15:12:53,55,59,7331,19612
2023-10-30 15:12:59,55,58,7331,19612
2023-10-30 15:13:00,55,59,7331,19612
2023-10-30 15:13:02,55,58,7331,19612
2023-10-30 15:13:04,54,58,7331,19612
2023-10-30 15:13:04,54,57,7331,19612
2023-10-30 15:13:05,53,57,7331,19612
2023-10-30 15:13:05,53,56,7331,19612
2023-10-30 15:13:05,52,56,7331,19612
2023-10-30 15:13:12,53,56,7331,19612
2023-10-30 15:13:12,53,57,7331,19612
2023-10-30 15:13:17,53,58,7331,19612
2023-10-30 15:13:17,54,58,7331,19612
2023-10-30 15:13:19,54,59,7331,19612
2023-10-30 15:13:19,56,59,7331,19612
2023-10-30 15:13:19,56,60,7331,19612
2023-10-30 15:13:21,56,61,7331,19612
2023-10-30 15:13:22,57,61,7331,19612
2023-10-30 15:13:41,60,61,7331,19612
2023-10-30 15:13:41,60,62,7331,19612
2023-10-30 15:13:41,60,63,7331,19612
2023-10-30 15:13:41,60,64,7331,19612
2023-10-30 15:13:41,60,62,7331,19612
2023-10-30 15:13:41,60,64,7331,19612
2023-10-30 15:13:45,61,64,7331,19612
2023-10-30 15:13:47,60,64,7331,19612
2023-10-30 15:13:56,61,64,7331,19612
2023-10-30 15:14:00,60,64,7331,19612
2023-10-30 15:14:05,60,63,7331,19612
2023-10-30 15:14:08,60,64,7331,19612
2023-10-30 15:14:09,60,63,7331,19612
2023-10-30 15:14:11,60,64,7331,19612
2023-10-30 15:14:14,60,63,7331,19612
2023-10-30 15:14:16,60,64,7331,19612
2023-10-30 15:14:17,61,64,7331,19612
2023-10-30 15:14:22,60,64,7331,19612
2023-10-30 15:14:23,61,64,7331,19612
2023-10-30 15:14:27,60,64,7331,19612
2023-10-30 15:14:29,60,63,7331,19612
2023-10-30 15:14:31,59,63,7331,19612
2023-10-30 15:14:31,59,62,7331,19612
2023-10-30 15:14:32,57,62,7331,19612
2023-10-30 15:14:32,57,61,7331,19612
2023-10-30 15:14:35,57,60,7331,19612
2023-10-30 15:14:38,57,59,7331,19612
2023-10-30 15:14:42,56,59,7331,19612
2023-10-30 15:14:49,54,59,7331,19612
2023-10-30 15:14:51,54,58,7331,19612
2023-10-30 15:14:51,53,58,7331,19612
2023-10-30 15:14:54,53,59,7331,19612
2023-10-30 15:14:54,54,59,7331,19612
2023-10-30 15:14:57,54,58,7331,19612
2023-10-30 15:14:58,54,59,7331,19612
2023-10-30 15:15:01,54,58,7331,19612
2023-10-30 15:15:01,53,58,7331,19612
2023-10-30 15:15:02,54,58,7331,19612
2023-10-30 15:15:09,54,60,7331,19612
2023-10-30 15:15:09,55,60,7331,19612
2023-10-30 15:15:11,55,61,7331,19612
2023-10-30 15:15:11,57,61,7331,19612
2023-10-30 15:15:22,55,61,7331,19612
2023-10-30 15:15:22,55,60,7331,19612
2023-10-30 15:15:25,56,60,7331,19612
2023-10-30 15:15:27,56,61,7331,19612
2023-10-30 15:15:31,56,62,7331,19612
2023-10-30 15:15:31,58,62,7331,19612
2023-10-30 15:15:34,58,61,7331,19612
2023-10-30 15:15:39,55,61,7331,19612
2023-10-30 15:15:39,56,61,7331,19612
2023-10-30 15:15:41,59,61,7331,19612
2023-10-30 15:15:41,59,62,7331,19612
2023-10-30 15:15:41,59,63,7331,19612
2023-10-30 15:15:46,58,63,7331,19612
2023-10-30 15:15:47,58,62,7331,19612
2023-10-30 15:15:50,56,62,7331,19612
2023-10-30 15:15:50,56,61,7331,19612
2023-10-30 15:15:50,55,60,7331,19612
2023-10-30 15:15:53,54,60,7331,19612
2023-10-30 15:15:53,54,58,7331,19612
2023-10-30 15:15:59,56,58,7331,19612
2023-10-30 15:15:59,56,61,7331,19612
2023-10-30 15:16:02,56,60,7331,19612
2023-10-30 15:16:05,54,60,7331,19612
2023-10-30 15:16:22,54,60,7331,19612
2023-10-30 15:16:25,54,58,7331,19612
2023-10-30 15:16:27,54,57,7331,19612
2023-10-30 15:16:28,52,57,7331,19612
2023-10-30 15:16:29,51,57,7331,19612
2023-10-30 15:16:29,51,55,7331,19612
2023-10-30 15:16:30,51,57,7331,19612
2023-10-30 15:16:30,52,57,7331,19612
2023-10-30 15:16:33,52,58,7331,19612
2023-10-30 15:16:34,53,58,7331,19612
2023-10-30 15:16:35,52,58,7331,19612
2023-10-30 15:16:36,53,58,7331,19612
2023-10-30 15:16:38,52,58,7331,19612
2023-10-30 15:16:40,53,58,7331,19612
2023-10-30 15:16:41,52,58,7331,19612
2023-10-30 15:16:43,53,58,7331,19612
2023-10-30 15:16:46,53,59,7331,19612
2023-10-30 15:16:46,55,59,7331,19612
2023-10-30 15:16:46,55,60,7331,19612
2023-10-30 15:16:47,55,61,7331,19612
2023-10-30 15:16:47,56,61,7331,19612
2023-10-30 15:16:48,55,61,7331,19612
2023-10-30 15:16:49,55,60,7331,19612
2023-10-30 15:16:50,55,61,7331,19612
2023-10-30 15:16:53,55,59,7331,19612
2023-10-30 15:17:00,55,61,7331,19612
2023-10-30 15:17:01,56,61,7331,19612
2023-10-30 15:17:04,57,61,7331,19612
2023-10-30 15:17:04,57,62,7331,19612
2023-10-30 15:17:06,58,62,7331,19612
2023-10-30 15:17:06,58,63,7331,19612
2023-10-30 15:17:10,60,63,7331,19612
2023-10-30 15:17:10,60,64,7331,19612
2023-10-30 15:17:23,58,64,7331,19612
2023-10-30 15:17:23,57,64,7331,19612
2023-10-30 15:17:23,57,62,7331,19612
2023-10-30 15:17:25,56,62,7331,19612
2023-10-30 15:17:26,58,62,7331,19612
2023-10-30 15:17:27,58,63,7331,19612
2023-10-30 15:17:28,58,62,7331,19612
2023-10-30 15:17:31,56,62,7331,19612
2023-10-30 15:17:31,56,61,7331,19612
2023-10-30 15:17:34,55,61,7331,19612
2023-10-30 15:17:34,55,59,7331,19612
2023-10-30 15:17:37,55,61,7331,19612
2023-10-30 15:17:38,56,61,7331,19612
2023-10-30 15:17:39,56,62,7331,19612
2023-10-30 15:17:40,57,62,7331,19612
2023-10-30 15:17:45,56,62,7331,19612
2023-10-30 15:17:46,57,62,7331,19612
2023-10-30 15:17:47,56,62,7331,19612
2023-10-30 15:17:48,56,61,7331,19612
2023-10-30 15:17:55,56,62,7331,19612
2023-10-30 15:17:55,57,62,7331,19612
2023-10-30 15:17:57,56,62,7331,19612
2023-10-30 15:17:57,56,61,7331,19612
2023-10-30 15:17:58,56,62,7331,19612
2023-10-30 15:17:59,57,62,7331,19612
2023-10-30 15:18:02,56,62,7331,19612
2023-10-30 15:18:03,56,60,7331,19612
2023-10-30 15:18:05,55,60,7331,19612
2023-10-30 15:18:06,56,60,7331,19612
2023-10-30 15:18:08,55,60,7331,19612
2023-10-30 15:18:11,56,60,7331,19612
2023-10-30 15:18:14,56,62,7331,19612
2023-10-30 15:18:16,56,61,7331,19612
2023-10-30 15:18:25,56,62,7331,19612
2023-10-30 15:18:25,57,62,7331,19612
2023-10-30 15:18:29,57,60,7331,19612
2023-10-30 15:18:29,56,60,7331,19612
2023-10-30 15:18:29,55,60,7331,19612
2023-10-30 15:18:30,54,60,7331,19612
2023-10-30 15:18:30,54,59,7331,19612
2023-10-30 15:18:30,53,58,7331,19612
2023-10-30 15:18:41,53,56,7331,19612
2023-10-30 15:18:42,52,56,7331,19612
2023-10-30 15:18:42,51,56,7331,19612
2023-10-30 15:18:56,51,58,7331,19612
2023-10-30 15:18:57,52,58,7331,19612
2023-10-30 15:19:03,51,58,7331,19612
2023-10-30 15:19:05,52,58,7331,19612
2023-10-30 15:19:06,52,59,7331,19612
2023-10-30 15:19:06,54,59,7331,19612
2023-10-30 15:19:07,52,59,7331,19612
2023-10-30 15:19:09,54,59,7331,19612
2023-10-30 15:19:12,54,60,7331,19612
2023-10-30 15:19:12,55,60,7331,19612
2023-10-30 15:19:14,57,60,7331,19612
2023-10-30 15:19:14,57,61,7331,19612
2023-10-30 15:19:15,58,61,7331,19612
2023-10-30 15:19:16,58,62,7331,19612
2023-10-30 15:19:17,57,62,7331,19612
2023-10-30 15:19:18,57,61,7331,19612
2023-10-30 15:19:20,55,61,7331,19612
2023-10-30 15:19:21,56,61,7331,19612
2023-10-30 15:19:28,58,61,7331,19612
2023-10-30 15:19:28,58,62,7331,19612
2023-10-30 15:19:32,56,62,7331,19612
2023-10-30 15:19:33,55,62,7331,19612
2023-10-30 15:19:33,54,58,7331,19612
2023-10-30 15:19:38,52,58,7331,19612
2023-10-30 15:19:39,53,57,7331,19612
2023-10-30 15:19:40,53,58,7331,19612
2023-10-30 15:19:42,53,57,7331,19612
2023-10-30 15:19:43,52,57,7331,19612
2023-10-30 15:19:52,52,55,7331,19612
2023-10-30 15:19:52,51,55,7331,19612
2023-10-30 15:19:53,51,57,7331,19612
2023-10-30 15:19:53,52,57,7331,19612
2023-10-30 15:19:57,51,57,7331,19612
2023-10-30 15:19:57,51,56,7331,19612
2023-10-30 15:19:58,51,57,7331,19612
2023-10-30 15:20:01,51,56,7331,19612
2023-10-30 15:20:03,52,56,7331,19612
2023-10-30 15:20:03,52,57,7331,19612
2023-10-30 15:20:04,51,57,7331,19612
2023-10-30 15:20:05,52,57,7331,19612
2023-10-30 15:20:06,52,58,7331,19612
2023-10-30 15:20:15,52,58,7331,19612
2023-10-30 15:20:17,52,57,7331,19612
2023-10-30 15:20:28,51,57,7331,19612
2023-10-30 15:20:29,51,56,7331,19612
2023-10-30 15:20:31,51,57,7331,19612
2023-10-30 15:20:32,51,56,7331,19612
2023-10-30 15:20:37,49,56,7331,19612
2023-10-30 15:20:37,49,54,7331,19612
2023-10-30 15:20:41,48,54,7331,19612
2023-10-30 15:20:41,48,52,7331,19612
2023-10-30 15:20:41,48,51,7331,19612
2023-10-30 15:20:41,47,51,7331,19612
2023-10-30 15:20:42,47,52,7331,19612
2023-10-30 15:20:43,46,52,7331,19612
2023-10-30 15:20:43,46,50,7331,19612
2023-10-30 15:20:43,45,50,7331,19612
2023-10-30 15:20:44,45,52,7331,19612
2023-10-30 15:20:44,46,52,7331,19612
2023-10-30 15:20:48,47,52,7331,19612
2023-10-30 15:20:49,47,53,7331,19612
2023-10-30 15:20:50,48,53,7331,19612
2023-10-30 15:20:50,48,54,7331,19612
2023-10-30 15:20:54,48,55,7331,19612
2023-10-30 15:20:54,50,55,7331,19612
2023-10-30 15:20:55,50,56,7331,19612
2023-10-30 15:21:01,52,56,7331,19612
2023-10-30 15:21:01,52,55,7331,19612
2023-10-30 15:21:04,52,57,7331,19612
2023-10-30 15:21:04,52,55,7331,19612
2023-10-30 15:21:06,50,55,7331,19612
2023-10-30 15:21:07,50,56,7331,19612
2023-10-30 15:21:07,50,55,7331,19612
2023-10-30 15:21:09,51,55,7331,19612
2023-10-30 15:21:15,52,55,7331,19612
2023-10-30 15:21:16,51,55,7331,19612
2023-10-30 15:21:17,51,57,7331,19612
2023-10-30 15:21:17,51,56,7331,19612
2023-10-30 15:21:21,53,56,7331,19612
2023-10-30 15:21:21,54,56,7331,19612
2023-10-30 15:21:21,54,59,7331,19612
2023-10-30 15:21:23,53,59,7331,19612
2023-10-30 15:21:24,54,59,7331,19612
2023-10-30 15:21:27,56,59,7331,19612
2023-10-30 15:21:27,56,60,7331,19612
2023-10-30 15:21:28,56,59,7331,19612
2023-10-30 15:21:28,54,59,7331,19612
2023-10-30 15:21:30,53,59,7331,19612
2023-10-30 15:21:32,53,58,7331,19612
2023-10-30 15:21:36,51,58,7331,19612
2023-10-30 15:21:39,53,58,7331,19612
2023-10-30 15:21:40,53,59,7331,19612
2023-10-30 15:21:41,53,58,7331,19612
2023-10-30 15:21:47,54,58,7331,19612
2023-10-30 15:21:47,54,59,7331,19612
2023-10-30 15:21:49,53,59,7331,19612
2023-10-30 15:21:56,53,58,7331,19612
2023-10-30 15:21:57,51,58,7331,19612
2023-10-30 15:21:58,52,58,7331,19612
2023-10-30 15:22:00,51,58,7331,19612
2023-10-30 15:22:01,52,58,7331,19612
2023-10-30 15:22:02,51,58,7331,19612
2023-10-30 15:22:03,52,58,7331,19612
2023-10-30 15:22:04,51,58,7331,19612
2023-10-30 15:22:05,52,58,7331,19612
2023-10-30 15:22:09,52,59,7331,19612
2023-10-30 15:22:09,54,59,7331,19612
2023-10-30 15:22:10,54,60,7331,19612
2023-10-30 15:22:11,55,60,7331,19612
2023-10-30 15:22:17,54,60,7331,19612
2023-10-30 15:22:19,55,60,7331,19612
2023-10-30 15:22:20,54,60,7331,19612
2023-10-30 15:22:20,54,59,7331,19612
2023-10-30 15:22:25,51,59,7331,19612
2023-10-30 15:22:25,51,57,7331,19612
2023-10-30 15:22:26,51,56,7331,19612
2023-10-30 15:22:29,51,57,7331,19612
2023-10-30 15:22:30,51,56,7331,19612
2023-10-30 15:22:32,50,56,7331,19612
2023-10-30 15:22:33,49,56,7331,19612
2023-10-30 15:22:33,49,54,7331,19612
2023-10-30 15:22:33,48,54,7331,19612
2023-10-30 15:22:45,48,56,7331,19612
2023-10-30 15:22:48,49,56,7331,19612
2023-10-30 15:22:48,49,54,7331,19612
2023-10-30 15:22:48,48,54,7331,19612
2023-10-30 15:22:52,47,54,7331,19612
2023-10-30 15:22:52,47,52,7331,19612
2023-10-30 15:22:52,48,52,7331,19612
2023-10-30 15:22:52,47,52,7331,19612
2023-10-30 15:23:03,47,51,7331,19612
2023-10-30 15:23:04,46,51,7331,19612
2023-10-30 15:23:09,45,51,7331,19612
2023-10-30 15:23:12,45,49,7331,19612
2023-10-30 15:23:18,44,49,7331,19612
2023-10-30 15:23:19,44,48,7331,19612
2023-10-30 15:23:21,44,49,7571,19852
2023-10-30 15:23:22,44,51,7571,19852
2023-10-30 15:23:22,45,51,7571,19852
2023-10-30 15:23:29,45,50,7571,19852
2023-10-30 15:23:33,44,50,7571,19852
2023-10-30 15:23:35,44,48,7571,19852
2023-10-30 15:23:36,44,47,7571,19852
2023-10-30 15:23:40,42,47,7571,19852
2023-10-30 15:23:41,41,47,7571,19852
2023-10-30 15:23:41,41,45,7571,19852
2023-10-30 15:23:43,41,44,7571,19852
2023-10-30 15:23:44,41,45,7571,19852
2023-10-30 15:23:48,40,45,7571,19852
2023-10-30 15:23:53,40,44,7571,19852
2023-10-30 15:23:53,39,44,7571,19852
2023-10-30 15:23:59,38,44,7571,19852
2023-10-30 15:24:02,38,45,7571,19852
2023-10-30 15:24:02,38,42,7571,19852
2023-10-30 15:24:04,38,44,7571,20052
2023-10-30 15:24:13,38,45,7571,20052
2023-10-30 15:24:16,38,44,7571,20052
2023-10-30 15:24:19,38,42,7571,20052
2023-10-30 15:24:20,38,44,7571,20052
2023-10-30 15:24:22,38,45,7571,20052
2023-10-30 15:24:22,38,42,7571,20052
2023-10-30 15:24:26,38,41,7571,20052
2023-10-30 15:24:26,37,41,7571,20052
2023-10-30 15:24:27,35,41,7571,20052
2023-10-30 15:24:29,36,41,7571,20052
2023-10-30 15:24:30,36,40,7571,20052
2023-10-30 15:24:31,36,41,7571,20052
2023-10-30 15:24:33,34,41,7571,20052
2023-10-30 15:24:34,34,39,7571,20052
2023-10-30 15:24:38,34,38,7571,20052
2023-10-30 15:24:39,34,39,7571,20052
2023-10-30 15:24:52,36,39,7571,20052
2023-10-30 15:24:58,34,39,7571,20052
2023-10-30 15:25:04,34,41,7571,20052
2023-10-30 15:25:04,35,41,7571,20052
2023-10-30 15:25:07,35,42,7571,20052
2023-10-30 15:25:08,35,41,7571,20052
2023-10-30 15:25:09,35,42,7571,20052
2023-10-30 15:25:11,36,42,7571,20052
2023-10-30 15:25:12,35,42,7571,20052
2023-10-30 15:25:12,35,41,7571,20052
2023-10-30 15:25:17,35,42,7571,20052
2023-10-30 15:25:17,37,42,7571,20052
2023-10-30 15:25:24,35,42,7571,20052
2023-10-30 15:25:25,35,41,7571,20052
2023-10-30 15:25:33,35,42,7571,20052
2023-10-30 15:25:36,36,42,7571,20052
2023-10-30 15:25:37,35,42,7571,20052
2023-10-30 15:25:38,36,42,7571,20052
2023-10-30 15:25:41,35,42,7571,20052
2023-10-30 15:25:41,38,42,7571,20052
2023-10-30 15:25:46,38,45,7571,20052
2023-10-30 15:25:46,40,45,7571,20052
2023-10-30 15:25:47,40,47,7571,20052
2023-10-30 15:25:48,40,45,7571,20052
2023-10-30 15:25:49,40,47,7571,20052
2023-10-30 15:25:49,41,47,7571,20052
2023-10-30 15:25:52,42,47,7571,20052
2023-10-30 15:25:52,42,48,7571,20052
2023-10-30 15:25:53,44,48,7571,20052
2023-10-30 15:25:53,46,48,7571,20052
2023-10-30 15:25:53,46,47,7571,20052
2023-10-30 15:25:53,46,49,7571,20052
2023-10-30 15:25:54,46,52,7571,20052
2023-10-30 15:25:54,46,51,7571,20052
2023-10-30 15:25:55,47,51,7571,20052
2023-10-30 15:25:56,47,52,7571,20052
2023-10-30 15:26:00,47,53,7571,20052
2023-10-30 15:26:03,46,53,7571,20052
2023-10-30 15:26:03,46,52,7571,20052
2023-10-30 15:26:04,46,51,7571,20052
2023-10-30 15:26:05,46,50,7571,20052
2023-10-30 15:26:08,46,51,7571,20052
2023-10-30 15:26:08,47,51,7571,20052
2023-10-30 15:26:09,47,54,7571,20052
2023-10-30 15:26:09,47,52,7571,20052
2023-10-30 15:26:14,49,52,7571,20052
2023-10-30 15:26:14,49,54,7571,20052
2023-10-30 15:26:15,51,54,7571,20052
2023-10-30 15:26:15,53,58,7571,20052
2023-10-30 15:26:18,55,58,7571,20052
2023-10-30 15:26:22,53,58,7571,20052
2023-10-30 15:26:22,51,57,7571,20052
2023-10-30 15:26:26,52,57,7571,20052
2023-10-30 15:26:27,52,58,7571,20052
2023-10-30 15:26:28,52,57,7571,20052
2023-10-30 15:26:29,51,57,7571,20052
2023-10-30 15:26:44,51,56,7571,20052
2023-10-30 15:26:45,49,56,7571,20052
2023-10-30 15:26:46,49,57,7571,20052
2023-10-30 15:26:46,49,54,7571,20052
2023-10-30 15:26:47,49,56,7571,20052
2023-10-30 15:26:47,50,56,7571,20052
2023-10-30 15:26:47,52,56,7571,20052
2023-10-30 15:26:47,52,57,7571,20052
2023-10-30 15:26:47,52,56,7571,20052
2023-10-30 15:26:47,52,57,7571,20052
2023-10-30 15:26:47,52,53,7571,20052
2023-10-30 15:26:47,52,57,7571,20052
2023-10-30 15:26:49,52,59,7571,20052
2023-10-30 15:26:50,54,59,7571,20052
2023-10-30 15:26:52,54,60,7571,20052
2023-10-30 15:26:55,54,59,7571,20052
2023-10-30 15:26:56,52,59,7571,20052
2023-10-30 15:26:57,52,58,7571,20052
2023-10-30 15:27:01,52,59,7571,20052
2023-10-30 15:27:01,53,59,7571,20052
2023-10-30 15:27:04,54,59,7571,20052
2023-10-30 15:27:05,54,60,7571,20052
2023-10-30 15:27:09,53,60,7571,20052
2023-10-30 15:27:10,53,59,7571,20052
2023-10-30 15:27:30,52,59,7571,20052
2023-10-30 15:27:31,54,59,7571,20052
2023-10-30 15:27:32,55,59,7571,20052
2023-10-30 15:27:32,55,60,7571,20052
2023-10-30 15:27:33,54,60,7571,20052
2023-10-30 15:27:35,54,59,7571,20052
2023-10-30 15:27:37,52,59,7571,20052
2023-10-30 15:27:37,52,58,7571,20052
2023-10-30 15:27:41,52,57,7571,20052
2023-10-30 15:27:42,53,57,7571,20052
2023-10-30 15:27:42,53,59,7571,20052
2023-10-30 15:27:42,53,58,7571,20052
2023-10-30 15:27:44,52,58,7571,20052
2023-10-30 15:27:45,53,58,7571,20052
2023-10-30 15:27:46,53,59,7571,20052
2023-10-30 15:27:53,53,60,7571,20052
2023-10-30 15:27:53,54,60,7571,20052
2023-10-30 15:27:58,53,60,7571,20052
2023-10-30 15:28:02,56,62,7571,20052
2023-10-30 15:28:06,57,62,7571,20052
2023-10-30 15:28:08,58,62,7571,20052
2023-10-30 15:28:09,58,64,7571,20052
2023-10-30 15:28:10,57,64,7571,20052
2023-10-30 15:28:10,60,64,7571,20052
2023-10-30 15:28:12,60,63,7571,20052
2023-10-30 15:28:13,60,66,7571,20052
2023-10-30 15:28:13,60,64,7571,20052
2023-10-30 15:28:16,57,64,7571,20052
2023-10-30 15:28:16,57,63,7571,20052
2023-10-30 15:28:18,56,63,7571,20052
2023-10-30 15:28:18,56,61,7571,20052
2023-10-30 15:28:21,56,60,7571,20052
2023-10-30 15:28:21,53,60,7571,20252
2023-10-30 15:28:22,53,58,7571,20252
2023-10-30 15:28:23,52,58,7571,20252
2023-10-30 15:28:24,50,56,7571,20252
2023-10-30 15:28:27,51,56,7571,20252
2023-10-30 15:28:35,50,56,7571,20252
2023-10-30 15:28:35,50,55,7571,20252
2023-10-30 15:28:37,49,55,7571,20252
2023-10-30 15:28:37,49,53,7571,20252
2023-10-30 15:28:37,48,53,7571,20252
2023-10-30 15:28:38,47,53,7571,20252
2023-10-30 15:28:43,48,53,7571,20252
2023-10-30 15:28:45,47,53,7571,20252
2023-10-30 15:28:53,47,52,7571,20252
2023-10-30 15:29:02,47,53,7571,20252
2023-10-30 15:29:03,47,52,7571,20252
