datetime,bid,ask,open_interest,volume
2023-10-30 09:30:01,8,20,716,741
2023-10-30 09:30:01,1,20,716,741
2023-10-30 09:30:01,1,83,716,741
2023-10-30 09:30:14,1,99,716,741
2023-10-30 09:30:33,1,98,716,741
2023-10-30 09:30:33,1,97,716,741
2023-10-30 09:30:53,1,98,716,741
2023-10-30 09:31:00,1,15,716,741
2023-10-30 09:31:00,12,15,716,741
2023-10-30 09:31:00,13,15,716,741
2023-10-30 09:31:32,13,15,836,861
2023-10-30 09:31:33,13,17,836,861
2023-10-30 09:31:36,13,16,836,861
2023-10-30 09:31:37,13,17,836,861
2023-10-30 09:31:41,13,16,836,861
2023-10-30 09:31:43,13,17,836,861
2023-10-30 09:31:43,13,16,836,861
2023-10-30 09:31:55,13,17,836,861
2023-10-30 09:31:59,13,16,836,861
2023-10-30 09:32:00,13,17,836,861
2023-10-30 09:32:01,13,16,836,861
2023-10-30 09:32:03,13,17,836,861
2023-10-30 09:32:07,13,16,836,861
2023-10-30 09:32:08,13,17,836,861
2023-10-30 09:32:14,15,17,836,861
2023-10-30 09:32:30,15,17,896,921
2023-10-30 09:32:32,15,18,896,921
2023-10-30 09:32:44,15,18,1016,1041
2023-10-30 09:32:45,16,18,1016,1041
2023-10-30 09:32:54,16,18,1076,1101
2023-10-30 09:33:14,17,18,1076,1101
2023-10-30 09:33:14,17,19,1076,1101
2023-10-30 09:33:14,17,19,1016,1161
2023-10-30 09:33:15,16,19,1016,1161
2023-10-30 09:33:15,16,19,1076,1221
2023-10-30 09:33:16,16,18,1076,1221
2023-10-30 09:33:17,16,19,1276,1421
2023-10-30 09:33:19,16,18,1276,1421
2023-10-30 09:33:20,16,19,1276,1421
2023-10-30 09:33:21,16,18,1276,1421
2023-10-30 09:33:22,16,18,1036,1661
2023-10-30 09:33:43,16,19,1036,1661
2023-10-30 09:33:48,16,19,1216,1841
2023-10-30 09:33:49,17,19,1216,1841
2023-10-30 09:33:52,16,19,1216,1841
2023-10-30 09:33:57,17,19,1216,1841
2023-10-30 09:33:58,16,19,1216,1841
2023-10-30 09:34:01,17,19,1216,1841
2023-10-30 09:34:09,16,19,1216,1841
2023-10-30 09:34:10,17,19,1216,1841
2023-10-30 09:34:19,17,19,1276,1901
2023-10-30 09:35:10,16,19,1276,1901
2023-10-30 09:35:13,17,19,1276,1901
2023-10-30 09:35:15,16,19,1276,1901
2023-10-30 09:35:19,16,18,1276,1901
2023-10-30 09:35:31,16,19,1276,1901
2023-10-30 09:35:32,16,18,1276,1901
2023-10-30 09:35:35,16,19,1276,1901
2023-10-30 09:35:41,16,18,1276,1901
2023-10-30 09:35:43,17,18,1276,1901
2023-10-30 09:35:43,17,18,1256,1921
2023-10-30 09:35:43,17,19,1256,1921
2023-10-30 09:35:49,16,19,1256,1921
2023-10-30 09:35:51,16,18,1256,1921
2023-10-30 09:35:51,16,18,1316,1981
2023-10-30 09:35:53,16,19,1316,1981
2023-10-30 09:35:56,16,18,1316,1981
2023-10-30 09:36:05,16,19,1316,1981
2023-10-30 09:36:08,16,18,1316,1981
2023-10-30 09:36:09,17,18,1316,1981
2023-10-30 09:36:09,17,19,1316,1981
2023-10-30 09:36:14,16,19,1316,1981
2023-10-30 09:36:17,16,18,1316,1981
2023-10-30 09:36:18,16,19,1316,1981
2023-10-30 09:36:19,16,18,1316,1981
2023-10-30 09:36:20,16,19,1316,1981
2023-10-30 09:36:21,16,18,1316,1981
2023-10-30 09:36:22,16,19,1316,1981
2023-10-30 09:36:24,17,19,1316,1981
2023-10-30 09:36:24,17,19,1119,2178
2023-10-30 09:36:25,16,19,1119,2178
2023-10-30 09:36:30,17,19,1119,2178
2023-10-30 09:36:31,16,19,1119,2178
2023-10-30 09:36:46,17,19,1119,2178
2023-10-30 09:36:47,16,19,1119,2178
2023-10-30 09:36:48,17,19,1119,2178
2023-10-30 09:36:50,16,19,1119,2178
2023-10-30 09:36:51,17,19,1119,2178
2023-10-30 09:36:54,16,19,1119,2178
2023-10-30 09:37:00,17,19,1119,2178
2023-10-30 09:37:06,17,19,1169,2228
2023-10-30 09:37:21,18,19,1169,2228
2023-10-30 09:37:37,18,20,1169,2228
2023-10-30 09:38:08,19,20,1169,2228
2023-10-30 09:38:15,19,21,1169,2228
2023-10-30 09:38:19,20,21,1169,2228
2023-10-30 09:38:30,21,22,1549,2608
2023-10-30 09:38:33,20,22,1549,2728
2023-10-30 09:40:21,20,21,1549,2728
2023-10-30 09:40:23,20,21,1549,2743
2023-10-30 09:40:29,20,21,1549,2758
2023-10-30 09:40:31,19,21,1549,2768
2023-10-30 09:40:56,19,21,1535,2782
2023-10-30 09:41:48,19,20,1535,2782
2023-10-30 09:41:48,19,21,1535,2782
2023-10-30 09:42:27,19,22,1535,2782
2023-10-30 09:42:27,20,22,1535,2782
2023-10-30 09:43:07,19,22,1535,2782
2023-10-30 09:43:34,20,21,1535,2782
2023-10-30 09:43:35,20,22,1535,2782
2023-10-30 09:43:44,19,22,1535,2782
2023-10-30 09:43:45,20,22,1535,2782
2023-10-30 09:44:27,19,22,1535,2782
2023-10-30 09:44:35,19,21,1535,2782
2023-10-30 09:44:36,19,22,1535,2782
2023-10-30 09:44:46,19,21,1535,2782
2023-10-30 09:44:51,19,22,1535,2782
2023-10-30 09:44:52,19,21,1535,2782
2023-10-30 09:44:53,19,22,1535,2782
2023-10-30 09:44:58,20,22,1535,2782
2023-10-30 09:45:37,21,22,1535,2782
2023-10-30 09:45:59,21,23,1535,2782
2023-10-30 09:47:07,22,23,1535,2782
2023-10-30 09:47:09,21,23,1535,2782
2023-10-30 09:47:09,22,23,1535,2782
2023-10-30 09:47:39,22,24,1535,2782
2023-10-30 09:50:07,23,24,1535,2782
2023-10-30 09:50:09,22,24,1535,2782
2023-10-30 09:50:09,23,24,1535,2782
2023-10-30 09:51:10,23,25,1735,2982
2023-10-30 09:52:06,22,25,1735,2982
2023-10-30 09:52:07,22,24,1735,2982
2023-10-30 09:52:15,22,25,1735,2982
2023-10-30 09:52:17,22,24,1735,2982
2023-10-30 09:52:26,21,24,1735,2982
2023-10-30 09:52:26,21,23,1735,2982
2023-10-30 09:54:01,22,23,1735,2982
2023-10-30 09:54:35,22,24,1735,2982
2023-10-30 09:55:58,22,25,1735,2982
2023-10-30 09:56:10,22,24,1735,2982
2023-10-30 09:56:30,22,25,1735,2982
2023-10-30 09:56:32,23,25,1735,2982
2023-10-30 09:57:12,23,25,1750,2997
2023-10-30 09:57:55,22,25,1750,2997
2023-10-30 09:57:55,22,24,1750,2997
2023-10-30 09:57:56,22,25,1750,2997
2023-10-30 09:58:15,22,24,1750,2997
2023-10-30 09:58:54,21,24,1750,2997
2023-10-30 09:58:56,22,24,1750,2997
2023-10-30 09:58:58,21,24,1750,2997
2023-10-30 09:59:02,21,23,1750,2997
2023-10-30 09:59:21,21,22,1750,2997
2023-10-30 09:59:24,21,23,1750,2997
2023-10-30 09:59:25,21,22,1750,2997
2023-10-30 09:59:27,21,23,1750,2997
2023-10-30 10:00:01,22,23,1750,2997
2023-10-30 10:00:10,21,23,1750,2997
2023-10-30 10:00:29,22,23,1750,2997
2023-10-30 10:00:33,21,23,1750,2997
2023-10-30 10:00:53,20,23,1750,2997
2023-10-30 10:00:53,20,22,1750,2997
2023-10-30 10:01:07,21,22,1750,2997
2023-10-30 10:01:11,20,22,1750,2997
2023-10-30 10:01:15,21,22,1750,2997
2023-10-30 10:01:16,20,22,1750,2997
2023-10-30 10:01:18,21,22,1750,2997
2023-10-30 10:01:23,21,22,1851,3098
2023-10-30 10:01:27,21,23,1851,3098
2023-10-30 10:01:34,21,22,1851,3098
2023-10-30 10:01:35,20,22,1851,3098
2023-10-30 10:01:38,20,23,1851,3098
2023-10-30 10:01:38,20,22,1851,3098
2023-10-30 10:01:48,21,22,1851,3098
2023-10-30 10:01:49,21,23,1851,3098
2023-10-30 10:01:58,20,23,1851,3098
2023-10-30 10:01:59,21,23,1851,3098
2023-10-30 10:02:00,20,23,1851,3098
2023-10-30 10:02:00,20,22,1851,3098
2023-10-30 10:02:29,20,21,1851,3098
2023-10-30 10:02:32,19,20,1876,3123
2023-10-30 10:02:36,19,20,1776,3223
2023-10-30 10:02:41,19,20,1716,3283
2023-10-30 10:02:48,18,19,1676,3323
2023-10-30 10:02:49,18,20,1676,3323
2023-10-30 10:03:01,19,20,1676,3323
2023-10-30 10:03:02,19,21,1676,3383
2023-10-30 10:03:26,19,20,1676,3383
2023-10-30 10:03:26,19,21,1676,3383
2023-10-30 10:03:27,19,20,1676,3383
2023-10-30 10:03:31,18,20,1676,3383
2023-10-30 10:03:57,18,19,1676,3383
2023-10-30 10:03:58,18,20,1676,3383
2023-10-30 10:03:58,18,19,1676,3383
2023-10-30 10:04:03,18,19,1426,3633
2023-10-30 10:04:04,18,19,1415,3644
2023-10-30 10:04:05,18,19,1404,3655
2023-10-30 10:04:07,18,19,1388,3671
2023-10-30 10:04:08,18,19,1375,3684
2023-10-30 10:04:10,18,19,1364,3695
2023-10-30 10:04:12,18,19,1346,3713
2023-10-30 10:04:14,18,19,1331,3728
2023-10-30 10:04:16,18,19,1315,3744
2023-10-30 10:04:17,18,19,1303,3756
2023-10-30 10:05:03,17,19,1276,3783
2023-10-30 10:05:05,17,18,1276,3783
2023-10-30 10:05:14,17,19,1276,3783
2023-10-30 10:05:15,17,18,1276,3783
2023-10-30 10:05:46,17,19,1276,3783
2023-10-30 10:05:47,17,18,1276,3783
2023-10-30 10:05:48,17,19,1276,3783
2023-10-30 10:05:51,17,18,1276,3783
2023-10-30 10:06:12,17,19,1276,3783
2023-10-30 10:06:13,17,18,1276,3783
2023-10-30 10:06:14,17,19,1276,3783
2023-10-30 10:06:15,17,18,1276,3783
2023-10-30 10:06:27,17,19,1276,3783
2023-10-30 10:06:28,17,18,1276,3783
2023-10-30 10:06:29,17,19,1276,3783
2023-10-30 10:07:12,18,19,1276,3783
2023-10-30 10:07:12,18,20,1276,3783
2023-10-30 10:08:41,18,21,1276,3783
2023-10-30 10:08:41,19,21,1276,3783
2023-10-30 10:09:45,19,20,1276,3783
2023-10-30 10:09:50,18,21,1276,3783
2023-10-30 10:09:53,19,21,1276,3783
2023-10-30 10:10:40,18,21,1276,3783
2023-10-30 10:10:45,18,20,1276,3783
2023-10-30 10:10:47,17,20,1276,3783
2023-10-30 10:10:53,17,19,1276,3783
2023-10-30 10:11:16,17,18,1276,3783
2023-10-30 10:11:18,17,19,1276,3783
2023-10-30 10:11:21,17,18,1276,3783
2023-10-30 10:11:57,16,18,1276,3783
2023-10-30 10:11:57,16,17,1276,3783
2023-10-30 10:12:40,16,17,1110,3983
2023-10-30 10:12:50,16,17,1110,4103
2023-10-30 10:13:00,16,18,1110,4103
2023-10-30 10:13:25,16,17,1110,4103
2023-10-30 10:13:52,15,17,1030,4603
2023-10-30 10:13:52,15,16,1030,4603
2023-10-30 10:14:31,14,16,1030,4603
2023-10-30 10:14:31,14,15,1030,4603
2023-10-30 10:15:50,14,15,1030,4619
2023-10-30 10:15:51,14,15,1030,4631
2023-10-30 10:15:53,14,15,1030,4641
2023-10-30 10:15:55,14,15,1030,4655
2023-10-30 10:15:57,14,15,1030,4667
2023-10-30 10:15:59,14,15,1030,4682
2023-10-30 10:16:01,14,15,1030,4692
2023-10-30 10:16:02,13,15,1030,4692
2023-10-30 10:16:02,13,14,1030,4692
2023-10-30 10:16:34,13,14,1030,4942
2023-10-30 10:16:38,13,15,1030,5112
2023-10-30 10:16:42,14,15,1030,5112
2023-10-30 10:16:43,13,15,1030,5112
2023-10-30 10:17:18,13,14,1030,5112
2023-10-30 10:17:19,12,14,1030,5112
2023-10-30 10:17:20,12,13,1030,5112
2023-10-30 10:17:20,11,13,1030,5112
2023-10-30 10:17:23,11,12,1030,5112
2023-10-30 10:18:00,11,13,1030,5112
2023-10-30 10:18:00,11,12,1030,5112
2023-10-30 10:18:01,11,13,1030,5112
2023-10-30 10:18:12,11,12,1030,5112
2023-10-30 10:18:34,11,12,1019,5132
2023-10-30 10:18:35,9,12,1019,5132
2023-10-30 10:18:35,9,11,1019,5132
2023-10-30 10:18:44,9,11,1020,5133
2023-10-30 10:18:44,9,10,1020,5133
2023-10-30 10:19:06,10,11,1020,5134
2023-10-30 10:19:08,10,12,1020,5134
2023-10-30 10:19:09,10,11,1020,5134
2023-10-30 10:19:22,10,12,1020,5134
2023-10-30 10:19:22,10,11,1020,5134
2023-10-30 10:19:32,10,12,1020,5134
2023-10-30 10:19:35,10,11,1020,5134
2023-10-30 10:19:35,10,12,1020,5134
2023-10-30 10:19:35,10,11,1020,5134
2023-10-30 10:19:41,10,12,1020,5134
2023-10-30 10:20:18,10,11,1020,5134
2023-10-30 10:20:23,9,11,1020,5134
2023-10-30 10:20:25,10,11,1020,5134
2023-10-30 10:20:30,9,11,1020,5134
2023-10-30 10:20:44,10,11,1020,5134
2023-10-30 10:21:04,9,11,1020,5134
2023-10-30 10:21:05,10,11,1020,5134
2023-10-30 10:21:06,9,11,1020,5134
2023-10-30 10:21:07,10,11,1020,5134
2023-10-30 10:21:12,9,11,1020,5134
2023-10-30 10:21:29,9,10,1020,5134
2023-10-30 10:21:29,9,11,1020,5134
2023-10-30 10:21:30,9,10,1020,5134
2023-10-30 10:21:35,9,11,1020,5134
2023-10-30 10:21:46,9,10,1020,5134
2023-10-30 10:21:50,9,11,1020,5134
2023-10-30 10:21:50,9,10,1020,5134
2023-10-30 10:21:53,9,11,1020,5134
2023-10-30 10:21:54,9,10,1020,5134
2023-10-30 10:21:56,9,11,1020,5134
2023-10-30 10:22:02,9,10,1020,5134
2023-10-30 10:22:02,9,11,1020,5134
2023-10-30 10:22:03,9,10,1020,5134
2023-10-30 10:22:04,9,11,1020,5134
2023-10-30 10:22:15,9,10,1020,5134
2023-10-30 10:22:17,9,11,1020,5134
2023-10-30 10:22:27,9,10,1020,5134
2023-10-30 10:22:43,9,11,1020,5134
2023-10-30 10:23:00,9,10,1020,5134
2023-10-30 10:23:00,9,11,1020,5134
2023-10-30 10:23:09,9,10,1020,5134
2023-10-30 10:23:09,9,11,1020,5134
2023-10-30 10:23:10,9,10,1020,5134
2023-10-30 10:23:12,9,11,1020,5134
2023-10-30 10:23:13,9,10,1020,5134
2023-10-30 10:23:18,9,11,1020,5134
2023-10-30 10:23:22,9,10,1020,5134
2023-10-30 10:23:23,9,11,1020,5134
2023-10-30 10:23:23,9,10,1020,5134
2023-10-30 10:23:27,9,11,1020,5134
2023-10-30 10:23:28,9,10,1020,5134
2023-10-30 10:23:39,9,11,1020,5134
2023-10-30 10:23:40,9,10,1020,5134
2023-10-30 10:23:47,9,11,1020,5134
2023-10-30 10:24:28,10,11,1020,5134
2023-10-30 10:24:28,10,11,1064,5178
2023-10-30 10:24:36,9,11,1064,5178
2023-10-30 10:25:17,9,10,1064,5178
2023-10-30 10:25:23,9,11,1064,5178
2023-10-30 10:25:23,9,10,1064,5178
2023-10-30 10:25:35,9,11,1064,5178
2023-10-30 10:26:02,9,10,1064,5178
2023-10-30 10:26:04,9,11,1064,5178
2023-10-30 10:26:17,9,10,1064,5178
2023-10-30 10:26:18,9,11,1064,5178
2023-10-30 10:26:26,9,10,1064,5178
2023-10-30 10:27:19,9,10,1064,5279
2023-10-30 10:27:22,8,10,1064,5279
2023-10-30 10:27:43,9,10,1064,5279
2023-10-30 10:27:43,9,10,1084,5299
2023-10-30 10:28:10,8,10,1084,5299
2023-10-30 10:28:18,8,9,1084,5299
2023-10-30 10:28:19,8,10,1084,5299
2023-10-30 10:28:47,8,9,1084,5299
2023-10-30 10:29:08,8,9,1104,5319
2023-10-30 10:29:14,8,10,1104,5319
2023-10-30 10:29:14,8,9,1104,5319
2023-10-30 10:29:15,8,10,1104,5319
2023-10-30 10:30:17,8,9,1104,5319
2023-10-30 10:30:17,8,10,1104,5319
2023-10-30 10:30:19,8,9,1104,5319
2023-10-30 10:30:51,8,10,1104,5319
2023-10-30 10:30:57,8,9,1104,5319
2023-10-30 10:31:42,7,9,1104,5319
2023-10-30 10:31:42,7,8,1104,5319
2023-10-30 10:31:43,7,9,1104,5319
2023-10-30 10:32:27,8,9,1104,5319
2023-10-30 10:32:27,8,10,1104,5319
2023-10-30 10:32:31,8,9,1104,5319
2023-10-30 10:32:32,8,10,1104,5319
2023-10-30 10:32:32,8,9,1104,5319
2023-10-30 10:32:37,8,10,1104,5319
2023-10-30 10:32:51,8,9,1104,5319
2023-10-30 10:32:52,7,9,1104,5319
2023-10-30 10:32:58,8,9,1104,5319
2023-10-30 10:32:59,7,9,1104,5319
2023-10-30 10:33:04,7,10,1104,5319
2023-10-30 10:33:04,7,9,1104,5319
2023-10-30 10:33:05,8,9,1104,5319
2023-10-30 10:33:06,7,9,1104,5319
2023-10-30 10:33:28,8,9,1104,5319
2023-10-30 10:33:32,7,9,1104,5319
2023-10-30 10:33:41,7,10,1104,5319
2023-10-30 10:33:42,7,9,1104,5319
2023-10-30 10:34:01,8,9,1104,5319
2023-10-30 10:34:16,7,9,1104,5319
2023-10-30 10:34:17,8,9,1104,5319
2023-10-30 10:34:33,7,9,1104,5319
2023-10-30 10:34:34,8,9,1104,5319
2023-10-30 10:34:35,8,10,1104,5319
2023-10-30 10:34:35,8,9,1104,5319
2023-10-30 10:34:37,8,10,1104,5319
2023-10-30 10:34:38,8,9,1104,5319
2023-10-30 10:34:40,8,10,1104,5319
2023-10-30 10:34:58,8,9,1104,5319
2023-10-30 10:35:01,8,10,1104,5319
2023-10-30 10:35:02,8,9,1104,5319
2023-10-30 10:35:03,7,9,1104,5319
2023-10-30 10:35:19,8,9,1104,5319
2023-10-30 10:35:34,8,10,1104,5319
2023-10-30 10:37:32,8,9,1104,5319
2023-10-30 10:37:39,8,10,1104,5319
2023-10-30 10:37:47,8,9,1104,5319
2023-10-30 10:37:47,8,10,1104,5319
2023-10-30 10:37:48,7,10,1104,5319
2023-10-30 10:37:48,7,9,1104,5319
2023-10-30 10:38:02,7,8,1104,5319
2023-10-30 10:38:03,7,10,1044,5379
2023-10-30 10:38:03,7,9,1044,5379
2023-10-30 10:39:07,8,9,1044,5379
2023-10-30 10:39:10,7,9,1044,5379
2023-10-30 10:39:12,8,9,1044,5379
2023-10-30 10:39:15,7,9,1044,5379
2023-10-30 10:39:53,7,8,1044,5379
2023-10-30 10:39:56,7,9,1044,5379
2023-10-30 10:39:57,7,8,1044,5379
2023-10-30 10:39:59,7,9,1044,5379
2023-10-30 10:40:22,7,8,1044,5379
2023-10-30 10:40:25,7,9,1044,5379
2023-10-30 10:41:07,8,9,1044,5379
2023-10-30 10:41:09,7,9,1044,5379
2023-10-30 10:41:09,8,9,1044,5379
2023-10-30 10:41:17,7,9,1044,5379
2023-10-30 10:41:20,8,9,1044,5379
2023-10-30 10:41:29,8,10,1266,5661
2023-10-30 10:41:38,8,9,1266,5661
2023-10-30 10:41:39,8,10,1266,5661
2023-10-30 10:42:25,8,9,1266,5661
2023-10-30 10:42:26,7,9,1266,5661
2023-10-30 10:42:27,8,9,1266,5661
2023-10-30 10:42:28,7,9,1266,5661
2023-10-30 10:42:45,7,10,1266,5661
2023-10-30 10:42:45,7,9,1266,5661
2023-10-30 10:42:45,7,10,1266,5661
2023-10-30 10:42:46,7,9,1266,5661
2023-10-30 10:43:17,7,8,1266,5661
2023-10-30 10:43:18,7,9,1266,5661
2023-10-30 10:43:28,7,8,1266,5661
2023-10-30 10:43:29,7,9,1266,5661
2023-10-30 10:43:30,7,8,1266,5661
2023-10-30 10:43:31,7,9,1266,5661
2023-10-30 10:43:32,7,8,1266,5661
2023-10-30 10:44:52,6,8,1266,5661
2023-10-30 10:44:56,6,7,1266,5661
2023-10-30 10:45:06,6,8,1266,5661
2023-10-30 10:45:10,6,7,1266,5661
2023-10-30 10:45:20,6,8,1266,5661
2023-10-30 10:45:35,6,7,1266,5661
2023-10-30 10:45:36,6,8,1266,5661
2023-10-30 10:45:37,7,8,1266,5661
2023-10-30 10:45:37,7,8,1266,5741
2023-10-30 10:45:38,7,9,1266,5741
2023-10-30 10:45:38,7,8,1266,5741
2023-10-30 10:45:39,7,10,1266,5741
2023-10-30 10:45:41,8,10,1266,5741
2023-10-30 10:45:41,8,9,1266,5741
2023-10-30 10:45:42,8,10,1266,5741
2023-10-30 10:45:44,8,9,1266,5741
2023-10-30 10:45:47,8,10,1266,5741
2023-10-30 10:45:51,8,9,1266,5741
2023-10-30 10:46:03,8,10,1266,5741
2023-10-30 10:46:03,8,9,1266,5741
2023-10-30 10:46:04,8,10,1266,5741
2023-10-30 10:46:11,8,9,1266,5741
2023-10-30 10:46:17,8,10,1266,5741
2023-10-30 10:46:22,8,9,1266,5741
2023-10-30 10:46:23,8,10,1266,5741
2023-10-30 10:46:26,8,9,1266,5741
2023-10-30 10:46:28,8,10,1266,5741
2023-10-30 10:46:33,8,9,1266,5741
2023-10-30 10:46:34,8,10,1266,5741
2023-10-30 10:46:35,8,9,1266,5741
2023-10-30 10:46:39,8,10,1266,5741
2023-10-30 10:46:43,8,9,1266,5741
2023-10-30 10:46:47,8,10,1266,5741
2023-10-30 10:46:49,8,9,1266,5741
2023-10-30 10:46:56,8,10,1266,5741
2023-10-30 10:46:57,8,9,1266,5741
2023-10-30 10:46:58,8,10,1266,5741
2023-10-30 10:47:05,8,9,1266,5741
2023-10-30 10:47:08,7,9,1266,5741
2023-10-30 10:47:14,7,10,1266,5741
2023-10-30 10:47:14,7,9,1266,5741
2023-10-30 10:47:23,7,10,1266,5741
2023-10-30 10:47:23,7,9,1266,5741
2023-10-30 10:47:34,7,10,1266,5741
2023-10-30 10:47:43,8,10,1266,5741
2023-10-30 10:48:19,7,10,1266,5741
2023-10-30 10:48:23,7,9,1266,5741
2023-10-30 10:48:45,7,10,1266,5741
2023-10-30 10:48:52,7,9,1266,5741
2023-10-30 10:48:57,7,10,1266,5741
2023-10-30 10:49:15,8,10,1266,5741
2023-10-30 10:49:17,7,10,1266,5741
2023-10-30 10:49:56,7,9,1266,5741
2023-10-30 10:49:59,7,10,1266,5741
2023-10-30 10:50:00,7,9,1266,5741
2023-10-30 10:50:03,7,10,1266,5741
2023-10-30 10:50:04,7,9,1266,5741
2023-10-30 10:50:05,7,10,1266,5741
2023-10-30 10:50:45,7,9,1266,5741
2023-10-30 10:51:00,8,9,1266,5741
2023-10-30 10:51:01,7,9,1266,5741
2023-10-30 10:51:02,8,9,1266,5741
2023-10-30 10:51:05,7,9,1266,5741
2023-10-30 10:51:20,8,9,1266,5741
2023-10-30 10:51:26,7,9,1266,5741
2023-10-30 10:51:26,8,9,1266,5741
2023-10-30 10:51:33,8,10,1266,5741
2023-10-30 10:51:44,9,10,1266,5741
2023-10-30 10:51:45,9,11,1266,5741
2023-10-30 10:51:53,10,11,1266,5741
2023-10-30 10:52:26,9,11,1266,5741
2023-10-30 10:52:42,9,12,1266,5741
2023-10-30 10:52:42,10,12,1266,5741
2023-10-30 10:52:57,9,12,1266,5741
2023-10-30 10:53:01,9,11,1266,5741
2023-10-30 10:53:08,9,12,1266,5741
2023-10-30 10:53:08,9,11,1266,5741
2023-10-30 10:53:18,9,12,1266,5741
2023-10-30 10:53:20,10,12,1266,5741
2023-10-30 10:54:10,9,12,1266,5741
2023-10-30 10:54:12,10,12,1266,5741
2023-10-30 10:54:55,9,12,1266,5741
2023-10-30 10:55:02,9,11,1266,5741
2023-10-30 10:55:17,9,10,1266,5741
2023-10-30 10:55:18,9,11,1266,5741
2023-10-30 10:55:22,9,10,1266,5741
2023-10-30 10:55:26,9,11,1266,5741
2023-10-30 10:55:44,9,10,1266,5741
2023-10-30 10:56:20,8,10,1266,5741
2023-10-30 10:56:54,8,9,1266,5741
2023-10-30 11:00:01,8,10,1266,5741
2023-10-30 11:00:01,8,9,1266,5741
2023-10-30 11:00:03,8,10,1266,5741
2023-10-30 11:00:25,9,10,1266,5741
2023-10-30 11:00:30,9,11,1266,5741
2023-10-30 11:00:37,9,10,1266,5741
2023-10-30 11:00:38,9,11,1266,5741
2023-10-30 11:00:55,9,12,1266,5741
2023-10-30 11:00:55,9,11,1266,5741
2023-10-30 11:00:58,10,11,1266,5741
2023-10-30 11:01:20,10,12,1266,5741
2023-10-30 11:02:23,11,12,1266,5741
2023-10-30 11:02:24,10,12,1266,5741
2023-10-30 11:02:25,11,12,1266,5741
2023-10-30 11:02:46,11,13,1266,5741
2023-10-30 11:03:34,12,13,1266,5741
2023-10-30 11:03:35,11,13,1266,5741
2023-10-30 11:03:37,12,13,1266,5741
2023-10-30 11:04:01,11,13,1266,5741
2023-10-30 11:04:05,12,13,1266,5741
2023-10-30 11:04:10,11,13,1266,5741
2023-10-30 11:05:29,12,13,1266,5741
2023-10-30 11:05:31,11,13,1266,5741
2023-10-30 11:05:34,12,13,1266,5741
2023-10-30 11:05:35,11,13,1266,5741
2023-10-30 11:05:36,12,13,1266,5741
2023-10-30 11:05:45,11,13,1266,5741
2023-10-30 11:05:45,12,13,1266,5741
2023-10-30 11:07:02,12,14,1266,5741
2023-10-30 11:07:17,13,14,1266,5741
2023-10-30 11:07:28,12,14,1266,5741
2023-10-30 11:07:42,12,14,1271,5746
2023-10-30 11:07:46,13,14,1271,5746
2023-10-30 11:07:48,12,14,1271,5746
2023-10-30 11:07:48,13,14,1271,5746
2023-10-30 11:07:53,12,14,1271,5746
2023-10-30 11:08:06,13,14,1271,5746
2023-10-30 11:08:09,12,14,1271,5746
2023-10-30 11:08:10,13,14,1271,5746
2023-10-30 11:08:11,12,14,1271,5746
2023-10-30 11:09:06,12,13,1271,5746
2023-10-30 11:09:07,11,13,1271,5746
2023-10-30 11:09:21,12,13,1271,5746
2023-10-30 11:09:23,12,14,1271,5746
2023-10-30 11:09:27,11,14,1271,5746
2023-10-30 11:09:31,12,14,1271,5746
2023-10-30 11:09:32,12,13,1271,5746
2023-10-30 11:09:32,11,13,1271,5746
2023-10-30 11:09:58,12,13,1271,5746
2023-10-30 11:10:14,11,13,1271,5746
2023-10-30 11:10:14,12,13,1271,5746
2023-10-30 11:10:29,12,14,1271,5746
2023-10-30 11:10:34,13,14,1271,5746
2023-10-30 11:10:34,12,14,1271,5746
2023-10-30 11:10:35,13,14,1271,5746
2023-10-30 11:10:42,13,15,1271,5746
2023-10-30 11:11:50,12,15,1271,5746
2023-10-30 11:11:57,12,14,1271,5746
2023-10-30 11:12:21,11,14,1271,5746
2023-10-30 11:12:25,12,14,1271,5746
2023-10-30 11:12:37,11,14,1271,5746
2023-10-30 11:12:39,12,14,1271,5746
2023-10-30 11:12:51,11,14,1271,5746
2023-10-30 11:13:06,11,13,1271,5746
2023-10-30 11:13:09,11,14,1271,5746
2023-10-30 11:13:21,12,14,1271,5746
2023-10-30 11:13:24,11,14,1271,5746
2023-10-30 11:13:28,12,14,1271,5746
2023-10-30 11:13:40,11,14,1271,5746
2023-10-30 11:13:55,11,13,1271,5746
2023-10-30 11:14:45,11,12,1271,5746
2023-10-30 11:15:05,10,12,1271,5746
2023-10-30 11:15:11,10,11,1271,5746
2023-10-30 11:15:12,10,12,1271,5746
2023-10-30 11:15:12,10,11,1271,5746
2023-10-30 11:16:21,9,11,1271,5746
2023-10-30 11:17:12,9,10,1271,5746
2023-10-30 11:17:13,9,11,1271,5746
2023-10-30 11:17:13,9,10,1271,5746
2023-10-30 11:18:13,9,11,1271,5746
2023-10-30 11:18:14,9,10,1271,5746
2023-10-30 11:18:20,9,11,1271,5746
2023-10-30 11:18:20,9,10,1271,5746
2023-10-30 11:18:21,9,11,1271,5746
2023-10-30 11:18:21,9,10,1271,5746
2023-10-30 11:19:25,8,10,1271,5746
2023-10-30 11:19:47,8,9,1271,5746
2023-10-30 11:19:48,8,10,1271,5746
2023-10-30 11:20:41,8,9,1271,5746
2023-10-30 11:22:26,7,9,1271,5746
2023-10-30 11:22:26,7,9,1416,5946
2023-10-30 11:22:27,7,8,1416,5946
2023-10-30 11:22:31,6,8,1416,5946
2023-10-30 11:22:35,6,7,1416,5946
2023-10-30 11:22:36,6,8,1416,5946
2023-10-30 11:22:36,6,7,1416,5946
2023-10-30 11:22:59,5,7,1416,5946
2023-10-30 11:23:22,5,6,1416,5946
2023-10-30 11:24:09,5,7,1416,5946
2023-10-30 11:26:50,6,7,1416,5946
2023-10-30 11:26:53,5,7,1416,5946
2023-10-30 11:26:54,6,7,1416,5946
2023-10-30 11:27:05,5,7,1416,5946
2023-10-30 11:27:49,6,7,1416,5946
2023-10-30 11:27:50,5,7,1416,5946
2023-10-30 11:29:10,6,7,1416,5946
2023-10-30 11:29:18,6,8,1416,5946
2023-10-30 11:29:27,5,8,1416,5946
2023-10-30 11:29:27,6,8,1416,5946
2023-10-30 11:29:28,5,8,1416,5946
2023-10-30 11:29:28,6,8,1416,5946
2023-10-30 11:30:17,6,9,1416,5946
2023-10-30 11:30:17,7,9,1416,5946
2023-10-30 11:30:19,6,9,1416,5946
2023-10-30 11:30:23,7,9,1416,5946
2023-10-30 11:30:46,7,8,1416,5946
2023-10-30 11:30:49,7,9,1416,5946
2023-10-30 11:32:06,7,8,1416,5946
2023-10-30 11:32:07,7,9,1416,5946
2023-10-30 11:32:22,7,8,1416,5946
2023-10-30 11:32:23,7,9,1416,5946
2023-10-30 11:33:02,7,8,1416,5946
2023-10-30 11:33:03,7,9,1416,5946
2023-10-30 11:33:03,7,8,1416,5946
2023-10-30 11:33:05,7,9,1416,5946
2023-10-30 11:33:06,7,8,1416,5946
2023-10-30 11:33:13,7,9,1416,5946
2023-10-30 11:33:44,8,9,1416,5946
2023-10-30 11:33:47,8,10,1416,5946
2023-10-30 11:34:26,9,10,1416,5946
2023-10-30 11:35:32,9,11,1416,5946
2023-10-30 11:35:36,10,11,1416,5946
2023-10-30 11:35:42,10,12,1416,5946
2023-10-30 11:35:52,11,12,1416,5946
2023-10-30 11:35:52,10,12,1416,5946
2023-10-30 11:36:07,11,12,1416,5946
2023-10-30 11:36:23,10,12,1416,5946
2023-10-30 11:38:07,9,12,1416,5946
2023-10-30 11:38:10,9,11,1416,5946
2023-10-30 11:38:20,9,10,1416,5946
2023-10-30 11:39:37,8,9,1416,5946
2023-10-30 11:40:01,7,9,1416,5946
2023-10-30 11:40:23,7,8,1416,5946
2023-10-30 11:40:24,7,9,1416,5946
2023-10-30 11:41:00,7,8,1416,5946
2023-10-30 11:41:31,7,9,1416,5946
2023-10-30 11:42:38,7,8,1416,5946
2023-10-30 11:42:39,7,9,1416,5946
2023-10-30 11:42:39,7,8,1416,5946
2023-10-30 11:42:46,7,9,1416,5946
2023-10-30 11:42:47,7,8,1416,5946
2023-10-30 11:43:27,7,9,1416,5946
2023-10-30 11:44:33,8,9,1416,5946
2023-10-30 11:44:34,7,9,1416,5946
2023-10-30 11:44:35,8,9,1416,5946
2023-10-30 11:44:37,8,10,1416,5946
2023-10-30 11:44:37,8,9,1416,5946
2023-10-30 11:44:38,8,10,1416,5946
2023-10-30 11:47:44,7,10,2316,7006
2023-10-30 11:47:44,7,9,2316,7006
2023-10-30 11:47:44,8,9,2316,7006
2023-10-30 11:47:51,8,9,2316,7256
2023-10-30 11:48:44,7,9,2316,7256
2023-10-30 11:48:44,8,9,2316,7256
2023-10-30 11:48:48,7,9,2316,7256
2023-10-30 11:48:48,7,8,2316,7256
2023-10-30 11:49:44,7,9,2316,7506
2023-10-30 11:49:49,8,9,2316,7506
2023-10-30 11:50:23,7,9,2316,7506
2023-10-30 11:50:40,7,10,2316,7506
2023-10-30 11:50:40,8,10,2316,7506
2023-10-30 11:50:40,7,10,2316,7506
2023-10-30 11:50:41,8,10,2316,7506
2023-10-30 11:51:08,9,10,2316,7506
2023-10-30 11:51:10,8,10,2316,7506
2023-10-30 11:51:11,9,10,2316,7506
2023-10-30 11:51:30,8,10,2316,7506
2023-10-30 11:51:33,9,10,2316,7506
2023-10-30 11:51:46,9,11,2316,7506
2023-10-30 11:52:03,10,11,2316,7506
2023-10-30 11:52:03,9,11,2316,7506
2023-10-30 11:52:04,10,11,2316,7506
2023-10-30 11:52:06,9,11,2316,7506
2023-10-30 11:52:48,10,11,2316,7506
2023-10-30 11:52:55,10,12,2316,7506
2023-10-30 11:53:42,9,12,2316,7506
2023-10-30 11:53:42,9,11,2316,7506
2023-10-30 11:54:22,9,12,2316,7506
2023-10-30 11:54:22,10,12,2316,7506
2023-10-30 11:55:29,9,12,2316,7506
2023-10-30 11:55:29,9,11,2316,7506
2023-10-30 11:55:37,9,12,2316,7506
2023-10-30 11:55:41,10,12,2316,7506
2023-10-30 11:56:44,11,12,2316,7506
2023-10-30 11:56:46,10,12,2316,7506
2023-10-30 11:56:49,11,12,2316,7506
2023-10-30 11:57:16,10,12,2316,7506
2023-10-30 11:57:19,11,12,2316,7506
2023-10-30 11:57:27,11,13,2316,7706
2023-10-30 11:57:42,12,13,2316,7706
2023-10-30 11:57:43,11,13,2316,7706
2023-10-30 11:57:45,12,13,2316,7706
2023-10-30 11:57:47,11,13,2316,7706
2023-10-30 11:57:48,12,13,2316,7706
2023-10-30 11:57:51,11,13,2316,7706
2023-10-30 11:57:52,12,13,2316,7706
2023-10-30 11:57:55,11,13,2316,7706
2023-10-30 11:57:59,12,13,2316,7706
2023-10-30 11:58:02,11,13,2316,7706
2023-10-30 11:58:31,12,13,2316,7706
2023-10-30 11:59:28,12,14,2316,8106
2023-10-30 12:01:36,12,13,2316,8106
2023-10-30 12:01:37,12,14,2316,8106
2023-10-30 12:01:49,12,13,2316,8106
2023-10-30 12:02:12,11,13,2316,8106
2023-10-30 12:02:31,11,14,2316,8106
2023-10-30 12:02:31,11,13,2316,8106
2023-10-30 12:02:32,11,14,2316,8106
2023-10-30 12:02:35,12,14,2316,8106
2023-10-30 12:03:12,11,14,2316,8106
2023-10-30 12:03:20,11,13,2316,8106
2023-10-30 12:04:02,12,13,2316,8106
2023-10-30 12:04:02,12,14,2316,8106
2023-10-30 12:04:02,12,13,2316,8106
2023-10-30 12:04:03,12,14,2316,8106
2023-10-30 12:05:03,11,14,2316,8106
2023-10-30 12:05:12,11,13,2316,8106
2023-10-30 12:05:13,12,13,2316,8106
2023-10-30 12:05:13,12,14,2316,8106
2023-10-30 12:05:44,11,14,2316,8106
2023-10-30 12:05:50,11,13,2316,8106
2023-10-30 12:07:48,11,12,2316,8106
2023-10-30 12:07:49,11,13,2316,8106
2023-10-30 12:07:53,10,13,2316,8106
2023-10-30 12:07:53,10,12,2316,8106
2023-10-30 12:08:21,11,12,2316,8106
2023-10-30 12:08:22,10,12,2316,8106
2023-10-30 12:09:14,10,13,2316,8106
2023-10-30 12:09:16,11,13,2316,8106
2023-10-30 12:09:17,10,13,2316,8106
2023-10-30 12:09:22,10,12,2316,8106
2023-10-30 12:09:30,9,12,2316,8106
2023-10-30 12:09:30,9,11,2316,8106
2023-10-30 12:09:34,9,10,2316,8106
2023-10-30 12:09:50,9,11,2316,8106
2023-10-30 12:09:55,10,11,2316,8106
2023-10-30 12:09:56,9,11,2316,8106
2023-10-30 12:09:56,10,11,2316,8106
2023-10-30 12:09:56,9,11,2316,8106
2023-10-30 12:09:56,10,11,2316,8106
2023-10-30 12:09:57,10,12,2316,8106
2023-10-30 12:09:57,10,11,2316,8106
2023-10-30 12:10:11,9,11,2316,8106
2023-10-30 12:10:12,10,11,2316,8106
2023-10-30 12:10:24,10,12,2316,8106
2023-10-30 12:10:25,10,11,2316,8106
2023-10-30 12:11:16,11,13,2396,8186
2023-10-30 12:11:44,10,13,2396,8186
2023-10-30 12:11:47,10,12,2396,8186
2023-10-30 12:11:51,10,13,2396,8186
2023-10-30 12:11:53,11,13,2396,8186
2023-10-30 12:12:02,10,13,2396,8186
2023-10-30 12:12:02,11,13,2396,8186
2023-10-30 12:12:03,10,13,2396,8186
2023-10-30 12:12:03,11,13,2396,8186
2023-10-30 12:12:30,12,13,2396,8186
2023-10-30 12:12:33,12,14,2396,8186
2023-10-30 12:12:33,12,13,2396,8186
2023-10-30 12:12:45,12,14,2396,8186
2023-10-30 12:12:45,12,13,2396,8186
2023-10-30 12:12:46,13,14,2416,8206
2023-10-30 12:12:46,13,14,2456,8246
2023-10-30 12:12:47,12,14,2456,8246
2023-10-30 12:12:51,13,14,2456,8246
2023-10-30 12:12:58,12,14,2456,8246
2023-10-30 12:13:23,13,14,2456,8246
2023-10-30 12:13:29,12,14,2456,8246
2023-10-30 12:13:30,13,14,2456,8246
2023-10-30 12:13:34,12,14,2456,8246
2023-10-30 12:14:04,12,13,2456,8246
2023-10-30 12:14:05,12,14,2456,8246
2023-10-30 12:14:11,12,13,2456,8246
2023-10-30 12:14:16,12,14,2456,8246
2023-10-30 12:14:40,12,13,2456,8246
2023-10-30 12:15:22,12,14,2456,8246
2023-10-30 12:15:55,13,14,2456,8246
2023-10-30 12:17:00,12,14,2456,8246
2023-10-30 12:17:26,12,13,2456,8246
2023-10-30 12:17:31,11,13,2456,8246
2023-10-30 12:17:41,10,13,2456,8246
2023-10-30 12:17:41,10,12,2456,8246
2023-10-30 12:18:32,10,11,2456,8246
2023-10-30 12:18:38,9,11,2456,8246
2023-10-30 12:19:09,9,10,2456,8246
2023-10-30 12:20:41,8,10,2456,8246
2023-10-30 12:20:56,8,9,2456,8246
2023-10-30 12:20:57,8,10,2456,8246
2023-10-30 12:20:57,8,9,2456,8246
2023-10-30 12:21:01,8,10,2456,8246
2023-10-30 12:21:01,8,9,2456,8246
2023-10-30 12:21:02,8,10,2456,8246
2023-10-30 12:21:02,8,9,2456,8246
2023-10-30 12:21:05,8,10,2456,8246
2023-10-30 12:21:05,8,9,2456,8246
2023-10-30 12:21:06,8,10,2456,8246
2023-10-30 12:21:06,8,9,2456,8246
2023-10-30 12:21:13,8,10,2456,8246
2023-10-30 12:21:14,8,9,2456,8246
2023-10-30 12:21:36,8,10,2456,8246
2023-10-30 12:22:01,8,9,2456,8246
2023-10-30 12:22:07,7,9,2456,8246
2023-10-30 12:22:28,7,9,2457,8247
2023-10-30 12:22:28,7,8,2457,8247
2023-10-30 12:22:45,7,8,2458,8248
2023-10-30 12:22:56,8,9,2457,8249
2023-10-30 12:22:57,7,9,2457,8249
2023-10-30 12:23:12,7,8,2457,8249
2023-10-30 12:24:12,7,9,2457,8249
2023-10-30 12:24:35,8,9,2457,8249
2023-10-30 12:24:37,7,9,2457,8249
2023-10-30 12:24:37,8,9,2457,8249
2023-10-30 12:24:46,7,9,2457,8249
2023-10-30 12:24:50,8,9,2457,8249
2023-10-30 12:24:51,7,9,2457,8249
2023-10-30 12:24:54,8,9,2457,8249
2023-10-30 12:24:56,7,9,2457,8249
2023-10-30 12:25:03,8,9,2457,8249
2023-10-30 12:25:04,7,9,2457,8249
2023-10-30 12:25:43,8,9,2457,8249
2023-10-30 12:25:52,8,10,2457,8249
2023-10-30 12:25:53,8,9,2457,8249
2023-10-30 12:26:09,7,9,2457,8249
2023-10-30 12:26:51,7,8,2457,8249
2023-10-30 12:27:00,7,9,2457,8249
2023-10-30 12:27:00,7,8,2457,8249
2023-10-30 12:30:33,7,9,2457,8249
2023-10-30 12:30:38,8,9,2457,8249
2023-10-30 12:30:38,7,9,2622,8535
2023-10-30 12:31:19,8,9,2622,8535
2023-10-30 12:31:19,8,9,2780,8693
2023-10-30 12:31:19,7,9,2780,8693
2023-10-30 12:31:25,8,9,2780,8693
2023-10-30 12:31:26,8,10,2780,8693
2023-10-30 12:31:26,8,9,2780,8693
2023-10-30 12:31:31,7,9,2780,8693
2023-10-30 12:31:51,7,8,2780,8693
2023-10-30 12:31:52,7,9,2780,8693
2023-10-30 12:32:12,8,9,2780,8693
2023-10-30 12:32:15,7,9,2780,8693
2023-10-30 12:33:30,7,8,2780,8693
2023-10-30 12:34:12,7,8,2780,8710
2023-10-30 12:34:12,8,10,2783,8713
2023-10-30 12:34:38,7,10,2783,8713
2023-10-30 12:34:38,8,10,2783,8713
2023-10-30 12:35:12,8,11,2783,8713
2023-10-30 12:35:12,9,11,2783,8713
2023-10-30 12:35:13,9,10,2783,8713
2023-10-30 12:35:25,9,11,2783,8713
2023-10-30 12:37:06,9,11,2783,8717
2023-10-30 12:38:03,9,10,2783,8717
2023-10-30 12:38:06,8,10,2783,8717
2023-10-30 12:38:07,7,10,2783,8717
2023-10-30 12:38:13,7,9,2783,8717
2023-10-30 12:38:14,7,10,2783,8717
2023-10-30 12:38:19,7,9,2783,8717
2023-10-30 12:39:04,7,8,2783,8717
2023-10-30 12:39:05,7,9,2783,8717
2023-10-30 12:39:54,7,8,2783,8717
2023-10-30 12:40:22,6,8,2783,8717
2023-10-30 12:40:24,6,7,2783,8717
2023-10-30 12:41:42,6,8,2783,8717
2023-10-30 12:41:43,6,7,2783,8717
2023-10-30 12:41:57,6,8,2783,8717
2023-10-30 12:41:57,6,7,2783,8717
2023-10-30 12:41:58,6,8,2783,8717
2023-10-30 12:41:58,6,7,2783,8717
2023-10-30 12:42:45,5,7,2783,8717
2023-10-30 12:43:17,5,6,2783,8717
2023-10-30 12:43:18,5,7,2783,8717
2023-10-30 12:43:21,5,6,2783,8717
2023-10-30 12:43:23,5,6,2843,8777
2023-10-30 12:43:26,4,6,2843,8777
2023-10-30 12:43:28,4,5,2843,8777
2023-10-30 12:44:23,4,6,2843,8777
2023-10-30 12:44:24,4,5,2843,8777
2023-10-30 12:46:06,3,5,3043,8977
2023-10-30 12:47:05,4,5,3043,8977
2023-10-30 12:47:05,3,5,3218,9152
2023-10-30 12:47:29,4,5,3218,9152
2023-10-30 12:47:33,4,6,3218,9152
2023-10-30 12:48:37,3,6,3218,9152
2023-10-30 12:48:38,4,6,3218,9152
2023-10-30 12:48:38,3,6,3218,9152
2023-10-30 12:48:38,4,6,3218,9152
2023-10-30 12:50:06,4,7,3218,9152
2023-10-30 12:50:06,5,7,3218,9152
2023-10-30 12:50:06,5,6,3218,9152
2023-10-30 12:50:07,4,6,3218,9152
2023-10-30 12:50:10,5,6,3218,9152
2023-10-30 12:50:16,5,7,3218,9152
2023-10-30 12:50:50,5,7,2404,10212
2023-10-30 12:50:50,6,7,2404,10212
2023-10-30 12:52:26,6,7,2404,10292
2023-10-30 12:53:06,5,6,2404,10335
2023-10-30 12:53:21,5,7,2404,10335
2023-10-30 12:53:33,4,7,2404,10335
2023-10-30 12:53:37,4,6,2404,10335
2023-10-30 12:53:41,5,6,2404,10335
2023-10-30 12:53:41,5,7,2404,10335
2023-10-30 12:53:43,4,7,2404,10335
2023-10-30 12:54:08,5,7,2404,10335
2023-10-30 12:54:17,4,7,2404,10335
2023-10-30 12:54:24,4,6,2404,10335
2023-10-30 12:54:38,4,7,2404,10335
2023-10-30 12:54:38,4,6,2404,10335
2023-10-30 12:55:18,5,6,2404,10335
2023-10-30 12:55:18,4,6,2481,10535
2023-10-30 12:55:22,4,7,2481,10535
2023-10-30 12:55:37,4,6,2481,10535
2023-10-30 12:57:07,3,6,2481,10535
2023-10-30 12:57:23,3,5,2481,10535
2023-10-30 12:57:24,4,5,2481,10535
2023-10-30 12:57:24,4,6,2481,10535
2023-10-30 12:57:56,4,5,2481,10535
2023-10-30 12:57:58,4,6,2481,10535
2023-10-30 12:57:59,3,6,2481,10535
2023-10-30 12:58:03,4,6,2481,10535
2023-10-30 12:58:56,4,7,2481,10535
2023-10-30 12:59:05,4,6,2481,10535
2023-10-30 12:59:36,4,7,2481,10535
2023-10-30 12:59:38,4,6,2481,10535
2023-10-30 12:59:40,4,6,2981,11035
2023-10-30 12:59:42,4,6,3481,11535
2023-10-30 12:59:42,4,5,3481,11535
2023-10-30 12:59:44,4,5,3981,12035
2023-10-30 13:00:01,4,6,3981,12035
2023-10-30 13:00:08,5,6,3981,12035
2023-10-30 13:00:14,4,6,3981,12035
2023-10-30 13:00:15,5,6,3981,12035
2023-10-30 13:00:17,4,6,3981,12035
2023-10-30 13:00:17,5,6,3981,12035
2023-10-30 13:00:19,4,6,3981,12035
2023-10-30 13:00:20,5,6,3981,12035
2023-10-30 13:00:26,4,6,3981,12035
2023-10-30 13:00:28,5,6,3981,12035
2023-10-30 13:00:31,4,6,3981,12035
2023-10-30 13:00:37,4,5,3981,12035
2023-10-30 13:00:37,4,5,3806,12210
2023-10-30 13:02:19,3,5,3806,12210
2023-10-30 13:02:19,4,5,3806,12210
2023-10-30 13:02:42,3,5,3806,12210
2023-10-30 13:02:43,4,5,3806,12210
2023-10-30 13:02:44,3,5,3806,12210
2023-10-30 13:02:44,3,6,3806,12210
2023-10-30 13:02:44,3,4,3806,12210
2023-10-30 13:02:46,3,4,3674,12342
2023-10-30 13:02:47,3,4,3662,12354
2023-10-30 13:02:49,3,4,3643,12373
2023-10-30 13:02:51,3,4,3627,12389
2023-10-30 13:02:52,3,4,3611,12405
2023-10-30 13:02:54,3,4,3598,12418
2023-10-30 13:02:56,3,4,3586,12430
2023-10-30 13:02:59,3,4,3571,12445
2023-10-30 13:03:01,3,4,3560,12456
2023-10-30 13:03:03,3,4,3549,12467
2023-10-30 13:03:04,3,4,3536,12480
2023-10-30 13:03:06,3,4,3523,12493
2023-10-30 13:03:08,3,4,3512,12504
2023-10-30 13:03:10,3,4,3493,12523
2023-10-30 13:03:11,3,6,3481,12535
2023-10-30 13:03:12,4,6,3481,12535
2023-10-30 13:04:13,5,6,3481,12535
2023-10-30 13:04:16,5,7,3481,12535
2023-10-30 13:05:33,6,7,3481,12535
2023-10-30 13:05:33,6,8,3481,12535
2023-10-30 13:05:34,5,8,3481,12535
2023-10-30 13:05:35,5,7,3481,12535
2023-10-30 13:05:54,5,8,3481,12535
2023-10-30 13:05:57,6,8,3481,12535
2023-10-30 13:06:18,6,7,3481,12535
2023-10-30 13:06:20,5,7,3481,12535
2023-10-30 13:06:50,5,8,3481,12535
2023-10-30 13:06:50,6,8,3481,12535
2023-10-30 13:07:31,5,8,3481,12535
2023-10-30 13:07:31,6,8,3481,12535
2023-10-30 13:07:44,6,7,3481,12535
2023-10-30 13:07:44,5,7,3481,12535
2023-10-30 13:09:04,5,8,3481,12535
2023-10-30 13:09:04,6,8,3481,12535
2023-10-30 13:10:16,7,8,3481,12535
2023-10-30 13:10:23,6,8,3481,12535
2023-10-30 13:11:06,5,8,3481,12535
2023-10-30 13:11:10,6,8,3481,12535
2023-10-30 13:11:12,6,7,3481,12535
2023-10-30 13:11:12,5,7,3481,12535
2023-10-30 13:12:14,5,8,3481,12535
2023-10-30 13:12:15,5,7,3481,12535
2023-10-30 13:12:17,5,8,3481,12535
2023-10-30 13:12:35,5,7,3481,12535
2023-10-30 13:13:09,5,8,3481,12535
2023-10-30 13:13:20,6,8,3481,12535
2023-10-30 13:13:23,5,8,3481,12535
2023-10-30 13:13:28,5,7,3481,12535
2023-10-30 13:15:10,5,8,3481,12535
2023-10-30 13:15:16,5,7,3481,12535
2023-10-30 13:15:17,5,8,3481,12535
2023-10-30 13:15:18,5,7,3481,12535
2023-10-30 13:15:21,5,8,3481,12535
2023-10-30 13:15:26,6,8,3481,12535
2023-10-30 13:15:47,5,8,3481,12535
2023-10-30 13:15:49,6,8,3481,12535
2023-10-30 13:15:51,6,7,3481,12535
2023-10-30 13:15:53,6,8,3481,12535
2023-10-30 13:15:54,6,7,3481,12535
2023-10-30 13:15:55,6,8,3481,12535
2023-10-30 13:16:56,7,8,3481,12535
2023-10-30 13:16:57,6,8,3481,12535
2023-10-30 13:16:59,7,8,3481,12535
2023-10-30 13:17:17,6,8,3481,12535
2023-10-30 13:17:55,6,7,3481,12535
2023-10-30 13:17:55,5,7,3481,12535
2023-10-30 13:17:57,5,8,3481,12535
2023-10-30 13:17:58,5,7,3481,12535
2023-10-30 13:17:59,6,7,3481,12535
2023-10-30 13:18:00,6,8,3481,12535
2023-10-30 13:18:18,6,7,3481,12535
2023-10-30 13:18:18,5,7,3481,12535
2023-10-30 13:18:20,5,8,3481,12535
2023-10-30 13:18:20,6,8,3481,12535
2023-10-30 13:18:42,6,7,3481,12535
2023-10-30 13:18:42,5,7,3481,12535
2023-10-30 13:18:44,5,8,3481,12535
2023-10-30 13:18:44,6,8,3481,12535
2023-10-30 13:18:47,6,7,3481,12535
2023-10-30 13:18:48,6,8,3481,12535
2023-10-30 13:18:50,6,7,3481,12535
2023-10-30 13:18:51,6,8,3481,12535
2023-10-30 13:19:01,5,8,3481,12535
2023-10-30 13:19:02,6,8,3481,12535
2023-10-30 13:20:19,6,7,3481,12535
2023-10-30 13:20:19,5,7,3481,12535
2023-10-30 13:20:51,6,7,3481,12535
2023-10-30 13:20:51,5,7,3481,12535
2023-10-30 13:20:51,6,7,3481,12535
2023-10-30 13:20:53,6,8,3481,12535
2023-10-30 13:21:07,7,8,3481,12535
2023-10-30 13:21:08,6,8,3481,12535
2023-10-30 13:21:12,7,8,3481,12535
2023-10-30 13:21:17,6,8,3481,12535
2023-10-30 13:21:19,7,8,3481,12535
2023-10-30 13:21:39,7,9,3481,12535
2023-10-30 13:21:40,8,9,3481,12535
2023-10-30 13:22:12,8,10,3481,12535
2023-10-30 13:22:16,9,10,3481,12535
2023-10-30 13:22:16,8,10,3481,12535
2023-10-30 13:22:17,9,10,3481,12535
2023-10-30 13:22:31,8,10,3481,12535
2023-10-30 13:22:32,9,10,3481,12535
2023-10-30 13:22:33,8,10,3481,12535
2023-10-30 13:22:39,9,10,3481,12535
2023-10-30 13:22:39,8,10,3481,12535
2023-10-30 13:22:40,9,10,3481,12535
2023-10-30 13:22:40,8,10,3481,12535
2023-10-30 13:22:41,9,10,3481,12535
2023-10-30 13:22:45,8,10,3481,12535
2023-10-30 13:22:47,9,10,3481,12535
2023-10-30 13:23:02,8,10,3481,12535
2023-10-30 13:23:07,9,10,3481,12535
2023-10-30 13:23:12,8,10,3481,12535
2023-10-30 13:23:12,9,10,3481,12535
2023-10-30 13:23:13,8,10,3481,12535
2023-10-30 13:23:36,9,10,3481,12535
2023-10-30 13:24:18,9,11,3481,12535
2023-10-30 13:24:18,10,11,3481,12535
2023-10-30 13:24:29,10,12,3481,12535
2023-10-30 13:24:35,11,12,3481,12535
2023-10-30 13:24:37,10,12,3481,12535
2023-10-30 13:24:39,11,12,3481,12535
2023-10-30 13:25:04,10,12,3481,12535
2023-10-30 13:25:05,11,12,3481,12535
2023-10-30 13:25:05,10,12,3481,12535
2023-10-30 13:25:10,11,12,3481,12535
2023-10-30 13:25:12,11,13,3481,12535
2023-10-30 13:25:13,10,13,3481,12535
2023-10-30 13:25:23,10,12,3481,12535
2023-10-30 13:25:28,10,13,3481,12535
2023-10-30 13:25:28,11,13,3481,12535
2023-10-30 13:26:47,12,13,3481,12535
2023-10-30 13:26:49,12,14,3481,12535
2023-10-30 13:26:53,13,14,3481,12535
2023-10-30 13:27:03,13,15,3481,12535
2023-10-30 13:27:05,14,15,3481,12535
2023-10-30 13:27:08,14,15,3481,12635
2023-10-30 13:27:09,14,16,3481,12635
2023-10-30 13:27:20,15,16,3481,12635
2023-10-30 13:27:25,14,16,3481,12635
2023-10-30 13:28:02,13,16,3481,12635
2023-10-30 13:28:18,14,16,3481,12635
2023-10-30 13:28:41,15,16,3481,12635
2023-10-30 13:28:43,14,16,3481,12635
2023-10-30 13:28:44,15,16,3481,12635
2023-10-30 13:28:46,14,16,3481,12635
2023-10-30 13:29:00,14,15,3481,12635
2023-10-30 13:29:01,14,16,3481,12635
2023-10-30 13:29:01,15,16,3481,12635
2023-10-30 13:29:01,15,17,3481,12635
2023-10-30 13:29:01,16,17,3570,12724
2023-10-30 13:29:01,15,17,3710,12864
2023-10-30 13:29:02,16,17,3710,12864
2023-10-30 13:29:04,16,18,3710,12864
2023-10-30 13:29:05,17,18,3710,12864
2023-10-30 13:29:07,17,19,3710,12864
2023-10-30 13:29:09,18,19,3710,12864
2023-10-30 13:29:17,18,20,3710,12864
2023-10-30 13:29:17,19,20,3710,12864
2023-10-30 13:29:17,19,21,3710,12864
2023-10-30 13:29:17,19,22,3710,12864
2023-10-30 13:29:19,20,22,3710,12864
2023-10-30 13:29:19,20,23,3710,12864
2023-10-30 13:29:19,20,22,3710,12864
2023-10-30 13:29:22,20,22,3770,12964
2023-10-30 13:29:27,19,22,3770,12964
2023-10-30 13:29:29,19,21,3770,12964
2023-10-30 13:29:31,19,20,3770,12964
2023-10-30 13:29:31,18,20,3770,12964
2023-10-30 13:29:33,19,20,3770,12964
2023-10-30 13:29:34,18,20,3770,12964
2023-10-30 13:29:35,19,20,3770,12964
2023-10-30 13:29:37,18,20,3770,12964
2023-10-30 13:29:37,19,20,3770,12964
2023-10-30 13:29:43,18,20,3770,12964
2023-10-30 13:29:43,19,20,3770,12964
2023-10-30 13:29:44,19,21,3770,12964
2023-10-30 13:29:52,19,22,3770,12964
2023-10-30 13:29:52,20,22,3770,12964
2023-10-30 13:29:56,20,21,3770,12964
2023-10-30 13:29:57,18,21,3770,12964
2023-10-30 13:29:57,19,21,3770,12964
2023-10-30 13:30:03,20,21,3770,12964
2023-10-30 13:30:06,21,22,3772,12966
2023-10-30 13:30:06,21,23,3772,12966
2023-10-30 13:30:07,21,24,3772,12966
2023-10-30 13:30:07,22,24,3772,12966
2023-10-30 13:30:08,23,24,3772,12966
2023-10-30 13:30:09,22,24,3772,12966
2023-10-30 13:30:14,22,23,3772,12966
2023-10-30 13:30:14,21,23,3772,12966
2023-10-30 13:30:20,21,24,3772,12966
2023-10-30 13:30:21,21,23,3772,12966
2023-10-30 13:30:21,22,23,3772,12966
2023-10-30 13:30:22,22,24,3772,12966
2023-10-30 13:30:25,22,24,3772,12996
2023-10-30 13:30:33,23,24,3772,12996
2023-10-30 13:30:36,23,24,3772,12998
2023-10-30 13:31:17,22,24,3772,12998
2023-10-30 13:31:18,22,23,3772,12998
2023-10-30 13:31:21,21,23,3772,12998
2023-10-30 13:31:22,22,23,3772,12998
2023-10-30 13:31:24,22,24,3772,12998
2023-10-30 13:31:28,22,23,3772,12998
2023-10-30 13:31:34,21,22,3772,13124
2023-10-30 13:31:36,20,22,3772,13124
2023-10-30 13:31:41,20,21,3772,13124
2023-10-30 13:31:42,19,21,3772,13124
2023-10-30 13:31:42,20,21,3772,13124
2023-10-30 13:31:45,19,20,3772,13234
2023-10-30 13:31:46,19,21,3772,13234
2023-10-30 13:31:47,19,20,3772,13234
2023-10-30 13:31:52,19,21,3772,13234
2023-10-30 13:31:53,19,20,3772,13234
2023-10-30 13:31:55,18,20,3772,13234
2023-10-30 13:32:00,19,20,3772,13234
2023-10-30 13:32:05,18,20,3772,13234
2023-10-30 13:32:10,18,19,3772,13234
2023-10-30 13:32:12,18,20,3772,13234
2023-10-30 13:32:18,19,20,3772,13234
2023-10-30 13:32:21,18,20,3772,13234
2023-10-30 13:32:21,19,20,3772,13234
2023-10-30 13:32:23,19,21,3772,13234
2023-10-30 13:32:27,19,20,3772,13234
2023-10-30 13:32:28,18,20,3772,13234
2023-10-30 13:32:29,19,20,3772,13234
2023-10-30 13:32:33,18,20,3772,13234
2023-10-30 13:32:35,18,19,3772,13234
2023-10-30 13:32:35,17,19,3772,13234
2023-10-30 13:32:38,18,19,3772,13234
2023-10-30 13:32:40,18,20,3772,13234
2023-10-30 13:32:56,18,19,3772,13234
2023-10-30 13:33:06,18,20,3772,13234
2023-10-30 13:33:07,18,19,3772,13234
2023-10-30 13:33:08,18,20,3772,13234
2023-10-30 13:33:34,18,19,3772,13234
2023-10-30 13:33:38,18,20,3772,13234
2023-10-30 13:33:39,18,19,3772,13234
2023-10-30 13:33:44,17,19,3772,13234
2023-10-30 13:33:50,18,19,3772,13234
2023-10-30 13:34:13,18,19,3772,13434
2023-10-30 13:34:13,17,19,3772,13434
2023-10-30 13:34:14,17,18,3772,13434
2023-10-30 13:34:17,16,18,3772,13434
2023-10-30 13:34:19,17,18,3772,13434
2023-10-30 13:34:27,17,19,3772,13434
2023-10-30 13:34:33,16,19,3772,13434
2023-10-30 13:34:33,17,19,3772,13434
2023-10-30 13:34:48,17,18,3772,13434
2023-10-30 13:34:48,16,18,3772,13434
2023-10-30 13:34:52,17,18,3772,13434
2023-10-30 13:34:56,17,19,3772,13434
2023-10-30 13:35:01,17,18,3772,13434
2023-10-30 13:35:04,16,18,3772,13434
2023-10-30 13:35:12,16,17,3772,13434
2023-10-30 13:35:13,16,17,3772,13634
2023-10-30 13:35:13,15,17,3772,13634
2023-10-30 13:35:30,15,16,3772,13634
2023-10-30 13:35:33,15,17,3772,13634
2023-10-30 13:35:34,15,17,3772,13638
2023-10-30 13:35:36,15,16,3772,13638
2023-10-30 13:35:39,14,16,3772,13638
2023-10-30 13:36:05,14,17,3772,13638
2023-10-30 13:36:08,15,17,3772,13638
2023-10-30 13:36:15,15,17,3782,13648
2023-10-30 13:36:18,16,17,3782,13648
2023-10-30 13:36:19,15,17,3782,13648
2023-10-30 13:36:21,16,17,3782,13648
2023-10-30 13:36:22,15,17,3782,13648
2023-10-30 13:36:26,16,17,3782,13648
2023-10-30 13:36:31,16,18,3782,13648
2023-10-30 13:36:36,15,18,3782,13648
2023-10-30 13:36:55,15,17,3782,13648
2023-10-30 13:37:04,15,18,3782,13648
2023-10-30 13:37:11,15,17,3782,13648
2023-10-30 13:37:11,14,17,3782,13648
2023-10-30 13:37:15,15,17,3782,13648
2023-10-30 13:37:18,15,18,3782,13648
2023-10-30 13:37:24,16,18,3782,13648
2023-10-30 13:37:29,16,19,3782,13648
2023-10-30 13:37:32,17,19,3782,13648
2023-10-30 13:37:51,18,19,3782,13648
2023-10-30 13:37:56,18,20,3782,13648
2023-10-30 13:38:11,17,20,3782,13648
2023-10-30 13:38:14,17,19,3782,13648
2023-10-30 13:38:17,17,20,3782,13648
2023-10-30 13:38:26,18,20,3782,13648
2023-10-30 13:38:31,17,20,3782,13648
2023-10-30 13:38:33,18,20,3782,13648
2023-10-30 13:38:34,17,20,3782,13648
2023-10-30 13:38:38,17,19,3782,13648
2023-10-30 13:38:39,17,20,3782,13648
2023-10-30 13:38:40,17,19,3782,13648
2023-10-30 13:40:07,16,19,3782,13648
2023-10-30 13:40:12,16,19,3782,13648
2023-10-30 13:40:26,16,18,3782,13648
2023-10-30 13:40:27,16,19,3782,13648
2023-10-30 13:40:33,17,19,3782,13648
2023-10-30 13:40:54,16,19,3782,13648
2023-10-30 13:41:01,17,19,3782,13648
2023-10-30 13:41:04,17,20,3782,13648
2023-10-30 13:41:04,17,19,3782,13648
2023-10-30 13:41:09,16,19,3782,13648
2023-10-30 13:41:09,17,19,3782,13648
2023-10-30 13:41:20,17,20,3782,13648
2023-10-30 13:41:23,18,20,3782,13648
2023-10-30 13:41:38,17,20,3782,13648
2023-10-30 13:41:43,17,19,3782,13648
2023-10-30 13:41:46,16,19,3782,13648
2023-10-30 13:41:49,17,19,3782,13648
2023-10-30 13:41:59,16,19,3782,13648
2023-10-30 13:42:00,17,19,3782,13648
2023-10-30 13:42:11,18,19,3782,13648
2023-10-30 13:42:15,18,20,3782,13648
2023-10-30 13:42:24,19,20,3782,13648
2023-10-30 13:42:27,18,20,3782,13648
2023-10-30 13:42:28,19,20,3782,13648
2023-10-30 13:42:30,18,20,3782,13648
2023-10-30 13:42:43,17,20,3782,13648
2023-10-30 13:42:47,18,20,3782,13648
2023-10-30 13:42:54,18,21,3782,13648
2023-10-30 13:42:54,19,21,3782,13648
2023-10-30 13:43:23,20,21,3782,13648
2023-10-30 13:43:25,20,22,3782,13648
2023-10-30 13:43:26,19,22,3782,13648
2023-10-30 13:43:32,19,21,3782,13648
2023-10-30 13:43:36,19,22,3782,13648
2023-10-30 13:43:41,20,22,3782,13648
2023-10-30 13:43:54,21,22,3782,13648
2023-10-30 13:43:57,20,22,3782,13648
2023-10-30 13:44:03,20,23,3782,13648
2023-10-30 13:44:03,20,22,3782,13648
2023-10-30 13:44:10,20,23,3782,13648
2023-10-30 13:44:11,20,22,3782,13648
2023-10-30 13:44:30,20,23,3782,13648
2023-10-30 13:44:34,21,23,3782,13648
2023-10-30 13:44:40,20,23,3782,13648
2023-10-30 13:44:41,20,22,3782,13648
2023-10-30 13:45:02,20,23,3782,13648
2023-10-30 13:45:03,20,22,3782,13648
2023-10-30 13:45:04,20,23,3782,13648
2023-10-30 13:45:05,20,22,3782,13648
2023-10-30 13:45:06,20,23,3782,13648
2023-10-30 13:45:09,21,23,3782,13648
2023-10-30 13:45:36,20,23,3782,13648
2023-10-30 13:45:39,20,22,3782,13648
2023-10-30 13:45:49,19,22,3782,13648
2023-10-30 13:45:50,19,21,3782,13648
2023-10-30 13:46:52,19,22,3782,13648
2023-10-30 13:46:52,19,21,3782,13648
2023-10-30 13:46:53,21,22,3842,13708
2023-10-30 13:46:53,21,23,3842,13708
2023-10-30 13:46:53,21,23,3882,13748
2023-10-30 13:46:54,21,22,3882,13748
2023-10-30 13:47:29,21,22,3882,13759
2023-10-30 13:47:31,21,22,3882,13777
2023-10-30 13:47:31,21,23,3913,13808
2023-10-30 13:47:47,22,23,3913,13808
2023-10-30 13:47:48,22,24,3913,13808
2023-10-30 13:48:03,21,24,3913,13808
2023-10-30 13:48:08,21,23,3913,13808
2023-10-30 13:48:11,21,24,3913,13808
2023-10-30 13:48:14,21,23,3913,13808
2023-10-30 13:48:16,21,24,3913,13808
2023-10-30 13:48:21,22,24,3913,13808
2023-10-30 13:48:23,21,24,3913,13808
2023-10-30 13:48:25,22,24,3913,13808
2023-10-30 13:48:27,21,24,3913,13808
2023-10-30 13:48:36,22,24,3913,13808
2023-10-30 13:48:37,21,24,3913,13808
2023-10-30 13:48:47,21,23,3913,13808
2023-10-30 13:48:47,21,24,3913,13808
2023-10-30 13:48:48,21,23,3913,13808
2023-10-30 13:48:48,21,24,3913,13808
2023-10-30 13:48:48,21,23,3913,13808
2023-10-30 13:49:04,21,24,3913,13808
2023-10-30 13:49:10,21,23,3913,13808
2023-10-30 13:49:15,21,24,3913,13808
2023-10-30 13:49:25,21,23,3913,13808
2023-10-30 13:49:29,21,24,3913,13808
2023-10-30 13:49:39,22,24,3913,13808
2023-10-30 13:49:40,21,24,3913,13808
2023-10-30 13:49:41,22,24,3913,13808
2023-10-30 13:49:41,21,24,3913,13808
2023-10-30 13:49:47,22,24,3913,13808
2023-10-30 13:50:45,21,24,3913,13808
2023-10-30 13:50:47,22,24,3913,13808
2023-10-30 13:51:21,22,25,3913,13808
2023-10-30 13:51:21,23,25,3913,13808
2023-10-30 13:51:25,24,25,3913,13808
2023-10-30 13:51:25,24,26,3913,13808
2023-10-30 13:51:26,23,26,3913,13808
2023-10-30 13:51:26,24,26,3913,13808
2023-10-30 13:51:38,24,27,3913,13808
2023-10-30 13:51:43,24,26,3913,13808
2023-10-30 13:51:43,24,27,3913,13808
2023-10-30 13:51:49,25,27,3913,13808
2023-10-30 13:52:11,26,27,3913,13808
2023-10-30 13:52:14,27,28,3947,13842
2023-10-30 13:52:14,27,29,3947,13842
2023-10-30 13:52:28,28,29,3947,13842
2023-10-30 13:52:29,27,29,3947,13842
2023-10-30 13:52:30,28,29,3947,13842
2023-10-30 13:52:32,28,30,3947,13842
2023-10-30 13:52:42,27,30,3947,13842
2023-10-30 13:52:42,27,29,3947,13842
2023-10-30 13:52:44,27,30,3947,13842
2023-10-30 13:52:45,28,30,3947,13842
2023-10-30 13:53:11,28,29,3947,13842
2023-10-30 13:53:11,28,30,3947,13842
2023-10-30 13:53:20,28,31,3947,13842
2023-10-30 13:53:25,29,31,3947,13842
2023-10-30 13:53:30,29,30,3947,13842
2023-10-30 13:53:33,29,31,3947,13842
2023-10-30 13:53:35,28,31,3947,13842
2023-10-30 13:53:35,28,30,3947,13842
2023-10-30 13:53:36,29,30,3947,13842
2023-10-30 13:53:36,29,31,3947,13842
2023-10-30 13:53:39,29,30,3947,13842
2023-10-30 13:53:40,28,30,3947,13842
2023-10-30 13:53:46,27,30,3947,13842
2023-10-30 13:53:47,28,30,3947,13842
2023-10-30 13:53:47,28,29,3947,13842
2023-10-30 13:53:47,28,30,3947,13842
2023-10-30 13:54:04,28,31,3947,13842
2023-10-30 13:54:04,28,30,3947,13842
2023-10-30 13:54:24,28,31,3947,13842
2023-10-30 13:54:25,28,30,3947,13842
2023-10-30 13:54:33,29,30,3947,13842
2023-10-30 13:54:33,29,31,3947,13842
2023-10-30 13:54:40,29,30,3947,13842
2023-10-30 13:54:41,29,30,3930,13859
2023-10-30 13:54:42,29,31,3930,13859
2023-10-30 13:54:46,28,31,3930,13859
2023-10-30 13:54:48,28,30,3930,13859
2023-10-30 13:55:01,27,30,3930,13859
2023-10-30 13:55:05,27,29,3930,13859
2023-10-30 13:55:13,26,29,3930,13859
2023-10-30 13:55:23,26,28,3930,13859
2023-10-30 13:55:25,25,28,3930,13859
2023-10-30 13:55:25,25,27,3930,13859
2023-10-30 13:55:37,26,27,3930,13859
2023-10-30 13:55:38,26,29,3930,13859
2023-10-30 13:55:38,26,28,3930,13859
2023-10-30 13:55:41,25,28,3930,13859
2023-10-30 13:55:54,26,28,3930,13859
2023-10-30 13:56:00,26,29,3930,13859
2023-10-30 13:56:05,27,29,3930,13859
2023-10-30 13:56:07,26,29,3930,13859
2023-10-30 13:56:19,26,28,3930,13859
2023-10-30 13:56:27,25,28,3930,13859
2023-10-30 13:56:34,25,27,3930,13859
2023-10-30 13:56:42,25,28,3930,13859
2023-10-30 13:56:43,25,27,3930,13859
2023-10-30 13:56:59,24,27,3930,13859
2023-10-30 13:57:06,25,27,3930,13859
2023-10-30 13:57:06,25,28,3930,13859
2023-10-30 13:57:10,25,27,3930,13859
2023-10-30 13:57:15,25,28,3930,13859
2023-10-30 13:57:18,26,28,3930,13859
2023-10-30 13:57:26,26,29,3930,13859
2023-10-30 13:57:27,27,29,3930,13859
2023-10-30 13:57:39,27,30,3930,13859
2023-10-30 13:57:39,27,29,3930,13859
2023-10-30 13:58:15,27,30,3930,13859
2023-10-30 13:58:15,27,29,3930,13859
2023-10-30 13:58:21,27,30,3930,13859
2023-10-30 13:58:22,28,30,3930,13859
2023-10-30 13:58:35,29,30,3930,13859
2023-10-30 13:58:35,29,31,3930,13859
2023-10-30 13:58:37,29,30,3930,13859
2023-10-30 13:58:49,28,30,3930,13859
2023-10-30 13:59:03,28,31,3930,13859
2023-10-30 13:59:07,28,30,3930,13859
2023-10-30 13:59:30,28,29,3930,13859
2023-10-30 13:59:31,27,29,3930,13859
2023-10-30 13:59:32,27,30,3930,13859
2023-10-30 13:59:34,27,29,3930,13859
2023-10-30 13:59:39,28,29,3930,13859
2023-10-30 13:59:39,28,30,3930,13859
2023-10-30 13:59:41,28,29,3930,13859
2023-10-30 13:59:44,27,29,3930,13859
2023-10-30 13:59:46,27,30,3930,13859
2023-10-30 13:59:46,27,29,3930,13859
2023-10-30 13:59:48,27,30,3930,13859
2023-10-30 13:59:50,28,30,3930,13859
2023-10-30 13:59:51,27,30,3930,13859
2023-10-30 13:59:52,28,30,3930,13859
2023-10-30 13:59:53,27,30,3930,13859
2023-10-30 13:59:54,28,30,3930,13859
2023-10-30 13:59:55,27,30,3930,13859
2023-10-30 13:59:57,28,30,3930,13859
2023-10-30 14:00:03,29,30,3930,13859
2023-10-30 14:00:03,29,31,3930,13859
2023-10-30 14:00:07,29,30,3930,13859
2023-10-30 14:00:10,28,30,3930,13859
2023-10-30 14:00:19,27,30,3930,13859
2023-10-30 14:00:22,28,30,3930,13859
2023-10-30 14:00:29,27,30,3930,13859
2023-10-30 14:00:30,27,29,3930,13859
2023-10-30 14:00:35,27,28,3930,13859
2023-10-30 14:00:36,27,29,3930,13859
2023-10-30 14:00:37,27,28,3930,13859
2023-10-30 14:00:38,27,29,3930,13859
2023-10-30 14:00:41,26,29,3930,13859
2023-10-30 14:00:41,26,28,3930,13859
2023-10-30 14:00:44,25,28,3930,13859
2023-10-30 14:00:44,26,28,3930,13859
2023-10-30 14:00:44,25,28,3930,13859
2023-10-30 14:00:55,25,27,3930,13859
2023-10-30 14:00:56,25,28,3930,13859
2023-10-30 14:00:58,25,27,3930,13859
2023-10-30 14:00:59,25,28,3930,13859
2023-10-30 14:01:06,26,28,3930,13859
2023-10-30 14:01:08,26,29,3930,13859
2023-10-30 14:01:09,26,28,3930,13859
2023-10-30 14:01:16,25,28,3930,13859
2023-10-30 14:01:22,25,27,3930,13859
2023-10-30 14:01:25,25,28,3930,13859
2023-10-30 14:01:33,26,28,3930,13859
2023-10-30 14:01:34,27,28,3930,13859
2023-10-30 14:01:34,27,30,3930,13859
2023-10-30 14:01:38,28,30,3930,13859
2023-10-30 14:01:47,28,30,3930,14022
2023-10-30 14:01:49,27,30,3930,14022
2023-10-30 14:01:53,27,29,3930,14022
2023-10-30 14:01:57,26,29,3930,14022
2023-10-30 14:02:00,26,28,3930,14022
2023-10-30 14:02:05,25,28,3930,14022
2023-10-30 14:02:16,25,27,3930,14022
2023-10-30 14:02:18,25,28,3930,14022
2023-10-30 14:02:22,26,28,3930,14022
2023-10-30 14:02:22,26,29,3930,14022
2023-10-30 14:02:26,27,29,3930,14022
2023-10-30 14:02:40,26,29,3930,14022
2023-10-30 14:02:44,26,28,3930,14022
2023-10-30 14:02:50,25,28,3930,14022
2023-10-30 14:02:55,25,27,3930,14022
2023-10-30 14:03:03,25,28,3930,14022
2023-10-30 14:03:07,26,28,3930,14022
2023-10-30 14:03:11,25,28,3930,14022
2023-10-30 14:03:11,26,28,3930,14022
2023-10-30 14:03:18,25,28,3930,14022
2023-10-30 14:03:20,25,27,3930,14022
2023-10-30 14:03:24,25,28,3930,14022
2023-10-30 14:03:29,26,28,3930,14022
2023-10-30 14:03:30,25,28,3930,14022
2023-10-30 14:03:45,26,28,3930,14022
2023-10-30 14:03:49,26,29,3930,14022
2023-10-30 14:04:00,27,29,3930,14022
2023-10-30 14:04:07,26,29,3930,14022
2023-10-30 14:04:12,26,28,3930,14022
2023-10-30 14:04:13,26,29,3930,14022
2023-10-30 14:04:14,26,28,3930,14022
2023-10-30 14:04:15,26,29,3930,14022
2023-10-30 14:04:19,26,28,3930,14022
2023-10-30 14:04:21,26,29,3930,14022
2023-10-30 14:04:25,27,29,3930,14022
2023-10-30 14:04:25,27,30,3930,14022
2023-10-30 14:04:27,28,30,3930,14022
2023-10-30 14:04:28,28,31,3930,14022
2023-10-30 14:04:56,28,30,3930,14022
2023-10-30 14:05:01,28,31,3930,14022
2023-10-30 14:05:02,28,30,3930,14022
2023-10-30 14:05:11,28,31,3930,14022
2023-10-30 14:05:14,28,30,3930,14022
2023-10-30 14:05:20,27,30,3930,14022
2023-10-30 14:05:25,27,29,3930,14022
2023-10-30 14:05:27,26,29,3930,14022
2023-10-30 14:05:29,26,28,3930,14022
2023-10-30 14:05:30,25,28,3930,14022
2023-10-30 14:05:32,25,27,3930,14022
2023-10-30 14:05:36,25,28,3930,14022
2023-10-30 14:05:37,25,27,3930,14022
2023-10-30 14:05:53,24,27,3930,14022
2023-10-30 14:05:53,25,27,3930,14022
2023-10-30 14:05:55,25,26,3930,14022
2023-10-30 14:05:55,24,26,3930,14022
2023-10-30 14:06:05,24,27,3930,14022
2023-10-30 14:06:08,25,27,3930,14022
2023-10-30 14:06:12,24,27,3930,14022
2023-10-30 14:06:13,25,27,3930,14022
2023-10-30 14:06:14,24,27,3930,14022
2023-10-30 14:06:15,24,26,3930,14022
2023-10-30 14:06:18,23,26,3930,14022
2023-10-30 14:06:18,23,25,3930,14022
2023-10-30 14:06:35,23,24,3930,14022
2023-10-30 14:06:36,22,24,3930,14022
2023-10-30 14:06:43,22,23,3930,14022
2023-10-30 14:06:43,21,23,3930,14022
2023-10-30 14:06:46,22,23,3930,14022
2023-10-30 14:06:50,21,23,3930,14022
2023-10-30 14:06:51,21,23,3930,14185
2023-10-30 14:06:52,21,22,3930,14185
2023-10-30 14:06:53,21,23,3930,14185
2023-10-30 14:06:56,21,24,3930,14185
2023-10-30 14:06:56,22,24,3930,14185
2023-10-30 14:07:01,23,24,3930,14185
2023-10-30 14:07:03,23,25,3930,14185
2023-10-30 14:07:05,23,26,3930,14185
2023-10-30 14:07:09,23,25,3930,14185
2023-10-30 14:07:16,22,25,3930,14185
2023-10-30 14:07:16,23,25,3930,14185
2023-10-30 14:07:19,23,24,3930,14185
2023-10-30 14:07:19,21,24,3930,14185
2023-10-30 14:07:19,22,24,3930,14185
2023-10-30 14:07:20,22,25,3930,14185
2023-10-30 14:07:21,23,25,3930,14185
2023-10-30 14:07:33,22,25,3930,14185
2023-10-30 14:07:33,21,25,3930,14185
2023-10-30 14:07:33,21,24,3930,14185
2023-10-30 14:07:33,22,24,3930,14185
2023-10-30 14:07:36,22,25,3930,14185
2023-10-30 14:07:39,21,25,3930,14185
2023-10-30 14:07:39,23,25,3930,14185
2023-10-30 14:07:48,23,26,3930,14185
2023-10-30 14:07:48,24,26,3930,14185
2023-10-30 14:07:49,23,26,3930,14185
2023-10-30 14:07:51,23,25,3930,14185
2023-10-30 14:07:53,23,24,3930,14185
2023-10-30 14:08:02,23,25,3930,14185
2023-10-30 14:08:11,23,24,3930,14185
2023-10-30 14:08:11,21,24,3930,14185
2023-10-30 14:08:11,22,24,3930,14185
2023-10-30 14:08:25,22,23,3930,14185
2023-10-30 14:08:26,20,23,3930,14185
2023-10-30 14:08:27,21,23,3930,14185
2023-10-30 14:08:29,21,24,3930,14185
2023-10-30 14:08:29,22,24,3930,14185
2023-10-30 14:08:36,22,25,3930,14185
2023-10-30 14:08:37,23,25,3930,14185
2023-10-30 14:08:58,23,26,3930,14185
2023-10-30 14:08:59,23,25,3930,14185
2023-10-30 14:09:09,23,24,3930,14185
2023-10-30 14:09:13,21,23,3930,14448
2023-10-30 14:09:13,20,23,3930,14448
2023-10-30 14:09:13,21,23,3930,14448
2023-10-30 14:09:17,22,23,3930,14448
2023-10-30 14:09:21,22,24,3930,14448
2023-10-30 14:09:30,22,25,3930,14448
2023-10-30 14:09:34,22,24,3930,14448
2023-10-30 14:09:34,21,24,3930,14448
2023-10-30 14:09:34,22,24,3930,14448
2023-10-30 14:09:35,22,25,3930,14448
2023-10-30 14:09:35,22,26,3930,14448
2023-10-30 14:09:35,23,26,3930,14448
2023-10-30 14:09:36,23,25,3930,14448
2023-10-30 14:09:36,22,25,3930,14448
2023-10-30 14:09:37,23,25,3930,14448
2023-10-30 14:09:38,22,25,3930,14448
2023-10-30 14:09:39,23,25,3930,14448
2023-10-30 14:09:48,22,25,3930,14448
2023-10-30 14:09:49,23,25,3930,14448
2023-10-30 14:09:54,22,25,3930,14448
2023-10-30 14:09:55,22,24,3930,14448
2023-10-30 14:09:59,22,25,3930,14448
2023-10-30 14:10:03,23,25,3930,14448
2023-10-30 14:10:05,23,26,3930,14448
2023-10-30 14:10:11,23,25,3930,14448
2023-10-30 14:10:14,22,25,3930,14448
2023-10-30 14:10:15,23,25,3930,14448
2023-10-30 14:10:18,23,24,3930,14448
2023-10-30 14:10:18,21,24,3930,14448
2023-10-30 14:10:18,22,24,3930,14448
2023-10-30 14:10:28,22,25,3930,14448
2023-10-30 14:10:28,23,25,3930,14448
2023-10-30 14:10:33,23,26,3930,14448
2023-10-30 14:10:40,24,26,3930,14448
2023-10-30 14:10:47,24,27,3930,14448
2023-10-30 14:10:55,25,27,3930,14448
2023-10-30 14:11:01,23,27,3930,14448
2023-10-30 14:11:01,24,27,3930,14448
2023-10-30 14:11:02,24,26,3930,14448
2023-10-30 14:11:05,24,27,3930,14448
2023-10-30 14:11:10,24,26,3930,14448
2023-10-30 14:11:22,24,25,3930,14448
2023-10-30 14:11:22,22,25,3930,14448
2023-10-30 14:11:22,23,25,3930,14448
2023-10-30 14:11:41,23,24,3930,14448
2023-10-30 14:11:45,23,25,3930,14448
2023-10-30 14:11:48,21,25,3930,14448
2023-10-30 14:11:49,22,25,3930,14448
2023-10-30 14:12:00,23,25,3930,14448
2023-10-30 14:12:04,23,26,3930,14448
2023-10-30 14:12:06,24,26,3930,14448
2023-10-30 14:12:10,24,27,3930,14448
2023-10-30 14:12:13,25,27,3930,14448
2023-10-30 14:12:18,25,28,3930,14448
2023-10-30 14:12:23,25,27,3930,14448
2023-10-30 14:12:34,25,28,3930,14448
2023-10-30 14:12:34,25,27,3930,14448
2023-10-30 14:12:38,25,28,3930,14448
2023-10-30 14:12:41,25,27,3930,14448
2023-10-30 14:12:54,25,28,3930,14448
2023-10-30 14:13:01,26,28,3930,14448
2023-10-30 14:13:08,25,28,3930,14448
2023-10-30 14:13:16,25,27,3930,14448
2023-10-30 14:13:17,25,28,3930,14448
2023-10-30 14:13:19,25,27,3930,14448
2023-10-30 14:13:20,24,27,3930,14448
2023-10-30 14:13:22,24,26,3930,14448
2023-10-30 14:13:26,24,25,3930,14448
2023-10-30 14:13:26,23,25,3930,14448
2023-10-30 14:13:44,23,24,3930,14448
2023-10-30 14:13:45,21,24,3930,14448
2023-10-30 14:13:45,22,24,3930,14448
2023-10-30 14:13:48,23,24,3930,14448
2023-10-30 14:13:51,23,25,3930,14448
2023-10-30 14:14:04,24,25,3930,14448
2023-10-30 14:14:09,22,24,3930,14468
2023-10-30 14:14:09,23,24,3930,14468
2023-10-30 14:14:10,21,24,3930,14468
2023-10-30 14:14:10,22,24,3930,14468
2023-10-30 14:14:22,22,25,3930,14468
2023-10-30 14:14:22,23,25,3930,14468
2023-10-30 14:14:25,23,24,3930,14468
2023-10-30 14:14:25,22,24,3930,14468
2023-10-30 14:14:39,22,23,3930,14468
2023-10-30 14:14:39,20,23,3930,14468
2023-10-30 14:14:39,21,23,3930,14468
2023-10-30 14:14:40,20,23,3930,14468
2023-10-30 14:14:42,21,23,3930,14468
2023-10-30 14:14:44,21,22,3930,14468
2023-10-30 14:14:58,20,22,3930,14468
2023-10-30 14:14:59,20,21,3930,14468
2023-10-30 14:15:01,19,21,3930,14468
2023-10-30 14:15:02,19,20,3930,14468
2023-10-30 14:15:02,18,20,3930,14468
2023-10-30 14:15:02,20,21,3930,14668
2023-10-30 14:15:02,18,21,3930,14668
2023-10-30 14:15:05,19,21,3930,14668
2023-10-30 14:15:12,19,20,3930,14668
2023-10-30 14:15:12,18,20,3930,14668
2023-10-30 14:15:15,19,20,3930,14668
2023-10-30 14:15:20,19,21,3930,14668
2023-10-30 14:15:25,20,21,3930,14668
2023-10-30 14:15:30,18,21,3930,14668
2023-10-30 14:15:30,19,21,3930,14668
2023-10-30 14:15:41,19,20,3930,14668
2023-10-30 14:15:42,18,20,3930,14668
2023-10-30 14:15:43,18,19,3930,14668
2023-10-30 14:15:43,17,19,3930,14668
2023-10-30 14:15:47,18,19,3930,14668
2023-10-30 14:15:51,17,19,3930,14668
2023-10-30 14:15:53,18,19,3930,14668
2023-10-30 14:15:58,17,19,3930,14668
2023-10-30 14:15:59,18,19,3930,14668
2023-10-30 14:16:05,18,20,3930,14668
2023-10-30 14:16:07,18,21,3930,14668
2023-10-30 14:16:07,19,21,3930,14668
2023-10-30 14:16:08,18,21,3930,14668
2023-10-30 14:16:09,19,21,3930,14668
2023-10-30 14:16:19,19,20,3930,14668
2023-10-30 14:16:21,17,20,3930,14668
2023-10-30 14:16:21,18,20,3930,14668
2023-10-30 14:16:26,18,19,3930,14668
2023-10-30 14:16:28,17,19,3930,14668
2023-10-30 14:16:29,18,19,3930,14668
2023-10-30 14:16:35,17,19,3930,14668
2023-10-30 14:16:39,17,18,3930,14668
2023-10-30 14:16:58,16,18,3930,14668
2023-10-30 14:16:58,17,18,3930,14668
2023-10-30 14:17:01,16,18,3930,14668
2023-10-30 14:17:02,17,18,3930,14668
2023-10-30 14:17:02,17,18,4063,14868
2023-10-30 14:17:02,16,18,4063,14868
2023-10-30 14:17:08,17,18,4063,14868
2023-10-30 14:17:20,17,19,4063,14868
2023-10-30 14:17:24,18,19,4063,14868
2023-10-30 14:17:28,18,20,4063,14868
2023-10-30 14:17:43,18,19,4063,14868
2023-10-30 14:17:44,17,19,4063,14868
2023-10-30 14:17:47,16,19,4063,14868
2023-10-30 14:17:58,18,20,4063,14868
2023-10-30 14:18:04,18,19,4063,14868
2023-10-30 14:18:04,16,19,4063,14868
2023-10-30 14:18:04,17,19,4063,14868
2023-10-30 14:18:14,17,20,4063,14868
2023-10-30 14:18:20,18,20,4063,14868
2023-10-30 14:18:35,18,19,4063,14868
2023-10-30 14:18:36,16,19,4063,14868
2023-10-30 14:18:36,17,19,4063,14868
2023-10-30 14:19:01,18,19,4063,14868
2023-10-30 14:19:03,18,20,4103,14908
2023-10-30 14:19:05,18,21,4103,14908
2023-10-30 14:19:06,19,21,4103,14908
2023-10-30 14:19:17,20,21,4103,14908
2023-10-30 14:19:18,19,21,4103,14908
2023-10-30 14:19:19,20,21,4103,14908
2023-10-30 14:19:29,19,21,4103,14908
2023-10-30 14:19:31,19,22,4103,14908
2023-10-30 14:19:31,19,20,4103,14908
2023-10-30 14:19:31,20,22,4223,15028
2023-10-30 14:19:31,19,22,4223,15028
2023-10-30 14:19:32,19,21,4223,15028
2023-10-30 14:19:36,19,22,4223,15028
2023-10-30 14:19:36,19,21,4223,15028
2023-10-30 14:19:37,19,22,4223,15028
2023-10-30 14:19:37,19,21,4223,15028
2023-10-30 14:19:47,18,21,4223,15028
2023-10-30 14:19:48,18,20,4223,15028
2023-10-30 14:20:06,18,19,4223,15028
2023-10-30 14:20:06,17,19,4223,15028
2023-10-30 14:20:06,16,19,4223,15028
2023-10-30 14:20:07,17,19,4223,15028
2023-10-30 14:20:10,18,19,4223,15028
2023-10-30 14:20:11,17,19,4223,15028
2023-10-30 14:20:26,18,19,4223,15028
2023-10-30 14:20:38,16,19,4223,15028
2023-10-30 14:20:38,17,19,4223,15028
2023-10-30 14:20:40,17,18,4223,15028
2023-10-30 14:20:40,16,18,4223,15028
2023-10-30 14:20:41,16,19,4223,15028
2023-10-30 14:20:41,17,19,4223,15028
2023-10-30 14:21:22,16,19,4223,15028
2023-10-30 14:21:23,17,19,4223,15028
2023-10-30 14:21:24,18,19,4223,15028
2023-10-30 14:21:33,18,20,4223,15028
2023-10-30 14:21:33,18,19,4223,15028
2023-10-30 14:21:34,18,20,4223,15028
2023-10-30 14:21:49,18,19,4223,15028
2023-10-30 14:21:49,16,19,4223,15028
2023-10-30 14:21:49,17,19,4223,15028
2023-10-30 14:21:49,16,19,4223,15028
2023-10-30 14:21:51,17,19,4223,15028
2023-10-30 14:21:56,17,18,4223,15028
2023-10-30 14:21:59,17,20,4263,15068
2023-10-30 14:22:02,18,20,4263,15068
2023-10-30 14:22:03,18,19,4263,15068
2023-10-30 14:22:03,16,19,4263,15068
2023-10-30 14:22:03,17,19,4263,15068
2023-10-30 14:22:08,17,20,4263,15068
2023-10-30 14:22:11,18,20,4263,15068
2023-10-30 14:22:23,18,21,4263,15068
2023-10-30 14:22:23,18,20,4263,15068
2023-10-30 14:22:24,19,20,4263,15068
2023-10-30 14:22:24,19,21,4283,15088
2023-10-30 14:22:28,19,22,4283,15088
2023-10-30 14:22:29,19,21,4283,15088
2023-10-30 14:22:31,19,22,4283,15088
2023-10-30 14:22:33,20,22,4283,15088
2023-10-30 14:22:39,20,23,4283,15088
2023-10-30 14:22:40,20,22,4283,15088
2023-10-30 14:22:41,21,22,4283,15088
2023-10-30 14:22:41,21,23,4323,15128
2023-10-30 14:22:44,21,24,4323,15128
2023-10-30 14:22:54,23,24,4323,15128
2023-10-30 14:22:54,23,25,4323,15128
2023-10-30 14:22:54,23,25,4330,15268
2023-10-30 14:22:58,23,24,4330,15268
2023-10-30 14:23:02,21,24,4330,15268
2023-10-30 14:23:05,20,24,4330,15268
2023-10-30 14:23:05,21,24,4330,15268
2023-10-30 14:23:19,21,23,4330,15268
2023-10-30 14:23:19,20,23,4330,15268
2023-10-30 14:23:27,20,22,4330,15268
2023-10-30 14:23:29,19,22,4330,15268
2023-10-30 14:23:30,19,21,4330,15268
2023-10-30 14:23:43,20,21,4330,15268
2023-10-30 14:23:44,19,21,4330,15268
2023-10-30 14:23:50,19,22,4330,15268
2023-10-30 14:23:50,20,22,4330,15268
2023-10-30 14:23:52,19,22,4330,15268
2023-10-30 14:23:56,19,21,4330,15268
2023-10-30 14:23:57,19,20,4330,15268
2023-10-30 14:23:57,18,20,4330,15268
2023-10-30 14:23:58,17,20,4330,15268
2023-10-30 14:23:58,18,20,4330,15268
2023-10-30 14:24:02,19,20,4330,15268
2023-10-30 14:24:05,19,21,4330,15268
2023-10-30 14:24:11,20,21,4330,15268
2023-10-30 14:24:19,20,22,4330,15268
2023-10-30 14:24:20,20,21,4330,15268
2023-10-30 14:24:23,19,21,4330,15268
2023-10-30 14:24:26,20,21,4330,15268
2023-10-30 14:24:43,19,21,4330,15268
2023-10-30 14:24:44,20,21,4330,15268
2023-10-30 14:24:45,19,21,4330,15268
2023-10-30 14:24:46,20,21,4330,15268
2023-10-30 14:24:48,20,22,4330,15268
2023-10-30 14:24:56,20,23,4330,15268
2023-10-30 14:25:02,20,22,4330,15268
2023-10-30 14:25:03,19,22,4330,15268
2023-10-30 14:25:07,20,22,4330,15268
2023-10-30 14:25:11,19,22,4330,15268
2023-10-30 14:25:12,18,22,4330,15268
2023-10-30 14:25:12,18,21,4330,15268
2023-10-30 14:25:16,19,21,4330,15268
2023-10-30 14:25:18,17,21,4330,15268
2023-10-30 14:25:18,18,21,4330,15268
2023-10-30 14:25:19,18,20,4330,15268
2023-10-30 14:25:30,17,20,4330,15268
2023-10-30 14:25:31,17,19,4330,15268
2023-10-30 14:25:47,16,19,4330,15268
2023-10-30 14:25:48,17,19,4330,15268
2023-10-30 14:26:03,17,20,4430,15368
2023-10-30 14:26:04,18,20,4430,15368
2023-10-30 14:26:07,17,20,4430,15368
2023-10-30 14:26:09,18,20,4430,15368
2023-10-30 14:26:22,18,19,4430,15368
2023-10-30 14:26:26,16,19,4430,15368
2023-10-30 14:26:26,17,19,4430,15368
2023-10-30 14:26:36,17,20,4430,15368
2023-10-30 14:26:37,17,19,4430,15368
2023-10-30 14:26:39,18,19,4430,15368
2023-10-30 14:26:48,18,21,4450,15388
2023-10-30 14:26:49,19,21,4450,15388
2023-10-30 14:27:01,20,21,4450,15388
2023-10-30 14:27:03,20,22,4510,15448
2023-10-30 14:27:04,20,23,4510,15448
2023-10-30 14:27:09,20,22,4510,15448
2023-10-30 14:27:21,20,23,4510,15448
2023-10-30 14:27:22,20,22,4510,15448
2023-10-30 14:27:23,20,23,4510,15448
2023-10-30 14:27:23,21,23,4510,15448
2023-10-30 14:27:25,21,22,4510,15448
2023-10-30 14:27:29,21,23,4510,15448
2023-10-30 14:27:36,22,23,4510,15448
2023-10-30 14:27:49,22,24,4510,15448
2023-10-30 14:28:05,20,24,4510,15448
2023-10-30 14:28:05,21,24,4510,15448
2023-10-30 14:28:06,21,23,4510,15448
2023-10-30 14:28:11,20,23,4510,15448
2023-10-30 14:28:12,20,22,4510,15448
2023-10-30 14:28:12,19,22,4510,15448
2023-10-30 14:28:13,20,22,4510,15448
2023-10-30 14:28:23,20,21,4510,15448
2023-10-30 14:28:31,18,21,4510,15448
2023-10-30 14:28:32,19,21,4510,15448
2023-10-30 14:28:51,18,21,4510,15448
2023-10-30 14:28:52,19,21,4510,15448
2023-10-30 14:29:08,20,21,4510,15448
2023-10-30 14:29:10,20,22,4510,15448
2023-10-30 14:29:15,21,22,4510,15448
2023-10-30 14:29:21,19,22,4510,15448
2023-10-30 14:29:22,20,22,4510,15448
2023-10-30 14:29:27,21,22,4510,15448
2023-10-30 14:29:37,19,22,4510,15448
2023-10-30 14:29:38,20,22,4510,15448
2023-10-30 14:29:40,20,21,4510,15448
2023-10-30 14:29:40,18,21,4510,15448
2023-10-30 14:29:40,19,21,4510,15448
2023-10-30 14:29:45,19,22,4510,15448
2023-10-30 14:29:48,20,22,4510,15448
2023-10-30 14:29:52,20,21,4510,15448
2023-10-30 14:30:06,20,22,4510,15448
2023-10-30 14:30:14,20,23,4510,15448
2023-10-30 14:30:17,21,23,4510,15448
2023-10-30 14:30:19,20,23,4510,15448
2023-10-30 14:30:19,21,23,4510,15448
2023-10-30 14:30:45,19,23,4510,15448
2023-10-30 14:30:47,20,23,4510,15448
2023-10-30 14:30:47,21,23,4510,15448
2023-10-30 14:31:12,21,22,4510,15448
2023-10-30 14:31:12,19,22,4510,15448
2023-10-30 14:31:12,20,22,4510,15448
2023-10-30 14:31:22,20,23,4510,15448
2023-10-30 14:31:23,21,23,4510,15448
2023-10-30 14:31:41,21,22,4510,15448
2023-10-30 14:31:42,21,23,4510,15448
2023-10-30 14:31:43,21,22,4510,15448
2023-10-30 14:31:49,21,23,4510,15448
2023-10-30 14:31:49,21,22,4510,15448
2023-10-30 14:31:50,20,22,4510,15448
2023-10-30 14:31:51,21,22,4510,15448
2023-10-30 14:31:58,19,22,4510,15448
2023-10-30 14:32:00,20,22,4510,15448
2023-10-30 14:32:03,20,21,4510,15448
2023-10-30 14:32:05,20,22,4510,15448
2023-10-30 14:32:10,20,23,4510,15448
2023-10-30 14:32:13,21,23,4510,15448
2023-10-30 14:32:18,21,22,4510,15448
2023-10-30 14:32:19,19,22,4510,15448
2023-10-30 14:32:19,20,22,4510,15448
2023-10-30 14:32:30,19,22,4510,15448
2023-10-30 14:32:30,20,22,4510,15448
2023-10-30 14:32:35,20,21,4510,15448
2023-10-30 14:32:39,20,22,4510,15448
2023-10-30 14:32:43,20,23,4510,15448
2023-10-30 14:32:51,21,23,4510,15448
2023-10-30 14:33:03,21,22,4510,15448
2023-10-30 14:33:08,19,22,4510,15448
2023-10-30 14:33:08,20,22,4510,15448
2023-10-30 14:33:21,21,22,4510,15448
2023-10-30 14:33:30,21,24,4550,15488
2023-10-30 14:33:31,22,24,4550,15488
2023-10-30 14:33:33,20,24,4550,15488
2023-10-30 14:33:33,21,24,4550,15488
2023-10-30 14:33:40,22,24,4550,15488
2023-10-30 14:33:44,22,23,4550,15488
2023-10-30 14:33:44,20,23,4550,15488
2023-10-30 14:33:44,21,23,4550,15488
2023-10-30 14:33:46,21,24,4550,15488
2023-10-30 14:33:48,21,23,4550,15488
2023-10-30 14:33:52,21,24,4550,15488
2023-10-30 14:33:53,22,24,4550,15488
2023-10-30 14:33:57,20,24,4550,15488
2023-10-30 14:33:57,21,24,4550,15488
2023-10-30 14:34:04,21,23,4550,15488
2023-10-30 14:34:05,22,23,4550,15488
2023-10-30 14:34:10,22,25,4550,15488
2023-10-30 14:34:10,22,24,4550,15488
2023-10-30 14:34:11,22,25,4550,15488
2023-10-30 14:34:11,23,25,4550,15488
2023-10-30 14:34:11,23,24,4550,15488
2023-10-30 14:34:12,23,25,4550,15488
2023-10-30 14:34:16,24,25,4550,15488
2023-10-30 14:34:20,24,27,4552,15490
2023-10-30 14:34:21,24,26,4552,15490
2023-10-30 14:34:23,25,26,4552,15490
2023-10-30 14:34:26,25,27,4644,15589
2023-10-30 14:34:40,24,27,4644,15589
2023-10-30 14:34:47,24,26,4644,15589
2023-10-30 14:35:02,24,27,4644,15589
2023-10-30 14:35:04,25,27,4644,15589
2023-10-30 14:35:21,24,27,4644,15589
2023-10-30 14:35:23,25,27,4644,15589
2023-10-30 14:35:23,24,27,4644,15589
2023-10-30 14:35:25,23,27,4644,15589
2023-10-30 14:35:25,23,26,4644,15589
2023-10-30 14:35:25,24,26,4644,15589
2023-10-30 14:35:26,24,27,4644,15589
2023-10-30 14:35:32,25,27,4644,15589
2023-10-30 14:35:32,25,27,4644,15629
2023-10-30 14:35:33,25,28,4644,15629
2023-10-30 14:35:33,25,27,4644,15629
2023-10-30 14:35:34,26,27,4644,15629
2023-10-30 14:35:37,27,30,4644,15649
2023-10-30 14:35:41,28,30,4644,15649
2023-10-30 14:35:46,27,30,4644,15649
2023-10-30 14:35:47,28,30,4644,15649
2023-10-30 14:35:49,27,30,4644,15649
2023-10-30 14:35:49,27,29,4644,15649
2023-10-30 14:35:51,28,29,4644,15649
2023-10-30 14:35:51,28,30,4644,15649
2023-10-30 14:35:53,28,31,4644,15649
2023-10-30 14:35:54,29,31,4644,15649
2023-10-30 14:35:55,28,31,4644,15649
2023-10-30 14:35:57,29,31,4644,15649
2023-10-30 14:36:13,30,31,4644,15649
2023-10-30 14:36:23,29,31,4644,15649
2023-10-30 14:36:42,28,31,4644,15649
2023-10-30 14:36:42,28,30,4644,15649
2023-10-30 14:37:02,27,30,4644,15649
2023-10-30 14:37:02,27,29,4644,15649
2023-10-30 14:37:03,27,30,4644,15649
2023-10-30 14:37:04,27,29,4644,15649
2023-10-30 14:37:11,27,30,4644,15649
2023-10-30 14:37:12,28,30,4644,15649
2023-10-30 14:37:14,28,29,4644,15649
2023-10-30 14:37:15,29,32,4712,15729
2023-10-30 14:37:15,29,31,4712,15729
2023-10-30 14:37:19,28,31,4712,15729
2023-10-30 14:37:21,29,31,4712,15729
2023-10-30 14:37:25,30,31,4712,15729
2023-10-30 14:37:32,29,31,4712,15729
2023-10-30 14:37:46,30,31,4712,15729
2023-10-30 14:37:49,30,33,4792,15809
2023-10-30 14:37:49,30,32,4792,15809
2023-10-30 14:37:50,31,32,4792,15809
2023-10-30 14:37:52,30,32,4792,15809
2023-10-30 14:38:00,31,32,4792,15809
2023-10-30 14:38:01,31,35,4792,15809
2023-10-30 14:38:01,31,34,4792,15809
2023-10-30 14:38:02,31,33,4792,15809
2023-10-30 14:38:02,31,32,4792,15809
2023-10-30 14:38:03,32,33,4792,15911
2023-10-30 14:38:04,31,33,4792,15911
2023-10-30 14:38:05,32,33,4792,15911
2023-10-30 14:38:06,32,35,4852,16111
2023-10-30 14:38:06,32,35,5252,16511
2023-10-30 14:38:06,34,36,5252,16511
2023-10-30 14:38:06,34,37,5252,16511
2023-10-30 14:38:06,34,38,5252,16511
2023-10-30 14:38:06,34,35,5252,16511
2023-10-30 14:38:06,34,38,5252,16511
2023-10-30 14:38:07,34,37,5252,16511
2023-10-30 14:38:10,34,36,5252,16511
2023-10-30 14:38:10,35,36,5252,16511
2023-10-30 14:38:11,35,36,5248,16515
2023-10-30 14:38:12,35,37,5248,16515
2023-10-30 14:38:13,35,36,5248,16515
2023-10-30 14:38:18,35,38,5248,16515
2023-10-30 14:38:18,35,37,5248,16515
2023-10-30 14:38:36,36,37,5248,16515
2023-10-30 14:38:42,35,37,5248,16515
2023-10-30 14:38:48,35,37,5240,16523
2023-10-30 14:38:58,35,36,5240,16523
2023-10-30 14:39:09,35,36,5240,16527
2023-10-30 14:39:09,35,37,5243,16530
2023-10-30 14:39:16,35,36,5243,16530
2023-10-30 14:39:20,34,35,5225,16554
2023-10-30 14:39:20,32,35,5225,16554
2023-10-30 14:39:20,33,35,5225,16554
2023-10-30 14:39:21,32,35,5225,16554
2023-10-30 14:39:25,32,34,5225,16554
2023-10-30 14:39:37,32,33,5225,16554
2023-10-30 14:39:37,30,33,5225,16554
2023-10-30 14:39:37,31,33,5225,16554
2023-10-30 14:39:43,31,32,5225,16554
2023-10-30 14:39:43,29,32,5225,16554
2023-10-30 14:39:43,30,32,5225,16554
2023-10-30 14:40:03,30,33,5225,16554
2023-10-30 14:40:03,31,33,5225,16554
2023-10-30 14:40:07,31,32,5225,16554
2023-10-30 14:40:08,29,32,4825,16954
2023-10-30 14:40:08,28,32,4825,16954
2023-10-30 14:40:09,29,32,4825,16954
2023-10-30 14:40:21,30,32,4825,16954
2023-10-30 14:40:25,31,32,4825,16954
2023-10-30 14:40:28,32,35,4905,17034
2023-10-30 14:40:28,32,34,4905,17034
2023-10-30 14:40:29,32,35,4905,17034
2023-10-30 14:40:30,32,34,4905,17034
2023-10-30 14:40:40,32,33,4905,17034
2023-10-30 14:40:44,31,33,4905,17034
2023-10-30 14:40:48,32,33,4905,17034
2023-10-30 14:40:48,32,34,4905,17034
2023-10-30 14:40:48,32,36,4905,17034
2023-10-30 14:40:48,32,35,4905,17034
2023-10-30 14:40:50,32,34,4905,17034
2023-10-30 14:40:52,31,34,4905,17034
2023-10-30 14:40:57,31,33,4905,17034
2023-10-30 14:40:58,30,33,4905,17034
2023-10-30 14:41:02,30,32,4905,17034
2023-10-30 14:41:04,30,33,4905,17034
2023-10-30 14:41:08,30,32,4905,17034
2023-10-30 14:41:11,30,33,4905,17034
2023-10-30 14:41:13,30,32,4905,17034
2023-10-30 14:41:13,29,32,4905,17034
2023-10-30 14:41:20,29,31,4905,17034
2023-10-30 14:41:28,29,30,4905,17034
2023-10-30 14:41:32,29,32,4905,17034
2023-10-30 14:41:37,30,32,4905,17034
2023-10-30 14:41:41,30,33,4905,17034
2023-10-30 14:41:43,29,33,4905,17034
2023-10-30 14:41:43,30,33,4905,17034
2023-10-30 14:41:46,30,32,4905,17034
2023-10-30 14:41:46,29,32,4905,17034
2023-10-30 14:41:50,30,32,4905,17034
2023-10-30 14:41:53,30,33,4905,17034
2023-10-30 14:41:54,30,32,4905,17034
2023-10-30 14:41:58,30,33,4905,17034
2023-10-30 14:41:59,30,32,4905,17034
2023-10-30 14:42:00,30,33,4905,17034
2023-10-30 14:42:03,32,33,4905,17034
2023-10-30 14:42:06,32,36,4905,17034
2023-10-30 14:42:06,32,34,4905,17034
2023-10-30 14:42:08,33,34,4905,17034
2023-10-30 14:42:08,33,37,4925,17054
2023-10-30 14:42:09,33,36,4925,17054
2023-10-30 14:42:13,34,36,4925,17054
2023-10-30 14:42:23,33,36,4925,17054
2023-10-30 14:42:32,32,36,4925,17054
2023-10-30 14:42:32,33,36,4925,17054
2023-10-30 14:42:32,33,35,4925,17054
2023-10-30 14:42:41,32,35,4925,17054
2023-10-30 14:42:42,33,35,4925,17054
2023-10-30 14:42:43,34,35,4925,17054
2023-10-30 14:42:54,33,35,4925,17054
2023-10-30 14:43:01,32,35,4925,17054
2023-10-30 14:43:05,32,34,4925,17054
2023-10-30 14:43:07,32,33,4925,17054
2023-10-30 14:43:14,30,33,4925,17054
2023-10-30 14:43:14,31,33,4925,17054
2023-10-30 14:43:18,30,33,4925,17054
2023-10-30 14:43:23,31,33,4925,17054
2023-10-30 14:43:24,30,33,4925,17054
2023-10-30 14:43:27,31,33,4925,17054
2023-10-30 14:43:29,31,35,4925,17054
2023-10-30 14:43:29,31,34,4925,17054
2023-10-30 14:43:34,32,34,4925,17054
2023-10-30 14:43:35,31,34,4925,17054
2023-10-30 14:43:39,32,34,4925,17054
2023-10-30 14:43:42,32,36,4925,17054
2023-10-30 14:43:42,32,35,4925,17054
2023-10-30 14:43:51,33,35,4925,17054
2023-10-30 14:43:52,32,35,4925,17054
2023-10-30 14:43:59,33,35,4925,17054
2023-10-30 14:44:06,34,35,4925,17054
2023-10-30 14:44:06,34,36,4925,17054
2023-10-30 14:44:10,34,35,4925,17054
2023-10-30 14:44:12,34,36,4925,17054
2023-10-30 14:44:13,34,35,4925,17054
2023-10-30 14:44:14,34,36,4925,17054
2023-10-30 14:44:17,35,36,4925,17054
2023-10-30 14:44:18,34,36,4925,17054
2023-10-30 14:44:21,35,36,4925,17054
2023-10-30 14:44:22,34,36,4925,17054
2023-10-30 14:44:26,34,35,4925,17054
2023-10-30 14:44:44,33,35,4925,17054
2023-10-30 14:44:55,34,35,4925,17054
2023-10-30 14:45:04,34,36,4925,17054
2023-10-30 14:45:07,34,35,4925,17054
2023-10-30 14:45:13,34,36,4925,17054
2023-10-30 14:45:18,35,36,4925,17054
2023-10-30 14:45:21,34,36,4925,17054
2023-10-30 14:45:24,34,35,4925,17054
2023-10-30 14:45:28,34,36,4925,17054
2023-10-30 14:45:31,34,35,4925,17054
2023-10-30 14:45:35,35,36,4925,17246
2023-10-30 14:45:36,34,36,4925,17246
2023-10-30 14:45:41,33,36,4925,17246
2023-10-30 14:45:41,33,35,4925,17246
2023-10-30 14:45:45,32,35,4925,17246
2023-10-30 14:45:46,33,35,4925,17246
2023-10-30 14:45:46,33,36,4925,17246
2023-10-30 14:45:50,33,35,4925,17246
2023-10-30 14:45:55,32,35,4925,17246
2023-10-30 14:45:56,33,35,4925,17246
2023-10-30 14:45:59,33,36,4925,17246
2023-10-30 14:46:00,33,35,4925,17246
2023-10-30 14:46:03,33,36,4925,17246
2023-10-30 14:46:04,34,36,4925,17246
2023-10-30 14:46:12,33,36,4925,17246
2023-10-30 14:46:20,33,35,4925,17246
2023-10-30 14:46:24,33,37,4925,17246
2023-10-30 14:46:24,33,36,4925,17246
2023-10-30 14:46:34,33,35,4925,17246
2023-10-30 14:46:35,35,36,4925,17452
2023-10-30 14:46:35,35,38,4925,17452
2023-10-30 14:46:35,35,38,4985,17512
2023-10-30 14:46:36,35,36,4985,17512
2023-10-30 14:46:36,35,38,4985,17512
2023-10-30 14:46:38,35,37,4985,17512
2023-10-30 14:46:39,35,38,4985,17512
2023-10-30 14:46:39,35,37,4985,17512
2023-10-30 14:46:41,35,38,4985,17512
2023-10-30 14:46:43,35,37,4985,17512
2023-10-30 14:46:47,36,37,4985,17512
2023-10-30 14:46:47,36,38,4985,17512
2023-10-30 14:46:51,37,38,4985,17512
2023-10-30 14:46:51,37,39,4985,17512
2023-10-30 14:46:52,36,39,4985,17512
2023-10-30 14:46:52,36,38,4985,17512
2023-10-30 14:46:54,35,38,4985,17512
2023-10-30 14:46:56,35,37,4985,17512
2023-10-30 14:47:04,35,39,4985,17512
2023-10-30 14:47:04,35,38,4985,17512
2023-10-30 14:47:07,35,37,4985,17512
2023-10-30 14:47:10,36,37,4985,17512
2023-10-30 14:47:10,36,38,4985,17512
2023-10-30 14:47:11,36,39,4985,17512
2023-10-30 14:47:13,36,38,4985,17512
2023-10-30 14:47:15,37,38,4985,17512
2023-10-30 14:47:15,38,39,4985,17657
2023-10-30 14:47:15,38,40,4985,17657
2023-10-30 14:47:15,38,41,4985,17657
2023-10-30 14:47:15,37,41,5045,17717
2023-10-30 14:47:15,37,40,5045,17717
2023-10-30 14:47:16,38,40,5045,17717
2023-10-30 14:47:16,38,41,5045,17717
2023-10-30 14:47:16,38,40,5045,17717
2023-10-30 14:47:17,39,40,5045,17717
2023-10-30 14:47:17,39,41,5045,17717
2023-10-30 14:47:18,40,41,5045,17717
2023-10-30 14:47:18,40,42,5045,17717
2023-10-30 14:47:20,40,41,5045,17717
2023-10-30 14:47:26,40,41,5045,17917
2023-10-30 14:47:26,41,44,5023,17939
2023-10-30 14:47:26,41,43,5023,17939
2023-10-30 14:47:38,41,42,5023,17939
2023-10-30 14:48:00,39,41,4985,17977
2023-10-30 14:48:02,38,41,4985,17977
2023-10-30 14:48:04,38,40,4985,17977
2023-10-30 14:48:07,37,40,4985,17977
2023-10-30 14:48:09,37,39,4985,17977
2023-10-30 14:48:20,37,40,4985,17977
2023-10-30 14:48:21,37,39,4985,17977
2023-10-30 14:48:23,35,39,4985,17977
2023-10-30 14:48:23,36,39,4985,17977
2023-10-30 14:48:25,37,39,4985,17977
2023-10-30 14:48:39,37,40,4985,17977
2023-10-30 14:48:44,37,41,4985,17977
2023-10-30 14:48:45,38,41,4985,17977
2023-10-30 14:48:47,38,40,4985,17977
2023-10-30 14:48:49,38,41,4985,17977
2023-10-30 14:48:50,39,41,4985,17977
2023-10-30 14:48:57,39,41,4985,17980
2023-10-30 14:49:01,39,42,4985,17980
2023-10-30 14:49:01,39,41,4985,17980
2023-10-30 14:49:02,39,42,4985,17980
2023-10-30 14:49:02,39,41,4985,17980
2023-10-30 14:49:21,39,40,4985,17980
2023-10-30 14:49:23,39,42,4985,17980
2023-10-30 14:49:23,39,41,4985,17980
2023-10-30 14:49:27,39,41,4985,17986
2023-10-30 14:49:28,39,42,4985,17986
2023-10-30 14:49:29,39,41,4985,17986
2023-10-30 14:49:47,39,40,4985,17986
2023-10-30 14:49:48,39,42,4985,17986
2023-10-30 14:49:48,39,41,4985,17986
2023-10-30 14:49:51,39,42,4985,17986
2023-10-30 14:49:51,39,41,4985,17986
2023-10-30 14:49:52,39,42,4985,17986
2023-10-30 14:49:52,39,41,4985,17986
2023-10-30 14:50:20,40,41,4985,17986
2023-10-30 14:50:31,39,41,4985,17986
2023-10-30 14:50:39,40,41,4985,17986
2023-10-30 14:50:39,40,42,4985,17986
2023-10-30 14:50:41,39,42,4985,17986
2023-10-30 14:50:41,40,42,4985,17986
2023-10-30 14:50:41,40,41,4985,17986
2023-10-30 14:50:43,39,41,4985,17986
2023-10-30 14:51:18,39,41,4985,18236
2023-10-30 14:51:19,39,42,4985,18236
2023-10-30 14:51:21,41,42,4985,18236
2023-10-30 14:51:23,41,42,4986,18240
2023-10-30 14:51:26,39,42,4986,18240
2023-10-30 14:51:28,39,41,4986,18240
2023-10-30 14:51:45,39,40,4986,18240
2023-10-30 14:51:47,37,40,4986,18240
2023-10-30 14:51:48,38,40,4986,18240
2023-10-30 14:51:56,38,41,4986,18240
2023-10-30 14:51:57,38,40,4986,18240
2023-10-30 14:51:59,38,41,4986,18240
2023-10-30 14:52:01,39,41,4986,18240
2023-10-30 14:52:02,38,41,4986,18240
2023-10-30 14:52:03,37,41,4986,18240
2023-10-30 14:52:03,37,40,4986,18240
2023-10-30 14:52:04,38,40,4986,18240
2023-10-30 14:52:04,38,41,4986,18240
2023-10-30 14:52:06,38,40,4986,18240
2023-10-30 14:52:07,37,40,4986,18240
2023-10-30 14:52:17,37,39,4986,18240
2023-10-30 14:52:27,37,40,4986,18240
2023-10-30 14:52:28,37,39,4986,18240
2023-10-30 14:52:35,36,39,4986,18240
2023-10-30 14:52:36,36,38,4986,18240
2023-10-30 14:52:53,36,37,4986,18240
2023-10-30 14:52:53,35,37,4986,18240
2023-10-30 14:52:54,36,37,4986,18240
2023-10-30 14:52:57,35,37,4986,18240
2023-10-30 14:52:59,35,36,4986,18240
2023-10-30 14:52:59,34,36,4986,18240
2023-10-30 14:53:00,35,36,4986,18240
2023-10-30 14:53:01,35,37,4986,18240
2023-10-30 14:53:13,34,37,4986,18240
2023-10-30 14:53:14,34,36,4986,18240
2023-10-30 14:53:16,34,35,4986,18240
2023-10-30 14:53:16,32,35,4986,18240
2023-10-30 14:53:16,33,35,4986,18240
2023-10-30 14:53:17,33,34,4986,18240
2023-10-30 14:53:18,33,35,4986,18240
2023-10-30 14:53:28,33,34,4986,18240
2023-10-30 14:53:31,31,33,4986,18384
2023-10-30 14:53:31,32,33,4986,18384
2023-10-30 14:53:32,32,34,4986,18384
2023-10-30 14:53:33,32,33,4986,18384
2023-10-30 14:53:38,32,34,4986,18384
2023-10-30 14:53:54,32,36,4986,18384
2023-10-30 14:53:54,33,36,4986,18384
2023-10-30 14:53:54,33,35,4986,18384
2023-10-30 14:54:03,33,34,4986,18384
2023-10-30 14:54:04,30,34,4986,18384
2023-10-30 14:54:04,31,34,4986,18384
2023-10-30 14:54:08,31,33,4986,18384
2023-10-30 14:54:10,31,32,4986,18384
2023-10-30 14:54:11,30,32,4986,18584
2023-10-30 14:54:16,31,32,4986,18584
2023-10-30 14:54:17,31,33,4986,18584
2023-10-30 14:54:18,31,32,4986,18584
2023-10-30 14:54:19,30,32,4986,18584
2023-10-30 14:54:23,30,31,4986,18584
2023-10-30 14:54:27,27,30,4986,18589
2023-10-30 14:54:27,28,30,4986,18589
2023-10-30 14:54:31,28,29,4986,18589
2023-10-30 14:54:35,26,29,4986,18589
2023-10-30 14:54:36,27,29,4986,18589
2023-10-30 14:54:36,27,30,4986,18589
2023-10-30 14:54:36,27,29,4986,18589
2023-10-30 14:54:37,27,31,4986,18589
2023-10-30 14:54:37,28,31,4986,18589
2023-10-30 14:54:37,28,29,4986,18589
2023-10-30 14:54:43,27,29,4986,18589
2023-10-30 14:54:43,28,29,4986,18589
2023-10-30 14:54:43,27,29,4986,18589
2023-10-30 14:54:44,28,29,4986,18589
2023-10-30 14:54:47,28,32,5006,18609
2023-10-30 14:54:47,29,32,5006,18609
2023-10-30 14:54:50,29,33,5006,18609
2023-10-30 14:54:51,30,33,5006,18609
2023-10-30 14:54:51,30,32,5006,18609
2023-10-30 14:54:59,31,32,5006,18609
2023-10-30 14:55:05,29,32,5006,18609
2023-10-30 14:55:05,30,32,5006,18609
2023-10-30 14:55:14,29,32,5006,18609
2023-10-30 14:55:15,28,32,5006,18609
2023-10-30 14:55:15,30,32,5006,18609
2023-10-30 14:55:16,30,31,5006,18609
2023-10-30 14:55:16,28,31,5006,18609
2023-10-30 14:55:16,29,31,5006,18609
2023-10-30 14:55:18,28,29,5006,18720
2023-10-30 14:55:24,28,29,5026,18740
2023-10-30 14:55:42,28,29,5026,18940
2023-10-30 14:55:43,26,29,5026,18940
2023-10-30 14:55:43,27,29,5026,18940
2023-10-30 14:55:56,27,29,5066,18980
2023-10-30 14:56:04,27,30,5066,18980
2023-10-30 14:56:04,28,30,5066,18980
2023-10-30 14:56:04,28,30,5086,19000
2023-10-30 14:56:08,28,31,5086,19000
2023-10-30 14:56:09,28,30,5086,19000
2023-10-30 14:56:19,26,30,5086,19000
2023-10-30 14:56:19,27,30,5086,19000
2023-10-30 14:56:22,27,28,5086,19000
2023-10-30 14:56:25,26,28,5086,19000
2023-10-30 14:56:25,27,28,5086,19000
2023-10-30 14:56:36,28,31,5146,19060
2023-10-30 14:56:36,28,29,5146,19060
2023-10-30 14:56:37,28,31,5146,19060
2023-10-30 14:56:37,28,30,5146,19060
2023-10-30 14:56:41,28,30,5226,19173
2023-10-30 14:56:43,28,31,5226,19173
2023-10-30 14:56:43,28,29,5226,19173
2023-10-30 14:56:44,28,31,5226,19173
2023-10-30 14:56:44,28,30,5226,19173
2023-10-30 14:56:51,29,30,5226,19173
2023-10-30 14:57:12,27,30,5226,19173
2023-10-30 14:57:12,28,30,5226,19173
2023-10-30 14:57:16,28,29,5226,19173
2023-10-30 14:57:16,26,29,5226,19173
2023-10-30 14:57:16,27,29,5226,19173
2023-10-30 14:57:25,27,28,5226,19173
2023-10-30 14:57:33,27,30,5226,19173
2023-10-30 14:57:33,27,29,5226,19173
2023-10-30 14:57:38,27,30,5226,19173
2023-10-30 14:57:38,27,28,5226,19173
2023-10-30 14:57:39,27,30,5266,19213
2023-10-30 14:57:39,27,31,5266,19213
2023-10-30 14:57:39,28,31,5266,19213
2023-10-30 14:57:40,28,32,5266,19213
2023-10-30 14:57:40,28,31,5266,19213
2023-10-30 14:57:43,29,31,5266,19213
2023-10-30 14:57:44,30,31,5266,19213
2023-10-30 14:57:46,31,34,5346,19293
2023-10-30 14:57:46,31,33,5346,19293
2023-10-30 14:57:47,30,33,5346,19293
2023-10-30 14:57:48,31,33,5346,19293
2023-10-30 14:58:01,30,33,5346,19293
2023-10-30 14:58:04,30,32,5346,19293
2023-10-30 14:58:04,29,32,5346,19293
2023-10-30 14:58:05,28,32,5346,19293
2023-10-30 14:58:05,30,32,5346,19293
2023-10-30 14:58:05,28,32,5346,19293
2023-10-30 14:58:05,29,32,5346,19293
2023-10-30 14:58:06,29,33,5346,19293
2023-10-30 14:58:06,29,32,5346,19293
2023-10-30 14:58:08,30,32,5346,19293
2023-10-30 14:58:09,30,31,5346,19293
2023-10-30 14:58:10,30,33,5346,19293
2023-10-30 14:58:10,30,32,5346,19293
2023-10-30 14:58:14,29,32,5346,19293
2023-10-30 14:58:22,29,31,5346,19293
2023-10-30 14:58:23,27,31,5346,19293
2023-10-30 14:58:23,28,31,5346,19293
2023-10-30 14:58:26,28,30,5346,19293
2023-10-30 14:58:33,28,29,5346,19293
2023-10-30 14:59:09,30,33,5366,19313
2023-10-30 14:59:09,30,32,5366,19313
2023-10-30 14:59:12,28,32,5366,19313
2023-10-30 14:59:12,29,32,5366,19313
2023-10-30 14:59:20,29,31,5366,19313
2023-10-30 14:59:28,29,30,5366,19313
2023-10-30 14:59:29,27,30,5366,19313
2023-10-30 14:59:29,28,30,5366,19313
2023-10-30 14:59:31,27,30,5366,19313
2023-10-30 14:59:31,28,30,5366,19313
2023-10-30 14:59:31,27,30,5366,19313
2023-10-30 14:59:31,28,30,5366,19313
2023-10-30 14:59:50,28,30,5380,19327
2023-10-30 14:59:55,29,30,5380,19327
2023-10-30 15:00:03,31,33,5460,19407
2023-10-30 15:00:03,31,35,5460,19407
2023-10-30 15:00:03,31,34,5460,19407
2023-10-30 15:00:04,31,35,5460,19407
2023-10-30 15:00:05,32,35,5460,19407
2023-10-30 15:00:05,34,35,5460,19407
2023-10-30 15:00:05,34,36,5460,19407
2023-10-30 15:00:05,34,37,5460,19407
2023-10-30 15:00:06,35,37,5460,19407
2023-10-30 15:00:06,36,37,5460,19407
2023-10-30 15:00:06,36,39,5460,19407
2023-10-30 15:00:06,36,40,5460,19407
2023-10-30 15:00:07,35,40,5460,19407
2023-10-30 15:00:09,35,39,5460,19407
2023-10-30 15:00:10,36,39,5460,19407
2023-10-30 15:00:12,38,39,5460,19407
2023-10-30 15:00:12,39,41,5460,19604
2023-10-30 15:00:12,39,42,5460,19604
2023-10-30 15:00:12,39,40,5460,19604
2023-10-30 15:00:12,39,41,5460,19604
2023-10-30 15:00:13,40,41,5460,19604
2023-10-30 15:00:13,40,42,5460,19604
2023-10-30 15:00:16,40,41,5460,19604
2023-10-30 15:00:19,39,41,5460,19604
2023-10-30 15:00:22,38,41,5460,19604
2023-10-30 15:00:22,38,40,5460,19604
2023-10-30 15:00:29,39,40,5460,19604
2023-10-30 15:00:29,39,41,5460,19604
2023-10-30 15:00:30,40,41,5460,19604
2023-10-30 15:00:31,39,41,5460,19604
2023-10-30 15:00:33,39,40,5460,19604
2023-10-30 15:00:36,38,40,5460,19604
2023-10-30 15:00:42,40,41,5460,19726
2023-10-30 15:00:43,38,41,5460,19726
2023-10-30 15:00:44,38,40,5460,19726
2023-10-30 15:00:45,37,40,5460,19726
2023-10-30 15:00:45,36,40,5460,19726
2023-10-30 15:00:48,36,39,5460,19726
2023-10-30 15:00:51,35,39,5460,19726
2023-10-30 15:00:51,35,38,5460,19726
2023-10-30 15:00:52,35,37,5460,19726
2023-10-30 15:00:52,35,36,5460,19726
2023-10-30 15:00:52,34,36,5449,19926
2023-10-30 15:00:52,31,36,5449,19926
2023-10-30 15:00:52,32,36,5449,19926
2023-10-30 15:00:53,31,36,5449,19926
2023-10-30 15:00:54,31,34,5449,19926
2023-10-30 15:00:55,30,34,5449,19926
2023-10-30 15:00:55,30,33,5449,19926
2023-10-30 15:00:55,30,32,5449,19926
2023-10-30 15:00:55,28,32,5449,19926
2023-10-30 15:00:56,28,29,5449,19926
2023-10-30 15:00:56,27,28,5369,20006
2023-10-30 15:00:56,28,29,5369,20126
2023-10-30 15:00:56,27,29,5369,20126
2023-10-30 15:00:56,25,29,5369,20126
2023-10-30 15:00:57,25,28,5369,20126
2023-10-30 15:00:58,25,29,5369,20126
2023-10-30 15:01:00,26,29,5369,20126
2023-10-30 15:01:00,27,29,5369,20126
2023-10-30 15:01:02,27,28,5369,20126
2023-10-30 15:01:03,28,32,5449,20206
2023-10-30 15:01:04,28,33,5449,20206
2023-10-30 15:01:04,29,33,5449,20206
2023-10-30 15:01:04,29,30,5449,20206
2023-10-30 15:01:05,29,30,5529,20286
2023-10-30 15:01:05,29,34,5529,20286
2023-10-30 15:01:05,29,32,5529,20286
2023-10-30 15:01:06,31,32,5529,20286
2023-10-30 15:01:07,31,36,5629,20386
2023-10-30 15:01:08,33,36,5629,20386
2023-10-30 15:01:08,33,36,5689,20446
2023-10-30 15:01:08,33,37,5689,20446
2023-10-30 15:01:08,33,35,5689,20446
2023-10-30 15:01:11,33,36,5689,20446
2023-10-30 15:01:11,33,35,5689,20446
2023-10-30 15:01:13,33,37,5689,20446
2023-10-30 15:01:13,33,34,5689,20446
2023-10-30 15:01:14,36,38,5709,20466
2023-10-30 15:01:14,36,38,5829,20586
2023-10-30 15:01:14,36,40,5829,20586
2023-10-30 15:01:14,36,38,5829,20586
2023-10-30 15:01:15,35,38,5829,20586
2023-10-30 15:01:16,33,38,5829,20586
2023-10-30 15:01:18,34,37,5829,20586
2023-10-30 15:01:20,34,36,5829,20586
2023-10-30 15:01:21,33,36,5829,20586
2023-10-30 15:01:22,33,37,5829,20586
2023-10-30 15:01:22,34,37,5829,20586
2023-10-30 15:01:25,35,37,5829,20586
2023-10-30 15:01:25,35,38,5829,20586
2023-10-30 15:01:27,35,41,5829,20586
2023-10-30 15:01:27,39,41,5829,20586
2023-10-30 15:01:27,39,41,5840,20597
2023-10-30 15:01:27,39,42,5840,20597
2023-10-30 15:01:29,40,42,5840,20597
2023-10-30 15:01:33,39,42,5840,20597
2023-10-30 15:01:33,39,41,5840,20597
2023-10-30 15:01:35,39,41,5840,20797
2023-10-30 15:01:35,40,42,5840,20797
2023-10-30 15:01:37,39,42,5840,20797
2023-10-30 15:01:37,39,43,5840,20986
2023-10-30 15:01:37,39,42,5840,20986
2023-10-30 15:01:41,39,41,5840,20986
2023-10-30 15:01:42,37,41,5840,20986
2023-10-30 15:01:42,38,41,5840,20986
2023-10-30 15:01:42,37,41,5840,20986
2023-10-30 15:01:43,38,41,5840,20986
2023-10-30 15:01:43,37,41,5840,20986
2023-10-30 15:01:45,38,41,5840,20986
2023-10-30 15:01:49,38,40,5840,20986
2023-10-30 15:01:50,38,42,5840,20986
2023-10-30 15:01:50,38,41,5840,20986
2023-10-30 15:01:55,40,41,5840,20986
2023-10-30 15:01:55,40,43,5840,20986
2023-10-30 15:01:55,40,42,5840,20986
2023-10-30 15:01:56,41,42,5840,20986
2023-10-30 15:01:56,41,43,5840,20986
2023-10-30 15:01:57,41,45,5840,20986
2023-10-30 15:01:57,41,43,5840,20986
2023-10-30 15:01:59,41,45,5840,21192
2023-10-30 15:02:00,41,44,5840,21192
2023-10-30 15:02:00,41,43,5840,21192
2023-10-30 15:02:01,40,43,5840,21192
2023-10-30 15:02:01,40,42,5840,21192
2023-10-30 15:02:02,38,42,5840,21192
2023-10-30 15:02:05,37,42,5840,21192
2023-10-30 15:02:05,37,41,5840,21192
2023-10-30 15:02:06,37,40,5840,21192
2023-10-30 15:02:07,37,41,5840,21392
2023-10-30 15:02:08,37,40,5840,21392
2023-10-30 15:02:17,38,40,5840,21392
2023-10-30 15:02:18,38,42,5840,21606
2023-10-30 15:02:18,38,41,5840,21606
2023-10-30 15:02:18,38,42,5840,21606
2023-10-30 15:02:19,38,41,5840,21606
2023-10-30 15:02:20,38,42,5840,21606
2023-10-30 15:02:20,38,41,5840,21606
2023-10-30 15:02:21,38,42,5840,21606
2023-10-30 15:02:21,38,41,5840,21606
2023-10-30 15:02:23,38,43,5840,21606
2023-10-30 15:02:23,38,42,5840,21606
2023-10-30 15:02:24,40,42,5840,21606
2023-10-30 15:02:24,40,43,5840,21606
2023-10-30 15:02:24,40,44,5840,21606
2023-10-30 15:02:24,40,43,5840,21606
2023-10-30 15:02:26,41,43,5840,21606
2023-10-30 15:02:27,41,45,5840,21606
2023-10-30 15:02:27,41,44,5840,21606
2023-10-30 15:02:28,42,44,5840,21606
2023-10-30 15:02:30,41,44,5840,21606
2023-10-30 15:02:32,42,44,5840,21606
2023-10-30 15:02:34,41,44,5840,21606
2023-10-30 15:02:36,42,44,5840,21606
2023-10-30 15:02:39,44,46,5840,21796
2023-10-30 15:02:39,44,48,5840,21796
2023-10-30 15:02:39,44,45,5840,21796
2023-10-30 15:02:42,43,45,5840,21796
2023-10-30 15:02:43,41,45,5840,21796
2023-10-30 15:02:43,41,44,5840,21796
2023-10-30 15:02:47,40,44,5840,21796
2023-10-30 15:02:47,40,43,5840,21796
2023-10-30 15:02:51,40,42,5840,21796
2023-10-30 15:02:56,40,43,5840,21796
2023-10-30 15:02:58,40,42,5840,21796
2023-10-30 15:02:59,40,43,5840,21796
2023-10-30 15:03:01,40,42,5840,21796
2023-10-30 15:03:04,38,42,5840,21796
2023-10-30 15:03:04,38,41,5840,21796
2023-10-30 15:03:04,38,40,5840,21796
2023-10-30 15:03:04,36,40,5840,21796
2023-10-30 15:03:04,37,40,5840,21796
2023-10-30 15:03:05,36,40,5840,21796
2023-10-30 15:03:07,37,40,5840,21796
2023-10-30 15:03:11,37,39,5840,21796
2023-10-30 15:03:17,37,40,5840,21796
2023-10-30 15:03:20,37,41,5840,21796
2023-10-30 15:03:20,38,41,5840,21796
2023-10-30 15:03:23,38,40,5840,21796
2023-10-30 15:03:26,38,39,5840,21796
2023-10-30 15:03:26,36,39,5840,21796
2023-10-30 15:03:27,36,37,5840,21796
2023-10-30 15:03:27,35,37,5840,21796
2023-10-30 15:03:28,35,36,5840,21796
2023-10-30 15:03:28,33,35,5840,21967
2023-10-30 15:03:28,32,35,5840,21967
2023-10-30 15:03:28,33,35,5840,21967
2023-10-30 15:03:29,32,35,5840,21967
2023-10-30 15:03:31,32,36,5840,21967
2023-10-30 15:03:31,33,36,5840,21967
2023-10-30 15:03:32,33,35,5840,21967
2023-10-30 15:03:36,33,36,5840,21967
2023-10-30 15:03:37,33,35,5840,21967
2023-10-30 15:03:38,33,36,5840,21967
2023-10-30 15:03:39,33,35,5840,21967
2023-10-30 15:03:42,33,36,5840,21967
2023-10-30 15:03:48,33,37,5840,21967
2023-10-30 15:03:48,34,37,5840,21967
2023-10-30 15:03:51,34,36,5840,21967
2023-10-30 15:03:53,34,37,5840,21967
2023-10-30 15:03:54,34,36,5840,21967
2023-10-30 15:04:01,34,37,5840,21967
2023-10-30 15:04:03,34,36,5840,21967
2023-10-30 15:04:05,34,37,5840,21967
2023-10-30 15:04:06,35,37,5840,21967
2023-10-30 15:04:10,35,36,5840,21967
2023-10-30 15:04:10,32,36,5840,21967
2023-10-30 15:04:10,33,36,5840,21967
2023-10-30 15:04:15,33,37,5840,21967
2023-10-30 15:04:15,34,37,5840,21967
2023-10-30 15:04:21,35,37,5840,21967
2023-10-30 15:04:33,35,36,5840,21967
2023-10-30 15:04:37,32,36,5840,21967
2023-10-30 15:04:37,33,36,5840,21967
2023-10-30 15:04:41,33,37,5840,21967
2023-10-30 15:04:41,34,37,5840,21967
2023-10-30 15:04:44,34,36,5840,21967
2023-10-30 15:04:46,34,35,5840,21967
2023-10-30 15:04:50,34,35,5840,22167
2023-10-30 15:04:50,31,33,5720,22290
2023-10-30 15:04:50,30,33,5720,22290
2023-10-30 15:04:50,32,33,5720,22290
2023-10-30 15:04:51,32,35,5720,22290
2023-10-30 15:04:52,32,36,5720,22290
2023-10-30 15:04:52,33,36,5720,22290
2023-10-30 15:05:03,34,36,5720,22290
2023-10-30 15:05:03,34,37,5720,22290
2023-10-30 15:05:07,34,36,5720,22290
2023-10-30 15:05:09,32,36,5720,22404
2023-10-30 15:05:09,33,36,5720,22404
2023-10-30 15:05:10,33,35,5720,22404
2023-10-30 15:05:11,33,34,5720,22404
2023-10-30 15:05:11,30,34,5720,22404
2023-10-30 15:05:11,31,34,5720,22404
2023-10-30 15:05:13,31,33,5720,22404
