datetime,bid,ask,open_interest,volume
2023-11-02 09:30:01,1,15,425,433
2023-11-02 09:30:01,1,37,425,433
2023-11-02 09:30:01,1,36,425,433
2023-11-02 09:30:01,1,37,425,433
2023-11-02 09:30:40,1,36,425,433
2023-11-02 09:31:00,7,36,425,433
2023-11-02 09:31:00,8,11,425,433
2023-11-02 09:31:05,8,10,425,433
2023-11-02 09:31:10,8,11,425,433
2023-11-02 09:31:11,8,10,425,433
2023-11-02 09:31:14,8,9,425,433
2023-11-02 09:31:17,8,9,675,683
2023-11-02 09:31:20,8,9,925,933
2023-11-02 09:31:20,7,9,925,933
2023-11-02 09:31:22,7,10,925,933
2023-11-02 09:31:23,7,9,925,933
2023-11-02 09:31:24,7,8,925,933
2023-11-02 09:31:26,8,9,1101,1109
2023-11-02 09:31:27,7,9,1101,1109
2023-11-02 09:31:28,8,9,1101,1109
2023-11-02 09:31:28,8,10,1101,1109
2023-11-02 09:31:29,8,9,1101,1109
2023-11-02 09:31:29,8,10,1101,1109
2023-11-02 09:31:29,8,9,1101,1109
2023-11-02 09:31:30,8,10,1101,1109
2023-11-02 09:31:30,8,9,1101,1109
2023-11-02 09:31:31,8,10,1101,1109
2023-11-02 09:31:37,8,11,1101,1109
2023-11-02 09:31:37,8,10,1101,1109
2023-11-02 09:31:46,8,11,1101,1109
2023-11-02 09:31:48,8,10,1101,1109
2023-11-02 09:31:50,8,11,1101,1109
2023-11-02 09:31:51,8,10,1101,1109
2023-11-02 09:32:00,8,11,1101,1109
2023-11-02 09:32:02,9,11,1101,1109
2023-11-02 09:32:05,9,12,1101,1109
2023-11-02 09:32:06,9,11,1101,1109
2023-11-02 09:32:07,9,12,1101,1109
2023-11-02 09:32:09,9,11,1101,1109
2023-11-02 09:32:18,9,12,1101,1109
2023-11-02 09:32:25,9,11,1101,1109
2023-11-02 09:32:32,9,12,1101,1109
2023-11-02 09:32:32,9,11,1101,1109
2023-11-02 09:32:43,9,12,1101,1109
2023-11-02 09:32:44,9,11,1101,1109
2023-11-02 09:32:56,9,10,1101,1109
2023-11-02 09:33:04,8,10,1101,1109
2023-11-02 09:33:07,9,10,1102,1110
2023-11-02 09:33:08,8,10,1102,1110
2023-11-02 09:33:14,8,11,1102,1110
2023-11-02 09:33:14,8,10,1102,1110
2023-11-02 09:33:15,8,11,1102,1110
2023-11-02 09:33:15,8,10,1102,1110
2023-11-02 09:33:22,8,9,1102,1110
2023-11-02 09:33:34,8,10,1102,1110
2023-11-02 09:33:34,8,9,1102,1110
2023-11-02 09:34:24,8,11,1102,1110
2023-11-02 09:34:24,8,10,1102,1110
2023-11-02 09:34:26,8,9,1102,1110
2023-11-02 09:34:30,8,10,1102,1110
2023-11-02 09:34:57,9,10,1102,1110
2023-11-02 09:35:02,9,12,1102,1110
2023-11-02 09:35:02,9,11,1102,1110
2023-11-02 09:35:03,9,10,1102,1110
2023-11-02 09:35:13,9,10,1610,1618
2023-11-02 09:35:16,9,12,1610,1618
2023-11-02 09:35:16,9,11,1610,1618
2023-11-02 09:35:19,9,10,1610,1618
2023-11-02 09:35:27,9,11,1610,1618
2023-11-02 09:35:28,9,10,1610,1618
2023-11-02 09:35:40,8,10,1610,1618
2023-11-02 09:35:43,9,10,1610,1618
2023-11-02 09:35:59,9,11,1610,1618
2023-11-02 09:35:59,9,10,1610,1618
2023-11-02 09:36:10,8,10,1610,1618
2023-11-02 09:36:13,8,9,1610,1618
2023-11-02 09:36:41,8,10,1610,1618
2023-11-02 09:36:41,8,9,1610,1618
2023-11-02 09:37:04,8,10,1610,1618
2023-11-02 09:37:07,8,9,1610,1618
2023-11-02 09:37:20,8,10,1610,1618
2023-11-02 09:37:20,8,9,1610,1618
2023-11-02 09:37:51,8,10,1610,1618
2023-11-02 09:37:51,8,9,1610,1618
2023-11-02 09:38:34,7,9,1610,1618
2023-11-02 09:38:34,7,8,1610,1618
2023-11-02 09:38:40,7,9,1610,1618
2023-11-02 09:38:40,7,8,1610,1618
2023-11-02 09:38:58,7,8,1625,1633
2023-11-02 09:38:59,6,8,1625,1633
2023-11-02 09:39:01,6,7,1625,1633
2023-11-02 09:39:04,6,8,1625,1633
2023-11-02 09:39:11,6,7,1625,1633
2023-11-02 09:39:15,6,8,1625,1633
2023-11-02 09:39:16,6,7,1625,1633
2023-11-02 09:39:18,6,8,1625,1633
2023-11-02 09:39:19,6,7,1625,1633
2023-11-02 09:39:37,6,8,1625,1633
2023-11-02 09:39:37,6,7,1625,1633
2023-11-02 09:40:06,5,7,1625,1633
2023-11-02 09:41:12,5,8,1625,1633
2023-11-02 09:41:12,5,7,1625,1633
2023-11-02 09:41:14,5,8,1625,1633
2023-11-02 09:41:16,6,8,1625,1633
2023-11-02 09:41:24,5,8,1625,1633
2023-11-02 09:41:24,5,8,1625,1633
2023-11-02 09:41:25,5,7,1625,1633
2023-11-02 09:41:49,5,8,1625,1633
2023-11-02 09:41:53,5,7,1625,1633
2023-11-02 09:41:53,6,7,1625,1633
2023-11-02 09:41:53,5,7,1625,1633
2023-11-02 09:41:56,5,8,1625,1633
2023-11-02 09:41:59,5,7,1625,1633
2023-11-02 09:43:00,5,8,1625,1633
2023-11-02 09:43:02,6,8,1625,1633
2023-11-02 09:43:07,6,7,1625,1633
2023-11-02 09:43:12,6,8,1625,1633
2023-11-02 09:43:20,6,7,1625,1633
2023-11-02 09:43:20,5,7,1625,1633
2023-11-02 09:43:24,6,7,1625,1633
2023-11-02 09:43:26,6,8,1625,1633
2023-11-02 09:44:57,5,8,1625,1633
2023-11-02 09:44:57,6,8,1625,1633
2023-11-02 09:44:58,5,8,1625,1633
2023-11-02 09:44:59,6,8,1625,1633
2023-11-02 09:45:15,6,9,1625,1633
2023-11-02 09:45:16,7,9,1625,1633
2023-11-02 09:45:56,8,9,1625,1633
2023-11-02 09:46:16,8,10,1625,1633
2023-11-02 09:46:23,9,10,1625,1633
2023-11-02 09:46:30,8,10,1625,1801
2023-11-02 09:46:31,9,10,1625,1801
2023-11-02 09:46:32,9,11,1625,1801
2023-11-02 09:46:38,8,11,1825,2283
2023-11-02 09:46:40,8,10,1825,2283
2023-11-02 09:46:41,9,10,1825,2283
2023-11-02 09:46:42,8,10,1825,2283
2023-11-02 09:47:10,8,11,1825,2283
2023-11-02 09:47:13,9,11,1825,2283
2023-11-02 09:47:43,8,11,1825,2283
2023-11-02 09:47:44,8,10,1825,2283
2023-11-02 09:47:45,9,10,1825,2283
2023-11-02 09:47:45,9,11,1825,2283
2023-11-02 09:47:45,9,10,1825,2283
2023-11-02 09:47:53,9,11,1825,2283
2023-11-02 09:47:56,9,10,1825,2283
2023-11-02 09:48:01,8,10,1825,2283
2023-11-02 09:48:07,8,11,1825,2283
2023-11-02 09:48:08,8,10,1825,2283
2023-11-02 09:48:43,8,11,1825,2283
2023-11-02 09:48:44,8,10,1825,2283
2023-11-02 09:48:45,9,10,1825,2283
2023-11-02 09:48:45,9,11,1825,2283
2023-11-02 09:49:18,9,10,1825,2283
2023-11-02 09:49:20,8,10,1825,2283
2023-11-02 09:49:43,8,9,1825,2283
2023-11-02 09:49:46,8,10,1825,2283
2023-11-02 09:49:47,8,9,1825,2283
2023-11-02 09:50:00,7,9,1825,2283
2023-11-02 09:51:44,8,9,1825,2283
2023-11-02 09:51:51,7,9,1825,2283
2023-11-02 09:51:59,8,9,1825,2283
2023-11-02 09:52:03,7,9,1825,2283
2023-11-02 09:52:21,8,9,1825,2283
2023-11-02 09:52:29,7,9,1825,2283
2023-11-02 09:52:45,8,9,1825,2283
2023-11-02 09:52:46,7,9,1825,2283
2023-11-02 09:52:47,8,9,1825,2283
2023-11-02 09:52:48,7,9,1825,2283
2023-11-02 09:52:48,8,9,1825,2283
2023-11-02 09:52:55,7,9,1825,2283
2023-11-02 09:53:40,7,8,1825,2283
2023-11-02 09:53:41,7,9,2033,2491
2023-11-02 09:54:49,8,9,2033,2491
2023-11-02 09:54:52,8,10,2033,2691
2023-11-02 09:55:20,8,9,2033,2691
2023-11-02 09:55:25,8,10,2033,2691
2023-11-02 09:55:27,8,9,2033,2691
2023-11-02 09:55:29,8,10,2033,2691
2023-11-02 09:55:29,8,9,2033,2691
2023-11-02 09:55:32,7,9,2033,2691
2023-11-02 09:55:32,7,8,2033,2691
2023-11-02 09:55:58,7,8,2283,2941
2023-11-02 09:55:59,8,10,2433,3091
2023-11-02 09:56:00,7,10,2433,3091
2023-11-02 09:56:01,7,9,2433,3091
2023-11-02 09:56:41,7,8,2433,3091
2023-11-02 09:56:52,7,9,2433,3091
2023-11-02 09:56:52,7,8,2433,3091
2023-11-02 09:56:52,7,9,2433,3091
2023-11-02 09:56:52,7,8,2433,3091
2023-11-02 09:56:53,7,9,2433,3091
2023-11-02 09:56:55,7,8,2433,3091
2023-11-02 09:57:02,7,9,2433,3091
2023-11-02 09:57:02,7,8,2433,3091
2023-11-02 09:57:21,7,9,2433,3091
2023-11-02 09:57:25,7,8,2433,3091
2023-11-02 09:57:26,7,9,2433,3091
2023-11-02 09:57:30,7,8,2433,3091
2023-11-02 09:57:34,7,9,2433,3091
2023-11-02 09:57:40,7,8,2433,3091
2023-11-02 09:57:46,7,9,2433,3091
2023-11-02 09:57:50,7,8,2433,3091
2023-11-02 09:57:51,7,9,2433,3091
2023-11-02 09:57:59,7,8,2433,3091
2023-11-02 09:58:00,7,9,2433,3091
2023-11-02 09:58:04,7,8,2433,3091
2023-11-02 09:58:08,7,9,2433,3091
2023-11-02 09:58:46,7,10,2433,3091
2023-11-02 09:58:46,7,9,2433,3091
2023-11-02 09:58:56,7,10,2433,3091
2023-11-02 09:58:56,7,9,2433,3091
2023-11-02 10:00:25,7,8,2433,3091
2023-11-02 10:00:43,6,8,2433,3091
2023-11-02 10:01:11,6,9,2433,3091
2023-11-02 10:01:11,7,9,2433,3091
2023-11-02 10:01:19,6,9,2433,3091
2023-11-02 10:01:24,7,9,2433,3091
2023-11-02 10:02:16,7,10,2433,3091
2023-11-02 10:02:31,7,9,2433,3091
2023-11-02 10:03:05,6,9,2433,3091
2023-11-02 10:03:18,7,9,2433,3091
2023-11-02 10:03:19,6,9,2433,3091
2023-11-02 10:03:20,7,9,2433,3091
2023-11-02 10:03:26,6,9,2433,3091
2023-11-02 10:03:29,7,9,2433,3091
2023-11-02 10:03:36,7,10,2433,3091
2023-11-02 10:04:02,7,9,2433,3091
2023-11-02 10:05:00,7,10,2433,3091
2023-11-02 10:05:01,7,9,2433,3091
2023-11-02 10:05:09,7,10,2433,3091
2023-11-02 10:05:13,8,10,2433,3091
2023-11-02 10:05:15,7,10,2433,3091
2023-11-02 10:05:16,8,10,2433,3091
2023-11-02 10:05:23,7,10,2433,3091
2023-11-02 10:05:35,8,10,2433,3091
2023-11-02 10:05:40,7,10,2433,3091
2023-11-02 10:06:31,7,9,2433,3091
2023-11-02 10:06:43,7,10,2433,3091
2023-11-02 10:06:49,8,10,2433,3091
2023-11-02 10:06:55,7,10,2433,3091
2023-11-02 10:07:24,7,9,2433,3091
2023-11-02 10:07:38,7,10,2433,3091
2023-11-02 10:07:38,8,10,2433,3091
2023-11-02 10:07:44,9,10,2433,3091
2023-11-02 10:07:49,9,11,2433,3091
2023-11-02 10:07:54,10,11,2433,3091
2023-11-02 10:07:54,10,11,2433,3341
2023-11-02 10:07:55,10,12,2433,3341
2023-11-02 10:07:58,10,11,2433,3341
2023-11-02 10:07:59,10,12,2433,3341
2023-11-02 10:07:59,10,11,2433,3341
2023-11-02 10:08:00,10,12,2665,3573
2023-11-02 10:08:01,11,12,2665,3573
2023-11-02 10:08:06,10,12,2665,3573
2023-11-02 10:08:09,10,11,2665,3573
2023-11-02 10:08:10,10,12,2665,3573
2023-11-02 10:08:10,10,11,2665,3573
2023-11-02 10:08:12,10,12,2665,3573
2023-11-02 10:08:12,10,11,2665,3573
2023-11-02 10:08:13,10,12,2665,3573
2023-11-02 10:08:22,10,11,2665,3573
2023-11-02 10:08:26,10,12,2665,3573
2023-11-02 10:08:27,10,11,2665,3573
2023-11-02 10:08:28,9,11,2665,3573
2023-11-02 10:08:33,9,12,2665,3573
2023-11-02 10:08:34,9,11,2665,3573
2023-11-02 10:08:52,9,10,2665,3573
2023-11-02 10:08:52,8,10,2665,3573
2023-11-02 10:08:52,8,9,2665,3573
2023-11-02 10:08:56,8,10,2665,3573
2023-11-02 10:09:05,9,10,2665,3573
2023-11-02 10:09:06,8,10,2665,3573
2023-11-02 10:09:09,9,10,2665,3573
2023-11-02 10:09:21,9,11,2665,3573
2023-11-02 10:09:21,9,10,2665,3573
2023-11-02 10:09:29,9,11,2665,3573
2023-11-02 10:09:44,10,11,2665,3573
2023-11-02 10:10:00,10,12,2665,3573
2023-11-02 10:10:01,10,11,2665,3573
2023-11-02 10:10:06,10,12,2665,3573
2023-11-02 10:10:08,11,12,2665,3573
2023-11-02 10:10:33,11,13,2665,3573
2023-11-02 10:10:44,12,13,2665,3573
2023-11-02 10:10:59,11,13,2665,3573
2023-11-02 10:10:59,11,12,2665,3573
2023-11-02 10:11:02,11,13,2665,3573
2023-11-02 10:11:09,11,12,2665,3573
2023-11-02 10:11:10,11,13,2665,3573
2023-11-02 10:11:11,11,12,2665,3573
2023-11-02 10:11:13,11,13,2665,3573
2023-11-02 10:11:15,12,13,2665,3573
2023-11-02 10:11:23,12,14,2665,3573
2023-11-02 10:11:26,12,13,2665,3573
2023-11-02 10:11:33,12,14,2665,3573
2023-11-02 10:11:36,12,13,2665,3573
2023-11-02 10:12:11,12,14,2665,3573
2023-11-02 10:12:11,12,13,2665,3573
2023-11-02 10:12:18,12,14,2665,3573
2023-11-02 10:12:19,12,13,2665,3573
2023-11-02 10:13:00,11,13,2665,3573
2023-11-02 10:13:04,11,12,2665,3573
2023-11-02 10:13:06,11,13,2665,3573
2023-11-02 10:13:10,11,14,2665,3573
2023-11-02 10:13:11,11,13,2665,3573
2023-11-02 10:13:15,12,13,2665,3573
2023-11-02 10:13:18,12,14,2665,3573
2023-11-02 10:13:18,12,13,2665,3573
2023-11-02 10:13:20,12,14,2665,3573
2023-11-02 10:13:21,12,13,2665,3573
2023-11-02 10:13:28,12,14,2665,3573
2023-11-02 10:13:32,13,14,2665,3573
2023-11-02 10:14:08,13,15,2665,3573
2023-11-02 10:14:09,13,14,2665,3573
2023-11-02 10:14:27,13,15,2665,3573
2023-11-02 10:14:27,13,14,2665,3573
2023-11-02 10:14:31,12,14,2665,3573
2023-11-02 10:14:31,12,13,2665,3573
2023-11-02 10:14:42,11,13,2665,3573
2023-11-02 10:14:43,11,12,2665,3573
2023-11-02 10:14:44,11,13,2665,3573
2023-11-02 10:14:48,12,13,2665,3573
2023-11-02 10:14:59,11,13,2665,3573
2023-11-02 10:15:01,11,12,2665,3573
2023-11-02 10:15:03,11,13,2665,3573
2023-11-02 10:15:06,11,14,2665,3573
2023-11-02 10:15:06,11,12,2665,3573
2023-11-02 10:15:21,11,13,2665,3573
2023-11-02 10:15:21,11,12,2665,3573
2023-11-02 10:15:47,11,13,2665,3573
2023-11-02 10:15:48,11,13,2665,3573
2023-11-02 10:15:48,11,14,2665,3573
2023-11-02 10:15:48,11,13,2665,3573
2023-11-02 10:15:48,11,12,2665,3573
2023-11-02 10:15:50,11,13,2665,3573
2023-11-02 10:15:50,11,12,2665,3573
2023-11-02 10:15:56,11,13,2843,3751
2023-11-02 10:15:58,12,13,2843,3751
2023-11-02 10:16:03,12,14,2843,3751
2023-11-02 10:16:03,12,13,2843,3751
2023-11-02 10:16:07,11,13,2843,3751
2023-11-02 10:16:09,12,13,2843,3751
2023-11-02 10:16:12,11,13,2843,3751
2023-11-02 10:16:13,11,14,2843,3751
2023-11-02 10:16:13,11,12,2843,3751
2023-11-02 10:16:14,11,13,2843,3751
2023-11-02 10:16:16,11,12,2843,3751
2023-11-02 10:17:01,11,13,2843,3751
2023-11-02 10:17:02,11,12,2843,3751
2023-11-02 10:17:09,11,13,2843,3751
2023-11-02 10:17:09,11,12,2843,3751
2023-11-02 10:17:58,10,12,2843,3751
2023-11-02 10:17:58,10,11,2843,3751
2023-11-02 10:19:17,9,11,2843,3751
2023-11-02 10:19:17,9,10,2843,3751
2023-11-02 10:20:13,9,11,2843,3751
2023-11-02 10:20:13,9,10,2843,3751
2023-11-02 10:20:20,9,11,2843,3751
2023-11-02 10:20:20,9,10,2843,3751
2023-11-02 10:20:56,8,10,2843,3751
2023-11-02 10:20:56,8,9,2843,3751
2023-11-02 10:21:46,7,9,2843,3751
2023-11-02 10:21:46,7,8,2843,3751
2023-11-02 10:21:53,7,9,2843,3751
2023-11-02 10:21:53,7,8,2843,3751
2023-11-02 10:22:01,7,9,2843,3751
2023-11-02 10:22:07,7,8,2843,3751
2023-11-02 10:22:23,7,9,2843,3751
2023-11-02 10:22:28,7,8,2843,3751
2023-11-02 10:22:30,7,9,2843,3751
2023-11-02 10:23:03,7,8,2843,3751
2023-11-02 10:23:06,7,9,2843,3751
2023-11-02 10:23:13,8,9,2843,3751
2023-11-02 10:23:21,7,9,2843,3751
2023-11-02 10:23:31,8,9,2843,3751
2023-11-02 10:23:32,8,10,2843,3751
2023-11-02 10:23:35,8,9,2843,3751
2023-11-02 10:23:40,8,10,2843,3751
2023-11-02 10:23:40,8,9,2843,3751
2023-11-02 10:23:41,8,10,2843,3751
2023-11-02 10:23:56,8,9,2843,3751
2023-11-02 10:23:56,8,10,2843,3751
2023-11-02 10:23:57,8,9,2843,3751
2023-11-02 10:23:58,8,10,2843,3751
2023-11-02 10:23:58,8,9,2843,3751
2023-11-02 10:24:00,8,10,2843,3751
2023-11-02 10:24:00,8,9,2843,3751
2023-11-02 10:24:05,8,10,2843,3751
2023-11-02 10:24:05,8,9,2843,3751
2023-11-02 10:24:43,8,10,2843,3751
2023-11-02 10:24:43,8,9,2843,3751
2023-11-02 10:24:46,8,10,2843,3751
2023-11-02 10:24:47,8,9,2843,3751
2023-11-02 10:24:59,8,10,2843,3751
2023-11-02 10:25:03,8,9,2843,3751
2023-11-02 10:25:15,8,10,2843,3751
2023-11-02 10:25:16,8,9,2843,3751
2023-11-02 10:25:19,7,9,2843,3751
2023-11-02 10:25:22,8,9,2843,3751
2023-11-02 10:25:24,8,10,2843,3751
2023-11-02 10:25:26,8,9,2843,3751
2023-11-02 10:25:35,7,9,2843,3751
2023-11-02 10:25:43,8,9,2843,3751
2023-11-02 10:25:59,7,9,2843,3751
2023-11-02 10:26:24,7,10,2843,3751
2023-11-02 10:26:24,7,9,2843,3751
2023-11-02 10:26:24,7,10,2843,3751
2023-11-02 10:26:25,7,9,2843,3751
2023-11-02 10:26:57,7,8,2843,3751
2023-11-02 10:27:36,6,8,2843,3751
2023-11-02 10:27:45,6,7,2843,3751
2023-11-02 10:28:29,5,7,2843,3751
2023-11-02 10:28:46,5,6,2843,3751
2023-11-02 10:28:52,4,6,2843,3751
2023-11-02 10:29:00,4,5,2843,3751
2023-11-02 10:29:28,4,5,2853,3761
2023-11-02 10:29:29,4,5,3033,3941
2023-11-02 10:29:30,3,5,3033,3941
2023-11-02 10:29:31,4,5,3033,3941
2023-11-02 10:29:33,3,5,3033,3941
2023-11-02 10:29:34,4,5,3033,3941
2023-11-02 10:30:09,3,5,3033,3941
2023-11-02 10:30:10,4,5,3033,3941
2023-11-02 10:30:36,3,5,3033,3941
2023-11-02 10:30:36,4,5,3033,3941
2023-11-02 10:31:00,4,5,3033,4001
2023-11-02 10:31:01,3,5,3033,4001
2023-11-02 10:31:02,4,5,3033,4001
2023-11-02 10:31:18,3,5,3033,4001
2023-11-02 10:31:31,4,5,3033,4001
2023-11-02 10:32:04,4,5,3033,4015
2023-11-02 10:32:06,4,5,3033,4033
2023-11-02 10:32:08,4,5,3033,4051
2023-11-02 10:32:09,4,5,3033,4064
2023-11-02 10:32:14,3,5,3033,4064
2023-11-02 10:32:14,4,5,3033,4064
2023-11-02 10:32:43,4,5,3033,4314
2023-11-02 10:32:45,4,5,3251,4564
2023-11-02 10:32:47,4,6,3351,4664
2023-11-02 10:32:48,5,6,3351,4664
2023-11-02 10:32:48,5,6,3351,4784
2023-11-02 10:32:59,4,6,3351,4784
2023-11-02 10:32:59,5,6,3351,4784
2023-11-02 10:33:07,5,7,3351,4784
2023-11-02 10:33:08,4,7,3351,4784
2023-11-02 10:33:08,5,7,3351,4784
2023-11-02 10:33:13,5,6,3351,4784
2023-11-02 10:33:14,5,7,3351,4784
2023-11-02 10:33:18,5,6,3351,4784
2023-11-02 10:33:28,4,6,3351,4784
2023-11-02 10:33:31,5,6,3351,4784
2023-11-02 10:33:32,4,6,3351,4784
2023-11-02 10:33:34,5,6,3351,4784
2023-11-02 10:33:44,5,7,3351,4784
2023-11-02 10:33:51,5,6,3351,4784
2023-11-02 10:33:56,4,6,3351,4784
2023-11-02 10:34:23,3,6,3351,4784
2023-11-02 10:34:23,4,6,3351,4784
2023-11-02 10:34:49,5,6,3351,4784
2023-11-02 10:34:54,5,7,3351,4784
2023-11-02 10:34:59,5,6,3351,4784
2023-11-02 10:35:01,4,6,3351,4784
2023-11-02 10:35:03,5,6,3351,4784
2023-11-02 10:35:14,5,7,3351,4784
2023-11-02 10:35:21,4,7,3351,4784
2023-11-02 10:35:21,5,7,3351,4784
2023-11-02 10:35:21,4,7,3351,4784
2023-11-02 10:35:21,5,7,3351,4784
2023-11-02 10:35:41,5,6,3351,4784
2023-11-02 10:35:43,5,7,3351,4784
2023-11-02 10:35:46,5,6,3351,4784
2023-11-02 10:35:49,5,7,3351,4784
2023-11-02 10:36:15,5,6,3351,4784
2023-11-02 10:36:17,5,7,3351,4784
2023-11-02 10:36:18,5,6,3351,4784
2023-11-02 10:36:36,4,6,3351,4784
2023-11-02 10:37:14,3,6,3351,4784
2023-11-02 10:37:14,4,6,3351,4784
2023-11-02 10:37:52,3,6,3351,4784
2023-11-02 10:37:52,4,6,3351,4784
2023-11-02 10:37:54,4,6,3351,4800
2023-11-02 10:37:56,4,6,3351,4811
2023-11-02 10:38:04,3,6,3351,4811
2023-11-02 10:38:04,4,6,3351,4811
2023-11-02 10:38:27,3,6,3351,4811
2023-11-02 10:38:28,4,6,3351,4811
2023-11-02 10:38:30,4,6,3351,4828
2023-11-02 10:38:32,4,6,3351,4842
2023-11-02 10:38:34,4,6,3351,4861
2023-11-02 10:38:35,4,5,3351,4861
2023-11-02 10:38:38,4,5,3351,4878
2023-11-02 10:38:40,4,5,3351,4892
2023-11-02 10:38:45,3,5,3351,4892
2023-11-02 10:39:00,3,4,3351,4892
2023-11-02 10:39:01,3,4,3351,4932
2023-11-02 10:40:25,3,4,3351,5012
2023-11-02 10:40:33,3,4,3351,5153
2023-11-02 10:40:33,2,4,3351,5153
2023-11-02 10:40:34,3,4,3351,5153
2023-11-02 10:40:34,2,4,3351,5153
2023-11-02 10:40:35,3,4,3351,5153
2023-11-02 10:40:37,2,4,3351,5153
2023-11-02 10:41:02,2,3,3351,5153
2023-11-02 10:41:26,1,3,3351,5153
2023-11-02 10:51:15,1,2,3351,5153
2023-11-02 10:53:22,1,2,3376,5191
2023-11-02 10:56:04,1,2,3376,5196
2023-11-02 10:56:10,1,2,3376,5201
2023-11-02 11:14:34,1,2,3376,5260
2023-11-02 11:15:29,1,2,3376,5400
2023-11-02 11:15:29,1,2,3376,5540
2023-11-02 11:17:52,1,2,3376,5669
2023-11-02 11:17:52,1,2,3376,5798
2023-11-02 11:17:57,1,2,3376,5799
2023-11-02 11:21:57,1,2,3376,5975
2023-11-02 11:21:59,1,2,3376,6083
2023-11-02 11:22:00,1,2,3376,6249
2023-11-02 11:22:01,1,2,3376,6375
2023-11-02 11:22:03,1,2,3376,6589
2023-11-02 11:22:04,0,2,3376,6638
2023-11-02 11:24:46,0,2,3376,6653
2023-11-02 11:54:23,0,2,3376,6923
2023-11-02 12:37:35,0,1,3376,6923
