datetime,bid,ask,open_interest,volume
2023-02-22 09:31:03,14,20,1094,1094
2023-02-22 09:31:49,14,18,1094,1094
2023-02-22 09:32:06,14,18,1096,1096
2023-02-22 09:35:10,14,20,1096,1096
2023-02-22 09:35:14,14,19,1096,1096
2023-02-22 09:35:15,14,20,1096,1096
2023-02-22 09:35:20,14,19,1096,1096
2023-02-22 09:35:25,14,20,1096,1096
2023-02-22 09:35:25,14,19,1096,1096
2023-02-22 09:35:33,14,20,1096,1096
2023-02-22 09:36:13,14,19,1096,1096
2023-02-22 09:36:25,14,20,1096,1096
2023-02-22 09:36:53,14,19,1096,1096
2023-02-22 09:37:01,14,20,1096,1096
2023-02-22 09:37:02,14,19,1096,1096
2023-02-22 09:37:21,14,18,1096,1096
2023-02-22 09:37:44,14,19,1096,1096
2023-02-22 09:37:44,14,21,1096,1096
2023-02-22 09:37:45,14,20,1096,1096
2023-02-22 09:38:06,15,20,1096,1096
2023-02-22 09:38:25,15,19,1096,1096
2023-02-22 09:38:32,14,18,1096,1096
2023-02-22 09:39:19,14,17,1096,1096
2023-02-22 09:41:08,14,16,1096,1096
2023-02-22 09:41:11,14,17,1096,1096
2023-02-22 09:41:25,14,16,1096,1096
2023-02-22 09:42:01,14,17,1096,1096
2023-02-22 09:42:02,14,16,1096,1096
2023-02-22 09:42:22,14,17,1096,1096
2023-02-22 09:42:24,14,16,1096,1096
2023-02-22 09:42:25,14,17,1096,1096
2023-02-22 09:43:00,14,16,1096,1096
2023-02-22 09:43:16,14,17,1096,1096
2023-02-22 09:44:00,14,16,1096,1096
2023-02-22 09:44:03,14,17,1096,1096
2023-02-22 09:44:15,14,16,1096,1096
2023-02-22 09:44:19,14,17,1096,1096
2023-02-22 09:44:24,14,16,1096,1096
2023-02-22 09:45:13,14,15,1096,1096
2023-02-22 09:46:07,12,14,1109,1109
2023-02-22 09:46:33,11,14,1109,1109
2023-02-22 09:46:58,12,14,1109,1109
2023-02-22 09:47:27,12,13,1109,1109
2023-02-22 09:47:28,12,14,1109,1109
2023-02-22 09:47:37,10,14,1109,1109
2023-02-22 09:47:37,11,14,1109,1109
2023-02-22 09:48:01,12,14,1109,1109
2023-02-22 09:48:31,10,14,1109,1109
2023-02-22 09:48:32,11,14,1109,1109
2023-02-22 09:48:58,12,14,1109,1109
2023-02-22 09:49:32,11,14,1109,1109
2023-02-22 09:49:32,10,14,1109,1109
2023-02-22 09:49:32,12,14,1109,1109
2023-02-22 09:49:59,10,14,1109,1109
2023-02-22 09:49:59,11,14,1109,1109
2023-02-22 09:50:32,12,14,1109,1109
2023-02-22 09:50:32,12,15,1109,1109
2023-02-22 09:50:50,12,16,1109,1109
2023-02-22 09:50:51,13,16,1109,1109
2023-02-22 09:51:37,13,15,1109,1109
2023-02-22 09:51:38,12,15,1109,1109
2023-02-22 09:51:38,13,15,1109,1109
2023-02-22 09:51:58,12,15,1109,1109
2023-02-22 09:51:58,13,15,1109,1109
2023-02-22 09:52:30,12,15,1109,1109
2023-02-22 09:52:56,11,15,1109,1109
2023-02-22 09:52:56,12,15,1109,1109
2023-02-22 09:53:14,13,15,1109,1109
2023-02-22 09:53:14,13,16,1109,1109
2023-02-22 09:53:15,12,16,1109,1109
2023-02-22 09:53:21,13,16,1109,1109
2023-02-22 09:53:41,13,17,1109,1109
2023-02-22 09:53:41,13,18,1109,1109
2023-02-22 09:53:42,14,18,1109,1109
2023-02-22 09:53:42,13,18,1109,1109
2023-02-22 09:53:43,14,17,1109,1109
2023-02-22 09:53:44,14,18,1109,1109
2023-02-22 09:53:44,13,18,1109,1109
2023-02-22 09:53:45,13,17,1109,1109
2023-02-22 09:53:57,14,17,1109,1109
2023-02-22 09:54:07,14,18,1109,1109
2023-02-22 09:54:10,14,17,1109,1109
2023-02-22 09:54:11,14,18,1109,1109
2023-02-22 09:54:14,14,17,1109,1109
2023-02-22 09:54:29,14,18,1109,1109
2023-02-22 09:54:30,14,17,1109,1109
2023-02-22 09:54:32,13,17,1109,1109
2023-02-22 09:54:33,14,17,1109,1109
2023-02-22 09:54:33,14,18,1109,1109
2023-02-22 09:55:22,15,18,1109,1109
2023-02-22 09:56:01,14,18,1109,1109
2023-02-22 09:56:07,15,18,1109,1109
2023-02-22 09:56:11,14,18,1109,1109
2023-02-22 09:56:53,15,18,1109,1109
2023-02-22 09:57:07,15,19,1109,1109
2023-02-22 09:57:07,16,19,1109,1109
2023-02-22 09:57:09,15,19,1109,1109
2023-02-22 09:57:20,16,19,1109,1109
2023-02-22 09:57:21,15,19,1109,1109
2023-02-22 09:57:22,16,19,1109,1109
2023-02-22 09:57:42,15,19,1109,1109
2023-02-22 09:58:04,15,18,1109,1109
2023-02-22 09:58:10,15,19,1109,1109
2023-02-22 09:58:21,16,19,1109,1109
2023-02-22 09:58:22,15,19,1109,1109
2023-02-22 09:58:32,16,19,1109,1109
2023-02-22 09:58:50,15,19,1109,1109
2023-02-22 09:58:54,16,19,1109,1109
2023-02-22 09:58:55,15,19,1109,1109
2023-02-22 09:58:56,16,19,1109,1109
2023-02-22 09:58:58,15,19,1109,1109
2023-02-22 09:59:10,16,19,1109,1109
2023-02-22 10:00:08,17,19,1109,1109
2023-02-22 10:00:08,17,20,1109,1109
2023-02-22 10:00:20,17,21,1109,1109
2023-02-22 10:00:25,17,21,1109,1109
2023-02-22 10:01:12,17,22,1109,1109
2023-02-22 10:01:12,18,22,1109,1109
2023-02-22 10:01:14,17,22,1109,1109
2023-02-22 10:01:14,17,21,1109,1109
2023-02-22 10:01:56,17,22,1109,1109
2023-02-22 10:01:56,18,22,1109,1109
2023-02-22 10:02:08,19,22,1109,1109
2023-02-22 10:02:09,18,22,1109,1109
2023-02-22 10:02:09,19,22,1109,1109
2023-02-22 10:02:32,20,22,1109,1109
2023-02-22 10:02:33,20,23,1109,1109
2023-02-22 10:02:33,19,23,1109,1109
2023-02-22 10:02:36,20,23,1109,1109
2023-02-22 10:02:53,19,23,1109,1109
2023-02-22 10:03:47,20,23,1109,1109
2023-02-22 10:03:49,19,23,1109,1109
2023-02-22 10:04:00,20,23,1109,1109
2023-02-22 10:04:28,20,24,1109,1109
2023-02-22 10:04:28,21,24,1109,1109
2023-02-22 10:04:36,20,24,1109,1109
2023-02-22 10:04:44,21,24,1109,1109
2023-02-22 10:04:47,20,24,1109,1109
2023-02-22 10:04:49,21,24,1109,1109
2023-02-22 10:04:55,20,24,1109,1109
2023-02-22 10:04:56,21,24,1109,1109
2023-02-22 10:04:58,20,24,1109,1109
2023-02-22 10:04:59,21,24,1109,1109
2023-02-22 10:05:03,20,24,1109,1109
2023-02-22 10:05:11,21,24,1109,1109
2023-02-22 10:05:13,20,24,1109,1109
2023-02-22 10:05:20,21,24,1109,1109
2023-02-22 10:05:22,20,24,1109,1109
2023-02-22 10:05:44,20,23,1109,1109
2023-02-22 10:05:45,19,23,1109,1109
2023-02-22 10:06:10,20,23,1109,1109
2023-02-22 10:06:42,19,23,1109,1109
2023-02-22 10:06:43,20,23,1109,1109
2023-02-22 10:07:20,19,23,1109,1109
2023-02-22 10:07:22,20,23,1109,1109
2023-02-22 10:08:08,19,23,1109,1109
2023-02-22 10:08:53,20,23,1109,1109
2023-02-22 10:08:56,19,23,1109,1109
2023-02-22 10:08:58,20,23,1109,1109
2023-02-22 10:09:10,19,23,1109,1109
2023-02-22 10:09:14,20,23,1109,1109
2023-02-22 10:09:15,19,23,1109,1109
2023-02-22 10:09:23,20,23,1109,1109
2023-02-22 10:09:38,20,24,1109,1109
2023-02-22 10:09:38,21,24,1109,1109
2023-02-22 10:09:54,22,24,1109,1109
2023-02-22 10:09:58,22,25,1109,1109
2023-02-22 10:10:10,23,25,1109,1109
2023-02-22 10:10:11,23,26,1109,1109
2023-02-22 10:10:30,24,26,1109,1109
2023-02-22 10:10:34,24,27,1109,1109
2023-02-22 10:10:36,23,27,1109,1109
2023-02-22 10:10:38,24,27,1109,1109
2023-02-22 10:10:50,25,27,1109,1109
2023-02-22 10:10:57,25,28,1109,1109
2023-02-22 10:10:58,24,28,1109,1109
2023-02-22 10:11:00,25,28,1109,1109
2023-02-22 10:11:16,26,28,1109,1109
2023-02-22 10:11:34,26,29,1109,1109
2023-02-22 10:12:09,25,29,1109,1109
2023-02-22 10:12:13,26,29,1109,1109
2023-02-22 10:12:45,25,29,1109,1109
2023-02-22 10:13:02,26,29,1109,1109
2023-02-22 10:13:06,25,29,1109,1109
2023-02-22 10:13:11,26,29,1109,1109
2023-02-22 10:13:26,25,29,1109,1109
2023-02-22 10:13:33,26,29,1109,1109
2023-02-22 10:13:35,25,29,1109,1109
2023-02-22 10:13:40,26,29,1109,1109
2023-02-22 10:13:49,25,29,1109,1109
2023-02-22 10:13:54,26,29,1109,1109
2023-02-22 10:13:57,25,29,1109,1109
2023-02-22 10:14:23,26,29,1109,1109
2023-02-22 10:14:24,25,29,1109,1109
2023-02-22 10:14:27,26,29,1109,1109
2023-02-22 10:14:41,25,29,1109,1109
2023-02-22 10:14:58,26,29,1109,1109
2023-02-22 10:15:06,25,29,1109,1109
2023-02-22 10:15:14,26,29,1109,1109
2023-02-22 10:15:21,25,29,1109,1109
2023-02-22 10:15:27,26,29,1109,1109
2023-02-22 10:16:03,27,29,1109,1109
2023-02-22 10:16:07,26,29,1109,1109
2023-02-22 10:16:09,27,29,1109,1109
2023-02-22 10:16:15,28,29,1109,1109
2023-02-22 10:16:20,28,31,1109,1109
2023-02-22 10:16:20,28,29,1109,1109
2023-02-22 10:16:23,27,29,1109,1109
2023-02-22 10:16:26,28,29,1109,1109
2023-02-22 10:16:29,28,31,1109,1109
2023-02-22 10:16:29,29,31,1109,1109
2023-02-22 10:16:29,28,29,1109,1119
2023-02-22 10:16:35,27,29,1109,1119
2023-02-22 10:16:35,28,29,1109,1119
2023-02-22 10:16:37,27,29,1109,1119
2023-02-22 10:16:39,27,31,1109,1119
2023-02-22 10:17:13,27,30,1109,1119
2023-02-22 10:17:14,26,30,1109,1119
2023-02-22 10:17:43,26,29,1109,1119
2023-02-22 10:17:53,27,29,1109,1119
2023-02-22 10:17:57,26,29,1109,1119
2023-02-22 10:18:00,27,29,1109,1119
2023-02-22 10:18:01,26,29,1109,1119
2023-02-22 10:18:06,27,29,1109,1119
2023-02-22 10:18:08,26,29,1109,1119
2023-02-22 10:18:13,26,30,1109,1119
2023-02-22 10:18:13,26,29,1109,1119
2023-02-22 10:18:15,27,29,1109,1119
2023-02-22 10:18:20,26,29,1109,1119
2023-02-22 10:18:24,27,29,1109,1119
2023-02-22 10:18:37,26,29,1109,1119
2023-02-22 10:18:47,26,29,1109,1124
2023-02-22 10:18:52,26,30,1109,1124
2023-02-22 10:18:56,27,30,1109,1124
2023-02-22 10:19:21,28,30,1109,1124
2023-02-22 10:19:31,27,30,1109,1124
2023-02-22 10:19:32,28,30,1109,1124
2023-02-22 10:19:49,27,30,1109,1124
2023-02-22 10:19:54,27,31,1109,1124
2023-02-22 10:20:07,27,30,1109,1124
2023-02-22 10:20:08,26,30,1109,1124
2023-02-22 10:21:12,27,30,1109,1124
2023-02-22 10:21:18,26,30,1109,1124
2023-02-22 10:22:26,26,29,1109,1124
2023-02-22 10:23:18,26,28,1109,1124
2023-02-22 10:23:18,24,28,1109,1124
2023-02-22 10:24:26,24,27,1109,1124
2023-02-22 10:24:39,24,26,1109,1124
2023-02-22 10:24:39,22,26,1109,1124
2023-02-22 10:24:42,23,26,1109,1124
2023-02-22 10:24:42,23,27,1109,1124
2023-02-22 10:24:45,22,27,1109,1124
2023-02-22 10:24:45,22,26,1109,1124
2023-02-22 10:24:50,22,27,1109,1124
2023-02-22 10:24:50,23,27,1109,1124
2023-02-22 10:24:53,22,27,1109,1124
2023-02-22 10:24:54,22,26,1109,1124
2023-02-22 10:24:56,22,27,1109,1124
2023-02-22 10:24:56,23,27,1109,1124
2023-02-22 10:25:15,23,26,1109,1124
2023-02-22 10:25:15,22,26,1109,1124
2023-02-22 10:25:16,22,27,1109,1124
2023-02-22 10:25:16,23,27,1109,1124
2023-02-22 10:25:25,22,27,1109,1124
2023-02-22 10:25:25,22,26,1109,1124
2023-02-22 10:25:28,22,27,1109,1124
2023-02-22 10:25:28,23,27,1109,1124
2023-02-22 10:25:37,23,26,1109,1124
2023-02-22 10:25:37,22,26,1109,1124
2023-02-22 10:26:38,23,26,1109,1124
2023-02-22 10:26:41,22,26,1109,1124
2023-02-22 10:26:51,23,26,1109,1124
2023-02-22 10:26:54,22,26,1109,1124
2023-02-22 10:26:57,23,26,1109,1124
2023-02-22 10:27:07,23,27,1109,1124
2023-02-22 10:27:15,23,26,1109,1124
2023-02-22 10:27:16,22,26,1109,1124
2023-02-22 10:28:24,23,26,1109,1124
2023-02-22 10:28:46,23,27,1109,1124
2023-02-22 10:29:06,24,27,1109,1124
2023-02-22 10:29:09,23,27,1109,1124
2023-02-22 10:29:11,24,27,1109,1124
2023-02-22 10:29:19,25,27,1109,1124
2023-02-22 10:29:44,25,28,1109,1124
2023-02-22 10:29:57,26,28,1109,1124
2023-02-22 10:30:02,27,28,1109,1124
2023-02-22 10:30:05,26,28,1109,1124
2023-02-22 10:30:18,26,30,1109,1124
2023-02-22 10:30:18,26,29,1109,1124
2023-02-22 10:30:25,25,29,1109,1124
2023-02-22 10:30:30,26,29,1109,1124
2023-02-22 10:30:54,27,29,1109,1124
2023-02-22 10:30:56,27,30,1109,1124
2023-02-22 10:30:57,27,29,1109,1124
2023-02-22 10:31:11,28,29,1109,1124
2023-02-22 10:31:26,28,31,1109,1124
2023-02-22 10:31:26,28,30,1109,1124
2023-02-22 10:32:00,28,31,1109,1124
2023-02-22 10:32:18,29,31,1109,1124
2023-02-22 10:32:26,29,32,1109,1124
2023-02-22 10:33:02,29,32,1136,1151
2023-02-22 10:33:15,29,33,1136,1151
2023-02-22 10:33:16,29,32,1136,1151
2023-02-22 10:33:46,29,33,1136,1151
2023-02-22 10:33:46,29,32,1136,1151
2023-02-22 10:34:44,29,33,1136,1151
2023-02-22 10:34:45,29,32,1136,1151
2023-02-22 10:36:00,29,31,1136,1151
2023-02-22 10:36:15,28,31,1141,1156
2023-02-22 10:37:42,28,32,1141,1156
2023-02-22 10:37:42,28,31,1141,1156
2023-02-22 10:38:49,28,32,1141,1156
2023-02-22 10:39:12,28,31,1141,1156
2023-02-22 10:39:19,29,31,1141,1156
2023-02-22 10:39:29,28,31,1141,1156
2023-02-22 10:39:33,29,31,1141,1156
2023-02-22 10:39:48,29,32,1141,1156
2023-02-22 10:39:49,28,32,1141,1156
2023-02-22 10:40:06,28,31,1141,1156
2023-02-22 10:40:29,28,30,1141,1156
2023-02-22 10:40:29,27,30,1141,1156
2023-02-22 10:41:54,27,29,1141,1156
2023-02-22 10:41:55,26,29,1141,1156
2023-02-22 10:43:05,26,28,1141,1156
2023-02-22 10:43:05,25,28,1141,1156
2023-02-22 10:43:07,25,29,1141,1156
2023-02-22 10:43:10,25,28,1141,1156
2023-02-22 10:43:11,25,29,1141,1156
2023-02-22 10:43:43,26,29,1141,1156
2023-02-22 10:43:58,25,29,1141,1156
2023-02-22 10:43:59,26,29,1141,1156
2023-02-22 10:44:02,25,29,1141,1156
2023-02-22 10:44:52,25,28,1141,1156
2023-02-22 10:44:55,25,29,1141,1156
2023-02-22 10:44:56,25,28,1141,1156
2023-02-22 10:44:57,25,29,1141,1156
2023-02-22 10:45:01,25,28,1141,1156
2023-02-22 10:45:21,25,27,1141,1156
2023-02-22 10:45:45,25,26,1141,1156
2023-02-22 10:45:51,25,27,1141,1156
2023-02-22 10:45:55,25,26,1141,1156
2023-02-22 10:45:58,25,27,1141,1156
2023-02-22 10:45:59,25,26,1141,1156
2023-02-22 10:46:03,25,27,1141,1156
2023-02-22 10:46:07,25,26,1141,1156
2023-02-22 10:46:10,25,27,1141,1156
2023-02-22 10:46:10,25,26,1141,1156
2023-02-22 10:46:12,25,27,1141,1156
2023-02-22 10:47:33,25,28,1141,1156
2023-02-22 10:47:51,25,27,1141,1156
2023-02-22 10:47:54,25,28,1141,1156
2023-02-22 10:47:59,25,27,1141,1156
2023-02-22 10:48:28,25,26,1141,1156
2023-02-22 10:48:29,25,27,1141,1156
2023-02-22 10:48:41,23,27,1241,1256
2023-02-22 10:49:13,23,26,1241,1256
2023-02-22 10:49:14,23,27,1241,1256
2023-02-22 10:50:06,23,26,1241,1256
2023-02-22 10:50:15,23,27,1241,1256
2023-02-22 10:50:22,23,26,1241,1256
2023-02-22 10:50:31,23,27,1241,1256
2023-02-22 10:51:11,24,27,1241,1256
2023-02-22 10:51:16,23,27,1241,1256
2023-02-22 10:51:59,23,26,1241,1256
2023-02-22 10:52:02,23,27,1241,1256
2023-02-22 10:52:12,23,26,1241,1256
2023-02-22 10:52:43,23,27,1241,1256
2023-02-22 10:53:05,23,26,1241,1256
2023-02-22 10:53:17,23,27,1241,1256
2023-02-22 10:53:19,23,26,1241,1256
2023-02-22 10:53:53,23,27,1241,1256
2023-02-22 10:54:06,23,26,1241,1256
2023-02-22 10:54:16,23,25,1241,1256
2023-02-22 10:54:17,22,25,1241,1256
2023-02-22 10:54:26,22,24,1241,1256
2023-02-22 10:54:26,21,24,1241,1256
2023-02-22 10:56:08,21,23,1241,1256
2023-02-22 10:56:08,20,23,1241,1256
2023-02-22 10:57:03,19,23,1241,1256
2023-02-22 10:57:03,19,22,1241,1256
2023-02-22 10:57:33,19,23,1241,1256
2023-02-22 10:58:13,20,23,1241,1256
2023-02-22 10:58:37,19,23,1241,1256
2023-02-22 11:00:05,20,23,1241,1256
2023-02-22 11:00:08,19,23,1241,1256
2023-02-22 11:00:25,20,23,1241,1256
2023-02-22 11:00:28,19,23,1241,1256
2023-02-22 11:01:38,20,23,1241,1256
2023-02-22 11:02:00,19,23,1241,1256
2023-02-22 11:02:32,19,22,1241,1256
2023-02-22 11:04:44,19,23,1241,1256
2023-02-22 11:04:57,19,22,1241,1256
2023-02-22 11:05:29,19,21,1241,1256
2023-02-22 11:05:30,18,21,1241,1256
2023-02-22 11:06:31,19,21,1241,1256
2023-02-22 11:06:32,19,22,1241,1256
2023-02-22 11:06:54,20,22,1241,1256
2023-02-22 11:06:54,20,23,1241,1256
2023-02-22 11:07:03,19,23,1241,1256
2023-02-22 11:08:09,20,23,1241,1256
2023-02-22 11:08:12,20,22,1241,1256
2023-02-22 11:08:26,20,23,1241,1256
2023-02-22 11:08:34,19,23,1241,1256
2023-02-22 11:08:39,20,23,1241,1256
2023-02-22 11:09:30,19,23,1241,1256
2023-02-22 11:10:02,19,22,1241,1256
2023-02-22 11:10:02,19,22,1241,1257
2023-02-22 11:10:05,19,23,1241,1257
2023-02-22 11:10:15,19,22,1241,1257
2023-02-22 11:10:16,18,22,1241,1257
2023-02-22 11:10:17,19,22,1241,1257
2023-02-22 11:10:17,19,23,1241,1257
2023-02-22 11:10:45,20,23,1241,1257
2023-02-22 11:10:48,19,23,1241,1257
2023-02-22 11:11:23,19,22,1241,1257
2023-02-22 11:11:23,18,22,1241,1257
2023-02-22 11:11:28,19,22,1241,1257
2023-02-22 11:11:28,19,23,1241,1257
2023-02-22 11:11:50,19,22,1241,1257
2023-02-22 11:11:50,18,22,1241,1257
2023-02-22 11:11:56,18,23,1241,1257
2023-02-22 11:11:57,19,23,1241,1257
2023-02-22 11:12:06,20,23,1241,1257
2023-02-22 11:12:16,21,23,1241,1257
2023-02-22 11:12:18,20,23,1241,1257
2023-02-22 11:12:19,21,23,1241,1257
2023-02-22 11:12:46,21,24,1241,1257
2023-02-22 11:13:11,22,24,1241,1257
2023-02-22 11:13:11,22,25,1241,1257
2023-02-22 11:14:22,23,25,1241,1257
2023-02-22 11:14:24,23,26,1241,1257
2023-02-22 11:14:29,22,26,1241,1257
2023-02-22 11:15:02,23,26,1241,1257
2023-02-22 11:15:03,22,26,1241,1257
2023-02-22 11:15:30,23,26,1241,1257
2023-02-22 11:15:37,22,26,1241,1257
2023-02-22 11:15:41,23,26,1241,1257
2023-02-22 11:15:48,22,26,1241,1257
2023-02-22 11:15:51,23,26,1241,1257
2023-02-22 11:16:21,24,26,1241,1257
2023-02-22 11:16:22,24,27,1241,1257
2023-02-22 11:16:24,23,27,1241,1257
2023-02-22 11:17:29,24,27,1241,1257
2023-02-22 11:17:31,23,27,1241,1257
2023-02-22 11:17:37,24,27,1241,1257
2023-02-22 11:17:43,23,27,1241,1257
2023-02-22 11:17:44,24,27,1241,1257
2023-02-22 11:17:44,23,27,1241,1257
2023-02-22 11:18:02,24,27,1241,1257
2023-02-22 11:18:06,23,27,1241,1257
2023-02-22 11:18:42,24,27,1241,1257
2023-02-22 11:18:42,23,27,1241,1257
2023-02-22 11:19:01,24,27,1241,1257
2023-02-22 11:19:12,23,27,1241,1257
2023-02-22 11:19:55,23,26,1241,1257
2023-02-22 11:20:09,23,25,1241,1257
2023-02-22 11:20:21,22,23,1243,1259
2023-02-22 11:20:37,22,25,1243,1259
2023-02-22 11:20:37,22,24,1243,1259
2023-02-22 11:20:38,21,24,1243,1259
2023-02-22 11:20:56,20,24,1243,1259
2023-02-22 11:20:58,20,23,1243,1259
2023-02-22 11:20:59,19,23,1243,1259
2023-02-22 11:21:00,20,23,1243,1259
2023-02-22 11:21:00,20,24,1243,1259
2023-02-22 11:21:08,20,23,1243,1259
2023-02-22 11:21:09,19,23,1243,1259
2023-02-22 11:21:14,19,24,1243,1259
2023-02-22 11:21:15,20,24,1243,1259
2023-02-22 11:21:45,19,24,1243,1259
2023-02-22 11:21:46,21,24,1243,1259
2023-02-22 11:21:55,21,24,1243,1284
2023-02-22 11:23:07,21,23,1243,1284
2023-02-22 11:23:08,19,23,1243,1284
2023-02-22 11:23:22,19,22,1243,1284
2023-02-22 11:23:33,19,23,1243,1284
2023-02-22 11:24:16,20,23,1243,1284
2023-02-22 11:24:30,19,23,1243,1284
2023-02-22 11:24:43,20,23,1243,1284
2023-02-22 11:24:45,19,23,1243,1284
2023-02-22 11:25:16,20,23,1243,1284
2023-02-22 11:25:46,19,23,1243,1284
2023-02-22 11:25:47,20,23,1243,1284
2023-02-22 11:26:08,21,23,1243,1284
2023-02-22 11:26:08,21,24,1243,1284
2023-02-22 11:27:30,22,24,1243,1284
2023-02-22 11:27:30,22,25,1243,1284
2023-02-22 11:27:34,21,25,1243,1284
2023-02-22 11:27:54,20,25,1243,1284
2023-02-22 11:27:54,20,24,1243,1284
2023-02-22 11:28:05,20,25,1243,1284
2023-02-22 11:28:05,21,25,1243,1284
2023-02-22 11:28:21,20,25,1243,1284
2023-02-22 11:28:21,20,24,1243,1284
2023-02-22 11:28:36,20,25,1243,1284
2023-02-22 11:28:36,21,25,1243,1284
2023-02-22 11:28:58,22,25,1243,1284
2023-02-22 11:29:05,21,25,1243,1284
2023-02-22 11:29:46,22,25,1243,1284
2023-02-22 11:29:51,21,25,1243,1284
2023-02-22 11:30:04,22,25,1243,1284
2023-02-22 11:30:08,21,25,1243,1284
2023-02-22 11:30:38,22,25,1243,1284
2023-02-22 11:30:55,21,25,1243,1284
2023-02-22 11:31:23,21,24,1243,1284
2023-02-22 11:31:24,20,24,1243,1284
2023-02-22 11:32:07,20,23,1243,1284
2023-02-22 11:32:07,19,23,1243,1284
2023-02-22 11:32:36,18,23,1243,1284
2023-02-22 11:32:36,18,22,1243,1284
2023-02-22 11:32:38,19,22,1243,1284
2023-02-22 11:33:04,19,23,1243,1284
2023-02-22 11:33:04,20,23,1243,1284
2023-02-22 11:33:32,19,23,1243,1284
2023-02-22 11:33:33,20,23,1243,1284
2023-02-22 11:33:43,19,23,1243,1284
2023-02-22 11:34:05,20,23,1243,1284
2023-02-22 11:34:13,19,23,1243,1284
2023-02-22 11:34:54,18,23,1243,1284
2023-02-22 11:34:54,18,22,1243,1284
2023-02-22 11:34:55,19,22,1243,1284
2023-02-22 11:34:58,18,22,1243,1284
2023-02-22 11:34:59,19,22,1243,1284
2023-02-22 11:35:01,18,22,1243,1284
2023-02-22 11:35:24,18,21,1243,1284
2023-02-22 11:36:04,18,22,1243,1284
2023-02-22 11:36:04,19,22,1243,1284
2023-02-22 11:36:20,18,22,1243,1284
2023-02-22 11:36:23,19,22,1243,1284
2023-02-22 11:36:25,18,22,1243,1284
2023-02-22 11:37:19,18,21,1243,1284
2023-02-22 11:37:48,18,22,1243,1284
2023-02-22 11:37:48,19,22,1243,1284
2023-02-22 11:38:03,19,21,1243,1284
2023-02-22 11:38:10,20,21,1243,1284
2023-02-22 11:38:22,20,24,1243,1284
2023-02-22 11:38:38,20,23,1243,1284
2023-02-22 11:38:39,21,23,1243,1284
2023-02-22 11:39:06,22,23,1243,1284
2023-02-22 11:39:34,22,25,1243,1284
2023-02-22 11:40:25,21,25,1243,1284
2023-02-22 11:40:26,22,25,1243,1284
2023-02-22 11:40:26,21,25,1243,1284
2023-02-22 11:40:29,22,25,1243,1284
2023-02-22 11:40:44,21,25,1243,1284
2023-02-22 11:41:18,21,24,1243,1284
2023-02-22 11:41:18,20,24,1243,1284
2023-02-22 11:41:21,21,24,1243,1284
2023-02-22 11:42:15,20,24,1243,1284
2023-02-22 11:42:18,21,24,1243,1284
2023-02-22 11:42:20,20,24,1243,1284
2023-02-22 11:42:21,21,24,1243,1284
2023-02-22 11:42:37,21,25,1243,1284
2023-02-22 11:42:37,22,25,1243,1284
2023-02-22 11:43:31,21,25,1243,1284
2023-02-22 11:43:44,20,25,1243,1284
2023-02-22 11:43:44,20,24,1243,1284
2023-02-22 11:43:45,21,24,1243,1284
2023-02-22 11:43:47,20,24,1243,1284
2023-02-22 11:43:48,21,24,1243,1284
2023-02-22 11:43:52,20,24,1243,1284
2023-02-22 11:44:07,21,24,1243,1284
2023-02-22 11:44:29,20,24,1243,1284
2023-02-22 11:44:53,20,23,1243,1284
2023-02-22 11:44:54,19,23,1243,1284
2023-02-22 11:44:56,19,24,1243,1284
2023-02-22 11:44:56,20,24,1243,1284
2023-02-22 11:44:58,19,24,1243,1284
2023-02-22 11:44:58,19,23,1243,1284
2023-02-22 11:45:00,19,24,1243,1284
2023-02-22 11:45:06,20,23,1243,1284
2023-02-22 11:45:06,19,23,1243,1284
2023-02-22 11:45:12,20,23,1243,1284
2023-02-22 11:45:12,20,24,1243,1284
2023-02-22 11:45:13,19,24,1243,1284
2023-02-22 11:45:13,19,23,1243,1284
2023-02-22 11:45:16,20,23,1243,1284
2023-02-22 11:45:17,20,24,1243,1284
2023-02-22 11:45:57,19,24,1243,1284
2023-02-22 11:45:57,19,23,1243,1284
2023-02-22 11:46:00,19,24,1243,1284
2023-02-22 11:46:00,20,24,1243,1284
2023-02-22 11:46:24,21,24,1243,1284
2023-02-22 11:46:54,20,24,1243,1284
2023-02-22 11:46:54,21,24,1243,1284
2023-02-22 11:46:58,20,24,1243,1284
2023-02-22 11:47:05,21,24,1243,1284
2023-02-22 11:47:11,20,24,1243,1284
2023-02-22 11:47:45,21,24,1243,1284
2023-02-22 11:47:47,20,24,1243,1284
2023-02-22 11:47:59,21,24,1243,1284
2023-02-22 11:49:11,21,25,1243,1284
2023-02-22 11:49:11,22,25,1243,1284
2023-02-22 11:49:19,23,25,1243,1284
2023-02-22 11:49:39,23,26,1243,1284
2023-02-22 11:49:53,22,26,1243,1284
2023-02-22 11:50:53,22,25,1243,1284
2023-02-22 11:50:53,21,25,1243,1284
2023-02-22 11:51:18,20,25,1243,1284
2023-02-22 11:51:19,20,24,1243,1284
2023-02-22 11:51:20,21,24,1243,1284
2023-02-22 11:51:21,21,25,1243,1284
2023-02-22 11:52:02,21,24,1243,1284
2023-02-22 11:52:03,20,24,1243,1284
2023-02-22 11:52:43,20,23,1243,1284
2023-02-22 11:52:44,19,23,1243,1284
2023-02-22 11:52:56,20,23,1243,1284
2023-02-22 11:52:56,20,24,1243,1284
2023-02-22 11:53:38,21,24,1243,1284
2023-02-22 11:53:42,20,24,1243,1284
2023-02-22 11:53:43,21,24,1243,1284
2023-02-22 11:54:20,22,24,1243,1284
2023-02-22 11:54:20,22,25,1243,1284
2023-02-22 11:55:57,21,25,1243,1284
2023-02-22 11:56:14,20,25,1243,1284
2023-02-22 11:56:14,20,24,1243,1284
2023-02-22 11:56:53,21,24,1243,1284
2023-02-22 11:56:54,21,25,1243,1284
2023-02-22 11:56:59,21,24,1243,1284
2023-02-22 11:56:59,20,24,1243,1284
2023-02-22 11:57:44,21,24,1243,1284
2023-02-22 11:57:46,21,24,1243,1284
2023-02-22 11:57:46,20,24,1243,1284
2023-02-22 11:57:48,20,25,1243,1284
2023-02-22 11:57:48,21,25,1243,1284
2023-02-22 11:58:13,21,24,1243,1284
2023-02-22 11:58:14,20,24,1243,1284
2023-02-22 11:58:54,19,24,1243,1284
2023-02-22 11:58:54,19,23,1243,1284
2023-02-22 11:59:23,18,23,1243,1284
2023-02-22 11:59:27,18,22,1243,1284
2023-02-22 12:00:14,19,22,1243,1284
2023-02-22 12:01:05,19,23,1243,1284
2023-02-22 12:01:05,20,23,1243,1284
2023-02-22 12:01:06,19,23,1243,1284
2023-02-22 12:01:07,20,23,1243,1284
2023-02-22 12:02:05,19,23,1243,1284
2023-02-22 12:02:17,20,23,1243,1284
2023-02-22 12:02:57,21,23,1243,1284
2023-02-22 12:03:00,21,24,1243,1284
2023-02-22 12:03:03,20,24,1243,1284
2023-02-22 12:03:29,21,24,1243,1284
2023-02-22 12:03:46,20,24,1243,1284
2023-02-22 12:04:10,20,23,1243,1284
2023-02-22 12:04:11,19,23,1243,1284
2023-02-22 12:04:20,20,23,1243,1284
2023-02-22 12:04:20,20,24,1243,1284
2023-02-22 12:05:02,20,23,1243,1284
2023-02-22 12:05:03,19,23,1243,1284
2023-02-22 12:05:26,19,22,1243,1284
2023-02-22 12:05:34,18,22,1243,1284
2023-02-22 12:06:05,19,22,1243,1284
2023-02-22 12:06:05,19,23,1243,1284
2023-02-22 12:06:16,19,22,1243,1284
2023-02-22 12:06:16,18,22,1243,1284
2023-02-22 12:06:25,18,23,1243,1284
2023-02-22 12:06:25,19,23,1243,1284
2023-02-22 12:07:52,19,22,1243,1284
2023-02-22 12:07:52,18,22,1243,1284
2023-02-22 12:08:10,18,21,1243,1284
2023-02-22 12:09:58,19,21,1243,1284
2023-02-22 12:10:16,20,21,1243,1284
2023-02-22 12:10:21,19,21,1243,1284
2023-02-22 12:10:23,20,21,1243,1284
2023-02-22 12:10:29,19,21,1243,1284
2023-02-22 12:10:34,20,21,1243,1284
2023-02-22 12:10:57,20,23,1243,1284
2023-02-22 12:11:12,20,22,1243,1284
2023-02-22 12:11:22,19,22,1243,1284
2023-02-22 12:11:24,20,22,1243,1284
2023-02-22 12:11:52,21,22,1243,1284
2023-02-22 12:12:02,20,22,1243,1284
2023-02-22 12:12:09,21,22,1243,1284
2023-02-22 12:12:31,20,22,1243,1284
2023-02-22 12:12:42,20,24,1243,1284
2023-02-22 12:13:06,20,23,1243,1284
2023-02-22 12:13:06,19,23,1243,1284
2023-02-22 12:13:14,20,23,1243,1284
2023-02-22 12:13:15,20,24,1243,1284
2023-02-22 12:14:17,21,24,1243,1284
2023-02-22 12:14:47,20,24,1243,1284
2023-02-22 12:15:13,20,23,1243,1284
2023-02-22 12:15:13,19,23,1243,1284
2023-02-22 12:15:15,19,24,1243,1284
2023-02-22 12:15:15,20,24,1243,1284
2023-02-22 12:15:17,20,23,1243,1284
2023-02-22 12:15:17,19,23,1243,1284
2023-02-22 12:15:19,19,24,1243,1284
2023-02-22 12:15:20,20,24,1243,1284
2023-02-22 12:16:02,20,23,1243,1284
2023-02-22 12:16:02,19,23,1243,1284
2023-02-22 12:16:16,19,22,1243,1284
2023-02-22 12:16:47,18,22,1243,1284
2023-02-22 12:17:01,18,21,1243,1284
2023-02-22 12:18:43,17,21,1243,1284
2023-02-22 12:18:43,17,20,1243,1284
2023-02-22 12:18:44,16,20,1243,1284
2023-02-22 12:18:44,17,20,1243,1284
2023-02-22 12:19:14,16,20,1243,1284
2023-02-22 12:19:14,16,19,1243,1284
2023-02-22 12:19:27,16,20,1243,1284
2023-02-22 12:20:02,16,19,1243,1284
2023-02-22 12:20:13,16,20,1243,1284
2023-02-22 12:21:06,16,19,1243,1284
2023-02-22 12:21:38,16,20,1243,1284
2023-02-22 12:21:40,16,19,1243,1284
2023-02-22 12:21:42,16,20,1243,1284
2023-02-22 12:21:44,16,19,1243,1284
2023-02-22 12:21:53,16,20,1243,1284
2023-02-22 12:22:02,16,19,1243,1284
2023-02-22 12:22:33,16,20,1243,1284
2023-02-22 12:22:34,16,19,1243,1284
2023-02-22 12:22:48,16,20,1243,1284
2023-02-22 12:24:05,16,19,1243,1284
2023-02-22 12:25:02,15,19,1243,1284
2023-02-22 12:25:02,15,18,1243,1284
2023-02-22 12:29:55,15,19,1243,1284
2023-02-22 12:29:55,16,19,1243,1284
2023-02-22 12:30:03,15,19,1243,1284
2023-02-22 12:30:03,16,19,1243,1284
2023-02-22 12:30:05,15,19,1243,1284
2023-02-22 12:30:43,15,18,1243,1284
2023-02-22 12:34:16,15,17,1243,1284
2023-02-22 12:34:16,14,17,1243,1284
2023-02-22 12:34:27,14,16,1243,1284
2023-02-22 12:34:29,14,17,1243,1284
2023-02-22 12:34:33,13,17,1243,1284
2023-02-22 12:34:34,14,17,1243,1284
2023-02-22 12:36:06,14,18,1243,1284
2023-02-22 12:36:06,15,18,1243,1284
2023-02-22 12:36:15,14,18,1243,1284
2023-02-22 12:37:55,14,17,1243,1284
2023-02-22 12:38:04,14,16,1243,1284
2023-02-22 12:38:05,13,16,1243,1284
2023-02-22 12:38:14,13,15,1243,1284
2023-02-22 12:42:04,13,14,1243,1284
2023-02-22 12:42:07,13,15,1243,1284
2023-02-22 12:42:09,13,14,1243,1284
2023-02-22 12:42:10,13,15,1243,1284
2023-02-22 12:42:11,13,14,1243,1284
2023-02-22 12:42:28,13,15,1243,1284
2023-02-22 12:43:03,13,14,1243,1284
2023-02-22 12:43:06,13,15,1243,1284
2023-02-22 12:43:19,13,14,1243,1284
2023-02-22 12:43:39,13,15,1243,1284
2023-02-22 12:43:41,13,14,1243,1284
2023-02-22 12:43:42,13,15,1243,1284
2023-02-22 12:43:44,13,14,1243,1284
2023-02-22 12:43:53,13,15,1243,1284
2023-02-22 12:43:59,13,14,1243,1284
2023-02-22 12:44:03,11,14,1239,1288
2023-02-22 12:44:04,11,15,1239,1288
2023-02-22 12:44:06,11,14,1239,1288
2023-02-22 12:46:36,12,14,1239,1288
2023-02-22 12:46:52,12,13,1239,1288
2023-02-22 12:47:47,12,14,1239,1288
2023-02-22 12:49:26,12,15,1239,1288
2023-02-22 12:49:57,13,15,1239,1288
2023-02-22 12:50:18,13,15,1254,1303
2023-02-22 12:51:36,13,15,1264,1338
2023-02-22 12:51:38,12,15,1264,1338
2023-02-22 12:51:38,13,15,1264,1338
2023-02-22 12:52:09,12,15,1264,1338
2023-02-22 12:52:09,13,15,1264,1338
2023-02-22 12:52:58,12,15,1264,1338
2023-02-22 12:52:58,13,15,1264,1338
2023-02-22 12:53:25,12,15,1264,1338
2023-02-22 12:53:25,13,15,1264,1338
2023-02-22 12:53:53,12,15,1264,1338
2023-02-22 12:56:35,13,15,1264,1338
2023-02-22 12:57:08,12,15,1264,1338
2023-02-22 12:57:08,13,15,1264,1338
2023-02-22 12:57:48,12,15,1264,1338
2023-02-22 12:57:48,13,15,1264,1338
2023-02-22 12:58:04,12,15,1264,1338
2023-02-22 12:58:04,13,15,1264,1338
2023-02-22 12:58:39,14,15,1264,1338
2023-02-22 12:59:12,12,14,1274,1348
2023-02-22 12:59:14,13,14,1274,1348
2023-02-22 12:59:24,13,15,1274,1348
2023-02-22 12:59:47,12,15,1274,1348
2023-02-22 13:00:12,13,15,1274,1348
2023-02-22 13:00:43,13,16,1274,1348
2023-02-22 13:00:54,14,16,1274,1348
2023-02-22 13:00:55,14,17,1274,1348
2023-02-22 13:01:05,13,17,1274,1348
2023-02-22 13:01:06,13,16,1274,1348
2023-02-22 13:01:49,12,16,1274,1348
2023-02-22 13:01:49,13,16,1274,1348
2023-02-22 13:02:59,14,16,1274,1348
2023-02-22 13:03:00,14,17,1274,1348
2023-02-22 13:03:46,13,17,1274,1348
2023-02-22 13:04:10,13,16,1274,1348
2023-02-22 13:04:12,12,16,1274,1348
2023-02-22 13:04:12,13,16,1274,1348
2023-02-22 13:04:56,12,16,1274,1348
2023-02-22 13:04:57,13,16,1274,1348
2023-02-22 13:05:09,12,16,1274,1348
2023-02-22 13:05:31,12,15,1274,1348
2023-02-22 13:07:39,12,16,1274,1352
2023-02-22 13:08:30,12,14,1274,1352
2023-02-22 13:13:08,13,14,1274,1352
2023-02-22 13:23:25,12,13,1284,1362
2023-02-22 13:23:30,12,14,1284,1362
2023-02-22 13:25:09,12,14,1371,1449
2023-02-22 13:25:41,12,15,1371,1449
2023-02-22 13:25:42,12,14,1371,1449
2023-02-22 13:26:12,12,13,1371,1449
2023-02-22 13:26:24,12,14,1371,1449
2023-02-22 13:26:47,12,15,1371,1449
2023-02-22 13:26:47,12,14,1371,1449
2023-02-22 13:26:48,12,13,1371,1449
2023-02-22 13:27:15,12,14,1371,1449
2023-02-22 13:27:15,12,13,1371,1449
2023-02-22 13:27:17,12,13,1471,1549
2023-02-22 13:27:21,12,13,1571,1649
2023-02-22 13:27:25,12,13,1671,1749
2023-02-22 13:27:30,12,13,1771,1849
2023-02-22 13:27:33,12,13,1871,1949
2023-02-22 13:27:37,12,13,1971,2049
2023-02-22 13:27:55,12,14,1971,2049
2023-02-22 13:27:55,12,13,1971,2049
2023-02-22 13:27:55,9,12,2184,2262
2023-02-22 13:28:31,9,13,2184,2262
2023-02-22 13:28:31,9,12,2184,2262
2023-02-22 13:28:59,9,13,2184,2262
2023-02-22 13:30:45,9,12,2184,2262
2023-02-22 13:31:07,9,13,2184,2262
2023-02-22 13:31:07,9,14,2184,2262
2023-02-22 13:31:07,9,13,2184,2262
2023-02-22 13:31:48,9,14,2184,2262
2023-02-22 13:31:48,10,14,2184,2262
2023-02-22 13:32:12,9,14,2184,2262
2023-02-22 13:32:12,10,14,2184,2262
2023-02-22 13:32:38,9,14,2184,2262
2023-02-22 13:32:38,9,15,2184,2262
2023-02-22 13:32:38,10,15,2184,2262
2023-02-22 13:32:38,10,14,2184,2262
2023-02-22 13:32:44,11,14,2184,2262
2023-02-22 13:33:02,11,15,2184,2262
2023-02-22 13:35:05,11,14,2184,2262
2023-02-22 13:35:07,10,14,2209,2287
2023-02-22 13:35:41,10,15,2209,2287
2023-02-22 13:35:41,10,14,2209,2287
2023-02-22 13:36:05,10,15,2209,2287
2023-02-22 13:36:05,11,15,2209,2287
2023-02-22 13:36:47,10,15,2209,2287
2023-02-22 13:36:48,12,15,2209,2287
2023-02-22 13:37:06,11,15,2209,2287
2023-02-22 13:37:06,10,15,2209,2287
2023-02-22 13:37:06,11,15,2209,2287
2023-02-22 13:37:34,10,15,2209,2287
2023-02-22 13:37:35,11,15,2209,2287
2023-02-22 13:38:19,10,15,2209,2287
2023-02-22 13:38:19,9,15,2209,2287
2023-02-22 13:38:19,10,15,2209,2287
2023-02-22 13:38:19,10,14,2209,2287
2023-02-22 13:38:52,9,14,2209,2287
2023-02-22 13:38:52,9,15,2209,2287
2023-02-22 13:38:52,10,15,2209,2287
2023-02-22 13:38:52,10,14,2209,2287
2023-02-22 13:39:14,9,14,2209,2287
2023-02-22 13:39:14,9,15,2209,2287
2023-02-22 13:39:14,10,15,2209,2287
2023-02-22 13:39:14,10,14,2209,2287
2023-02-22 13:39:47,9,14,2209,2287
2023-02-22 13:39:48,9,13,2209,2287
2023-02-22 13:40:53,9,14,2209,2287
2023-02-22 13:40:53,9,13,2209,2287
2023-02-22 13:41:00,8,9,1991,2530
2023-02-22 13:41:20,7,9,1991,2530
2023-02-22 13:41:21,8,9,1991,2530
2023-02-22 13:41:21,9,13,1703,2818
2023-02-22 13:41:51,8,13,1703,2818
2023-02-22 13:41:51,8,14,1703,2818
2023-02-22 13:41:51,9,14,1703,2818
2023-02-22 13:41:51,9,13,1703,2818
2023-02-22 13:42:24,8,13,1703,2818
2023-02-22 13:42:24,7,13,1703,2818
2023-02-22 13:42:25,7,14,1703,2818
2023-02-22 13:42:25,9,14,1703,2818
2023-02-22 13:42:25,9,13,1703,2818
2023-02-22 13:42:35,9,13,1525,2996
2023-02-22 13:42:53,10,13,1525,2996
2023-02-22 13:42:56,10,14,1525,2996
2023-02-22 13:42:57,10,13,1525,2996
2023-02-22 13:42:57,10,12,1525,2996
2023-02-22 13:43:10,8,12,1525,2996
2023-02-22 13:43:17,9,12,1525,2996
2023-02-22 13:45:57,8,12,1525,2996
2023-02-22 13:46:37,9,12,1525,2996
2023-02-22 13:50:17,9,10,1525,2996
2023-02-22 13:50:26,9,12,1525,3096
2023-02-22 13:53:09,10,12,1525,3096
2023-02-22 13:54:07,11,12,1525,3096
2023-02-22 13:54:08,10,12,1525,3096
2023-02-22 13:54:13,11,12,1525,3096
2023-02-22 13:54:34,11,13,1930,3501
2023-02-22 13:55:23,10,13,1930,3501
2023-02-22 14:00:06,12,13,1930,3501
2023-02-22 14:00:08,10,13,1930,3501
2023-02-22 14:00:08,8,13,1930,3501
2023-02-22 14:00:10,9,13,1930,3501
2023-02-22 14:00:12,8,13,1930,3501
2023-02-22 14:00:13,10,13,1930,3501
2023-02-22 14:00:31,8,13,1930,3501
2023-02-22 14:00:56,9,13,1930,3501
2023-02-22 14:00:59,10,13,1930,3501
2023-02-22 14:01:15,8,13,1930,3501
2023-02-22 14:01:27,9,13,1930,3501
2023-02-22 14:01:31,8,13,1930,3501
2023-02-22 14:01:31,10,13,1930,3501
2023-02-22 14:01:32,10,14,2242,3813
2023-02-22 14:01:34,9,14,2242,3813
2023-02-22 14:01:34,11,14,2242,3813
2023-02-22 14:01:40,11,17,2537,4108
2023-02-22 14:01:41,9,17,2537,4108
2023-02-22 14:01:41,10,17,2537,4108
2023-02-22 14:01:41,10,19,2537,4108
2023-02-22 14:01:43,12,19,2537,4108
2023-02-22 14:01:43,12,22,2537,4108
2023-02-22 14:01:43,14,22,2537,4108
2023-02-22 14:01:43,14,21,2537,4108
2023-02-22 14:01:54,14,20,2537,4108
2023-02-22 14:01:55,14,21,2537,4108
2023-02-22 14:02:00,15,21,2537,4108
2023-02-22 14:02:07,17,21,2537,4108
2023-02-22 14:02:08,17,22,2537,4108
2023-02-22 14:02:14,15,22,2537,4108
2023-02-22 14:02:18,16,22,2537,4108
2023-02-22 14:02:24,14,22,2537,4108
2023-02-22 14:02:24,15,22,2537,4108
2023-02-22 14:02:28,14,22,2537,4108
2023-02-22 14:02:35,14,20,2537,4108
2023-02-22 14:02:37,12,20,2537,4108
2023-02-22 14:02:38,11,20,2537,4108
2023-02-22 14:02:38,13,20,2537,4108
2023-02-22 14:02:41,11,20,2537,4108
2023-02-22 14:02:41,14,20,2537,4108
2023-02-22 14:02:48,14,22,2537,4108
2023-02-22 14:02:48,15,22,2537,4108
2023-02-22 14:02:51,14,22,2537,4108
2023-02-22 14:02:53,14,20,2537,4108
2023-02-22 14:03:22,12,20,2537,4108
2023-02-22 14:03:30,12,22,2537,4108
2023-02-22 14:03:30,12,17,2537,4108
2023-02-22 14:03:30,11,17,2537,4108
2023-02-22 14:03:36,10,17,2537,4108
2023-02-22 14:03:48,10,22,2537,4108
2023-02-22 14:03:48,10,15,2537,4108
2023-02-22 14:03:49,8,15,2537,4108
2023-02-22 14:03:49,9,15,2537,4108
2023-02-22 14:03:51,8,15,2537,4108
2023-02-22 14:03:56,9,15,2537,4108
2023-02-22 14:04:00,8,15,2537,4108
2023-02-22 14:04:00,9,15,2537,4108
2023-02-22 14:04:01,8,15,2537,4108
2023-02-22 14:04:14,8,22,2537,4108
2023-02-22 14:04:14,8,21,2537,4108
2023-02-22 14:04:14,8,13,2537,4108
2023-02-22 14:04:30,8,11,2537,4108
2023-02-22 14:04:30,7,11,2537,4108
2023-02-22 14:04:41,7,22,2537,4108
2023-02-22 14:04:41,7,13,2537,4108
2023-02-22 14:06:02,7,22,2537,4108
2023-02-22 14:06:02,7,21,2537,4108
2023-02-22 14:06:03,7,11,2537,4108
2023-02-22 14:07:51,7,12,2537,4108
2023-02-22 14:08:02,7,13,2537,4108
2023-02-22 14:08:10,7,12,2537,4108
2023-02-22 14:08:10,7,13,2537,4108
2023-02-22 14:08:12,7,18,2537,4108
2023-02-22 14:08:12,7,15,2537,4108
2023-02-22 14:08:12,8,15,2537,4108
2023-02-22 14:08:13,7,15,2537,4108
2023-02-22 14:08:16,8,15,2537,4108
2023-02-22 14:08:17,8,14,2537,4108
2023-02-22 14:08:18,7,14,2537,4108
2023-02-22 14:08:22,8,14,2537,4108
2023-02-22 14:08:26,7,14,2537,4108
2023-02-22 14:08:26,7,15,2537,4108
2023-02-22 14:08:27,8,15,2537,4108
2023-02-22 14:08:32,7,15,2537,4108
2023-02-22 14:08:33,8,15,2537,4108
2023-02-22 14:08:34,7,15,2537,4108
2023-02-22 14:08:46,8,15,2537,4108
2023-02-22 14:08:50,7,15,2537,4108
2023-02-22 14:09:04,7,13,2537,4108
2023-02-22 14:09:44,7,12,2537,4108
2023-02-22 14:10:05,7,11,2537,4108
2023-02-22 14:11:25,7,12,2537,4108
2023-02-22 14:11:58,9,12,2537,4108
2023-02-22 14:12:00,10,12,2537,4108
2023-02-22 14:12:05,8,12,2537,4108
2023-02-22 14:12:06,7,12,2537,4108
2023-02-22 14:12:06,9,12,2537,4108
2023-02-22 14:12:09,9,16,2537,4208
2023-02-22 14:12:10,7,16,2537,4208
2023-02-22 14:12:10,10,16,2537,4208
2023-02-22 14:12:11,10,15,2537,4208
2023-02-22 14:12:19,10,16,2537,4208
2023-02-22 14:12:23,13,16,2537,4208
2023-02-22 14:12:23,13,15,2537,4208
2023-02-22 14:12:24,13,15,2537,4218
2023-02-22 14:12:24,13,16,2537,4218
2023-02-22 14:12:24,13,19,2537,4218
2023-02-22 14:12:26,13,17,2537,4218
2023-02-22 14:13:12,11,17,2537,4218
2023-02-22 14:13:13,11,15,2537,4218
2023-02-22 14:13:14,11,17,2537,4218
2023-02-22 14:13:14,12,17,2537,4218
2023-02-22 14:13:17,12,15,2537,4218
2023-02-22 14:13:20,12,17,2537,4218
2023-02-22 14:13:20,12,15,2537,4218
2023-02-22 14:13:23,12,17,2537,4218
2023-02-22 14:13:24,12,15,2537,4218
2023-02-22 14:13:25,12,17,2537,4218
2023-02-22 14:13:29,13,17,2537,4218
2023-02-22 14:13:40,14,17,2537,4218
2023-02-22 14:13:45,13,17,2537,4218
2023-02-22 14:14:19,13,15,2537,4218
2023-02-22 14:14:19,11,15,2537,4218
2023-02-22 14:15:07,11,17,2537,4218
2023-02-22 14:15:07,12,17,2537,4218
2023-02-22 14:15:13,13,17,2537,4218
2023-02-22 14:15:34,14,17,2537,4218
2023-02-22 14:15:35,15,17,2537,4218
2023-02-22 14:15:35,15,19,2537,4218
2023-02-22 14:15:45,16,19,2537,4218
2023-02-22 14:15:55,16,22,2537,4218
2023-02-22 14:15:55,17,22,2537,4218
2023-02-22 14:15:55,17,21,2537,4218
2023-02-22 14:16:01,18,21,2537,4218
2023-02-22 14:16:04,17,21,2537,4218
2023-02-22 14:16:18,18,21,2537,4218
2023-02-22 14:16:25,18,22,2537,4218
2023-02-22 14:16:25,19,22,2537,4218
2023-02-22 14:16:46,19,21,2537,4218
2023-02-22 14:16:46,17,21,2537,4218
2023-02-22 14:16:50,17,22,2537,4218
2023-02-22 14:16:50,18,22,2537,4218
2023-02-22 14:16:54,17,22,2537,4218
2023-02-22 14:16:55,17,21,2537,4218
2023-02-22 14:17:14,17,19,2537,4218
2023-02-22 14:17:15,15,19,2537,4218
2023-02-22 14:17:28,14,19,2537,4218
2023-02-22 14:17:28,15,19,2537,4218
2023-02-22 14:17:29,14,19,2537,4218
2023-02-22 14:17:30,15,19,2537,4218
2023-02-22 14:17:33,14,19,2537,4218
2023-02-22 14:17:44,14,17,2537,4218
2023-02-22 14:17:56,13,17,2537,4218
2023-02-22 14:17:57,13,15,2537,4218
2023-02-22 14:17:58,12,15,2537,4218
2023-02-22 14:18:00,11,15,2537,4218
2023-02-22 14:18:12,10,15,2537,4218
2023-02-22 14:18:12,10,13,2537,4218
2023-02-22 14:18:14,10,15,2537,4218
2023-02-22 14:18:14,10,13,2537,4218
2023-02-22 14:18:15,10,15,2537,4218
2023-02-22 14:18:26,10,13,2537,4218
2023-02-22 14:18:41,9,13,2537,4218
2023-02-22 14:19:03,9,11,2537,4218
2023-02-22 14:19:03,8,11,2537,4218
2023-02-22 14:19:08,8,13,2537,4218
2023-02-22 14:19:17,9,13,2537,4218
2023-02-22 14:19:21,8,13,2537,4218
2023-02-22 14:19:41,8,11,2537,4218
2023-02-22 14:20:08,7,11,2537,4218
2023-02-22 14:20:19,7,9,2537,4218
2023-02-22 14:20:23,7,11,2537,4218
2023-02-22 14:20:28,7,9,2537,4218
2023-02-22 14:20:29,7,11,2537,4218
2023-02-22 14:20:46,7,9,2537,4218
2023-02-22 14:21:35,5,9,2537,4218
2023-02-22 14:23:08,6,9,2537,4218
2023-02-22 14:23:08,6,11,2537,4218
2023-02-22 14:23:23,5,11,2537,4218
2023-02-22 14:23:23,7,11,2537,4218
2023-02-22 14:23:47,8,11,2537,4218
2023-02-22 14:24:02,9,11,2537,4218
2023-02-22 14:24:02,9,15,2537,4218
2023-02-22 14:24:03,9,13,2537,4218
2023-02-22 14:24:09,8,13,2537,4218
2023-02-22 14:24:11,9,13,2537,4218
2023-02-22 14:24:18,10,13,2537,4218
2023-02-22 14:24:36,8,13,2537,4218
2023-02-22 14:24:43,9,13,2537,4218
2023-02-22 14:25:02,8,13,2537,4218
2023-02-22 14:25:17,9,13,2537,4218
2023-02-22 14:25:22,10,13,2537,4218
2023-02-22 14:26:12,12,13,2537,4218
2023-02-22 14:26:31,12,15,2537,4218
2023-02-22 14:27:02,12,13,2537,4218
2023-02-22 14:27:03,12,15,2537,4218
2023-02-22 14:27:04,12,13,2537,4218
2023-02-22 14:27:54,12,15,2537,4218
2023-02-22 14:27:56,12,13,2537,4218
2023-02-22 14:28:10,12,15,2537,4218
2023-02-22 14:28:29,12,13,2537,4218
2023-02-22 14:28:44,12,13,2537,4228
2023-02-22 14:28:46,12,14,2537,4228
2023-02-22 14:28:49,8,14,2522,4243
2023-02-22 14:29:35,8,15,2522,4243
2023-02-22 14:29:35,9,15,2522,4243
2023-02-22 14:29:38,8,15,2522,4243
2023-02-22 14:29:41,9,15,2522,4243
2023-02-22 14:30:03,10,15,2522,4243
2023-02-22 14:30:04,10,16,2522,4243
2023-02-22 14:30:19,10,15,2522,4243
2023-02-22 14:31:05,11,15,2522,4243
2023-02-22 14:31:45,10,15,2522,4243
2023-02-22 14:32:07,11,15,2522,4243
2023-02-22 14:32:14,12,15,2522,4243
2023-02-22 14:32:19,11,15,2522,4243
2023-02-22 14:32:19,13,15,2522,4243
2023-02-22 14:32:20,13,15,2677,4398
2023-02-22 14:32:22,11,15,2677,4398
2023-02-22 14:32:23,14,15,2677,4398
2023-02-22 14:32:29,14,15,2677,4498
2023-02-22 14:32:34,10,15,2677,4498
2023-02-22 14:32:35,10,17,2692,4513
2023-02-22 14:32:35,12,17,2692,4513
2023-02-22 14:32:49,11,17,2692,4513
2023-02-22 14:32:49,14,17,2692,4513
2023-02-22 14:32:51,14,17,2792,4613
2023-02-22 14:32:51,11,17,2792,4613
2023-02-22 14:32:51,11,17,2792,4713
2023-02-22 14:32:51,14,17,2792,4713
2023-02-22 14:32:54,14,19,2872,4793
2023-02-22 14:33:01,14,22,3125,5046
2023-02-22 14:33:01,14,21,3125,5046
2023-02-22 14:33:06,14,22,3125,5046
2023-02-22 14:33:06,14,20,3125,5046
2023-02-22 14:33:07,14,19,3125,5046
2023-02-22 14:33:08,12,19,3125,5046
2023-02-22 14:33:09,12,18,3125,5046
2023-02-22 14:33:21,12,19,3125,5046
2023-02-22 14:33:21,10,19,3125,5046
2023-02-22 14:33:21,10,17,3125,5046
2023-02-22 14:33:25,10,16,3125,5046
2023-02-22 14:33:29,10,15,3125,5046
2023-02-22 14:33:31,10,16,3125,5046
2023-02-22 14:34:07,11,16,3125,5046
2023-02-22 14:34:14,11,19,3125,5146
2023-02-22 14:34:15,14,19,3125,5146
2023-02-22 14:34:15,14,20,3125,5146
2023-02-22 14:34:42,14,19,3125,5146
2023-02-22 14:34:48,14,18,3125,5146
2023-02-22 14:34:49,12,18,3125,5146
2023-02-22 14:34:51,12,17,3125,5146
2023-02-22 14:34:51,11,17,3125,5146
2023-02-22 14:34:53,11,20,3125,5146
2023-02-22 14:34:53,13,20,3125,5146
2023-02-22 14:34:54,13,19,3125,5146
2023-02-22 14:34:57,13,20,3125,5146
2023-02-22 14:34:58,13,19,3125,5146
2023-02-22 14:34:59,13,20,3125,5146
2023-02-22 14:35:00,13,19,3125,5146
2023-02-22 14:35:06,13,20,3125,5146
2023-02-22 14:35:06,13,17,3125,5146
2023-02-22 14:35:07,11,17,3125,5146
2023-02-22 14:35:13,12,17,3125,5146
2023-02-22 14:35:17,13,17,3125,5146
2023-02-22 14:35:17,13,19,3125,5146
2023-02-22 14:35:34,13,20,3125,5146
2023-02-22 14:35:34,14,20,3125,5146
2023-02-22 14:35:47,14,19,3125,5146
2023-02-22 14:35:53,14,20,3125,5146
2023-02-22 14:35:54,14,19,3125,5146
2023-02-22 14:36:02,14,20,3125,5146
2023-02-22 14:36:04,15,20,3125,5146
2023-02-22 14:36:12,14,20,3125,5146
2023-02-22 14:36:19,14,19,3125,5146
2023-02-22 14:36:20,14,20,3125,5146
2023-02-22 14:36:27,14,19,3125,5146
2023-02-22 14:36:48,13,19,3125,5146
2023-02-22 14:36:48,13,18,3125,5146
2023-02-22 14:36:50,13,19,3125,5146
2023-02-22 14:36:55,13,18,3125,5146
2023-02-22 14:37:01,13,19,3125,5146
2023-02-22 14:37:02,13,18,3125,5146
2023-02-22 14:37:06,12,18,3125,5146
2023-02-22 14:37:06,12,17,3125,5146
2023-02-22 14:37:16,12,16,3125,5146
2023-02-22 14:37:16,11,16,3125,5146
2023-02-22 14:37:22,15,16,3125,5146
2023-02-22 14:37:56,11,15,3125,5161
2023-02-22 14:37:58,11,16,3125,5161
2023-02-22 14:37:58,11,17,3125,5161
2023-02-22 14:37:58,12,17,3125,5161
2023-02-22 14:37:58,12,16,3125,5161
2023-02-22 14:38:02,12,15,3125,5161
2023-02-22 14:38:03,12,16,3125,5161
2023-02-22 14:38:08,13,16,3125,5161
2023-02-22 14:38:08,13,17,3125,5161
2023-02-22 14:38:13,14,17,3125,5161
2023-02-22 14:38:15,16,17,3125,5161
2023-02-22 14:38:16,16,20,3125,5161
2023-02-22 14:38:21,16,19,3125,5161
2023-02-22 14:38:30,14,19,3125,5161
2023-02-22 14:38:30,14,18,3125,5161
2023-02-22 14:38:31,12,18,3125,5161
2023-02-22 14:38:31,12,16,3125,5161
2023-02-22 14:38:33,13,16,3125,5161
2023-02-22 14:38:50,12,16,3125,5161
2023-02-22 14:38:54,13,16,3125,5161
2023-02-22 14:38:56,12,16,3125,5161
2023-02-22 14:39:12,11,16,3125,5161
2023-02-22 14:39:13,11,17,3125,5161
2023-02-22 14:39:13,11,14,3125,5161
2023-02-22 14:39:14,10,14,3125,5161
2023-02-22 14:39:14,11,14,3125,5161
2023-02-22 14:39:15,13,14,3125,5161
2023-02-22 14:39:15,13,17,3125,5161
2023-02-22 14:39:46,13,16,3125,5161
2023-02-22 14:39:53,13,17,3125,5161
2023-02-22 14:40:04,13,16,3125,5161
2023-02-22 14:40:14,13,17,3125,5161
2023-02-22 14:40:21,14,17,3125,5161
2023-02-22 14:40:25,17,18,3200,5236
2023-02-22 14:40:28,14,18,3200,5236
2023-02-22 14:40:48,15,18,3200,5236
2023-02-22 14:40:54,14,18,3200,5236
2023-02-22 14:41:00,15,18,3200,5236
2023-02-22 14:41:07,14,18,3200,5236
2023-02-22 14:41:15,15,18,3200,5236
2023-02-22 14:41:28,14,18,3200,5236
2023-02-22 14:42:19,15,18,3200,5236
2023-02-22 14:42:21,15,21,3200,5236
2023-02-22 14:42:21,17,21,3200,5236
2023-02-22 14:42:21,17,22,3200,5236
2023-02-22 14:42:30,18,22,3200,5236
2023-02-22 14:42:31,17,22,3200,5236
2023-02-22 14:42:42,18,22,3200,5236
2023-02-22 14:42:42,17,22,3200,5236
2023-02-22 14:42:44,18,22,3200,5236
2023-02-22 14:42:46,17,22,3200,5236
2023-02-22 14:42:49,18,22,3200,5236
2023-02-22 14:42:52,17,22,3200,5236
2023-02-22 14:42:53,18,22,3200,5236
2023-02-22 14:42:56,19,22,3200,5236
2023-02-22 14:43:19,20,22,3200,5236
2023-02-22 14:43:21,21,22,3200,5236
2023-02-22 14:43:23,22,24,3150,5286
2023-02-22 14:43:23,22,26,3150,5286
2023-02-22 14:43:24,22,25,3150,5286
2023-02-22 14:43:30,22,26,3200,5336
2023-02-22 14:43:56,22,24,3200,5336
2023-02-22 14:43:56,20,24,3200,5336
2023-02-22 14:44:05,20,22,3200,5336
2023-02-22 14:44:05,18,22,3200,5336
2023-02-22 14:44:17,18,20,3200,5336
2023-02-22 14:44:17,17,20,3200,5336
2023-02-22 14:44:37,16,20,3200,5336
2023-02-22 14:44:56,16,18,3200,5336
2023-02-22 14:44:56,15,18,3200,5336
2023-02-22 14:45:03,15,20,3200,5336
2023-02-22 14:45:05,15,18,3200,5336
2023-02-22 14:45:09,15,20,3200,5336
2023-02-22 14:45:17,17,20,3200,5336
2023-02-22 14:45:17,17,21,3200,5336
2023-02-22 14:45:17,17,22,3200,5336
2023-02-22 14:45:37,18,22,3200,5336
2023-02-22 14:45:40,19,22,3200,5336
2023-02-22 14:45:42,18,22,3200,5336
2023-02-22 14:45:44,19,22,3200,5336
2023-02-22 14:45:46,20,22,3200,5336
2023-02-22 14:45:46,20,26,3200,5336
2023-02-22 14:45:46,20,24,3200,5336
2023-02-22 14:45:52,20,26,3210,5346
2023-02-22 14:46:01,19,26,3210,5346
2023-02-22 14:46:13,18,26,3210,5346
2023-02-22 14:46:13,18,24,3210,5346
2023-02-22 14:46:23,18,26,3210,5346
2023-02-22 14:46:24,19,26,3210,5346
2023-02-22 14:46:25,18,26,3210,5346
2023-02-22 14:46:26,20,26,3210,5346
2023-02-22 14:46:35,18,26,3210,5346
2023-02-22 14:46:45,18,24,3210,5346
2023-02-22 14:46:46,17,24,3210,5346
2023-02-22 14:46:57,15,24,3210,5346
2023-02-22 14:46:57,15,26,3210,5346
2023-02-22 14:46:57,15,22,3210,5346
2023-02-22 14:47:01,15,21,3210,5346
2023-02-22 14:47:06,14,21,3210,5346
2023-02-22 14:47:06,14,20,3210,5346
2023-02-22 14:47:07,14,19,3210,5346
2023-02-22 14:47:15,14,20,3210,5346
2023-02-22 14:47:19,14,26,3210,5346
2023-02-22 14:47:19,15,26,3210,5346
2023-02-22 14:47:20,15,22,3210,5346
2023-02-22 14:47:22,14,22,3210,5346
2023-02-22 14:47:24,14,21,3210,5346
2023-02-22 14:47:31,14,20,3210,5346
2023-02-22 14:47:34,12,20,3210,5346
2023-02-22 14:47:38,12,26,3210,5346
2023-02-22 14:47:39,12,18,3210,5346
2023-02-22 14:47:41,12,17,3210,5346
2023-02-22 14:47:53,12,18,3210,5346
2023-02-22 14:47:53,11,18,3210,5346
2023-02-22 14:47:53,11,12,3210,5346
2023-02-22 14:48:03,10,12,3110,5446
2023-02-22 14:48:11,10,15,3110,5471
2023-02-22 14:48:18,9,15,3110,5471
2023-02-22 14:48:19,8,15,3110,5471
2023-02-22 14:48:19,8,13,3110,5471
2023-02-22 14:48:25,7,13,3110,5471
2023-02-22 14:49:07,7,12,3110,5471
2023-02-22 14:49:07,7,11,3110,5471
2023-02-22 14:49:07,6,11,3110,5471
2023-02-22 14:49:41,6,10,3110,5471
2023-02-22 14:49:42,6,11,3110,5471
2023-02-22 14:49:42,5,11,3110,5471
2023-02-22 14:49:43,5,10,3110,5471
2023-02-22 14:49:45,5,9,3110,5471
2023-02-22 14:50:17,5,9,3160,5521
2023-02-22 14:50:17,6,9,3160,5521
2023-02-22 14:50:27,8,9,3160,5521
2023-02-22 14:50:27,8,12,3160,5521
2023-02-22 14:50:28,8,15,3160,5521
2023-02-22 14:50:28,11,15,3160,5521
2023-02-22 14:50:38,11,13,3160,5521
2023-02-22 14:50:38,9,13,3160,5521
2023-02-22 14:50:42,9,15,3160,5521
2023-02-22 14:50:42,10,15,3160,5521
2023-02-22 14:51:00,11,15,3160,5521
2023-02-22 14:51:49,9,15,3160,5521
2023-02-22 14:51:50,9,13,3160,5521
2023-02-22 14:51:50,10,13,3160,5521
2023-02-22 14:51:50,10,15,3160,5521
2023-02-22 14:51:51,10,11,3160,5521
2023-02-22 14:51:53,9,11,3160,5521
2023-02-22 14:52:20,10,11,3160,5521
2023-02-22 14:52:22,9,11,3160,5521
2023-02-22 14:52:23,10,11,3160,5521
2023-02-22 14:52:27,9,10,3110,5571
2023-02-22 14:52:28,9,10,2910,5771
2023-02-22 14:52:32,9,10,2710,5971
2023-02-22 14:52:36,9,10,2588,6171
2023-02-22 14:52:41,8,10,2588,6171
2023-02-22 14:52:42,8,13,2508,6421
2023-02-22 14:52:51,8,12,2508,6421
2023-02-22 14:53:22,8,14,2508,6421
2023-02-22 14:53:23,8,13,2508,6421
2023-02-22 14:53:32,8,12,2508,6421
2023-02-22 14:53:35,6,12,2508,6421
2023-02-22 14:53:39,7,12,2508,6421
2023-02-22 14:53:50,8,12,2508,6421
2023-02-22 14:53:50,8,13,2508,6421
2023-02-22 14:53:57,9,13,2508,6421
2023-02-22 14:53:57,9,15,2508,6421
2023-02-22 14:54:02,9,14,2508,6421
2023-02-22 14:54:16,9,15,2508,6421
2023-02-22 14:54:18,9,14,2508,6421
2023-02-22 14:54:20,9,15,2508,6421
2023-02-22 14:54:21,9,14,2508,6421
2023-02-22 14:54:22,10,14,2508,6421
2023-02-22 14:54:22,10,15,2508,6421
2023-02-22 14:54:43,11,15,2508,6421
2023-02-22 14:54:44,11,16,2508,6421
2023-02-22 14:54:45,10,16,2508,6421
2023-02-22 14:54:47,11,16,2508,6421
2023-02-22 14:54:48,10,16,2508,6421
2023-02-22 14:54:53,11,16,2508,6421
2023-02-22 14:54:56,11,15,2508,6421
2023-02-22 14:54:57,11,16,2508,6421
2023-02-22 14:54:59,17,18,2523,6436
2023-02-22 14:54:59,17,18,2543,6456
2023-02-22 14:54:59,17,18,2563,6476
2023-02-22 14:54:59,13,17,2593,6506
2023-02-22 14:55:00,13,18,2593,6506
2023-02-22 14:55:01,14,18,2593,6506
2023-02-22 14:55:03,15,18,2593,6506
2023-02-22 14:55:08,15,19,2593,6506
2023-02-22 14:55:09,18,19,2593,6506
2023-02-22 14:55:09,18,21,2593,6506
2023-02-22 14:55:11,19,21,2593,6506
2023-02-22 14:55:12,19,22,2593,6506
2023-02-22 14:55:19,19,21,2593,6506
2023-02-22 14:55:19,17,21,2593,6506
2023-02-22 14:55:23,17,22,2593,6506
2023-02-22 14:55:25,18,23,2593,6506
2023-02-22 14:55:25,22,23,2593,6506
2023-02-22 14:55:25,22,24,2593,6506
2023-02-22 14:55:26,22,25,2593,6506
2023-02-22 14:55:31,22,26,2593,6506
2023-02-22 14:55:32,23,26,2593,6506
2023-02-22 14:55:32,22,26,2593,6506
2023-02-22 14:55:34,23,26,2593,6506
2023-02-22 14:55:34,22,26,2593,6506
2023-02-22 14:55:34,22,25,2593,6506
2023-02-22 14:55:36,22,25,2626,6539
2023-02-22 14:55:40,22,29,2668,6599
2023-02-22 14:55:40,22,28,2668,6599
2023-02-22 14:55:41,22,29,2668,6599
2023-02-22 14:55:44,19,29,2668,6599
2023-02-22 14:55:44,19,27,2668,6599
2023-02-22 14:55:46,20,27,2668,6599
2023-02-22 14:55:51,18,27,2668,6599
2023-02-22 14:55:51,21,27,2668,6599
2023-02-22 14:55:52,22,27,2668,6599
2023-02-22 14:55:52,22,29,2668,6599
2023-02-22 14:56:03,21,29,2668,6599
2023-02-22 14:56:03,23,29,2668,6599
2023-02-22 14:56:05,24,29,2668,6599
2023-02-22 14:56:05,24,31,2668,6599
2023-02-22 14:56:06,24,30,2668,6599
2023-02-22 14:56:07,26,30,2668,6599
2023-02-22 14:56:07,26,31,2668,6599
2023-02-22 14:56:16,26,33,2668,6674
2023-02-22 14:56:16,26,32,2668,6674
2023-02-22 14:56:16,26,31,2668,6674
2023-02-22 14:56:16,24,31,2668,6674
2023-02-22 14:56:30,24,26,2668,6674
2023-02-22 14:56:31,22,26,2668,6674
2023-02-22 14:56:36,22,29,2668,6774
2023-02-22 14:56:39,22,28,2668,6774
2023-02-22 14:56:57,22,29,2668,6774
2023-02-22 14:57:05,22,28,2668,6774
2023-02-22 14:57:05,21,28,2668,6774
2023-02-22 14:57:05,21,27,2668,6774
2023-02-22 14:57:33,20,27,2668,6774
2023-02-22 14:57:50,21,27,2668,6774
2023-02-22 14:57:57,20,27,2668,6774
2023-02-22 14:58:04,20,25,2668,6774
2023-02-22 14:58:05,18,25,2668,6774
2023-02-22 14:58:16,19,25,2668,6774
2023-02-22 14:58:29,18,25,2668,6774
2023-02-22 14:58:29,20,25,2668,6774
2023-02-22 14:58:30,20,27,2668,6774
2023-02-22 14:58:55,18,27,2668,6774
2023-02-22 14:58:55,21,27,2668,6774
2023-02-22 14:59:09,22,27,2668,6774
2023-02-22 14:59:09,22,29,2668,6774
2023-02-22 14:59:10,21,29,2668,6774
2023-02-22 14:59:10,23,29,2668,6774
2023-02-22 14:59:14,25,29,2668,6774
2023-02-22 14:59:14,25,32,2668,6774
2023-02-22 14:59:31,25,30,2668,6774
2023-02-22 14:59:34,24,30,2668,6774
2023-02-22 14:59:35,23,30,2668,6774
2023-02-22 14:59:35,25,30,2668,6774
2023-02-22 14:59:36,25,32,2668,6774
2023-02-22 14:59:42,27,32,2668,6774
2023-02-22 14:59:42,27,34,2668,6774
2023-02-22 15:00:05,27,32,2668,6774
2023-02-22 15:00:06,25,32,2668,6774
2023-02-22 15:00:16,25,30,2668,6774
2023-02-22 15:00:16,23,30,2668,6774
2023-02-22 15:00:19,23,35,2668,6774
2023-02-22 15:00:19,22,35,2668,6774
2023-02-22 15:00:20,22,28,2668,6774
2023-02-22 15:00:22,21,28,2668,6774
2023-02-22 15:00:30,23,28,2668,6774
2023-02-22 15:00:30,23,30,2668,6774
2023-02-22 15:00:51,24,30,2668,6774
2023-02-22 15:00:54,24,32,2668,6774
2023-02-22 15:00:55,25,32,2668,6774
2023-02-22 15:00:55,27,32,2668,6774
2023-02-22 15:00:55,27,33,2668,6774
2023-02-22 15:01:05,27,34,2740,6849
2023-02-22 15:01:21,24,34,2740,6849
2023-02-22 15:01:21,25,34,2740,6849
2023-02-22 15:01:21,25,35,2740,6849
2023-02-22 15:01:22,25,32,2740,6849
2023-02-22 15:01:40,24,32,2740,6849
2023-02-22 15:01:41,24,35,2740,6849
2023-02-22 15:01:41,24,30,2740,6849
2023-02-22 15:01:43,22,30,2740,6849
2023-02-22 15:01:59,21,30,2740,6849
2023-02-22 15:01:59,23,30,2740,6849
2023-02-22 15:02:01,24,30,2740,6849
2023-02-22 15:02:32,25,30,2740,6849
2023-02-22 15:02:32,25,32,2740,6849
2023-02-22 15:02:51,26,32,2740,6849
2023-02-22 15:02:52,27,32,2740,6849
2023-02-22 15:02:53,27,34,2740,6849
2023-02-22 15:03:09,27,33,2740,6849
2023-02-22 15:03:09,27,34,2740,6849
2023-02-22 15:03:19,27,33,2740,6849
2023-02-22 15:03:20,24,33,2740,6849
2023-02-22 15:03:21,24,32,2740,6849
2023-02-22 15:03:21,25,32,2740,6849
2023-02-22 15:03:28,24,32,2740,6849
2023-02-22 15:03:28,26,32,2740,6849
2023-02-22 15:03:37,24,32,2740,6849
2023-02-22 15:03:37,27,32,2740,6849
2023-02-22 15:03:37,27,34,2740,6849
2023-02-22 15:03:37,28,34,2740,6849
2023-02-22 15:03:38,27,34,2740,6849
2023-02-22 15:03:41,28,34,2740,6849
2023-02-22 15:03:45,29,34,2740,6849
2023-02-22 15:03:45,29,36,2740,6849
2023-02-22 15:03:46,30,36,2740,6849
2023-02-22 15:04:01,30,36,2740,6859
2023-02-22 15:04:01,31,36,2740,6859
2023-02-22 15:04:04,31,34,2740,6859
2023-02-22 15:04:11,29,34,2740,6859
2023-02-22 15:04:12,29,32,2740,6859
2023-02-22 15:04:15,28,32,2753,6882
2023-02-22 15:04:15,28,32,2766,6895
2023-02-22 15:04:15,28,32,2787,6916
2023-02-22 15:04:17,28,32,2842,6971
2023-02-22 15:04:17,28,31,2842,6971
2023-02-22 15:04:20,28,29,2842,6971
2023-02-22 15:04:25,28,31,2842,6971
2023-02-22 15:04:25,28,32,2842,6971
2023-02-22 15:04:25,28,30,2842,6971
2023-02-22 15:04:25,32,34,2885,7014
2023-02-22 15:04:29,28,34,2885,7014
2023-02-22 15:04:30,28,33,2885,7014
2023-02-22 15:04:31,28,32,2885,7014
2023-02-22 15:04:34,28,34,2885,7014
2023-02-22 15:04:40,27,28,2885,7067
2023-02-22 15:04:44,27,33,2885,7067
2023-02-22 15:04:45,27,32,2885,7067
2023-02-22 15:04:47,27,33,2885,7067
2023-02-22 15:05:06,27,35,2885,7067
2023-02-22 15:05:06,27,38,2885,7067
2023-02-22 15:05:06,27,34,2885,7067
2023-02-22 15:05:09,26,27,2874,7078
2023-02-22 15:05:13,25,27,2874,7078
2023-02-22 15:05:17,23,27,2863,7089
2023-02-22 15:05:24,24,27,2863,7089
2023-02-22 15:05:27,23,27,2863,7089
2023-02-22 15:05:28,22,27,2863,7089
2023-02-22 15:05:28,20,27,2863,7089
2023-02-22 15:05:32,20,29,2863,7089
2023-02-22 15:05:40,21,29,2863,7089
2023-02-22 15:05:44,22,29,2863,7089
2023-02-22 15:05:46,22,28,2863,7089
2023-02-22 15:05:46,24,28,2863,7089
2023-02-22 15:05:51,26,28,2863,7089
2023-02-22 15:06:01,26,29,2863,7089
2023-02-22 15:06:05,24,29,2863,7089
2023-02-22 15:06:08,24,32,2894,7120
2023-02-22 15:06:17,26,32,2894,7120
2023-02-22 15:06:49,24,32,2894,7120
2023-02-22 15:06:58,22,32,2894,7120
2023-02-22 15:07:06,23,32,2894,7120
2023-02-22 15:07:07,22,32,2894,7120
2023-02-22 15:07:10,23,32,2894,7120
2023-02-22 15:07:10,22,32,2894,7120
2023-02-22 15:07:12,21,32,2894,7120
2023-02-22 15:07:13,22,32,2894,7120
2023-02-22 15:07:30,23,32,2894,7120
2023-02-22 15:07:39,22,32,2894,7120
2023-02-22 15:07:42,21,32,2894,7120
2023-02-22 15:07:49,22,32,2894,7120
2023-02-22 15:07:53,21,32,2894,7120
2023-02-22 15:07:58,22,32,2894,7120
2023-02-22 15:07:58,21,32,2894,7120
2023-02-22 15:08:08,22,32,2894,7120
2023-02-22 15:08:10,23,32,2894,7120
2023-02-22 15:08:15,22,32,2894,7120
2023-02-22 15:08:16,23,32,2894,7120
2023-02-22 15:08:19,24,32,2894,7120
2023-02-22 15:08:24,23,32,2894,7120
2023-02-22 15:08:27,22,32,2894,7120
2023-02-22 15:08:43,21,32,2894,7120
2023-02-22 15:08:46,23,32,2894,7120
2023-02-22 15:09:03,21,32,2894,7120
2023-02-22 15:09:03,22,32,2894,7120
2023-02-22 15:09:06,23,32,2894,7120
2023-02-22 15:09:08,23,31,2894,7120
2023-02-22 15:09:08,23,29,2894,7120
2023-02-22 15:09:13,24,29,2894,7120
2023-02-22 15:09:18,23,29,2894,7120
2023-02-22 15:09:40,23,31,2894,7120
2023-02-22 15:09:40,23,32,2894,7120
2023-02-22 15:09:40,23,30,2894,7120
2023-02-22 15:09:40,23,28,2894,7120
2023-02-22 15:09:42,22,28,2894,7120
2023-02-22 15:09:59,23,28,2894,7120
2023-02-22 15:10:01,23,26,2894,7120
2023-02-22 15:10:01,21,26,2894,7121
2023-02-22 15:10:07,20,26,2843,7172
2023-02-22 15:10:11,20,28,2843,7172
2023-02-22 15:10:11,20,26,2843,7172
2023-02-22 15:10:19,19,26,2751,7264
2023-02-22 15:10:22,18,26,2655,7360
2023-02-22 15:10:25,16,26,2555,7460
2023-02-22 15:10:25,17,26,2555,7460
2023-02-22 15:10:25,17,24,2555,7460
2023-02-22 15:10:31,18,24,2555,7460
2023-02-22 15:10:36,18,26,2555,7460
2023-02-22 15:10:36,18,28,2555,7460
2023-02-22 15:10:36,18,32,2555,7460
2023-02-22 15:10:37,18,23,2555,7460
2023-02-22 15:10:58,18,22,2555,7460
2023-02-22 15:11:13,17,22,2555,7460
2023-02-22 15:11:13,16,22,2555,7460
2023-02-22 15:11:13,14,22,2555,7460
2023-02-22 15:11:13,14,18,2555,7460
2023-02-22 15:11:14,17,18,2555,7460
2023-02-22 15:11:19,16,18,2500,7515
2023-02-22 15:11:44,15,18,2500,7515
2023-02-22 15:11:48,16,18,2500,7515
2023-02-22 15:11:50,17,18,2500,7515
2023-02-22 15:11:58,17,18,2470,7545
2023-02-22 15:12:05,17,20,2470,7545
2023-02-22 15:12:08,16,20,2470,7545
2023-02-22 15:12:08,17,20,2470,7545
2023-02-22 15:12:16,17,22,2470,7545
2023-02-22 15:12:17,17,21,2470,7545
2023-02-22 15:12:17,17,22,2470,7545
2023-02-22 15:12:24,17,20,2470,7545
2023-02-22 15:12:31,17,22,2470,7545
2023-02-22 15:12:36,19,22,2470,7545
2023-02-22 15:12:44,19,24,2470,7545
2023-02-22 15:12:44,19,21,2470,7545
2023-02-22 15:13:03,19,21,2470,7580
2023-02-22 15:13:04,20,21,2470,7580
2023-02-22 15:13:05,20,23,2470,7580
2023-02-22 15:13:05,20,25,2470,7580
2023-02-22 15:13:05,20,27,2470,7580
2023-02-22 15:13:05,20,26,2470,7580
2023-02-22 15:13:05,20,24,2470,7580
2023-02-22 15:13:15,19,24,2470,7580
2023-02-22 15:13:16,19,26,2470,7580
2023-02-22 15:13:16,19,27,2470,7580
2023-02-22 15:13:16,19,25,2470,7580
2023-02-22 15:13:16,20,25,2470,7580
2023-02-22 15:13:22,19,25,2470,7580
2023-02-22 15:13:33,19,23,2470,7580
2023-02-22 15:13:42,20,23,2470,7580
2023-02-22 15:13:58,18,23,2470,7580
2023-02-22 15:13:58,19,23,2470,7580
2023-02-22 15:14:18,19,21,2470,7580
2023-02-22 15:14:23,18,21,2416,7634
2023-02-22 15:14:36,17,21,2416,7634
2023-02-22 15:14:36,16,21,2416,7634
2023-02-22 15:14:36,17,21,2416,7634
2023-02-22 15:15:00,16,21,2416,7634
2023-02-22 15:15:00,16,23,2416,7634
2023-02-22 15:15:01,17,23,2416,7634
2023-02-22 15:15:01,18,23,2416,7634
2023-02-22 15:15:35,18,21,2416,7634
2023-02-22 15:15:41,17,21,2416,7634
2023-02-22 15:15:41,19,21,2416,7634
2023-02-22 15:15:50,18,21,2390,7660
2023-02-22 15:15:51,18,19,2390,7660
2023-02-22 15:15:57,17,19,2302,7748
2023-02-22 15:15:58,17,24,2302,7748
2023-02-22 15:15:58,17,24,2302,7813
2023-02-22 15:16:05,14,24,2302,7813
2023-02-22 15:16:05,14,26,2302,7813
2023-02-22 15:16:05,14,25,2302,7813
2023-02-22 15:16:05,15,25,2302,7813
2023-02-22 15:16:05,16,25,2302,7813
2023-02-22 15:16:05,16,23,2302,7813
2023-02-22 15:16:05,16,21,2302,7813
2023-02-22 15:16:12,15,21,2302,7813
2023-02-22 15:16:12,14,21,2302,7813
2023-02-22 15:16:12,14,23,2302,7813
2023-02-22 15:16:12,14,21,2302,7813
2023-02-22 15:16:12,14,19,2302,7813
2023-02-22 15:16:32,12,19,2302,7813
2023-02-22 15:16:32,12,21,2302,7813
2023-02-22 15:16:32,12,26,2302,7813
2023-02-22 15:16:32,12,19,2302,7813
2023-02-22 15:16:32,12,17,2302,7813
2023-02-22 15:16:57,11,17,2302,7813
2023-02-22 15:16:57,11,19,2302,7813
2023-02-22 15:16:57,12,19,2302,7813
2023-02-22 15:16:57,12,17,2302,7813
2023-02-22 15:17:36,10,17,2302,7813
2023-02-22 15:17:36,10,19,2302,7813
2023-02-22 15:17:36,10,21,2302,7813
2023-02-22 15:17:36,10,26,2302,7813
2023-02-22 15:17:36,10,15,2302,7813
2023-02-22 15:17:36,10,14,2302,7813
2023-02-22 15:17:47,11,14,2302,7813
2023-02-22 15:17:50,10,14,2302,7813
2023-02-22 15:17:53,11,14,2302,7813
2023-02-22 15:17:55,10,14,2302,7813
2023-02-22 15:17:57,11,14,2302,7813
2023-02-22 15:17:58,10,14,2302,7813
2023-02-22 15:18:01,11,14,2302,7813
2023-02-22 15:18:03,10,14,2302,7813
2023-02-22 15:18:07,10,15,2302,7813
2023-02-22 15:18:07,10,26,2302,7813
2023-02-22 15:18:07,12,26,2302,7813
2023-02-22 15:18:07,12,19,2302,7813
2023-02-22 15:18:07,12,16,2302,7813
2023-02-22 15:18:29,11,16,2302,7813
2023-02-22 15:18:29,11,26,2302,7813
2023-02-22 15:18:29,12,26,2302,7813
2023-02-22 15:18:29,12,20,2302,7813
2023-02-22 15:18:29,12,16,2302,7813
2023-02-22 15:18:43,12,18,2302,7813
2023-02-22 15:18:43,12,26,2302,7813
2023-02-22 15:18:43,12,25,2302,7813
2023-02-22 15:18:43,12,16,2302,7813
2023-02-22 15:18:43,12,15,2302,7813
2023-02-22 15:18:43,12,14,2302,7813
2023-02-22 15:18:45,11,14,2302,7813
2023-02-22 15:19:20,12,14,2302,7813
2023-02-22 15:19:21,11,14,2302,7813
2023-02-22 15:19:24,12,14,2302,7813
2023-02-22 15:19:33,12,17,2302,7813
2023-02-22 15:19:33,12,26,2302,7813
2023-02-22 15:19:34,12,25,2302,7813
2023-02-22 15:19:34,12,16,2302,7813
2023-02-22 15:19:36,13,16,2302,7813
2023-02-22 15:19:42,14,16,2302,7813
2023-02-22 15:19:45,15,16,2302,7813
2023-02-22 15:19:57,14,16,2302,7813
2023-02-22 15:20:01,14,18,2302,7813
2023-02-22 15:20:01,14,26,2302,7813
2023-02-22 15:20:02,14,25,2302,7813
2023-02-22 15:20:02,14,21,2302,7813
2023-02-22 15:20:02,14,19,2302,7813
2023-02-22 15:20:12,15,19,2302,7813
2023-02-22 15:20:16,14,19,2302,7813
2023-02-22 15:20:24,15,19,2302,7813
2023-02-22 15:20:33,14,19,2302,7813
2023-02-22 15:20:34,14,23,2302,7813
2023-02-22 15:20:34,14,26,2302,7813
2023-02-22 15:20:34,14,25,2302,7813
2023-02-22 15:20:34,15,25,2302,7813
2023-02-22 15:20:34,15,22,2302,7813
2023-02-22 15:20:34,15,20,2302,7813
2023-02-22 15:20:39,14,20,2302,7836
2023-02-22 15:20:44,14,19,2302,7836
2023-02-22 15:20:47,15,19,2302,7836
2023-02-22 15:20:48,14,19,2302,7836
2023-02-22 15:20:49,15,19,2302,7836
2023-02-22 15:20:51,15,20,2302,7836
2023-02-22 15:20:51,15,19,2302,7836
2023-02-22 15:20:59,14,19,2302,7836
2023-02-22 15:21:09,14,19,2302,7873
2023-02-22 15:21:12,14,19,2302,7878
2023-02-22 15:21:18,12,19,2302,7878
2023-02-22 15:21:18,13,19,2302,7878
2023-02-22 15:21:19,13,18,2302,7878
2023-02-22 15:21:21,13,17,2302,7878
2023-02-22 15:21:34,13,18,2302,7878
2023-02-22 15:21:40,13,20,2302,7878
2023-02-22 15:21:40,13,19,2302,7878
2023-02-22 15:21:40,13,18,2302,7878
2023-02-22 15:21:40,13,16,2302,7878
2023-02-22 15:21:42,13,15,2302,7878
2023-02-22 15:21:48,15,16,2302,7899
2023-02-22 15:21:48,15,16,2302,7920
2023-02-22 15:21:48,15,16,2302,7941
2023-02-22 15:22:01,15,16,2302,7943
2023-02-22 15:22:03,15,16,2302,8043
2023-02-22 15:22:07,14,16,2302,8043
2023-02-22 15:22:07,16,18,2379,8203
2023-02-22 15:22:07,16,17,2379,8203
2023-02-22 15:22:12,13,18,2379,8203
2023-02-22 15:22:15,14,18,2379,8203
2023-02-22 15:22:23,14,19,2379,8203
2023-02-22 15:22:24,14,18,2379,8203
2023-02-22 15:22:24,15,18,2379,8203
2023-02-22 15:22:24,15,19,2379,8203
2023-02-22 15:22:24,18,19,2379,8203
2023-02-22 15:22:26,18,21,2479,8303
2023-02-22 15:22:26,18,20,2479,8303
2023-02-22 15:22:33,18,21,2479,8303
2023-02-22 15:22:49,18,23,2570,8394
2023-02-22 15:22:49,18,22,2570,8394
2023-02-22 15:23:02,18,21,2570,8394
2023-02-22 15:23:06,16,21,2570,8394
2023-02-22 15:23:06,17,21,2570,8394
2023-02-22 15:23:08,17,23,2570,8394
2023-02-22 15:23:08,17,19,2570,8394
2023-02-22 15:23:11,16,19,2526,8438
2023-02-22 15:23:15,15,19,2463,8501
2023-02-22 15:23:20,15,23,2463,8501
2023-02-22 15:23:20,15,17,2463,8501
2023-02-22 15:23:35,14,17,2402,8562
2023-02-22 15:23:41,11,17,2402,8562
2023-02-22 15:23:41,13,17,2402,8562
2023-02-22 15:23:50,13,15,2402,8562
2023-02-22 15:23:56,13,19,2402,8562
2023-02-22 15:23:56,13,19,2402,8627
2023-02-22 15:24:02,12,19,2402,8627
2023-02-22 15:24:02,7,19,2402,8627
2023-02-22 15:24:02,7,21,2402,8627
2023-02-22 15:24:02,7,23,2402,8627
2023-02-22 15:24:02,7,32,2402,8627
2023-02-22 15:24:02,8,32,2402,8627
2023-02-22 15:24:02,9,32,2402,8627
2023-02-22 15:24:02,9,15,2402,8627
2023-02-22 15:24:02,9,14,2402,8627
2023-02-22 15:24:05,10,14,2402,8627
2023-02-22 15:24:20,9,14,2402,8627
2023-02-22 15:24:32,7,14,2402,8627
2023-02-22 15:24:32,7,32,2402,8627
2023-02-22 15:24:32,8,32,2402,8627
2023-02-22 15:24:32,8,13,2402,8627
2023-02-22 15:24:32,8,11,2402,8627
2023-02-22 15:24:47,7,11,2402,8627
2023-02-22 15:24:47,7,12,2402,8627
2023-02-22 15:24:47,7,11,2402,8627
2023-02-22 15:25:06,7,12,2402,8627
2023-02-22 15:25:06,7,11,2402,8627
2023-02-22 15:25:28,7,12,2402,8627
2023-02-22 15:25:29,7,11,2402,8627
2023-02-22 15:25:34,6,11,2402,8627
2023-02-22 15:25:34,6,12,2402,8627
2023-02-22 15:25:34,6,13,2402,8627
2023-02-22 15:25:34,6,32,2402,8627
2023-02-22 15:25:34,6,31,2402,8627
2023-02-22 15:25:34,6,11,2402,8627
2023-02-22 15:25:34,6,10,2402,8627
2023-02-22 15:25:34,6,9,2402,8627
2023-02-22 15:25:41,7,9,2402,8627
2023-02-22 15:25:51,6,9,2402,8627
2023-02-22 15:25:59,6,10,2402,8627
2023-02-22 15:25:59,6,9,2402,8627
2023-02-22 15:26:03,6,8,2402,8627
2023-02-22 15:26:11,6,10,2402,8627
2023-02-22 15:26:38,6,11,2402,8627
2023-02-22 15:26:38,6,13,2402,8627
2023-02-22 15:26:39,6,10,2402,8627
2023-02-22 15:26:39,6,9,2402,8627
2023-02-22 15:26:39,6,8,2402,8627
2023-02-22 15:27:01,7,8,2402,8627
2023-02-22 15:27:03,6,8,2402,8627
2023-02-22 15:27:07,7,8,2402,8627
2023-02-22 15:27:08,7,10,2402,8627
2023-02-22 15:27:08,7,9,2402,8627
2023-02-22 15:27:19,8,9,2402,8627
2023-02-22 15:27:20,7,9,2402,8627
2023-02-22 15:27:26,8,9,2402,8627
2023-02-22 15:27:34,8,9,2402,8692
2023-02-22 15:27:40,7,9,2402,8692
2023-02-22 15:27:42,6,9,2402,8692
2023-02-22 15:27:45,6,11,2402,8692
2023-02-22 15:27:45,6,12,2402,8692
2023-02-22 15:27:45,8,12,2402,8692
2023-02-22 15:27:50,8,10,2402,8692
2023-02-22 15:28:08,8,12,2402,8692
2023-02-22 15:28:11,7,12,2402,8692
2023-02-22 15:28:11,6,12,2402,8692
2023-02-22 15:28:11,7,12,2402,8692
2023-02-22 15:28:11,7,11,2402,8692
2023-02-22 15:28:11,7,10,2402,8692
2023-02-22 15:28:34,6,10,2402,8692
2023-02-22 15:28:34,6,11,2402,8692
2023-02-22 15:28:34,7,11,2402,8692
2023-02-22 15:28:34,7,10,2402,8692
2023-02-22 15:28:54,8,10,2402,8692
2023-02-22 15:29:19,8,12,2473,8763
2023-02-22 15:29:28,8,13,2473,8763
2023-02-22 15:29:28,10,13,2473,8763
2023-02-22 15:29:35,11,13,2473,8763
2023-02-22 15:29:38,10,13,2473,8763
2023-02-22 15:29:42,10,15,2473,8814
2023-02-22 15:29:42,11,15,2473,8814
2023-02-22 15:29:47,11,17,2548,8889
2023-02-22 15:29:47,10,17,2548,8889
2023-02-22 15:29:49,10,18,2548,8889
2023-02-22 15:29:49,11,18,2548,8889
2023-02-22 15:29:49,11,16,2548,8889
2023-02-22 15:30:06,12,16,2548,8889
2023-02-22 15:30:09,14,16,2548,8889
2023-02-22 15:30:11,12,16,2548,8889
2023-02-22 15:30:11,15,16,2548,8889
2023-02-22 15:30:11,15,20,2548,8889
2023-02-22 15:30:11,15,18,2548,8889
2023-02-22 15:30:19,15,20,2600,8941
2023-02-22 15:30:32,13,20,2600,8941
2023-02-22 15:30:35,14,20,2600,8941
2023-02-22 15:30:35,14,19,2600,8941
2023-02-22 15:30:51,12,19,2600,8941
2023-02-22 15:30:51,13,19,2600,8941
2023-02-22 15:30:51,14,19,2600,8941
2023-02-22 15:30:51,15,19,2600,8941
2023-02-22 15:30:58,15,21,2600,8941
2023-02-22 15:31:05,14,21,2600,8941
2023-02-22 15:31:05,14,20,2600,8941
2023-02-22 15:31:17,14,19,2600,8941
2023-02-22 15:31:22,14,17,2600,8941
2023-02-22 15:31:34,14,20,2600,8941
2023-02-22 15:31:34,14,19,2600,8941
2023-02-22 15:31:40,12,19,2600,8941
2023-02-22 15:31:40,12,18,2600,8941
2023-02-22 15:31:41,12,17,2600,8941
2023-02-22 15:32:02,12,18,2600,8941
2023-02-22 15:32:02,12,15,2600,8941
2023-02-22 15:32:07,12,13,2600,8941
2023-02-22 15:32:14,11,13,2527,9014
2023-02-22 15:32:25,6,13,2368,9173
2023-02-22 15:32:37,6,18,2368,9173
2023-02-22 15:32:37,6,11,2368,9173
2023-02-22 15:32:39,9,11,2368,9173
2023-02-22 15:33:00,9,13,2368,9173
2023-02-22 15:33:11,6,13,2368,9173
2023-02-22 15:33:11,8,13,2368,9173
2023-02-22 15:33:11,8,12,2368,9173
2023-02-22 15:33:15,8,11,2368,9173
2023-02-22 15:33:32,8,12,2368,9173
2023-02-22 15:33:47,6,12,2368,9173
2023-02-22 15:33:47,6,13,2368,9173
2023-02-22 15:33:47,7,13,2368,9173
2023-02-22 15:33:47,7,12,2368,9173
2023-02-22 15:34:04,6,12,2368,9173
2023-02-22 15:34:04,6,13,2368,9173
2023-02-22 15:34:04,7,13,2368,9173
2023-02-22 15:34:04,8,13,2368,9173
2023-02-22 15:34:04,9,13,2368,9173
2023-02-22 15:34:32,8,13,2368,9173
2023-02-22 15:34:55,8,11,2368,9173
2023-02-22 15:35:05,6,11,2368,9173
2023-02-22 15:35:05,7,11,2368,9173
2023-02-22 15:35:39,7,12,2368,9173
2023-02-22 15:35:39,7,11,2368,9173
2023-02-22 15:35:42,7,28,2639,9444
2023-02-22 15:35:43,7,12,2639,9444
2023-02-22 15:35:43,10,12,2639,9444
2023-02-22 15:35:48,10,28,2659,9464
2023-02-22 15:35:48,10,27,2659,9464
2023-02-22 15:35:49,10,15,2659,9464
2023-02-22 15:36:02,13,15,2659,9464
2023-02-22 15:36:09,13,17,2659,9464
2023-02-22 15:36:09,13,24,2659,9464
2023-02-22 15:36:09,13,15,2659,9464
2023-02-22 15:36:22,13,15,2659,9466
2023-02-22 15:36:41,13,16,2659,9466
2023-02-22 15:37:02,12,16,2603,9522
2023-02-22 15:37:05,13,16,2603,9522
2023-02-22 15:37:09,12,16,2603,9522
2023-02-22 15:37:11,14,16,2603,9522
2023-02-22 15:37:11,14,18,2603,9522
2023-02-22 15:37:17,14,17,2603,9522
2023-02-22 15:37:34,14,18,2603,9522
2023-02-22 15:37:50,14,16,2603,9522
2023-02-22 15:37:59,14,19,2603,9522
2023-02-22 15:37:59,14,18,2603,9522
2023-02-22 15:38:06,15,18,2603,9522
2023-02-22 15:38:11,14,18,2603,9522
2023-02-22 15:38:12,17,18,2603,9522
2023-02-22 15:38:13,17,19,2603,9522
2023-02-22 15:38:23,17,21,2662,9581
2023-02-22 15:38:23,17,20,2662,9581
2023-02-22 15:38:28,14,20,2662,9581
2023-02-22 15:38:28,15,20,2662,9581
2023-02-22 15:38:28,15,19,2662,9581
2023-02-22 15:38:29,14,19,2662,9581
2023-02-22 15:38:34,15,19,2662,9581
2023-02-22 15:38:38,16,19,2662,9581
2023-02-22 15:38:41,16,21,2662,9581
2023-02-22 15:38:41,17,21,2662,9581
2023-02-22 15:38:42,16,21,2662,9581
2023-02-22 15:38:48,17,21,2662,9581
2023-02-22 15:39:02,16,21,2662,9581
2023-02-22 15:39:05,17,21,2662,9581
2023-02-22 15:39:07,18,21,2662,9581
2023-02-22 15:39:12,17,21,2662,9581
2023-02-22 15:39:13,18,21,2662,9581
2023-02-22 15:39:19,17,21,2662,9581
2023-02-22 15:39:28,17,19,2662,9581
2023-02-22 15:39:28,16,19,2662,9581
2023-02-22 15:39:30,18,19,2662,9581
2023-02-22 15:39:30,18,22,2662,9581
2023-02-22 15:39:33,18,24,2662,9581
2023-02-22 15:39:34,20,24,2662,9581
2023-02-22 15:39:34,20,23,2662,9581
2023-02-22 15:39:34,18,23,2662,9581
2023-02-22 15:39:39,18,22,2662,9581
2023-02-22 15:39:49,18,24,2662,9581
2023-02-22 15:39:50,18,23,2662,9581
2023-02-22 15:39:50,20,23,2662,9581
2023-02-22 15:39:51,18,23,2662,9581
2023-02-22 15:39:59,20,23,2662,9581
2023-02-22 15:40:00,18,23,2662,9581
2023-02-22 15:40:00,18,22,2662,9581
2023-02-22 15:40:20,18,20,2662,9581
2023-02-22 15:40:20,16,20,2662,9581
2023-02-22 15:40:21,16,18,2662,9581
2023-02-22 15:40:35,16,20,2662,9581
2023-02-22 15:40:35,18,20,2662,9581
2023-02-22 15:40:48,20,22,2662,9640
2023-02-22 15:40:54,17,22,2662,9640
2023-02-22 15:40:54,18,22,2662,9640
2023-02-22 15:40:58,18,20,2662,9640
2023-02-22 15:40:59,16,20,2662,9640
2023-02-22 15:41:06,17,20,2662,9640
2023-02-22 15:41:07,18,20,2662,9640
2023-02-22 15:41:08,18,22,2662,9640
2023-02-22 15:41:11,19,22,2662,9640
2023-02-22 15:41:12,18,22,2662,9640
2023-02-22 15:41:13,19,22,2662,9640
2023-02-22 15:41:21,18,22,2662,9640
2023-02-22 15:41:22,18,20,2662,9640
2023-02-22 15:41:22,16,20,2662,9640
2023-02-22 15:41:26,16,25,2662,9640
2023-02-22 15:41:26,16,18,2662,9640
2023-02-22 15:41:27,17,18,2662,9640
2023-02-22 15:41:29,17,26,2723,9701
2023-02-22 15:41:42,15,26,2723,9701
2023-02-22 15:41:42,14,26,2723,9701
2023-02-22 15:41:42,14,27,2723,9701
2023-02-22 15:41:42,14,22,2723,9701
2023-02-22 15:41:42,14,20,2723,9701
2023-02-22 15:41:50,15,20,2723,9701
2023-02-22 15:41:58,15,19,2723,9701
2023-02-22 15:42:06,15,18,2723,9701
2023-02-22 15:42:07,14,18,2723,9721
2023-02-22 15:42:15,11,18,2723,9741
2023-02-22 15:42:33,11,15,2723,9741
2023-02-22 15:42:39,13,15,2723,9741
2023-02-22 15:42:43,13,14,2723,9741
2023-02-22 15:42:49,13,14,2723,9751
2023-02-22 15:42:52,11,14,2723,9751
2023-02-22 15:42:58,12,14,2723,9751
2023-02-22 15:43:00,11,14,2723,9751
2023-02-22 15:43:03,11,12,2723,9751
2023-02-22 15:43:04,10,12,2723,9751
2023-02-22 15:43:13,9,12,2674,9800
2023-02-22 15:43:21,10,12,2674,9800
2023-02-22 15:43:24,9,14,2674,9800
2023-02-22 15:43:30,10,14,2674,9800
2023-02-22 15:43:34,9,14,2674,9800
2023-02-22 15:43:34,10,14,2674,9800
2023-02-22 15:43:42,12,14,2674,9800
2023-02-22 15:43:42,12,15,2674,9800
2023-02-22 15:43:43,12,13,2674,9800
2023-02-22 15:43:46,12,13,2684,9810
2023-02-22 15:43:54,12,14,2719,9845
2023-02-22 15:43:54,14,15,2719,9875
2023-02-22 15:44:01,12,14,2719,9900
2023-02-22 15:44:01,12,13,2719,9900
2023-02-22 15:44:09,11,13,2719,9900
2023-02-22 15:44:11,11,14,2719,9900
2023-02-22 15:44:11,11,15,2719,9900
2023-02-22 15:44:11,12,15,2719,9900
2023-02-22 15:44:36,13,15,2719,9900
2023-02-22 15:44:37,14,15,2719,9900
2023-02-22 15:44:39,15,19,2719,9920
2023-02-22 15:44:40,15,18,2719,9920
2023-02-22 15:44:42,13,18,2719,9920
2023-02-22 15:44:42,12,18,2719,9920
2023-02-22 15:44:43,12,16,2719,9920
2023-02-22 15:44:45,12,14,2719,9920
2023-02-22 15:44:49,12,16,2739,9940
2023-02-22 15:44:51,12,13,2739,9940
2023-02-22 15:44:55,12,19,2739,9940
2023-02-22 15:44:55,12,17,2739,9940
2023-02-22 15:45:01,12,19,2739,9940
2023-02-22 15:45:03,14,19,2739,9940
2023-02-22 15:45:05,14,17,2739,9940
2023-02-22 15:45:06,12,17,2739,9940
2023-02-22 15:45:06,10,17,2739,9940
2023-02-22 15:45:07,10,16,2739,9940
2023-02-22 15:45:09,10,17,2739,9940
2023-02-22 15:45:10,10,14,2739,9940
2023-02-22 15:45:24,10,16,2739,9940
2023-02-22 15:45:31,10,19,2739,9940
2023-02-22 15:45:31,10,18,2739,9940
2023-02-22 15:45:31,11,18,2739,9940
2023-02-22 15:45:31,11,17,2739,9940
2023-02-22 15:45:32,10,17,2739,9940
2023-02-22 15:45:32,12,17,2739,9940
2023-02-22 15:45:35,14,17,2739,9940
2023-02-22 15:45:38,12,17,2739,9940
2023-02-22 15:45:47,13,17,2739,9940
2023-02-22 15:45:49,12,17,2739,9940
2023-02-22 15:45:49,14,17,2739,9940
2023-02-22 15:45:50,12,17,2739,9940
2023-02-22 15:45:50,15,17,2739,9940
2023-02-22 15:45:53,13,17,2739,9940
2023-02-22 15:45:55,12,17,2739,9940
2023-02-22 15:46:03,10,17,2739,9940
2023-02-22 15:46:03,11,17,2739,9940
2023-02-22 15:46:05,13,17,2739,9940
2023-02-22 15:46:05,14,17,2739,9940
2023-02-22 15:46:07,14,19,2739,9940
2023-02-22 15:46:20,15,19,2739,9940
2023-02-22 15:46:23,14,19,2739,9940
2023-02-22 15:46:34,13,19,2739,9940
2023-02-22 15:46:39,12,19,2739,9940
2023-02-22 15:46:49,13,19,2739,9940
2023-02-22 15:46:51,12,19,2739,9940
2023-02-22 15:47:00,12,18,2739,9940
2023-02-22 15:47:02,11,18,2739,9940
2023-02-22 15:47:02,11,17,2739,9940
2023-02-22 15:47:11,12,17,2739,9940
2023-02-22 15:47:11,12,14,2739,9940
2023-02-22 15:47:15,12,18,2739,9940
2023-02-22 15:47:16,12,16,2739,9940
2023-02-22 15:47:19,13,16,2739,9940
2023-02-22 15:47:30,13,18,2739,9940
2023-02-22 15:47:30,13,17,2739,9940
2023-02-22 15:47:30,13,14,2739,9940
2023-02-22 15:47:36,9,12,2760,9961
2023-02-22 15:47:42,10,12,2760,9961
2023-02-22 15:47:42,10,14,2760,9961
2023-02-22 15:47:44,9,14,2760,9961
2023-02-22 15:47:55,9,15,2760,9961
2023-02-22 15:47:56,9,12,2760,9961
2023-02-22 15:47:58,10,12,2760,9961
2023-02-22 15:47:59,10,14,2760,9961
2023-02-22 15:48:02,9,14,2760,9961
2023-02-22 15:48:04,8,14,2760,9961
2023-02-22 15:48:04,8,12,2760,9961
2023-02-22 15:48:08,11,12,2760,9961
2023-02-22 15:48:29,8,12,2760,9961
2023-02-22 15:48:42,8,10,2760,9961
2023-02-22 15:48:43,7,10,2760,9961
2023-02-22 15:49:12,7,10,2729,9992
2023-02-22 15:49:13,6,10,2729,9992
2023-02-22 15:49:13,6,7,2729,9992
2023-02-22 15:49:23,6,8,2729,9992
2023-02-22 15:49:24,6,7,2729,9992
2023-02-22 15:49:28,6,7,2729,10013
2023-02-22 15:49:29,5,7,2708,10034
2023-02-22 15:49:33,5,8,2708,10034
2023-02-22 15:49:38,4,8,2708,10113
2023-02-22 15:49:45,4,7,2708,10113
2023-02-22 15:49:48,5,7,2708,10113
2023-02-22 15:49:50,7,8,2735,10140
2023-02-22 15:49:58,5,8,2735,10140
2023-02-22 15:50:07,8,9,2795,10200
2023-02-22 15:50:11,9,19,2823,10228
2023-02-22 15:50:14,9,10,2823,10228
2023-02-22 15:50:15,10,11,2846,10251
2023-02-22 15:50:20,11,19,2868,10273
2023-02-22 15:50:25,9,19,2868,10273
2023-02-22 15:50:26,19,31,2868,10293
2023-02-22 15:50:26,19,30,2868,10293
2023-02-22 15:50:31,9,30,2868,10293
2023-02-22 15:50:31,9,18,2868,10293
2023-02-22 15:50:31,9,16,2868,10293
2023-02-22 15:50:31,9,14,2868,10293
2023-02-22 15:50:34,14,16,2902,10327
2023-02-22 15:50:38,9,16,2902,10327
2023-02-22 15:50:41,16,18,2932,10357
2023-02-22 15:50:45,16,24,2932,10357
2023-02-22 15:50:45,16,23,2932,10357
2023-02-22 15:50:48,13,22,2932,10357
2023-02-22 15:50:54,14,22,2932,10357
2023-02-22 15:50:58,13,22,2932,10357
2023-02-22 15:50:58,9,22,2932,10357
2023-02-22 15:50:58,9,15,2932,10357
2023-02-22 15:50:58,9,13,2932,10357
2023-02-22 15:51:05,7,13,2932,10357
2023-02-22 15:51:05,7,9,2932,10357
2023-02-22 15:51:13,8,9,2932,10357
2023-02-22 15:51:17,7,9,2932,10377
2023-02-22 15:51:34,6,9,2920,10389
2023-02-22 15:51:38,5,9,2920,10389
2023-02-22 15:51:38,1,4,2940,10409
2023-02-22 15:51:38,1,3,2940,10409
2023-02-22 15:51:45,1,4,2978,10447
2023-02-22 15:51:58,1,5,2978,10447
2023-02-22 15:51:58,1,6,2978,10447
2023-02-22 15:51:58,1,9,2978,10447
2023-02-22 15:51:59,1,8,2978,10447
2023-02-22 15:51:59,1,3,2978,10447
2023-02-22 15:52:19,1,9,2978,10447
2023-02-22 15:52:25,1,8,2978,10447
2023-02-22 15:52:44,1,9,2978,10447
2023-02-22 15:52:52,1,8,2978,10447
2023-02-22 15:52:53,2,8,2978,10447
2023-02-22 15:53:14,2,16,2978,10447
2023-02-22 15:53:14,2,8,2978,10447
2023-02-22 15:53:46,2,16,2978,10447
2023-02-22 15:53:46,2,8,2978,10447
2023-02-22 15:53:49,1,8,2978,10537
2023-02-22 15:54:16,1,16,2978,10537
2023-02-22 15:54:21,0,16,2978,10537
2023-02-22 15:54:24,0,1,2978,10537
2023-02-22 15:54:52,1,16,2978,10617
2023-02-22 15:55:00,0,15,2978,10617
2023-02-22 15:55:13,0,1,2978,10617
2023-02-22 15:55:18,0,16,2978,10617
2023-02-22 15:55:42,0,15,2978,10617
2023-02-22 15:56:04,0,1,2978,10617
2023-02-22 15:56:12,0,16,2982,10621
2023-02-22 15:56:12,0,15,2982,10621
2023-02-22 15:57:19,0,1,2982,10621
