datetime,bid,ask,open_interest,volume
2023-02-22 09:31:03,20,32,667,667
2023-02-22 09:31:03,20,29,667,667
2023-02-22 09:31:04,23,29,667,667
2023-02-22 09:32:16,25,29,667,667
2023-02-22 09:32:19,25,30,667,667
2023-02-22 09:32:36,25,31,667,667
2023-02-22 09:32:42,25,30,667,667
2023-02-22 09:32:47,25,31,667,667
2023-02-22 09:32:54,25,30,667,667
2023-02-22 09:33:13,25,31,667,667
2023-02-22 09:33:24,25,30,667,667
2023-02-22 09:33:24,25,31,667,667
2023-02-22 09:34:01,25,30,667,667
2023-02-22 09:34:10,25,31,667,667
2023-02-22 09:35:01,25,30,667,667
2023-02-22 09:35:07,25,31,667,667
2023-02-22 09:35:08,25,30,667,667
2023-02-22 09:35:27,25,31,667,667
2023-02-22 09:35:37,25,30,667,667
2023-02-22 09:36:14,25,31,667,667
2023-02-22 09:36:26,25,30,667,667
2023-02-22 09:36:57,25,31,667,667
2023-02-22 09:37:48,25,30,667,667
2023-02-22 09:38:07,25,29,667,667
2023-02-22 09:38:08,23,29,667,667
2023-02-22 09:38:09,24,29,667,667
2023-02-22 09:38:29,25,29,667,667
2023-02-22 09:38:29,25,31,667,667
2023-02-22 09:38:41,26,31,667,667
2023-02-22 09:40:29,26,32,667,667
2023-02-22 09:40:30,26,32,667,667
2023-02-22 09:40:31,27,32,667,667
2023-02-22 09:40:32,26,32,667,667
2023-02-22 09:40:37,26,30,667,667
2023-02-22 09:41:01,27,30,667,667
2023-02-22 09:41:03,27,32,667,667
2023-02-22 09:41:03,27,31,667,667
2023-02-22 09:41:03,27,29,667,667
2023-02-22 09:41:05,26,29,667,667
2023-02-22 09:41:06,27,29,667,667
2023-02-22 09:41:19,26,29,667,667
2023-02-22 09:41:26,27,29,667,667
2023-02-22 09:41:34,27,32,667,667
2023-02-22 09:41:34,26,32,667,667
2023-02-22 09:41:34,26,30,667,667
2023-02-22 09:41:36,27,30,667,667
2023-02-22 09:41:56,27,32,667,667
2023-02-22 09:41:56,27,30,667,667
2023-02-22 09:42:34,27,32,667,667
2023-02-22 09:42:35,27,30,667,667
2023-02-22 09:42:36,26,30,667,667
2023-02-22 09:42:37,27,30,667,667
2023-02-22 09:42:38,26,30,667,667
2023-02-22 09:42:49,27,30,667,667
2023-02-22 09:42:59,27,32,667,667
2023-02-22 09:42:59,27,30,667,667
2023-02-22 09:43:35,27,32,667,667
2023-02-22 09:43:36,27,30,667,667
2023-02-22 09:44:03,27,32,667,667
2023-02-22 09:44:04,27,30,667,667
2023-02-22 09:44:32,27,32,667,667
2023-02-22 09:44:33,27,30,667,667
2023-02-22 09:44:50,28,30,667,667
2023-02-22 09:45:02,28,32,667,667
2023-02-22 09:45:03,28,30,667,667
2023-02-22 09:45:31,28,33,667,667
2023-02-22 09:45:31,28,32,667,667
2023-02-22 09:45:31,28,30,667,667
2023-02-22 09:46:33,28,32,667,667
2023-02-22 09:46:33,28,30,667,667
2023-02-22 09:46:57,28,32,667,667
2023-02-22 09:46:57,28,33,667,667
2023-02-22 09:46:58,28,30,667,667
2023-02-22 09:47:37,28,33,667,667
2023-02-22 09:47:37,28,31,667,667
2023-02-22 09:48:01,28,33,667,667
2023-02-22 09:48:01,28,30,667,667
2023-02-22 09:48:31,28,33,667,667
2023-02-22 09:48:32,28,31,667,667
2023-02-22 09:48:57,28,33,667,667
2023-02-22 09:48:57,28,32,667,667
2023-02-22 09:48:57,28,30,667,667
2023-02-22 09:49:32,28,33,667,667
2023-02-22 09:49:32,28,31,667,667
2023-02-22 09:50:32,28,33,667,667
2023-02-22 09:50:32,28,30,667,667
2023-02-22 09:50:59,28,32,667,667
2023-02-22 09:50:59,28,33,667,667
2023-02-22 09:51:00,28,30,667,667
2023-02-22 09:51:38,28,32,667,667
2023-02-22 09:51:38,28,30,667,667
2023-02-22 09:51:58,28,32,667,667
2023-02-22 09:51:59,28,30,667,667
2023-02-22 09:52:30,28,33,667,667
2023-02-22 09:52:31,28,31,667,667
2023-02-22 09:52:56,28,33,667,667
2023-02-22 09:52:56,28,34,667,667
2023-02-22 09:52:56,29,34,667,667
2023-02-22 09:52:56,29,31,667,667
2023-02-22 09:53:34,29,34,667,667
2023-02-22 09:53:34,29,30,667,667
2023-02-22 09:53:35,28,30,667,667
2023-02-22 09:53:56,28,32,667,667
2023-02-22 09:53:57,28,30,667,667
2023-02-22 09:54:32,28,32,667,667
2023-02-22 09:54:33,28,30,667,667
2023-02-22 09:54:59,28,33,667,667
2023-02-22 09:54:59,28,32,667,667
2023-02-22 09:54:59,28,30,667,667
2023-02-22 09:55:35,28,32,667,667
2023-02-22 09:55:35,28,30,667,667
2023-02-22 09:56:01,28,32,667,667
2023-02-22 09:56:01,28,30,667,667
2023-02-22 09:57:00,28,33,667,667
2023-02-22 09:57:01,28,32,667,667
2023-02-22 09:57:01,28,30,667,667
2023-02-22 09:57:05,27,30,667,667
2023-02-22 09:57:34,27,32,667,667
2023-02-22 09:57:34,27,31,667,667
2023-02-22 09:57:34,27,29,667,667
2023-02-22 09:58:02,27,32,667,667
2023-02-22 09:58:02,27,30,667,667
2023-02-22 09:58:34,27,32,667,667
2023-02-22 09:58:34,27,30,667,667
2023-02-22 09:59:02,27,32,667,667
2023-02-22 09:59:03,27,31,667,667
2023-02-22 09:59:03,27,29,667,667
2023-02-22 09:59:32,27,31,667,667
2023-02-22 09:59:33,27,29,667,667
2023-02-22 10:00:08,26,29,667,667
2023-02-22 10:00:35,26,31,667,667
2023-02-22 10:00:36,26,29,667,667
2023-02-22 10:00:57,26,31,667,667
2023-02-22 10:00:57,26,29,667,667
2023-02-22 10:01:57,26,31,667,667
2023-02-22 10:01:58,26,29,667,667
2023-02-22 10:02:02,25,29,667,667
2023-02-22 10:02:31,24,29,667,667
2023-02-22 10:02:34,24,28,667,667
2023-02-22 10:02:58,24,29,667,667
2023-02-22 10:02:58,24,27,667,667
2023-02-22 10:03:31,24,29,667,667
2023-02-22 10:03:32,24,28,667,667
2023-02-22 10:04:03,24,29,667,667
2023-02-22 10:04:03,24,28,667,667
2023-02-22 10:04:08,24,28,867,867
2023-02-22 10:04:13,24,29,867,867
2023-02-22 10:04:13,24,28,867,867
2023-02-22 10:04:28,23,28,867,867
2023-02-22 10:04:33,23,27,867,867
2023-02-22 10:04:57,23,29,867,867
2023-02-22 10:04:58,23,27,867,867
2023-02-22 10:05:33,23,29,867,867
2023-02-22 10:05:33,23,28,867,867
2023-02-22 10:05:44,24,28,867,867
2023-02-22 10:05:58,24,29,867,867
2023-02-22 10:05:59,24,28,867,867
2023-02-22 10:06:10,23,28,867,867
2023-02-22 10:06:28,24,28,867,867
2023-02-22 10:06:29,23,28,867,867
2023-02-22 10:06:30,24,28,867,867
2023-02-22 10:06:31,23,28,867,867
2023-02-22 10:06:31,23,29,867,867
2023-02-22 10:06:32,23,28,867,867
2023-02-22 10:06:40,24,28,867,867
2023-02-22 10:06:44,23,28,867,867
2023-02-22 10:06:57,23,29,867,867
2023-02-22 10:06:58,23,28,867,867
2023-02-22 10:07:12,24,28,867,867
2023-02-22 10:07:13,23,28,867,867
2023-02-22 10:07:19,24,28,867,867
2023-02-22 10:07:28,23,28,867,867
2023-02-22 10:07:34,23,29,867,867
2023-02-22 10:07:34,23,28,867,867
2023-02-22 10:08:01,23,29,867,867
2023-02-22 10:08:02,23,28,867,867
2023-02-22 10:08:07,24,28,867,867
2023-02-22 10:08:31,24,29,867,867
2023-02-22 10:08:57,24,28,867,867
2023-02-22 10:09:00,23,28,867,867
2023-02-22 10:09:08,24,28,867,867
2023-02-22 10:09:23,23,28,867,867
2023-02-22 10:09:28,24,28,867,867
2023-02-22 10:09:29,23,28,867,867
2023-02-22 10:09:34,23,29,867,867
2023-02-22 10:09:34,23,28,867,867
2023-02-22 10:09:59,23,27,867,867
2023-02-22 10:09:59,22,27,867,867
2023-02-22 10:10:19,22,26,867,867
2023-02-22 10:10:19,21,26,867,867
2023-02-22 10:10:35,21,25,867,867
2023-02-22 10:10:44,20,25,867,867
2023-02-22 10:10:58,20,24,867,867
2023-02-22 10:11:27,20,23,867,867
2023-02-22 10:14:03,20,24,867,867
2023-02-22 10:15:40,20,23,867,867
2023-02-22 10:16:12,20,22,867,867
2023-02-22 10:16:16,20,21,867,867
2023-02-22 10:16:33,18,21,892,892
2023-02-22 10:16:39,17,21,892,892
2023-02-22 10:16:39,16,21,892,892
2023-02-22 10:16:53,16,21,917,917
2023-02-22 10:16:53,16,20,917,917
2023-02-22 10:17:03,17,20,917,917
2023-02-22 10:17:05,17,21,917,917
2023-02-22 10:17:05,16,21,917,917
2023-02-22 10:17:06,16,20,917,917
2023-02-22 10:17:12,17,20,917,917
2023-02-22 10:18:26,17,20,917,917
2023-02-22 10:18:27,17,21,917,917
2023-02-22 10:18:29,17,20,917,917
2023-02-22 10:18:36,17,21,917,917
2023-02-22 10:18:57,17,20,917,917
2023-02-22 10:19:10,17,19,917,917
2023-02-22 10:19:11,16,19,917,917
2023-02-22 10:19:11,17,19,917,917
2023-02-22 10:19:17,17,20,917,917
2023-02-22 10:19:21,17,19,917,917
2023-02-22 10:19:51,17,20,917,917
2023-02-22 10:19:54,16,20,917,917
2023-02-22 10:20:07,16,21,917,917
2023-02-22 10:20:07,17,21,917,917
2023-02-22 10:21:49,18,21,917,917
2023-02-22 10:22:01,17,21,917,917
2023-02-22 10:22:02,18,21,917,917
2023-02-22 10:22:03,17,21,917,917
2023-02-22 10:22:04,18,21,917,917
2023-02-22 10:22:13,17,21,917,917
2023-02-22 10:22:26,18,21,917,917
2023-02-22 10:22:52,19,21,917,917
2023-02-22 10:22:53,19,23,917,917
2023-02-22 10:22:55,19,22,917,917
2023-02-22 10:22:55,19,23,917,917
2023-02-22 10:23:01,19,22,917,917
2023-02-22 10:23:10,19,23,917,917
2023-02-22 10:23:35,20,23,917,917
2023-02-22 10:24:26,20,25,917,917
2023-02-22 10:24:26,21,25,917,917
2023-02-22 10:25:41,22,25,917,917
2023-02-22 10:26:36,21,25,917,917
2023-02-22 10:26:42,22,25,917,917
2023-02-22 10:26:52,21,25,917,917
2023-02-22 10:27:17,22,25,917,917
2023-02-22 10:28:24,21,25,917,917
2023-02-22 10:29:14,21,24,917,917
2023-02-22 10:29:38,20,24,917,917
2023-02-22 10:29:39,20,23,917,917
2023-02-22 10:29:57,20,22,917,917
2023-02-22 10:29:57,19,22,917,917
2023-02-22 10:30:02,19,21,917,917
2023-02-22 10:30:05,19,22,917,917
2023-02-22 10:30:18,18,22,917,917
2023-02-22 10:30:18,19,22,917,917
2023-02-22 10:30:23,19,23,917,917
2023-02-22 10:30:31,19,22,917,917
2023-02-22 10:30:54,19,21,917,917
2023-02-22 10:30:56,18,21,917,917
2023-02-22 10:31:05,18,20,917,917
2023-02-22 10:31:16,18,19,917,917
2023-02-22 10:31:25,18,20,917,917
2023-02-22 10:31:26,17,20,917,917
2023-02-22 10:31:26,18,20,917,917
2023-02-22 10:31:30,18,19,917,917
2023-02-22 10:32:00,16,19,917,917
2023-02-22 10:32:03,16,20,917,917
2023-02-22 10:32:05,16,19,917,917
2023-02-22 10:32:26,16,18,917,917
2023-02-22 10:32:55,15,18,917,917
2023-02-22 10:33:13,15,19,917,917
2023-02-22 10:33:47,16,19,917,917
2023-02-22 10:34:11,15,19,917,917
2023-02-22 10:34:11,16,19,917,917
2023-02-22 10:34:45,15,19,917,917
2023-02-22 10:34:45,16,19,917,917
2023-02-22 10:34:49,16,18,917,917
2023-02-22 10:34:53,16,19,917,917
2023-02-22 10:34:54,16,18,917,917
2023-02-22 10:34:56,16,19,917,917
2023-02-22 10:34:57,16,18,917,917
2023-02-22 10:35:06,16,19,917,917
2023-02-22 10:35:09,16,18,917,917
2023-02-22 10:35:10,16,19,917,917
2023-02-22 10:35:14,16,18,917,917
2023-02-22 10:35:15,16,19,917,917
2023-02-22 10:35:17,15,19,917,917
2023-02-22 10:35:40,15,20,917,917
2023-02-22 10:35:40,16,20,917,917
2023-02-22 10:35:41,16,19,917,917
2023-02-22 10:35:50,16,20,917,917
2023-02-22 10:36:05,16,21,917,917
2023-02-22 10:36:05,17,21,917,917
2023-02-22 10:36:08,16,21,917,917
2023-02-22 10:36:08,16,20,917,917
2023-02-22 10:36:30,17,20,917,917
2023-02-22 10:36:31,17,21,917,917
2023-02-22 10:37:15,17,20,917,917
2023-02-22 10:37:17,17,21,917,917
2023-02-22 10:37:19,17,20,917,917
2023-02-22 10:37:42,16,20,917,917
2023-02-22 10:38:09,17,20,917,917
2023-02-22 10:38:10,17,21,917,917
2023-02-22 10:38:10,17,19,917,917
2023-02-22 10:38:49,16,19,917,917
2023-02-22 10:39:12,17,19,917,917
2023-02-22 10:39:35,17,18,917,917
2023-02-22 10:39:36,17,19,917,917
2023-02-22 10:39:48,15,19,917,917
2023-02-22 10:39:49,16,19,917,917
2023-02-22 10:40:21,17,19,917,917
2023-02-22 10:40:21,17,21,917,917
2023-02-22 10:40:22,17,20,917,917
2023-02-22 10:40:23,16,21,917,917
2023-02-22 10:40:29,18,21,917,917
2023-02-22 10:40:52,18,22,917,917
2023-02-22 10:40:53,18,21,917,917
2023-02-22 10:40:54,18,22,917,917
2023-02-22 10:40:55,18,21,917,917
2023-02-22 10:41:05,18,22,917,917
2023-02-22 10:41:34,18,21,917,917
2023-02-22 10:41:37,18,22,917,917
2023-02-22 10:42:55,19,22,917,917
2023-02-22 10:43:04,20,22,917,917
2023-02-22 10:43:05,20,24,917,917
2023-02-22 10:43:16,20,23,917,917
2023-02-22 10:43:17,19,23,917,917
2023-02-22 10:43:17,20,23,917,917
2023-02-22 10:43:17,20,24,917,917
2023-02-22 10:43:18,19,24,917,917
2023-02-22 10:43:18,19,23,917,917
2023-02-22 10:43:43,19,22,917,917
2023-02-22 10:43:47,19,23,917,917
2023-02-22 10:43:52,19,22,917,917
2023-02-22 10:43:57,19,23,917,917
2023-02-22 10:44:49,20,23,917,917
2023-02-22 10:44:50,20,24,917,917
2023-02-22 10:45:09,21,24,917,917
2023-02-22 10:45:43,21,26,917,917
2023-02-22 10:45:43,22,26,917,917
2023-02-22 10:46:15,22,25,917,917
2023-02-22 10:46:33,22,26,917,917
2023-02-22 10:46:35,22,25,917,917
2023-02-22 10:46:39,22,26,917,917
2023-02-22 10:46:44,22,25,917,917
2023-02-22 10:47:08,22,26,917,917
2023-02-22 10:47:09,22,25,917,917
2023-02-22 10:47:10,22,26,917,917
2023-02-22 10:47:13,22,25,917,917
2023-02-22 10:47:30,21,25,917,917
2023-02-22 10:47:30,21,24,917,917
2023-02-22 10:47:39,21,25,917,917
2023-02-22 10:48:27,21,26,917,917
2023-02-22 10:48:33,22,25,917,917
2023-02-22 10:48:35,22,26,917,917
2023-02-22 10:48:41,22,25,917,917
2023-02-22 10:48:52,22,26,917,917
2023-02-22 10:48:56,22,25,917,917
2023-02-22 10:48:57,22,26,917,917
2023-02-22 10:49:03,22,25,917,917
2023-02-22 10:49:08,22,26,917,917
2023-02-22 10:49:10,22,25,917,917
2023-02-22 10:49:11,22,26,917,917
2023-02-22 10:49:15,22,25,917,917
2023-02-22 10:49:19,22,26,917,917
2023-02-22 10:49:42,22,25,917,917
2023-02-22 10:49:42,22,26,917,917
2023-02-22 10:49:43,22,25,917,917
2023-02-22 10:49:45,22,26,917,917
2023-02-22 10:49:50,22,25,917,917
2023-02-22 10:50:01,22,26,917,917
2023-02-22 10:50:36,22,25,917,917
2023-02-22 10:51:01,22,26,917,917
2023-02-22 10:51:02,22,25,917,917
2023-02-22 10:51:49,22,26,917,917
2023-02-22 10:54:17,23,26,917,917
2023-02-22 10:54:20,23,28,917,917
2023-02-22 10:54:20,24,28,917,917
2023-02-22 10:54:43,23,28,917,917
2023-02-22 10:54:43,23,27,917,917
2023-02-22 10:54:45,24,27,917,917
2023-02-22 10:54:45,24,28,917,917
2023-02-22 10:54:45,23,28,917,917
2023-02-22 10:54:46,23,27,917,917
2023-02-22 10:54:53,23,28,917,917
2023-02-22 10:55:11,24,27,917,917
2023-02-22 10:55:12,23,27,917,917
2023-02-22 10:55:19,23,28,917,917
2023-02-22 10:55:19,24,28,917,917
2023-02-22 10:55:34,24,27,917,917
2023-02-22 10:55:34,23,27,917,917
2023-02-22 10:55:37,24,27,917,917
2023-02-22 10:55:37,24,28,917,917
2023-02-22 10:55:38,24,27,917,917
2023-02-22 10:55:38,23,27,917,917
2023-02-22 10:55:59,24,27,917,917
2023-02-22 10:55:59,24,28,917,917
2023-02-22 10:56:07,25,28,917,917
2023-02-22 10:56:55,25,30,917,917
2023-02-22 10:56:55,26,30,917,917
2023-02-22 10:57:00,25,30,917,917
2023-02-22 10:57:00,25,29,917,917
2023-02-22 10:57:01,25,30,917,917
2023-02-22 10:57:01,26,30,917,917
2023-02-22 10:57:36,25,30,917,917
2023-02-22 10:57:36,25,29,917,917
2023-02-22 10:58:21,25,28,917,917
2023-02-22 10:58:33,25,29,917,917
2023-02-22 11:00:44,26,29,917,917
2023-02-22 11:00:45,26,30,917,917
2023-02-22 11:00:48,26,29,917,917
2023-02-22 11:00:48,25,29,917,917
2023-02-22 11:01:02,25,30,917,917
2023-02-22 11:01:02,26,30,917,917
2023-02-22 11:01:06,26,29,917,917
2023-02-22 11:01:07,25,29,917,917
2023-02-22 11:01:19,26,29,917,917
2023-02-22 11:01:20,26,30,917,917
2023-02-22 11:01:21,25,30,917,917
2023-02-22 11:01:21,25,29,917,917
2023-02-22 11:01:26,26,29,917,917
2023-02-22 11:01:26,26,30,917,917
2023-02-22 11:01:26,26,29,917,917
2023-02-22 11:01:27,25,29,917,917
2023-02-22 11:01:44,25,28,917,917
2023-02-22 11:01:51,25,29,917,917
2023-02-22 11:02:07,26,29,917,917
2023-02-22 11:02:07,26,30,917,917
2023-02-22 11:02:09,25,30,917,917
2023-02-22 11:02:09,25,29,917,917
2023-02-22 11:02:31,26,29,917,917
2023-02-22 11:02:32,26,30,917,917
2023-02-22 11:02:55,27,30,917,917
2023-02-22 11:04:44,27,29,917,917
2023-02-22 11:04:44,26,29,917,917
2023-02-22 11:05:07,26,30,917,917
2023-02-22 11:05:29,27,30,917,917
2023-02-22 11:05:34,26,30,917,917
2023-02-22 11:06:14,26,30,902,932
2023-02-22 11:06:33,26,29,902,932
2023-02-22 11:07:21,26,30,902,932
2023-02-22 11:07:24,26,29,902,932
2023-02-22 11:07:30,26,30,902,932
2023-02-22 11:07:34,26,29,902,932
2023-02-22 11:08:20,25,29,902,932
2023-02-22 11:08:20,25,28,902,932
2023-02-22 11:08:28,25,29,902,932
2023-02-22 11:08:49,25,28,902,932
2023-02-22 11:09:27,25,29,902,932
2023-02-22 11:09:55,25,30,902,932
2023-02-22 11:09:56,26,30,902,932
2023-02-22 11:10:12,26,29,902,932
2023-02-22 11:10:21,25,29,902,932
2023-02-22 11:11:17,26,29,902,932
2023-02-22 11:11:17,26,30,902,932
2023-02-22 11:11:33,26,29,902,932
2023-02-22 11:11:44,26,30,902,932
2023-02-22 11:11:58,26,29,902,932
2023-02-22 11:12:06,26,28,902,932
2023-02-22 11:12:58,26,27,902,932
2023-02-22 11:13:51,24,26,902,933
2023-02-22 11:13:52,23,26,902,933
2023-02-22 11:16:19,23,25,902,933
2023-02-22 11:16:19,22,25,902,933
2023-02-22 11:16:26,22,26,902,933
2023-02-22 11:16:27,22,25,902,933
2023-02-22 11:16:28,22,26,902,933
2023-02-22 11:17:02,22,25,902,933
2023-02-22 11:17:12,22,26,902,933
2023-02-22 11:17:24,22,25,902,933
2023-02-22 11:17:25,22,26,902,933
2023-02-22 11:17:27,22,25,902,933
2023-02-22 11:17:50,22,26,902,933
2023-02-22 11:17:50,22,25,902,933
2023-02-22 11:17:51,22,26,902,933
2023-02-22 11:17:54,22,25,902,933
2023-02-22 11:17:56,22,26,902,933
2023-02-22 11:18:01,22,25,902,933
2023-02-22 11:18:06,22,26,902,933
2023-02-22 11:18:31,22,25,902,933
2023-02-22 11:18:36,22,26,902,933
2023-02-22 11:18:39,22,25,902,933
2023-02-22 11:19:13,22,26,902,933
2023-02-22 11:20:02,23,26,902,933
2023-02-22 11:20:13,23,28,902,933
2023-02-22 11:20:13,24,28,902,933
2023-02-22 11:20:41,25,28,902,933
2023-02-22 11:21:40,24,28,902,933
2023-02-22 11:22:22,25,28,902,933
2023-02-22 11:23:10,25,30,902,933
2023-02-22 11:23:11,26,30,902,933
2023-02-22 11:23:16,26,29,902,933
2023-02-22 11:23:35,26,30,913,953
2023-02-22 11:23:46,26,31,913,953
2023-02-22 11:25:43,26,30,913,953
2023-02-22 11:26:07,25,30,913,953
2023-02-22 11:27:22,25,29,913,953
2023-02-22 11:27:30,24,29,913,953
2023-02-22 11:27:30,23,29,913,953
2023-02-22 11:27:45,24,29,913,953
2023-02-22 11:27:47,24,30,913,953
2023-02-22 11:27:48,24,29,913,953
2023-02-22 11:27:54,25,29,913,953
2023-02-22 11:28:04,24,29,913,953
2023-02-22 11:28:23,24,30,913,953
2023-02-22 11:28:23,24,29,913,953
2023-02-22 11:28:29,25,29,913,953
2023-02-22 11:28:31,24,29,913,953
2023-02-22 11:29:43,24,30,913,953
2023-02-22 11:29:44,24,29,913,953
2023-02-22 11:30:10,24,30,913,953
2023-02-22 11:30:11,24,29,913,953
2023-02-22 11:31:11,24,30,913,953
2023-02-22 11:31:12,24,29,913,953
2023-02-22 11:31:30,25,29,913,953
2023-02-22 11:31:31,24,29,913,953
2023-02-22 11:31:36,25,29,913,953
2023-02-22 11:31:43,25,30,913,953
2023-02-22 11:31:43,25,29,913,953
2023-02-22 11:32:09,26,29,913,953
2023-02-22 11:32:15,26,31,913,953
2023-02-22 11:32:15,26,30,913,953
2023-02-22 11:32:56,26,31,913,953
2023-02-22 11:34:01,26,30,913,953
2023-02-22 11:34:28,26,31,913,953
2023-02-22 11:35:05,27,31,913,953
2023-02-22 11:35:12,26,31,913,953
2023-02-22 11:35:12,26,32,913,953
2023-02-22 11:35:12,26,31,913,953
2023-02-22 11:35:19,27,31,913,953
2023-02-22 11:35:34,26,31,913,953
2023-02-22 11:35:38,26,32,913,953
2023-02-22 11:35:51,27,32,913,953
2023-02-22 11:35:55,26,32,913,953
2023-02-22 11:36:02,26,31,913,953
2023-02-22 11:36:46,27,31,913,953
2023-02-22 11:37:07,27,32,913,953
2023-02-22 11:37:36,26,32,913,953
2023-02-22 11:37:38,27,32,913,953
2023-02-22 11:37:39,26,32,913,953
2023-02-22 11:37:41,27,32,913,953
2023-02-22 11:37:45,26,32,913,953
2023-02-22 11:38:05,26,31,913,953
2023-02-22 11:38:24,25,31,913,953
2023-02-22 11:38:24,25,30,913,953
2023-02-22 11:38:26,25,31,913,953
2023-02-22 11:38:28,25,30,913,953
2023-02-22 11:39:02,25,29,913,953
2023-02-22 11:39:03,24,29,913,953
2023-02-22 11:40:10,24,28,913,953
2023-02-22 11:40:57,24,29,913,953
2023-02-22 11:43:14,24,28,913,953
2023-02-22 11:43:47,24,29,913,953
2023-02-22 11:43:52,25,29,913,953
2023-02-22 11:44:01,24,29,913,953
2023-02-22 11:44:03,25,29,913,953
2023-02-22 11:44:06,24,29,913,953
2023-02-22 11:44:11,24,30,913,953
2023-02-22 11:44:34,25,30,913,953
2023-02-22 11:44:39,25,29,913,953
2023-02-22 11:45:12,25,30,913,953
2023-02-22 11:45:44,24,30,913,953
2023-02-22 11:45:45,25,30,913,953
2023-02-22 11:46:25,24,30,913,953
2023-02-22 11:46:38,24,29,913,953
2023-02-22 11:47:10,25,29,913,953
2023-02-22 11:47:20,25,30,913,953
2023-02-22 11:47:20,25,29,913,953
2023-02-22 11:47:33,24,29,913,953
2023-02-22 11:47:37,24,30,913,953
2023-02-22 11:47:41,25,30,913,953
2023-02-22 11:47:45,24,30,913,953
2023-02-22 11:48:44,24,29,913,953
2023-02-22 11:49:07,24,30,913,953
2023-02-22 11:49:07,24,29,913,953
2023-02-22 11:49:20,23,29,913,953
2023-02-22 11:49:20,23,28,913,953
2023-02-22 11:50:53,24,28,913,953
2023-02-22 11:50:53,24,29,913,953
2023-02-22 11:51:01,24,30,913,953
2023-02-22 11:51:01,24,29,913,953
2023-02-22 11:51:33,24,30,913,953
2023-02-22 11:51:33,24,29,913,953
2023-02-22 11:51:59,24,30,913,953
2023-02-22 11:51:59,24,29,913,953
2023-02-22 11:52:02,25,29,913,953
2023-02-22 11:52:41,25,30,913,953
2023-02-22 11:52:50,26,30,913,953
2023-02-22 11:53:37,23,30,913,953
2023-02-22 11:53:37,24,30,913,953
2023-02-22 11:54:06,24,29,913,953
2023-02-22 11:54:07,23,29,913,953
2023-02-22 11:54:07,23,30,913,953
2023-02-22 11:54:07,24,30,913,953
2023-02-22 11:54:09,23,30,913,953
2023-02-22 11:54:09,23,29,913,953
2023-02-22 11:54:10,23,30,913,953
2023-02-22 11:54:11,24,30,913,953
2023-02-22 11:54:19,24,29,913,953
2023-02-22 11:54:20,23,29,913,953
2023-02-22 11:55:37,23,28,913,953
2023-02-22 11:55:59,24,28,913,953
2023-02-22 11:56:11,24,30,913,953
2023-02-22 11:56:11,24,29,913,953
2023-02-22 11:56:15,25,29,913,953
2023-02-22 11:56:47,24,29,913,953
2023-02-22 11:56:57,24,30,913,953
2023-02-22 11:57:01,25,30,913,953
2023-02-22 11:57:15,24,30,913,953
2023-02-22 11:57:16,25,30,913,953
2023-02-22 11:57:44,24,30,913,953
2023-02-22 11:58:16,25,30,913,953
2023-02-22 11:58:20,24,30,913,953
2023-02-22 11:58:26,25,30,913,953
2023-02-22 11:58:55,26,30,913,953
2023-02-22 11:59:28,27,30,913,953
2023-02-22 12:00:23,26,30,913,953
2023-02-22 12:02:56,25,30,913,953
2023-02-22 12:02:57,24,30,913,953
2023-02-22 12:03:03,25,30,913,953
2023-02-22 12:03:29,24,30,913,953
2023-02-22 12:03:45,25,30,913,953
2023-02-22 12:04:10,26,30,913,953
2023-02-22 12:04:20,25,30,913,953
2023-02-22 12:05:02,26,30,913,953
2023-02-22 12:05:26,27,30,913,953
2023-02-22 12:08:08,28,30,913,953
2023-02-22 12:08:13,27,30,913,953
2023-02-22 12:08:21,28,30,913,953
2023-02-22 12:08:22,27,30,913,953
2023-02-22 12:08:23,28,30,913,953
2023-02-22 12:09:01,27,30,913,953
2023-02-22 12:09:01,28,30,913,953
2023-02-22 12:09:04,27,30,913,953
2023-02-22 12:09:06,28,30,913,953
2023-02-22 12:09:07,27,30,913,953
2023-02-22 12:09:08,28,30,913,953
2023-02-22 12:09:12,27,30,913,953
2023-02-22 12:09:16,28,30,913,953
2023-02-22 12:09:25,27,30,913,953
2023-02-22 12:09:36,28,30,913,953
2023-02-22 12:09:42,27,30,913,953
2023-02-22 12:10:07,27,32,913,953
2023-02-22 12:10:15,27,31,913,953
2023-02-22 12:10:16,26,31,913,953
2023-02-22 12:10:21,26,32,913,953
2023-02-22 12:10:23,26,31,913,953
2023-02-22 12:10:28,26,32,913,953
2023-02-22 12:10:34,26,31,913,953
2023-02-22 12:11:19,26,30,913,953
2023-02-22 12:11:45,26,31,913,953
2023-02-22 12:11:53,25,31,913,953
2023-02-22 12:11:53,25,30,913,953
2023-02-22 12:11:54,24,30,913,953
2023-02-22 12:11:54,25,30,913,953
2023-02-22 12:11:55,24,30,913,953
2023-02-22 12:12:03,25,30,913,953
2023-02-22 12:12:13,24,30,913,953
2023-02-22 12:12:30,25,30,913,953
2023-02-22 12:13:08,25,31,913,953
2023-02-22 12:13:08,25,30,913,953
2023-02-22 12:13:08,26,30,913,953
2023-02-22 12:13:13,25,30,913,953
2023-02-22 12:13:39,25,31,913,953
2023-02-22 12:13:39,25,30,913,953
2023-02-22 12:14:05,25,31,913,953
2023-02-22 12:14:06,25,30,913,953
2023-02-22 12:15:03,25,29,913,953
2023-02-22 12:15:13,26,29,913,953
2023-02-22 12:15:15,25,29,913,953
2023-02-22 12:15:16,26,29,913,953
2023-02-22 12:15:19,25,29,913,953
2023-02-22 12:15:20,26,29,913,953
2023-02-22 12:15:25,25,29,913,953
2023-02-22 12:16:02,26,29,913,953
2023-02-22 12:16:07,26,31,913,953
2023-02-22 12:16:18,27,31,913,953
2023-02-22 12:16:20,27,30,913,953
2023-02-22 12:17:03,28,30,913,953
2023-02-22 12:17:30,28,32,913,953
2023-02-22 12:17:48,28,33,913,953
2023-02-22 12:17:55,27,33,913,953
2023-02-22 12:18:02,28,33,913,953
2023-02-22 12:18:11,27,33,913,953
2023-02-22 12:18:37,28,33,913,953
2023-02-22 12:18:44,28,32,913,953
2023-02-22 12:19:14,28,33,913,953
2023-02-22 12:19:15,29,33,913,953
2023-02-22 12:19:39,29,34,913,953
2023-02-22 12:22:13,30,34,913,953
2023-02-22 12:22:15,30,35,913,953
2023-02-22 12:22:16,30,34,913,953
2023-02-22 12:22:29,29,34,913,953
2023-02-22 12:22:44,29,35,913,953
2023-02-22 12:22:44,29,34,913,953
2023-02-22 12:23:12,29,35,913,953
2023-02-22 12:23:13,29,34,913,953
2023-02-22 12:23:52,29,35,913,953
2023-02-22 12:23:52,29,34,913,953
2023-02-22 12:24:06,29,35,913,953
2023-02-22 12:24:06,29,34,913,953
2023-02-22 12:24:16,30,34,913,953
2023-02-22 12:24:18,28,29,913,1053
2023-02-22 12:24:19,27,29,913,1053
2023-02-22 12:24:24,27,33,913,1153
2023-02-22 12:25:02,28,33,913,1153
2023-02-22 12:25:02,28,34,913,1153
2023-02-22 12:25:38,28,35,913,1153
2023-02-22 12:25:43,28,34,913,1153
2023-02-22 12:26:04,28,35,913,1153
2023-02-22 12:26:09,28,34,913,1153
2023-02-22 12:27:49,28,33,913,1153
2023-02-22 12:28:04,27,33,913,1153
2023-02-22 12:28:04,28,33,913,1153
2023-02-22 12:28:32,27,33,913,1153
2023-02-22 12:28:57,28,33,913,1153
2023-02-22 12:31:16,27,33,913,1153
2023-02-22 12:31:17,28,33,913,1153
2023-02-22 12:31:48,27,33,913,1153
2023-02-22 12:31:48,28,33,913,1153
2023-02-22 12:32:48,27,33,913,1153
2023-02-22 12:32:49,28,33,913,1153
2023-02-22 12:32:50,28,35,913,1153
2023-02-22 12:32:51,28,34,913,1153
2023-02-22 12:32:53,28,35,913,1153
2023-02-22 12:33:30,28,34,913,1153
2023-02-22 12:33:46,28,35,913,1153
2023-02-22 12:33:52,28,34,913,1153
2023-02-22 12:33:56,28,35,913,1153
2023-02-22 12:34:09,28,34,913,1153
2023-02-22 12:34:11,28,35,913,1153
2023-02-22 12:34:27,30,35,913,1153
2023-02-22 12:34:28,30,36,913,1153
2023-02-22 12:34:34,30,35,913,1153
2023-02-22 12:34:35,28,35,913,1153
2023-02-22 12:34:47,28,34,913,1153
2023-02-22 12:38:03,30,34,913,1153
2023-02-22 12:38:04,30,36,913,1153
2023-02-22 12:39:12,30,37,913,1153
2023-02-22 12:42:17,32,37,913,1153
2023-02-22 12:42:18,32,38,913,1153
2023-02-22 12:49:18,32,37,913,1153
2023-02-22 12:49:25,30,37,913,1153
2023-02-22 12:50:33,31,37,913,1153
2023-02-22 12:50:42,31,38,913,1153
2023-02-22 12:50:43,31,37,913,1153
2023-02-22 12:50:55,31,37,903,1163
2023-02-22 12:50:56,33,37,903,1163
2023-02-22 12:53:53,33,38,903,1163
2023-02-22 12:53:57,33,37,903,1163
2023-02-22 12:56:36,33,36,903,1163
2023-02-22 12:57:08,33,37,903,1163
2023-02-22 12:57:08,33,36,903,1163
2023-02-22 12:57:48,33,37,903,1163
2023-02-22 12:57:49,33,36,903,1163
2023-02-22 12:58:04,33,37,903,1163
2023-02-22 12:58:04,33,36,903,1163
2023-02-22 12:58:46,33,37,903,1163
2023-02-22 13:00:43,33,36,903,1163
2023-02-22 13:00:54,33,34,903,1163
2023-02-22 13:00:54,31,34,903,1163
2023-02-22 13:01:05,31,36,903,1163
2023-02-22 13:01:06,32,36,903,1163
2023-02-22 13:02:59,32,34,903,1163
2023-02-22 13:02:59,31,34,903,1163
2023-02-22 13:03:46,32,34,903,1163
2023-02-22 13:03:46,32,36,903,1163
2023-02-22 13:05:36,34,36,903,1163
2023-02-22 13:05:37,34,37,903,1163
2023-02-22 13:05:37,34,38,903,1163
2023-02-22 13:05:37,34,37,903,1163
2023-02-22 13:05:45,32,37,903,1163
2023-02-22 13:06:06,34,37,903,1163
2023-02-22 13:06:06,32,37,903,1163
2023-02-22 13:06:11,34,37,903,1163
2023-02-22 13:06:12,32,37,903,1163
2023-02-22 13:06:16,34,37,903,1163
2023-02-22 13:06:47,34,38,903,1163
2023-02-22 13:06:47,34,37,903,1163
2023-02-22 13:06:55,32,37,903,1163
2023-02-22 13:07:00,34,37,903,1163
2023-02-22 13:07:13,34,38,903,1163
2023-02-22 13:07:35,34,37,903,1163
2023-02-22 13:07:35,32,37,903,1163
2023-02-22 13:07:40,34,37,903,1163
2023-02-22 13:07:41,34,38,903,1163
2023-02-22 13:07:42,34,37,903,1163
2023-02-22 13:07:44,32,37,903,1163
2023-02-22 13:07:45,34,37,903,1163
2023-02-22 13:07:50,32,37,903,1163
2023-02-22 13:08:00,34,37,903,1163
2023-02-22 13:08:02,32,37,903,1163
2023-02-22 13:08:07,34,37,903,1163
2023-02-22 13:08:08,32,37,903,1163
2023-02-22 13:08:09,34,37,903,1163
2023-02-22 13:08:13,32,37,903,1163
2023-02-22 13:08:17,34,37,903,1163
2023-02-22 13:08:49,34,38,903,1163
2023-02-22 13:09:12,34,36,903,1163
2023-02-22 13:09:54,34,38,903,1163
2023-02-22 13:09:55,34,37,903,1163
2023-02-22 13:10:12,34,38,903,1163
2023-02-22 13:10:12,34,37,903,1163
2023-02-22 13:10:59,34,38,903,1163
2023-02-22 13:11:00,34,37,903,1163
2023-02-22 13:11:15,34,38,903,1163
2023-02-22 13:11:16,34,37,903,1163
2023-02-22 13:12:07,34,38,903,1163
2023-02-22 13:12:07,34,37,903,1163
2023-02-22 13:12:50,34,38,903,1163
2023-02-22 13:12:50,34,37,903,1163
2023-02-22 13:12:55,34,37,929,1189
2023-02-22 13:13:24,34,38,929,1189
2023-02-22 13:13:25,34,37,929,1189
2023-02-22 13:13:57,32,37,929,1189
2023-02-22 13:14:06,34,37,929,1189
2023-02-22 13:14:25,32,37,929,1189
2023-02-22 13:14:25,34,37,929,1189
2023-02-22 13:14:31,32,37,929,1189
2023-02-22 13:14:32,34,37,929,1189
2023-02-22 13:14:36,34,38,929,1189
2023-02-22 13:14:37,34,36,929,1189
2023-02-22 13:14:38,32,36,929,1189
2023-02-22 13:14:39,34,36,929,1189
2023-02-22 13:15:09,34,38,929,1189
2023-02-22 13:15:10,34,36,929,1189
2023-02-22 13:15:24,35,36,929,1189
2023-02-22 13:15:43,34,36,929,1189
2023-02-22 13:15:47,34,38,929,1189
2023-02-22 13:15:47,34,37,929,1189
2023-02-22 13:16:08,34,38,929,1189
2023-02-22 13:16:08,34,37,929,1189
2023-02-22 13:16:45,34,36,929,1189
2023-02-22 13:16:58,34,37,929,1189
2023-02-22 13:17:02,34,36,929,1189
2023-02-22 13:17:12,34,37,929,1189
2023-02-22 13:17:20,34,38,929,1189
2023-02-22 13:17:20,34,37,929,1189
2023-02-22 13:18:06,34,38,929,1189
2023-02-22 13:18:06,34,37,929,1189
2023-02-22 13:18:57,34,38,929,1189
2023-02-22 13:18:57,34,37,929,1189
2023-02-22 13:19:16,34,38,929,1189
2023-02-22 13:19:16,34,37,929,1189
2023-02-22 13:19:52,34,38,929,1189
2023-02-22 13:19:52,34,37,929,1189
2023-02-22 13:19:52,34,36,929,1189
2023-02-22 13:20:37,34,37,929,1189
2023-02-22 13:20:44,34,37,930,1190
2023-02-22 13:21:21,34,38,930,1190
2023-02-22 13:21:23,34,37,930,1190
2023-02-22 13:24:14,36,37,930,1190
2023-02-22 13:24:27,36,38,930,1190
2023-02-22 13:25:07,36,39,930,1190
2023-02-22 13:25:07,36,38,930,1190
2023-02-22 13:25:41,36,39,930,1190
2023-02-22 13:25:51,36,38,930,1190
2023-02-22 13:25:56,36,39,930,1190
2023-02-22 13:26:09,36,38,930,1190
2023-02-22 13:26:28,36,39,930,1190
2023-02-22 13:26:28,36,38,930,1190
2023-02-22 13:27:55,36,39,930,1190
2023-02-22 13:28:59,36,40,930,1190
2023-02-22 13:29:00,36,39,930,1190
2023-02-22 13:29:17,36,40,930,1190
2023-02-22 13:29:18,36,39,930,1190
2023-02-22 13:30:08,36,40,930,1190
2023-02-22 13:30:08,36,39,930,1190
2023-02-22 13:30:45,36,40,930,1190
2023-02-22 13:30:45,36,39,930,1190
2023-02-22 13:31:48,36,40,930,1190
2023-02-22 13:31:48,36,39,930,1190
2023-02-22 13:32:12,36,40,930,1190
2023-02-22 13:32:13,36,39,930,1190
2023-02-22 13:32:31,34,39,930,1190
2023-02-22 13:32:33,36,39,930,1190
2023-02-22 13:32:38,34,39,930,1190
2023-02-22 13:32:59,34,38,930,1190
2023-02-22 13:36:05,34,37,930,1190
2023-02-22 13:36:34,34,37,1001,1261
2023-02-22 13:36:47,34,38,1001,1261
2023-02-22 13:36:48,34,37,1001,1261
2023-02-22 13:37:06,34,38,1001,1261
2023-02-22 13:37:06,34,37,1001,1261
2023-02-22 13:37:35,34,38,1001,1261
2023-02-22 13:37:35,36,38,1001,1261
2023-02-22 13:37:56,34,38,1001,1261
2023-02-22 13:37:57,36,38,1001,1261
2023-02-22 13:38:00,34,38,1001,1261
2023-02-22 13:38:00,36,38,1001,1261
2023-02-22 13:38:19,36,40,1001,1261
2023-02-22 13:38:19,36,38,1001,1261
2023-02-22 13:38:52,36,40,1001,1261
2023-02-22 13:38:52,36,38,1001,1261
2023-02-22 13:39:47,36,40,1001,1261
2023-02-22 13:39:47,36,38,1001,1261
2023-02-22 13:40:17,36,40,1001,1261
2023-02-22 13:40:17,36,39,1001,1261
2023-02-22 13:40:53,36,40,1001,1261
2023-02-22 13:40:54,36,39,1001,1261
2023-02-22 13:41:20,36,40,1001,1261
2023-02-22 13:41:21,36,39,1001,1261
2023-02-22 13:41:51,36,40,1001,1261
2023-02-22 13:41:51,36,39,1001,1261
2023-02-22 13:42:56,36,40,1001,1261
2023-02-22 13:42:57,36,39,1001,1261
2023-02-22 13:46:37,35,39,1001,1261
2023-02-22 13:46:56,36,39,1001,1261
2023-02-22 13:47:08,35,39,1001,1261
2023-02-22 13:47:13,36,39,1001,1261
2023-02-22 13:47:14,35,39,1001,1261
2023-02-22 13:47:15,36,39,1001,1261
2023-02-22 13:47:18,35,39,1001,1261
2023-02-22 13:47:29,36,39,1001,1261
2023-02-22 13:51:10,35,39,1001,1261
2023-02-22 13:54:00,35,38,1001,1261
2023-02-22 13:54:30,35,37,1001,1261
2023-02-22 13:54:41,34,37,1006,1266
2023-02-22 13:55:44,34,39,1006,1266
2023-02-22 13:55:45,34,38,1006,1266
2023-02-22 13:59:00,36,38,1006,1266
2023-02-22 13:59:01,36,39,1006,1266
2023-02-22 13:59:05,34,39,1006,1266
2023-02-22 13:59:26,36,39,1006,1266
2023-02-22 13:59:38,34,39,1006,1266
2023-02-22 13:59:49,36,39,1006,1266
2023-02-22 13:59:49,34,39,1006,1266
2023-02-22 14:00:01,36,39,1006,1266
2023-02-22 14:00:03,34,39,1006,1266
2023-02-22 14:00:04,36,39,1006,1266
2023-02-22 14:00:06,36,38,1006,1266
2023-02-22 14:00:06,34,38,1006,1266
2023-02-22 14:00:06,34,37,1006,1266
2023-02-22 14:00:08,34,39,1006,1266
2023-02-22 14:00:08,34,38,1006,1266
2023-02-22 14:00:08,34,39,1006,1266
2023-02-22 14:00:09,36,39,1006,1266
2023-02-22 14:00:12,34,39,1006,1266
2023-02-22 14:00:13,34,38,1006,1266
2023-02-22 14:00:31,34,39,1006,1266
2023-02-22 14:00:31,36,39,1006,1266
2023-02-22 14:00:46,38,39,1006,1266
2023-02-22 14:00:47,36,39,1006,1266
2023-02-22 14:01:04,34,39,1006,1266
2023-02-22 14:01:06,37,39,1006,1266
2023-02-22 14:01:11,34,39,1006,1266
2023-02-22 14:01:11,36,39,1006,1266
2023-02-22 14:01:21,36,39,1016,1276
2023-02-22 14:01:26,34,39,1016,1276
2023-02-22 14:01:35,32,39,1016,1276
2023-02-22 14:01:42,32,38,1016,1276
2023-02-22 14:01:43,32,35,1016,1276
2023-02-22 14:01:48,32,37,1016,1276
2023-02-22 14:01:50,32,36,1016,1276
2023-02-22 14:01:57,32,35,1016,1276
2023-02-22 14:02:00,32,34,1016,1276
2023-02-22 14:02:07,32,35,1016,1276
2023-02-22 14:02:07,32,33,1016,1276
2023-02-22 14:02:13,32,35,1016,1276
2023-02-22 14:02:17,32,34,1016,1276
2023-02-22 14:02:18,31,34,1016,1389
2023-02-22 14:02:19,31,32,1016,1389
2023-02-22 14:02:25,30,32,1017,1571
2023-02-22 14:02:34,30,35,1017,1571
2023-02-22 14:02:35,30,37,1017,1571
2023-02-22 14:02:41,30,36,1017,1571
2023-02-22 14:02:43,30,35,1017,1571
2023-02-22 14:02:54,30,37,1017,1571
2023-02-22 14:02:55,30,36,1017,1571
2023-02-22 14:03:03,30,37,1017,1571
2023-02-22 14:03:04,30,36,1017,1571
2023-02-22 14:03:19,30,37,1017,1571
2023-02-22 14:03:30,30,38,1017,1571
2023-02-22 14:03:30,33,38,1017,1571
2023-02-22 14:03:30,33,39,1017,1571
2023-02-22 14:03:35,35,39,1017,1571
2023-02-22 14:03:40,33,39,1017,1571
2023-02-22 14:03:48,30,39,1017,1571
2023-02-22 14:03:49,35,39,1017,1571
2023-02-22 14:04:12,37,39,1017,1571
2023-02-22 14:04:25,30,39,1017,1571
2023-02-22 14:04:25,30,39,1082,1636
2023-02-22 14:04:30,28,39,1082,1636
2023-02-22 14:04:30,28,43,1082,1636
2023-02-22 14:05:01,28,45,1082,1701
2023-02-22 14:05:02,38,45,1082,1701
2023-02-22 14:05:10,38,44,1082,1701
2023-02-22 14:05:15,38,45,1082,1701
2023-02-22 14:05:30,38,44,1082,1701
2023-02-22 14:05:31,38,45,1082,1701
2023-02-22 14:05:35,38,44,1082,1701
2023-02-22 14:05:41,38,43,1082,1701
2023-02-22 14:05:41,36,43,1082,1701
2023-02-22 14:05:47,36,45,1082,1701
2023-02-22 14:05:47,38,45,1082,1701
2023-02-22 14:06:03,40,45,1082,1701
2023-02-22 14:06:03,40,46,1082,1701
2023-02-22 14:06:14,40,45,1082,1701
2023-02-22 14:06:17,40,46,1082,1701
2023-02-22 14:06:17,40,45,1082,1701
2023-02-22 14:06:18,40,44,1082,1701
2023-02-22 14:06:18,28,44,1082,1701
2023-02-22 14:06:18,37,44,1082,1701
2023-02-22 14:06:22,37,46,1082,1701
2023-02-22 14:06:22,28,46,1082,1701
2023-02-22 14:06:22,28,45,1082,1701
2023-02-22 14:06:22,39,45,1082,1701
2023-02-22 14:06:25,39,46,1082,1701
2023-02-22 14:06:36,39,45,1082,1701
2023-02-22 14:06:37,39,46,1082,1701
2023-02-22 14:06:54,39,45,1082,1701
2023-02-22 14:06:58,39,46,1082,1701
2023-02-22 14:07:00,39,45,1082,1701
2023-02-22 14:07:26,39,46,1082,1701
2023-02-22 14:07:28,39,45,1082,1701
2023-02-22 14:07:34,39,46,1082,1701
2023-02-22 14:07:40,39,45,1082,1701
2023-02-22 14:07:41,39,46,1082,1701
2023-02-22 14:07:44,39,45,1082,1701
2023-02-22 14:07:54,39,44,1082,1701
2023-02-22 14:07:55,37,44,1082,1701
2023-02-22 14:07:56,37,43,1082,1701
2023-02-22 14:07:57,37,44,1082,1701
2023-02-22 14:08:05,37,43,1082,1701
2023-02-22 14:08:06,39,43,1082,1701
2023-02-22 14:08:06,39,46,1082,1701
2023-02-22 14:08:07,39,45,1082,1701
2023-02-22 14:08:10,39,44,1082,1701
2023-02-22 14:08:11,37,44,1082,1701
2023-02-22 14:08:12,37,43,1082,1701
2023-02-22 14:08:17,37,42,1082,1701
2023-02-22 14:08:19,37,43,1082,1701
2023-02-22 14:08:22,37,42,1082,1701
2023-02-22 14:08:26,37,43,1082,1701
2023-02-22 14:08:29,35,43,1082,1701
2023-02-22 14:08:30,35,42,1082,1701
2023-02-22 14:08:30,35,43,1082,1701
2023-02-22 14:08:41,37,43,1082,1701
2023-02-22 14:09:04,37,46,1082,1701
2023-02-22 14:09:04,37,45,1082,1701
2023-02-22 14:09:08,37,44,1082,1701
2023-02-22 14:09:11,37,43,1082,1701
2023-02-22 14:09:13,37,44,1082,1701
2023-02-22 14:09:54,30,44,1082,1701
2023-02-22 14:09:54,39,44,1082,1701
2023-02-22 14:09:54,39,46,1082,1701
2023-02-22 14:09:55,39,45,1082,1701
2023-02-22 14:10:00,39,46,1082,1701
2023-02-22 14:10:43,39,47,1082,1801
2023-02-22 14:10:43,42,47,1082,1801
2023-02-22 14:10:59,42,48,1082,1801
2023-02-22 14:11:00,42,47,1082,1801
2023-02-22 14:11:05,42,48,1082,1801
2023-02-22 14:11:08,42,47,1082,1801
2023-02-22 14:11:10,42,46,1082,1801
2023-02-22 14:11:26,42,47,1082,1801
2023-02-22 14:11:34,42,46,1082,1801
2023-02-22 14:11:34,39,46,1082,1801
2023-02-22 14:11:34,40,46,1082,1801
2023-02-22 14:11:44,40,45,1082,1801
2023-02-22 14:11:58,39,45,1082,1801
2023-02-22 14:11:58,39,44,1082,1801
2023-02-22 14:12:00,38,44,1082,1801
2023-02-22 14:12:01,38,43,1082,1801
2023-02-22 14:12:05,38,44,1082,1801
2023-02-22 14:12:10,38,43,1082,1801
2023-02-22 14:12:18,35,43,1182,1901
2023-02-22 14:12:21,36,43,1182,1901
2023-02-22 14:12:21,36,42,1182,1901
2023-02-22 14:12:23,35,42,1182,1901
2023-02-22 14:12:23,35,36,1182,1901
2023-02-22 14:12:23,30,36,1182,1901
2023-02-22 14:13:12,24,36,1182,1901
2023-02-22 14:13:13,32,36,1182,1901
2023-02-22 14:13:29,30,36,1182,1901
2023-02-22 14:14:19,26,36,1182,1901
2023-02-22 14:14:19,32,36,1182,1901
2023-02-22 14:14:56,32,39,1192,1911
2023-02-22 14:15:06,32,38,1192,1911
2023-02-22 14:15:12,26,38,1192,1911
2023-02-22 14:15:12,30,38,1192,1911
2023-02-22 14:15:12,30,39,1192,1911
2023-02-22 14:15:12,30,37,1192,1911
2023-02-22 14:15:17,30,36,1192,1911
2023-02-22 14:15:34,30,35,1192,1911
2023-02-22 14:15:34,28,35,1192,1911
2023-02-22 14:15:35,28,34,1192,1911
2023-02-22 14:15:40,26,34,1192,1911
2023-02-22 14:15:41,26,36,1192,1911
2023-02-22 14:15:41,26,33,1192,1911
2023-02-22 14:15:51,26,32,1192,1911
2023-02-22 14:16:01,26,30,1192,1911
2023-02-22 14:16:04,26,33,1192,1911
2023-02-22 14:16:04,26,32,1192,1911
2023-02-22 14:16:13,26,33,1192,1911
2023-02-22 14:16:13,26,31,1192,1911
2023-02-22 14:16:13,25,31,1192,1911
2023-02-22 14:16:18,20,31,1192,1911
2023-02-22 14:16:18,20,33,1192,1911
2023-02-22 14:16:19,20,30,1192,1911
2023-02-22 14:16:19,23,30,1192,1911
2023-02-22 14:16:26,23,29,1192,1911
2023-02-22 14:16:27,23,30,1192,1911
2023-02-22 14:16:30,23,29,1192,1911
2023-02-22 14:16:32,23,30,1192,1911
2023-02-22 14:16:59,20,30,1192,1911
2023-02-22 14:17:00,25,30,1192,1911
2023-02-22 14:17:00,25,32,1192,1911
2023-02-22 14:17:14,27,32,1192,1911
2023-02-22 14:17:14,27,34,1192,1911
2023-02-22 14:17:46,27,35,1192,1911
2023-02-22 14:17:46,29,35,1192,1911
2023-02-22 14:17:47,34,35,1192,1911
2023-02-22 14:17:55,34,36,1192,1976
2023-02-22 14:17:57,34,38,1192,1976
2023-02-22 14:18:01,35,38,1192,1976
2023-02-22 14:18:09,35,40,1192,1976
2023-02-22 14:18:11,35,42,1157,2011
2023-02-22 14:18:12,36,42,1157,2011
2023-02-22 14:18:19,36,42,1177,2031
2023-02-22 14:18:19,36,40,1177,2031
2023-02-22 14:18:30,37,40,1177,2031
2023-02-22 14:18:41,36,40,1177,2031
2023-02-22 14:18:41,39,40,1177,2031
2023-02-22 14:18:41,39,43,1177,2031
2023-02-22 14:18:42,39,42,1177,2031
2023-02-22 14:18:46,39,41,1177,2031
2023-02-22 14:18:46,36,41,1177,2031
2023-02-22 14:18:46,37,41,1177,2031
2023-02-22 14:18:47,38,41,1177,2031
2023-02-22 14:18:47,38,42,1177,2031
2023-02-22 14:18:50,38,41,1177,2031
2023-02-22 14:18:50,37,41,1177,2031
2023-02-22 14:18:52,37,42,1177,2031
2023-02-22 14:18:52,38,42,1177,2031
2023-02-22 14:18:52,38,43,1157,2051
2023-02-22 14:18:55,39,43,1157,2051
2023-02-22 14:18:56,39,44,1157,2051
2023-02-22 14:19:04,40,44,1157,2051
2023-02-22 14:19:05,40,45,1157,2051
2023-02-22 14:19:13,39,45,1157,2051
2023-02-22 14:19:13,39,44,1157,2051
2023-02-22 14:19:21,39,45,1157,2051
2023-02-22 14:19:33,39,45,1157,2096
2023-02-22 14:19:34,41,45,1157,2096
2023-02-22 14:19:41,42,45,1157,2096
2023-02-22 14:19:46,43,45,1157,2096
2023-02-22 14:19:51,41,43,1112,2141
2023-02-22 14:20:02,41,46,1112,2141
2023-02-22 14:20:12,42,46,1112,2141
2023-02-22 14:20:12,42,47,1112,2141
2023-02-22 14:20:19,43,47,1112,2141
2023-02-22 14:20:24,42,47,1112,2141
2023-02-22 14:20:26,43,47,1112,2141
2023-02-22 14:20:31,42,47,1112,2141
2023-02-22 14:20:41,43,47,1112,2141
2023-02-22 14:20:50,44,47,1112,2141
2023-02-22 14:20:55,44,49,1112,2141
2023-02-22 14:21:00,45,49,1112,2141
2023-02-22 14:21:01,45,50,1112,2141
2023-02-22 14:22:06,46,50,1112,2141
2023-02-22 14:22:06,46,51,1112,2141
2023-02-22 14:22:15,47,51,1112,2141
2023-02-22 14:22:19,45,47,1112,2142
2023-02-22 14:22:35,45,51,1112,2142
2023-02-22 14:22:35,45,50,1112,2142
2023-02-22 14:22:42,44,50,1112,2142
2023-02-22 14:22:42,44,49,1112,2142
2023-02-22 14:23:05,43,49,1187,2217
2023-02-22 14:23:06,43,47,1187,2217
2023-02-22 14:23:10,43,48,1187,2217
2023-02-22 14:23:10,43,46,1187,2217
2023-02-22 14:23:11,42,43,1192,2222
2023-02-22 14:23:15,42,46,1192,2222
2023-02-22 14:23:20,42,45,1192,2222
2023-02-22 14:23:24,39,45,1212,2242
2023-02-22 14:23:25,38,45,1212,2242
2023-02-22 14:23:26,38,44,1212,2242
2023-02-22 14:23:33,38,45,1212,2242
2023-02-22 14:23:35,38,44,1212,2242
2023-02-22 14:23:48,38,42,1212,2242
2023-02-22 14:23:49,35,42,1212,2242
2023-02-22 14:24:03,35,41,1212,2242
2023-02-22 14:24:13,35,42,1212,2242
2023-02-22 14:24:13,35,40,1212,2242
2023-02-22 14:24:13,29,40,1212,2242
2023-02-22 14:24:13,33,40,1212,2242
2023-02-22 14:24:18,33,39,1212,2242
2023-02-22 14:24:27,33,41,1212,2242
2023-02-22 14:24:35,35,41,1212,2242
2023-02-22 14:24:35,35,42,1212,2242
2023-02-22 14:24:36,35,41,1212,2242
2023-02-22 14:24:42,35,42,1212,2242
2023-02-22 14:24:43,29,42,1212,2242
2023-02-22 14:24:43,33,42,1212,2242
2023-02-22 14:24:43,33,40,1212,2242
2023-02-22 14:24:47,33,42,1212,2342
2023-02-22 14:24:48,36,42,1212,2342
2023-02-22 14:25:03,38,42,1212,2342
2023-02-22 14:25:04,38,44,1212,2342
2023-02-22 14:25:05,38,43,1212,2342
2023-02-22 14:25:07,38,44,1212,2342
2023-02-22 14:25:14,38,43,1212,2342
2023-02-22 14:25:19,38,42,1212,2342
2023-02-22 14:25:19,35,42,1212,2342
2023-02-22 14:25:21,36,41,1212,2342
2023-02-22 14:25:30,35,41,1212,2342
2023-02-22 14:25:30,35,40,1212,2342
2023-02-22 14:25:35,35,41,1212,2342
2023-02-22 14:25:37,35,40,1212,2342
2023-02-22 14:25:40,35,41,1212,2342
2023-02-22 14:25:43,35,40,1212,2342
2023-02-22 14:25:49,35,41,1212,2342
2023-02-22 14:26:03,36,41,1212,2342
2023-02-22 14:26:07,35,41,1212,2342
2023-02-22 14:26:20,35,40,1212,2342
2023-02-22 14:26:22,35,41,1212,2342
2023-02-22 14:26:24,35,40,1212,2342
2023-02-22 14:26:31,35,39,1212,2342
2023-02-22 14:26:31,34,39,1212,2342
2023-02-22 14:26:33,33,39,1212,2342
2023-02-22 14:26:33,33,38,1212,2342
2023-02-22 14:26:37,33,37,1212,2342
2023-02-22 14:26:38,32,37,1212,2342
2023-02-22 14:26:41,32,38,1212,2342
2023-02-22 14:26:44,33,38,1212,2342
2023-02-22 14:26:46,32,38,1212,2342
2023-02-22 14:26:48,33,38,1212,2342
2023-02-22 14:26:54,34,38,1212,2342
2023-02-22 14:26:54,34,39,1212,2342
2023-02-22 14:26:59,34,41,1212,2342
2023-02-22 14:27:00,35,41,1212,2342
2023-02-22 14:27:07,35,40,1212,2342
2023-02-22 14:27:09,36,40,1212,2342
2023-02-22 14:27:13,36,41,1212,2342
2023-02-22 14:27:22,36,42,1302,2432
2023-02-22 14:27:22,37,42,1302,2432
2023-02-22 14:27:23,39,42,1302,2432
2023-02-22 14:27:25,38,42,1302,2432
2023-02-22 14:27:25,38,44,1302,2432
2023-02-22 14:27:25,40,44,1302,2432
2023-02-22 14:27:41,40,42,1302,2432
2023-02-22 14:27:41,38,40,1248,2522
2023-02-22 14:27:43,37,40,1248,2522
2023-02-22 14:27:48,36,42,1248,2522
2023-02-22 14:28:12,36,40,1248,2522
2023-02-22 14:28:13,35,40,1248,2522
2023-02-22 14:28:24,35,42,1248,2522
2023-02-22 14:28:25,35,41,1248,2522
2023-02-22 14:28:26,35,40,1248,2522
2023-02-22 14:28:28,35,41,1248,2522
2023-02-22 14:28:32,36,41,1248,2522
2023-02-22 14:28:43,37,42,1248,2522
2023-02-22 14:28:44,38,42,1248,2522
2023-02-22 14:28:44,38,43,1248,2522
2023-02-22 14:29:02,38,44,1283,2557
2023-02-22 14:29:02,40,44,1283,2557
2023-02-22 14:29:07,41,44,1283,2557
2023-02-22 14:29:22,40,44,1283,2557
2023-02-22 14:29:28,41,44,1283,2557
2023-02-22 14:29:30,40,44,1283,2557
2023-02-22 14:29:33,40,43,1283,2557
2023-02-22 14:29:39,38,43,1283,2557
2023-02-22 14:29:39,38,42,1283,2557
2023-02-22 14:30:00,38,41,1283,2557
2023-02-22 14:30:03,36,41,1283,2557
2023-02-22 14:30:05,36,40,1283,2557
2023-02-22 14:30:10,36,39,1283,2557
2023-02-22 14:30:13,36,40,1283,2557
2023-02-22 14:30:22,37,40,1283,2557
2023-02-22 14:30:26,36,40,1283,2557
2023-02-22 14:31:03,36,39,1283,2557
2023-02-22 14:31:06,35,39,1283,2557
2023-02-22 14:31:06,35,38,1283,2557
2023-02-22 14:31:14,35,40,1283,2557
2023-02-22 14:31:14,36,40,1283,2557
2023-02-22 14:31:15,35,40,1283,2557
2023-02-22 14:31:15,35,39,1283,2557
2023-02-22 14:31:26,35,38,1283,2557
2023-02-22 14:31:44,37,38,1283,2557
2023-02-22 14:31:45,37,39,1283,2557
2023-02-22 14:31:45,37,40,1283,2557
2023-02-22 14:32:07,37,38,1283,2557
2023-02-22 14:32:07,35,38,1283,2557
2023-02-22 14:32:09,34,38,1283,2557
2023-02-22 14:32:16,34,36,1283,2557
2023-02-22 14:32:17,33,36,1283,2557
2023-02-22 14:32:22,33,38,1283,2557
2023-02-22 14:32:22,33,35,1283,2557
2023-02-22 14:32:23,33,38,1283,2557
2023-02-22 14:32:23,33,34,1283,2557
2023-02-22 14:32:24,32,33,1283,2649
2023-02-22 14:32:26,32,33,1283,2714
2023-02-22 14:32:28,31,32,1283,2748
2023-02-22 14:32:39,29,36,1283,2848
2023-02-22 14:32:49,28,36,1283,2848
2023-02-22 14:32:51,28,40,1283,2848
2023-02-22 14:32:51,27,28,1283,2913
2023-02-22 14:32:51,24,28,1283,2913
2023-02-22 14:32:55,23,24,1283,2948
2023-02-22 14:32:55,22,24,1283,2948
2023-02-22 14:33:04,22,27,1283,2948
2023-02-22 14:33:06,23,27,1283,2948
2023-02-22 14:33:07,23,28,1283,2948
2023-02-22 14:33:08,23,29,1283,2948
2023-02-22 14:33:08,24,29,1283,2948
2023-02-22 14:33:09,24,31,1283,2948
2023-02-22 14:33:09,25,31,1283,2948
2023-02-22 14:33:18,26,31,1283,2948
2023-02-22 14:33:25,27,31,1283,2948
2023-02-22 14:33:25,27,33,1283,2948
2023-02-22 14:33:28,27,35,1283,2948
2023-02-22 14:33:28,27,34,1283,2948
2023-02-22 14:33:28,28,34,1283,2948
2023-02-22 14:33:33,28,33,1283,2948
2023-02-22 14:33:45,28,32,1283,2948
2023-02-22 14:33:45,26,32,1283,2948
2023-02-22 14:33:58,27,32,1283,2948
2023-02-22 14:34:06,26,32,1283,2948
2023-02-22 14:34:14,26,31,1283,2948
2023-02-22 14:34:15,25,31,1283,2948
2023-02-22 14:34:16,25,30,1283,2948
2023-02-22 14:34:17,24,30,1283,2948
2023-02-22 14:34:17,24,29,1283,2948
2023-02-22 14:34:42,25,29,1283,2948
2023-02-22 14:34:42,25,30,1283,2948
2023-02-22 14:34:43,25,31,1283,2948
2023-02-22 14:34:43,26,31,1283,2948
2023-02-22 14:34:48,27,31,1283,2948
2023-02-22 14:34:48,27,32,1283,2948
2023-02-22 14:34:49,28,32,1283,2948
2023-02-22 14:34:49,28,33,1283,2948
2023-02-22 14:34:53,25,33,1283,2948
2023-02-22 14:34:53,25,31,1283,2948
2023-02-22 14:35:01,26,31,1283,2948
2023-02-22 14:35:05,26,32,1283,2948
2023-02-22 14:35:05,26,33,1283,2948
2023-02-22 14:35:05,25,33,1283,2948
2023-02-22 14:35:06,28,33,1283,2948
2023-02-22 14:35:15,28,32,1283,2948
2023-02-22 14:35:16,26,32,1283,2948
2023-02-22 14:35:17,25,32,1283,2948
2023-02-22 14:35:17,25,31,1283,2948
2023-02-22 14:35:20,25,32,1283,2948
2023-02-22 14:35:20,26,32,1283,2948
2023-02-22 14:35:31,26,31,1283,2948
2023-02-22 14:35:31,25,31,1283,2948
2023-02-22 14:35:34,25,30,1283,2948
2023-02-22 14:35:54,25,31,1283,2948
2023-02-22 14:35:54,26,31,1283,2948
2023-02-22 14:35:59,25,31,1283,2948
2023-02-22 14:36:04,25,30,1283,2948
2023-02-22 14:36:05,25,29,1283,2948
2023-02-22 14:36:05,24,29,1283,2948
2023-02-22 14:36:06,24,30,1283,2948
2023-02-22 14:36:14,25,30,1283,2948
2023-02-22 14:36:23,24,30,1283,2948
2023-02-22 14:36:27,25,30,1283,2948
2023-02-22 14:36:33,26,30,1283,2948
2023-02-22 14:36:34,26,31,1283,2948
2023-02-22 14:36:36,25,31,1283,2948
2023-02-22 14:36:47,26,31,1283,2948
2023-02-22 14:37:02,26,32,1283,2948
2023-02-22 14:37:02,27,32,1283,2948
2023-02-22 14:37:06,27,33,1283,2948
2023-02-22 14:37:06,28,33,1283,2948
2023-02-22 14:37:12,28,34,1283,2948
2023-02-22 14:37:12,29,34,1283,2948
2023-02-22 14:37:17,28,34,1283,2948
2023-02-22 14:37:20,28,34,1373,3038
2023-02-22 14:37:21,30,34,1373,3038
2023-02-22 14:37:22,30,33,1373,3038
2023-02-22 14:37:46,31,33,1373,3038
2023-02-22 14:37:47,31,34,1373,3038
2023-02-22 14:37:55,31,36,1453,3118
2023-02-22 14:37:58,31,34,1453,3118
2023-02-22 14:38:02,30,34,1453,3118
2023-02-22 14:38:05,30,32,1453,3118
2023-02-22 14:38:05,29,32,1453,3118
2023-02-22 14:38:05,29,30,1453,3118
2023-02-22 14:38:11,29,34,1453,3118
2023-02-22 14:38:11,30,34,1453,3118
2023-02-22 14:38:13,30,32,1453,3118
2023-02-22 14:38:16,30,32,1458,3123
2023-02-22 14:38:16,30,32,1658,3323
2023-02-22 14:38:18,26,30,2453,4118
2023-02-22 14:38:25,26,32,2453,4118
2023-02-22 14:38:30,27,32,2453,4118
2023-02-22 14:38:30,27,34,2453,4118
2023-02-22 14:38:31,30,34,2453,4118
2023-02-22 14:38:31,30,37,2453,4118
2023-02-22 14:38:54,31,37,2453,4118
2023-02-22 14:39:03,32,37,2453,4118
2023-02-22 14:39:03,32,40,2453,4118
2023-02-22 14:39:03,32,39,2453,4118
2023-02-22 14:39:05,33,39,2453,4118
2023-02-22 14:39:13,33,40,2453,4118
2023-02-22 14:39:13,34,40,2453,4118
2023-02-22 14:39:15,34,37,2453,4118
2023-02-22 14:39:15,32,37,2453,4118
2023-02-22 14:39:29,29,37,2453,4118
2023-02-22 14:39:36,30,37,2453,4118
2023-02-22 14:39:43,29,37,2453,4118
2023-02-22 14:40:04,30,37,2453,4118
2023-02-22 14:40:11,31,37,2453,4118
2023-02-22 14:40:15,29,37,2453,4118
2023-02-22 14:40:21,29,35,2453,4118
2023-02-22 14:40:44,28,35,2453,4118
2023-02-22 14:40:50,28,37,2453,4118
2023-02-22 14:40:50,28,33,2453,4118
2023-02-22 14:40:51,27,33,2453,4118
2023-02-22 14:41:12,27,37,2453,4118
2023-02-22 14:41:12,27,35,2453,4118
2023-02-22 14:41:13,28,35,2453,4118
2023-02-22 14:41:13,27,35,2453,4118
2023-02-22 14:41:18,27,37,2453,4118
2023-02-22 14:41:18,27,33,2453,4118
2023-02-22 14:41:28,28,33,2453,4118
2023-02-22 14:41:28,28,35,2453,4118
2023-02-22 14:41:44,29,35,2453,4118
2023-02-22 14:41:54,27,35,2453,4118
2023-02-22 14:41:54,30,35,2453,4118
2023-02-22 14:41:54,30,37,2453,4118
2023-02-22 14:42:02,30,35,2453,4118
2023-02-22 14:42:03,28,35,2453,4118
2023-02-22 14:42:19,28,37,2453,4118
2023-02-22 14:42:20,28,33,2453,4118
2023-02-22 14:42:20,27,33,2453,4118
2023-02-22 14:42:21,27,28,2453,4118
2023-02-22 14:42:22,25,28,2453,4118
2023-02-22 14:42:44,24,28,2453,4118
2023-02-22 14:42:48,26,28,2453,4118
2023-02-22 14:42:50,26,31,2453,4118
2023-02-22 14:42:55,24,31,2453,4118
2023-02-22 14:42:55,24,29,2453,4118
2023-02-22 14:42:56,22,29,2453,4118
2023-02-22 14:43:08,23,29,2453,4118
2023-02-22 14:43:16,23,37,2453,4118
2023-02-22 14:43:16,23,27,2453,4118
2023-02-22 14:43:23,23,37,2453,4118
2023-02-22 14:43:23,23,25,2453,4118
2023-02-22 14:43:23,19,25,3453,5118
2023-02-22 14:43:50,20,25,3453,5118
2023-02-22 14:43:51,20,27,3453,5118
2023-02-22 14:44:02,19,27,3453,5118
2023-02-22 14:44:02,21,27,3453,5118
2023-02-22 14:44:04,21,29,3453,5118
2023-02-22 14:44:04,20,29,3453,5118
2023-02-22 14:44:04,22,29,3453,5118
2023-02-22 14:44:05,23,29,3453,5118
2023-02-22 14:44:14,23,37,3453,5118
2023-02-22 14:44:14,23,31,3453,5118
2023-02-22 14:44:14,24,31,3453,5118
2023-02-22 14:44:24,25,31,3453,5118
2023-02-22 14:44:43,25,32,3453,5118
2023-02-22 14:44:43,26,32,3453,5118
2023-02-22 14:44:57,27,32,3453,5118
2023-02-22 14:45:00,26,32,3453,5118
2023-02-22 14:45:17,26,30,3453,5118
2023-02-22 14:45:17,24,30,3453,5118
2023-02-22 14:45:26,23,30,3453,5118
2023-02-22 14:45:38,22,30,3453,5118
2023-02-22 14:45:38,22,28,3453,5118
2023-02-22 14:45:38,21,28,3453,5118
2023-02-22 14:46:13,22,28,3453,5118
2023-02-22 14:46:17,21,28,3453,5118
2023-02-22 14:46:24,19,28,3453,5118
2023-02-22 14:46:24,19,32,3453,5118
2023-02-22 14:46:25,19,26,3453,5118
2023-02-22 14:46:29,20,26,3453,5118
2023-02-22 14:46:35,21,26,3453,5118
2023-02-22 14:46:36,22,28,3453,5118
2023-02-22 14:46:45,23,28,3453,5118
2023-02-22 14:46:46,23,30,3382,5189
2023-02-22 14:46:46,23,27,3382,5189
2023-02-22 14:46:56,22,27,3382,5189
2023-02-22 14:46:56,24,27,3382,5189
2023-02-22 14:46:58,22,27,3382,5189
2023-02-22 14:46:59,22,29,3382,5189
2023-02-22 14:46:59,25,29,3382,5189
2023-02-22 14:47:06,26,29,3382,5189
2023-02-22 14:47:14,25,29,3382,5189
2023-02-22 14:47:17,25,28,3382,5189
2023-02-22 14:47:20,25,29,3382,5189
2023-02-22 14:47:24,26,29,3382,5189
2023-02-22 14:47:26,25,29,3382,5189
2023-02-22 14:47:31,26,29,3382,5189
2023-02-22 14:47:32,27,29,3382,5189
2023-02-22 14:47:32,27,30,3382,5189
2023-02-22 14:47:33,27,31,3382,5189
2023-02-22 14:47:33,28,31,3382,5189
2023-02-22 14:47:35,28,32,3382,5189
2023-02-22 14:47:36,29,32,3382,5189
2023-02-22 14:47:36,30,32,3382,5189
2023-02-22 14:47:38,30,33,3382,5189
2023-02-22 14:47:38,32,33,3382,5189
2023-02-22 14:47:43,32,36,3453,5260
2023-02-22 14:47:43,32,35,3453,5260
2023-02-22 14:47:47,30,35,3453,5260
2023-02-22 14:47:53,30,36,3453,5260
2023-02-22 14:47:53,30,36,3453,5285
2023-02-22 14:47:54,30,35,3453,5285
2023-02-22 14:47:54,30,34,3453,5285
2023-02-22 14:47:57,31,34,3453,5285
2023-02-22 14:48:04,29,34,3453,5285
2023-02-22 14:48:13,30,34,3453,5285
2023-02-22 14:48:15,31,34,3453,5285
2023-02-22 14:48:19,32,34,3453,5285
2023-02-22 14:48:19,32,37,3453,5285
2023-02-22 14:48:19,32,36,3453,5285
2023-02-22 14:48:21,33,36,3453,5285
2023-02-22 14:48:28,32,36,3453,5285
2023-02-22 14:48:28,34,36,3453,5285
2023-02-22 14:48:29,34,37,3453,5285
2023-02-22 14:49:07,35,37,3453,5285
2023-02-22 14:49:11,36,37,3453,5285
2023-02-22 14:49:16,35,37,3453,5285
2023-02-22 14:49:21,36,37,3453,5285
2023-02-22 14:49:24,35,37,3453,5285
2023-02-22 14:49:26,36,37,3453,5285
2023-02-22 14:49:29,35,37,3453,5285
2023-02-22 14:49:31,36,37,3453,5285
2023-02-22 14:49:33,36,40,3453,5319
2023-02-22 14:49:39,37,40,3453,5319
2023-02-22 14:49:41,39,40,3453,5319
2023-02-22 14:49:42,39,41,3453,5319
2023-02-22 14:49:43,40,41,3453,5319
2023-02-22 14:49:44,40,43,3453,5319
2023-02-22 14:49:45,40,46,3453,5319
2023-02-22 14:49:46,41,46,3453,5319
2023-02-22 14:49:46,41,45,3453,5319
2023-02-22 14:49:57,40,45,3453,5319
2023-02-22 14:49:57,41,45,3453,5319
2023-02-22 14:50:01,42,45,3453,5319
2023-02-22 14:50:05,40,45,3453,5319
2023-02-22 14:50:17,40,44,3453,5319
2023-02-22 14:50:26,40,42,3453,5319
2023-02-22 14:50:27,39,42,3453,5319
2023-02-22 14:50:27,36,42,3453,5319
2023-02-22 14:50:28,35,42,3453,5319
2023-02-22 14:50:28,35,46,3453,5319
2023-02-22 14:50:28,35,37,3453,5319
2023-02-22 14:50:29,30,37,3453,5319
2023-02-22 14:50:29,30,34,3453,5319
2023-02-22 14:50:42,31,34,3453,5319
2023-02-22 14:50:43,30,34,3453,5319
2023-02-22 14:50:58,31,34,3453,5319
2023-02-22 14:50:59,30,34,3453,5319
2023-02-22 14:51:15,31,34,3453,5319
2023-02-22 14:51:19,30,34,3453,5319
2023-02-22 14:51:47,31,34,3453,5319
2023-02-22 14:51:53,32,34,3453,5319
2023-02-22 14:51:53,32,36,3453,5319
2023-02-22 14:52:07,33,36,3453,5319
2023-02-22 14:52:20,33,35,3453,5319
2023-02-22 14:52:21,30,35,3453,5319
2023-02-22 14:52:21,31,35,3453,5319
2023-02-22 14:52:22,31,36,3453,5319
2023-02-22 14:52:23,31,35,3453,5319
2023-02-22 14:52:24,31,34,3453,5319
2023-02-22 14:52:24,30,34,3453,5319
2023-02-22 14:52:36,30,36,3453,5319
2023-02-22 14:52:37,31,36,3453,5319
2023-02-22 14:52:39,32,36,3453,5319
2023-02-22 14:52:50,30,36,3453,5319
2023-02-22 14:52:50,33,36,3453,5319
2023-02-22 14:53:22,30,36,3453,5319
2023-02-22 14:53:22,31,36,3453,5319
2023-02-22 14:53:23,30,36,3453,5319
2023-02-22 14:53:24,32,36,3453,5319
2023-02-22 14:53:31,33,36,3453,5319
2023-02-22 14:53:51,31,36,3453,5319
2023-02-22 14:53:57,31,34,3453,5319
2023-02-22 14:53:57,30,34,3453,5319
2023-02-22 14:54:21,30,31,3453,5319
2023-02-22 14:54:22,28,31,3453,5319
2023-02-22 14:54:43,27,31,3453,5319
2023-02-22 14:54:56,27,28,3453,5319
2023-02-22 14:54:56,26,28,3453,5319
2023-02-22 14:54:57,25,28,3453,5319
2023-02-22 14:54:59,24,28,3453,5339
2023-02-22 14:54:59,24,25,3453,5339
2023-02-22 14:55:09,22,25,3453,5339
2023-02-22 14:55:11,22,23,3453,5339
2023-02-22 14:55:11,21,23,3453,5339
2023-02-22 14:55:13,19,23,3453,5339
2023-02-22 14:55:15,20,23,3453,5339
2023-02-22 14:55:24,19,25,3453,5339
2023-02-22 14:55:24,19,23,3453,5339
2023-02-22 14:55:25,19,20,3453,5339
2023-02-22 14:55:27,17,20,3453,5339
2023-02-22 14:55:31,16,20,3453,5339
2023-02-22 14:55:46,17,20,3453,5339
2023-02-22 14:55:52,15,20,3453,5339
2023-02-22 14:55:55,15,18,3453,5339
2023-02-22 14:55:57,15,18,3453,5339
2023-02-22 14:55:57,15,20,3453,5339
2023-02-22 14:56:00,14,20,3453,5339
2023-02-22 14:56:00,16,20,3453,5339
2023-02-22 14:56:07,14,20,3453,5339
2023-02-22 14:56:07,14,17,3453,5339
2023-02-22 14:56:30,14,20,3453,5339
2023-02-22 14:56:30,15,20,3453,5339
2023-02-22 14:56:39,16,20,3453,5339
2023-02-22 14:57:05,17,20,3453,5339
2023-02-22 14:57:27,15,20,3453,5339
2023-02-22 14:57:30,16,20,3453,5339
2023-02-22 14:57:33,17,20,3453,5339
2023-02-22 14:57:51,17,24,3498,5384
2023-02-22 14:58:04,18,24,3498,5384
2023-02-22 14:58:19,17,24,3498,5384
2023-02-22 14:58:53,17,22,3498,5384
2023-02-22 14:58:54,15,22,3498,5384
2023-02-22 14:59:09,15,21,3498,5384
2023-02-22 14:59:10,15,20,3498,5384
2023-02-22 14:59:10,14,20,3498,5384
2023-02-22 14:59:14,13,20,3498,5384
2023-02-22 14:59:42,13,18,3498,5384
2023-02-22 14:59:42,11,18,3498,5384
2023-02-22 15:00:10,12,18,3498,5384
2023-02-22 15:00:16,13,18,3498,5384
2023-02-22 15:00:16,13,24,3498,5384
2023-02-22 15:00:16,13,20,3498,5384
2023-02-22 15:00:19,11,20,3498,5384
2023-02-22 15:00:19,11,24,3498,5384
2023-02-22 15:00:20,11,18,3498,5384
2023-02-22 15:00:23,11,24,3498,5449
2023-02-22 15:00:24,12,24,3498,5449
2023-02-22 15:00:25,15,24,3498,5449
2023-02-22 15:00:55,11,24,3498,5449
2023-02-22 15:00:55,13,24,3498,5449
2023-02-22 15:01:01,13,23,3498,5449
2023-02-22 15:01:21,13,24,3498,5449
2023-02-22 15:01:40,15,24,3498,5449
2023-02-22 15:02:02,13,24,3498,5449
2023-02-22 15:02:35,11,24,3498,5449
2023-02-22 15:02:36,12,24,3498,5449
2023-02-22 15:02:37,13,24,3498,5449
2023-02-22 15:02:38,12,24,3498,5449
2023-02-22 15:02:40,13,24,3498,5449
2023-02-22 15:02:52,12,24,3498,5449
2023-02-22 15:02:55,12,23,3498,5449
2023-02-22 15:02:56,11,23,3498,5449
2023-02-22 15:02:58,12,23,3498,5449
2023-02-22 15:03:06,13,23,3498,5449
2023-02-22 15:03:08,12,23,3498,5449
2023-02-22 15:03:19,13,23,3498,5449
2023-02-22 15:03:28,12,23,3498,5449
2023-02-22 15:03:37,11,23,3498,5449
2023-02-22 15:04:15,19,23,3498,5449
2023-02-22 15:04:15,20,23,3498,5449
2023-02-22 15:04:15,21,23,3498,5449
2023-02-22 15:04:19,20,21,3498,5460
2023-02-22 15:04:23,19,20,3498,5474
2023-02-22 15:04:28,19,22,3498,5474
2023-02-22 15:04:29,19,21,3498,5474
2023-02-22 15:04:30,18,21,3498,5474
2023-02-22 15:04:34,18,22,3498,5474
2023-02-22 15:04:34,18,21,3498,5474
2023-02-22 15:04:41,17,18,3498,5489
2023-02-22 15:04:47,16,18,3498,5489
2023-02-22 15:05:28,17,18,3498,5489
2023-02-22 15:05:32,16,18,3498,5489
2023-02-22 15:05:37,17,18,3498,5489
2023-02-22 15:05:40,16,18,3498,5489
2023-02-22 15:05:48,16,22,3503,5494
2023-02-22 15:05:57,16,25,3503,5494
2023-02-22 15:05:57,16,23,3503,5494
2023-02-22 15:06:27,16,22,3503,5494
2023-02-22 15:06:29,11,22,3469,5528
2023-02-22 15:06:33,12,22,3469,5528
2023-02-22 15:06:41,12,22,3457,5540
2023-02-22 15:06:42,12,16,3457,5540
2023-02-22 15:06:48,13,16,3457,5540
2023-02-22 15:06:56,14,16,3457,5540
2023-02-22 15:06:56,14,25,3457,5540
2023-02-22 15:06:57,14,18,3457,5540
2023-02-22 15:06:58,15,18,3457,5540
2023-02-22 15:07:12,15,25,3457,5540
2023-02-22 15:07:12,16,25,3457,5540
2023-02-22 15:07:12,16,20,3457,5540
2023-02-22 15:07:17,15,20,3457,5540
2023-02-22 15:07:18,16,20,3457,5540
2023-02-22 15:07:19,15,20,3457,5540
2023-02-22 15:07:24,16,20,3457,5540
2023-02-22 15:07:26,15,20,3457,5540
2023-02-22 15:07:32,15,18,3457,5540
2023-02-22 15:07:32,14,18,3457,5540
2023-02-22 15:07:34,15,18,3457,5540
2023-02-22 15:07:36,14,18,3457,5540
2023-02-22 15:07:39,15,18,3457,5540
2023-02-22 15:07:44,15,25,3457,5540
2023-02-22 15:07:44,15,20,3457,5540
2023-02-22 15:07:45,16,20,3457,5540
2023-02-22 15:07:46,15,20,3457,5540
2023-02-22 15:07:58,16,20,3457,5540
2023-02-22 15:08:01,15,20,3457,5540
2023-02-22 15:08:02,16,20,3457,5540
2023-02-22 15:08:05,15,20,3457,5540
2023-02-22 15:08:06,16,20,3457,5540
2023-02-22 15:08:16,16,18,3457,5540
2023-02-22 15:09:08,16,17,3457,5540
2023-02-22 15:09:08,14,16,3462,5545
2023-02-22 15:09:08,14,15,3462,5545
2023-02-22 15:09:14,13,15,3462,5545
2023-02-22 15:09:20,14,15,3462,5545
2023-02-22 15:09:31,13,15,3462,5545
2023-02-22 15:09:40,13,16,3462,5545
2023-02-22 15:09:40,13,17,3462,5545
2023-02-22 15:09:40,13,16,3462,5545
2023-02-22 15:09:41,14,16,3462,5545
2023-02-22 15:09:42,13,16,3462,5545
2023-02-22 15:09:50,14,16,3462,5545
2023-02-22 15:09:54,15,16,3462,5545
2023-02-22 15:09:57,15,16,3462,5578
2023-02-22 15:10:00,15,18,3462,5578
2023-02-22 15:10:01,15,17,3462,5578
2023-02-22 15:10:07,15,17,3462,5598
2023-02-22 15:10:11,15,18,3462,5757
2023-02-22 15:10:13,16,18,3462,5757
2023-02-22 15:10:15,16,19,3462,5855
2023-02-22 15:10:17,15,19,3462,5855
2023-02-22 15:10:19,16,19,3462,5855
2023-02-22 15:10:20,17,19,3462,5855
2023-02-22 15:10:25,17,23,3462,5855
2023-02-22 15:10:25,17,20,3462,5855
2023-02-22 15:10:26,19,20,3462,5855
2023-02-22 15:10:32,19,21,3643,6036
2023-02-22 15:10:36,15,21,3643,6036
2023-02-22 15:10:37,15,19,3643,6036
2023-02-22 15:10:44,16,19,3643,6036
2023-02-22 15:10:44,17,19,3643,6036
2023-02-22 15:10:55,17,21,3643,6137
2023-02-22 15:10:58,17,20,3643,6137
2023-02-22 15:11:13,17,22,3643,6137
2023-02-22 15:11:13,17,23,3643,6137
2023-02-22 15:11:14,17,21,3643,6137
2023-02-22 15:11:16,18,21,3643,6137
2023-02-22 15:11:30,18,23,3643,6137
2023-02-22 15:11:30,21,23,3643,6137
2023-02-22 15:11:30,21,23,3732,6226
2023-02-22 15:11:37,17,23,3732,6226
2023-02-22 15:11:44,17,22,3732,6226
2023-02-22 15:11:58,17,20,3732,6226
2023-02-22 15:12:16,16,20,3732,6226
2023-02-22 15:12:16,15,20,3732,6226
2023-02-22 15:12:36,15,19,3732,6226
2023-02-22 15:12:42,15,18,3732,6226
2023-02-22 15:12:44,16,18,3732,6226
2023-02-22 15:13:04,16,21,3732,6226
2023-02-22 15:13:04,16,21,3732,6291
2023-02-22 15:13:05,12,21,3732,6291
2023-02-22 15:13:05,12,25,3732,6291
2023-02-22 15:13:05,12,24,3732,6291
2023-02-22 15:13:05,14,24,3732,6291
2023-02-22 15:13:05,14,22,3732,6291
2023-02-22 15:13:05,14,18,3732,6291
2023-02-22 15:13:16,12,18,3732,6291
2023-02-22 15:13:16,12,20,3732,6291
2023-02-22 15:13:16,13,20,3732,6291
2023-02-22 15:13:16,13,17,3732,6291
2023-02-22 15:13:28,14,17,3732,6291
2023-02-22 15:13:42,14,18,3732,6291
2023-02-22 15:13:42,14,16,3732,6291
2023-02-22 15:13:58,14,25,3732,6291
2023-02-22 15:13:58,14,17,3732,6291
2023-02-22 15:14:05,13,17,3732,6291
2023-02-22 15:14:08,14,17,3732,6291
2023-02-22 15:14:15,16,17,3732,6291
2023-02-22 15:14:16,14,17,3732,6291
2023-02-22 15:14:30,16,17,3732,6291
2023-02-22 15:14:30,16,19,3732,6291
2023-02-22 15:14:30,16,17,3732,6291
2023-02-22 15:14:31,14,17,3732,6291
2023-02-22 15:14:36,14,19,3732,6291
2023-02-22 15:14:36,14,25,3732,6291
2023-02-22 15:14:36,14,24,3732,6291
2023-02-22 15:14:36,14,22,3732,6291
2023-02-22 15:14:36,14,20,3732,6291
2023-02-22 15:14:36,14,18,3732,6291
2023-02-22 15:15:00,12,18,3732,6291
2023-02-22 15:15:01,13,18,3732,6291
2023-02-22 15:15:01,13,17,3732,6291
2023-02-22 15:15:04,14,17,3732,6291
2023-02-22 15:15:10,13,17,3732,6291
2023-02-22 15:15:25,14,17,3732,6291
2023-02-22 15:15:31,13,17,3732,6291
2023-02-22 15:15:33,14,17,3732,6291
2023-02-22 15:15:38,13,17,3732,6291
2023-02-22 15:15:40,14,17,3732,6291
2023-02-22 15:15:41,14,18,3732,6291
2023-02-22 15:15:41,14,25,3732,6291
2023-02-22 15:15:41,14,17,3732,6291
2023-02-22 15:15:41,14,16,3732,6291
2023-02-22 15:15:46,14,17,3732,6386
2023-02-22 15:15:50,14,17,3732,6391
2023-02-22 15:15:53,16,17,3732,6391
2023-02-22 15:15:58,16,17,3732,6451
2023-02-22 15:16:03,16,18,3732,6477
2023-02-22 15:16:05,16,21,3732,6477
2023-02-22 15:16:05,16,19,3732,6477
2023-02-22 15:16:12,16,21,3732,6477
2023-02-22 15:16:12,16,22,3732,6477
2023-02-22 15:16:12,16,20,3732,6477
2023-02-22 15:16:21,17,20,3732,6477
2023-02-22 15:16:24,17,22,3840,6585
2023-02-22 15:16:26,16,22,3840,6585
2023-02-22 15:16:32,16,23,3840,6585
2023-02-22 15:16:32,18,23,3840,6585
2023-02-22 15:16:54,18,23,3840,6594
2023-02-22 15:16:57,18,24,3840,6594
2023-02-22 15:16:57,18,23,3840,6594
2023-02-22 15:17:05,19,23,3840,6594
2023-02-22 15:17:19,20,23,3840,6594
2023-02-22 15:17:25,19,23,3840,6594
2023-02-22 15:17:28,20,23,3840,6594
2023-02-22 15:17:30,23,25,3840,6662
2023-02-22 15:17:33,23,24,3840,6662
2023-02-22 15:17:53,23,24,3840,6667
2023-02-22 15:18:00,21,24,3840,6667
2023-02-22 15:18:01,20,24,3840,6667
2023-02-22 15:18:03,24,25,3900,6727
2023-02-22 15:18:08,24,25,3971,6798
2023-02-22 15:18:33,24,25,3971,6808
2023-02-22 15:18:33,19,24,4070,6907
2023-02-22 15:18:37,19,25,4070,6907
2023-02-22 15:18:43,19,24,4070,6907
2023-02-22 15:18:58,20,24,4070,6907
2023-02-22 15:18:58,19,24,4070,6907
2023-02-22 15:19:09,19,23,4070,6907
2023-02-22 15:19:34,19,25,4070,6907
2023-02-22 15:19:34,19,21,4070,6907
2023-02-22 15:19:35,18,21,4070,6907
2023-02-22 15:19:35,17,21,4070,6907
2023-02-22 15:19:38,16,21,4070,6907
2023-02-22 15:20:01,15,21,4070,6907
2023-02-22 15:20:01,15,23,4070,6907
2023-02-22 15:20:01,15,25,4070,6907
2023-02-22 15:20:02,15,21,4070,6907
2023-02-22 15:20:02,15,17,4070,6907
2023-02-22 15:20:24,13,17,4070,6907
2023-02-22 15:20:30,14,17,4070,6907
2023-02-22 15:20:34,14,19,4070,6907
2023-02-22 15:20:34,14,17,4070,6907
2023-02-22 15:20:34,15,17,4070,6907
2023-02-22 15:20:38,14,17,4070,6907
2023-02-22 15:20:39,14,17,4070,6930
2023-02-22 15:20:44,14,16,4070,6930
2023-02-22 15:21:05,14,17,4070,6930
2023-02-22 15:21:05,15,16,4070,6930
2023-02-22 15:21:09,15,16,4070,6967
2023-02-22 15:21:09,15,17,4070,6967
2023-02-22 15:21:09,15,16,4070,6967
2023-02-22 15:21:12,15,16,4070,6972
2023-02-22 15:21:18,15,19,4070,6972
2023-02-22 15:21:19,15,17,4070,6972
2023-02-22 15:21:19,14,17,4070,6972
2023-02-22 15:21:29,13,17,4070,6972
2023-02-22 15:21:40,13,19,4070,6972
2023-02-22 15:21:40,15,19,4070,6972
2023-02-22 15:21:40,16,19,4070,6972
2023-02-22 15:21:42,16,18,4070,6972
2023-02-22 15:21:48,15,18,4070,6993
2023-02-22 15:21:48,15,16,4070,6993
2023-02-22 15:21:57,15,16,4070,7075
2023-02-22 15:22:01,15,16,4070,7080
2023-02-22 15:22:03,14,15,4070,7157
2023-02-22 15:22:07,14,15,4070,7217
2023-02-22 15:22:12,13,15,3964,7323
2023-02-22 15:22:16,13,16,3964,7323
2023-02-22 15:22:23,12,16,3964,7323
2023-02-22 15:22:24,12,15,3964,7323
2023-02-22 15:22:25,12,14,3964,7323
2023-02-22 15:22:33,12,15,3964,7323
2023-02-22 15:22:36,12,13,3964,7323
2023-02-22 15:23:05,11,13,3964,7323
2023-02-22 15:23:06,11,14,3964,7323
2023-02-22 15:23:06,11,13,3964,7323
2023-02-22 15:23:09,11,13,3964,7388
2023-02-22 15:23:14,10,13,3964,7388
2023-02-22 15:23:19,10,14,3964,7417
2023-02-22 15:23:35,11,14,3964,7417
2023-02-22 15:23:39,10,14,3964,7417
2023-02-22 15:23:41,10,15,3964,7417
2023-02-22 15:23:41,10,16,3964,7417
2023-02-22 15:23:41,12,16,3964,7417
2023-02-22 15:23:49,13,16,3964,7417
2023-02-22 15:23:50,14,16,3964,7417
2023-02-22 15:23:52,15,16,3964,7417
2023-02-22 15:23:53,15,18,3964,7547
2023-02-22 15:24:02,15,20,3964,7547
2023-02-22 15:24:02,15,21,3964,7547
2023-02-22 15:24:02,16,21,3964,7547
2023-02-22 15:24:26,17,21,3964,7547
2023-02-22 15:24:28,19,21,3964,7547
2023-02-22 15:24:31,21,23,3964,7617
2023-02-22 15:24:32,21,25,3964,7617
2023-02-22 15:24:32,21,24,3964,7617
2023-02-22 15:24:38,19,24,3964,7617
2023-02-22 15:24:41,18,24,3964,7617
2023-02-22 15:24:43,18,25,3964,7736
2023-02-22 15:24:44,21,25,3964,7736
2023-02-22 15:25:20,21,27,3964,7846
2023-02-22 15:25:20,24,27,3964,7846
2023-02-22 15:25:31,21,27,3964,7846
2023-02-22 15:25:34,23,27,3964,7846
2023-02-22 15:25:34,23,29,3964,7846
2023-02-22 15:25:40,22,29,3964,7846
2023-02-22 15:25:48,22,28,3964,7846
2023-02-22 15:25:51,22,29,3964,7846
2023-02-22 15:25:51,22,28,3964,7846
2023-02-22 15:25:59,21,28,3964,7846
2023-02-22 15:25:59,20,28,3964,7846
2023-02-22 15:25:59,21,28,3964,7846
2023-02-22 15:26:00,22,28,3964,7846
2023-02-22 15:26:03,24,28,3964,7846
2023-02-22 15:26:08,24,26,3964,7846
2023-02-22 15:26:10,24,25,3964,7846
2023-02-22 15:26:11,24,26,3964,7846
2023-02-22 15:26:12,22,26,3964,7846
2023-02-22 15:26:14,24,26,3964,7846
2023-02-22 15:26:36,22,26,3964,7846
2023-02-22 15:26:36,20,26,3964,7846
2023-02-22 15:26:38,22,26,3964,7846
2023-02-22 15:26:38,22,28,3964,7846
2023-02-22 15:26:38,22,29,3964,7846
2023-02-22 15:26:56,22,28,3964,7846
2023-02-22 15:27:08,20,28,3964,7846
2023-02-22 15:27:09,20,27,3964,7846
2023-02-22 15:27:09,20,26,3964,7846
2023-02-22 15:27:14,12,26,3576,8269
2023-02-22 15:27:14,12,21,3576,8269
2023-02-22 15:27:14,12,16,3576,8269
2023-02-22 15:27:16,16,18,3541,8304
2023-02-22 15:27:30,12,18,3541,8304
2023-02-22 15:27:30,14,18,3541,8304
2023-02-22 15:27:30,15,18,3541,8304
2023-02-22 15:27:30,16,18,3541,8304
2023-02-22 15:27:45,15,18,3541,8304
2023-02-22 15:27:45,16,18,3541,8304
2023-02-22 15:27:46,16,21,3541,8304
2023-02-22 15:27:46,16,20,3541,8304
2023-02-22 15:27:55,16,21,3541,8339
2023-02-22 15:28:05,16,19,3541,8339
2023-02-22 15:28:08,16,17,3541,8339
2023-02-22 15:28:11,15,17,3541,8339
2023-02-22 15:28:11,13,17,3541,8339
2023-02-22 15:28:11,13,17,3541,8398
2023-02-22 15:28:11,18,21,3541,8404
2023-02-22 15:28:16,18,23,3541,8404
2023-02-22 15:28:16,18,19,3541,8404
2023-02-22 15:28:25,13,19,3402,8543
2023-02-22 15:28:25,13,17,3402,8543
2023-02-22 15:28:33,13,15,3402,8543
2023-02-22 15:28:34,12,15,3402,8543
2023-02-22 15:28:34,12,15,3402,8555
2023-02-22 15:28:34,16,19,3402,8608
2023-02-22 15:28:35,16,17,3402,8608
2023-02-22 15:28:52,11,17,3402,8680
2023-02-22 15:28:53,9,17,3402,8680
2023-02-22 15:28:54,12,17,3402,8680
2023-02-22 15:28:54,14,17,3402,8680
2023-02-22 15:28:54,14,20,3402,8680
2023-02-22 15:28:54,14,15,3402,8680
2023-02-22 15:28:59,14,20,3402,8680
2023-02-22 15:28:59,14,17,3402,8680
2023-02-22 15:29:22,14,20,3402,8680
2023-02-22 15:29:23,14,15,3402,8680
2023-02-22 15:29:24,13,15,3402,8750
2023-02-22 15:29:28,12,15,3402,8750
2023-02-22 15:29:28,9,15,3402,8750
2023-02-22 15:29:29,11,15,3402,8750
2023-02-22 15:29:33,11,16,3402,8750
2023-02-22 15:29:33,11,13,3402,8750
2023-02-22 15:29:49,10,13,3402,8750
2023-02-22 15:29:49,9,13,3402,8750
2023-02-22 15:29:49,10,13,3402,8750
2023-02-22 15:30:08,10,14,3402,8750
2023-02-22 15:30:08,10,11,3402,8750
2023-02-22 15:30:11,9,11,3402,8750
2023-02-22 15:30:11,8,11,3402,8750
2023-02-22 15:30:11,5,11,3402,8750
2023-02-22 15:30:11,8,11,3402,8750
2023-02-22 15:30:40,8,12,3402,8750
2023-02-22 15:30:51,7,12,3402,8750
2023-02-22 15:30:51,6,12,3402,8750
2023-02-22 15:30:51,5,12,3402,8750
2023-02-22 15:30:51,5,13,3402,8750
2023-02-22 15:30:51,6,13,3402,8750
2023-02-22 15:30:51,6,10,3402,8750
2023-02-22 15:30:51,6,9,3402,8750
2023-02-22 15:31:05,5,9,3402,8750
2023-02-22 15:31:05,5,10,3402,8750
2023-02-22 15:31:05,5,11,3402,8750
2023-02-22 15:31:06,7,11,3402,8750
2023-02-22 15:31:06,7,10,3402,8750
2023-02-22 15:31:40,6,10,3402,8750
2023-02-22 15:31:40,6,11,3402,8750
2023-02-22 15:31:40,7,11,3402,8750
2023-02-22 15:32:02,7,12,3402,8822
2023-02-22 15:32:08,9,12,3402,8822
2023-02-22 15:32:10,9,13,3402,8888
2023-02-22 15:32:13,9,11,3402,8888
2023-02-22 15:32:14,11,13,3402,8975
2023-02-22 15:32:21,7,13,3402,8975
2023-02-22 15:32:21,10,13,3402,8975
2023-02-22 15:32:34,11,13,3402,8975
2023-02-22 15:32:35,10,13,3402,8975
2023-02-22 15:32:36,11,13,3402,8975
2023-02-22 15:32:37,10,13,3402,8975
2023-02-22 15:32:40,10,13,3402,9008
2023-02-22 15:32:41,11,13,3402,9008
2023-02-22 15:32:44,13,14,3402,9036
2023-02-22 15:32:49,10,14,3402,9036
2023-02-22 15:32:49,11,14,3402,9036
2023-02-22 15:33:11,11,16,3402,9036
2023-02-22 15:33:37,11,14,3402,9036
2023-02-22 15:34:04,10,14,3402,9036
2023-02-22 15:34:04,7,14,3402,9036
2023-02-22 15:34:04,9,14,3402,9036
2023-02-22 15:34:04,9,13,3402,9036
2023-02-22 15:34:32,8,13,3402,9036
2023-02-22 15:34:32,8,14,3402,9036
2023-02-22 15:34:33,8,13,3402,9036
2023-02-22 15:34:53,9,13,3402,9036
2023-02-22 15:35:04,10,13,3402,9036
2023-02-22 15:35:05,10,16,3402,9036
2023-02-22 15:35:05,10,15,3402,9036
2023-02-22 15:35:13,11,15,3402,9036
2023-02-22 15:35:18,10,15,3402,9036
2023-02-22 15:35:29,10,14,3402,9036
2023-02-22 15:35:33,10,12,3402,9036
2023-02-22 15:35:39,9,12,3402,9036
2023-02-22 15:35:39,10,12,3402,9036
2023-02-22 15:35:48,10,12,3402,9056
2023-02-22 15:35:49,9,12,3402,9056
2023-02-22 15:35:49,10,12,3402,9056
2023-02-22 15:35:55,10,15,3402,9056
2023-02-22 15:35:55,10,14,3402,9056
2023-02-22 15:35:55,9,10,3402,9063
2023-02-22 15:36:22,9,10,3404,9065
2023-02-22 15:36:23,6,10,3404,9065
2023-02-22 15:36:28,6,9,3404,9065
2023-02-22 15:36:36,6,10,3404,9065
2023-02-22 15:36:41,6,8,3404,9065
2023-02-22 15:36:41,6,7,3404,9065
2023-02-22 15:37:06,6,9,3404,9065
2023-02-22 15:37:06,6,8,3404,9065
2023-02-22 15:37:34,6,9,3404,9065
2023-02-22 15:37:34,6,7,3404,9065
2023-02-22 15:37:57,5,7,3404,9065
2023-02-22 15:38:01,5,8,3404,9065
2023-02-22 15:38:01,5,7,3404,9065
2023-02-22 15:38:36,5,8,3404,9065
2023-02-22 15:38:36,5,8,3529,9190
2023-02-22 15:38:37,5,7,3529,9190
2023-02-22 15:38:37,5,6,3529,9190
2023-02-22 15:38:56,4,6,3529,9190
2023-02-22 15:39:01,4,6,3554,9215
2023-02-22 15:39:13,4,8,3554,9215
2023-02-22 15:39:13,4,5,3554,9215
2023-02-22 15:39:13,4,5,3620,9288
2023-02-22 15:39:21,4,6,3620,9288
2023-02-22 15:39:21,4,5,3620,9288
2023-02-22 15:39:33,4,6,3620,9288
2023-02-22 15:39:33,4,5,3620,9288
2023-02-22 15:39:33,4,5,3709,9377
2023-02-22 15:40:02,2,4,3720,9388
2023-02-22 15:40:15,1,4,3720,9409
2023-02-22 15:40:21,2,4,3720,9409
2023-02-22 15:40:34,1,4,3720,9409
2023-02-22 15:40:34,1,6,3720,9409
2023-02-22 15:40:34,1,8,3720,9409
2023-02-22 15:40:35,1,7,3720,9409
2023-02-22 15:40:54,1,8,3720,9409
2023-02-22 15:40:54,1,7,3720,9409
2023-02-22 15:40:59,1,8,3720,9409
2023-02-22 15:41:14,1,4,3720,9409
2023-02-22 15:41:14,1,3,3720,9409
2023-02-22 15:41:27,1,4,3720,9409
2023-02-22 15:41:27,1,3,3720,9409
2023-02-22 15:41:42,1,5,3720,9409
2023-02-22 15:41:42,1,8,3720,9409
2023-02-22 15:41:48,2,8,3720,9409
2023-02-22 15:42:34,3,8,3720,9409
2023-02-22 15:42:45,3,7,3720,9409
2023-02-22 15:42:52,3,8,3720,9409
2023-02-22 15:42:58,3,7,3720,9409
2023-02-22 15:43:01,3,8,3720,9409
2023-02-22 15:43:03,3,6,3720,9409
2023-02-22 15:43:04,3,5,3720,9409
2023-02-22 15:43:04,3,4,3720,9409
2023-02-22 15:43:43,3,5,3720,9409
2023-02-22 15:43:43,3,8,3720,9409
2023-02-22 15:44:01,3,7,3720,9409
2023-02-22 15:44:03,2,7,3720,9409
2023-02-22 15:44:05,2,8,3720,9409
2023-02-22 15:44:05,2,7,3720,9409
2023-02-22 15:44:07,2,8,3720,9409
2023-02-22 15:44:07,2,7,3720,9409
2023-02-22 15:44:11,2,4,3720,9409
2023-02-22 15:44:11,2,3,3720,9409
2023-02-22 15:44:32,1,3,3720,9409
2023-02-22 15:44:50,1,5,3720,9409
2023-02-22 15:44:50,1,8,3720,9409
2023-02-22 15:45:05,1,7,3720,9409
2023-02-22 15:45:06,1,8,3720,9409
2023-02-22 15:45:33,1,7,3720,9409
2023-02-22 15:46:03,1,8,3720,9409
2023-02-22 15:46:21,1,7,3720,9409
2023-02-22 15:46:23,1,8,3720,9409
2023-02-22 15:47:00,1,7,3720,9409
2023-02-22 15:47:02,1,8,3720,9409
2023-02-22 15:47:11,1,7,3720,9409
2023-02-22 15:47:17,2,7,3720,9409
2023-02-22 15:47:19,2,8,3720,9409
2023-02-22 15:47:34,2,7,3720,9409
2023-02-22 15:47:37,2,8,3720,9409
2023-02-22 15:47:37,2,7,3720,9409
2023-02-22 15:47:37,2,8,3720,9409
2023-02-22 15:47:38,1,8,3929,9618
2023-02-22 15:47:42,1,7,3929,9618
2023-02-22 15:47:45,1,8,3929,9618
2023-02-22 15:47:58,1,7,3929,9618
2023-02-22 15:48:02,1,8,3929,9618
2023-02-22 15:48:04,1,7,3929,9618
2023-02-22 15:49:13,1,8,3929,9618
2023-02-22 15:49:20,1,7,3929,9618
2023-02-22 15:49:29,1,8,3929,9618
2023-02-22 15:49:29,1,7,3929,9618
2023-02-22 15:49:50,1,8,3929,9618
2023-02-22 15:49:50,1,7,3929,9618
2023-02-22 15:50:05,1,31,3929,9618
2023-02-22 15:50:08,1,30,3929,9618
2023-02-22 15:50:36,1,31,3929,9618
2023-02-22 15:50:37,1,31,3929,9618
2023-02-22 15:50:37,1,30,3929,9618
2023-02-22 15:50:38,1,14,3929,9618
2023-02-22 15:50:41,1,13,3929,9618
2023-02-22 15:50:43,1,14,3929,9618
2023-02-22 15:50:48,1,13,3929,9618
2023-02-22 15:50:58,1,14,3929,9618
2023-02-22 15:51:01,1,13,3929,9618
2023-02-22 15:51:13,1,14,3929,9618
2023-02-22 15:51:13,1,13,3929,9618
2023-02-22 15:51:38,1,14,3929,9618
2023-02-22 15:51:42,1,13,3929,9618
2023-02-22 15:52:05,1,29,3929,9618
2023-02-22 15:52:05,1,13,3929,9618
2023-02-22 15:52:20,1,29,3929,9618
2023-02-22 15:52:25,1,28,3929,9618
2023-02-22 15:52:44,1,29,3929,9618
2023-02-22 15:52:44,1,28,3929,9618
2023-02-22 15:53:14,1,29,3929,9618
2023-02-22 15:53:14,1,28,3929,9618
2023-02-22 15:53:46,1,29,3929,9618
2023-02-22 15:53:46,1,28,3929,9618
2023-02-22 15:53:59,1,27,3929,9618
2023-02-22 15:53:59,1,26,3929,9618
2023-02-22 15:54:47,0,26,3929,10273
2023-02-22 15:54:51,0,17,3929,10273
2023-02-22 15:54:51,0,16,3929,10273
2023-02-22 15:55:18,0,17,3929,10273
2023-02-22 15:55:42,0,16,3929,10273
2023-02-22 15:56:39,0,1,3929,10273
