datetime,bid,ask,open_interest,volume
2023-08-02 09:30:40,31,39,1611,1817
2023-08-02 09:30:40,31,40,1611,1817
2023-08-02 09:30:40,31,38,1611,1817
2023-08-02 09:30:40,31,40,1611,1817
2023-08-02 09:30:42,31,37,1611,1817
2023-08-02 09:31:00,31,32,1611,1817
2023-08-02 09:31:03,30,32,1614,1820
2023-08-02 09:31:03,30,32,1623,1829
2023-08-02 09:31:14,30,31,1623,1829
2023-08-02 09:31:27,28,31,1626,1832
2023-08-02 09:31:28,28,30,1626,1832
2023-08-02 09:31:30,27,30,1626,1832
2023-08-02 09:31:31,27,29,1626,1832
2023-08-02 09:31:40,27,28,1626,1832
2023-08-02 09:31:40,27,28,1686,1892
2023-08-02 09:31:42,27,28,1696,1902
2023-08-02 09:31:43,26,28,1696,1902
2023-08-02 09:31:56,25,28,1696,1902
2023-08-02 09:32:25,26,28,1696,1902
2023-08-02 09:32:28,25,28,1696,1902
2023-08-02 09:32:34,26,28,1696,1902
2023-08-02 09:32:35,26,28,1718,1924
2023-08-02 09:32:38,26,27,1718,1924
2023-08-02 09:32:42,26,28,1718,1924
2023-08-02 09:32:47,26,27,1718,1924
2023-08-02 09:32:50,25,27,1718,1924
2023-08-02 09:33:00,26,27,1718,1924
2023-08-02 09:33:02,26,29,1718,1924
2023-08-02 09:33:02,26,28,1718,1924
2023-08-02 09:33:04,27,28,1718,1924
2023-08-02 09:33:05,26,28,1718,1924
2023-08-02 09:33:09,27,28,1718,1924
2023-08-02 09:33:15,27,29,1718,1924
2023-08-02 09:33:22,27,28,1718,1924
2023-08-02 09:33:29,27,28,1718,1927
2023-08-02 09:33:42,27,30,2118,2346
2023-08-02 09:33:44,27,29,2118,2346
2023-08-02 09:33:56,28,29,2118,2346
2023-08-02 09:33:59,27,29,2118,2348
2023-08-02 09:34:08,27,28,2118,2348
2023-08-02 09:34:13,27,28,2118,2598
2023-08-02 09:34:16,27,28,2118,2848
2023-08-02 09:34:26,26,28,2118,2852
2023-08-02 09:34:29,26,27,2118,2852
2023-08-02 09:34:34,25,27,2124,2858
2023-08-02 09:34:34,25,26,2124,2858
2023-08-02 09:34:34,25,26,2124,2972
2023-08-02 09:35:13,24,26,2124,2976
2023-08-02 09:35:16,23,26,2124,2976
2023-08-02 09:35:16,23,25,2124,2976
2023-08-02 09:35:27,23,24,2124,2976
2023-08-02 09:35:32,23,25,2124,2976
2023-08-02 09:35:48,22,25,2124,2976
2023-08-02 09:35:57,23,25,2124,2976
2023-08-02 09:35:58,23,26,2124,2976
2023-08-02 09:36:16,24,26,2124,2976
2023-08-02 09:36:17,25,26,2124,2976
2023-08-02 09:36:17,25,26,2524,3376
2023-08-02 09:36:18,25,27,2630,3482
2023-08-02 09:36:19,25,27,3030,3882
2023-08-02 09:36:20,25,27,3330,4182
2023-08-02 09:36:22,25,27,3730,4582
2023-08-02 09:36:25,25,28,3830,4682
2023-08-02 09:36:25,25,27,3830,4682
2023-08-02 09:36:26,25,28,4130,4982
2023-08-02 09:36:34,25,28,3980,5232
2023-08-02 09:36:35,25,27,3980,5232
2023-08-02 09:36:35,24,27,3980,5232
2023-08-02 09:36:41,25,27,3980,5232
2023-08-02 09:36:45,26,27,3980,5232
2023-08-02 09:36:45,26,27,3980,5307
2023-08-02 09:36:47,25,27,3980,5307
2023-08-02 09:36:49,24,27,3980,5307
2023-08-02 09:36:54,25,27,3980,5307
2023-08-02 09:36:56,26,27,3980,5307
2023-08-02 09:36:56,24,27,3980,5507
2023-08-02 09:37:03,24,28,3980,5507
2023-08-02 09:37:03,25,28,3980,5507
2023-08-02 09:37:04,25,27,3980,5507
2023-08-02 09:37:05,26,27,3980,5507
2023-08-02 09:37:08,26,27,3980,5757
2023-08-02 09:37:11,25,27,3980,5807
2023-08-02 09:37:22,24,27,3980,5807
2023-08-02 09:37:25,24,26,3980,5807
2023-08-02 09:37:29,25,26,3980,5807
2023-08-02 09:37:32,25,26,3730,6057
2023-08-02 09:37:40,25,27,3730,6057
2023-08-02 09:37:40,25,26,3730,6057
2023-08-02 09:37:44,25,27,3730,6057
2023-08-02 09:38:06,26,27,3730,6057
2023-08-02 09:38:07,25,27,3741,6157
2023-08-02 09:38:08,26,27,3741,6157
2023-08-02 09:38:08,25,27,3841,6257
2023-08-02 09:38:11,26,27,3841,6257
2023-08-02 09:38:11,25,27,3941,6357
2023-08-02 09:38:14,25,28,3941,6357
2023-08-02 09:38:15,26,28,3941,6357
2023-08-02 09:38:19,26,27,3941,6357
2023-08-02 09:38:19,25,27,3941,6357
2023-08-02 09:38:21,25,26,3941,6357
2023-08-02 09:38:27,25,28,4191,6607
2023-08-02 09:38:27,26,28,4191,6607
2023-08-02 09:38:28,26,28,4191,6657
2023-08-02 09:38:29,26,27,4191,6657
2023-08-02 09:38:29,25,27,4191,6657
2023-08-02 09:38:30,25,28,4191,6657
2023-08-02 09:38:30,25,27,4191,6657
2023-08-02 09:38:32,26,27,4191,6657
2023-08-02 09:38:37,26,28,4191,6657
2023-08-02 09:38:38,26,27,4191,6657
2023-08-02 09:38:38,24,27,4191,6657
2023-08-02 09:38:38,25,27,4191,6657
2023-08-02 09:38:43,25,26,4191,6657
2023-08-02 09:38:50,25,28,4491,6957
2023-08-02 09:38:53,26,28,4491,6957
2023-08-02 09:38:54,26,28,4491,7007
2023-08-02 09:39:00,27,28,4491,7007
2023-08-02 09:39:04,26,28,4491,7007
2023-08-02 09:39:20,26,27,4491,7007
2023-08-02 09:39:21,26,28,4591,7107
2023-08-02 09:39:21,27,28,4591,7107
2023-08-02 09:39:22,27,29,4591,7107
2023-08-02 09:39:28,27,28,4591,7107
2023-08-02 09:39:32,27,29,4741,7257
2023-08-02 09:39:36,28,29,4741,7257
2023-08-02 09:39:37,28,30,4741,7257
2023-08-02 09:39:41,28,29,4741,7257
2023-08-02 09:39:44,28,30,4991,7507
2023-08-02 09:39:50,29,30,4991,7507
2023-08-02 09:39:55,29,30,5391,7907
2023-08-02 09:39:56,29,31,5516,8032
2023-08-02 09:39:59,29,30,5516,8032
2023-08-02 09:39:59,29,31,5566,8082
2023-08-02 09:40:14,29,32,5566,8082
2023-08-02 09:40:14,30,32,5566,8082
2023-08-02 09:40:23,30,31,5566,8082
2023-08-02 09:40:23,29,31,5566,8082
2023-08-02 09:40:41,28,31,5566,8082
2023-08-02 09:40:44,29,31,5566,8082
2023-08-02 09:40:46,28,31,5566,8082
2023-08-02 09:41:10,29,31,5566,8082
2023-08-02 09:41:20,28,31,5566,8082
2023-08-02 09:41:21,28,30,5566,8082
2023-08-02 09:41:23,28,31,5566,8082
2023-08-02 09:41:23,29,31,5566,8082
2023-08-02 09:41:27,28,31,5566,8082
2023-08-02 09:41:27,28,30,5566,8082
2023-08-02 09:41:27,29,30,5566,8082
2023-08-02 09:41:34,29,31,5566,8082
2023-08-02 09:41:38,29,32,5566,8082
2023-08-02 09:41:39,30,32,5566,8082
2023-08-02 09:41:55,30,33,5966,8482
2023-08-02 09:41:56,31,33,5966,8482
2023-08-02 09:41:58,31,32,5966,8482
2023-08-02 09:42:05,31,33,5966,8482
2023-08-02 09:42:12,31,34,5966,8482
2023-08-02 09:42:12,32,34,5966,8482
2023-08-02 09:42:14,31,34,5966,8482
2023-08-02 09:42:15,32,34,5966,8482
2023-08-02 09:42:25,31,34,5966,8482
2023-08-02 09:42:26,32,34,5966,8482
2023-08-02 09:42:27,31,34,5966,8482
2023-08-02 09:42:28,31,33,5966,8482
2023-08-02 09:42:29,31,34,5966,8482
2023-08-02 09:42:33,31,33,5966,8482
2023-08-02 09:42:46,31,32,5966,8482
2023-08-02 09:43:06,31,32,5966,8682
2023-08-02 09:43:21,31,32,5966,8882
2023-08-02 09:43:24,32,34,5966,8957
2023-08-02 09:43:30,33,34,5966,8957
2023-08-02 09:43:43,33,34,5966,9957
2023-08-02 09:43:54,33,34,5976,9967
2023-08-02 09:43:59,33,34,6376,10367
2023-08-02 09:44:04,33,34,6776,10767
2023-08-02 09:44:05,33,35,6966,10957
2023-08-02 09:44:06,34,35,6966,10957
2023-08-02 09:44:08,34,36,6966,10957
2023-08-02 09:44:12,35,36,6966,10957
2023-08-02 09:44:16,35,37,6966,10957
2023-08-02 09:44:26,35,36,6966,10957
2023-08-02 09:44:29,34,36,6966,10957
2023-08-02 09:44:31,34,37,6966,10957
2023-08-02 09:44:44,34,36,6966,10957
2023-08-02 09:44:47,34,35,6966,10957
2023-08-02 09:44:48,34,36,6966,10957
2023-08-02 09:44:48,33,36,6966,10957
2023-08-02 09:44:51,33,35,6966,10957
2023-08-02 09:44:51,33,35,6566,11357
2023-08-02 09:44:51,32,35,6566,11357
2023-08-02 09:44:52,32,34,6566,11357
2023-08-02 09:44:58,32,33,6566,11357
2023-08-02 09:45:03,32,34,6566,11357
2023-08-02 09:45:06,32,35,6566,11357
2023-08-02 09:45:07,32,34,6566,11357
2023-08-02 09:45:12,32,35,6566,11357
2023-08-02 09:45:14,32,34,6566,11357
2023-08-02 09:45:14,33,34,6566,11357
2023-08-02 09:45:16,33,35,6566,11357
2023-08-02 09:45:17,33,34,6566,11357
2023-08-02 09:45:26,33,35,6566,11357
2023-08-02 09:45:35,33,35,6166,11757
2023-08-02 09:45:38,33,36,6166,11757
2023-08-02 09:45:42,34,36,6166,11757
2023-08-02 09:45:46,34,35,6166,11757
2023-08-02 09:45:46,33,35,6166,11757
2023-08-02 09:45:47,33,34,6166,11757
2023-08-02 09:45:50,32,34,6166,11757
2023-08-02 09:45:51,32,33,6166,11757
2023-08-02 09:46:03,32,34,6166,11757
2023-08-02 09:46:04,33,34,6166,11757
2023-08-02 09:46:04,33,35,6166,11757
2023-08-02 09:46:05,33,34,6166,11757
2023-08-02 09:46:09,33,35,6166,11757
2023-08-02 09:46:11,33,34,6166,11757
2023-08-02 09:46:18,32,34,6166,11757
2023-08-02 09:46:32,32,33,6166,11757
2023-08-02 09:46:44,31,32,6166,11757
2023-08-02 09:46:50,31,33,6166,11757
2023-08-02 09:46:52,31,32,6166,11757
2023-08-02 09:46:52,31,33,6166,11757
2023-08-02 09:46:52,31,32,6166,11757
2023-08-02 09:47:02,30,32,6166,11757
2023-08-02 09:47:18,31,32,6166,11757
2023-08-02 09:47:20,30,32,6166,11757
2023-08-02 09:47:23,31,32,6166,11757
2023-08-02 09:47:25,30,32,6166,11757
2023-08-02 09:47:25,31,32,6166,11757
2023-08-02 09:47:40,31,33,6166,11757
2023-08-02 09:47:42,31,32,6166,11757
2023-08-02 09:47:48,30,31,6166,11757
2023-08-02 09:47:52,30,32,6166,11757
2023-08-02 09:48:00,31,32,6166,11757
2023-08-02 09:48:11,31,33,6166,11757
2023-08-02 09:48:17,31,32,6166,11757
2023-08-02 09:48:18,30,32,6166,11757
2023-08-02 09:48:21,30,31,6166,11757
2023-08-02 09:48:24,30,32,6166,11757
2023-08-02 09:48:49,30,31,6166,11757
2023-08-02 09:49:10,30,32,6241,11832
2023-08-02 09:49:11,31,32,6241,11832
2023-08-02 09:49:12,30,32,6241,11832
2023-08-02 09:49:12,31,32,6241,11832
2023-08-02 09:49:16,31,33,6241,11832
2023-08-02 09:49:18,32,33,6241,11832
2023-08-02 09:49:36,32,34,6241,11832
2023-08-02 09:49:53,33,34,6241,11832
2023-08-02 09:50:01,32,34,6241,11832
2023-08-02 09:50:03,32,33,6241,11832
2023-08-02 09:50:14,30,33,6241,11832
2023-08-02 09:50:14,31,33,6241,11832
2023-08-02 09:50:15,32,33,6241,11832
2023-08-02 09:50:21,30,33,6241,11832
2023-08-02 09:50:21,31,33,6241,11832
2023-08-02 09:50:27,31,32,6241,11832
2023-08-02 09:50:30,30,32,6241,11832
2023-08-02 09:50:33,30,32,6242,11833
2023-08-02 09:50:34,30,32,6257,11848
2023-08-02 09:50:44,31,32,6257,11848
2023-08-02 09:50:54,30,32,6259,11850
2023-08-02 09:51:35,31,32,6259,11850
2023-08-02 09:51:35,31,33,6259,11850
2023-08-02 09:51:38,29,33,6193,11916
2023-08-02 09:51:38,29,32,6193,11916
2023-08-02 09:51:39,30,32,6193,11916
2023-08-02 09:51:44,29,32,6193,11916
2023-08-02 09:51:45,30,32,6193,11916
2023-08-02 09:51:46,29,32,6193,11916
2023-08-02 09:51:51,29,31,6193,11916
2023-08-02 09:51:55,29,32,6193,11916
2023-08-02 09:51:57,29,31,6193,11916
2023-08-02 09:52:00,28,31,6193,11916
2023-08-02 09:52:00,29,31,6193,11916
2023-08-02 09:52:22,29,32,6193,11916
2023-08-02 09:52:31,29,31,6193,11916
2023-08-02 09:52:36,29,32,6193,11916
2023-08-02 09:52:41,29,31,6193,11916
2023-08-02 09:52:42,28,31,6193,11916
2023-08-02 09:52:42,29,31,6193,11916
2023-08-02 09:52:46,28,31,6193,11916
2023-08-02 09:52:49,29,31,6193,11916
2023-08-02 09:53:01,30,31,6193,11916
2023-08-02 09:53:01,30,32,6193,11916
2023-08-02 09:53:07,30,31,6193,11916
2023-08-02 09:53:14,30,32,6193,11916
2023-08-02 09:54:20,30,31,6193,11916
2023-08-02 09:54:21,30,31,6443,12166
2023-08-02 09:54:25,28,31,6443,12416
2023-08-02 09:54:25,28,30,6443,12416
2023-08-02 09:54:33,28,29,6443,12416
2023-08-02 09:54:38,27,29,6443,12416
2023-08-02 09:54:48,28,29,6443,12416
2023-08-02 09:54:48,28,30,6443,12416
2023-08-02 09:55:04,28,31,6443,12416
2023-08-02 09:55:11,29,31,6443,12416
2023-08-02 09:55:12,28,31,6443,12416
2023-08-02 09:55:14,28,30,6443,12416
2023-08-02 09:55:41,29,30,6443,12416
2023-08-02 09:55:41,29,31,6443,12416
2023-08-02 09:55:43,28,31,6443,12416
2023-08-02 09:55:46,29,31,6443,12416
2023-08-02 09:55:52,28,31,6443,12416
2023-08-02 09:55:52,28,30,6443,12416
2023-08-02 09:55:53,28,29,6443,12416
2023-08-02 09:56:02,28,29,6243,12616
2023-08-02 09:56:06,28,30,6243,12616
2023-08-02 09:56:06,29,30,6243,12616
2023-08-02 09:56:09,29,31,6243,12616
2023-08-02 09:56:16,29,32,6243,12616
2023-08-02 09:56:18,29,31,6243,12616
2023-08-02 09:56:22,29,30,6243,12616
2023-08-02 09:56:34,29,31,6243,12616
2023-08-02 09:56:41,30,31,6243,12616
2023-08-02 09:56:45,30,32,6243,12616
2023-08-02 09:56:51,29,32,6243,12616
2023-08-02 09:56:57,29,31,6243,12616
2023-08-02 09:56:59,30,31,6243,12616
2023-08-02 09:57:11,30,32,6243,12616
2023-08-02 09:57:12,29,32,6243,12616
2023-08-02 09:57:14,29,31,6243,12616
2023-08-02 09:57:15,29,32,6243,12616
2023-08-02 09:57:16,29,31,6243,12616
2023-08-02 09:57:18,29,32,6243,12616
2023-08-02 09:57:23,30,32,6243,12616
2023-08-02 09:57:27,29,32,6243,12616
2023-08-02 09:57:28,29,31,6243,12616
2023-08-02 09:57:31,30,31,6243,12616
2023-08-02 09:57:34,29,31,6243,12616
2023-08-02 09:57:34,29,32,6243,12616
2023-08-02 09:57:35,30,32,6243,12616
2023-08-02 09:57:40,30,31,6243,12616
2023-08-02 09:57:45,30,32,6243,12616
2023-08-02 09:57:58,31,32,6243,12616
2023-08-02 09:57:59,31,33,6318,12691
2023-08-02 09:58:07,30,33,6318,12691
2023-08-02 09:58:07,30,32,6318,12691
2023-08-02 09:58:08,30,33,6318,12691
2023-08-02 09:58:30,30,32,6318,12691
2023-08-02 09:58:37,30,31,6318,12691
2023-08-02 09:58:40,30,32,6318,12691
2023-08-02 09:58:44,31,32,6318,12691
2023-08-02 09:58:52,31,33,6318,12691
2023-08-02 09:58:56,30,33,6318,12691
2023-08-02 09:58:57,30,32,6318,12691
2023-08-02 09:58:58,31,32,6318,12691
2023-08-02 09:59:01,30,32,6318,12691
2023-08-02 09:59:04,30,31,6318,12691
2023-08-02 09:59:07,30,32,6318,12691
2023-08-02 09:59:09,29,32,6318,12691
2023-08-02 09:59:10,30,32,6318,12691
2023-08-02 09:59:10,30,31,6318,12691
2023-08-02 09:59:14,29,31,6318,12691
2023-08-02 09:59:14,29,32,6318,12691
2023-08-02 09:59:14,29,31,6318,12691
2023-08-02 09:59:15,30,31,6318,12691
2023-08-02 09:59:19,30,32,6318,12691
2023-08-02 09:59:20,31,32,6318,12691
2023-08-02 09:59:34,29,32,6318,12691
2023-08-02 09:59:37,29,31,6318,12691
2023-08-02 09:59:42,30,31,6318,12691
2023-08-02 09:59:44,29,31,6318,12691
2023-08-02 09:59:44,29,32,6318,12691
2023-08-02 09:59:44,30,32,6318,12691
2023-08-02 09:59:49,29,32,6318,12691
2023-08-02 09:59:50,29,31,6318,12691
2023-08-02 09:59:51,29,32,6318,12691
2023-08-02 09:59:56,30,32,6318,12691
2023-08-02 09:59:58,29,32,6318,12691
2023-08-02 09:59:58,29,31,6318,12691
2023-08-02 09:59:59,30,31,6318,12691
2023-08-02 09:59:59,30,32,6318,12691
2023-08-02 10:00:01,29,32,6318,12691
2023-08-02 10:00:02,30,32,6318,12691
2023-08-02 10:00:10,29,32,6318,12691
2023-08-02 10:00:11,29,31,6318,12691
2023-08-02 10:00:12,30,31,6318,12691
2023-08-02 10:00:12,30,32,6318,12691
2023-08-02 10:00:19,29,32,6318,12691
2023-08-02 10:00:19,29,31,6318,12691
2023-08-02 10:00:34,29,30,6318,12691
2023-08-02 10:00:42,29,30,6118,12891
2023-08-02 10:01:04,27,30,6118,12891
2023-08-02 10:01:06,28,30,6118,12891
2023-08-02 10:01:08,27,30,6118,12891
2023-08-02 10:01:10,28,30,6118,12891
2023-08-02 10:01:16,27,30,6118,12891
2023-08-02 10:01:20,27,29,6118,12891
2023-08-02 10:01:40,27,30,6118,12891
2023-08-02 10:01:44,27,29,6118,12891
2023-08-02 10:01:48,27,28,6118,12891
2023-08-02 10:01:49,27,29,6118,12891
2023-08-02 10:01:51,27,28,6118,12891
2023-08-02 10:01:52,27,29,6118,12891
2023-08-02 10:01:53,28,29,6118,12891
2023-08-02 10:01:54,28,30,6118,12891
2023-08-02 10:01:58,29,30,6118,12891
2023-08-02 10:01:58,29,31,6118,12891
2023-08-02 10:02:10,30,31,6118,12891
2023-08-02 10:02:12,29,31,6118,12891
2023-08-02 10:02:16,29,32,6118,12891
2023-08-02 10:02:17,29,31,6118,12891
2023-08-02 10:02:26,30,31,6118,12891
2023-08-02 10:02:27,29,31,6118,12891
2023-08-02 10:02:31,30,31,6118,12891
2023-08-02 10:02:48,29,31,6118,12891
2023-08-02 10:02:51,30,31,6118,12891
2023-08-02 10:02:52,29,31,6118,12891
2023-08-02 10:02:58,30,31,6118,12891
2023-08-02 10:03:00,29,31,6118,12891
2023-08-02 10:03:03,29,32,6118,12891
2023-08-02 10:03:09,29,31,6118,12891
2023-08-02 10:03:50,28,31,6118,12891
2023-08-02 10:03:50,28,30,6118,12891
2023-08-02 10:03:58,28,30,6168,12941
2023-08-02 10:04:18,29,30,6168,12941
2023-08-02 10:04:26,28,30,6168,12941
2023-08-02 10:04:27,28,30,6171,12944
2023-08-02 10:04:34,28,31,6171,12944
2023-08-02 10:04:34,29,31,6171,12944
2023-08-02 10:04:35,29,31,6118,12997
2023-08-02 10:04:39,29,30,6118,12997
2023-08-02 10:04:45,29,31,6118,12997
2023-08-02 10:04:58,29,30,6118,12997
2023-08-02 10:05:14,28,30,6118,12997
2023-08-02 10:05:15,27,30,6118,12997
2023-08-02 10:05:16,28,30,6118,12997
2023-08-02 10:05:30,29,30,6118,12997
2023-08-02 10:05:31,28,30,6118,12997
2023-08-02 10:05:46,29,30,6118,12997
2023-08-02 10:05:48,28,30,6118,12997
2023-08-02 10:05:53,27,30,6118,12997
2023-08-02 10:05:53,27,29,6118,12997
2023-08-02 10:06:16,28,29,6118,12997
2023-08-02 10:06:18,27,29,6118,12997
2023-08-02 10:06:19,28,29,6118,12997
2023-08-02 10:06:20,27,29,6118,12997
2023-08-02 10:06:23,27,28,6118,12997
2023-08-02 10:06:29,27,28,6118,13042
2023-08-02 10:06:31,27,29,6118,13042
2023-08-02 10:06:32,27,28,6118,13042
2023-08-02 10:06:46,26,28,5718,13442
2023-08-02 10:06:49,25,28,5718,13442
2023-08-02 10:06:49,25,27,5718,13442
2023-08-02 10:06:56,25,26,5718,13442
2023-08-02 10:07:03,25,27,5718,13442
2023-08-02 10:07:38,26,27,5718,13442
2023-08-02 10:07:43,25,27,5718,13442
2023-08-02 10:07:51,25,26,5718,13442
2023-08-02 10:08:05,23,26,5718,13472
2023-08-02 10:08:10,23,25,5718,13472
2023-08-02 10:08:18,23,26,5718,13472
2023-08-02 10:08:19,24,26,5718,13472
2023-08-02 10:08:20,23,26,5718,13472
2023-08-02 10:08:20,23,25,5718,13472
2023-08-02 10:08:23,23,24,5718,13472
2023-08-02 10:08:34,22,24,5718,13472
2023-08-02 10:09:11,22,23,5718,13472
2023-08-02 10:09:14,22,23,5323,13872
2023-08-02 10:09:15,21,23,5218,13977
2023-08-02 10:09:28,20,23,5218,13977
2023-08-02 10:09:50,20,22,5218,13977
2023-08-02 10:09:51,20,21,5218,13977
2023-08-02 10:09:53,20,22,5218,13977
2023-08-02 10:09:54,20,21,5218,13977
2023-08-02 10:09:57,20,22,5218,13977
2023-08-02 10:09:58,20,22,5218,13987
2023-08-02 10:10:02,20,21,5218,13987
2023-08-02 10:10:04,20,22,5218,13987
2023-08-02 10:10:11,20,23,5218,13987
2023-08-02 10:10:16,20,22,5218,13987
2023-08-02 10:10:18,20,21,5218,13987
2023-08-02 10:10:19,20,22,5218,13987
2023-08-02 10:10:24,20,21,5218,13987
2023-08-02 10:10:31,20,22,5218,13987
2023-08-02 10:10:37,20,21,5218,13987
2023-08-02 10:10:38,20,21,5203,14002
2023-08-02 10:10:42,19,21,5203,14002
2023-08-02 10:10:44,19,22,5203,14002
2023-08-02 10:10:45,20,22,5203,14002
2023-08-02 10:10:48,19,22,5203,14002
2023-08-02 10:10:48,19,21,5203,14002
2023-08-02 10:10:49,19,22,5203,14002
2023-08-02 10:10:50,20,22,5203,14002
2023-08-02 10:10:52,19,22,5203,14002
2023-08-02 10:10:52,19,21,5203,14002
2023-08-02 10:11:26,19,22,5203,14302
2023-08-02 10:11:47,19,21,5203,14302
2023-08-02 10:11:48,19,22,5203,14402
2023-08-02 10:11:49,19,21,5203,14402
2023-08-02 10:11:51,19,20,5203,14402
2023-08-02 10:11:52,19,21,5203,14402
2023-08-02 10:11:56,19,20,5203,14402
2023-08-02 10:11:58,19,21,5203,14502
2023-08-02 10:12:06,20,21,5203,14502
2023-08-02 10:12:08,20,22,5203,14502
2023-08-02 10:12:09,19,22,5203,14502
2023-08-02 10:12:14,20,22,5203,14502
2023-08-02 10:12:15,19,22,5203,14502
2023-08-02 10:12:16,19,21,5203,14502
2023-08-02 10:12:23,19,22,5203,14502
2023-08-02 10:12:26,19,21,5203,14502
2023-08-02 10:12:33,20,21,5203,14502
2023-08-02 10:12:34,19,21,5203,14502
2023-08-02 10:12:51,19,22,5203,14502
2023-08-02 10:12:53,19,21,5203,14502
2023-08-02 10:13:05,19,22,5203,14502
2023-08-02 10:13:07,19,21,5203,14502
2023-08-02 10:13:14,19,22,5203,14502
2023-08-02 10:13:16,19,21,5203,14502
2023-08-02 10:13:35,19,22,5203,14502
2023-08-02 10:13:46,19,21,5203,14502
2023-08-02 10:13:49,19,22,5203,14502
2023-08-02 10:13:53,19,21,5203,14502
2023-08-02 10:14:02,19,22,5203,14502
2023-08-02 10:14:04,19,21,5203,14502
2023-08-02 10:14:50,19,21,5003,14902
2023-08-02 10:14:51,19,20,5003,14902
2023-08-02 10:14:53,18,20,5003,15052
2023-08-02 10:14:57,18,20,5053,15102
2023-08-02 10:15:07,17,20,4853,15452
2023-08-02 10:15:16,17,19,4853,15452
2023-08-02 10:15:16,16,17,4758,15952
2023-08-02 10:15:21,16,19,4758,16252
2023-08-02 10:15:21,17,19,4758,16252
2023-08-02 10:15:34,17,18,4758,16252
2023-08-02 10:15:38,16,18,4758,16252
2023-08-02 10:15:45,16,17,4758,16252
2023-08-02 10:15:47,16,18,4758,16252
2023-08-02 10:16:06,16,17,4758,16252
2023-08-02 10:16:08,15,17,4758,16402
2023-08-02 10:16:09,15,16,4758,16402
2023-08-02 10:16:14,15,17,4758,16402
2023-08-02 10:16:18,15,16,4758,16402
2023-08-02 10:16:41,14,16,4758,16852
2023-08-02 10:16:45,15,16,4758,16852
2023-08-02 10:16:53,15,16,4758,16921
2023-08-02 10:16:56,15,17,4758,16921
2023-08-02 10:16:57,15,16,4758,16921
2023-08-02 10:16:58,14,16,4758,16921
2023-08-02 10:17:21,14,17,4758,16921
2023-08-02 10:17:30,14,16,4758,16921
2023-08-02 10:17:33,14,17,4758,16921
2023-08-02 10:17:38,15,17,4758,16921
2023-08-02 10:17:55,15,18,4758,16921
2023-08-02 10:18:00,15,17,4758,16921
2023-08-02 10:18:37,15,18,4758,16921
2023-08-02 10:18:45,15,17,4758,16921
2023-08-02 10:18:46,15,18,4758,16921
2023-08-02 10:18:47,15,17,4758,16921
2023-08-02 10:18:48,15,18,4758,16921
2023-08-02 10:18:59,15,17,4758,16921
2023-08-02 10:19:17,15,18,4758,16921
2023-08-02 10:19:24,15,17,4758,16921
2023-08-02 10:19:26,15,18,4758,16921
2023-08-02 10:19:27,15,17,4758,16921
2023-08-02 10:19:29,15,18,4758,16921
2023-08-02 10:19:48,16,18,4758,16921
2023-08-02 10:19:57,16,19,4758,16921
2023-08-02 10:20:01,16,18,4758,16921
2023-08-02 10:20:03,15,18,4758,16921
2023-08-02 10:20:08,16,18,4758,16921
2023-08-02 10:20:19,16,19,4758,16921
2023-08-02 10:20:24,16,18,4758,16921
2023-08-02 10:20:40,16,19,4758,16921
2023-08-02 10:20:43,16,18,4758,16921
2023-08-02 10:20:57,15,18,4758,16921
2023-08-02 10:21:05,16,18,4758,16921
2023-08-02 10:21:16,16,19,4758,16921
2023-08-02 10:21:26,17,19,4758,16921
2023-08-02 10:21:37,16,19,4758,16921
2023-08-02 10:21:46,17,19,4758,16921
2023-08-02 10:21:48,17,20,4558,17121
2023-08-02 10:22:10,18,20,4558,17121
2023-08-02 10:22:10,18,21,4558,17121
2023-08-02 10:22:30,19,21,4558,17121
2023-08-02 10:22:39,18,21,4558,17121
2023-08-02 10:23:11,18,20,4558,17121
2023-08-02 10:23:11,17,20,4558,17121
2023-08-02 10:23:22,17,21,4558,17121
2023-08-02 10:23:23,18,21,4558,17121
2023-08-02 10:23:31,18,20,4558,17121
2023-08-02 10:23:38,17,20,4558,17121
2023-08-02 10:23:49,18,20,4558,17121
2023-08-02 10:23:50,18,21,4558,17121
2023-08-02 10:24:08,18,20,4558,17121
2023-08-02 10:24:10,18,21,4558,17121
2023-08-02 10:24:18,18,20,4558,17121
2023-08-02 10:24:19,18,21,4558,17121
2023-08-02 10:24:33,19,21,4558,17121
2023-08-02 10:24:47,19,21,4453,17454
2023-08-02 10:24:54,18,21,4453,17454
2023-08-02 10:24:54,18,20,4453,17454
2023-08-02 10:24:57,18,21,4453,17454
2023-08-02 10:25:25,19,21,4453,17454
2023-08-02 10:25:33,19,22,4453,17454
2023-08-02 10:25:39,19,21,4453,17454
2023-08-02 10:25:57,19,22,4453,17454
2023-08-02 10:26:04,19,21,4453,17454
2023-08-02 10:26:13,19,22,4453,17454
2023-08-02 10:26:16,20,22,4453,17454
2023-08-02 10:26:24,20,23,4453,17454
2023-08-02 10:26:31,21,22,4453,17454
2023-08-02 10:26:47,21,23,4453,17454
2023-08-02 10:26:48,21,22,4453,17454
2023-08-02 10:26:52,21,23,4453,17454
2023-08-02 10:26:59,21,22,4453,17454
2023-08-02 10:27:10,21,23,4453,17454
2023-08-02 10:27:19,21,22,4453,17454
2023-08-02 10:27:20,21,23,4453,17454
2023-08-02 10:27:23,21,22,4453,17454
2023-08-02 10:27:29,20,22,4453,17454
2023-08-02 10:27:37,20,23,4453,17454
2023-08-02 10:27:39,20,22,4453,17454
2023-08-02 10:27:48,20,23,4453,17454
2023-08-02 10:27:52,20,22,4453,17454
2023-08-02 10:27:59,20,21,4453,17454
2023-08-02 10:28:00,20,22,4453,17454
2023-08-02 10:28:03,19,22,4453,17454
2023-08-02 10:28:03,19,21,4453,17454
2023-08-02 10:28:24,18,21,4453,17454
2023-08-02 10:28:28,18,20,4453,17454
2023-08-02 10:28:53,17,20,4453,17454
2023-08-02 10:29:06,18,20,4453,17454
2023-08-02 10:29:09,17,20,4453,17454
2023-08-02 10:29:41,17,19,4453,17454
2023-08-02 10:29:43,17,20,4453,17454
2023-08-02 10:29:50,16,20,4453,17454
2023-08-02 10:29:50,16,19,4453,17454
2023-08-02 10:29:51,17,19,4453,17454
2023-08-02 10:29:54,16,19,4453,17454
2023-08-02 10:29:56,17,19,4453,17454
2023-08-02 10:29:58,16,19,4453,17454
2023-08-02 10:29:59,17,19,4453,17454
2023-08-02 10:30:04,16,19,4453,17454
2023-08-02 10:30:16,17,19,4453,17454
2023-08-02 10:30:17,16,19,4453,17454
2023-08-02 10:30:30,17,19,4453,17454
2023-08-02 10:30:32,16,19,4453,17454
2023-08-02 10:30:33,17,19,4453,17454
2023-08-02 10:30:48,17,20,4453,17454
2023-08-02 10:30:51,18,20,4453,17454
2023-08-02 10:30:52,18,21,4453,17454
2023-08-02 10:31:00,19,21,4453,17454
2023-08-02 10:31:02,19,22,4453,17454
2023-08-02 10:31:05,20,22,4453,17454
2023-08-02 10:31:13,20,21,4453,17454
2023-08-02 10:31:17,19,21,4453,17454
2023-08-02 10:31:18,19,22,4453,17454
2023-08-02 10:31:27,19,21,4453,17454
2023-08-02 10:31:30,18,21,4453,17454
2023-08-02 10:31:31,19,21,4453,17454
2023-08-02 10:31:39,18,21,4453,17454
2023-08-02 10:31:41,19,21,4453,17454
2023-08-02 10:31:47,18,21,4453,17454
2023-08-02 10:31:55,17,21,4453,17454
2023-08-02 10:31:55,17,20,4453,17454
2023-08-02 10:31:57,18,20,4453,17454
2023-08-02 10:31:58,18,21,4453,17454
2023-08-02 10:32:01,17,21,4453,17454
2023-08-02 10:32:01,17,20,4453,17454
2023-08-02 10:32:09,17,19,4453,17454
2023-08-02 10:32:21,16,19,4453,17454
2023-08-02 10:32:25,17,19,4453,17454
2023-08-02 10:32:27,16,19,4453,17454
2023-08-02 10:32:30,17,19,4453,17454
2023-08-02 10:32:39,16,19,4453,17454
2023-08-02 10:32:45,17,19,4453,17454
2023-08-02 10:32:55,16,19,4453,17454
2023-08-02 10:33:09,17,19,4453,17454
2023-08-02 10:33:37,18,19,4453,17454
2023-08-02 10:33:37,18,20,4453,17454
2023-08-02 10:33:45,17,20,4453,17454
2023-08-02 10:34:30,18,20,4453,17454
2023-08-02 10:34:48,19,20,4453,17454
2023-08-02 10:34:53,18,20,4453,17454
2023-08-02 10:34:57,19,20,4453,17454
2023-08-02 10:35:01,18,20,4453,17454
2023-08-02 10:35:28,17,20,4453,17454
2023-08-02 10:35:44,17,19,4453,17454
2023-08-02 10:36:02,16,19,4453,17454
2023-08-02 10:36:11,17,19,4453,17454
2023-08-02 10:36:13,17,18,4453,17454
2023-08-02 10:36:14,16,18,4453,17454
2023-08-02 10:36:35,15,18,4453,17454
2023-08-02 10:36:40,16,18,4453,17454
2023-08-02 10:36:42,15,18,4453,17454
2023-08-02 10:36:58,16,18,4453,17454
2023-08-02 10:37:26,16,19,4453,17454
2023-08-02 10:38:10,17,19,4453,17454
2023-08-02 10:38:17,16,19,4453,17454
2023-08-02 10:38:28,16,18,4453,17454
2023-08-02 10:39:06,15,18,4253,17654
2023-08-02 10:39:21,15,17,4253,17654
2023-08-02 10:39:26,14,17,4253,17904
2023-08-02 10:39:30,15,17,4253,17904
2023-08-02 10:39:40,14,17,4253,17904
2023-08-02 10:39:47,14,16,4253,17904
2023-08-02 10:39:55,15,16,4253,17904
2023-08-02 10:40:01,14,16,4253,17904
2023-08-02 10:40:07,15,16,4253,17904
2023-08-02 10:40:08,14,16,4253,17904
2023-08-02 10:40:14,15,16,4253,17904
2023-08-02 10:40:36,15,16,4653,18304
2023-08-02 10:41:02,14,16,4653,18304
2023-08-02 10:41:03,15,16,4653,18304
2023-08-02 10:41:05,14,16,4653,18304
2023-08-02 10:41:07,15,16,4653,18304
2023-08-02 10:41:27,14,16,4653,18304
2023-08-02 10:41:49,15,16,4653,18304
2023-08-02 10:42:09,14,16,4653,18404
2023-08-02 10:42:12,13,16,4625,18604
2023-08-02 10:42:28,13,15,4625,18604
2023-08-02 10:42:31,13,14,4625,18604
2023-08-02 10:42:57,13,15,4625,18604
2023-08-02 10:43:12,13,14,4625,18604
2023-08-02 10:43:36,13,15,4625,18604
2023-08-02 10:43:38,13,14,4625,18604
2023-08-02 10:43:39,13,15,4625,18604
2023-08-02 10:44:11,13,14,4625,18604
2023-08-02 10:44:17,13,15,4625,18604
2023-08-02 10:44:19,13,14,4625,18604
2023-08-02 10:45:05,12,14,4625,18854
2023-08-02 10:45:23,11,14,4625,18854
2023-08-02 10:45:23,11,13,4625,18854
2023-08-02 10:45:32,11,12,4625,18854
2023-08-02 10:45:37,10,12,4625,19104
2023-08-02 10:46:04,10,12,4630,19109
2023-08-02 10:47:19,9,12,4630,19304
2023-08-02 10:47:20,9,11,4630,19304
2023-08-02 10:47:21,9,12,4630,19304
2023-08-02 10:47:22,9,11,4630,19304
2023-08-02 10:47:29,9,12,4630,19304
2023-08-02 10:47:48,9,11,4630,19304
2023-08-02 10:48:59,9,10,4630,19304
2023-08-02 10:48:59,8,10,4630,19554
2023-08-02 10:49:11,8,9,4630,19554
2023-08-02 10:49:17,8,10,4630,19554
2023-08-02 10:49:54,8,9,4630,19554
2023-08-02 10:50:00,8,10,4630,19554
2023-08-02 10:50:28,8,10,4680,19604
2023-08-02 10:50:47,8,11,4680,19604
2023-08-02 10:51:13,8,10,4680,19604
2023-08-02 10:51:14,8,11,4680,19604
2023-08-02 10:51:17,8,10,4680,19604
2023-08-02 10:51:24,8,11,4680,19604
2023-08-02 10:51:25,8,10,4680,19604
2023-08-02 10:53:11,7,10,4680,19754
2023-08-02 10:53:14,7,9,4680,19754
2023-08-02 10:53:50,7,10,4680,19754
2023-08-02 10:54:01,7,9,4680,19754
2023-08-02 10:54:26,7,8,4680,19754
2023-08-02 10:54:26,7,8,4680,20154
2023-08-02 10:54:27,6,8,4680,20154
2023-08-02 10:54:33,6,8,4680,20254
2023-08-02 10:55:12,6,7,4680,20254
2023-08-02 10:55:38,6,8,4680,20254
2023-08-02 10:55:51,6,7,4680,20254
2023-08-02 10:56:01,5,7,4680,20254
2023-08-02 10:56:45,5,8,4680,20254
2023-08-02 10:56:57,5,7,4680,20254
2023-08-02 10:57:34,5,8,4680,20254
2023-08-02 10:57:39,5,7,4680,20254
2023-08-02 10:57:47,5,7,4709,20654
2023-08-02 10:58:20,5,6,4709,20654
2023-08-02 10:58:21,4,6,4764,20709
2023-08-02 10:58:34,4,7,4764,20709
2023-08-02 10:58:40,5,7,4764,20709
2023-08-02 10:58:44,4,7,5064,21009
2023-08-02 10:58:45,4,6,5064,21009
2023-08-02 10:58:46,4,6,4834,21259
2023-08-02 10:58:48,4,7,4834,21309
2023-08-02 10:58:52,5,7,4834,21309
2023-08-02 10:59:13,4,7,4834,21309
2023-08-02 11:00:34,5,7,4834,21309
2023-08-02 11:00:36,5,8,4834,21309
2023-08-02 11:00:37,5,7,4834,21309
2023-08-02 11:00:39,5,8,4834,21309
2023-08-02 11:01:28,6,8,4834,21309
2023-08-02 11:01:50,5,8,4834,21309
2023-08-02 11:01:54,5,7,4834,21309
2023-08-02 11:01:57,5,8,4834,21509
2023-08-02 11:02:21,5,7,4834,21509
2023-08-02 11:02:21,5,8,4834,21709
2023-08-02 11:02:48,5,8,5334,22209
2023-08-02 11:02:48,5,7,5334,22209
2023-08-02 11:04:23,5,8,5334,22209
2023-08-02 11:04:25,6,8,5334,22209
2023-08-02 11:05:14,5,8,5334,22209
2023-08-02 11:05:17,6,8,5334,22209
2023-08-02 11:06:23,5,8,5334,22209
2023-08-02 11:06:31,5,7,5334,22209
2023-08-02 11:07:02,4,7,5734,22609
2023-08-02 11:07:07,5,7,5734,22609
2023-08-02 11:07:08,4,7,5734,22609
2023-08-02 11:07:16,5,7,5734,22609
2023-08-02 11:07:39,5,8,5734,22609
2023-08-02 11:07:51,5,7,5734,22609
2023-08-02 11:07:52,5,7,5734,22859
2023-08-02 11:08:12,4,7,5734,22859
2023-08-02 11:08:21,5,7,5734,22859
2023-08-02 11:08:41,4,7,5734,22859
2023-08-02 11:08:45,5,7,5734,22859
2023-08-02 11:08:48,4,7,5734,22859
2023-08-02 11:08:51,5,7,5734,22859
2023-08-02 11:09:19,5,8,5734,22909
2023-08-02 11:10:09,6,8,5734,22909
2023-08-02 11:10:16,6,9,5734,23109
2023-08-02 11:10:24,6,8,5734,23109
2023-08-02 11:10:30,6,9,5734,23109
2023-08-02 11:10:31,6,8,5734,23109
2023-08-02 11:10:32,6,9,5734,23109
2023-08-02 11:12:31,6,10,5734,23109
2023-08-02 11:12:31,7,10,5734,23109
2023-08-02 11:12:32,7,9,5734,23109
2023-08-02 11:12:37,6,9,5734,23109
2023-08-02 11:13:49,6,8,5734,23109
2023-08-02 11:13:56,6,9,5734,23109
2023-08-02 11:13:58,6,8,5734,23109
2023-08-02 11:14:01,6,9,5734,23109
2023-08-02 11:14:13,6,8,5734,23109
2023-08-02 11:14:21,5,8,5734,23109
2023-08-02 11:14:29,5,7,5734,23109
2023-08-02 11:14:36,5,7,5984,23359
2023-08-02 11:14:37,5,7,6234,23609
2023-08-02 11:14:38,5,7,6484,23859
2023-08-02 11:14:38,6,7,6484,23859
2023-08-02 11:14:40,6,9,6734,24109
2023-08-02 11:15:01,6,8,6734,24109
2023-08-02 11:15:05,6,9,6734,24109
2023-08-02 11:15:06,6,8,6734,24109
2023-08-02 11:15:07,6,9,6734,24109
2023-08-02 11:15:21,6,8,6734,24109
2023-08-02 11:15:23,6,9,6734,24109
2023-08-02 11:15:24,6,8,6734,24109
2023-08-02 11:15:25,6,9,6734,24109
2023-08-02 11:15:26,6,8,6734,24109
2023-08-02 11:15:27,6,9,6734,24109
2023-08-02 11:15:29,6,8,6734,24109
2023-08-02 11:15:42,5,8,6734,24109
2023-08-02 11:16:06,5,7,6734,24109
2023-08-02 11:16:11,4,7,6734,24109
2023-08-02 11:18:16,4,6,6734,24109
2023-08-02 11:19:41,3,6,6984,24359
2023-08-02 11:19:42,3,5,6984,24359
2023-08-02 11:21:11,4,5,6984,24359
2023-08-02 11:21:17,3,5,6984,24359
2023-08-02 11:21:41,4,5,6984,24359
2023-08-02 11:22:05,4,6,6984,24359
2023-08-02 11:22:18,4,7,6984,24359
2023-08-02 11:22:32,5,7,6984,24359
2023-08-02 11:25:22,4,7,6984,24359
2023-08-02 11:25:45,4,6,6984,24359
2023-08-02 11:25:48,4,7,6984,24359
2023-08-02 11:26:06,5,7,6984,24359
2023-08-02 11:26:53,4,7,6984,24359
2023-08-02 11:26:55,5,7,6984,24359
2023-08-02 11:27:05,5,7,7234,24609
2023-08-02 11:27:10,5,7,7484,24859
2023-08-02 11:27:16,5,7,7484,25259
2023-08-02 11:27:17,5,8,7484,25359
2023-08-02 11:27:24,5,9,7484,25359
2023-08-02 11:27:28,5,8,7484,25359
2023-08-02 11:27:29,5,9,7484,25359
2023-08-02 11:27:32,6,9,7484,25359
2023-08-02 11:27:44,6,8,7484,25359
2023-08-02 11:27:49,6,9,7484,25359
2023-08-02 11:27:51,6,8,7484,25359
2023-08-02 11:27:56,6,9,7484,25359
2023-08-02 11:27:59,6,8,7484,25359
2023-08-02 11:28:06,5,8,7484,25359
2023-08-02 11:28:50,5,7,7484,25359
2023-08-02 11:29:16,4,7,7484,25359
2023-08-02 11:29:39,5,7,7484,25359
2023-08-02 11:29:44,4,7,7484,25359
2023-08-02 11:29:45,5,7,7484,25359
2023-08-02 11:29:48,4,7,7484,25359
2023-08-02 11:29:50,5,7,7484,25359
2023-08-02 11:30:41,4,7,7484,25359
2023-08-02 11:30:48,5,7,7484,25359
2023-08-02 11:30:50,4,7,7484,25359
2023-08-02 11:30:53,5,7,7484,25359
2023-08-02 11:31:02,5,8,7484,25359
2023-08-02 11:31:12,5,7,7484,25359
2023-08-02 11:31:13,5,8,7484,25359
2023-08-02 11:31:15,5,7,7484,25359
2023-08-02 11:31:19,5,8,7484,25359
2023-08-02 11:31:20,5,7,7484,25359
2023-08-02 11:31:49,4,7,7484,25359
2023-08-02 11:32:05,5,7,7484,25359
2023-08-02 11:32:17,4,7,7484,25359
2023-08-02 11:33:17,5,7,7484,25359
2023-08-02 11:33:27,4,7,7484,25359
2023-08-02 11:34:19,5,7,7484,25359
2023-08-02 11:34:35,5,8,7484,25359
2023-08-02 11:34:38,5,7,7484,25359
2023-08-02 11:34:46,5,8,7484,25359
2023-08-02 11:35:04,5,9,7484,25359
2023-08-02 11:35:04,6,9,7484,25359
2023-08-02 11:35:12,6,8,7484,25359
2023-08-02 11:35:26,6,9,7484,25359
2023-08-02 11:36:01,6,8,7484,25359
2023-08-02 11:36:02,6,9,7484,25359
2023-08-02 11:36:20,7,9,7484,25359
2023-08-02 11:36:44,7,10,7484,25359
2023-08-02 11:36:44,8,10,7484,25359
2023-08-02 11:37:06,8,9,7484,25359
2023-08-02 11:37:06,7,9,7484,25359
2023-08-02 11:37:10,7,10,7484,25359
2023-08-02 11:37:22,7,9,7484,25359
2023-08-02 11:37:23,7,10,7484,25359
2023-08-02 11:37:35,7,9,7484,25359
2023-08-02 11:37:54,7,10,7484,25359
2023-08-02 11:38:00,7,9,7484,25359
2023-08-02 11:38:10,7,10,7484,25359
2023-08-02 11:38:12,7,9,7484,25359
2023-08-02 11:38:13,7,10,7484,25359
2023-08-02 11:38:28,7,9,7484,25359
2023-08-02 11:38:39,7,10,7484,25359
2023-08-02 11:38:40,7,9,7484,25359
2023-08-02 11:38:44,7,10,7484,25359
2023-08-02 11:38:51,7,9,7484,25359
2023-08-02 11:39:17,7,8,7484,25359
2023-08-02 11:39:21,6,8,7484,25359
2023-08-02 11:41:00,6,7,7484,25359
2023-08-02 11:41:01,5,7,7484,25359
2023-08-02 11:41:04,5,7,7859,25759
2023-08-02 11:41:11,4,7,7859,25759
2023-08-02 11:41:11,4,6,7859,25759
2023-08-02 11:41:12,5,6,7859,25759
2023-08-02 11:41:13,4,6,7859,25759
2023-08-02 11:41:15,5,6,7859,25759
2023-08-02 11:41:18,4,6,7859,25759
2023-08-02 11:41:23,5,6,7859,25759
2023-08-02 11:41:29,4,6,7859,25759
2023-08-02 11:42:07,4,5,7859,25759
2023-08-02 11:43:31,4,6,7559,26059
2023-08-02 11:45:36,5,6,7559,26059
2023-08-02 11:45:37,4,6,7559,26059
2023-08-02 11:45:49,5,6,7559,26059
2023-08-02 11:46:05,4,6,7559,26059
2023-08-02 11:46:48,5,6,7559,26059
2023-08-02 11:46:50,4,6,7559,26059
2023-08-02 11:48:15,3,6,7559,26059
2023-08-02 11:48:15,3,5,7559,26059
2023-08-02 11:50:23,3,4,7559,26059
2023-08-02 11:50:35,2,4,7959,26459
2023-08-02 11:51:17,2,4,8209,26709
2023-08-02 11:51:18,2,4,8459,26959
2023-08-02 11:51:34,2,4,8709,27209
2023-08-02 11:51:37,2,4,8959,27459
2023-08-02 11:52:00,2,5,8959,27459
2023-08-02 11:52:06,2,4,8959,27459
2023-08-02 11:52:11,2,5,8959,27459
2023-08-02 11:52:34,2,4,8959,27459
2023-08-02 11:52:36,2,5,8959,27459
2023-08-02 11:52:37,2,4,8959,27459
2023-08-02 11:52:43,2,5,8959,27459
2023-08-02 11:52:48,2,4,8959,27459
2023-08-02 11:56:37,2,3,8959,27459
2023-08-02 11:56:44,2,4,8959,27459
2023-08-02 11:56:54,2,3,8959,27459
2023-08-02 12:00:18,1,3,8959,27459
2023-08-02 12:01:14,1,2,8959,27459
2023-08-02 12:15:32,1,3,8959,27659
2023-08-02 12:18:06,1,2,8959,27659
2023-08-02 12:18:12,1,3,8959,27659
2023-08-02 12:18:14,1,2,8959,27659
2023-08-02 12:18:15,1,3,8959,27659
2023-08-02 12:18:16,1,2,8959,27659
2023-08-02 12:18:25,1,3,8959,27659
2023-08-02 12:21:39,1,3,9019,27719
2023-08-02 12:22:06,1,3,9083,27783
2023-08-02 12:22:26,1,2,9083,27783
2023-08-02 12:25:11,1,2,9143,27843
2023-08-02 12:27:35,1,2,9200,27900
2023-08-02 12:33:19,1,3,9200,27900
2023-08-02 12:33:30,1,2,9200,27900
2023-08-02 12:33:35,1,3,9200,27900
2023-08-02 12:33:36,1,2,9200,27900
2023-08-02 12:33:37,1,3,9200,27900
2023-08-02 12:37:07,2,3,9200,27900
2023-08-02 12:37:10,2,3,9450,28150
2023-08-02 12:37:15,2,3,9700,28400
2023-08-02 12:37:19,2,3,9950,28650
2023-08-02 12:37:44,2,3,9950,29050
2023-08-02 12:37:45,2,3,9950,29450
2023-08-02 12:38:03,2,4,9950,29450
2023-08-02 12:38:09,1,4,9950,29450
2023-08-02 12:40:50,1,3,9950,29450
2023-08-02 12:45:18,2,3,9950,29450
2023-08-02 12:45:20,1,3,9950,29450
2023-08-02 12:45:24,2,3,9950,29450
2023-08-02 12:45:46,1,3,9950,29450
2023-08-02 12:46:13,1,3,11273,30773
2023-08-02 12:46:35,2,3,11273,30773
2023-08-02 12:52:02,2,3,11273,30973
2023-08-02 12:53:45,2,3,11273,31173
2023-08-02 13:00:55,2,3,11274,31174
2023-08-02 13:01:45,2,3,11275,31175
2023-08-02 13:05:22,2,3,12275,32175
2023-08-02 13:10:32,2,3,12276,32176
2023-08-02 13:11:36,2,3,12277,32177
2023-08-02 13:13:02,2,3,12278,32178
2023-08-02 13:13:06,2,3,12279,32179
2023-08-02 13:13:10,2,3,12280,32180
2023-08-02 13:13:20,2,3,12281,32181
2023-08-02 13:13:24,2,3,12282,32182
2023-08-02 13:13:28,2,3,12283,32183
2023-08-02 13:13:32,2,3,12284,32184
2023-08-02 13:13:41,2,3,12285,32185
2023-08-02 13:13:45,2,3,12286,32186
2023-08-02 13:13:48,2,3,12287,32187
2023-08-02 13:19:59,2,3,12320,32220
2023-08-02 13:21:31,2,3,12320,32420
2023-08-02 13:24:47,2,3,12320,32620
2023-08-02 13:30:01,1,3,12320,32620
2023-08-02 13:32:41,2,3,12320,32620
2023-08-02 13:32:42,1,3,12320,32620
2023-08-02 13:32:43,2,3,12320,32620
2023-08-02 13:32:45,1,3,12320,32620
2023-08-02 13:32:48,2,3,12320,32620
2023-08-02 13:33:21,2,5,14950,35250
2023-08-02 13:33:22,2,4,14950,35250
2023-08-02 13:33:23,2,3,14950,35250
2023-08-02 13:33:26,2,4,14950,35250
2023-08-02 13:33:33,2,3,14950,35250
2023-08-02 13:33:34,2,4,14950,35250
2023-08-02 13:33:55,1,4,14950,35250
2023-08-02 13:33:58,2,4,14950,35250
2023-08-02 13:34:20,1,4,14950,35250
2023-08-02 13:34:22,2,4,14950,35250
2023-08-02 13:35:23,2,3,14950,35250
2023-08-02 13:35:46,2,4,14950,35250
2023-08-02 13:35:52,2,3,14950,35250
2023-08-02 13:35:58,2,4,14950,35250
2023-08-02 13:36:40,2,3,14950,35250
2023-08-02 13:36:51,2,4,14950,35250
2023-08-02 13:37:08,1,4,14950,35250
2023-08-02 13:37:09,2,4,14950,35250
2023-08-02 13:37:10,1,4,14950,35250
2023-08-02 13:37:10,1,3,14950,35250
2023-08-02 13:38:15,2,3,14950,35250
2023-08-02 13:38:29,1,3,14950,35250
2023-08-02 13:38:30,2,3,14950,35250
2023-08-02 13:38:32,1,3,14950,35250
2023-08-02 13:38:36,2,3,14950,35250
2023-08-02 13:38:37,1,3,14950,35250
2023-08-02 13:38:46,1,4,14950,35250
2023-08-02 13:38:58,1,3,14950,35250
2023-08-02 13:39:04,2,3,14950,35250
2023-08-02 13:39:06,1,3,14950,35250
2023-08-02 13:39:08,1,4,14950,35250
2023-08-02 13:39:08,2,4,14950,35250
2023-08-02 13:39:10,1,4,14950,35250
2023-08-02 13:39:13,1,3,14950,35250
2023-08-02 13:41:45,1,4,14950,35250
2023-08-02 13:41:47,1,3,14950,35250
2023-08-02 13:48:26,1,2,14950,35250
2023-08-02 13:55:24,1,2,14950,35450
2023-08-02 14:05:34,1,2,15010,35510
2023-08-02 14:10:41,1,2,15010,35534
2023-08-02 14:11:24,1,2,15010,35734
2023-08-02 14:11:29,1,2,15121,35845
2023-08-02 14:18:19,1,2,15194,35918
2023-08-02 14:19:40,1,2,15196,35920
2023-08-02 14:23:10,1,2,15250,36138
2023-08-02 14:27:26,1,2,15250,36193
2023-08-02 14:27:38,1,2,15250,36248
2023-08-02 14:33:43,1,2,15250,36308
2023-08-02 14:35:33,1,2,15250,36363
2023-08-02 14:35:59,1,2,15250,36414
2023-08-02 14:36:11,1,2,15197,36614
2023-08-02 14:36:14,1,2,15197,36674
2023-08-02 14:38:08,1,2,15197,36677
2023-08-02 14:38:46,1,2,15197,36732
2023-08-02 14:39:36,1,2,15197,36787
2023-08-02 14:41:28,1,2,15197,36842
2023-08-02 14:41:58,1,2,15197,36942
2023-08-02 14:44:45,1,2,15197,36950
2023-08-02 14:45:01,1,2,15197,37005
2023-08-02 14:46:00,1,2,15197,37007
2023-08-02 14:49:43,1,2,15197,37107
2023-08-02 14:49:43,1,2,15197,37172
2023-08-02 14:51:50,1,2,15197,37175
2023-08-02 14:51:52,1,2,15197,37179
2023-08-02 14:54:34,1,2,15197,37239
2023-08-02 14:54:39,1,2,15197,37280
2023-08-02 14:55:34,1,2,15197,37284
2023-08-02 14:56:16,1,2,15197,37287
2023-08-02 15:07:06,1,2,15197,37347
2023-08-02 15:09:21,1,2,15197,37392
2023-08-02 15:10:49,1,2,15197,37452
2023-08-02 15:10:51,0,2,15197,37474
2023-08-02 15:10:56,0,1,15197,37474
