datetime,bid,ask,open_interest,volume
2023-09-28 09:30:01,17,26,188,188
2023-09-28 09:30:01,0,26,188,188
2023-09-28 09:30:01,0,28,188,188
2023-09-28 09:30:01,0,46,188,188
2023-09-28 09:30:28,6,46,188,188
2023-09-28 09:30:39,0,46,188,188
2023-09-28 09:30:39,5,46,188,188
2023-09-28 09:31:00,5,25,188,188
2023-09-28 09:31:00,21,25,188,188
2023-09-28 09:31:00,21,24,188,188
2023-09-28 09:31:05,21,23,188,188
2023-09-28 09:31:07,21,24,188,188
2023-09-28 09:31:09,21,25,188,188
2023-09-28 09:31:12,21,25,188,188
2023-09-28 09:31:12,21,24,188,188
2023-09-28 09:31:14,21,25,188,188
2023-09-28 09:31:21,21,24,188,188
2023-09-28 09:31:24,21,25,188,188
2023-09-28 09:31:27,23,25,188,188
2023-09-28 09:32:34,23,26,188,188
2023-09-28 09:32:37,24,26,188,188
2023-09-28 09:32:55,23,26,188,188
2023-09-28 09:32:56,23,25,188,188
2023-09-28 09:32:59,23,26,188,188
2023-09-28 09:33:00,23,25,188,188
2023-09-28 09:33:22,23,26,188,188
2023-09-28 09:33:27,24,26,188,188
2023-09-28 09:33:32,23,26,188,188
2023-09-28 09:33:37,24,26,188,188
2023-09-28 09:34:05,24,26,188,221
2023-09-28 09:34:08,24,26,457,554
2023-09-28 09:34:09,25,26,457,554
2023-09-28 09:34:29,25,27,457,554
2023-09-28 09:34:40,26,27,457,554
2023-09-28 09:34:44,26,28,457,554
2023-09-28 09:36:54,26,27,457,554
2023-09-28 09:37:04,25,27,457,554
2023-09-28 09:37:11,25,27,457,555
2023-09-28 09:37:14,24,27,457,555
2023-09-28 09:37:15,25,27,457,555
2023-09-28 09:37:18,24,27,457,555
2023-09-28 09:37:47,24,26,457,555
2023-09-28 09:38:53,24,27,457,555
2023-09-28 09:38:53,25,27,457,555
2023-09-28 09:39:01,25,27,456,615
2023-09-28 09:39:26,24,27,456,615
2023-09-28 09:39:28,25,27,456,615
2023-09-28 09:39:49,24,27,456,615
2023-09-28 09:39:50,25,27,456,615
2023-09-28 09:39:51,24,27,456,615
2023-09-28 09:39:56,25,27,456,615
2023-09-28 09:40:32,24,27,456,615
2023-09-28 09:40:33,25,27,456,615
2023-09-28 09:40:34,24,27,456,615
2023-09-28 09:40:44,25,27,456,615
2023-09-28 09:40:52,24,27,456,615
2023-09-28 09:41:12,25,27,456,615
2023-09-28 09:41:12,24,27,476,635
2023-09-28 09:41:16,24,26,476,635
2023-09-28 09:42:26,25,26,476,635
2023-09-28 09:42:27,25,27,476,635
2023-09-28 09:43:00,25,28,476,635
2023-09-28 09:43:00,26,28,476,635
2023-09-28 09:43:08,25,28,476,635
2023-09-28 09:43:14,25,27,476,635
2023-09-28 09:43:43,24,27,476,635
2023-09-28 09:43:54,24,26,476,635
2023-09-28 09:43:58,24,25,476,635
2023-09-28 09:44:23,23,25,476,635
2023-09-28 09:44:45,23,24,476,635
2023-09-28 09:44:57,23,25,476,635
2023-09-28 09:45:04,23,24,476,635
2023-09-28 09:45:10,23,25,476,635
2023-09-28 09:45:55,24,25,476,635
2023-09-28 09:45:57,24,26,476,635
2023-09-28 09:46:03,24,26,505,664
2023-09-28 09:46:22,24,26,529,688
2023-09-28 09:46:24,24,26,541,700
2023-09-28 09:47:03,24,26,550,709
2023-09-28 09:47:19,24,26,555,714
2023-09-28 09:47:27,24,27,555,714
2023-09-28 09:47:28,25,27,555,714
2023-09-28 09:48:08,24,27,555,714
2023-09-28 09:48:10,24,26,555,714
2023-09-28 09:48:54,23,26,555,714
2023-09-28 09:50:12,24,26,555,714
2023-09-28 09:51:04,24,27,555,714
2023-09-28 09:51:05,25,27,555,714
2023-09-28 09:53:11,25,27,888,1047
2023-09-28 09:53:12,26,27,888,1047
2023-09-28 09:53:13,26,28,888,1047
2023-09-28 09:53:40,27,28,888,1047
2023-09-28 09:54:12,27,29,888,1047
2023-09-28 09:54:36,28,29,888,1047
2023-09-28 09:59:35,28,30,888,1047
2023-09-28 10:00:32,29,30,888,1047
2023-09-28 10:00:32,29,30,888,1167
2023-09-28 10:00:33,28,30,888,1167
2023-09-28 10:00:37,29,30,888,1167
2023-09-28 10:00:38,29,30,940,1219
2023-09-28 10:01:24,29,30,973,1252
2023-09-28 10:01:24,29,31,1305,1584
2023-09-28 10:04:59,30,31,1305,1584
2023-09-28 10:05:53,30,31,1305,1610
2023-09-28 10:06:49,29,31,1305,1610
2023-09-28 10:07:51,30,31,1305,1610
2023-09-28 10:08:38,30,31,1309,1614
2023-09-28 10:08:51,30,31,1326,1631
2023-09-28 10:09:15,30,31,1339,1644
2023-09-28 10:09:52,30,31,1347,1652
2023-09-28 10:09:57,30,31,1359,1664
2023-09-28 10:10:49,30,31,1363,1668
2023-09-28 10:12:30,30,32,1363,1668
2023-09-28 10:12:32,31,32,1363,1668
2023-09-28 10:12:33,30,32,1363,1668
2023-09-28 10:12:40,31,32,1363,1668
2023-09-28 10:12:42,30,32,1363,1668
2023-09-28 10:12:44,31,32,1363,1668
2023-09-28 10:12:49,30,32,1363,1668
2023-09-28 10:12:50,31,32,1363,1668
2023-09-28 10:12:52,30,32,1363,1668
2023-09-28 10:12:53,31,32,1363,1668
2023-09-28 10:13:03,31,32,1374,1679
2023-09-28 10:13:04,30,32,1374,1679
2023-09-28 10:13:11,31,32,1374,1679
2023-09-28 10:13:12,30,32,1374,1679
2023-09-28 10:13:14,31,32,1374,1679
2023-09-28 10:13:18,30,32,1374,1679
2023-09-28 10:13:19,31,32,1374,1679
2023-09-28 10:13:20,30,32,1374,1679
2023-09-28 10:13:23,31,32,1374,1679
2023-09-28 10:13:24,30,32,1374,1679
2023-09-28 10:13:25,31,32,1374,1679
2023-09-28 10:13:30,30,32,1374,1679
2023-09-28 10:13:36,31,32,1374,1679
2023-09-28 10:13:39,30,32,1374,1679
2023-09-28 10:13:40,31,32,1374,1679
2023-09-28 10:13:53,30,32,1374,1679
2023-09-28 10:13:54,31,32,1374,1679
2023-09-28 10:13:59,30,32,1374,1679
2023-09-28 10:14:02,31,32,1374,1679
2023-09-28 10:14:03,30,32,1374,1679
2023-09-28 10:14:06,31,32,1374,1679
2023-09-28 10:14:07,30,32,1374,1679
2023-09-28 10:14:11,31,32,1374,1679
2023-09-28 10:14:18,30,32,1374,1679
2023-09-28 10:14:21,31,32,1374,1679
2023-09-28 10:14:24,30,32,1374,1679
2023-09-28 10:14:45,31,32,1374,1679
2023-09-28 10:14:48,30,32,1374,1679
2023-09-28 10:14:59,31,32,1374,1679
2023-09-28 10:15:00,30,32,1374,1679
2023-09-28 10:15:01,31,32,1374,1679
2023-09-28 10:15:08,30,32,1374,1679
2023-09-28 10:15:21,31,32,1374,1679
2023-09-28 10:15:26,30,32,1374,1679
2023-09-28 10:15:29,31,32,1374,1679
2023-09-28 10:16:21,30,32,1374,1679
2023-09-28 10:16:22,31,32,1374,1679
2023-09-28 10:16:24,30,32,1374,1679
2023-09-28 10:16:25,31,32,1374,1679
2023-09-28 10:16:29,30,32,1374,1679
2023-09-28 10:16:36,31,32,1374,1679
2023-09-28 10:16:42,30,32,1374,1679
2023-09-28 10:16:43,31,32,1374,1679
2023-09-28 10:16:44,30,32,1374,1679
2023-09-28 10:16:46,31,32,1374,1679
2023-09-28 10:17:05,30,32,1374,1679
2023-09-28 10:17:07,31,32,1374,1679
2023-09-28 10:17:08,30,32,1374,1679
2023-09-28 10:17:13,30,31,1374,1679
2023-09-28 10:17:15,30,32,1374,1679
2023-09-28 10:17:16,30,31,1374,1679
2023-09-28 10:17:17,30,32,1374,1679
2023-09-28 10:17:21,30,31,1374,1679
2023-09-28 10:17:37,30,32,1374,1679
2023-09-28 10:17:38,30,31,1374,1679
2023-09-28 10:17:42,29,31,1374,1679
2023-09-28 10:18:14,29,31,1374,1739
2023-09-28 10:18:19,29,31,1374,1772
2023-09-28 10:18:22,29,31,1333,1813
2023-09-28 10:18:49,30,31,1333,1813
2023-09-28 10:18:52,29,31,1333,1813
2023-09-28 10:19:00,30,31,1333,1813
2023-09-28 10:19:00,30,31,1333,1836
2023-09-28 10:19:03,30,32,1333,1836
2023-09-28 10:19:30,30,31,1333,1836
2023-09-28 10:19:31,30,32,1333,1836
2023-09-28 10:20:18,31,32,1333,1836
2023-09-28 10:21:39,31,32,1851,2354
2023-09-28 10:25:50,31,32,1851,2414
2023-09-28 10:25:59,30,32,1851,2414
2023-09-28 10:25:59,30,31,1851,2414
2023-09-28 10:26:29,30,31,1851,2594
2023-09-28 10:27:14,29,31,1851,2594
2023-09-28 10:27:16,30,31,1851,2594
2023-09-28 10:27:16,30,31,1840,2776
2023-09-28 10:27:17,29,31,1840,2776
2023-09-28 10:27:25,29,31,1902,2838
2023-09-28 10:27:39,30,31,1902,2838
2023-09-28 10:27:43,29,31,1902,2838
2023-09-28 10:27:43,29,30,1902,2838
2023-09-28 10:27:44,29,31,1902,2838
2023-09-28 10:27:53,29,30,1902,2838
2023-09-28 10:28:00,29,31,1902,2838
2023-09-28 10:28:03,29,30,1902,2838
2023-09-28 10:28:05,29,31,1902,2838
2023-09-28 10:28:08,30,31,1902,2838
2023-09-28 10:28:10,29,31,1902,2838
2023-09-28 10:28:11,30,31,1902,2838
2023-09-28 10:28:17,30,32,1902,2838
2023-09-28 10:28:18,30,31,1902,2838
2023-09-28 10:28:29,30,32,1902,2838
2023-09-28 10:28:38,30,31,1902,2838
2023-09-28 10:28:39,30,32,1902,2838
2023-09-28 10:28:58,31,32,1902,2838
2023-09-28 10:29:41,30,32,1902,2838
2023-09-28 10:29:49,30,31,1902,2838
2023-09-28 10:30:12,29,31,1902,2838
2023-09-28 10:30:23,29,30,1902,2838
2023-09-28 10:30:24,29,30,1902,3038
2023-09-28 10:30:57,29,30,1902,3098
2023-09-28 10:31:02,28,30,1902,3188
2023-09-28 10:31:06,28,29,1902,3188
2023-09-28 10:31:39,28,29,1875,3215
2023-09-28 10:31:47,27,29,1875,3215
2023-09-28 10:31:58,27,28,1875,3215
2023-09-28 10:32:55,27,28,1850,3240
2023-09-28 10:34:11,27,29,1850,3240
2023-09-28 10:34:30,28,29,1850,3240
2023-09-28 10:35:10,28,30,1850,3240
2023-09-28 10:35:11,29,30,1850,3240
2023-09-28 10:35:28,29,31,1850,3240
2023-09-28 10:35:29,29,30,1850,3240
2023-09-28 10:37:21,29,31,1850,3240
2023-09-28 10:37:23,30,31,1850,3240
2023-09-28 10:37:48,29,31,1850,3240
2023-09-28 10:37:49,29,30,1850,3240
2023-09-28 10:37:53,29,30,1925,3315
2023-09-28 10:37:57,29,31,1925,3315
2023-09-28 10:37:58,29,30,1925,3315
2023-09-28 10:38:02,29,31,1925,3315
2023-09-28 10:38:08,30,31,1925,3315
2023-09-28 10:39:21,30,32,1925,3315
2023-09-28 10:39:34,30,31,1925,3315
2023-09-28 10:39:35,30,32,1925,3315
2023-09-28 10:39:38,30,31,1925,3315
2023-09-28 10:39:39,30,32,1925,3315
2023-09-28 10:39:53,31,32,1925,3315
2023-09-28 10:41:04,30,32,1925,3315
2023-09-28 10:41:05,30,31,1925,3315
2023-09-28 10:41:06,30,32,1925,3315
2023-09-28 10:41:07,30,31,1925,3315
2023-09-28 10:41:43,30,32,1925,3315
2023-09-28 10:41:49,30,31,1925,3315
2023-09-28 10:41:50,30,32,1925,3315
2023-09-28 10:42:59,30,32,2258,3648
2023-09-28 10:43:00,31,32,2258,3648
2023-09-28 10:43:00,31,33,2258,3648
2023-09-28 10:43:03,31,32,2258,3648
2023-09-28 10:43:11,31,33,2258,3648
2023-09-28 10:43:13,31,32,2258,3648
2023-09-28 10:43:25,31,33,2258,3648
2023-09-28 10:43:30,32,33,2258,3648
2023-09-28 10:44:15,32,34,2258,3648
2023-09-28 10:44:28,32,33,2258,3648
2023-09-28 10:44:30,32,34,2258,3648
2023-09-28 10:44:45,33,34,2258,3648
2023-09-28 10:47:34,33,34,2258,3848
2023-09-28 10:50:47,33,34,2258,4048
2023-09-28 10:50:47,33,35,2258,4048
2023-09-28 10:50:49,33,34,2258,4048
2023-09-28 10:50:50,33,35,2258,4048
2023-09-28 10:51:35,34,35,2258,4048
2023-09-28 10:56:11,34,36,2258,4048
2023-09-28 10:56:41,34,35,2258,4048
2023-09-28 10:56:42,34,36,2258,4048
2023-09-28 10:56:47,34,35,2258,4048
2023-09-28 10:56:57,34,36,2258,4048
2023-09-28 10:57:20,34,35,2258,4048
2023-09-28 10:57:27,34,36,2258,4048
2023-09-28 10:57:36,34,35,2258,4048
2023-09-28 10:57:43,34,36,2258,4048
2023-09-28 10:57:53,35,36,2258,4048
2023-09-28 10:57:57,34,36,2258,4048
2023-09-28 10:58:11,34,35,2258,4048
2023-09-28 10:58:12,34,35,2266,4056
2023-09-28 10:58:13,34,36,2266,4056
2023-09-28 10:58:53,34,35,2266,4056
2023-09-28 10:58:54,34,36,2266,4056
2023-09-28 10:58:57,34,35,2266,4056
2023-09-28 10:59:00,34,36,2266,4056
2023-09-28 10:59:03,34,35,2266,4056
2023-09-28 10:59:09,34,36,2266,4056
2023-09-28 10:59:10,34,35,2266,4056
2023-09-28 10:59:11,34,36,2266,4056
2023-09-28 10:59:12,34,35,2266,4056
2023-09-28 10:59:13,34,36,2266,4056
2023-09-28 10:59:20,34,35,2266,4056
2023-09-28 10:59:21,34,36,2266,4056
2023-09-28 10:59:55,34,35,2266,4056
2023-09-28 10:59:59,34,36,2266,4056
2023-09-28 11:00:04,34,35,2266,4056
2023-09-28 11:00:05,34,36,2266,4056
2023-09-28 11:00:06,34,35,2266,4056
2023-09-28 11:00:07,34,36,2266,4056
2023-09-28 11:00:22,34,35,2266,4056
2023-09-28 11:00:30,34,36,2266,4056
2023-09-28 11:00:31,34,35,2266,4056
2023-09-28 11:00:32,34,36,2266,4056
2023-09-28 11:00:36,34,35,2266,4056
2023-09-28 11:00:43,34,36,2266,4056
2023-09-28 11:00:44,34,35,2266,4056
2023-09-28 11:00:55,34,36,2266,4056
2023-09-28 11:00:58,34,35,2266,4056
2023-09-28 11:00:59,34,35,2275,4065
2023-09-28 11:01:00,34,36,2275,4065
2023-09-28 11:01:20,34,35,2275,4065
2023-09-28 11:01:21,34,36,2275,4065
2023-09-28 11:01:25,34,35,2275,4065
2023-09-28 11:01:26,34,36,2275,4065
2023-09-28 11:01:30,34,35,2275,4065
2023-09-28 11:01:31,34,36,2275,4065
2023-09-28 11:01:36,34,35,2275,4065
2023-09-28 11:01:37,34,36,2275,4065
2023-09-28 11:01:39,34,35,2275,4065
2023-09-28 11:01:40,34,36,2275,4065
2023-09-28 11:01:58,34,35,2275,4065
2023-09-28 11:02:00,34,36,2275,4065
2023-09-28 11:02:47,34,35,2275,4065
2023-09-28 11:02:52,34,36,2275,4065
2023-09-28 11:03:01,34,35,2275,4065
2023-09-28 11:03:02,34,36,2275,4065
2023-09-28 11:03:07,34,36,2294,4084
2023-09-28 11:03:07,35,36,2294,4084
2023-09-28 11:03:51,35,36,2299,4089
2023-09-28 11:04:45,35,36,2302,4092
2023-09-28 11:07:01,35,36,2302,4272
2023-09-28 11:08:55,35,36,2281,4293
2023-09-28 11:12:38,35,37,2281,4293
2023-09-28 11:12:47,35,36,2281,4293
2023-09-28 11:12:48,35,37,2281,4293
2023-09-28 11:12:57,35,36,2281,4293
2023-09-28 11:13:12,35,37,2281,4293
2023-09-28 11:13:13,35,36,2281,4293
2023-09-28 11:13:15,35,37,2281,4293
2023-09-28 11:13:17,35,36,2281,4293
2023-09-28 11:13:20,35,37,2281,4293
2023-09-28 11:13:24,35,36,2281,4293
2023-09-28 11:13:25,35,37,2281,4293
2023-09-28 11:13:26,35,36,2281,4293
2023-09-28 11:13:27,35,37,2281,4293
2023-09-28 11:13:31,35,36,2281,4293
2023-09-28 11:13:31,35,36,2283,4295
2023-09-28 11:13:33,35,37,2283,4295
2023-09-28 11:13:33,36,37,2283,4295
2023-09-28 11:13:34,35,37,2283,4295
2023-09-28 11:13:36,35,36,2283,4295
2023-09-28 11:13:40,35,37,2283,4295
2023-09-28 11:14:13,36,37,2283,4295
2023-09-28 11:16:31,36,37,2276,4302
2023-09-28 11:16:44,36,37,2275,4303
2023-09-28 11:24:51,35,36,2275,4304
2023-09-28 11:24:53,35,36,2202,4377
2023-09-28 11:25:59,35,36,2172,4407
2023-09-28 11:26:26,35,36,2172,4482
2023-09-28 11:27:02,35,37,2172,4482
2023-09-28 11:27:03,35,36,2172,4482
2023-09-28 11:27:43,35,36,2159,4495
2023-09-28 11:28:38,35,36,2084,4570
2023-09-28 11:28:41,35,36,2067,4587
2023-09-28 11:29:56,35,36,2060,4594
2023-09-28 11:30:18,34,36,2060,4594
2023-09-28 11:30:32,33,36,2060,4594
2023-09-28 11:30:36,33,35,2060,4594
2023-09-28 11:30:43,34,35,2060,4594
2023-09-28 11:30:52,34,35,2045,4609
2023-09-28 11:31:19,34,35,2042,4612
2023-09-28 11:31:27,34,35,2039,4615
2023-09-28 11:31:32,33,35,2039,4615
2023-09-28 11:31:33,33,34,2039,4615
2023-09-28 11:31:36,33,34,2035,4647
2023-09-28 11:32:02,33,34,2035,5047
2023-09-28 11:32:25,32,33,2035,5207
2023-09-28 11:32:44,32,33,2035,5217
2023-09-28 11:34:07,32,33,2035,5219
2023-09-28 11:34:10,31,33,2035,5407
2023-09-28 11:34:44,32,33,2035,5407
2023-09-28 11:34:44,31,33,2035,5407
2023-09-28 11:34:54,32,33,2035,5407
2023-09-28 11:35:04,31,33,2035,5407
2023-09-28 11:35:10,32,33,2035,5407
2023-09-28 11:35:29,31,33,2035,5407
2023-09-28 11:35:44,31,32,2035,5407
2023-09-28 11:37:35,31,33,2042,5414
2023-09-28 11:37:36,32,33,2042,5414
2023-09-28 11:38:13,31,33,2042,5414
2023-09-28 11:38:16,32,33,2042,5414
2023-09-28 11:38:37,31,33,2042,5414
2023-09-28 11:39:05,31,32,2042,5414
2023-09-28 11:39:57,31,32,2068,5542
2023-09-28 11:39:57,31,33,2068,5542
2023-09-28 11:39:58,32,33,2068,5542
2023-09-28 11:40:25,31,33,2068,5542
2023-09-28 11:40:25,31,32,2068,5542
2023-09-28 11:40:27,31,33,2261,5735
2023-09-28 11:40:31,31,32,2261,5735
2023-09-28 11:40:50,30,32,2461,5935
2023-09-28 11:41:11,30,31,2461,5935
2023-09-28 11:41:34,30,31,2488,5962
2023-09-28 11:42:20,29,31,2861,6335
2023-09-28 11:42:21,29,30,2861,6335
2023-09-28 11:42:26,29,31,3052,6526
2023-09-28 11:42:34,30,31,3052,6526
2023-09-28 11:42:35,29,31,3052,6526
2023-09-28 11:42:38,29,30,3052,6526
2023-09-28 11:42:39,29,31,3052,6526
2023-09-28 11:42:52,29,30,3052,6526
2023-09-28 11:42:58,29,30,3056,6530
2023-09-28 11:43:01,29,30,3204,6678
2023-09-28 11:43:37,28,30,3356,6830
2023-09-28 11:43:39,28,29,3356,6830
2023-09-28 11:43:44,27,29,3356,6830
2023-09-28 11:43:44,27,28,3356,6830
2023-09-28 11:44:58,27,28,3359,6833
2023-09-28 11:45:45,27,28,3609,7083
2023-09-28 11:45:54,27,29,3641,7115
2023-09-28 11:45:54,27,28,3641,7115
2023-09-28 11:45:56,27,29,3859,7333
2023-09-28 11:46:03,27,29,3863,7337
2023-09-28 11:46:13,27,28,3863,7337
2023-09-28 11:46:21,26,28,3863,7337
2023-09-28 11:46:38,26,29,3863,7337
2023-09-28 11:46:40,26,28,3863,7337
2023-09-28 11:46:45,26,29,3863,7337
2023-09-28 11:47:49,26,28,3863,7337
2023-09-28 11:47:55,26,29,3863,7337
2023-09-28 11:47:59,26,28,3863,7337
2023-09-28 11:48:01,26,29,3863,7337
2023-09-28 11:48:03,26,28,3863,7337
2023-09-28 11:48:04,26,29,3863,7337
2023-09-28 11:48:25,27,29,3863,7337
2023-09-28 11:48:27,27,30,3863,7337
2023-09-28 11:48:28,28,30,3863,7337
2023-09-28 11:48:51,27,30,3863,7337
2023-09-28 11:48:52,27,29,3863,7337
2023-09-28 11:49:23,26,29,3863,7337
2023-09-28 11:49:34,26,28,3863,7337
2023-09-28 11:50:37,26,27,3863,7337
2023-09-28 11:51:01,26,27,3871,7345
2023-09-28 11:51:02,25,27,3871,7345
2023-09-28 11:51:14,25,26,3871,7345
2023-09-28 11:51:28,25,27,3871,7345
2023-09-28 11:51:29,25,26,3871,7345
2023-09-28 11:51:30,25,27,3871,7345
2023-09-28 11:51:56,25,27,3872,7346
2023-09-28 11:52:40,25,26,3872,7346
2023-09-28 11:52:41,25,26,3839,7379
2023-09-28 11:52:43,25,26,3847,7387
2023-09-28 11:52:59,25,26,3852,7392
2023-09-28 11:53:02,24,26,3852,7392
2023-09-28 11:53:59,24,25,3852,7392
2023-09-28 11:54:23,23,25,3852,7392
2023-09-28 11:55:37,23,26,3852,7392
2023-09-28 11:55:40,24,26,3852,7392
2023-09-28 11:55:53,24,27,3852,7392
2023-09-28 11:55:56,25,27,3852,7392
2023-09-28 11:56:23,26,27,3852,7392
2023-09-28 11:56:45,26,28,3852,7392
2023-09-28 11:57:21,26,29,3852,7392
2023-09-28 11:57:25,26,28,3852,7392
2023-09-28 11:57:26,26,29,3852,7392
2023-09-28 11:57:27,26,28,3852,7392
2023-09-28 11:57:29,26,29,3852,7392
2023-09-28 11:57:34,26,28,3852,7392
2023-09-28 11:57:37,26,29,3852,7392
2023-09-28 11:57:57,27,29,3852,7392
2023-09-28 11:58:03,26,29,3852,7392
2023-09-28 11:58:16,26,28,3852,7392
2023-09-28 11:58:20,26,29,3852,7392
2023-09-28 11:58:21,26,28,3852,7392
2023-09-28 11:58:28,25,28,3852,7392
2023-09-28 11:58:29,25,27,3852,7392
2023-09-28 11:58:32,25,28,3852,7392
2023-09-28 11:58:33,25,27,3852,7392
2023-09-28 11:58:48,25,28,3852,7392
2023-09-28 11:58:56,25,27,3852,7392
2023-09-28 11:58:59,25,28,3852,7392
2023-09-28 11:59:06,25,27,3852,7392
2023-09-28 11:59:13,25,28,3852,7392
2023-09-28 11:59:15,25,27,3852,7392
2023-09-28 11:59:16,25,28,3852,7392
2023-09-28 11:59:17,25,27,3852,7392
2023-09-28 11:59:33,24,27,3852,7392
2023-09-28 12:00:22,24,26,3852,7392
2023-09-28 12:00:32,24,27,3852,7392
2023-09-28 12:00:39,25,27,3852,7392
2023-09-28 12:00:42,24,27,3852,7392
2023-09-28 12:00:47,24,26,3852,7392
2023-09-28 12:01:14,25,26,3852,7392
2023-09-28 12:01:15,25,26,3856,7396
2023-09-28 12:01:20,24,26,3856,7396
2023-09-28 12:01:34,25,26,3856,7396
2023-09-28 12:01:35,24,26,3856,7396
2023-09-28 12:01:35,24,27,3856,7396
2023-09-28 12:01:36,25,27,3856,7396
2023-09-28 12:01:38,24,27,3856,7396
2023-09-28 12:01:40,25,27,3856,7396
2023-09-28 12:01:41,24,27,3856,7396
2023-09-28 12:01:44,25,27,3856,7396
2023-09-28 12:01:45,24,27,3856,7396
2023-09-28 12:01:46,25,27,3856,7396
2023-09-28 12:02:02,25,28,3856,7396
2023-09-28 12:02:03,25,27,3856,7396
2023-09-28 12:02:12,25,28,3856,7396
2023-09-28 12:02:32,26,28,3856,7396
2023-09-28 12:02:40,26,28,3857,7397
2023-09-28 12:03:07,27,28,3857,7397
2023-09-28 12:03:42,27,29,3857,7397
2023-09-28 12:03:43,28,29,3857,7397
2023-09-28 12:03:43,28,29,3873,7413
2023-09-28 12:04:29,27,29,3873,7413
2023-09-28 12:04:30,27,28,3873,7413
2023-09-28 12:04:46,27,29,3873,7413
2023-09-28 12:04:59,27,28,3873,7413
2023-09-28 12:05:56,27,29,3873,7413
2023-09-28 12:06:12,28,29,3873,7413
2023-09-28 12:06:21,28,30,3873,7413
2023-09-28 12:06:27,29,30,3873,7413
2023-09-28 12:06:35,29,31,3873,7413
2023-09-28 12:06:46,29,30,3873,7413
2023-09-28 12:06:55,28,30,3873,7413
2023-09-28 12:07:33,28,29,3873,7413
2023-09-28 12:08:00,28,31,3873,7413
2023-09-28 12:08:00,28,30,3873,7413
2023-09-28 12:08:40,28,31,3873,7413
2023-09-28 12:08:40,28,29,3873,7413
2023-09-28 12:09:00,28,29,3882,7422
2023-09-28 12:09:38,28,31,3882,7422
2023-09-28 12:09:38,28,30,3882,7422
2023-09-28 12:09:46,28,29,3882,7422
2023-09-28 12:11:47,29,30,3885,7425
2023-09-28 12:11:48,30,31,3885,7426
2023-09-28 12:11:59,30,32,3885,7426
2023-09-28 12:12:38,30,31,3885,7426
2023-09-28 12:13:00,28,31,3885,7426
2023-09-28 12:13:04,29,31,3885,7426
2023-09-28 12:13:05,28,31,3885,7426
2023-09-28 12:13:14,29,31,3885,7426
2023-09-28 12:13:16,28,31,3885,7426
2023-09-28 12:13:17,29,31,3885,7426
2023-09-28 12:13:24,28,31,3885,7426
2023-09-28 12:13:46,28,30,3885,7426
2023-09-28 12:14:40,28,31,3885,7426
2023-09-28 12:14:58,28,30,3885,7426
2023-09-28 12:15:22,27,30,3885,7426
2023-09-28 12:15:35,27,31,3885,7426
2023-09-28 12:15:36,27,30,3885,7426
2023-09-28 12:15:52,27,29,3885,7426
2023-09-28 12:16:08,27,30,3885,7426
2023-09-28 12:16:09,27,29,3885,7426
2023-09-28 12:16:10,27,30,3885,7426
2023-09-28 12:16:11,27,29,3885,7426
2023-09-28 12:16:12,27,30,3885,7426
2023-09-28 12:16:22,27,29,3885,7426
2023-09-28 12:16:23,27,30,3885,7426
2023-09-28 12:16:25,27,29,3885,7426
2023-09-28 12:16:26,27,30,3885,7426
2023-09-28 12:16:35,27,29,3885,7426
2023-09-28 12:16:38,27,30,3885,7426
2023-09-28 12:16:47,29,30,3885,7426
2023-09-28 12:16:58,29,30,3890,7431
2023-09-28 12:17:10,27,29,3890,7526
2023-09-28 12:17:40,27,28,3890,7526
2023-09-28 12:17:53,26,28,3890,7526
2023-09-28 12:18:01,26,28,3891,7527
2023-09-28 12:18:18,26,28,3892,7528
2023-09-28 12:19:03,26,29,3892,7528
2023-09-28 12:19:07,26,29,3892,8046
2023-09-28 12:19:07,26,28,3892,8046
2023-09-28 12:19:09,25,28,3892,8046
2023-09-28 12:19:10,25,27,3892,8046
2023-09-28 12:19:17,24,25,4492,8646
2023-09-28 12:19:18,24,27,4692,8846
2023-09-28 12:19:18,25,27,4692,8846
2023-09-28 12:19:33,25,28,4692,8846
2023-09-28 12:19:35,25,27,4692,8846
2023-09-28 12:19:49,24,27,4692,8846
2023-09-28 12:19:50,24,26,4692,8846
2023-09-28 12:19:56,24,27,4692,8846
2023-09-28 12:19:56,24,25,4692,8846
2023-09-28 12:20:59,24,27,4692,8846
2023-09-28 12:20:59,24,26,4692,8846
2023-09-28 12:21:00,25,26,4692,8846
2023-09-28 12:21:01,25,28,4692,8846
2023-09-28 12:21:01,25,27,4692,8846
2023-09-28 12:21:35,25,26,4692,8846
2023-09-28 12:21:42,24,26,4692,8846
2023-09-28 12:22:07,24,25,4692,8846
2023-09-28 12:22:33,23,25,4692,8846
2023-09-28 12:22:33,23,24,4692,8846
2023-09-28 12:23:04,23,25,4692,8846
2023-09-28 12:23:06,24,25,4692,8846
2023-09-28 12:23:09,24,26,4692,8846
2023-09-28 12:23:49,24,27,4692,8846
2023-09-28 12:24:02,24,26,4692,8846
2023-09-28 12:25:21,24,25,4692,8846
2023-09-28 12:25:49,24,27,4692,8846
2023-09-28 12:25:49,24,26,4692,8846
2023-09-28 12:26:15,24,25,4692,8846
2023-09-28 12:26:30,23,25,4692,8846
2023-09-28 12:26:31,23,26,4692,8846
2023-09-28 12:26:31,23,24,4692,8846
2023-09-28 12:26:57,22,24,4692,8846
2023-09-28 12:26:57,22,23,4692,8846
2023-09-28 12:26:58,22,23,4632,8906
2023-09-28 12:27:08,21,23,4632,8906
2023-09-28 12:27:08,21,22,4632,8906
2023-09-28 12:27:52,20,22,4632,8906
2023-09-28 12:27:55,20,21,4632,8906
2023-09-28 12:28:03,19,21,4632,8906
2023-09-28 12:28:10,19,21,4633,8907
2023-09-28 12:28:10,19,21,4634,8908
2023-09-28 12:28:14,19,20,4634,8908
2023-09-28 12:28:24,18,20,4634,8908
2023-09-28 12:28:28,18,20,4635,8909
2023-09-28 12:28:35,18,19,4635,8909
2023-09-28 12:28:36,18,20,4635,8909
2023-09-28 12:28:37,18,19,4635,8909
2023-09-28 12:28:40,17,19,4635,8909
2023-09-28 12:28:45,17,18,4635,8909
2023-09-28 12:28:49,16,18,4635,8909
2023-09-28 12:29:01,16,19,4635,8909
2023-09-28 12:29:04,16,18,4635,8909
2023-09-28 12:30:04,15,18,5035,9309
2023-09-28 12:30:05,15,17,5035,9309
2023-09-28 12:30:11,13,17,5235,9559
2023-09-28 12:30:12,12,17,5235,9559
2023-09-28 12:30:12,13,17,5235,9559
2023-09-28 12:30:12,15,17,5235,9559
2023-09-28 12:30:29,12,17,5235,9559
2023-09-28 12:30:29,15,17,5235,9559
2023-09-28 12:30:48,12,17,5235,9559
2023-09-28 12:30:48,15,17,5235,9559
2023-09-28 12:31:22,15,18,5235,9559
2023-09-28 12:31:24,16,18,5235,9559
2023-09-28 12:31:37,14,18,5235,9559
2023-09-28 12:31:37,16,18,5235,9559
2023-09-28 12:31:42,16,18,5235,9809
2023-09-28 12:31:48,17,18,5235,9809
2023-09-28 12:31:49,17,18,5175,9869
2023-09-28 12:31:58,17,19,5175,10019
2023-09-28 12:32:12,17,20,5175,10019
2023-09-28 12:32:12,18,20,5175,10019
2023-09-28 12:32:20,14,20,5175,10019
2023-09-28 12:32:20,16,20,5175,10019
2023-09-28 12:32:20,18,20,5175,10019
2023-09-28 12:32:33,18,21,5175,10019
2023-09-28 12:32:38,18,20,5175,10019
2023-09-28 12:32:39,18,21,5175,10019
2023-09-28 12:32:41,18,20,5175,10019
2023-09-28 12:32:42,18,21,5175,10019
2023-09-28 12:33:21,19,21,5175,10019
2023-09-28 12:33:26,20,21,5175,10019
2023-09-28 12:33:26,20,22,5175,10219
2023-09-28 12:33:39,20,23,5175,10219
2023-09-28 12:33:39,19,23,5175,10219
2023-09-28 12:33:39,20,23,5175,10219
2023-09-28 12:33:44,21,23,5175,10219
2023-09-28 12:34:17,21,22,5175,10219
2023-09-28 12:34:31,20,22,5175,10219
2023-09-28 12:35:01,20,21,5175,10219
2023-09-28 12:35:01,19,21,5175,10219
2023-09-28 12:35:10,19,22,5175,10219
2023-09-28 12:35:21,19,21,5175,10219
2023-09-28 12:35:28,19,22,5175,10219
2023-09-28 12:35:29,19,21,5175,10219
2023-09-28 12:35:32,19,22,5175,10219
2023-09-28 12:35:33,19,21,5175,10219
2023-09-28 12:36:45,19,20,5175,10219
2023-09-28 12:36:45,17,20,5175,10219
2023-09-28 12:36:45,18,20,5175,10219
2023-09-28 12:37:04,18,21,5175,10219
2023-09-28 12:37:04,17,21,5175,10219
2023-09-28 12:37:04,18,21,5175,10219
2023-09-28 12:37:39,18,20,5175,10219
2023-09-28 12:37:43,18,21,5175,10219
2023-09-28 12:37:44,18,20,5175,10219
2023-09-28 12:37:50,18,21,5175,10219
2023-09-28 12:37:54,18,20,5175,10219
2023-09-28 12:38:29,18,19,5175,10219
2023-09-28 12:38:30,17,19,5175,10219
2023-09-28 12:38:38,17,20,5175,10219
2023-09-28 12:38:52,17,19,5175,10219
2023-09-28 12:39:23,17,18,5175,10219
2023-09-28 12:39:29,16,18,5175,10219
2023-09-28 12:39:35,16,19,5175,10219
2023-09-28 12:39:42,17,19,5175,10219
2023-09-28 12:39:50,17,20,5175,10219
2023-09-28 12:39:55,18,20,5175,10219
2023-09-28 12:40:04,18,19,5175,10219
2023-09-28 12:40:08,18,20,5175,10219
2023-09-28 12:40:20,18,19,5175,10219
2023-09-28 12:40:48,17,19,5175,10219
2023-09-28 12:41:28,17,18,5175,10219
2023-09-28 12:41:33,17,19,5175,10219
2023-09-28 12:41:49,17,18,5175,10219
2023-09-28 12:41:51,16,18,5175,10219
2023-09-28 12:41:58,15,18,5175,10219
2023-09-28 12:41:58,16,18,5175,10219
2023-09-28 12:42:58,15,18,5175,10219
2023-09-28 12:42:59,16,18,5175,10219
2023-09-28 12:43:22,16,17,5175,10219
2023-09-28 12:43:22,15,17,5175,10219
2023-09-28 12:43:51,15,18,5175,10219
2023-09-28 12:43:52,15,17,5175,10219
2023-09-28 12:44:55,16,17,5175,10219
2023-09-28 12:45:17,16,18,5175,10219
2023-09-28 12:45:29,15,18,5175,10219
2023-09-28 12:45:29,16,18,5175,10219
2023-09-28 12:45:35,16,19,5175,10219
2023-09-28 12:45:38,15,19,5175,10219
2023-09-28 12:45:38,17,19,5175,10219
2023-09-28 12:45:50,18,19,5175,10219
2023-09-28 12:45:51,18,20,5175,10219
2023-09-28 12:46:13,17,20,5175,10219
2023-09-28 12:46:13,19,20,5175,10219
2023-09-28 12:46:30,19,20,5425,10469
2023-09-28 12:46:34,19,20,5675,10719
2023-09-28 12:46:35,17,20,5675,10719
2023-09-28 12:46:35,19,20,5675,10719
2023-09-28 12:46:36,19,20,5925,10969
2023-09-28 12:46:43,19,20,6175,11219
2023-09-28 12:46:45,19,20,6425,11469
2023-09-28 12:46:50,19,20,6675,11719
2023-09-28 12:46:51,19,20,6925,11969
2023-09-28 12:46:53,19,20,7175,12219
2023-09-28 12:46:54,19,22,7175,12219
2023-09-28 12:46:58,20,22,7175,12219
2023-09-28 12:47:12,19,22,7175,12219
2023-09-28 12:47:12,20,22,7175,12219
2023-09-28 12:47:17,20,21,7175,12219
2023-09-28 12:47:22,19,21,7175,12219
2023-09-28 12:47:25,19,20,7175,12219
2023-09-28 12:47:29,19,21,7175,12219
2023-09-28 12:47:30,19,22,7175,12219
2023-09-28 12:47:31,20,22,7175,12219
2023-09-28 12:47:39,20,23,7175,12219
2023-09-28 12:47:42,19,23,7175,12219
2023-09-28 12:47:42,21,23,7175,12219
2023-09-28 12:47:53,19,23,7175,12219
2023-09-28 12:47:53,21,23,7175,12219
2023-09-28 12:48:14,21,22,7175,12219
2023-09-28 12:48:15,21,23,7175,12219
2023-09-28 12:48:30,21,24,7175,12219
2023-09-28 12:48:31,22,24,7175,12219
2023-09-28 12:48:58,23,24,7175,12219
2023-09-28 12:49:19,23,24,7285,12369
2023-09-28 12:49:19,23,24,7535,12619
2023-09-28 12:49:36,23,24,7785,12869
2023-09-28 12:49:38,23,24,8035,13119
2023-09-28 12:49:39,22,24,8035,13119
2023-09-28 12:49:39,22,24,8235,13319
2023-09-28 12:49:39,22,24,8335,13419
2023-09-28 12:49:39,23,24,8335,13419
2023-09-28 12:49:42,23,24,8585,13669
2023-09-28 12:49:48,23,24,8585,13729
2023-09-28 12:49:48,23,24,8587,13731
2023-09-28 12:49:48,23,24,8837,13981
2023-09-28 12:49:49,23,24,8839,13983
2023-09-28 12:49:50,23,24,8841,13985
2023-09-28 12:49:51,23,27,9075,14219
2023-09-28 12:49:52,24,27,9075,14219
2023-09-28 12:50:21,17,27,9075,14219
2023-09-28 12:50:21,24,27,9075,14219
2023-09-28 12:50:30,24,26,9075,14219
2023-09-28 12:50:35,17,26,9075,14219
2023-09-28 12:50:35,24,26,9075,14219
2023-09-28 12:50:42,22,26,9075,14219
2023-09-28 12:50:42,17,26,9075,14219
2023-09-28 12:50:42,18,26,9075,14219
2023-09-28 12:50:44,19,26,9075,14219
2023-09-28 12:50:44,20,26,9075,14219
2023-09-28 12:50:46,21,26,9075,14219
2023-09-28 12:50:46,22,26,9075,14219
2023-09-28 12:51:04,20,26,9075,14219
2023-09-28 12:51:04,21,26,9075,14219
2023-09-28 12:51:15,23,26,9075,14219
2023-09-28 12:51:20,23,25,9075,14219
2023-09-28 12:53:31,22,25,9075,14219
2023-09-28 12:53:31,23,25,9075,14219
2023-09-28 12:53:51,22,25,9075,14219
2023-09-28 12:53:51,22,25,9075,14221
2023-09-28 12:53:52,22,29,9075,14429
2023-09-28 12:53:52,20,29,9075,14429
2023-09-28 12:53:52,23,29,9075,14429
2023-09-28 12:53:52,24,29,9075,14429
2023-09-28 12:54:04,24,30,9075,14429
2023-09-28 12:54:04,25,30,9075,14429
2023-09-28 12:54:04,26,30,9075,14429
2023-09-28 12:54:06,26,31,9075,14429
2023-09-28 12:54:10,24,31,9075,14429
2023-09-28 12:54:11,20,31,9075,14429
2023-09-28 12:54:11,25,31,9075,14429
2023-09-28 12:54:11,26,31,9075,14429
2023-09-28 12:54:13,27,31,9075,14429
2023-09-28 12:54:14,20,31,9075,14429
2023-09-28 12:54:14,21,31,9075,14429
2023-09-28 12:54:16,22,31,9075,14429
2023-09-28 12:54:16,23,31,9075,14429
2023-09-28 12:54:18,24,31,9075,14429
2023-09-28 12:54:18,25,31,9075,14429
2023-09-28 12:54:20,26,31,9075,14429
2023-09-28 12:54:20,27,31,9075,14429
2023-09-28 12:54:36,27,32,9075,14429
2023-09-28 12:54:42,28,32,9075,14429
2023-09-28 12:54:43,27,32,9075,14429
2023-09-28 12:54:44,28,32,9075,14429
2023-09-28 12:54:45,27,32,9075,14429
2023-09-28 12:54:46,28,32,9075,14429
2023-09-28 12:54:47,27,32,9075,14429
2023-09-28 12:54:48,28,32,9075,14429
2023-09-28 12:54:49,27,32,9075,14429
2023-09-28 12:54:50,28,32,9075,14429
2023-09-28 12:54:51,27,32,9075,14429
2023-09-28 12:54:52,28,32,9075,14429
2023-09-28 12:54:53,28,34,9075,14429
2023-09-28 12:54:53,29,34,9075,14429
2023-09-28 12:54:54,27,34,9075,14429
2023-09-28 12:54:54,30,34,9075,14429
2023-09-28 12:54:55,27,34,9075,14429
2023-09-28 12:54:55,31,34,9075,14429
2023-09-28 12:54:56,27,34,9075,14429
2023-09-28 12:54:56,28,34,9075,14429
2023-09-28 12:54:57,27,34,9075,14429
2023-09-28 12:54:57,28,34,9075,14429
2023-09-28 12:54:58,27,34,9075,14429
2023-09-28 12:54:58,29,34,9075,14429
2023-09-28 12:54:59,27,34,9075,14429
2023-09-28 12:54:59,30,34,9075,14429
2023-09-28 12:55:00,30,35,9075,14429
2023-09-28 12:55:01,27,35,9075,14429
2023-09-28 12:55:01,31,35,9075,14429
2023-09-28 12:55:03,32,35,9075,14429
2023-09-28 12:55:03,27,35,9075,14429
2023-09-28 12:55:04,28,35,9075,14429
2023-09-28 12:55:05,29,35,9075,14429
2023-09-28 12:55:06,30,35,9075,14429
2023-09-28 12:55:07,27,35,9075,14429
2023-09-28 12:55:07,31,35,9075,14429
2023-09-28 12:55:08,31,34,9075,14429
2023-09-28 12:55:08,27,34,9075,14429
2023-09-28 12:55:08,28,34,9075,14429
2023-09-28 12:55:09,31,34,9075,14429
2023-09-28 12:55:10,31,35,9075,14429
2023-09-28 12:55:48,31,35,9030,14474
2023-09-28 12:55:48,32,35,9030,14474
2023-09-28 12:55:49,31,35,9030,14474
2023-09-28 12:55:49,33,35,9030,14474
2023-09-28 12:55:50,31,35,9030,14474
2023-09-28 12:55:55,32,35,9030,14474
2023-09-28 12:55:56,31,35,9030,14474
2023-09-28 12:55:56,33,35,9030,14474
2023-09-28 12:55:57,33,36,9030,14474
2023-09-28 12:55:57,31,36,9030,14474
2023-09-28 12:55:57,34,36,9030,14474
2023-09-28 12:55:58,31,36,9030,14474
2023-09-28 12:56:03,32,36,9030,14474
2023-09-28 12:56:04,31,36,9030,14474
2023-09-28 12:56:04,33,36,9030,14474
2023-09-28 12:56:05,31,36,9030,14474
2023-09-28 12:56:11,31,35,9030,14474
2023-09-28 12:56:22,31,34,9030,14474
2023-09-28 12:56:31,31,33,9030,14474
2023-09-28 12:56:39,31,33,9030,14475
2023-09-28 12:57:03,28,33,9030,14475
2023-09-28 12:57:13,29,33,9030,14475
2023-09-28 12:57:14,28,33,9030,14475
2023-09-28 12:57:15,29,33,9030,14475
2023-09-28 12:57:16,28,33,9030,14475
2023-09-28 12:57:17,29,33,9030,14475
2023-09-28 12:57:18,28,33,9030,14475
2023-09-28 12:57:20,29,33,9030,14475
2023-09-28 12:57:31,29,32,9030,14475
2023-09-28 12:57:47,29,32,9030,14476
2023-09-28 12:57:48,29,33,9030,14476
2023-09-28 12:57:53,29,32,9030,14476
2023-09-28 12:57:54,29,33,9030,14476
2023-09-28 12:58:02,29,34,9030,14476
2023-09-28 12:58:02,30,34,9030,14476
2023-09-28 12:58:03,29,34,9030,14476
2023-09-28 12:58:03,31,34,9030,14476
2023-09-28 12:58:04,29,34,9030,14476
2023-09-28 12:58:05,30,34,9030,14476
2023-09-28 12:58:06,29,34,9030,14476
2023-09-28 12:58:07,30,34,9030,14476
2023-09-28 12:58:08,29,34,9030,14476
2023-09-28 12:58:08,31,34,9030,14476
2023-09-28 12:58:10,29,34,9030,14476
2023-09-28 12:58:10,30,34,9030,14476
2023-09-28 12:58:11,29,34,9030,14476
2023-09-28 12:58:12,30,34,9030,14476
2023-09-28 12:58:13,29,34,9030,14476
2023-09-28 12:58:14,30,34,9030,14476
2023-09-28 12:58:15,29,34,9030,14476
2023-09-28 12:58:16,30,34,9030,14476
2023-09-28 12:58:17,29,34,9030,14476
2023-09-28 12:58:18,30,34,9030,14476
2023-09-28 12:58:19,29,34,9030,14476
2023-09-28 12:58:20,30,34,9030,14476
2023-09-28 12:58:21,29,34,9030,14476
2023-09-28 12:58:22,30,34,9030,14476
2023-09-28 12:58:23,29,34,9030,14476
2023-09-28 12:58:24,30,34,9030,14476
2023-09-28 12:58:25,29,34,9030,14476
2023-09-28 12:58:27,29,33,9030,14476
2023-09-28 12:58:29,29,34,9030,14476
2023-09-28 12:58:29,30,34,9030,14476
2023-09-28 12:58:30,29,34,9030,14476
2023-09-28 12:58:34,29,33,9030,14476
2023-09-28 12:58:42,29,32,9030,14476
2023-09-28 12:58:46,25,32,9030,14476
2023-09-28 12:58:46,26,32,9030,14476
2023-09-28 12:58:55,26,31,9030,14476
2023-09-28 12:59:00,26,32,9030,14476
2023-09-28 12:59:01,27,32,9030,14476
2023-09-28 12:59:02,25,32,9030,14476
2023-09-28 12:59:03,26,32,9030,14476
2023-09-28 12:59:04,27,32,9030,14476
2023-09-28 12:59:05,25,32,9030,14476
2023-09-28 12:59:06,26,32,9030,14476
2023-09-28 12:59:07,27,32,9030,14476
2023-09-28 12:59:08,27,31,9030,14476
2023-09-28 12:59:08,25,31,9030,14476
2023-09-28 12:59:09,26,31,9030,14476
2023-09-28 12:59:15,26,32,9030,14476
2023-09-28 12:59:16,27,32,9030,14476
2023-09-28 12:59:17,25,32,9030,14476
2023-09-28 12:59:18,26,32,9030,14476
2023-09-28 12:59:20,27,32,9030,14476
2023-09-28 12:59:20,25,32,9030,14476
2023-09-28 12:59:21,26,32,9030,14476
2023-09-28 12:59:23,27,32,9030,14476
2023-09-28 12:59:23,25,32,9030,14476
2023-09-28 12:59:24,28,32,9030,14476
2023-09-28 12:59:25,25,32,9030,14476
2023-09-28 12:59:25,26,32,9030,14476
2023-09-28 12:59:27,27,32,9030,14476
2023-09-28 12:59:28,25,32,9030,14476
2023-09-28 12:59:28,28,32,9030,14476
2023-09-28 12:59:29,25,32,9030,14476
2023-09-28 12:59:29,26,32,9030,14476
2023-09-28 12:59:31,27,32,9030,14476
2023-09-28 12:59:32,27,33,9030,14476
2023-09-28 12:59:33,25,33,9030,14476
2023-09-28 12:59:33,29,33,9030,14476
2023-09-28 12:59:34,25,33,9030,14476
2023-09-28 12:59:34,26,33,9030,14476
2023-09-28 12:59:36,27,33,9030,14476
2023-09-28 12:59:37,28,33,9030,14476
2023-09-28 12:59:38,25,33,9030,14476
2023-09-28 12:59:38,29,33,9030,14476
2023-09-28 12:59:39,25,33,9030,14476
2023-09-28 12:59:39,26,33,9030,14476
2023-09-28 12:59:41,27,33,9030,14476
2023-09-28 12:59:42,28,33,9030,14476
2023-09-28 12:59:43,25,33,9030,14476
2023-09-28 12:59:43,26,33,9030,14476
2023-09-28 12:59:45,27,33,9030,14476
2023-09-28 12:59:46,28,33,9030,14476
2023-09-28 12:59:47,25,33,9030,14476
2023-09-28 12:59:47,29,33,9030,14476
2023-09-28 12:59:48,25,33,9030,14476
2023-09-28 12:59:48,26,33,9030,14476
2023-09-28 12:59:50,27,33,9030,14476
2023-09-28 12:59:51,28,33,9030,14476
2023-09-28 12:59:52,29,33,9030,14476
2023-09-28 12:59:53,25,33,9030,14476
2023-09-28 12:59:53,26,33,9030,14476
2023-09-28 12:59:55,27,33,9030,14476
2023-09-28 12:59:55,28,33,9030,14476
2023-09-28 12:59:57,28,34,9030,14476
2023-09-28 12:59:57,29,34,9030,14476
2023-09-28 12:59:58,29,33,9030,14476
2023-09-28 12:59:58,25,33,9030,14476
2023-09-28 12:59:58,30,33,9030,14476
2023-09-28 12:59:59,25,33,9030,14476
2023-09-28 12:59:59,26,33,9030,14476
2023-09-28 13:00:01,27,33,9030,14476
2023-09-28 13:00:01,28,33,9030,14476
2023-09-28 13:00:03,29,33,9030,14476
2023-09-28 13:00:04,25,33,9030,14476
2023-09-28 13:00:04,30,33,9030,14476
2023-09-28 13:00:05,25,33,9030,14476
2023-09-28 13:00:06,26,33,9030,14476
2023-09-28 13:00:07,25,33,9030,14476
2023-09-28 13:00:07,27,33,9030,14476
2023-09-28 13:00:08,25,33,9030,14476
2023-09-28 13:00:08,28,33,9030,14476
2023-09-28 13:00:09,25,33,9030,14476
2023-09-28 13:00:09,29,33,9030,14476
2023-09-28 13:00:10,25,33,9030,14476
2023-09-28 13:00:10,30,33,9030,14476
2023-09-28 13:00:11,25,33,9030,14476
2023-09-28 13:00:12,25,32,9030,14476
2023-09-28 13:00:12,26,32,9030,14476
2023-09-28 13:00:13,25,32,9030,14476
2023-09-28 13:00:13,27,32,9030,14476
2023-09-28 13:00:14,25,32,9030,14476
2023-09-28 13:00:14,28,32,9030,14476
2023-09-28 13:00:15,25,32,9030,14476
2023-09-28 13:00:16,26,32,9030,14476
2023-09-28 13:00:17,25,32,9030,14476
2023-09-28 13:00:17,27,32,9030,14476
2023-09-28 13:00:18,25,32,9030,14476
2023-09-28 13:00:19,26,32,9030,14476
2023-09-28 13:00:20,25,32,9030,14476
2023-09-28 13:00:20,27,32,9030,14476
2023-09-28 13:00:21,25,32,9030,14476
2023-09-28 13:00:22,26,32,9030,14476
2023-09-28 13:00:22,28,32,9030,14476
2023-09-28 13:00:50,29,32,9030,14476
2023-09-28 13:00:51,28,32,9030,14476
2023-09-28 13:00:52,28,33,9030,14476
2023-09-28 13:00:52,29,33,9030,14476
2023-09-28 13:00:53,28,33,9030,14476
2023-09-28 13:00:54,29,33,9030,14476
2023-09-28 13:00:55,28,33,9030,14476
2023-09-28 13:00:56,29,33,9030,14476
2023-09-28 13:00:57,28,33,9030,14476
2023-09-28 13:00:58,29,33,9030,14476
2023-09-28 13:00:59,28,33,9030,14476
2023-09-28 13:01:00,29,33,9030,14476
2023-09-28 13:01:01,28,33,9030,14476
2023-09-28 13:01:03,28,32,9030,14476
2023-09-28 13:01:04,28,31,9030,14476
2023-09-28 13:01:05,25,31,9030,14476
2023-09-28 13:01:06,27,31,9030,14476
2023-09-28 13:01:27,27,30,9030,14476
2023-09-28 13:01:37,27,29,9030,14476
2023-09-28 13:01:38,23,29,9030,14476
2023-09-28 13:01:39,24,29,9030,14476
2023-09-28 13:01:39,24,30,9030,14476
2023-09-28 13:01:39,24,29,9030,14476
2023-09-28 13:01:39,23,29,9030,14476
2023-09-28 13:01:40,26,29,9030,14476
2023-09-28 13:01:41,26,30,9030,14476
2023-09-28 13:01:46,26,29,9030,14476
2023-09-28 13:01:48,26,30,9030,15133
2023-09-28 13:01:49,26,31,9030,15133
2023-09-28 13:01:49,27,31,9030,15133
2023-09-28 13:01:49,28,31,9030,15133
2023-09-28 13:01:51,28,32,9030,15133
2023-09-28 13:01:52,29,32,9030,15133
2023-09-28 13:01:54,29,33,9030,15133
2023-09-28 13:01:55,30,33,9030,15133
2023-09-28 13:02:17,32,33,9030,15133
2023-09-28 13:02:17,32,34,9030,15133
2023-09-28 13:02:53,31,34,9030,15133
2023-09-28 13:02:53,31,33,9030,15133
2023-09-28 13:02:58,31,34,9030,15133
2023-09-28 13:03:00,31,33,9030,15133
2023-09-28 13:03:02,31,34,9030,15133
2023-09-28 13:03:03,31,33,9030,15133
2023-09-28 13:03:04,31,34,9030,15133
2023-09-28 13:03:32,32,34,9030,15133
2023-09-28 13:03:47,32,35,9030,15133
2023-09-28 13:04:38,32,36,9030,15133
2023-09-28 13:04:38,33,36,9030,15133
2023-09-28 13:04:39,32,36,9030,15133
2023-09-28 13:04:40,33,36,9030,15133
2023-09-28 13:04:41,32,36,9030,15133
2023-09-28 13:04:42,33,36,9030,15133
2023-09-28 13:04:43,32,36,9030,15133
2023-09-28 13:04:44,33,36,9030,15133
2023-09-28 13:04:45,32,36,9030,15133
2023-09-28 13:04:46,33,36,9030,15133
2023-09-28 13:04:47,32,36,9030,15133
2023-09-28 13:04:48,34,36,9030,15133
2023-09-28 13:04:57,35,36,9030,15133
2023-09-28 13:04:58,35,36,9230,15333
2023-09-28 13:04:58,34,36,9230,15333
2023-09-28 13:04:59,35,36,9230,15333
2023-09-28 13:05:00,34,36,9230,15333
2023-09-28 13:05:01,35,36,9230,15333
2023-09-28 13:05:17,35,36,9230,15433
2023-09-28 13:05:19,34,36,9230,15433
2023-09-28 13:05:20,35,36,9230,15433
2023-09-28 13:05:21,34,36,9230,15433
2023-09-28 13:05:22,35,36,9230,15433
2023-09-28 13:05:23,34,36,9230,15433
2023-09-28 13:05:24,35,36,9230,15433
2023-09-28 13:05:25,34,36,9230,15433
2023-09-28 13:05:25,34,37,9230,15433
2023-09-28 13:05:26,35,37,9230,15433
2023-09-28 13:05:27,34,37,9230,15433
2023-09-28 13:05:27,36,37,9230,15433
2023-09-28 13:05:28,36,38,9230,15433
2023-09-28 13:05:28,34,38,9230,15433
2023-09-28 13:05:29,36,39,9230,15433
2023-09-28 13:05:29,37,39,9230,15433
2023-09-28 13:05:30,36,39,9230,15433
2023-09-28 13:05:30,38,39,9230,15433
2023-09-28 13:05:31,36,39,9230,15433
2023-09-28 13:05:32,37,39,9230,15433
2023-09-28 13:05:33,36,39,9230,15433
2023-09-28 13:05:33,38,39,9230,15433
2023-09-28 13:05:34,36,39,9230,15433
2023-09-28 13:05:35,37,39,9230,15433
2023-09-28 13:05:36,36,39,9230,15433
2023-09-28 13:05:37,37,39,9230,15433
2023-09-28 13:05:38,36,39,9230,15433
2023-09-28 13:05:39,37,39,9230,15433
2023-09-28 13:05:40,38,39,9230,15433
2023-09-28 13:05:48,38,39,9161,15502
2023-09-28 13:05:56,37,39,9161,15502
2023-09-28 13:06:04,38,39,9161,15502
2023-09-28 13:06:05,37,39,9161,15502
2023-09-28 13:06:07,38,39,9161,15502
2023-09-28 13:06:08,37,39,9161,15502
2023-09-28 13:06:09,38,39,9161,15502
2023-09-28 13:06:10,37,39,9161,15502
2023-09-28 13:06:11,38,39,9161,15502
2023-09-28 13:06:12,37,39,9161,15502
2023-09-28 13:06:17,38,39,9161,15502
2023-09-28 13:06:18,37,39,9161,15502
2023-09-28 13:06:19,38,39,9161,15502
2023-09-28 13:06:20,37,39,9161,15502
2023-09-28 13:06:21,38,39,9161,15502
2023-09-28 13:06:22,37,39,9161,15502
2023-09-28 13:06:23,38,39,9161,15502
2023-09-28 13:06:24,37,39,9161,15502
2023-09-28 13:06:25,38,39,9161,15502
2023-09-28 13:06:26,37,39,9161,15502
2023-09-28 13:06:27,38,39,9161,15502
2023-09-28 13:06:28,37,39,9161,15502
2023-09-28 13:06:33,38,39,9161,15502
2023-09-28 13:06:34,37,39,9161,15502
2023-09-28 13:06:35,38,39,9161,15502
2023-09-28 13:06:36,37,39,9161,15502
2023-09-28 13:06:37,38,39,9161,15502
2023-09-28 13:06:38,37,39,9161,15502
2023-09-28 13:06:39,38,39,9161,15502
2023-09-28 13:06:40,37,39,9161,15502
2023-09-28 13:06:41,38,39,9161,15502
2023-09-28 13:06:42,37,39,9161,15502
2023-09-28 13:06:43,38,39,9161,15502
2023-09-28 13:06:44,37,39,9161,15502
2023-09-28 13:06:45,38,39,9161,15502
2023-09-28 13:06:46,37,39,9161,15502
2023-09-28 13:06:47,38,39,9161,15502
2023-09-28 13:06:48,37,39,9161,15502
2023-09-28 13:06:49,38,39,9161,15502
2023-09-28 13:06:50,37,39,9161,15502
2023-09-28 13:06:52,38,39,9161,15502
2023-09-28 13:06:53,37,39,9161,15502
2023-09-28 13:06:54,38,39,9161,15502
2023-09-28 13:06:55,37,39,9161,15502
2023-09-28 13:06:56,38,39,9161,15502
2023-09-28 13:06:57,37,39,9161,15502
2023-09-28 13:07:00,37,38,9161,15502
2023-09-28 13:07:02,37,39,9161,15502
2023-09-28 13:07:02,37,38,9161,15502
2023-09-28 13:07:06,36,38,9161,15502
2023-09-28 13:07:07,36,37,9161,15502
2023-09-28 13:07:17,35,37,9161,15502
2023-09-28 13:07:32,35,36,9161,15502
2023-09-28 13:07:35,35,37,9161,15502
2023-09-28 13:07:39,34,37,9161,15502
2023-09-28 13:07:42,34,35,9161,15502
2023-09-28 13:07:43,33,35,9161,15502
2023-09-28 13:08:07,33,34,9161,15502
2023-09-28 13:08:08,32,34,9161,15502
2023-09-28 13:08:11,32,33,9161,15502
2023-09-28 13:08:28,31,33,9161,15502
2023-09-28 13:09:00,31,32,9161,15502
2023-09-28 13:09:08,31,33,9161,15502
2023-09-28 13:09:22,31,33,9174,15515
2023-09-28 13:09:28,31,32,9174,15515
2023-09-28 13:09:29,31,32,9185,15526
2023-09-28 13:09:38,30,32,9185,15526
2023-09-28 13:10:06,30,32,9187,15528
2023-09-28 13:10:08,30,31,9187,15528
2023-09-28 13:10:13,29,31,9187,15528
2023-09-28 13:10:24,28,31,9187,15528
2023-09-28 13:10:45,29,31,9187,15528
2023-09-28 13:10:50,29,32,9187,15528
2023-09-28 13:10:54,30,32,9187,15528
2023-09-28 13:10:57,30,33,9187,15528
2023-09-28 13:11:02,31,33,9187,15528
2023-09-28 13:11:02,31,34,9187,15528
2023-09-28 13:11:04,31,33,9187,15528
2023-09-28 13:11:10,30,33,9187,15528
2023-09-28 13:11:17,30,33,9187,15528
2023-09-28 13:11:25,30,32,9187,15528
2023-09-28 13:11:26,30,33,9187,15528
2023-09-28 13:11:52,31,33,9187,15528
2023-09-28 13:11:52,31,33,9189,15530
2023-09-28 13:11:57,31,33,9191,15532
2023-09-28 13:12:06,31,34,9191,15532
2023-09-28 13:12:08,31,33,9191,15532
2023-09-28 13:12:10,31,34,9191,15532
2023-09-28 13:12:15,32,34,9191,15532
2023-09-28 13:13:43,31,34,9191,15532
2023-09-28 13:13:43,31,33,9191,15532
2023-09-28 13:13:51,31,34,9191,15532
2023-09-28 13:13:53,31,33,9191,15532
2023-09-28 13:13:55,31,34,9191,15532
2023-09-28 13:14:03,31,33,9191,15532
2023-09-28 13:14:05,31,34,9191,15532
2023-09-28 13:14:09,31,33,9191,15532
2023-09-28 13:14:35,31,32,9191,15532
2023-09-28 13:14:38,31,33,9191,15532
2023-09-28 13:14:44,31,32,9191,15532
2023-09-28 13:14:47,31,32,9193,15534
2023-09-28 13:15:02,31,33,9193,15534
2023-09-28 13:15:20,31,32,9193,15534
2023-09-28 13:15:25,31,33,9193,15534
2023-09-28 13:15:28,31,32,9193,15534
2023-09-28 13:15:31,31,33,9193,15534
2023-09-28 13:15:56,31,32,9193,15534
2023-09-28 13:15:59,31,33,9193,15534
2023-09-28 13:16:06,31,34,9193,15534
2023-09-28 13:16:07,32,34,9193,15534
2023-09-28 13:16:43,32,33,9193,15534
2023-09-28 13:16:43,31,33,9193,15534
2023-09-28 13:17:03,31,34,9193,15534
2023-09-28 13:17:06,31,33,9193,15534
2023-09-28 13:17:45,32,33,9193,15534
2023-09-28 13:17:45,32,34,9193,15534
2023-09-28 13:17:55,32,35,9193,15534
2023-09-28 13:18:10,33,35,9193,15534
2023-09-28 13:18:11,32,35,9193,15534
2023-09-28 13:18:35,33,35,9193,15534
2023-09-28 13:18:36,32,35,9193,15534
2023-09-28 13:18:37,33,35,9193,15534
2023-09-28 13:19:01,33,34,9193,15534
2023-09-28 13:19:02,32,34,9193,15534
2023-09-28 13:19:04,32,35,9193,15534
2023-09-28 13:19:07,32,34,9193,15534
2023-09-28 13:19:09,32,34,9196,15537
2023-09-28 13:19:10,32,35,9196,15537
2023-09-28 13:19:10,32,34,9196,15537
2023-09-28 13:19:25,32,35,9196,15537
2023-09-28 13:19:55,33,35,9196,15537
2023-09-28 13:20:28,32,35,9196,15537
2023-09-28 13:20:58,32,34,9196,15537
2023-09-28 13:20:59,32,35,9196,15537
2023-09-28 13:21:03,32,34,9196,15537
2023-09-28 13:21:04,32,35,9196,15537
2023-09-28 13:21:05,32,34,9196,15537
2023-09-28 13:21:06,32,33,9196,15537
2023-09-28 13:21:08,32,33,9198,15539
2023-09-28 13:21:09,32,34,9198,15539
2023-09-28 13:21:10,32,35,9198,15539
2023-09-28 13:21:21,32,34,9198,15539
2023-09-28 13:21:31,32,33,9198,15539
2023-09-28 13:21:32,31,33,9198,15539
2023-09-28 13:22:10,31,32,9198,15539
2023-09-28 13:22:11,30,32,9198,15539
2023-09-28 13:22:12,30,31,9198,15539
2023-09-28 13:22:13,30,32,9198,15539
2023-09-28 13:22:14,30,31,9198,15539
2023-09-28 13:22:22,29,31,9198,15539
2023-09-28 13:22:37,29,30,9198,15539
2023-09-28 13:22:38,29,31,9198,15539
2023-09-28 13:22:38,29,30,9198,15539
2023-09-28 13:22:43,28,30,9198,15539
2023-09-28 13:22:44,28,29,9198,15539
2023-09-28 13:22:58,28,30,9198,15539
2023-09-28 13:23:02,28,31,9198,15539
2023-09-28 13:23:03,29,31,9198,15539
2023-09-28 13:23:04,29,32,9198,15539
2023-09-28 13:24:03,29,31,9198,15539
2023-09-28 13:24:07,29,32,9198,15539
2023-09-28 13:24:12,29,31,9198,15539
2023-09-28 13:24:45,29,30,9198,15539
2023-09-28 13:24:46,29,31,9198,15539
2023-09-28 13:24:47,28,31,9198,15539
2023-09-28 13:24:47,28,30,9198,15539
2023-09-28 13:24:53,28,31,9198,15539
2023-09-28 13:24:55,28,30,9198,15539
2023-09-28 13:25:01,28,31,9198,15539
2023-09-28 13:25:22,29,31,9198,15539
2023-09-28 13:25:24,29,32,9198,15539
2023-09-28 13:25:30,30,32,9198,15539
2023-09-28 13:25:30,30,33,9198,15539
2023-09-28 13:25:38,31,33,9198,15539
2023-09-28 13:25:49,31,34,9198,15539
2023-09-28 13:26:09,31,33,9198,15539
2023-09-28 13:26:21,30,33,9198,15539
2023-09-28 13:26:38,31,33,9198,15539
2023-09-28 13:26:59,31,34,9198,15539
2023-09-28 13:27:01,32,34,9198,15539
2023-09-28 13:27:01,32,35,9198,15539
2023-09-28 13:27:03,33,35,9198,15539
2023-09-28 13:27:04,32,35,9198,15539
2023-09-28 13:27:05,33,35,9198,15539
2023-09-28 13:27:06,32,35,9198,15539
2023-09-28 13:27:07,33,35,9198,15539
2023-09-28 13:27:08,32,35,9198,15539
2023-09-28 13:27:09,33,35,9198,15539
2023-09-28 13:27:10,32,35,9198,15539
2023-09-28 13:27:11,33,35,9198,15539
2023-09-28 13:27:11,34,35,9198,15539
2023-09-28 13:27:12,33,35,9198,15539
2023-09-28 13:27:13,34,35,9198,15539
2023-09-28 13:27:14,33,35,9198,15539
2023-09-28 13:27:15,34,35,9198,15539
2023-09-28 13:27:16,33,35,9198,15539
2023-09-28 13:27:17,34,35,9198,15539
2023-09-28 13:27:18,33,35,9198,15539
2023-09-28 13:27:19,34,35,9198,15539
2023-09-28 13:27:20,33,35,9198,15539
2023-09-28 13:27:21,34,35,9198,15539
2023-09-28 13:27:22,33,35,9198,15539
2023-09-28 13:28:02,34,35,9198,15539
2023-09-28 13:28:03,33,35,9198,15539
2023-09-28 13:28:04,34,35,9198,15539
2023-09-28 13:28:05,33,35,9198,15539
2023-09-28 13:28:06,34,35,9198,15539
2023-09-28 13:28:07,33,35,9198,15539
2023-09-28 13:28:16,34,35,9198,15539
2023-09-28 13:28:17,34,36,9198,15539
2023-09-28 13:28:17,33,36,9198,15539
2023-09-28 13:28:18,34,36,9198,15539
2023-09-28 13:28:19,33,36,9198,15539
2023-09-28 13:28:20,34,36,9198,15539
2023-09-28 13:28:21,33,36,9198,15539
2023-09-28 13:28:22,34,36,9198,15539
2023-09-28 13:28:23,33,36,9198,15539
2023-09-28 13:28:24,34,36,9198,15539
2023-09-28 13:28:25,33,36,9198,15539
2023-09-28 13:28:26,34,36,9198,15539
2023-09-28 13:28:27,33,36,9198,15539
2023-09-28 13:28:28,34,36,9198,15539
2023-09-28 13:28:29,33,36,9198,15539
2023-09-28 13:28:30,34,36,9198,15539
2023-09-28 13:28:30,35,37,9198,15539
2023-09-28 13:28:31,36,37,9198,15539
2023-09-28 13:28:32,35,37,9198,15539
2023-09-28 13:28:33,36,37,9198,15539
2023-09-28 13:28:34,35,37,9198,15539
2023-09-28 13:28:35,36,37,9198,15539
2023-09-28 13:28:36,36,38,9198,15539
2023-09-28 13:28:36,37,38,9198,15539
2023-09-28 13:28:37,36,38,9198,15539
2023-09-28 13:28:38,37,38,9198,15539
2023-09-28 13:28:39,36,38,9198,15539
2023-09-28 13:28:40,37,38,9198,15539
2023-09-28 13:28:41,36,38,9198,15539
2023-09-28 13:28:42,37,38,9198,15539
2023-09-28 13:28:43,36,38,9198,15539
2023-09-28 13:28:44,37,38,9198,15539
2023-09-28 13:28:45,36,38,9198,15539
2023-09-28 13:28:46,37,38,9198,15539
2023-09-28 13:28:47,36,38,9198,15539
2023-09-28 13:28:48,37,38,9198,15539
2023-09-28 13:28:49,36,38,9198,15539
2023-09-28 13:28:50,37,38,9198,15539
2023-09-28 13:28:51,36,38,9198,15539
2023-09-28 13:28:52,37,38,9198,15539
2023-09-28 13:28:53,36,38,9198,15539
2023-09-28 13:28:54,37,38,9198,15539
2023-09-28 13:28:55,37,38,9198,15659
2023-09-28 13:29:00,37,39,9198,15659
2023-09-28 13:29:02,38,39,9198,15659
2023-09-28 13:29:02,37,39,9198,15659
2023-09-28 13:29:04,38,39,9198,15659
2023-09-28 13:29:05,37,39,9198,15659
2023-09-28 13:29:06,38,39,9198,15659
2023-09-28 13:29:07,37,39,9198,15659
2023-09-28 13:29:08,38,39,9198,15659
2023-09-28 13:29:09,37,39,9198,15659
2023-09-28 13:29:10,38,39,9198,15659
2023-09-28 13:29:11,37,39,9198,15659
2023-09-28 13:29:12,38,39,9198,15659
2023-09-28 13:29:13,37,39,9198,15659
2023-09-28 13:29:14,38,39,9198,15659
2023-09-28 13:29:15,37,39,9198,15659
2023-09-28 13:29:17,38,39,9198,15659
2023-09-28 13:29:18,37,39,9198,15659
2023-09-28 13:29:26,38,39,9198,15659
2023-09-28 13:29:27,37,39,9198,15659
2023-09-28 13:29:28,38,39,9198,15659
2023-09-28 13:29:29,37,39,9198,15659
2023-09-28 13:29:30,38,39,9198,15659
2023-09-28 13:29:31,37,39,9198,15659
2023-09-28 13:29:32,38,39,9198,15659
2023-09-28 13:29:33,37,39,9198,15659
2023-09-28 13:29:34,38,39,9198,15659
2023-09-28 13:29:35,37,39,9198,15659
2023-09-28 13:29:36,38,39,9198,15659
2023-09-28 13:29:37,37,39,9198,15659
2023-09-28 13:29:38,38,39,9198,15659
2023-09-28 13:29:39,37,39,9198,15659
2023-09-28 13:29:40,38,39,9198,15659
2023-09-28 13:29:41,37,39,9198,15659
2023-09-28 13:29:42,38,39,9198,15659
2023-09-28 13:29:43,37,39,9198,15659
2023-09-28 13:29:47,38,39,9198,15659
2023-09-28 13:29:48,37,39,9198,15659
2023-09-28 13:29:49,38,39,9198,15659
2023-09-28 13:29:50,37,39,9198,15659
2023-09-28 13:29:51,38,39,9198,15659
2023-09-28 13:29:52,37,39,9198,15659
2023-09-28 13:29:53,38,39,9198,15659
2023-09-28 13:29:54,38,39,9193,15664
2023-09-28 13:29:54,37,39,9193,15664
2023-09-28 13:29:55,38,39,9193,15664
2023-09-28 13:29:56,37,39,9193,15664
2023-09-28 13:29:57,38,39,9193,15664
2023-09-28 13:29:58,37,39,9193,15664
2023-09-28 13:29:59,38,39,9193,15664
2023-09-28 13:30:00,37,39,9193,15664
2023-09-28 13:30:01,38,39,9193,15664
2023-09-28 13:30:02,37,39,9193,15664
2023-09-28 13:30:03,38,39,9193,15664
2023-09-28 13:30:04,38,40,9193,15664
2023-09-28 13:30:05,39,40,9193,15664
2023-09-28 13:30:06,38,40,9193,15664
2023-09-28 13:30:07,39,40,9193,15664
2023-09-28 13:30:08,38,40,9193,15664
2023-09-28 13:30:09,39,40,9193,15664
2023-09-28 13:30:10,38,40,9193,15664
2023-09-28 13:30:11,38,41,9193,15664
2023-09-28 13:30:11,39,41,9193,15664
2023-09-28 13:30:12,38,41,9193,15664
2023-09-28 13:30:13,39,41,9193,15664
2023-09-28 13:30:14,38,41,9193,15664
2023-09-28 13:30:15,39,41,9193,15664
2023-09-28 13:30:16,38,41,9193,15664
2023-09-28 13:30:17,39,41,9193,15664
2023-09-28 13:30:18,38,41,9193,15664
2023-09-28 13:30:19,39,41,9193,15664
2023-09-28 13:30:20,38,41,9193,15664
2023-09-28 13:30:21,39,41,9193,15664
2023-09-28 13:30:22,38,41,9193,15664
2023-09-28 13:30:23,39,41,9193,15664
2023-09-28 13:30:24,39,40,9193,15664
2023-09-28 13:30:24,38,40,9193,15664
2023-09-28 13:30:26,39,40,9193,15664
2023-09-28 13:30:27,38,40,9193,15664
2023-09-28 13:30:28,39,40,9193,15664
2023-09-28 13:30:29,38,40,9193,15664
2023-09-28 13:30:30,38,40,9183,15674
2023-09-28 13:30:30,39,40,9183,15674
2023-09-28 13:30:31,38,40,9183,15674
2023-09-28 13:30:32,39,40,9183,15674
2023-09-28 13:30:33,38,40,9183,15674
2023-09-28 13:30:34,39,40,9183,15674
2023-09-28 13:30:35,38,40,9183,15674
2023-09-28 13:30:36,39,40,9183,15674
2023-09-28 13:30:37,38,40,9183,15674
2023-09-28 13:30:38,39,40,9183,15674
2023-09-28 13:30:38,39,40,9180,15677
2023-09-28 13:30:39,39,41,9180,15677
2023-09-28 13:30:39,38,41,9180,15677
2023-09-28 13:30:40,39,41,9180,15677
2023-09-28 13:30:41,38,41,9180,15677
2023-09-28 13:30:42,39,41,9180,15677
2023-09-28 13:30:43,38,41,9180,15677
2023-09-28 13:30:43,40,41,9180,15677
2023-09-28 13:30:44,38,41,9180,15677
2023-09-28 13:30:45,39,41,9180,15677
2023-09-28 13:30:45,40,41,9180,15677
2023-09-28 13:30:46,39,41,9180,15677
2023-09-28 13:30:47,40,41,9180,15677
2023-09-28 13:30:47,40,42,9180,15677
2023-09-28 13:30:47,41,42,9180,15677
2023-09-28 13:30:48,40,42,9180,15677
2023-09-28 13:30:49,41,42,9180,15677
2023-09-28 13:30:50,40,42,9180,15677
2023-09-28 13:30:51,41,42,9180,15677
2023-09-28 13:30:52,40,42,9180,15677
2023-09-28 13:30:54,40,41,9180,15677
2023-09-28 13:30:58,41,42,9180,15678
2023-09-28 13:30:59,40,42,9180,15678
2023-09-28 13:31:20,41,42,9180,15678
2023-09-28 13:31:23,41,43,9180,15678
2023-09-28 13:31:26,41,43,9178,15727
2023-09-28 13:31:27,42,43,9178,15727
2023-09-28 13:31:43,41,43,9178,15727
2023-09-28 13:32:07,42,43,9178,15727
2023-09-28 13:32:10,42,43,9178,15764
2023-09-28 13:32:55,42,44,9178,15764
2023-09-28 13:32:56,42,44,9178,15820
2023-09-28 13:33:19,42,43,9178,15820
2023-09-28 13:33:24,42,44,9178,15820
2023-09-28 13:34:29,43,44,9178,15820
2023-09-28 13:34:30,42,44,9178,15820
2023-09-28 13:34:33,43,44,9178,15820
2023-09-28 13:34:34,42,44,9178,15820
2023-09-28 13:34:56,43,44,9178,15820
2023-09-28 13:34:57,42,44,9178,15820
2023-09-28 13:34:58,43,44,9178,15820
2023-09-28 13:34:59,42,44,9178,15820
2023-09-28 13:35:00,43,44,9178,15820
2023-09-28 13:35:01,42,44,9178,15820
2023-09-28 13:35:02,43,44,9178,15820
2023-09-28 13:35:03,42,44,9178,15820
2023-09-28 13:35:04,43,44,9178,15820
2023-09-28 13:35:05,42,44,9178,15820
2023-09-28 13:35:06,43,44,9178,15820
2023-09-28 13:35:07,42,44,9178,15820
2023-09-28 13:35:11,43,44,9178,15820
2023-09-28 13:35:12,42,44,9178,15820
2023-09-28 13:35:13,43,44,9178,15820
2023-09-28 13:35:14,42,44,9178,15820
2023-09-28 13:35:15,43,44,9178,15820
2023-09-28 13:35:16,42,44,9178,15820
2023-09-28 13:35:17,43,44,9178,15820
2023-09-28 13:35:18,42,44,9178,15820
2023-09-28 13:35:19,43,44,9178,15820
2023-09-28 13:35:21,42,44,9178,15820
2023-09-28 13:35:23,43,44,9178,15820
2023-09-28 13:35:24,42,44,9178,15820
2023-09-28 13:36:00,43,44,9178,15820
2023-09-28 13:36:01,42,44,9178,15820
2023-09-28 13:36:08,42,43,9178,15820
2023-09-28 13:36:16,41,43,9178,15820
2023-09-28 13:36:16,42,43,9178,15820
2023-09-28 13:36:17,41,43,9178,15820
2023-09-28 13:36:18,42,43,9178,15820
2023-09-28 13:36:19,41,43,9178,15820
2023-09-28 13:36:20,42,43,9178,15820
2023-09-28 13:36:21,41,43,9178,15820
2023-09-28 13:36:22,42,43,9178,15820
2023-09-28 13:36:23,41,43,9178,15820
2023-09-28 13:36:24,42,43,9178,15820
2023-09-28 13:36:25,41,43,9178,15820
2023-09-28 13:36:26,42,43,9178,15820
2023-09-28 13:36:27,41,43,9178,15820
2023-09-28 13:36:28,42,43,9178,15820
2023-09-28 13:36:29,41,43,9178,15820
2023-09-28 13:36:31,41,42,9178,15820
2023-09-28 13:36:32,41,42,9178,15863
2023-09-28 13:36:33,41,43,9178,15863
2023-09-28 13:36:33,42,43,9178,15863
2023-09-28 13:36:34,42,43,8978,16063
2023-09-28 13:36:34,41,43,8978,16063
2023-09-28 13:36:52,41,43,8978,16066
2023-09-28 13:36:54,42,43,8978,16066
2023-09-28 13:36:55,41,43,8978,16066
2023-09-28 13:37:17,41,42,8978,16066
2023-09-28 13:37:18,41,43,8978,16066
2023-09-28 13:37:20,41,42,8978,16066
2023-09-28 13:37:39,41,43,8978,16066
2023-09-28 13:37:43,42,43,8978,16066
2023-09-28 13:37:43,42,43,8978,16106
2023-09-28 13:37:53,41,43,8978,16106
2023-09-28 13:37:57,42,43,8978,16106
2023-09-28 13:38:03,41,43,8978,16106
2023-09-28 13:38:04,42,43,8978,16106
2023-09-28 13:38:10,41,43,8978,16106
2023-09-28 13:38:16,41,42,8978,16106
2023-09-28 13:38:17,41,43,8978,16106
2023-09-28 13:38:17,42,43,8978,16106
2023-09-28 13:38:19,41,43,8978,16106
2023-09-28 13:38:24,42,43,8978,16106
2023-09-28 13:38:25,41,43,8978,16106
2023-09-28 13:38:27,42,43,8978,16106
2023-09-28 13:38:28,41,43,8978,16106
2023-09-28 13:38:30,42,43,8978,16106
2023-09-28 13:38:36,42,44,8978,16106
2023-09-28 13:38:38,42,43,8978,16106
2023-09-28 13:38:41,41,43,8978,16106
2023-09-28 13:38:42,42,43,8978,16106
2023-09-28 13:38:43,41,43,8978,16106
2023-09-28 13:39:22,42,43,8978,16106
2023-09-28 13:39:23,41,43,8978,16106
2023-09-28 13:39:27,42,43,8978,16106
2023-09-28 13:39:29,41,43,8978,16106
2023-09-28 13:39:30,41,44,8978,16106
2023-09-28 13:39:30,42,44,8978,16106
2023-09-28 13:39:54,42,43,8978,16106
2023-09-28 13:39:59,41,43,8978,16106
2023-09-28 13:40:00,42,43,8978,16106
2023-09-28 13:40:03,41,43,8978,16106
2023-09-28 13:40:09,42,43,8978,16106
2023-09-28 13:40:10,41,43,8978,16106
2023-09-28 13:40:14,42,43,8978,16106
2023-09-28 13:40:16,42,44,8978,16106
2023-09-28 13:40:46,42,44,8978,16147
2023-09-28 13:43:44,43,44,8978,16147
2023-09-28 13:44:33,43,44,8978,16182
2023-09-28 13:44:38,43,45,8978,16182
2023-09-28 13:44:38,44,45,8978,16182
2023-09-28 13:45:33,44,45,8978,16191
2023-09-28 13:46:21,43,45,8978,16191
2023-09-28 13:46:21,43,44,8978,16191
2023-09-28 13:46:24,43,45,8978,16191
2023-09-28 13:46:25,43,44,8978,16191
2023-09-28 13:46:25,44,45,8969,16200
2023-09-28 13:46:27,44,45,8960,16209
2023-09-28 13:46:29,43,45,8960,16209
2023-09-28 13:46:30,43,44,8960,16209
2023-09-28 13:46:30,44,45,8951,16218
2023-09-28 13:46:31,44,45,8942,16227
2023-09-28 13:46:32,44,45,8933,16236
2023-09-28 13:46:32,43,45,8933,16236
2023-09-28 13:46:33,43,44,8933,16236
2023-09-28 13:46:44,43,44,8733,16436
2023-09-28 13:46:44,42,44,8733,16436
2023-09-28 13:46:48,42,43,8733,16436
2023-09-28 13:46:58,41,43,8733,16436
2023-09-28 13:47:09,42,43,8733,16436
2023-09-28 13:47:17,41,43,8733,16436
2023-09-28 13:47:18,42,43,8733,16436
2023-09-28 13:47:19,41,43,8733,16436
2023-09-28 13:47:22,42,43,8733,16436
2023-09-28 13:47:24,41,43,8733,16436
2023-09-28 13:47:39,41,42,8733,16436
2023-09-28 13:47:45,41,42,8733,16479
2023-09-28 13:48:24,41,42,8697,16515
2023-09-28 13:48:32,41,43,8697,16515
2023-09-28 13:48:32,42,43,8697,16515
2023-09-28 13:49:22,41,43,8697,16515
2023-09-28 13:49:30,42,43,8697,16515
2023-09-28 13:49:31,41,43,8697,16515
2023-09-28 13:49:33,41,42,8697,16515
2023-09-28 13:49:44,41,43,8697,16515
2023-09-28 13:49:46,42,43,8697,16515
2023-09-28 13:50:19,41,43,8697,16515
2023-09-28 13:50:34,42,43,8697,16515
2023-09-28 13:50:36,41,43,8697,16515
2023-09-28 13:50:40,42,43,8697,16515
2023-09-28 13:50:57,41,43,8697,16515
2023-09-28 13:50:58,41,42,8697,16515
2023-09-28 13:51:12,41,42,8682,16530
2023-09-28 13:51:14,41,43,8682,16530
2023-09-28 13:51:16,42,43,8682,16530
2023-09-28 13:51:20,41,43,8682,16530
2023-09-28 13:51:22,42,43,8682,16530
2023-09-28 13:51:24,41,43,8682,16530
2023-09-28 13:51:27,42,43,8682,16530
2023-09-28 13:51:37,41,43,8682,16530
2023-09-28 13:51:41,42,43,8682,16530
2023-09-28 13:51:47,41,43,8682,16530
2023-09-28 13:51:52,42,43,8682,16530
2023-09-28 13:52:00,42,44,8682,16530
2023-09-28 13:52:08,43,44,8682,16530
2023-09-28 13:52:24,43,45,8682,16530
2023-09-28 13:52:59,44,45,8682,16530
2023-09-28 13:52:59,44,45,8682,16537
2023-09-28 13:53:43,43,45,8682,16537
2023-09-28 13:53:44,44,45,8682,16537
2023-09-28 13:53:47,43,45,8682,16537
2023-09-28 13:53:54,43,44,8682,16537
2023-09-28 13:53:55,43,45,8682,16537
2023-09-28 13:54:06,44,45,8682,16537
2023-09-28 13:54:08,43,45,8682,16537
2023-09-28 13:54:24,44,45,8682,16537
2023-09-28 13:54:25,43,45,8682,16537
2023-09-28 13:55:13,44,45,8682,16537
2023-09-28 13:55:14,43,45,8682,16537
2023-09-28 13:55:29,44,45,8682,16537
2023-09-28 13:55:30,43,45,8682,16537
2023-09-28 13:55:33,44,45,8682,16537
2023-09-28 13:55:40,43,45,8682,16537
2023-09-28 13:55:55,44,45,8682,16537
2023-09-28 13:55:58,44,45,8682,16551
2023-09-28 13:56:09,43,45,8682,16551
2023-09-28 13:56:23,43,44,8682,16551
2023-09-28 13:56:28,43,45,8682,16551
2023-09-28 13:56:54,44,45,8682,16551
2023-09-28 13:56:55,43,45,8682,16551
2023-09-28 13:56:57,44,45,8682,16551
2023-09-28 13:57:01,43,45,8682,16551
2023-09-28 13:57:51,43,44,8682,16551
2023-09-28 13:57:54,43,45,8682,16551
2023-09-28 13:57:58,43,44,8682,16551
2023-09-28 13:58:04,43,45,8682,16551
2023-09-28 13:58:06,43,44,8682,16551
2023-09-28 13:58:12,42,44,8682,16551
2023-09-28 13:58:14,43,44,8682,16551
2023-09-28 13:58:15,43,45,8682,16551
2023-09-28 13:58:18,43,44,8682,16551
2023-09-28 13:58:19,43,45,8682,16551
2023-09-28 13:58:24,44,45,8682,16551
2023-09-28 13:58:39,43,45,8682,16551
2023-09-28 13:59:04,44,45,8682,16551
2023-09-28 13:59:25,43,45,8682,16551
2023-09-28 13:59:39,44,45,8682,16551
2023-09-28 14:00:00,43,45,8682,16551
2023-09-28 14:00:26,44,45,8682,16551
2023-09-28 14:00:30,43,45,8682,16551
2023-09-28 14:01:12,44,45,8682,16551
2023-09-28 14:02:04,44,46,8682,16551
2023-09-28 14:02:04,45,46,8682,16551
2023-09-28 14:02:09,44,46,8682,16551
2023-09-28 14:02:19,45,46,8682,16551
2023-09-28 14:02:28,44,46,8682,16551
2023-09-28 14:02:38,44,45,8682,16551
2023-09-28 14:02:41,44,45,8678,16555
2023-09-28 14:02:53,43,45,8678,16555
2023-09-28 14:02:57,44,45,8678,16555
2023-09-28 14:02:58,43,45,8678,16555
2023-09-28 14:02:59,44,45,8678,16555
2023-09-28 14:03:00,43,45,8678,16555
2023-09-28 14:03:02,44,45,8678,16555
2023-09-28 14:03:03,43,45,8678,16555
2023-09-28 14:03:07,44,45,8678,16555
2023-09-28 14:03:08,44,45,8672,16561
2023-09-28 14:03:26,43,45,8672,16561
2023-09-28 14:03:29,44,45,8672,16561
2023-09-28 14:03:42,44,46,8672,16561
2023-09-28 14:04:51,45,46,8672,16561
2023-09-28 14:04:57,45,47,8672,16561
2023-09-28 14:05:29,46,47,8672,16561
2023-09-28 14:05:46,45,47,8672,16561
2023-09-28 14:06:11,45,46,8672,16561
2023-09-28 14:06:19,45,47,8672,16561
2023-09-28 14:06:24,45,46,8672,16561
2023-09-28 14:06:27,45,47,8672,16561
2023-09-28 14:06:39,45,46,8672,16561
2023-09-28 14:06:41,44,46,8672,16561
2023-09-28 14:06:42,45,46,8672,16561
2023-09-28 14:06:43,45,47,8672,16561
2023-09-28 14:06:49,45,46,8672,16561
2023-09-28 14:06:50,44,46,8672,16561
2023-09-28 14:06:51,44,45,8672,16561
2023-09-28 14:06:56,44,45,8670,16563
2023-09-28 14:08:17,43,45,8670,16563
2023-09-28 14:08:21,43,44,8670,16563
2023-09-28 14:08:32,43,45,8670,16563
2023-09-28 14:08:39,44,45,8670,16563
2023-09-28 14:08:40,43,45,8670,16563
2023-09-28 14:08:49,43,44,8670,16563
2023-09-28 14:09:07,42,44,8670,16563
2023-09-28 14:09:08,43,44,8670,16563
2023-09-28 14:09:08,43,44,8646,16587
2023-09-28 14:09:09,42,44,8646,16587
2023-09-28 14:09:17,43,44,8646,16587
2023-09-28 14:09:18,42,44,8646,16587
2023-09-28 14:09:24,43,44,8646,16587
2023-09-28 14:09:25,42,44,8646,16587
2023-09-28 14:09:33,43,44,8646,16587
2023-09-28 14:09:34,43,45,8646,16587
2023-09-28 14:09:39,43,44,8646,16587
2023-09-28 14:09:40,43,45,8646,16587
2023-09-28 14:09:41,43,44,8646,16587
2023-09-28 14:09:46,42,44,8646,16587
2023-09-28 14:09:47,43,44,8646,16587
2023-09-28 14:09:50,42,44,8646,16587
2023-09-28 14:09:52,43,44,8646,16587
2023-09-28 14:09:58,42,44,8646,16587
2023-09-28 14:10:06,43,44,8646,16587
2023-09-28 14:10:19,42,44,8646,16587
2023-09-28 14:10:20,43,44,8646,16587
2023-09-28 14:10:23,42,44,8646,16587
2023-09-28 14:10:32,43,44,8646,16587
2023-09-28 14:10:34,42,44,8646,16587
2023-09-28 14:10:35,43,44,8646,16587
2023-09-28 14:10:56,43,45,8646,16587
2023-09-28 14:11:04,43,46,8646,16587
2023-09-28 14:11:04,44,46,8646,16587
2023-09-28 14:11:08,43,46,8646,16587
2023-09-28 14:11:17,43,45,8646,16587
2023-09-28 14:11:19,43,46,8646,16587
2023-09-28 14:11:25,43,45,8646,16587
2023-09-28 14:11:26,43,46,8646,16587
2023-09-28 14:11:28,43,45,8646,16587
2023-09-28 14:11:35,43,46,8646,16587
2023-09-28 14:11:45,43,45,8646,16587
2023-09-28 14:11:57,43,44,8646,16587
2023-09-28 14:12:32,43,45,8646,16587
2023-09-28 14:12:51,43,46,8646,16587
2023-09-28 14:12:54,43,45,8646,16587
2023-09-28 14:13:03,43,46,8646,16587
2023-09-28 14:13:05,43,45,8646,16587
2023-09-28 14:13:34,43,44,8646,16587
2023-09-28 14:13:41,42,43,8449,16784
2023-09-28 14:13:42,42,43,8252,16981
2023-09-28 14:13:42,41,43,8252,16981
2023-09-28 14:13:43,41,44,8252,16981
2023-09-28 14:13:43,41,43,8252,16981
2023-09-28 14:13:50,42,43,8252,16981
2023-09-28 14:13:52,41,43,8252,16981
2023-09-28 14:13:59,41,42,8252,16981
2023-09-28 14:13:59,41,42,8252,17005
2023-09-28 14:14:01,40,42,8252,17005
2023-09-28 14:14:04,41,42,8252,17005
2023-09-28 14:14:05,40,42,8252,17005
2023-09-28 14:14:06,41,42,8252,17005
2023-09-28 14:14:08,40,42,8252,17005
2023-09-28 14:14:09,40,41,8252,17005
2023-09-28 14:14:09,40,41,8052,17205
2023-09-28 14:14:09,39,41,8052,17205
2023-09-28 14:14:10,39,40,8052,17205
2023-09-28 14:14:19,38,40,8052,17205
2023-09-28 14:14:19,38,39,8052,17205
2023-09-28 14:14:32,37,39,8252,17405
2023-09-28 14:14:33,37,38,8252,17405
2023-09-28 14:15:01,37,38,8252,17407
2023-09-28 14:15:10,36,38,8252,17407
2023-09-28 14:15:36,37,38,8252,17407
2023-09-28 14:15:40,37,39,8252,17407
2023-09-28 14:15:44,37,38,8252,17407
2023-09-28 14:15:47,37,39,8252,17407
2023-09-28 14:15:48,37,38,8252,17407
2023-09-28 14:15:51,36,38,8252,17407
2023-09-28 14:15:52,37,38,8252,17407
2023-09-28 14:15:55,37,39,8252,17407
2023-09-28 14:15:58,37,38,8252,17407
2023-09-28 14:15:59,37,38,8237,17422
2023-09-28 14:15:59,36,38,8237,17422
2023-09-28 14:16:05,36,37,8237,17422
2023-09-28 14:16:17,35,37,8237,17422
2023-09-28 14:16:21,35,36,8237,17422
2023-09-28 14:16:40,34,36,8237,17422
2023-09-28 14:16:42,33,36,8437,17622
2023-09-28 14:16:42,33,35,8437,17622
2023-09-28 14:16:43,33,34,8437,17622
2023-09-28 14:17:01,33,35,8437,17622
2023-09-28 14:17:04,34,35,8437,17622
2023-09-28 14:17:04,34,37,8437,17622
2023-09-28 14:17:05,34,36,8437,17622
2023-09-28 14:17:16,34,35,8437,17622
2023-09-28 14:17:17,33,35,8437,17622
2023-09-28 14:17:19,34,35,8437,17622
2023-09-28 14:17:22,34,36,8437,17622
2023-09-28 14:17:27,34,35,8437,17622
2023-09-28 14:17:30,33,35,8437,17622
2023-09-28 14:17:35,34,35,8437,17622
2023-09-28 14:17:36,33,35,8437,17622
2023-09-28 14:17:40,34,35,8437,17622
2023-09-28 14:17:42,33,35,8437,17622
2023-09-28 14:17:44,34,35,8437,17622
2023-09-28 14:17:46,33,35,8437,17622
2023-09-28 14:17:50,34,35,8437,17622
2023-09-28 14:17:52,34,36,8437,17622
2023-09-28 14:18:01,34,37,8437,17622
2023-09-28 14:18:05,34,36,8437,17622
2023-09-28 14:18:07,33,36,8437,17622
2023-09-28 14:18:23,34,36,8437,17622
2023-09-28 14:18:26,33,36,8437,17622
2023-09-28 14:18:48,33,35,8437,17622
2023-09-28 14:19:04,33,34,8437,17622
2023-09-28 14:19:24,32,34,8437,17622
2023-09-28 14:19:26,32,33,8437,17622
2023-09-28 14:19:29,31,33,8437,17622
2023-09-28 14:19:30,30,33,8837,18022
2023-09-28 14:19:31,30,32,8837,18022
2023-09-28 14:19:33,30,31,8837,18022
2023-09-28 14:19:41,30,31,8844,18030
2023-09-28 14:19:48,30,32,9035,18221
2023-09-28 14:19:52,30,33,9035,18221
2023-09-28 14:19:52,31,33,9035,18221
2023-09-28 14:19:53,30,33,9035,18221
2023-09-28 14:19:54,31,33,9035,18221
2023-09-28 14:19:57,31,34,9035,18221
2023-09-28 14:19:58,31,35,9035,18221
2023-09-28 14:19:58,32,35,9035,18221
2023-09-28 14:20:00,33,35,9035,18221
2023-09-28 14:20:09,33,34,9035,18221
2023-09-28 14:20:10,32,34,9035,18221
2023-09-28 14:20:14,33,34,9035,18221
2023-09-28 14:20:14,33,34,9035,18230
2023-09-28 14:20:23,32,34,9035,18230
2023-09-28 14:20:42,33,34,9035,18230
2023-09-28 14:20:45,32,34,9035,18230
2023-09-28 14:20:50,31,34,9035,18230
2023-09-28 14:20:53,32,34,9035,18230
2023-09-28 14:21:02,31,34,9035,18230
2023-09-28 14:21:20,32,34,9035,18230
2023-09-28 14:21:21,31,34,9035,18230
2023-09-28 14:21:31,30,34,9035,18230
2023-09-28 14:21:32,31,34,9035,18230
2023-09-28 14:21:33,30,34,9035,18230
2023-09-28 14:21:34,31,34,9035,18230
2023-09-28 14:21:48,32,34,9035,18230
2023-09-28 14:21:49,32,35,9035,18230
2023-09-28 14:21:54,33,35,9035,18230
2023-09-28 14:22:00,32,35,9035,18230
2023-09-28 14:22:01,33,35,9035,18230
2023-09-28 14:22:06,33,36,9035,18230
2023-09-28 14:22:07,34,36,9035,18230
2023-09-28 14:22:13,34,35,9035,18230
2023-09-28 14:22:16,33,35,9035,18230
2023-09-28 14:22:59,33,36,9035,18230
2023-09-28 14:23:05,33,35,9035,18230
2023-09-28 14:23:20,33,36,9035,18230
2023-09-28 14:23:42,34,36,9035,18230
2023-09-28 14:23:48,33,36,9035,18230
2023-09-28 14:23:49,33,35,9035,18230
2023-09-28 14:23:58,33,34,9035,18230
2023-09-28 14:24:00,33,34,9044,18239
2023-09-28 14:24:02,31,34,9044,18239
2023-09-28 14:24:21,32,34,9044,18239
2023-09-28 14:24:28,32,35,9249,18444
2023-09-28 14:24:29,32,36,9249,18444
2023-09-28 14:24:30,33,36,9249,18444
2023-09-28 14:24:31,34,36,9249,18444
2023-09-28 14:24:32,34,37,9249,18444
2023-09-28 14:24:32,35,37,9249,18444
2023-09-28 14:24:33,36,37,9249,18444
2023-09-28 14:24:34,34,37,9249,18444
2023-09-28 14:24:34,35,37,9249,18444
2023-09-28 14:24:35,35,38,9249,18444
2023-09-28 14:24:35,36,38,9249,18444
2023-09-28 14:24:36,37,38,9249,18444
2023-09-28 14:24:37,37,39,9249,18444
2023-09-28 14:24:37,35,39,9249,18444
2023-09-28 14:24:37,38,39,9249,18444
2023-09-28 14:24:38,35,39,9249,18444
2023-09-28 14:24:38,36,39,9249,18444
2023-09-28 14:24:39,37,39,9249,18444
2023-09-28 14:24:40,35,39,9249,18444
2023-09-28 14:24:40,38,39,9249,18444
2023-09-28 14:24:41,35,39,9249,18444
2023-09-28 14:24:42,36,39,9249,18444
2023-09-28 14:24:42,37,39,9249,18444
2023-09-28 14:24:43,35,39,9249,18444
2023-09-28 14:24:43,38,39,9249,18444
2023-09-28 14:24:44,35,39,9249,18444
2023-09-28 14:24:45,36,39,9249,18444
2023-09-28 14:24:45,37,39,9249,18444
2023-09-28 14:24:46,38,39,9249,18444
2023-09-28 14:24:47,35,39,9249,18444
2023-09-28 14:24:47,36,39,9249,18444
2023-09-28 14:24:48,37,39,9249,18444
2023-09-28 14:24:49,35,39,9249,18444
2023-09-28 14:24:49,38,39,9249,18444
2023-09-28 14:24:50,35,39,9249,18444
2023-09-28 14:24:50,36,39,9249,18444
2023-09-28 14:24:51,37,39,9249,18444
2023-09-28 14:24:52,38,39,9249,18444
2023-09-28 14:24:53,35,39,9249,18444
2023-09-28 14:24:54,36,39,9249,18444
2023-09-28 14:24:54,37,39,9249,18444
2023-09-28 14:24:55,37,38,9249,18444
2023-09-28 14:24:55,35,38,9249,18444
2023-09-28 14:24:56,36,38,9249,18444
2023-09-28 14:24:56,36,39,9249,18444
2023-09-28 14:24:56,37,39,9249,18444
2023-09-28 14:24:57,38,39,9249,18444
2023-09-28 14:24:58,35,39,9249,18444
2023-09-28 14:24:59,36,39,9249,18444
2023-09-28 14:24:59,37,39,9249,18444
2023-09-28 14:25:00,35,39,9249,18444
2023-09-28 14:25:00,38,39,9249,18444
2023-09-28 14:25:01,36,39,9249,18444
2023-09-28 14:25:02,36,40,9249,18444
2023-09-28 14:25:02,37,40,9249,18444
2023-09-28 14:25:02,38,40,9249,18444
2023-09-28 14:25:03,36,40,9249,18444
2023-09-28 14:25:03,39,40,9249,18444
2023-09-28 14:25:04,36,40,9249,18444
2023-09-28 14:25:05,37,40,9249,18444
2023-09-28 14:25:05,38,40,9249,18444
2023-09-28 14:25:06,37,40,9249,18444
2023-09-28 14:25:06,39,40,9249,18444
2023-09-28 14:25:07,37,40,9249,18444
2023-09-28 14:25:08,38,40,9249,18444
2023-09-28 14:25:09,36,40,9249,18444
2023-09-28 14:25:09,39,40,9249,18444
2023-09-28 14:25:10,36,40,9249,18444
2023-09-28 14:25:10,37,40,9249,18444
2023-09-28 14:25:11,37,39,9249,18444
2023-09-28 14:25:11,38,39,9249,18444
2023-09-28 14:25:12,38,40,9249,18444
2023-09-28 14:25:12,38,39,9249,18444
2023-09-28 14:25:12,36,39,9249,18444
2023-09-28 14:25:13,37,39,9249,18444
2023-09-28 14:25:13,38,39,9249,18444
2023-09-28 14:25:14,36,39,9249,18444
2023-09-28 14:25:15,37,39,9249,18444
2023-09-28 14:25:16,36,39,9249,18444
2023-09-28 14:25:17,37,39,9249,18444
2023-09-28 14:25:18,36,39,9249,18444
2023-09-28 14:25:19,36,38,9249,18444
2023-09-28 14:25:19,37,38,9249,18444
2023-09-28 14:25:20,37,39,9249,18444
2023-09-28 14:25:20,36,39,9249,18444
2023-09-28 14:25:21,37,39,9249,18444
2023-09-28 14:25:22,36,39,9249,18444
2023-09-28 14:25:23,37,39,9249,18444
2023-09-28 14:25:24,36,39,9249,18444
2023-09-28 14:25:25,37,39,9249,18444
2023-09-28 14:25:26,36,39,9249,18444
2023-09-28 14:25:27,37,39,9249,18444
2023-09-28 14:25:28,36,39,9249,18444
2023-09-28 14:25:29,36,38,9249,18444
2023-09-28 14:25:29,37,38,9249,18444
2023-09-28 14:25:30,37,39,9249,18444
2023-09-28 14:25:30,36,39,9249,18444
2023-09-28 14:25:31,35,39,9249,18444
2023-09-28 14:25:31,35,38,9249,18444
2023-09-28 14:25:31,36,38,9249,18444
2023-09-28 14:25:32,35,38,9249,18444
2023-09-28 14:25:33,35,37,9249,18444
2023-09-28 14:25:42,34,37,9249,18444
2023-09-28 14:25:47,35,37,9249,18444
2023-09-28 14:25:48,35,37,9249,18447
2023-09-28 14:25:48,34,37,9249,18447
2023-09-28 14:25:49,34,36,9249,18447
2023-09-28 14:25:50,34,37,9249,18447
2023-09-28 14:25:51,34,36,9249,18447
2023-09-28 14:26:08,34,37,9249,18447
2023-09-28 14:26:09,34,36,9249,18447
2023-09-28 14:26:10,34,37,9249,18447
2023-09-28 14:26:11,34,36,9249,18447
2023-09-28 14:26:12,34,35,9249,18447
2023-09-28 14:26:13,33,35,9249,18447
2023-09-28 14:26:17,32,35,9249,18447
2023-09-28 14:26:17,32,34,9249,18447
2023-09-28 14:26:27,32,35,9249,18447
2023-09-28 14:26:28,32,34,9249,18447
2023-09-28 14:26:29,32,35,9249,18447
2023-09-28 14:26:35,32,36,9249,18447
2023-09-28 14:26:35,33,36,9249,18447
2023-09-28 14:26:37,34,36,9249,18447
2023-09-28 14:26:38,33,36,9249,18447
2023-09-28 14:26:39,34,36,9249,18447
2023-09-28 14:26:40,33,36,9249,18447
2023-09-28 14:26:41,33,37,9249,18447
2023-09-28 14:26:41,34,37,9249,18447
2023-09-28 14:26:42,33,37,9249,18447
2023-09-28 14:26:43,34,37,9249,18447
2023-09-28 14:26:44,34,38,9249,18447
2023-09-28 14:26:44,34,37,9249,18447
2023-09-28 14:26:44,35,37,9249,18447
2023-09-28 14:26:45,33,37,9249,18447
2023-09-28 14:26:45,34,37,9249,18447
2023-09-28 14:26:46,35,37,9249,18447
2023-09-28 14:26:47,33,37,9249,18447
2023-09-28 14:26:48,34,37,9249,18447
2023-09-28 14:26:49,33,37,9249,18447
2023-09-28 14:26:50,34,37,9249,18447
2023-09-28 14:26:51,33,37,9249,18447
2023-09-28 14:26:52,34,37,9249,18447
2023-09-28 14:26:53,33,37,9249,18447
2023-09-28 14:26:54,34,37,9249,18447
2023-09-28 14:26:55,33,37,9249,18447
2023-09-28 14:26:56,34,37,9249,18447
2023-09-28 14:26:57,33,37,9249,18447
2023-09-28 14:26:58,34,37,9249,18447
2023-09-28 14:26:59,33,37,9249,18447
2023-09-28 14:27:00,33,36,9249,18447
2023-09-28 14:27:00,34,36,9249,18447
2023-09-28 14:27:01,33,36,9249,18447
2023-09-28 14:27:02,34,36,9249,18447
2023-09-28 14:27:03,33,36,9249,18447
2023-09-28 14:27:04,34,36,9249,18447
2023-09-28 14:27:06,34,35,9249,18447
2023-09-28 14:27:06,33,35,9249,18447
2023-09-28 14:27:08,32,35,9249,18447
2023-09-28 14:27:09,34,35,9249,18447
2023-09-28 14:27:12,32,35,9249,18447
2023-09-28 14:27:16,32,34,9249,18447
2023-09-28 14:27:31,32,35,9249,18447
2023-09-28 14:27:33,32,34,9249,18447
2023-09-28 14:27:34,32,35,9249,18447
2023-09-28 14:27:37,33,35,9249,18447
2023-09-28 14:27:40,33,36,9249,18447
2023-09-28 14:27:40,34,36,9249,18447
2023-09-28 14:27:41,33,36,9249,18447
2023-09-28 14:27:55,32,36,9249,18447
2023-09-28 14:27:58,32,35,9249,18447
2023-09-28 14:28:06,32,35,9249,18449
2023-09-28 14:28:19,32,34,9249,18449
2023-09-28 14:28:24,31,34,9249,18449
2023-09-28 14:28:25,31,33,9249,18449
2023-09-28 14:28:27,31,34,9249,18449
2023-09-28 14:28:28,31,33,9249,18449
2023-09-28 14:28:55,31,34,9249,18449
2023-09-28 14:28:56,31,33,9249,18449
2023-09-28 14:28:58,31,34,9249,18449
2023-09-28 14:29:13,32,34,9249,18449
2023-09-28 14:29:13,32,35,9249,18449
2023-09-28 14:29:15,32,34,9249,18449
2023-09-28 14:29:16,32,35,9249,18449
2023-09-28 14:29:23,32,34,9249,18449
2023-09-28 14:29:25,32,35,9249,18449
2023-09-28 14:29:34,33,35,9249,18449
2023-09-28 14:29:34,33,36,9249,18449
2023-09-28 14:29:36,34,36,9249,18449
2023-09-28 14:29:37,33,36,9249,18449
2023-09-28 14:29:38,34,36,9249,18449
2023-09-28 14:29:39,33,36,9249,18449
2023-09-28 14:29:40,34,36,9249,18449
2023-09-28 14:29:41,33,36,9249,18449
2023-09-28 14:29:42,34,36,9249,18449
2023-09-28 14:29:43,33,36,9249,18449
2023-09-28 14:29:44,34,36,9249,18449
2023-09-28 14:29:45,33,36,9249,18449
2023-09-28 14:29:46,34,36,9249,18449
2023-09-28 14:29:47,33,36,9249,18449
2023-09-28 14:30:01,32,36,9249,18449
2023-09-28 14:30:02,33,36,9249,18449
2023-09-28 14:30:03,32,36,9249,18449
2023-09-28 14:30:04,33,36,9249,18449
2023-09-28 14:30:05,32,36,9249,18449
2023-09-28 14:30:06,33,36,9249,18449
2023-09-28 14:30:07,33,37,9249,18449
2023-09-28 14:30:07,34,37,9249,18449
2023-09-28 14:30:08,35,37,9249,18449
2023-09-28 14:30:09,34,37,9249,18449
2023-09-28 14:30:10,35,37,9249,18449
2023-09-28 14:30:11,34,37,9249,18449
2023-09-28 14:30:11,36,37,9249,18449
2023-09-28 14:30:12,34,37,9249,18449
2023-09-28 14:30:13,35,37,9249,18449
2023-09-28 14:30:14,34,37,9249,18449
2023-09-28 14:30:15,35,37,9249,18449
2023-09-28 14:30:16,34,37,9249,18449
2023-09-28 14:30:17,35,37,9249,18449
2023-09-28 14:30:18,34,37,9249,18449
2023-09-28 14:30:19,35,37,9249,18449
2023-09-28 14:30:20,36,37,9249,18449
2023-09-28 14:30:21,34,37,9249,18449
2023-09-28 14:30:21,35,37,9249,18449
2023-09-28 14:30:22,35,38,9249,18449
2023-09-28 14:30:22,36,38,9249,18449
2023-09-28 14:30:23,34,38,9249,18449
2023-09-28 14:30:23,35,38,9249,18449
2023-09-28 14:30:24,35,37,9249,18449
2023-09-28 14:30:24,36,37,9249,18449
2023-09-28 14:30:25,34,37,9249,18449
2023-09-28 14:30:25,35,37,9249,18449
2023-09-28 14:30:26,36,37,9249,18449
2023-09-28 14:30:27,34,37,9249,18449
2023-09-28 14:30:27,35,37,9249,18449
2023-09-28 14:30:29,34,37,9249,18449
2023-09-28 14:30:29,35,37,9249,18449
2023-09-28 14:30:31,34,37,9249,18449
2023-09-28 14:30:32,35,37,9249,18449
2023-09-28 14:30:33,35,38,9249,18449
2023-09-28 14:30:33,34,38,9249,18449
2023-09-28 14:30:34,35,38,9249,18449
2023-09-28 14:30:35,34,38,9249,18449
2023-09-28 14:30:35,36,38,9249,18449
2023-09-28 14:30:36,34,38,9249,18449
2023-09-28 14:30:37,35,38,9249,18449
2023-09-28 14:30:38,36,38,9249,18449
2023-09-28 14:30:39,34,38,9249,18449
2023-09-28 14:30:39,35,38,9249,18449
2023-09-28 14:30:40,35,37,9249,18449
2023-09-28 14:30:40,36,37,9249,18449
2023-09-28 14:30:41,34,37,9249,18449
2023-09-28 14:30:42,35,37,9249,18449
2023-09-28 14:30:43,34,37,9249,18449
2023-09-28 14:30:43,35,37,9249,18449
2023-09-28 14:30:44,36,37,9249,18449
2023-09-28 14:30:45,36,38,9249,18449
2023-09-28 14:30:45,34,38,9249,18449
2023-09-28 14:30:45,35,38,9249,18449
2023-09-28 14:30:46,36,38,9249,18449
2023-09-28 14:30:47,36,39,9249,18449
2023-09-28 14:30:47,34,39,9249,18449
2023-09-28 14:30:47,37,39,9249,18449
2023-09-28 14:30:48,37,38,9249,18449
2023-09-28 14:30:48,34,38,9249,18449
2023-09-28 14:30:48,35,38,9249,18449
2023-09-28 14:30:49,36,38,9249,18449
2023-09-28 14:30:50,34,38,9249,18449
2023-09-28 14:30:50,35,38,9249,18449
2023-09-28 14:30:51,36,38,9249,18449
2023-09-28 14:30:52,34,38,9249,18449
2023-09-28 14:30:52,35,38,9249,18449
2023-09-28 14:30:53,36,38,9249,18449
2023-09-28 14:30:54,34,38,9249,18449
2023-09-28 14:30:54,35,38,9249,18449
2023-09-28 14:30:55,36,38,9249,18449
2023-09-28 14:30:56,34,38,9249,18449
2023-09-28 14:30:56,35,38,9249,18449
2023-09-28 14:30:57,36,38,9249,18449
2023-09-28 14:30:58,34,38,9249,18449
2023-09-28 14:30:59,34,37,9249,18449
2023-09-28 14:30:59,35,37,9249,18449
2023-09-28 14:30:59,36,37,9249,18449
2023-09-28 14:31:00,34,37,9249,18449
2023-09-28 14:31:01,35,37,9249,18449
2023-09-28 14:31:02,35,38,9249,18449
2023-09-28 14:31:02,36,38,9249,18449
2023-09-28 14:31:03,36,37,9249,18449
2023-09-28 14:31:03,34,37,9249,18449
2023-09-28 14:31:04,34,38,9249,18449
2023-09-28 14:31:04,35,38,9249,18449
2023-09-28 14:31:04,36,38,9249,18449
2023-09-28 14:31:05,34,38,9249,18449
2023-09-28 14:31:06,35,38,9249,18449
2023-09-28 14:31:06,36,38,9249,18449
2023-09-28 14:31:07,34,38,9249,18449
2023-09-28 14:31:07,35,38,9249,18449
2023-09-28 14:31:08,36,38,9249,18449
2023-09-28 14:31:09,34,38,9249,18449
2023-09-28 14:31:09,37,38,9249,18449
2023-09-28 14:31:10,34,38,9249,18449
2023-09-28 14:31:10,35,38,9249,18449
2023-09-28 14:31:11,36,38,9249,18449
2023-09-28 14:31:12,34,38,9249,18449
2023-09-28 14:31:12,37,38,9249,18449
2023-09-28 14:31:13,34,38,9249,18449
2023-09-28 14:31:14,35,38,9249,18449
2023-09-28 14:31:14,36,38,9249,18449
2023-09-28 14:31:15,34,38,9249,18449
2023-09-28 14:31:15,37,38,9249,18449
2023-09-28 14:31:16,34,38,9249,18449
2023-09-28 14:31:17,35,38,9249,18449
2023-09-28 14:31:17,36,38,9249,18449
2023-09-28 14:31:18,34,38,9249,18449
2023-09-28 14:31:18,35,38,9249,18449
2023-09-28 14:31:19,36,38,9249,18449
2023-09-28 14:31:20,36,37,9249,18449
2023-09-28 14:31:20,34,37,9249,18449
2023-09-28 14:31:21,35,37,9249,18449
2023-09-28 14:31:22,34,37,9249,18449
2023-09-28 14:31:23,35,37,9249,18449
2023-09-28 14:31:24,34,37,9249,18449
2023-09-28 14:31:25,35,37,9249,18449
2023-09-28 14:31:26,34,37,9249,18449
2023-09-28 14:31:27,35,37,9249,18449
2023-09-28 14:31:28,34,37,9249,18449
2023-09-28 14:31:29,34,38,9249,18449
2023-09-28 14:31:29,35,38,9249,18449
2023-09-28 14:31:30,34,38,9249,18449
2023-09-28 14:31:30,36,38,9249,18449
2023-09-28 14:31:31,34,38,9249,18449
2023-09-28 14:31:32,35,38,9249,18449
2023-09-28 14:31:33,36,38,9249,18449
2023-09-28 14:31:34,35,38,9249,18449
2023-09-28 14:31:35,36,38,9249,18449
2023-09-28 14:31:36,35,38,9249,18449
2023-09-28 14:31:37,36,38,9249,18449
2023-09-28 14:31:38,35,38,9249,18449
2023-09-28 14:31:39,36,38,9249,18449
2023-09-28 14:31:40,35,38,9249,18449
2023-09-28 14:31:41,36,38,9249,18449
2023-09-28 14:31:42,35,38,9249,18449
2023-09-28 14:31:43,36,38,9249,18449
2023-09-28 14:31:44,35,38,9249,18449
2023-09-28 14:31:45,36,38,9249,18449
2023-09-28 14:31:46,35,38,9249,18449
2023-09-28 14:31:47,36,38,9249,18449
2023-09-28 14:31:48,36,39,9249,18449
2023-09-28 14:31:48,35,39,9249,18449
2023-09-28 14:31:48,37,39,9249,18449
2023-09-28 14:31:49,35,39,9249,18449
2023-09-28 14:31:50,36,39,9249,18449
2023-09-28 14:31:51,35,39,9249,18449
2023-09-28 14:31:51,37,39,9249,18449
2023-09-28 14:31:52,35,39,9249,18449
2023-09-28 14:31:52,38,39,9249,18449
2023-09-28 14:31:53,35,39,9249,18449
2023-09-28 14:31:54,36,39,9249,18449
2023-09-28 14:31:54,37,39,9249,18449
2023-09-28 14:31:55,36,39,9249,18449
2023-09-28 14:31:55,38,39,9249,18449
2023-09-28 14:31:56,36,39,9249,18449
2023-09-28 14:31:57,37,39,9249,18449
2023-09-28 14:31:57,37,40,9249,18449
2023-09-28 14:31:57,38,40,9249,18449
2023-09-28 14:31:58,36,40,9249,18449
2023-09-28 14:31:59,37,40,9249,18449
2023-09-28 14:31:59,38,40,9249,18449
2023-09-28 14:32:00,36,40,9249,18449
2023-09-28 14:32:00,39,40,9249,18449
2023-09-28 14:32:01,36,40,9249,18449
2023-09-28 14:32:02,37,40,9249,18449
2023-09-28 14:32:02,38,40,9249,18449
2023-09-28 14:32:03,36,40,9249,18449
2023-09-28 14:32:03,39,40,9249,18449
2023-09-28 14:32:04,36,40,9249,18449
2023-09-28 14:32:05,37,40,9249,18449
2023-09-28 14:32:05,38,40,9249,18449
2023-09-28 14:32:06,39,40,9249,18449
2023-09-28 14:32:07,36,40,9249,18449
2023-09-28 14:32:08,36,39,9249,18449
2023-09-28 14:32:08,37,39,9249,18449
2023-09-28 14:32:09,36,39,9249,18449
2023-09-28 14:32:10,37,39,9249,18449
2023-09-28 14:32:11,36,39,9249,18449
2023-09-28 14:32:12,37,39,9249,18449
2023-09-28 14:32:13,36,39,9249,18449
2023-09-28 14:32:14,37,39,9249,18449
2023-09-28 14:32:15,36,39,9249,18449
2023-09-28 14:32:16,36,40,9249,18449
2023-09-28 14:32:16,37,40,9249,18449
2023-09-28 14:32:17,38,40,9249,18449
2023-09-28 14:32:18,36,40,9249,18449
2023-09-28 14:32:19,37,40,9249,18449
2023-09-28 14:32:19,38,40,9249,18449
2023-09-28 14:32:20,36,40,9249,18449
2023-09-28 14:32:21,37,40,9249,18449
2023-09-28 14:32:21,38,40,9249,18449
2023-09-28 14:32:22,36,40,9249,18449
2023-09-28 14:32:23,39,40,9249,18449
2023-09-28 14:32:23,36,40,9249,18449
2023-09-28 14:32:24,37,40,9249,18449
2023-09-28 14:32:25,38,40,9249,18449
2023-09-28 14:32:25,36,40,9249,18449
2023-09-28 14:32:26,39,40,9249,18449
2023-09-28 14:32:26,39,40,9049,18649
2023-09-28 14:32:26,36,40,9049,18649
2023-09-28 14:32:27,37,40,9049,18649
2023-09-28 14:32:27,38,40,9049,18649
2023-09-28 14:32:31,37,40,9049,18649
2023-09-28 14:32:34,38,40,9049,18649
2023-09-28 14:32:36,38,39,9049,18649
2023-09-28 14:32:37,37,39,9049,18649
2023-09-28 14:32:38,36,39,9049,18649
2023-09-28 14:32:51,36,38,9049,18649
2023-09-28 14:32:51,35,38,9049,18649
2023-09-28 14:32:52,35,37,9049,18649
2023-09-28 14:33:01,34,37,9049,18649
2023-09-28 14:33:01,35,37,9049,18649
2023-09-28 14:33:06,36,37,9049,18649
2023-09-28 14:33:09,36,38,9049,18649
2023-09-28 14:33:14,36,39,9049,18649
2023-09-28 14:33:30,36,38,9049,18649
2023-09-28 14:33:30,35,38,9049,18649
2023-09-28 14:33:31,36,38,9049,18649
2023-09-28 14:33:32,36,39,9049,18649
2023-09-28 14:33:39,36,38,9049,18649
2023-09-28 14:33:40,35,38,9049,18649
2023-09-28 14:33:43,34,38,9049,18649
2023-09-28 14:33:46,34,37,9049,18649
2023-09-28 14:33:51,35,37,9049,18649
2023-09-28 14:33:55,35,39,9049,18649
2023-09-28 14:33:56,35,39,9049,18659
2023-09-28 14:33:56,35,38,9049,18659
2023-09-28 14:33:58,36,38,9049,18659
2023-09-28 14:33:58,36,39,9049,18659
2023-09-28 14:33:59,36,38,9049,18659
2023-09-28 14:34:02,36,39,9049,18659
2023-09-28 14:34:04,37,39,9049,18659
2023-09-28 14:34:11,37,41,9049,18659
2023-09-28 14:34:12,37,40,9049,18659
2023-09-28 14:34:12,38,40,9049,18659
2023-09-28 14:34:17,38,41,9049,18659
2023-09-28 14:34:18,38,42,9049,18659
2023-09-28 14:34:18,38,41,9049,18659
2023-09-28 14:34:22,38,42,9049,18659
2023-09-28 14:34:23,39,42,9049,18659
2023-09-28 14:34:25,40,42,9049,18659
2023-09-28 14:34:25,41,42,9049,18659
2023-09-28 14:34:25,41,43,9049,18659
2023-09-28 14:34:26,42,43,9049,18659
2023-09-28 14:34:26,43,45,9049,18659
2023-09-28 14:34:27,44,45,9049,18659
2023-09-28 14:34:28,44,46,9049,18659
2023-09-28 14:34:36,44,47,9049,18659
2023-09-28 14:34:36,45,47,9049,18659
2023-09-28 14:34:38,46,47,9049,18659
2023-09-28 14:34:41,46,48,9049,18659
2023-09-28 14:34:42,46,49,9049,18659
2023-09-28 14:34:45,47,49,9049,18659
2023-09-28 14:34:59,47,49,9249,18859
2023-09-28 14:34:59,47,51,9249,18859
2023-09-28 14:35:00,49,51,9249,18859
2023-09-28 14:35:01,50,51,9249,18859
2023-09-28 14:35:03,50,52,9249,18859
2023-09-28 14:35:07,50,53,9249,18859
2023-09-28 14:35:07,51,53,9249,18859
2023-09-28 14:35:08,51,54,9249,18859
2023-09-28 14:35:08,52,54,9249,18859
2023-09-28 14:35:09,52,55,9249,18859
2023-09-28 14:35:09,53,55,9249,18859
2023-09-28 14:35:11,53,55,9222,18929
2023-09-28 14:35:17,53,54,9222,18929
2023-09-28 14:35:17,52,54,9222,18929
2023-09-28 14:35:18,51,54,9222,18929
2023-09-28 14:35:20,51,53,9222,18929
2023-09-28 14:35:21,51,54,9222,18929
2023-09-28 14:35:29,55,56,8222,19929
2023-09-28 14:35:29,55,56,8222,20144
2023-09-28 14:35:29,55,56,8222,20359
2023-09-28 14:35:29,51,55,8222,20379
2023-09-28 14:35:29,51,55,8235,20392
2023-09-28 14:35:30,53,55,8235,20392
2023-09-28 14:35:36,54,55,8235,20392
2023-09-28 14:35:39,53,55,8235,20592
2023-09-28 14:35:41,54,55,8235,20592
2023-09-28 14:35:45,55,56,8430,20787
2023-09-28 14:35:46,54,56,8430,20787
2023-09-28 14:35:57,54,56,8430,20826
2023-09-28 14:36:02,54,57,8430,20826
2023-09-28 14:36:02,55,57,8430,20826
2023-09-28 14:36:04,56,57,8430,20826
2023-09-28 14:36:06,56,58,8430,20826
2023-09-28 14:36:06,57,58,8430,20826
2023-09-28 14:36:23,57,58,8430,21076
2023-09-28 14:36:24,56,58,8430,21076
2023-09-28 14:36:29,57,58,8430,21076
2023-09-28 14:36:31,56,58,8630,21276
2023-09-28 14:36:47,56,58,8630,21283
2023-09-28 14:37:16,56,58,8630,21293
2023-09-28 14:37:18,55,58,8630,21293
2023-09-28 14:37:18,55,57,8630,21293
2023-09-28 14:37:26,55,57,8630,21298
2023-09-28 14:37:28,54,57,8630,21298
2023-09-28 14:37:28,54,56,8630,21298
2023-09-28 14:37:35,54,57,8630,21298
2023-09-28 14:37:44,54,56,8630,21298
2023-09-28 14:37:50,54,55,8630,21298
2023-09-28 14:37:55,53,55,8630,21298
2023-09-28 14:37:57,53,54,8630,21298
2023-09-28 14:37:58,52,54,8630,21298
2023-09-28 14:38:00,52,54,8630,21386
2023-09-28 14:38:09,52,55,8630,21386
2023-09-28 14:38:12,53,55,8630,21386
2023-09-28 14:38:13,52,55,8630,21386
2023-09-28 14:38:14,53,55,8630,21386
2023-09-28 14:38:15,52,55,8630,21386
2023-09-28 14:38:18,53,55,8630,21386
2023-09-28 14:38:19,52,55,8630,21386
2023-09-28 14:38:20,53,55,8630,21386
2023-09-28 14:38:21,53,55,8630,21392
2023-09-28 14:38:21,54,55,8630,21392
2023-09-28 14:38:22,53,55,8630,21392
2023-09-28 14:38:39,52,55,8630,21392
2023-09-28 14:38:39,53,55,8630,21392
2023-09-28 14:38:40,52,55,8630,21392
2023-09-28 14:38:46,53,55,8630,21392
2023-09-28 14:38:52,53,56,8630,21392
2023-09-28 14:38:56,53,55,8630,21392
2023-09-28 14:38:57,52,55,8630,21392
2023-09-28 14:38:58,52,56,8630,21392
2023-09-28 14:38:58,53,56,8630,21392
2023-09-28 14:38:59,53,55,8630,21392
2023-09-28 14:39:00,52,55,8630,21392
2023-09-28 14:39:08,52,54,8630,21392
2023-09-28 14:39:10,52,55,8630,21392
2023-09-28 14:39:15,52,54,8630,21392
2023-09-28 14:39:17,52,55,8630,21392
2023-09-28 14:39:35,52,56,8630,21392
2023-09-28 14:39:36,53,56,8630,21392
2023-09-28 14:39:59,53,57,8630,21392
2023-09-28 14:40:04,54,57,8630,21392
2023-09-28 14:40:08,54,56,8630,21392
2023-09-28 14:40:13,53,56,8630,21392
2023-09-28 14:40:15,53,55,8630,21392
2023-09-28 14:40:24,53,56,8630,21392
2023-09-28 14:40:28,54,56,8630,21392
2023-09-28 14:40:29,54,57,8630,21392
2023-09-28 14:40:54,55,57,8630,21392
2023-09-28 14:40:54,55,58,8630,21392
2023-09-28 14:41:01,55,57,8630,21392
2023-09-28 14:41:18,54,57,8630,21392
2023-09-28 14:41:35,54,56,8630,21392
2023-09-28 14:41:37,53,56,8630,21392
2023-09-28 14:41:52,54,56,8630,21392
2023-09-28 14:41:57,54,57,8630,21392
2023-09-28 14:42:05,54,56,8630,21392
2023-09-28 14:42:06,53,56,8630,21392
2023-09-28 14:42:07,54,56,8630,21392
2023-09-28 14:42:12,53,56,8630,21392
2023-09-28 14:42:36,53,55,8630,21392
2023-09-28 14:42:43,53,54,8630,21392
2023-09-28 14:42:47,52,54,8630,21392
2023-09-28 14:42:53,51,54,8630,21392
2023-09-28 14:42:53,51,53,8630,21392
2023-09-28 14:42:54,51,54,8630,21392
2023-09-28 14:42:54,51,53,8630,21392
2023-09-28 14:43:06,50,53,8630,21392
2023-09-28 14:43:13,51,53,8630,21392
2023-09-28 14:43:14,51,54,8630,21392
2023-09-28 14:43:24,51,53,8630,21392
2023-09-28 14:43:31,50,53,8630,21392
2023-09-28 14:43:47,50,52,8630,21392
2023-09-28 14:43:48,49,52,8630,21392
2023-09-28 14:43:48,49,51,8630,21392
2023-09-28 14:43:50,49,51,8630,21437
2023-09-28 14:43:57,48,51,8630,21437
2023-09-28 14:43:58,48,50,8630,21437
2023-09-28 14:43:59,47,50,8630,21437
2023-09-28 14:43:59,47,49,8630,21437
2023-09-28 14:44:02,46,49,8630,21437
2023-09-28 14:44:03,46,48,8630,21437
2023-09-28 14:44:09,45,48,8630,21437
2023-09-28 14:44:09,45,47,8630,21437
2023-09-28 14:44:09,46,47,8630,21437
2023-09-28 14:44:10,45,47,8630,21437
2023-09-28 14:44:15,46,47,8630,21437
2023-09-28 14:44:15,45,47,8630,21437
2023-09-28 14:44:17,46,47,8630,21437
2023-09-28 14:44:18,45,47,8630,21437
2023-09-28 14:44:21,45,48,8630,21437
2023-09-28 14:44:22,46,48,8630,21437
2023-09-28 14:44:23,45,48,8630,21437
2023-09-28 14:44:24,46,48,8630,21437
2023-09-28 14:44:25,45,48,8630,21437
2023-09-28 14:44:26,46,48,8630,21437
2023-09-28 14:44:27,45,48,8630,21437
2023-09-28 14:44:27,47,48,8630,21437
2023-09-28 14:44:28,45,48,8630,21437
2023-09-28 14:44:28,46,48,8630,21437
2023-09-28 14:44:29,47,48,8630,21437
2023-09-28 14:44:30,46,48,8630,21437
2023-09-28 14:44:31,47,48,8630,21437
2023-09-28 14:44:32,46,48,8630,21437
2023-09-28 14:44:33,47,48,8630,21437
2023-09-28 14:44:34,47,48,8628,21439
2023-09-28 14:44:35,47,48,8628,21439
2023-09-28 14:44:36,46,48,8628,21439
2023-09-28 14:44:37,46,49,8628,21439
2023-09-28 14:44:37,47,49,8628,21439
2023-09-28 14:44:38,46,49,8628,21439
2023-09-28 14:44:40,46,50,8628,21439
2023-09-28 14:44:40,47,50,8628,21439
2023-09-28 14:44:41,48,50,8628,21439
2023-09-28 14:44:42,47,50,8628,21439
2023-09-28 14:44:43,47,51,8628,21439
2023-09-28 14:44:43,48,51,8628,21439
2023-09-28 14:44:44,47,51,8628,21439
2023-09-28 14:44:45,48,51,8628,21439
2023-09-28 14:44:46,47,51,8628,21439
2023-09-28 14:44:46,49,51,8628,21439
2023-09-28 14:44:47,49,52,8628,21439
2023-09-28 14:44:48,50,52,8628,21439
2023-09-28 14:44:49,49,52,8628,21439
2023-09-28 14:44:53,50,52,8628,21439
2023-09-28 14:44:54,49,52,8628,21439
2023-09-28 14:44:55,50,52,8628,21439
2023-09-28 14:44:56,49,52,8628,21439
2023-09-28 14:44:57,50,52,8628,21439
2023-09-28 14:44:58,49,52,8628,21439
2023-09-28 14:44:59,50,52,8628,21439
2023-09-28 14:45:00,49,52,8628,21439
2023-09-28 14:45:01,49,53,8628,21439
2023-09-28 14:45:01,50,53,8628,21439
2023-09-28 14:45:02,51,53,8628,21439
2023-09-28 14:45:03,50,53,8628,21439
2023-09-28 14:45:05,51,53,8628,21439
2023-09-28 14:45:06,50,53,8628,21439
2023-09-28 14:45:07,51,53,8628,21439
2023-09-28 14:45:08,52,53,8628,21439
2023-09-28 14:45:09,51,53,8628,21439
2023-09-28 14:45:14,52,53,8628,21439
2023-09-28 14:45:15,51,53,8628,21439
2023-09-28 14:45:16,52,53,8628,21439
2023-09-28 14:45:17,51,53,8628,21439
2023-09-28 14:45:31,51,54,8628,21439
2023-09-28 14:45:34,52,54,8628,21439
2023-09-28 14:45:35,51,54,8628,21439
2023-09-28 14:45:36,51,55,8628,21439
2023-09-28 14:45:36,52,55,8628,21439
2023-09-28 14:45:37,51,55,8628,21439
2023-09-28 14:45:38,51,54,8628,21439
2023-09-28 14:45:51,51,53,8628,21439
2023-09-28 14:45:55,51,54,8628,21439
2023-09-28 14:45:59,51,53,8628,21439
2023-09-28 14:45:59,50,53,8628,21439
2023-09-28 14:46:00,49,53,8628,21439
2023-09-28 14:46:01,50,53,8628,21439
2023-09-28 14:46:02,49,53,8628,21439
2023-09-28 14:46:03,49,52,8628,21439
2023-09-28 14:46:11,50,52,8628,21439
2023-09-28 14:46:12,49,52,8628,21439
2023-09-28 14:46:14,49,53,8628,21439
2023-09-28 14:46:15,50,53,8628,21439
2023-09-28 14:46:16,49,53,8628,21439
2023-09-28 14:46:17,50,53,8628,21439
2023-09-28 14:46:23,49,53,8628,21439
2023-09-28 14:46:23,50,53,8628,21439
2023-09-28 14:46:24,49,53,8628,21439
2023-09-28 14:46:25,49,52,8628,21439
2023-09-28 14:46:27,49,53,8628,21439
2023-09-28 14:46:33,50,53,8628,21439
2023-09-28 14:46:34,50,54,8628,21439
2023-09-28 14:46:34,50,53,8628,21439
2023-09-28 14:46:40,49,53,8628,21439
2023-09-28 14:46:41,50,53,8628,21439
2023-09-28 14:46:45,49,53,8628,21439
2023-09-28 14:46:45,50,53,8628,21439
2023-09-28 14:46:48,49,53,8628,21439
2023-09-28 14:46:49,50,53,8628,21439
2023-09-28 14:46:50,49,53,8628,21439
2023-09-28 14:46:51,50,53,8628,21439
2023-09-28 14:46:52,49,53,8628,21439
2023-09-28 14:46:53,50,53,8628,21439
2023-09-28 14:46:54,49,53,8628,21439
2023-09-28 14:46:55,50,53,8628,21439
2023-09-28 14:46:57,50,54,8628,21439
2023-09-28 14:46:57,51,54,8628,21439
2023-09-28 14:47:00,51,55,8628,21439
2023-09-28 14:47:00,52,55,8628,21439
2023-09-28 14:47:01,52,54,8628,21439
2023-09-28 14:47:01,51,54,8628,21439
2023-09-28 14:47:04,51,55,8628,21439
2023-09-28 14:47:05,51,54,8628,21439
2023-09-28 14:47:06,51,55,8628,21439
2023-09-28 14:47:06,52,55,8628,21439
2023-09-28 14:47:07,51,55,8628,21439
2023-09-28 14:47:08,51,54,8628,21439
2023-09-28 14:47:09,51,55,8628,21439
2023-09-28 14:47:11,52,55,8628,21439
2023-09-28 14:47:11,51,55,8628,21439
2023-09-28 14:47:12,51,54,8628,21439
2023-09-28 14:47:13,51,55,8628,21439
2023-09-28 14:47:15,52,55,8628,21439
2023-09-28 14:47:16,51,55,8628,21439
2023-09-28 14:47:20,51,54,8628,21439
2023-09-28 14:47:21,53,54,8628,21439
2023-09-28 14:47:21,53,55,8628,21439
2023-09-28 14:47:26,54,56,8628,21439
2023-09-28 14:47:29,54,57,8628,21439
2023-09-28 14:47:30,55,57,8628,21439
2023-09-28 14:47:45,55,57,8628,21449
2023-09-28 14:47:50,54,57,8628,21449
2023-09-28 14:47:57,54,57,8628,21469
2023-09-28 14:48:08,54,56,8628,21469
2023-09-28 14:48:10,55,56,8628,21469
2023-09-28 14:48:10,55,57,8628,21469
2023-09-28 14:48:30,56,57,8628,21469
2023-09-28 14:48:50,55,57,8648,21489
2023-09-28 14:49:09,54,57,8675,21516
2023-09-28 14:49:17,55,57,8675,21516
2023-09-28 14:49:26,55,58,8675,21516
2023-09-28 14:49:27,57,58,8675,21516
2023-09-28 14:49:43,55,58,8675,21516
2023-09-28 14:49:54,56,58,8675,21516
2023-09-28 14:49:58,55,58,8675,21516
2023-09-28 14:49:59,56,58,8675,21516
2023-09-28 14:50:05,55,58,8675,21516
2023-09-28 14:50:16,55,57,8675,21516
2023-09-28 14:50:24,55,58,8675,21516
2023-09-28 14:50:27,55,57,8675,21516
2023-09-28 14:50:28,55,58,8675,21516
2023-09-28 14:50:30,55,57,8675,21516
2023-09-28 14:50:32,54,57,8675,21516
2023-09-28 14:50:32,54,56,8675,21516
2023-09-28 14:50:34,54,57,8675,21516
2023-09-28 14:50:34,54,56,8675,21516
2023-09-28 14:50:52,54,57,8675,21516
2023-09-28 14:51:01,54,56,8675,21516
2023-09-28 14:51:03,54,57,8675,21516
2023-09-28 14:51:03,54,56,8675,21516
2023-09-28 14:51:25,54,57,8675,21516
2023-09-28 14:51:29,54,58,8675,21516
2023-09-28 14:51:30,55,58,8675,21516
2023-09-28 14:51:41,56,58,8675,21516
2023-09-28 14:51:48,55,58,8675,21516
2023-09-28 14:51:48,55,57,8675,21516
2023-09-28 14:51:49,54,57,8675,21516
2023-09-28 14:51:58,54,58,8675,21516
2023-09-28 14:51:58,55,58,8675,21516
2023-09-28 14:52:19,55,57,8675,21516
2023-09-28 14:52:19,54,57,8675,21516
2023-09-28 14:52:23,54,58,8675,21516
2023-09-28 14:52:23,55,58,8675,21516
2023-09-28 14:52:34,56,58,8675,21516
2023-09-28 14:53:05,56,59,8675,21516
2023-09-28 14:53:06,56,60,8675,21516
2023-09-28 14:53:06,58,60,8675,21516
2023-09-28 14:53:29,59,60,8675,21516
2023-09-28 14:53:30,59,61,8675,21516
2023-09-28 14:53:40,59,61,8675,21530
2023-09-28 14:54:14,58,61,8675,21530
2023-09-28 14:54:30,58,60,8675,21530
