datetime,bid,ask,open_interest,volume
2023-11-21 09:30:05,6,99,9,9
2023-11-21 09:30:06,6,98,9,9
2023-11-21 09:30:15,6,97,9,9
2023-11-21 09:31:00,6,43,9,9
2023-11-21 09:31:00,6,42,9,9
2023-11-21 09:31:00,39,42,9,9
2023-11-21 09:31:00,40,42,9,9
2023-11-21 09:31:02,39,42,9,9
2023-11-21 09:31:08,39,42,359,359
2023-11-21 09:31:09,39,41,359,359
2023-11-21 09:31:29,38,41,359,359
2023-11-21 09:31:36,39,41,359,359
2023-11-21 09:31:44,38,41,359,359
2023-11-21 09:31:47,39,41,359,359
2023-11-21 09:31:52,39,41,439,439
2023-11-21 09:32:02,38,41,439,439
2023-11-21 09:32:03,39,41,439,439
2023-11-21 09:32:04,38,41,439,439
2023-11-21 09:32:06,39,41,439,439
2023-11-21 09:32:11,38,41,439,439
2023-11-21 09:32:14,39,41,439,439
2023-11-21 09:32:29,39,42,439,439
2023-11-21 09:32:29,39,41,439,439
2023-11-21 09:33:02,39,42,439,439
2023-11-21 09:34:53,40,42,439,439
2023-11-21 09:34:53,41,42,439,439
2023-11-21 09:34:53,40,42,617,617
2023-11-21 09:34:54,41,42,617,617
2023-11-21 09:35:05,40,42,770,770
2023-11-21 09:35:05,41,42,770,770
2023-11-21 09:35:12,41,42,817,817
2023-11-21 09:35:18,39,42,817,817
2023-11-21 09:35:18,40,42,817,817
2023-11-21 09:35:18,41,42,817,817
2023-11-21 09:35:21,41,42,1001,1001
2023-11-21 09:35:22,40,42,1001,1001
2023-11-21 09:35:22,39,42,1001,1001
2023-11-21 09:39:11,40,42,1001,1001
2023-11-21 09:39:11,41,42,1001,1001
2023-11-21 09:39:12,41,42,1048,1048
2023-11-21 09:39:12,40,42,1048,1048
2023-11-21 09:39:13,41,42,1048,1048
2023-11-21 09:39:14,40,42,1048,1048
2023-11-21 09:39:14,39,42,1048,1048
2023-11-21 09:39:14,40,42,1048,1048
2023-11-21 09:39:14,40,42,1048,1048
2023-11-21 09:39:20,41,42,1048,1048
2023-11-21 09:39:22,40,42,1048,1048
2023-11-21 09:39:22,40,42,1048,1048
2023-11-21 09:39:22,41,42,1048,1048
2023-11-21 09:39:27,40,42,1048,1048
2023-11-21 09:39:29,40,41,1048,1048
2023-11-21 09:39:40,39,41,1048,1048
2023-11-21 09:39:40,40,41,1048,1048
2023-11-21 09:39:43,40,42,1048,1048
2023-11-21 09:39:43,41,42,1048,1048
2023-11-21 09:39:52,40,42,1048,1048
2023-11-21 09:39:54,41,42,1048,1048
2023-11-21 09:39:55,40,42,1048,1048
2023-11-21 09:39:55,41,42,1048,1048
2023-11-21 09:39:59,40,42,1048,1048
2023-11-21 09:40:34,41,42,1048,1048
2023-11-21 09:40:34,40,42,1048,1048
2023-11-21 09:40:35,41,42,1048,1048
2023-11-21 09:40:50,40,41,1048,1204
2023-11-21 09:40:51,40,42,1048,1204
2023-11-21 09:40:51,41,42,1048,1204
2023-11-21 09:40:51,41,42,1150,1306
2023-11-21 09:40:51,40,42,1150,1306
2023-11-21 09:40:56,40,41,1150,1306
2023-11-21 09:41:00,40,42,1150,1306
2023-11-21 09:41:02,40,41,1150,1306
2023-11-21 09:41:04,40,42,1150,1306
2023-11-21 09:41:06,41,42,1150,1306
2023-11-21 09:41:08,41,42,1210,1366
2023-11-21 09:41:13,40,41,1210,1442
2023-11-21 09:41:14,40,42,1210,1442
2023-11-21 09:41:20,41,42,1210,1442
2023-11-21 09:41:22,41,42,1270,1502
2023-11-21 09:42:16,40,42,1270,1502
2023-11-21 09:42:16,41,42,1270,1502
2023-11-21 09:42:27,40,42,1270,1502
2023-11-21 09:42:27,41,42,1270,1502
2023-11-21 09:42:39,40,42,1270,1502
2023-11-21 09:43:23,41,42,1270,1502
2023-11-21 09:45:20,41,42,1279,1511
2023-11-21 09:45:40,41,43,1279,1511
2023-11-21 09:45:40,41,42,1279,1511
2023-11-21 09:46:36,40,42,1279,1511
2023-11-21 09:46:36,41,42,1279,1511
2023-11-21 09:46:54,41,43,1279,1511
2023-11-21 09:47:25,41,43,1279,1511
2023-11-21 09:47:25,42,43,1279,1511
2023-11-21 09:47:26,41,42,1279,1661
2023-11-21 09:47:27,41,43,1279,1661
2023-11-21 09:47:27,42,43,1279,1661
2023-11-21 09:47:29,42,43,1306,1688
2023-11-21 09:47:46,40,43,1306,1688
2023-11-21 09:47:46,42,43,1306,1688
2023-11-21 09:47:46,41,43,1306,1688
2023-11-21 09:47:46,42,43,1306,1688
2023-11-21 09:47:47,41,42,1359,1789
2023-11-21 09:47:48,41,43,1359,1789
2023-11-21 09:47:48,42,43,1359,1789
2023-11-21 09:47:55,42,43,1419,1849
2023-11-21 09:47:56,41,42,1540,1970
2023-11-21 09:47:57,41,43,1540,1970
2023-11-21 09:47:57,42,43,1540,1970
2023-11-21 09:47:58,41,42,1697,2127
2023-11-21 09:47:59,41,43,1697,2127
2023-11-21 09:48:01,42,43,1697,2127
2023-11-21 09:48:02,41,43,1697,2127
2023-11-21 09:48:02,40,43,1697,2127
2023-11-21 09:48:02,41,43,1697,2127
2023-11-21 09:48:02,42,43,1697,2127
2023-11-21 09:48:02,41,43,1697,2127
2023-11-21 09:48:02,42,43,1697,2127
2023-11-21 09:48:05,41,43,1697,2127
2023-11-21 09:48:10,40,43,1697,2127
2023-11-21 09:48:10,41,43,1697,2127
2023-11-21 09:48:13,42,43,1697,2127
2023-11-21 09:48:15,41,43,1697,2127
2023-11-21 09:48:16,42,43,1697,2127
2023-11-21 09:48:17,41,43,1697,2127
2023-11-21 09:48:21,41,42,1697,2127
2023-11-21 09:48:23,40,42,1697,2127
2023-11-21 09:48:23,41,42,1697,2127
2023-11-21 09:48:34,41,43,1697,2127
2023-11-21 09:48:41,41,42,1697,2127
2023-11-21 09:48:49,41,43,1697,2127
2023-11-21 09:48:56,40,43,1697,2127
2023-11-21 09:48:56,41,43,1697,2127
2023-11-21 09:49:06,41,42,1697,2127
2023-11-21 09:49:15,41,43,1697,2127
2023-11-21 09:49:30,42,43,1697,2127
2023-11-21 09:49:30,41,43,1821,2251
2023-11-21 09:49:32,42,43,1821,2251
2023-11-21 09:49:43,42,43,1881,2311
2023-11-21 09:50:13,41,43,1881,2311
2023-11-21 09:50:13,42,43,1881,2311
2023-11-21 09:50:27,41,43,1881,2311
2023-11-21 09:50:27,42,43,1881,2311
2023-11-21 09:50:34,41,43,1881,2311
2023-11-21 09:50:34,42,43,1881,2311
2023-11-21 09:50:44,41,43,1881,2311
2023-11-21 09:51:14,42,43,1881,2311
2023-11-21 09:51:22,41,43,1881,2311
2023-11-21 09:51:22,42,43,1881,2311
2023-11-21 09:54:19,41,43,1881,2311
2023-11-21 09:54:19,42,43,1881,2311
2023-11-21 09:54:45,41,43,1881,2311
2023-11-21 09:54:45,42,43,1881,2311
2023-11-21 09:55:05,41,43,1881,2311
2023-11-21 09:55:05,42,43,1881,2311
2023-11-21 09:55:07,42,44,1881,2311
2023-11-21 09:56:03,42,44,2001,2431
2023-11-21 09:56:05,42,44,2121,2551
2023-11-21 09:56:08,42,44,2409,2839
2023-11-21 09:58:49,43,44,2409,2839
2023-11-21 09:58:51,42,44,2409,2839
2023-11-21 09:58:51,43,44,2409,2839
2023-11-21 09:58:51,42,44,2568,2998
2023-11-21 09:58:53,43,44,2568,2998
2023-11-21 09:58:53,43,44,2628,3058
2023-11-21 09:58:53,42,44,2628,3058
2023-11-21 09:58:56,43,44,2628,3058
2023-11-21 09:59:04,43,44,2670,3100
2023-11-21 09:59:04,42,44,2670,3100
2023-11-21 09:59:07,43,44,2670,3100
2023-11-21 09:59:08,42,44,2670,3100
2023-11-21 09:59:09,43,44,2670,3100
2023-11-21 09:59:09,42,44,2779,3209
2023-11-21 09:59:16,42,44,2951,3381
2023-11-21 09:59:16,42,43,2951,3381
2023-11-21 09:59:20,42,43,3130,3560
2023-11-21 09:59:22,42,43,3232,3662
2023-11-21 09:59:34,41,43,3232,3662
2023-11-21 09:59:36,42,43,3232,3662
2023-11-21 10:02:26,42,43,3032,3862
2023-11-21 10:08:50,42,43,3032,3912
2023-11-21 10:11:42,42,43,3032,3962
2023-11-21 10:12:07,43,44,2981,4013
2023-11-21 10:13:04,43,45,2981,4013
2023-11-21 10:13:04,44,45,2981,4013
2023-11-21 10:14:11,43,45,2981,4013
2023-11-21 10:14:11,44,45,2981,4013
2023-11-21 10:14:14,43,45,2981,4013
2023-11-21 10:14:14,44,45,2981,4013
2023-11-21 10:15:44,44,46,2981,4013
2023-11-21 10:15:44,45,46,2981,4013
2023-11-21 10:15:44,44,46,3083,4115
2023-11-21 10:15:44,45,46,3083,4115
2023-11-21 10:16:16,45,46,3134,4166
2023-11-21 10:16:20,44,46,3134,4166
2023-11-21 10:16:26,43,46,3134,4166
2023-11-21 10:16:37,43,45,3134,4166
2023-11-21 10:16:47,44,45,3134,4166
2023-11-21 10:16:54,43,45,3134,4166
2023-11-21 10:16:54,44,45,3134,4166
2023-11-21 10:17:03,42,45,3134,4166
2023-11-21 10:17:04,43,45,3134,4166
2023-11-21 10:17:21,42,45,3134,4166
2023-11-21 10:17:21,43,45,3134,4166
2023-11-21 10:17:21,43,44,3134,4166
2023-11-21 10:17:22,42,45,3134,4166
2023-11-21 10:17:24,42,44,3134,4166
2023-11-21 10:17:30,42,45,3134,4166
2023-11-21 10:17:30,43,45,3134,4166
2023-11-21 10:18:04,42,45,3134,4166
2023-11-21 10:18:04,43,45,3134,4166
2023-11-21 10:18:06,42,45,3134,4166
2023-11-21 10:18:10,42,44,3134,4166
2023-11-21 10:18:28,42,43,3134,4166
2023-11-21 10:18:32,42,44,3134,4166
2023-11-21 10:18:39,42,45,3134,4166
2023-11-21 10:18:52,42,44,3134,4166
2023-11-21 10:19:04,43,44,3134,4166
2023-11-21 10:19:08,43,45,3134,4166
2023-11-21 10:19:24,44,45,3134,4166
2023-11-21 10:19:31,43,45,3134,4166
2023-11-21 10:19:31,44,45,3134,4166
2023-11-21 10:19:38,43,45,3134,4166
2023-11-21 10:19:38,44,45,3134,4166
2023-11-21 10:19:59,44,46,3134,4166
2023-11-21 10:20:07,44,45,3134,4166
2023-11-21 10:20:20,43,45,3134,4166
2023-11-21 10:20:21,44,45,3134,4166
2023-11-21 10:20:21,43,45,3134,4166
2023-11-21 10:20:28,44,45,3134,4166
2023-11-21 10:20:37,44,46,3134,4166
2023-11-21 10:20:40,44,45,3134,4166
2023-11-21 10:20:55,43,45,3134,4166
2023-11-21 10:20:55,44,45,3134,4166
2023-11-21 10:20:56,43,45,3134,4166
2023-11-21 10:21:26,42,45,3134,4166
2023-11-21 10:21:26,43,45,3134,4166
2023-11-21 10:21:28,42,44,3134,4166
2023-11-21 10:21:32,42,45,3134,4166
2023-11-21 10:21:32,43,45,3134,4166
2023-11-21 10:21:32,43,44,3134,4166
2023-11-21 10:21:33,42,44,3134,4166
2023-11-21 10:21:37,41,44,3134,4166
2023-11-21 10:21:41,41,43,3134,4166
2023-11-21 10:21:53,41,42,3134,4166
2023-11-21 10:22:09,41,42,3134,4199
2023-11-21 10:22:20,41,42,3198,4310
2023-11-21 10:22:22,41,42,3207,4319
2023-11-21 10:22:33,41,43,3207,4319
2023-11-21 10:22:41,41,42,3207,4319
2023-11-21 10:22:43,41,43,3207,4319
2023-11-21 10:22:43,41,42,3207,4319
2023-11-21 10:23:07,40,42,3207,4319
2023-11-21 10:23:07,40,41,3207,4319
2023-11-21 10:23:38,40,42,3207,4319
2023-11-21 10:23:38,40,41,3207,4319
2023-11-21 10:23:42,40,42,3207,4319
2023-11-21 10:23:45,40,41,3207,4319
2023-11-21 10:24:12,39,41,3207,4319
2023-11-21 10:24:12,39,40,3207,4319
2023-11-21 10:24:40,39,41,3207,4319
2023-11-21 10:24:40,39,40,3207,4319
2023-11-21 10:24:45,39,41,3207,4319
2023-11-21 10:24:45,39,40,3207,4319
2023-11-21 10:24:46,38,40,3207,4319
2023-11-21 10:24:46,38,39,3207,4319
2023-11-21 10:24:56,37,39,3207,4319
2023-11-21 10:24:58,37,38,3207,4319
2023-11-21 10:25:00,36,38,3207,4319
2023-11-21 10:25:07,36,37,3207,4319
2023-11-21 10:25:14,36,37,3207,4369
2023-11-21 10:25:18,36,37,3349,4511
2023-11-21 10:25:19,35,37,4057,5219
2023-11-21 10:25:20,35,36,4057,5219
2023-11-21 10:25:21,35,36,3707,5569
2023-11-21 10:25:22,35,36,3707,5919
2023-11-21 10:25:23,35,36,3707,6269
2023-11-21 10:25:23,35,37,3707,6269
2023-11-21 10:25:23,35,36,3707,6269
2023-11-21 10:25:24,35,37,3707,6439
2023-11-21 10:25:24,36,37,3707,6439
2023-11-21 10:25:41,36,38,3707,6439
2023-11-21 10:26:02,36,37,3707,6439
2023-11-21 10:26:08,35,37,3707,6439
2023-11-21 10:26:16,35,36,3707,6439
2023-11-21 10:26:37,34,36,3707,6439
2023-11-21 10:26:37,34,35,3707,6439
2023-11-21 10:26:48,33,35,3707,6439
2023-11-21 10:26:48,33,34,3707,6439
2023-11-21 10:27:08,32,34,3707,6439
2023-11-21 10:27:08,32,33,3707,6439
2023-11-21 10:27:24,32,33,3707,6489
2023-11-21 10:27:35,32,33,3707,6839
2023-11-21 10:27:36,32,33,3707,7189
2023-11-21 10:27:42,31,33,3707,7239
2023-11-21 10:27:42,31,32,3707,7239
2023-11-21 10:27:43,31,32,3707,7589
2023-11-21 10:27:47,31,32,3707,7939
2023-11-21 10:27:48,31,32,3707,8289
2023-11-21 10:27:49,31,32,3707,8639
2023-11-21 10:27:50,31,33,3707,8746
2023-11-21 10:27:50,31,32,3707,8746
2023-11-21 10:27:51,31,33,3707,8746
2023-11-21 10:27:52,31,32,3707,8746
2023-11-21 10:27:53,31,33,3792,8879
2023-11-21 10:27:53,31,32,3792,8879
2023-11-21 10:27:54,31,33,3792,8879
2023-11-21 10:27:56,31,32,3792,8879
2023-11-21 10:28:21,30,32,3792,8879
2023-11-21 10:28:27,30,31,3792,8879
2023-11-21 10:28:29,29,31,3792,8879
2023-11-21 10:28:36,29,30,3792,8879
2023-11-21 10:28:46,29,30,3842,8929
2023-11-21 10:29:05,29,30,4192,9279
2023-11-21 10:29:05,29,31,4192,9279
2023-11-21 10:29:05,29,32,4192,9279
2023-11-21 10:29:05,29,31,4192,9279
2023-11-21 10:29:08,30,31,4192,9279
2023-11-21 10:29:08,30,32,4192,9279
2023-11-21 10:29:19,30,31,4192,9279
2023-11-21 10:29:50,29,31,4192,9279
2023-11-21 10:29:52,29,30,4192,9279
2023-11-21 10:30:38,29,30,4242,9329
2023-11-21 10:30:46,28,30,4242,9329
2023-11-21 10:30:46,28,29,4242,9329
2023-11-21 10:31:06,28,30,4242,9329
2023-11-21 10:31:06,28,29,4242,9329
2023-11-21 10:31:09,28,29,4592,9679
2023-11-21 10:31:24,28,30,4592,9679
2023-11-21 10:31:24,28,29,4592,9679
2023-11-21 10:31:31,28,30,4592,9679
2023-11-21 10:31:33,29,30,4592,9679
2023-11-21 10:31:40,29,30,4731,9818
2023-11-21 10:31:46,28,30,4792,9879
2023-11-21 10:31:46,28,29,4792,9879
2023-11-21 10:31:59,28,30,4792,9879
2023-11-21 10:31:59,28,29,4792,9879
2023-11-21 10:32:00,28,30,4792,9879
2023-11-21 10:32:24,29,30,4792,9879
2023-11-21 10:32:25,29,31,4792,9879
2023-11-21 10:32:28,29,32,4792,9879
2023-11-21 10:32:30,29,31,4792,9879
2023-11-21 10:33:08,30,31,4792,9879
2023-11-21 10:33:14,29,31,4792,9879
2023-11-21 10:33:15,29,32,4792,9879
2023-11-21 10:33:15,29,31,4792,9879
2023-11-21 10:33:18,29,30,4792,9879
2023-11-21 10:33:20,29,31,4792,9879
2023-11-21 10:33:26,30,31,4792,9879
2023-11-21 10:33:31,30,32,4792,9879
2023-11-21 10:33:34,30,33,4792,9879
2023-11-21 10:33:49,30,32,4792,9879
2023-11-21 10:33:58,29,32,4792,9879
2023-11-21 10:34:07,29,31,4792,9879
2023-11-21 10:34:13,29,30,4792,9879
2023-11-21 10:34:23,29,30,5142,10229
2023-11-21 10:34:26,29,31,5142,10229
2023-11-21 10:34:26,29,30,5142,10229
2023-11-21 10:34:30,29,31,5142,10229
2023-11-21 10:34:32,29,30,5142,10229
2023-11-21 10:34:33,29,30,5242,10329
2023-11-21 10:34:33,29,31,5242,10329
2023-11-21 10:34:34,29,30,5242,10329
2023-11-21 10:34:35,29,31,5242,10329
2023-11-21 10:34:55,29,30,5242,10329
2023-11-21 10:34:58,29,31,5242,10329
2023-11-21 10:35:05,29,32,5242,10329
2023-11-21 10:35:08,30,32,5242,10329
2023-11-21 10:35:58,30,31,5242,10329
2023-11-21 10:36:28,30,32,5242,10329
2023-11-21 10:36:28,30,31,5242,10329
2023-11-21 10:36:29,30,32,5242,10329
2023-11-21 10:36:58,31,32,5242,10329
2023-11-21 10:37:01,30,32,5242,10329
2023-11-21 10:37:05,31,32,5242,10329
2023-11-21 10:37:06,31,33,5242,10329
2023-11-21 10:37:28,32,33,5242,10329
2023-11-21 10:37:29,31,33,5242,10329
2023-11-21 10:37:30,31,33,5242,10529
2023-11-21 10:37:30,32,33,5242,10529
2023-11-21 10:37:35,32,34,5242,10529
2023-11-21 10:37:43,33,34,5242,10529
2023-11-21 10:37:46,32,34,5242,10529
2023-11-21 10:37:50,31,34,5242,10529
2023-11-21 10:37:53,31,33,5242,10529
2023-11-21 10:38:19,31,33,5242,10539
2023-11-21 10:38:38,31,32,5242,10539
2023-11-21 10:38:49,30,32,5242,10539
2023-11-21 10:38:49,30,31,5242,10539
2023-11-21 10:38:56,30,31,5302,10599
2023-11-21 10:40:10,30,32,5302,10599
2023-11-21 10:40:58,30,31,5302,10599
2023-11-21 10:41:02,30,32,5302,10599
2023-11-21 10:41:02,30,31,5302,10599
2023-11-21 10:41:10,30,32,5302,10599
2023-11-21 10:41:28,30,31,5302,10599
2023-11-21 10:41:29,30,32,5302,10599
2023-11-21 10:41:31,30,31,5302,10599
2023-11-21 10:41:35,30,32,5302,10599
2023-11-21 10:41:37,30,31,5302,10599
2023-11-21 10:41:38,30,32,5302,10599
2023-11-21 10:41:44,30,33,5302,10599
2023-11-21 10:41:53,31,33,5302,10599
2023-11-21 10:41:55,30,31,5802,11099
2023-11-21 10:41:56,30,31,6152,11449
2023-11-21 10:41:58,30,31,6502,11799
2023-11-21 10:42:00,30,31,6642,11939
2023-11-21 10:42:00,30,31,6992,12289
2023-11-21 10:42:03,30,32,7302,12599
2023-11-21 10:42:04,31,32,7302,12599
2023-11-21 10:42:11,31,33,7302,12599
2023-11-21 10:42:11,32,33,7302,12599
2023-11-21 10:42:26,32,34,7302,12599
2023-11-21 10:42:26,33,34,7302,12599
2023-11-21 10:42:48,32,34,7302,12599
2023-11-21 10:42:48,33,34,7302,12599
2023-11-21 10:42:48,33,34,6802,13099
2023-11-21 10:43:01,32,34,6802,13099
2023-11-21 10:43:11,33,34,6802,13099
2023-11-21 10:44:05,33,34,6752,13149
2023-11-21 10:44:06,33,35,6752,13149
2023-11-21 10:44:06,34,35,6752,13149
2023-11-21 10:44:07,33,35,6752,13149
2023-11-21 10:44:07,34,35,6752,13149
2023-11-21 10:45:00,33,35,6752,13149
2023-11-21 10:45:00,34,35,6752,13149
2023-11-21 10:45:11,33,35,6752,13149
2023-11-21 10:45:11,34,35,6752,13149
2023-11-21 10:47:41,34,35,6752,13199
2023-11-21 10:47:46,34,35,6952,13399
2023-11-21 10:47:57,34,35,6952,13449
2023-11-21 10:48:08,34,35,7152,13649
2023-11-21 10:48:14,34,35,7352,13849
2023-11-21 10:48:14,34,35,7352,13903
2023-11-21 10:48:14,34,35,7352,13953
2023-11-21 10:48:18,34,35,7452,14053
2023-11-21 10:48:27,34,36,7913,15149
2023-11-21 10:48:27,35,36,7913,15149
2023-11-21 10:48:32,35,36,7913,15199
2023-11-21 10:48:42,35,37,7913,15349
2023-11-21 10:48:42,36,37,7913,15349
2023-11-21 10:48:46,35,37,7913,15349
2023-11-21 10:48:46,36,37,7913,15349
2023-11-21 10:49:12,35,37,7913,15349
2023-11-21 10:49:12,36,37,7913,15349
2023-11-21 10:49:15,35,37,7913,15349
2023-11-21 10:49:15,36,37,7913,15349
2023-11-21 10:49:26,35,37,7913,15349
2023-11-21 10:49:26,36,37,7913,15349
2023-11-21 10:49:54,35,37,7913,15349
2023-11-21 10:49:54,36,37,7913,15349
2023-11-21 10:49:55,35,37,7913,15349
2023-11-21 10:49:55,36,37,7913,15349
2023-11-21 10:50:12,35,36,7913,15462
2023-11-21 10:50:13,35,37,7913,15462
2023-11-21 10:50:23,36,37,7913,15462
2023-11-21 10:50:25,35,37,7913,15462
2023-11-21 10:50:33,35,36,7913,15462
2023-11-21 10:50:34,34,36,7913,15462
2023-11-21 10:50:49,35,36,7913,15462
2023-11-21 10:50:51,35,37,7913,15462
2023-11-21 10:50:54,35,36,7913,15462
2023-11-21 10:50:54,34,36,7913,15462
2023-11-21 10:51:30,34,35,7913,15462
2023-11-21 10:51:31,33,35,7913,15462
2023-11-21 10:51:35,34,35,7913,15462
2023-11-21 10:51:35,33,35,7913,15462
2023-11-21 10:51:40,34,35,7913,15462
2023-11-21 10:51:45,34,36,7913,15462
2023-11-21 10:51:49,34,35,7913,15462
2023-11-21 10:51:50,34,36,7913,15462
2023-11-21 10:51:51,34,35,7913,15462
2023-11-21 10:51:57,33,35,7913,15462
2023-11-21 10:52:05,34,35,7913,15462
2023-11-21 10:52:10,33,35,7913,15462
2023-11-21 10:52:17,34,35,7913,15462
2023-11-21 10:52:20,33,35,7913,15462
2023-11-21 10:52:20,34,35,7913,15462
2023-11-21 10:52:23,34,36,7913,15462
2023-11-21 10:52:29,34,37,7913,15462
2023-11-21 10:52:30,35,37,7913,15462
2023-11-21 10:52:44,36,37,7913,15462
2023-11-21 10:52:49,35,37,7913,15462
2023-11-21 10:52:57,35,36,7913,15462
2023-11-21 10:53:00,34,36,7913,15462
2023-11-21 10:53:06,35,36,7913,15462
2023-11-21 10:53:06,34,36,7913,15462
2023-11-21 10:53:07,35,36,7913,15462
2023-11-21 10:53:16,34,36,7913,15462
2023-11-21 10:53:16,35,36,7913,15462
2023-11-21 10:53:21,35,37,7913,15462
2023-11-21 10:53:25,35,36,7913,15462
2023-11-21 10:53:31,34,36,7913,15462
2023-11-21 10:53:32,35,36,7913,15462
2023-11-21 10:53:36,34,36,7913,15462
2023-11-21 10:53:41,34,35,7913,15462
2023-11-21 10:53:41,33,35,7913,15462
2023-11-21 10:53:46,34,35,7913,15462
2023-11-21 10:53:52,34,36,7913,15462
2023-11-21 10:54:00,34,35,7913,15462
2023-11-21 10:54:00,33,35,7913,15462
2023-11-21 10:54:01,34,35,7913,15462
2023-11-21 10:54:02,33,35,7913,15462
2023-11-21 10:54:02,34,35,7913,15462
2023-11-21 10:54:12,34,36,7913,15462
2023-11-21 10:54:38,35,36,7913,15462
2023-11-21 10:54:41,34,36,7913,15462
2023-11-21 10:55:00,35,36,7913,15462
2023-11-21 10:55:01,34,36,7913,15462
2023-11-21 10:55:03,35,36,7913,15462
2023-11-21 10:55:04,34,36,7913,15462
2023-11-21 10:55:05,35,36,7913,15462
2023-11-21 10:55:06,34,36,7913,15462
2023-11-21 10:55:21,34,35,7913,15462
2023-11-21 10:55:27,34,36,7913,15462
2023-11-21 10:55:50,35,36,7913,15462
2023-11-21 10:55:53,34,36,7913,15462
2023-11-21 10:55:59,34,35,7913,15462
2023-11-21 10:56:07,33,35,7913,15462
2023-11-21 10:56:08,34,35,7913,15462
2023-11-21 10:56:11,33,35,7913,15462
2023-11-21 10:56:11,34,35,7913,15462
2023-11-21 10:56:14,33,35,7913,15462
2023-11-21 10:56:14,34,35,7913,15462
2023-11-21 10:56:27,34,36,7913,15462
2023-11-21 10:56:43,35,36,7913,15462
2023-11-21 10:56:45,34,36,7913,15462
2023-11-21 10:56:45,35,36,7913,15462
2023-11-21 10:56:46,34,36,7913,15462
2023-11-21 10:56:51,34,35,7913,15462
2023-11-21 10:56:55,33,35,7913,15462
2023-11-21 10:56:57,34,35,7913,15462
2023-11-21 10:57:04,33,35,7913,15462
2023-11-21 10:57:05,34,35,7913,15462
2023-11-21 10:57:24,33,35,7913,15462
2023-11-21 10:57:48,33,34,7913,15462
2023-11-21 10:57:49,32,34,7913,15462
2023-11-21 10:58:11,32,35,7913,15462
2023-11-21 10:58:21,32,34,7913,15462
2023-11-21 10:58:28,32,35,7913,15462
2023-11-21 10:58:35,33,35,7913,15462
2023-11-21 10:59:20,33,36,7913,15462
2023-11-21 10:59:20,34,36,7913,15462
2023-11-21 10:59:30,35,36,7913,15462
2023-11-21 11:00:54,36,37,7913,15472
2023-11-21 11:01:01,35,37,7913,15472
2023-11-21 11:01:08,35,37,7913,15486
2023-11-21 11:01:39,34,37,7913,15486
2023-11-21 11:01:39,34,36,7913,15486
2023-11-21 11:01:41,34,37,7913,15486
2023-11-21 11:01:41,34,36,7913,15486
2023-11-21 11:01:49,33,36,7913,15486
2023-11-21 11:01:49,33,35,7913,15486
2023-11-21 11:02:19,33,36,7913,15486
2023-11-21 11:02:21,34,36,7913,15486
2023-11-21 11:02:42,34,37,7913,15486
2023-11-21 11:02:46,35,37,7913,15486
2023-11-21 11:03:06,34,37,7913,15486
2023-11-21 11:03:07,34,36,7913,15486
2023-11-21 11:04:22,33,36,7913,15486
2023-11-21 11:04:23,34,36,7913,15486
2023-11-21 11:04:27,33,36,7913,15486
2023-11-21 11:04:42,34,36,7913,15486
2023-11-21 11:05:01,34,37,7913,15486
2023-11-21 11:05:02,34,36,7913,15486
2023-11-21 11:05:07,34,37,7913,15486
2023-11-21 11:05:11,34,36,7913,15486
2023-11-21 11:05:13,34,37,7913,15486
2023-11-21 11:05:18,35,37,7913,15486
2023-11-21 11:05:49,34,37,7913,15486
2023-11-21 11:05:52,34,36,7913,15486
2023-11-21 11:06:46,35,36,7913,15486
2023-11-21 11:07:03,34,36,7913,15486
2023-11-21 11:07:03,35,36,7913,15486
2023-11-21 11:07:05,34,36,7913,15486
2023-11-21 11:07:06,34,35,7913,15486
2023-11-21 11:07:07,34,36,7913,15486
2023-11-21 11:07:08,34,35,7913,15486
2023-11-21 11:07:20,34,36,7913,15486
2023-11-21 11:07:28,34,35,7913,15486
2023-11-21 11:07:31,33,35,7913,15486
2023-11-21 11:07:41,33,34,7913,15486
2023-11-21 11:07:45,32,34,7913,15486
2023-11-21 11:07:46,32,33,7913,15486
2023-11-21 11:07:47,31,33,7913,15486
2023-11-21 11:07:57,31,34,7913,15486
2023-11-21 11:07:59,31,33,7913,15486
2023-11-21 11:08:09,32,33,7913,15486
2023-11-21 11:08:12,32,34,7913,15486
2023-11-21 11:08:24,32,34,7913,15586
2023-11-21 11:08:26,33,34,7913,15586
2023-11-21 11:09:05,33,36,7913,15586
2023-11-21 11:09:05,34,36,7913,15586
2023-11-21 11:09:07,34,35,7913,15586
2023-11-21 11:09:13,34,36,7913,15586
2023-11-21 11:09:24,35,36,7913,15586
2023-11-21 11:09:34,35,37,7913,15586
2023-11-21 11:09:39,36,37,7913,15586
2023-11-21 11:10:47,35,37,7913,15586
2023-11-21 11:10:47,36,37,7913,15586
2023-11-21 11:11:04,36,37,7961,15634
2023-11-21 11:11:05,35,37,7961,15634
2023-11-21 11:11:13,34,37,7961,15634
2023-11-21 11:11:13,35,37,7961,15634
2023-11-21 11:11:28,35,36,7961,15634
2023-11-21 11:11:48,35,37,7961,15634
2023-11-21 11:11:52,35,36,7961,15634
2023-11-21 11:11:55,34,36,7961,15634
2023-11-21 11:12:03,34,35,7961,15634
2023-11-21 11:12:04,33,35,7961,15634
2023-11-21 11:12:11,34,35,7961,15634
2023-11-21 11:12:15,33,35,7961,15634
2023-11-21 11:12:21,33,34,7961,15634
2023-11-21 11:12:21,33,34,8081,15754
2023-11-21 11:12:21,32,34,8081,15754
2023-11-21 11:12:23,32,33,8081,15754
2023-11-21 11:12:30,31,33,8081,15754
2023-11-21 11:12:49,32,33,8081,15754
2023-11-21 11:12:49,32,34,8081,15754
2023-11-21 11:12:55,33,34,8081,15754
2023-11-21 11:13:05,32,34,8081,15754
2023-11-21 11:13:05,33,34,8081,15754
2023-11-21 11:13:05,32,34,8081,15754
2023-11-21 11:13:07,33,34,8081,15754
2023-11-21 11:13:09,32,34,8081,15754
2023-11-21 11:13:11,33,34,8081,15754
2023-11-21 11:13:15,32,34,8081,15754
2023-11-21 11:13:35,33,34,8081,15754
2023-11-21 11:13:38,32,34,8081,15754
2023-11-21 11:13:49,33,34,8081,15754
2023-11-21 11:13:55,33,35,8081,15754
2023-11-21 11:14:02,34,35,8081,15754
2023-11-21 11:14:06,34,36,8081,15754
2023-11-21 11:14:29,34,35,8081,15754
2023-11-21 11:14:37,33,35,8081,15754
2023-11-21 11:14:54,34,35,8081,15754
2023-11-21 11:15:02,34,36,8081,15754
2023-11-21 11:15:16,35,36,8081,15754
2023-11-21 11:15:17,34,36,8240,15913
2023-11-21 11:15:17,35,36,8240,15913
2023-11-21 11:15:23,34,36,8240,15913
2023-11-21 11:15:23,35,36,8240,15913
2023-11-21 11:15:27,34,36,8240,15913
2023-11-21 11:15:32,35,36,8240,15913
2023-11-21 11:16:01,34,36,8240,15913
2023-11-21 11:16:02,35,36,8240,15913
2023-11-21 11:16:05,35,36,8286,15959
2023-11-21 11:16:05,34,36,8286,15959
2023-11-21 11:16:06,33,36,8286,15959
2023-11-21 11:16:13,34,36,8286,15959
2023-11-21 11:16:28,35,36,8286,15959
2023-11-21 11:16:28,34,36,8286,15959
2023-11-21 11:16:28,35,36,8286,15959
2023-11-21 11:16:29,34,36,8286,15959
2023-11-21 11:16:41,34,35,8286,15959
2023-11-21 11:16:42,33,35,8286,15959
2023-11-21 11:16:43,33,36,8286,15959
2023-11-21 11:16:45,34,36,8286,15959
2023-11-21 11:16:59,34,37,8286,15959
2023-11-21 11:17:01,34,36,8286,15959
2023-11-21 11:17:04,34,37,8286,15959
2023-11-21 11:17:12,34,36,8286,15959
2023-11-21 11:17:19,34,37,8286,15959
2023-11-21 11:17:22,34,36,8286,15959
2023-11-21 11:17:24,34,37,8286,15959
2023-11-21 11:17:27,34,36,8286,15959
2023-11-21 11:17:28,34,37,8286,15959
2023-11-21 11:17:30,35,37,8286,15959
2023-11-21 11:17:44,36,37,8286,15959
2023-11-21 11:18:05,36,38,8286,15959
2023-11-21 11:18:53,37,38,8286,15959
2023-11-21 11:19:01,36,38,8286,15959
2023-11-21 11:19:04,37,38,8286,15959
2023-11-21 11:19:17,36,38,8286,15959
2023-11-21 11:19:19,36,38,8286,16059
2023-11-21 11:19:24,35,38,8286,16059
2023-11-21 11:19:27,35,37,8286,16059
2023-11-21 11:19:30,34,37,8286,16059
2023-11-21 11:19:39,35,37,8286,16059
2023-11-21 11:19:40,34,37,8286,16059
2023-11-21 11:19:40,35,37,8286,16059
2023-11-21 11:19:43,35,36,8286,16059
2023-11-21 11:19:43,34,36,8286,16059
2023-11-21 11:19:56,34,37,8286,16059
2023-11-21 11:19:57,35,36,8286,16059
2023-11-21 11:20:02,34,36,8286,16059
2023-11-21 11:20:04,35,36,8286,16059
2023-11-21 11:20:10,34,36,8475,16248
2023-11-21 11:20:17,35,36,8475,16248
2023-11-21 11:20:18,35,37,8475,16248
2023-11-21 11:21:05,36,37,8475,16248
2023-11-21 11:21:12,36,38,8475,16248
2023-11-21 11:21:14,36,37,8475,16248
2023-11-21 11:21:14,35,37,8475,16248
2023-11-21 11:21:18,34,37,8475,16248
2023-11-21 11:21:31,35,37,8475,16248
2023-11-21 11:21:31,35,36,8475,16248
2023-11-21 11:21:32,34,36,8475,16248
2023-11-21 11:21:34,35,36,8475,16248
2023-11-21 11:21:43,34,36,8475,16248
2023-11-21 11:21:53,35,36,8475,16248
2023-11-21 11:21:54,35,37,8475,16248
2023-11-21 11:21:59,35,38,8475,16248
2023-11-21 11:22:10,36,38,8475,16248
2023-11-21 11:22:18,36,37,8475,16248
2023-11-21 11:22:19,35,37,8475,16248
2023-11-21 11:22:37,34,37,8475,16248
2023-11-21 11:22:40,34,36,8475,16248
2023-11-21 11:22:52,34,37,8475,16248
2023-11-21 11:22:53,34,36,8475,16248
2023-11-21 11:22:53,34,36,8475,16248
2023-11-21 11:22:53,35,36,8475,16248
2023-11-21 11:22:53,35,37,8475,16248
2023-11-21 11:22:53,35,36,8475,16248
2023-11-21 11:22:58,34,36,8475,16248
2023-11-21 11:23:00,34,37,8475,16248
2023-11-21 11:23:01,34,36,8475,16248
2023-11-21 11:23:02,34,37,8475,16248
2023-11-21 11:23:02,34,36,8475,16248
2023-11-21 11:23:51,34,37,8475,16248
2023-11-21 11:23:54,35,37,8475,16248
2023-11-21 11:23:55,34,37,8475,16248
2023-11-21 11:23:56,35,37,8475,16248
2023-11-21 11:24:06,35,38,8475,16248
2023-11-21 11:24:09,36,38,8475,16248
2023-11-21 11:24:25,37,38,8475,16248
2023-11-21 11:25:28,36,38,8475,16248
2023-11-21 11:25:29,35,38,8475,16248
2023-11-21 11:25:44,36,38,8475,16248
2023-11-21 11:26:19,37,38,8475,16248
2023-11-21 11:26:27,36,38,8475,16248
2023-11-21 11:26:34,35,38,8475,16248
2023-11-21 11:26:43,35,37,8475,16248
2023-11-21 11:26:45,35,38,8475,16248
2023-11-21 11:26:47,35,37,8475,16248
2023-11-21 11:26:54,36,37,8475,16248
2023-11-21 11:26:56,35,37,8475,16248
2023-11-21 11:26:59,36,37,8475,16248
2023-11-21 11:27:01,36,38,8475,16248
2023-11-21 11:27:17,37,38,8475,16248
2023-11-21 11:27:30,37,39,8475,16248
2023-11-21 11:27:33,38,39,8475,16248
2023-11-21 11:27:48,37,39,8475,16248
2023-11-21 11:27:48,38,39,8475,16248
2023-11-21 11:27:56,38,40,8475,16248
2023-11-21 11:27:56,39,40,8475,16248
2023-11-21 11:28:23,38,40,8475,16248
2023-11-21 11:28:23,39,40,8475,16248
2023-11-21 11:28:40,38,40,8475,16248
2023-11-21 11:28:44,39,40,8475,16248
2023-11-21 11:28:46,38,40,8475,16248
2023-11-21 11:28:46,39,40,8475,16248
2023-11-21 11:29:02,39,41,8475,16248
2023-11-21 11:29:02,40,41,8475,16248
2023-11-21 11:29:09,39,41,8585,16358
2023-11-21 11:29:09,40,41,8585,16358
2023-11-21 11:29:11,39,41,8585,16358
2023-11-21 11:29:12,40,41,8585,16358
2023-11-21 11:29:18,39,41,8585,16358
2023-11-21 11:29:18,40,41,8585,16358
2023-11-21 11:29:38,39,41,8585,16358
2023-11-21 11:29:41,39,40,8585,16358
2023-11-21 11:29:41,38,40,8585,16358
2023-11-21 11:29:44,38,41,8585,16358
2023-11-21 11:29:45,38,40,8585,16358
2023-11-21 11:29:47,38,41,8585,16358
2023-11-21 11:29:50,38,40,8585,16358
2023-11-21 11:29:58,39,40,8585,16358
2023-11-21 11:29:59,39,41,8585,16358
2023-11-21 11:30:01,39,40,8585,16358
2023-11-21 11:30:02,39,41,8585,16358
2023-11-21 11:30:04,39,40,8585,16358
2023-11-21 11:30:06,38,40,8585,16358
2023-11-21 11:30:12,39,40,8585,16358
2023-11-21 11:30:14,38,40,8585,16358
2023-11-21 11:30:15,39,40,8585,16358
2023-11-21 11:30:16,39,41,8585,16358
2023-11-21 11:30:35,40,41,8585,16358
2023-11-21 11:30:42,39,41,8585,16358
2023-11-21 11:30:51,38,41,8585,16358
2023-11-21 11:30:53,39,41,8585,16358
2023-11-21 11:30:54,39,40,8585,16358
2023-11-21 11:30:54,38,40,8585,16358
2023-11-21 11:31:00,38,39,8585,16358
2023-11-21 11:31:06,36,39,8585,16358
2023-11-21 11:31:10,36,38,8585,16358
2023-11-21 11:31:52,37,38,8585,16358
2023-11-21 11:31:57,36,38,8585,16358
2023-11-21 11:31:57,37,38,8585,16358
2023-11-21 11:32:02,37,39,8585,16358
2023-11-21 11:32:08,37,38,8585,16358
2023-11-21 11:32:12,37,39,8585,16358
2023-11-21 11:32:25,37,38,8585,16358
2023-11-21 11:32:26,37,39,8585,16358
2023-11-21 11:32:26,36,39,8585,16358
2023-11-21 11:32:26,36,38,8585,16358
2023-11-21 11:32:32,37,38,8585,16358
2023-11-21 11:32:34,36,38,8585,16358
2023-11-21 11:32:34,37,38,8585,16358
2023-11-21 11:32:35,37,39,8585,16358
2023-11-21 11:32:50,37,40,8585,16358
2023-11-21 11:32:51,37,39,8585,16358
2023-11-21 11:32:56,37,40,8585,16358
2023-11-21 11:32:56,38,40,8585,16358
2023-11-21 11:32:59,38,39,8585,16358
2023-11-21 11:33:00,38,40,8585,16358
2023-11-21 11:33:24,38,39,8585,16358
2023-11-21 11:33:24,37,39,8585,16358
2023-11-21 11:33:31,37,40,8585,16358
2023-11-21 11:33:31,37,39,8585,16358
2023-11-21 11:33:31,37,40,8585,16358
2023-11-21 11:33:32,38,40,8585,16358
2023-11-21 11:33:54,38,39,8585,16358
2023-11-21 11:33:56,38,40,8585,16358
2023-11-21 11:34:06,38,39,8585,16358
2023-11-21 11:34:07,38,40,8585,16358
2023-11-21 11:34:12,38,39,8585,16358
2023-11-21 11:34:17,38,40,8585,16358
2023-11-21 11:34:19,38,39,8585,16358
2023-11-21 11:34:24,38,40,8585,16358
2023-11-21 11:34:36,38,41,8585,16358
2023-11-21 11:34:40,39,41,8585,16358
2023-11-21 11:34:57,39,40,8585,16358
2023-11-21 11:35:02,38,40,8585,16358
2023-11-21 11:35:03,39,40,8585,16358
2023-11-21 11:35:04,38,40,8585,16358
2023-11-21 11:35:12,39,40,8585,16358
2023-11-21 11:35:15,39,41,8585,16358
2023-11-21 11:35:22,39,40,8585,16358
2023-11-21 11:35:23,39,41,8585,16358
2023-11-21 11:35:24,39,40,8585,16358
2023-11-21 11:35:34,38,40,8585,16358
2023-11-21 11:35:45,37,40,8585,16358
2023-11-21 11:35:46,38,40,8585,16358
2023-11-21 11:36:00,38,39,8585,16358
2023-11-21 11:36:02,38,40,8585,16358
2023-11-21 11:36:19,39,40,8585,16358
2023-11-21 11:36:20,39,41,8585,16358
2023-11-21 11:36:22,39,40,8585,16358
2023-11-21 11:36:22,38,40,8585,16358
2023-11-21 11:36:22,39,40,8585,16358
2023-11-21 11:36:23,39,41,8585,16358
2023-11-21 11:36:24,39,40,8585,16358
2023-11-21 11:36:25,39,41,8585,16358
2023-11-21 11:36:29,39,40,8585,16358
2023-11-21 11:36:31,38,40,8585,16358
2023-11-21 11:36:37,39,40,8585,16358
2023-11-21 11:36:40,39,41,8585,16358
2023-11-21 11:36:46,39,40,8585,16358
2023-11-21 11:36:47,38,40,8585,16358
2023-11-21 11:36:56,39,40,8585,16358
2023-11-21 11:36:58,38,40,8585,16358
2023-11-21 11:36:59,39,40,8585,16358
2023-11-21 11:37:09,38,40,8585,16358
2023-11-21 11:37:33,38,39,8585,16358
2023-11-21 11:37:34,38,40,8585,16358
2023-11-21 11:37:49,38,39,8585,16358
2023-11-21 11:37:49,37,39,8585,16358
2023-11-21 11:38:35,38,39,8585,16358
2023-11-21 11:38:36,38,40,8585,16358
2023-11-21 11:38:36,38,39,8585,16358
2023-11-21 11:38:39,38,40,8585,16358
2023-11-21 11:38:52,38,41,8585,16358
2023-11-21 11:38:53,39,41,8585,16358
2023-11-21 11:38:58,39,40,8585,16358
2023-11-21 11:38:58,38,40,8585,16358
2023-11-21 11:39:09,37,40,8585,16358
2023-11-21 11:39:12,37,39,8585,16358
2023-11-21 11:39:16,37,40,8585,16358
2023-11-21 11:39:20,38,40,8585,16358
2023-11-21 11:39:21,38,39,8585,16358
2023-11-21 11:39:21,37,39,8585,16358
2023-11-21 11:39:22,38,39,8585,16358
2023-11-21 11:39:23,38,40,8585,16358
2023-11-21 11:39:27,38,39,8585,16358
2023-11-21 11:39:30,38,40,8585,16358
2023-11-21 11:39:32,38,39,8585,16358
2023-11-21 11:39:33,38,40,8585,16358
2023-11-21 11:39:43,38,39,8585,16358
2023-11-21 11:39:45,37,39,8585,16358
2023-11-21 11:39:59,36,39,8585,16358
2023-11-21 11:40:05,37,39,8585,16358
2023-11-21 11:40:08,36,39,8585,16358
2023-11-21 11:40:11,37,38,8585,16358
2023-11-21 11:40:16,36,38,8585,16358
2023-11-21 11:40:43,37,38,8585,16358
2023-11-21 11:40:47,37,39,8585,16358
2023-11-21 11:40:48,37,38,8585,16358
2023-11-21 11:40:50,36,38,8585,16358
2023-11-21 11:41:05,36,37,8585,16358
2023-11-21 11:41:08,35,37,8585,16358
2023-11-21 11:41:12,35,36,8585,16358
2023-11-21 11:41:13,34,36,8585,16358
2023-11-21 11:41:17,33,36,8585,16358
2023-11-21 11:41:18,33,35,8585,16358
2023-11-21 11:41:29,33,34,8585,16358
2023-11-21 11:41:51,33,35,8585,16358
2023-11-21 11:41:51,33,34,8585,16358
2023-11-21 11:42:01,32,34,8585,16358
2023-11-21 11:42:01,32,33,8585,16358
2023-11-21 11:42:02,32,34,8585,16358
2023-11-21 11:42:02,32,33,8585,16358
2023-11-21 11:42:06,32,34,8585,16358
2023-11-21 11:42:08,32,35,8585,16358
2023-11-21 11:42:09,33,35,8585,16358
2023-11-21 11:42:30,34,35,8585,16358
2023-11-21 11:42:32,34,36,8585,16358
2023-11-21 11:42:51,35,36,8585,16358
2023-11-21 11:42:52,35,37,8585,16358
2023-11-21 11:42:57,35,38,8585,16358
2023-11-21 11:42:59,35,37,8585,16358
2023-11-21 11:43:10,36,37,8585,16358
2023-11-21 11:43:10,36,38,8585,16358
2023-11-21 11:43:27,37,38,8585,16358
2023-11-21 11:43:45,36,38,8585,16358
2023-11-21 11:43:51,37,38,8585,16358
2023-11-21 11:43:52,36,38,8585,16358
2023-11-21 11:43:53,37,38,8585,16358
2023-11-21 11:43:57,36,38,8585,16358
2023-11-21 11:43:57,37,38,8585,16358
2023-11-21 11:44:07,36,38,8585,16358
2023-11-21 11:44:08,37,38,8585,16358
2023-11-21 11:44:23,36,38,8585,16358
2023-11-21 11:44:23,37,38,8585,16358
2023-11-21 11:44:32,37,39,8585,16358
2023-11-21 11:44:36,38,39,8585,16358
2023-11-21 11:44:38,37,39,8585,16358
2023-11-21 11:44:47,36,39,8585,16358
2023-11-21 11:44:53,36,38,8585,16358
2023-11-21 11:44:57,35,38,8585,16358
2023-11-21 11:45:04,36,38,8585,16358
2023-11-21 11:45:15,36,39,8585,16358
2023-11-21 11:45:20,37,39,8585,16358
2023-11-21 11:45:20,36,39,8585,16358
2023-11-21 11:45:28,37,39,8585,16358
2023-11-21 11:45:31,37,38,8585,16358
2023-11-21 11:45:32,37,39,8585,16358
2023-11-21 11:46:07,37,40,8585,16358
2023-11-21 11:46:07,38,40,8585,16358
2023-11-21 11:46:09,37,40,8585,16358
2023-11-21 11:46:10,38,40,8585,16358
2023-11-21 11:46:39,39,40,8585,16358
2023-11-21 11:46:40,38,40,8585,16358
2023-11-21 11:46:52,37,40,8585,16358
2023-11-21 11:46:55,37,39,8585,16358
2023-11-21 11:47:14,37,38,8585,16358
2023-11-21 11:47:18,36,38,8585,16358
2023-11-21 11:47:23,36,39,8585,16358
2023-11-21 11:47:23,37,39,8585,16358
2023-11-21 11:47:39,37,40,8585,16358
2023-11-21 11:47:39,37,39,8585,16358
2023-11-21 11:47:45,36,39,8585,16358
2023-11-21 11:47:57,37,39,8585,16358
2023-11-21 11:48:14,37,38,8585,16358
2023-11-21 11:48:15,37,39,8585,16358
2023-11-21 11:48:27,37,40,8585,16358
2023-11-21 11:48:31,38,40,8585,16358
2023-11-21 11:48:43,38,41,8585,16358
2023-11-21 11:48:45,39,41,8585,16358
2023-11-21 11:48:55,40,41,8585,16358
2023-11-21 11:48:58,40,42,8585,16358
2023-11-21 11:49:09,41,42,8585,16358
2023-11-21 11:49:09,40,42,8742,16515
2023-11-21 11:49:11,41,42,8742,16515
2023-11-21 11:49:11,40,42,8893,16666
2023-11-21 11:49:11,41,42,8893,16666
2023-11-21 11:49:12,40,42,8893,16666
2023-11-21 11:49:37,41,42,8893,16666
2023-11-21 11:49:38,41,43,8893,16666
2023-11-21 11:49:53,42,43,8893,16666
2023-11-21 11:49:55,41,43,9070,16843
2023-11-21 11:49:55,42,43,9070,16843
2023-11-21 11:50:00,42,44,9070,16843
2023-11-21 11:50:08,41,44,9070,16843
2023-11-21 11:50:08,41,43,9070,16843
2023-11-21 11:50:17,42,43,9070,16843
2023-11-21 11:50:19,41,43,9070,16843
2023-11-21 11:50:19,41,44,9070,16843
2023-11-21 11:50:19,42,44,9070,16843
2023-11-21 11:50:21,41,44,9070,16843
2023-11-21 11:50:21,42,44,9070,16843
2023-11-21 11:50:52,43,44,9070,16843
2023-11-21 11:51:10,43,45,9070,16843
2023-11-21 11:51:15,44,45,9070,16843
2023-11-21 11:51:29,44,46,9070,16843
2023-11-21 11:51:37,45,46,9070,16843
2023-11-21 11:51:37,44,46,9208,16981
2023-11-21 11:51:37,45,46,9208,16981
2023-11-21 11:51:42,44,46,9208,16981
2023-11-21 11:51:43,45,46,9208,16981
2023-11-21 11:51:51,44,46,9208,16981
2023-11-21 11:51:52,45,46,9208,16981
2023-11-21 11:52:32,45,47,9208,16981
2023-11-21 11:52:42,46,47,9208,16981
2023-11-21 11:52:45,45,47,9208,16981
2023-11-21 11:52:45,46,47,9208,16981
2023-11-21 11:52:47,45,47,9208,16981
2023-11-21 11:52:49,46,47,9208,16981
2023-11-21 11:52:50,45,47,9208,16981
2023-11-21 11:53:12,45,46,9208,16981
2023-11-21 11:53:14,45,47,9208,16981
2023-11-21 11:53:39,46,47,9208,16981
2023-11-21 11:53:40,45,47,9208,16981
2023-11-21 11:53:42,46,47,9208,16981
2023-11-21 11:53:59,46,48,9208,16981
2023-11-21 11:54:10,46,47,9208,16981
2023-11-21 11:54:12,46,48,9208,16981
2023-11-21 11:54:13,46,47,9208,16981
2023-11-21 11:54:15,46,48,9208,16981
2023-11-21 11:54:17,46,47,9208,16981
2023-11-21 11:54:23,45,47,9208,16981
2023-11-21 11:55:43,46,47,9208,16981
2023-11-21 11:55:57,45,47,9208,16981
2023-11-21 11:55:58,46,47,9208,16981
2023-11-21 11:56:07,45,47,9208,16981
2023-11-21 11:56:31,45,46,9208,16981
2023-11-21 11:56:34,45,47,9208,16981
2023-11-21 11:56:36,45,46,9208,16981
2023-11-21 11:56:37,45,47,9208,16981
2023-11-21 11:56:45,45,46,9208,16981
2023-11-21 11:56:57,44,46,9208,16981
2023-11-21 11:57:14,44,45,9208,16981
2023-11-21 11:57:35,43,45,9208,16981
2023-11-21 11:58:01,44,45,9208,16981
2023-11-21 11:58:04,44,46,9208,16981
2023-11-21 11:58:19,44,47,9208,16981
2023-11-21 11:58:21,45,47,9208,16981
2023-11-21 11:58:24,45,46,9208,16981
2023-11-21 11:58:28,44,46,9208,16981
2023-11-21 11:58:28,44,47,9208,16981
2023-11-21 11:58:28,44,46,9208,16981
2023-11-21 11:58:29,45,46,9208,16981
2023-11-21 11:58:29,45,47,9208,16981
2023-11-21 11:58:30,45,46,9208,16981
2023-11-21 11:58:32,45,47,9208,16981
2023-11-21 11:58:37,45,46,9208,16981
2023-11-21 11:58:42,44,46,9208,16981
2023-11-21 11:58:43,45,46,9208,16981
2023-11-21 11:58:44,44,46,9208,16981
2023-11-21 11:58:45,45,46,9208,16981
2023-11-21 11:58:48,44,46,9208,16981
2023-11-21 11:58:52,45,46,9208,16981
2023-11-21 11:58:54,45,47,9208,16981
2023-11-21 11:59:14,45,48,9208,16981
2023-11-21 11:59:15,45,47,9208,16981
2023-11-21 11:59:16,45,48,9208,16981
2023-11-21 11:59:17,45,47,9208,16981
2023-11-21 11:59:20,45,48,9208,16981
2023-11-21 11:59:20,45,47,9208,16981
2023-11-21 11:59:23,45,48,9208,16981
2023-11-21 11:59:23,45,47,9208,16981
2023-11-21 11:59:30,46,47,9208,16981
2023-11-21 11:59:34,46,48,9208,16981
2023-11-21 12:00:04,47,48,9208,16981
2023-11-21 12:00:28,46,48,9208,16981
2023-11-21 12:00:52,47,48,9208,16981
2023-11-21 12:01:02,46,48,9208,16981
2023-11-21 12:01:12,47,48,9208,16981
2023-11-21 12:01:13,47,49,9208,16981
2023-11-21 12:01:39,48,49,9208,16981
2023-11-21 12:01:39,48,50,9208,16981
2023-11-21 12:01:47,48,50,9208,17331
2023-11-21 12:01:48,47,50,9208,17331
2023-11-21 12:01:50,47,49,9208,17331
2023-11-21 12:02:06,46,49,9208,17331
2023-11-21 12:02:14,46,48,9208,17331
2023-11-21 12:02:20,45,48,9208,17331
2023-11-21 12:02:41,45,47,9208,17331
2023-11-21 12:02:54,45,48,9208,17331
2023-11-21 12:03:08,45,47,9208,17331
2023-11-21 12:03:20,44,47,9208,17331
2023-11-21 12:03:27,44,46,9208,17331
2023-11-21 12:03:28,44,47,9208,17331
2023-11-21 12:04:14,45,47,9208,17331
2023-11-21 12:04:25,44,47,9208,17331
2023-11-21 12:04:30,45,47,9208,17331
2023-11-21 12:04:34,45,48,9208,17331
2023-11-21 12:04:45,46,48,9208,17331
2023-11-21 12:04:47,46,49,9208,17331
2023-11-21 12:04:50,46,48,9208,17331
2023-11-21 12:05:01,46,49,9208,17331
2023-11-21 12:05:26,46,48,9208,17331
2023-11-21 12:05:29,45,48,9208,17331
2023-11-21 12:05:54,45,47,9208,17331
2023-11-21 12:06:05,44,47,9208,17431
2023-11-21 12:06:05,44,46,9208,17431
2023-11-21 12:06:10,45,46,9208,17431
2023-11-21 12:06:16,44,46,9208,17431
2023-11-21 12:06:19,45,46,9208,17431
2023-11-21 12:06:22,44,46,9208,17431
2023-11-21 12:06:26,45,46,9208,17431
2023-11-21 12:06:36,45,48,9208,17431
2023-11-21 12:06:36,45,47,9208,17431
2023-11-21 12:06:37,46,47,9208,17431
2023-11-21 12:06:40,45,47,9208,17431
2023-11-21 12:06:55,45,48,9208,17431
2023-11-21 12:06:55,45,46,9208,17431
2023-11-21 12:07:00,45,46,9208,17931
2023-11-21 12:07:00,44,46,9208,17931
2023-11-21 12:07:05,45,46,9208,17931
2023-11-21 12:07:06,44,46,9208,17931
2023-11-21 12:07:13,45,46,9208,17931
2023-11-21 12:07:17,45,48,9208,17931
2023-11-21 12:07:17,45,47,9208,17931
2023-11-21 12:08:09,45,48,9208,17931
2023-11-21 12:08:09,45,46,9208,17931
2023-11-21 12:08:19,44,46,9208,17931
2023-11-21 12:08:24,45,46,9208,17931
2023-11-21 12:08:40,45,48,9208,17931
2023-11-21 12:08:40,45,47,9208,17931
2023-11-21 12:08:53,46,47,9208,17931
2023-11-21 12:08:53,46,47,9208,18131
2023-11-21 12:08:53,46,48,9208,18131
2023-11-21 12:09:02,46,49,9208,18131
2023-11-21 12:09:02,46,48,9208,18131
2023-11-21 12:09:02,46,47,9208,18131
2023-11-21 12:09:05,45,47,9208,18131
2023-11-21 12:09:33,46,47,9208,18131
2023-11-21 12:09:35,46,49,9208,18131
2023-11-21 12:09:35,46,48,9208,18131
2023-11-21 12:10:00,47,48,9208,18131
2023-11-21 12:10:04,46,48,9208,18131
2023-11-21 12:10:06,46,49,9208,18131
2023-11-21 12:10:06,46,47,9208,18131
2023-11-21 12:10:12,46,49,9208,18131
2023-11-21 12:10:12,46,48,9208,18131
2023-11-21 12:10:15,47,48,9208,18131
2023-11-21 12:10:45,47,50,9208,18131
2023-11-21 12:10:45,47,49,9208,18131
2023-11-21 12:10:49,47,50,9208,18131
2023-11-21 12:10:49,47,48,9208,18131
2023-11-21 12:11:25,46,48,9208,18131
2023-11-21 12:11:25,46,49,9208,18131
2023-11-21 12:11:25,46,47,9208,18131
2023-11-21 12:11:48,46,49,9208,18131
2023-11-21 12:11:48,46,48,9208,18131
2023-11-21 12:11:49,47,48,9208,18131
2023-11-21 12:12:02,46,48,9208,18131
2023-11-21 12:12:02,46,49,9208,18131
2023-11-21 12:12:02,46,47,9208,18131
2023-11-21 12:12:19,46,49,9208,18131
2023-11-21 12:12:19,46,48,9208,18131
2023-11-21 12:12:21,47,48,9208,18131
2023-11-21 12:13:39,47,50,9208,18331
2023-11-21 12:13:44,48,50,9208,18331
2023-11-21 12:13:47,48,51,9208,18331
2023-11-21 12:14:08,48,50,9208,18331
2023-11-21 12:14:17,48,51,9208,18331
2023-11-21 12:14:18,48,50,9208,18331
2023-11-21 12:14:48,48,51,9208,18331
2023-11-21 12:15:07,49,51,9208,18331
2023-11-21 12:15:45,49,52,9208,18331
2023-11-21 12:15:55,49,51,9208,18331
2023-11-21 12:17:12,48,51,9208,18331
2023-11-21 12:17:12,48,50,9208,18331
2023-11-21 12:17:14,48,49,9208,18331
2023-11-21 12:17:17,48,50,9208,18331
2023-11-21 12:18:14,48,51,9208,18331
2023-11-21 12:18:35,49,51,9208,18331
2023-11-21 12:18:54,48,51,9208,18331
2023-11-21 12:19:25,49,51,9208,18331
2023-11-21 12:19:47,49,52,9208,18331
2023-11-21 12:19:49,49,51,9208,18331
2023-11-21 12:19:51,48,51,9208,18331
2023-11-21 12:20:32,48,50,9208,18331
2023-11-21 12:21:29,47,50,9208,18331
2023-11-21 12:21:29,47,49,9208,18331
2023-11-21 12:21:37,47,48,9208,18331
2023-11-21 12:21:52,47,50,9208,18331
2023-11-21 12:21:53,48,50,9208,18331
2023-11-21 12:21:59,48,51,9208,18331
2023-11-21 12:22:15,49,51,9208,18331
2023-11-21 12:22:25,49,52,9208,18331
2023-11-21 12:23:34,50,52,9208,18331
2023-11-21 12:23:57,50,53,9208,18331
2023-11-21 12:24:11,51,53,9208,18331
2023-11-21 12:25:03,52,53,9208,18331
2023-11-21 12:25:18,51,53,9208,18331
2023-11-21 12:25:27,50,53,9208,18331
2023-11-21 12:25:27,51,53,9208,18331
2023-11-21 12:25:32,52,53,9208,18331
2023-11-21 12:25:33,51,53,9208,18331
2023-11-21 12:25:34,52,53,9208,18331
2023-11-21 12:25:58,51,53,9208,18331
2023-11-21 12:25:58,52,53,9208,18331
2023-11-21 12:26:15,52,54,9208,18331
2023-11-21 12:26:15,53,54,9208,18331
2023-11-21 12:26:22,52,54,9208,18331
2023-11-21 12:26:22,53,54,9208,18331
2023-11-21 12:26:25,52,54,9208,18331
2023-11-21 12:26:51,53,54,9208,18331
2023-11-21 12:26:52,52,54,9208,18331
2023-11-21 12:27:22,53,54,9208,18331
2023-11-21 12:28:09,52,54,9208,18331
2023-11-21 12:28:10,53,54,9208,18331
2023-11-21 12:28:11,52,54,9208,18331
2023-11-21 12:28:12,53,54,9208,18331
2023-11-21 12:28:12,52,54,9208,18331
2023-11-21 12:28:14,53,54,9208,18331
2023-11-21 12:28:16,52,54,9208,18331
2023-11-21 12:28:28,52,54,9208,18331
2023-11-21 12:28:34,53,54,9208,18331
2023-11-21 12:28:43,52,54,9208,18331
2023-11-21 12:28:43,53,54,9208,18331
2023-11-21 12:28:48,52,54,9208,18331
2023-11-21 12:28:52,53,54,9208,18331
2023-11-21 12:28:53,52,54,9208,18331
2023-11-21 12:28:54,53,54,9208,18331
2023-11-21 12:29:17,52,54,9208,18331
2023-11-21 12:29:17,53,54,9208,18331
2023-11-21 12:29:21,53,55,9208,18331
2023-11-21 12:29:21,54,55,9208,18331
2023-11-21 12:29:49,53,55,9208,18331
2023-11-21 12:30:01,54,55,9208,18331
2023-11-21 12:30:22,53,55,9208,18331
2023-11-21 12:30:23,54,55,9208,18331
2023-11-21 12:30:24,53,55,9208,18331
2023-11-21 12:30:25,54,55,9208,18331
2023-11-21 12:30:39,53,55,9208,18331
2023-11-21 12:30:46,54,55,9208,18331
2023-11-21 12:30:51,53,55,9208,18331
2023-11-21 12:31:11,54,55,9208,18331
2023-11-21 12:31:23,53,55,9208,18331
2023-11-21 12:31:47,54,55,9208,18331
2023-11-21 12:31:48,53,55,9208,18331
2023-11-21 12:31:51,54,55,9208,18331
2023-11-21 12:31:56,53,55,9208,18331
2023-11-21 12:31:57,54,55,9208,18331
2023-11-21 12:31:58,53,55,9208,18331
2023-11-21 12:32:07,54,55,9208,18331
2023-11-21 12:32:46,53,55,9208,18331
2023-11-21 12:32:46,54,55,9208,18331
2023-11-21 12:33:19,53,55,9208,18331
2023-11-21 12:33:58,54,55,9208,18331
2023-11-21 12:33:59,53,55,9208,18331
2023-11-21 12:34:00,54,55,9208,18331
2023-11-21 12:34:15,53,55,9208,18331
2023-11-21 12:34:17,54,55,9208,18331
2023-11-21 12:34:25,53,55,9208,18331
2023-11-21 12:34:25,54,55,9208,18331
2023-11-21 12:34:28,53,55,9208,18331
2023-11-21 12:34:36,53,54,9208,18331
2023-11-21 12:34:36,52,54,9208,18331
2023-11-21 12:34:37,52,55,9208,18331
2023-11-21 12:34:37,53,55,9208,18331
2023-11-21 12:34:39,52,55,9208,18331
2023-11-21 12:34:41,53,55,9208,18331
2023-11-21 12:34:42,52,55,9208,18331
2023-11-21 12:34:45,52,54,9208,18331
2023-11-21 12:34:50,53,54,9208,18331
2023-11-21 12:34:59,53,55,9208,18331
2023-11-21 12:35:06,53,54,9208,18331
2023-11-21 12:35:08,52,54,9208,18331
2023-11-21 12:35:51,53,54,9208,18331
2023-11-21 12:35:52,52,54,9208,18331
2023-11-21 12:35:52,53,54,9208,18331
2023-11-21 12:35:53,52,54,9208,18331
2023-11-21 12:36:03,53,54,9208,18331
2023-11-21 12:36:03,52,54,9208,18331
2023-11-21 12:36:04,53,54,9208,18331
2023-11-21 12:36:14,53,55,9208,18331
2023-11-21 12:36:29,54,55,9208,18331
2023-11-21 12:36:58,53,55,9208,18331
2023-11-21 12:36:58,54,55,9208,18331
2023-11-21 12:37:23,53,54,9208,18526
2023-11-21 12:37:24,53,55,9208,18526
2023-11-21 12:37:24,54,55,9208,18526
2023-11-21 12:37:38,52,55,9208,18526
2023-11-21 12:37:38,53,55,9208,18526
2023-11-21 12:37:38,54,55,9208,18526
2023-11-21 12:37:38,53,55,9208,18526
2023-11-21 12:37:38,54,55,9208,18526
2023-11-21 12:38:23,53,55,9208,18526
2023-11-21 12:38:36,54,55,9208,18526
2023-11-21 12:38:37,53,55,9208,18526
2023-11-21 12:38:49,54,55,9208,18526
2023-11-21 12:38:59,53,55,9208,18526
2023-11-21 12:38:59,54,55,9208,18526
2023-11-21 12:39:18,54,56,9208,18526
2023-11-21 12:39:39,55,56,9208,18526
2023-11-21 12:39:48,55,57,9208,18526
2023-11-21 12:40:15,54,57,9208,18526
2023-11-21 12:40:18,54,57,9208,18526
2023-11-21 12:40:23,55,57,9208,18526
2023-11-21 12:40:47,56,57,9208,18526
2023-11-21 12:41:01,55,57,9208,18526
2023-11-21 12:41:21,56,57,9208,18526
2023-11-21 12:41:27,56,58,9208,18526
2023-11-21 12:41:31,56,57,9208,18526
2023-11-21 12:41:53,56,58,9208,18526
2023-11-21 12:41:53,56,57,9208,18526
2023-11-21 12:41:56,56,58,9208,18526
2023-11-21 12:41:56,56,57,9208,18526
2023-11-21 12:42:03,55,57,9208,18526
2023-11-21 12:42:16,55,56,9208,18526
2023-11-21 12:42:17,55,57,9208,18526
2023-11-21 12:42:17,55,56,9208,18526
2023-11-21 12:42:18,55,57,9208,18526
2023-11-21 12:42:18,55,56,9208,18526
2023-11-21 12:42:32,55,57,9208,18526
2023-11-21 12:42:32,55,56,9208,18526
2023-11-21 12:42:40,54,56,9208,18526
2023-11-21 12:42:50,54,55,9208,18526
2023-11-21 12:42:53,54,56,9208,18526
2023-11-21 12:42:57,54,55,9208,18526
2023-11-21 12:42:57,54,56,9208,18526
2023-11-21 12:42:58,54,55,9208,18526
2023-11-21 12:42:58,54,56,9208,18526
2023-11-21 12:42:59,54,55,9208,18526
2023-11-21 12:42:59,54,56,9208,18526
2023-11-21 12:43:02,54,55,9208,18526
2023-11-21 12:43:05,54,56,9208,18526
2023-11-21 12:43:09,54,55,9208,18526
2023-11-21 12:43:17,54,56,9208,18526
2023-11-21 12:43:18,54,55,9208,18526
2023-11-21 12:43:40,54,56,9208,18526
2023-11-21 12:43:55,54,57,9208,18526
2023-11-21 12:43:55,54,56,9208,18526
2023-11-21 12:43:56,55,56,9208,18526
2023-11-21 12:43:57,55,57,9208,18526
2023-11-21 12:44:08,55,56,9208,18526
2023-11-21 12:44:18,54,56,9208,18526
2023-11-21 12:44:35,54,55,9208,18526
2023-11-21 12:45:13,54,56,9208,18526
2023-11-21 12:45:13,54,55,9208,18526
2023-11-21 12:45:17,54,56,9208,18526
2023-11-21 12:45:19,54,55,9208,18526
2023-11-21 12:45:21,54,56,9208,18526
2023-11-21 12:45:36,54,57,9208,18526
2023-11-21 12:45:37,54,56,9208,18526
2023-11-21 12:45:50,55,56,9208,18526
2023-11-21 12:45:51,55,57,9208,18526
2023-11-21 12:46:10,55,56,9208,18526
2023-11-21 12:46:12,55,57,9208,18526
2023-11-21 12:46:13,55,56,9208,18526
2023-11-21 12:46:31,55,57,9208,18526
2023-11-21 12:47:02,56,57,9208,18526
2023-11-21 12:47:03,55,57,9208,18526
2023-11-21 12:47:03,55,58,9208,18526
2023-11-21 12:47:03,56,57,9208,18526
2023-11-21 12:47:06,55,57,9208,18526
2023-11-21 12:47:15,56,57,9208,18526
2023-11-21 12:47:17,55,57,9208,18526
2023-11-21 12:47:26,56,57,9208,18526
2023-11-21 12:47:29,55,57,9208,18526
2023-11-21 12:47:30,56,57,9208,18526
2023-11-21 12:47:51,55,57,9208,18526
2023-11-21 12:47:58,56,57,9208,18526
2023-11-21 12:48:04,55,57,9208,18526
2023-11-21 12:48:04,55,58,9208,18526
2023-11-21 12:48:04,55,57,9208,18526
2023-11-21 12:48:05,56,57,9208,18526
2023-11-21 12:48:05,55,57,9208,18526
2023-11-21 12:48:48,56,57,9208,18526
2023-11-21 12:48:49,56,58,9208,18526
2023-11-21 12:49:22,57,58,9208,18526
2023-11-21 12:49:31,57,59,9208,18526
2023-11-21 12:49:40,57,60,9208,18526
2023-11-21 12:49:46,58,60,9208,18526
2023-11-21 12:50:07,59,60,9208,18526
2023-11-21 12:50:08,58,60,9208,18526
2023-11-21 12:50:17,59,60,9208,18526
2023-11-21 12:50:19,58,60,9208,18526
2023-11-21 12:50:49,59,60,9208,18526
2023-11-21 12:50:50,59,60,9363,19081
2023-11-21 12:50:52,59,61,9363,19081
2023-11-21 12:50:56,60,61,9363,19081
2023-11-21 12:51:10,60,61,9387,19260
2023-11-21 12:51:10,59,60,9563,19436
2023-11-21 12:52:10,58,60,9563,19436
2023-11-21 12:52:51,58,59,9563,19436
2023-11-21 12:53:10,58,60,9563,19436
2023-11-21 12:53:39,59,60,9563,19436
2023-11-21 12:54:01,58,60,9563,19436
2023-11-21 12:54:15,59,60,9563,19436
2023-11-21 12:55:02,60,61,9566,19439
2023-11-21 12:55:28,59,61,9566,19439
2023-11-21 12:55:39,59,60,9566,19439
2023-11-21 12:55:40,58,60,9566,19439
2023-11-21 12:55:41,58,61,9566,19439
2023-11-21 12:55:44,58,60,9566,19439
2023-11-21 12:55:53,59,60,9566,19439
2023-11-21 12:55:54,58,60,9566,19439
2023-11-21 12:55:57,59,60,9566,19439
2023-11-21 12:56:08,59,61,9566,19439
2023-11-21 12:56:08,59,60,9566,19439
2023-11-21 12:56:25,59,61,9566,19439
2023-11-21 12:57:02,60,61,9566,19439
2023-11-21 12:57:03,59,61,9566,19439
2023-11-21 12:57:04,60,61,9566,19439
2023-11-21 12:57:05,59,61,9566,19439
2023-11-21 12:57:05,60,61,9566,19439
2023-11-21 12:57:14,60,62,9566,19439
2023-11-21 12:57:54,61,62,9566,19439
2023-11-21 12:57:57,61,63,9566,19439
2023-11-21 12:58:04,61,62,9566,19439
2023-11-21 12:58:29,61,63,9566,19439
2023-11-21 12:58:30,61,62,9566,19439
2023-11-21 12:59:15,61,63,9566,19439
2023-11-21 12:59:15,61,62,9566,19439
2023-11-21 12:59:16,61,63,9566,19439
2023-11-21 12:59:16,61,62,9566,19439
2023-11-21 12:59:19,61,63,9566,19439
2023-11-21 12:59:25,61,62,9566,19439
2023-11-21 13:00:03,61,63,9566,19439
2023-11-21 13:00:09,61,62,9566,19439
2023-11-21 13:00:33,60,62,9566,19439
2023-11-21 13:01:13,59,62,9566,19439
2023-11-21 13:01:24,59,61,9566,19439
2023-11-21 13:01:27,59,62,9566,19439
2023-11-21 13:01:30,59,61,9566,19439
2023-11-21 13:01:43,58,61,9566,19439
2023-11-21 13:01:43,58,60,9566,19439
2023-11-21 13:01:50,58,59,9566,19439
2023-11-21 13:01:50,57,59,9566,19439
2023-11-21 13:02:01,57,60,9566,19439
2023-11-21 13:02:04,58,60,9566,19439
2023-11-21 13:02:07,57,60,9566,19439
2023-11-21 13:02:22,57,59,9566,19439
2023-11-21 13:02:38,57,60,9566,19439
2023-11-21 13:02:40,57,59,9566,19439
2023-11-21 13:02:47,56,59,9566,19439
2023-11-21 13:02:47,56,58,9566,19439
2023-11-21 13:03:28,56,57,9566,19439
2023-11-21 13:03:30,55,57,9566,19439
2023-11-21 13:03:41,55,56,9566,19439
2023-11-21 13:03:41,54,56,9566,19439
2023-11-21 13:03:42,54,55,9566,19439
2023-11-21 13:03:42,53,55,9566,19439
2023-11-21 13:03:44,53,54,9566,19439
2023-11-21 13:03:46,52,54,9566,19439
2023-11-21 13:03:47,52,53,9566,19439
2023-11-21 13:03:48,51,53,9566,19439
2023-11-21 13:03:51,52,53,9566,19439
2023-11-21 13:03:57,51,53,9566,19439
2023-11-21 13:04:02,51,54,9566,19439
2023-11-21 13:04:02,52,54,9566,19439
2023-11-21 13:04:21,51,54,9566,19439
2023-11-21 13:04:27,51,53,9566,19439
2023-11-21 13:04:42,50,53,9566,19439
2023-11-21 13:04:42,50,52,9566,19439
2023-11-21 13:04:54,50,53,9566,19639
2023-11-21 13:05:00,50,54,9566,19639
2023-11-21 13:05:02,51,53,9566,19639
2023-11-21 13:05:03,50,53,9566,19639
2023-11-21 13:05:49,50,54,9566,19639
2023-11-21 13:06:11,51,53,9566,19639
2023-11-21 13:06:13,50,53,9566,19639
2023-11-21 13:06:35,51,53,9566,19639
2023-11-21 13:06:36,51,54,9566,19639
2023-11-21 13:06:54,51,53,9566,19639
2023-11-21 13:07:02,50,53,9566,19639
2023-11-21 13:07:04,51,53,9566,19639
2023-11-21 13:07:08,51,54,9566,19639
2023-11-21 13:07:09,51,53,9566,19639
2023-11-21 13:07:12,51,54,9566,19639
2023-11-21 13:07:16,51,55,9566,19639
2023-11-21 13:07:16,52,55,9566,19639
2023-11-21 13:07:19,53,55,9566,19639
2023-11-21 13:08:33,53,56,9566,19639
2023-11-21 13:08:54,53,57,9566,19639
2023-11-21 13:08:54,54,57,9566,19639
2023-11-21 13:09:19,54,56,9566,19639
2023-11-21 13:09:26,54,57,9566,19639
2023-11-21 13:09:30,55,57,9566,19639
2023-11-21 13:09:55,55,58,9566,19639
2023-11-21 13:10:25,55,57,9566,19639
2023-11-21 13:10:38,54,57,9566,19639
2023-11-21 13:10:47,54,56,9566,19639
2023-11-21 13:10:52,53,55,9566,19639
2023-11-21 13:10:53,53,56,9566,19639
2023-11-21 13:10:58,53,55,9566,19639
2023-11-21 13:11:01,52,55,9566,19639
2023-11-21 13:11:20,53,55,9566,19639
2023-11-21 13:11:36,52,55,9566,19639
2023-11-21 13:11:46,52,54,9566,19639
2023-11-21 13:11:49,51,54,9566,19639
2023-11-21 13:11:53,51,53,9566,19639
2023-11-21 13:11:54,50,53,9566,19639
2023-11-21 13:11:58,51,53,9566,19639
2023-11-21 13:12:01,51,54,9566,19639
2023-11-21 13:12:05,51,53,9566,19639
2023-11-21 13:12:16,50,53,9566,19639
2023-11-21 13:13:38,50,52,9566,19639
2023-11-21 13:13:42,49,52,9566,19639
2023-11-21 13:14:16,49,51,9566,19639
2023-11-21 13:14:22,48,51,9566,19639
2023-11-21 13:14:27,48,50,9566,19639
2023-11-21 13:14:27,47,49,9566,19639
2023-11-21 13:14:53,47,50,9566,19639
2023-11-21 13:15:06,47,49,9566,19639
2023-11-21 13:15:13,46,49,9566,19639
2023-11-21 13:15:15,46,48,9566,19639
2023-11-21 13:15:21,46,49,9566,19639
2023-11-21 13:15:27,46,50,9566,19639
2023-11-21 13:15:28,47,50,9566,19639
2023-11-21 13:15:55,48,50,9566,19639
2023-11-21 13:15:55,48,51,9566,19639
2023-11-21 13:15:56,48,52,9566,19839
2023-11-21 13:15:57,49,52,9566,19839
2023-11-21 13:16:14,48,52,9566,19839
2023-11-21 13:16:14,48,51,9566,19839
2023-11-21 13:16:46,48,52,9566,19839
2023-11-21 13:16:48,49,52,9566,19839
2023-11-21 13:16:58,48,52,9566,19839
2023-11-21 13:17:00,49,52,9566,19839
2023-11-21 13:17:01,48,52,9566,19839
2023-11-21 13:17:02,48,51,9566,19839
2023-11-21 13:17:11,48,50,9566,19839
2023-11-21 13:17:12,47,50,9566,19839
2023-11-21 13:17:14,47,49,9566,19839
2023-11-21 13:17:14,46,49,9566,19839
2023-11-21 13:17:25,47,49,9566,19839
2023-11-21 13:17:27,47,50,9566,19839
2023-11-21 13:17:28,46,50,9566,19839
2023-11-21 13:17:32,47,50,9566,19839
2023-11-21 13:17:36,47,51,9566,19839
2023-11-21 13:17:48,47,50,9566,19839
2023-11-21 13:18:00,47,51,9566,19839
2023-11-21 13:18:04,48,51,9566,19839
2023-11-21 13:18:05,47,51,9566,19839
2023-11-21 13:18:08,47,50,9566,19839
2023-11-21 13:18:11,47,51,9566,19839
2023-11-21 13:18:28,48,51,9566,19839
2023-11-21 13:18:54,48,52,9566,19839
2023-11-21 13:18:54,49,52,9566,19839
2023-11-21 13:19:37,48,52,9566,19839
2023-11-21 13:19:41,48,51,9566,19839
2023-11-21 13:19:49,47,51,9566,19839
2023-11-21 13:19:50,47,50,9566,19839
2023-11-21 13:19:54,47,51,9566,19839
2023-11-21 13:20:02,47,50,9566,19839
2023-11-21 13:20:03,47,51,9566,19839
2023-11-21 13:20:04,47,50,9566,19839
2023-11-21 13:20:05,47,51,9566,19839
2023-11-21 13:20:09,48,51,9566,19839
2023-11-21 13:20:12,47,51,9566,19839
2023-11-21 13:20:15,48,51,9566,19839
2023-11-21 13:20:16,47,51,9566,19839
2023-11-21 13:20:17,48,51,9566,19839
2023-11-21 13:20:26,47,51,9566,19839
2023-11-21 13:20:28,47,50,9566,19839
2023-11-21 13:20:33,47,51,9566,19839
2023-11-21 13:20:40,47,50,9566,19839
2023-11-21 13:20:42,46,50,9566,19839
2023-11-21 13:20:44,46,49,9566,19839
2023-11-21 13:20:56,46,48,9566,19839
2023-11-21 13:21:00,46,49,9566,19839
2023-11-21 13:21:04,46,48,9566,19839
2023-11-21 13:21:28,45,48,9566,19839
2023-11-21 13:21:28,45,47,9566,19839
2023-11-21 13:21:31,44,47,9566,19839
2023-11-21 13:22:26,44,46,9566,19839
2023-11-21 13:22:37,43,46,9566,19839
2023-11-21 13:23:17,43,45,9566,19839
2023-11-21 13:23:17,42,45,9566,19839
2023-11-21 13:23:18,42,44,9566,19839
2023-11-21 13:23:19,41,44,9566,19839
2023-11-21 13:23:22,41,43,9566,19839
2023-11-21 13:23:25,40,43,9566,19839
2023-11-21 13:23:29,40,42,9566,19839
2023-11-21 13:23:32,40,43,9566,19839
2023-11-21 13:23:37,41,43,9566,19839
2023-11-21 13:23:39,41,44,9566,19839
2023-11-21 13:23:48,41,43,9566,19839
2023-11-21 13:23:52,41,44,9566,19839
2023-11-21 13:23:53,41,43,9566,19839
2023-11-21 13:23:57,41,44,9566,20039
2023-11-21 13:24:41,40,44,9566,20039
2023-11-21 13:24:51,40,43,9566,20039
2023-11-21 13:25:24,40,44,9566,20039
2023-11-21 13:25:40,41,45,9566,20039
2023-11-21 13:25:40,42,45,9566,20039
2023-11-21 13:25:58,42,46,9566,20039
2023-11-21 13:26:00,42,45,9566,20039
2023-11-21 13:26:01,41,45,9566,20039
2023-11-21 13:26:02,41,44,9566,20039
2023-11-21 13:26:21,40,43,9566,20039
2023-11-21 13:26:45,40,44,9566,20039
2023-11-21 13:26:45,41,44,9566,20039
2023-11-21 13:26:45,41,45,9566,20039
2023-11-21 13:26:48,42,45,9566,20039
2023-11-21 13:26:50,42,46,9566,20039
2023-11-21 13:27:01,42,45,9566,20039
2023-11-21 13:27:07,41,45,9566,20039
2023-11-21 13:27:11,42,45,9566,20039
2023-11-21 13:27:16,42,46,9566,20039
2023-11-21 13:27:24,43,46,9566,20039
2023-11-21 13:27:27,42,46,9566,20039
2023-11-21 13:27:39,42,45,9566,20039
2023-11-21 13:28:03,42,46,9566,20039
2023-11-21 13:28:08,43,46,9566,20039
2023-11-21 13:28:13,43,47,9566,20039
2023-11-21 13:28:13,44,47,9566,20039
2023-11-21 13:28:27,44,48,9566,20039
2023-11-21 13:28:28,46,48,9566,20039
2023-11-21 13:28:29,46,49,9566,20039
2023-11-21 13:28:43,46,50,9566,20039
2023-11-21 13:28:44,47,50,9566,20039
2023-11-21 13:29:04,47,49,9566,20039
2023-11-21 13:29:05,47,49,9584,20057
2023-11-21 13:29:07,47,50,9584,20057
2023-11-21 13:30:34,47,51,9584,20057
2023-11-21 13:30:47,47,50,9584,20057
2023-11-21 13:30:50,46,50,9584,20057
2023-11-21 13:30:55,46,49,9584,20057
2023-11-21 13:31:15,46,48,9584,20057
2023-11-21 13:31:20,44,47,9584,20057
2023-11-21 13:31:35,44,48,9584,20057
2023-11-21 13:31:37,45,48,9584,20057
2023-11-21 13:31:44,45,49,9584,20057
2023-11-21 13:31:50,46,49,9584,20057
2023-11-21 13:31:50,46,50,9584,20057
2023-11-21 13:31:53,46,49,9584,20057
2023-11-21 13:31:54,46,50,9584,20057
2023-11-21 13:31:55,46,49,9584,20057
2023-11-21 13:32:00,45,49,9584,20057
2023-11-21 13:32:33,46,49,9584,20057
2023-11-21 13:33:03,46,50,9584,20057
2023-11-21 13:33:03,47,50,9584,20057
2023-11-21 13:33:19,47,51,9584,20057
2023-11-21 13:33:19,48,51,9584,20057
2023-11-21 13:33:27,48,52,9584,20057
2023-11-21 13:33:29,49,52,9584,20057
2023-11-21 13:33:42,50,52,9584,20057
2023-11-21 13:33:43,50,53,9584,20057
2023-11-21 13:34:03,51,53,9584,20057
2023-11-21 13:34:03,52,54,9584,20057
2023-11-21 13:34:04,52,55,9584,20057
2023-11-21 13:34:05,53,55,9584,20057
2023-11-21 13:34:13,52,55,9584,20057
2023-11-21 13:34:29,52,55,9939,20612
2023-11-21 13:34:29,53,55,9939,20612
2023-11-21 13:34:45,53,56,9939,20612
2023-11-21 13:34:58,54,56,9939,20612
2023-11-21 13:35:04,53,56,9939,20612
2023-11-21 13:35:08,53,55,9939,20612
2023-11-21 13:35:13,53,56,9939,20612
2023-11-21 13:35:35,53,56,9789,20962
2023-11-21 13:35:36,53,55,9789,20962
2023-11-21 13:35:37,52,55,9584,21167
2023-11-21 13:35:38,51,55,9584,21167
2023-11-21 13:35:43,52,55,9584,21167
2023-11-21 13:35:57,52,56,9584,21167
2023-11-21 13:36:02,52,55,9584,21167
2023-11-21 13:36:10,52,56,9584,21167
2023-11-21 13:36:23,53,56,9584,21167
2023-11-21 13:36:54,54,56,9584,21167
2023-11-21 13:36:55,54,57,9584,21167
2023-11-21 13:37:08,53,57,9584,21167
2023-11-21 13:37:09,53,56,9584,21167
2023-11-21 13:37:10,52,56,9584,21167
2023-11-21 13:37:11,52,55,9584,21167
2023-11-21 13:37:13,51,55,9584,21167
2023-11-21 13:37:30,50,54,9584,21167
2023-11-21 13:37:31,51,54,9584,21167
2023-11-21 13:37:36,50,54,9584,21167
2023-11-21 13:37:37,51,54,9584,21167
2023-11-21 13:37:38,51,55,9584,21167
2023-11-21 13:37:38,52,55,9584,21167
2023-11-21 13:37:55,51,55,9584,21167
2023-11-21 13:38:05,51,54,9584,21167
2023-11-21 13:38:05,50,54,9584,21167
2023-11-21 13:38:11,50,53,9584,21167
2023-11-21 13:38:20,49,53,9584,21167
2023-11-21 13:38:26,50,53,9584,21167
2023-11-21 13:38:26,50,54,9584,21167
2023-11-21 13:38:28,51,54,9584,21167
2023-11-21 13:38:29,51,55,9584,21167
2023-11-21 13:38:36,52,55,9584,21167
2023-11-21 13:38:40,52,56,9584,21167
2023-11-21 13:38:43,53,56,9584,21167
2023-11-21 13:38:51,53,57,9584,21167
2023-11-21 13:38:51,54,57,9584,21167
2023-11-21 13:39:19,55,57,9584,21167
2023-11-21 13:39:28,55,58,9584,21167
2023-11-21 13:40:40,55,59,9584,21167
2023-11-21 13:40:52,56,59,9584,21167
2023-11-21 13:40:52,57,59,9584,21167
2023-11-21 13:41:16,57,60,9584,21167
2023-11-21 13:41:17,58,60,9584,21167
2023-11-21 13:41:43,58,61,9584,21167
2023-11-21 13:42:19,59,61,9584,21167
2023-11-21 13:42:21,58,61,9584,21167
2023-11-21 13:42:36,59,61,9584,21167
2023-11-21 13:42:56,59,62,9584,21167
2023-11-21 13:43:02,60,62,9584,21167
2023-11-21 13:43:05,61,62,9584,21167
2023-11-21 13:43:05,61,63,9584,21167
2023-11-21 13:43:10,60,63,9584,21167
2023-11-21 13:44:10,59,63,9584,21167
2023-11-21 13:44:11,59,62,9584,21167
2023-11-21 13:44:23,59,63,9584,21167
2023-11-21 13:44:23,60,63,9584,21167
2023-11-21 13:44:28,59,63,9584,21167
2023-11-21 13:44:28,59,62,9584,21167
2023-11-21 13:44:36,59,63,9584,21167
2023-11-21 13:44:54,60,63,9584,21167
2023-11-21 13:44:58,59,63,9584,21167
2023-11-21 13:45:09,60,63,9584,21167
2023-11-21 13:46:41,61,63,9584,21167
2023-11-21 13:46:43,60,63,9584,21167
2023-11-21 13:46:44,61,63,9584,21167
2023-11-21 13:46:46,61,64,9584,21167
2023-11-21 13:47:01,60,64,9584,21167
2023-11-21 13:47:04,60,63,9584,21167
2023-11-21 13:47:14,60,64,9584,21167
2023-11-21 13:47:16,60,63,9584,21167
2023-11-21 13:47:20,60,64,9584,21167
2023-11-21 13:47:21,61,64,9584,21167
2023-11-21 13:47:24,60,64,9584,21167
2023-11-21 13:47:44,60,63,9584,21167
2023-11-21 13:47:49,59,63,9584,21167
2023-11-21 13:47:52,59,62,9584,21167
2023-11-21 13:47:53,58,62,9584,21167
2023-11-21 13:47:53,58,61,9584,21167
2023-11-21 13:47:57,57,61,9584,21167
2023-11-21 13:48:01,58,61,9584,21167
2023-11-21 13:48:05,57,61,9584,21167
2023-11-21 13:48:17,58,61,9584,21167
2023-11-21 13:48:18,57,61,9584,21167
2023-11-21 13:48:48,57,60,9584,21167
2023-11-21 13:48:50,57,61,9584,21167
2023-11-21 13:48:51,57,60,9584,21167
2023-11-21 13:49:03,57,61,9584,21167
2023-11-21 13:49:06,58,61,9584,21167
2023-11-21 13:49:08,58,62,9584,21167
2023-11-21 13:49:08,59,62,9584,21167
2023-11-21 13:49:17,59,63,9584,21167
2023-11-21 13:49:21,60,63,9584,21167
2023-11-21 13:49:42,60,64,9584,21167
2023-11-21 13:49:50,61,64,9584,21167
2023-11-21 13:50:01,60,64,9584,21167
2023-11-21 13:50:35,61,64,9584,21167
2023-11-21 13:50:47,60,64,9584,21167
2023-11-21 13:50:54,61,64,9584,21167
2023-11-21 13:51:02,62,64,9584,21167
2023-11-21 13:51:39,62,65,9584,21167
2023-11-21 13:51:39,63,65,9584,21167
2023-11-21 13:51:42,62,65,9584,21167
2023-11-21 13:51:43,63,65,9584,21167
2023-11-21 13:51:45,62,65,9584,21167
2023-11-21 13:51:47,63,65,9584,21167
2023-11-21 13:52:09,62,65,9584,21167
2023-11-21 13:52:15,63,65,9584,21167
2023-11-21 13:52:16,62,65,9584,21167
2023-11-21 13:52:20,63,65,9584,21167
2023-11-21 13:52:25,62,65,9584,21167
2023-11-21 13:52:49,63,65,9584,21167
2023-11-21 13:52:57,63,66,9584,21167
2023-11-21 13:53:01,64,66,9584,21167
2023-11-21 13:53:07,65,66,9584,21167
2023-11-21 13:53:11,65,67,9584,21167
2023-11-21 13:53:48,65,68,9584,21167
2023-11-21 13:53:50,66,68,9584,21167
2023-11-21 13:54:15,66,69,9584,21167
2023-11-21 13:54:24,66,68,9584,21167
2023-11-21 13:54:31,65,68,9584,21167
2023-11-21 13:55:12,66,68,9584,21167
2023-11-21 13:55:32,66,69,9584,21167
2023-11-21 13:56:09,67,69,9584,21167
2023-11-21 13:56:13,66,69,9584,21167
2023-11-21 13:57:01,65,69,9584,21167
2023-11-21 13:57:01,65,68,9584,21167
2023-11-21 13:57:19,65,67,9584,21167
2023-11-21 13:57:20,64,67,9584,21167
2023-11-21 13:57:46,64,68,9584,21167
2023-11-21 13:57:49,65,68,9584,21167
2023-11-21 13:58:33,65,67,9584,21167
2023-11-21 13:58:36,64,67,9584,21167
2023-11-21 13:58:45,64,66,9584,21167
2023-11-21 13:58:50,64,67,9584,21167
2023-11-21 13:58:52,64,66,9584,21167
2023-11-21 13:59:01,63,66,9584,21167
2023-11-21 13:59:53,63,65,9584,21167
2023-11-21 13:59:58,63,66,9584,21167
2023-11-21 13:59:59,63,65,9584,21167
2023-11-21 14:00:00,63,66,9584,21167
2023-11-21 14:00:03,63,65,9584,21167
2023-11-21 14:00:05,62,65,9584,21167
2023-11-21 14:00:05,62,64,9584,21167
2023-11-21 14:00:06,61,64,9584,21167
2023-11-21 14:00:12,61,65,9584,21167
2023-11-21 14:00:12,62,65,9584,21167
2023-11-21 14:00:12,62,64,9584,21167
2023-11-21 14:00:12,62,65,9584,21167
2023-11-21 14:00:16,63,65,9584,21167
2023-11-21 14:00:20,63,66,9584,21167
2023-11-21 14:00:21,62,66,9584,21167
2023-11-21 14:00:21,62,64,9584,21167
2023-11-21 14:00:28,62,64,9584,21567
2023-11-21 14:00:28,60,63,9584,21567
2023-11-21 14:00:29,60,62,9584,21567
2023-11-21 14:00:30,60,63,9584,21567
2023-11-21 14:00:30,60,61,9584,21567
2023-11-21 14:00:31,60,62,9584,21567
2023-11-21 14:00:32,58,60,9584,21767
2023-11-21 14:00:32,56,60,9584,21967
2023-11-21 14:00:33,56,59,9584,21967
2023-11-21 14:00:33,55,59,9584,21967
2023-11-21 14:00:33,55,58,9584,21967
2023-11-21 14:00:34,56,58,9584,21967
2023-11-21 14:00:35,56,60,9584,22167
2023-11-21 14:00:35,56,59,9584,22167
2023-11-21 14:00:36,57,59,9584,22167
2023-11-21 14:00:37,57,60,9584,22167
2023-11-21 14:00:39,58,60,9584,22167
2023-11-21 14:00:40,58,62,9764,22347
2023-11-21 14:00:40,58,61,9764,22347
2023-11-21 14:00:41,58,62,9964,22547
2023-11-21 14:00:42,59,62,9964,22547
2023-11-21 14:00:42,59,63,9964,22547
2023-11-21 14:00:51,58,63,9964,22547
2023-11-21 14:00:51,58,62,9964,22547
2023-11-21 14:00:51,59,62,9964,22547
2023-11-21 14:00:56,59,63,9964,22547
2023-11-21 14:00:57,60,63,9964,22547
2023-11-21 14:00:58,60,64,9964,22547
2023-11-21 14:00:58,61,64,9964,22547
2023-11-21 14:01:07,62,64,9964,22547
2023-11-21 14:01:24,62,65,9964,22547
2023-11-21 14:01:24,63,65,9964,22547
2023-11-21 14:01:33,63,66,9964,22547
2023-11-21 14:01:36,64,66,9964,22547
2023-11-21 14:01:38,65,66,9964,22547
2023-11-21 14:01:38,65,67,9964,22547
2023-11-21 14:01:39,65,68,9964,22547
2023-11-21 14:01:41,66,68,9964,22547
2023-11-21 14:01:42,66,69,9964,22547
2023-11-21 14:01:42,67,69,9964,22547
2023-11-21 14:01:45,66,69,9964,22547
2023-11-21 14:01:50,65,69,9964,22547
2023-11-21 14:01:50,66,69,9964,22547
2023-11-21 14:02:02,66,68,9964,22547
2023-11-21 14:02:06,66,69,9964,22547
2023-11-21 14:02:12,66,68,9964,22547
2023-11-21 14:02:13,65,68,9964,22547
2023-11-21 14:02:25,66,68,9964,22547
2023-11-21 14:02:29,66,69,9964,22547
2023-11-21 14:02:38,65,69,9964,22547
2023-11-21 14:02:38,65,68,9964,22547
2023-11-21 14:02:43,66,68,9964,22547
2023-11-21 14:02:47,65,68,9964,22547
2023-11-21 14:02:47,65,67,9964,22547
2023-11-21 14:02:55,65,68,9964,22547
2023-11-21 14:03:00,65,67,9964,22547
2023-11-21 14:03:09,65,68,9964,22547
2023-11-21 14:03:12,66,68,9964,22547
2023-11-21 14:03:13,66,69,9964,22547
2023-11-21 14:03:32,67,69,9964,22547
2023-11-21 14:03:40,67,70,9964,22547
2023-11-21 14:03:45,67,70,9964,22547
2023-11-21 14:03:46,68,70,9964,22547
2023-11-21 14:03:51,67,70,9964,22547
2023-11-21 14:03:51,68,70,9964,22547
2023-11-21 14:04:29,67,70,9964,22547
2023-11-21 14:04:32,67,69,9964,22547
2023-11-21 14:04:32,66,69,9964,22547
2023-11-21 14:04:33,67,69,9964,22547
2023-11-21 14:04:38,66,69,9964,22547
2023-11-21 14:05:00,67,69,9964,22547
2023-11-21 14:05:03,66,69,9964,22547
2023-11-21 14:05:05,66,68,9964,22547
2023-11-21 14:05:06,65,68,9964,22547
2023-11-21 14:05:16,65,67,9964,22547
2023-11-21 14:05:16,64,66,9964,22547
2023-11-21 14:05:19,62,66,9964,22747
2023-11-21 14:05:20,62,65,9964,22747
2023-11-21 14:05:27,61,65,9964,22747
2023-11-21 14:05:47,62,65,9964,22747
2023-11-21 14:05:48,62,66,9964,22747
2023-11-21 14:05:50,62,66,9964,22747
2023-11-21 14:05:51,63,66,9964,22747
2023-11-21 14:06:07,64,66,9964,22747
2023-11-21 14:06:18,63,66,9964,22747
2023-11-21 14:06:26,64,66,9964,22747
2023-11-21 14:06:38,63,66,9964,22747
2023-11-21 14:06:52,64,66,9964,22747
2023-11-21 14:06:56,65,66,9964,22747
2023-11-21 14:07:02,63,67,9964,22747
2023-11-21 14:07:03,63,66,9964,22747
2023-11-21 14:07:07,63,67,9964,22747
2023-11-21 14:07:08,63,66,9964,22747
2023-11-21 14:07:14,63,67,9964,22747
2023-11-21 14:07:18,64,67,9964,22747
2023-11-21 14:07:28,63,67,9964,22747
2023-11-21 14:07:29,63,66,9964,22747
2023-11-21 14:07:34,63,67,9964,22747
2023-11-21 14:08:01,63,67,9964,22747
2023-11-21 14:08:02,63,66,9964,22747
2023-11-21 14:08:04,62,66,9964,22747
2023-11-21 14:08:05,62,65,9964,22747
2023-11-21 14:08:08,61,65,9964,22747
2023-11-21 14:08:09,61,63,9964,22747
2023-11-21 14:08:09,60,63,9964,22747
2023-11-21 14:08:10,60,61,9964,22747
2023-11-21 14:08:10,59,61,9964,22747
2023-11-21 14:08:13,58,61,9964,22747
2023-11-21 14:08:16,59,61,9964,22747
2023-11-21 14:08:27,58,61,9964,22747
2023-11-21 14:08:30,58,60,9964,22747
2023-11-21 14:08:31,58,59,9964,22747
2023-11-21 14:08:31,57,59,9964,22747
2023-11-21 14:08:32,57,58,9964,22747
2023-11-21 14:08:32,55,58,9964,22747
2023-11-21 14:08:33,55,57,9964,22747
2023-11-21 14:08:34,55,56,9964,22747
2023-11-21 14:08:34,54,56,9964,22747
2023-11-21 14:08:36,53,56,9964,22747
2023-11-21 14:08:38,53,57,9964,22747
2023-11-21 14:08:38,54,57,9964,22747
2023-11-21 14:08:47,54,58,9964,22747
2023-11-21 14:08:47,55,58,9964,22747
2023-11-21 14:08:51,55,59,9964,22747
2023-11-21 14:08:55,56,59,9964,22747
2023-11-21 14:08:58,55,59,9964,22747
2023-11-21 14:08:58,55,58,9964,22747
2023-11-21 14:08:59,55,57,9964,22747
2023-11-21 14:08:59,54,57,9964,22747
2023-11-21 14:09:02,54,58,9964,22747
2023-11-21 14:09:08,54,57,9964,22747
2023-11-21 14:09:09,54,58,9964,22747
2023-11-21 14:09:12,55,58,9964,22747
2023-11-21 14:09:14,55,59,9964,22747
2023-11-21 14:09:19,56,59,9964,22747
2023-11-21 14:09:33,57,59,9964,22747
2023-11-21 14:09:46,56,60,9964,22747
2023-11-21 14:09:57,56,59,9964,22747
2023-11-21 14:10:02,56,60,9964,22747
2023-11-21 14:10:10,56,59,9964,22747
2023-11-21 14:10:10,55,59,9964,22747
2023-11-21 14:10:12,55,58,9964,22747
2023-11-21 14:10:16,55,59,9964,22747
2023-11-21 14:10:20,56,59,9964,22747
2023-11-21 14:10:22,55,59,9964,22747
2023-11-21 14:10:24,56,59,9964,22747
2023-11-21 14:10:29,55,59,9964,22747
2023-11-21 14:10:44,54,59,9964,22747
2023-11-21 14:10:50,54,58,9964,22747
2023-11-21 14:11:00,53,58,9964,22747
2023-11-21 14:11:00,53,57,9964,22747
2023-11-21 14:11:03,53,58,9964,22747
2023-11-21 14:11:04,53,57,9964,22747
2023-11-21 14:11:13,53,56,9964,22747
2023-11-21 14:11:15,53,57,9964,22747
2023-11-21 14:11:19,53,58,9964,22747
2023-11-21 14:11:19,54,58,9964,22747
2023-11-21 14:11:25,54,59,9964,22747
2023-11-21 14:11:25,55,59,9964,22747
2023-11-21 14:11:25,56,59,9964,22747
2023-11-21 14:11:31,56,60,9964,22747
2023-11-21 14:11:33,56,59,9964,22747
2023-11-21 14:11:42,55,59,9964,22747
2023-11-21 14:11:49,56,59,9964,22747
2023-11-21 14:11:51,55,59,9964,22747
2023-11-21 14:12:04,56,59,9964,22747
2023-11-21 14:12:04,57,59,9964,22747
2023-11-21 14:12:04,57,60,9964,22747
2023-11-21 14:12:05,57,61,9964,22747
2023-11-21 14:12:08,59,61,9964,22747
2023-11-21 14:12:22,59,62,9964,22747
2023-11-21 14:12:26,59,61,9964,22747
2023-11-21 14:12:40,59,62,9964,22747
2023-11-21 14:12:45,60,62,9964,22747
2023-11-21 14:12:46,60,63,9964,22747
2023-11-21 14:12:47,61,63,9964,22747
2023-11-21 14:12:56,61,63,10314,23097
2023-11-21 14:12:56,62,64,10314,23097
2023-11-21 14:12:58,63,64,10314,23097
2023-11-21 14:12:58,63,65,10314,23097
2023-11-21 14:12:58,64,65,10314,23097
2023-11-21 14:13:02,64,65,10714,23497
2023-11-21 14:13:02,64,66,10714,23497
2023-11-21 14:13:02,64,67,10714,23497
2023-11-21 14:13:08,64,66,10714,23497
2023-11-21 14:13:10,64,67,10714,23497
2023-11-21 14:13:16,65,67,10714,23497
2023-11-21 14:13:32,65,68,10714,23497
2023-11-21 14:13:35,66,68,10714,23497
2023-11-21 14:14:00,66,69,10714,23497
2023-11-21 14:14:00,67,69,10714,23497
2023-11-21 14:14:02,66,69,10714,23497
2023-11-21 14:14:04,67,69,10714,23497
2023-11-21 14:14:06,66,69,10714,23497
2023-11-21 14:14:07,67,69,10714,23497
2023-11-21 14:14:23,67,70,10714,23497
2023-11-21 14:14:26,69,70,10714,23497
2023-11-21 14:14:36,67,70,10714,23497
2023-11-21 14:14:38,68,70,10714,23497
2023-11-21 14:14:43,68,71,10714,23497
2023-11-21 14:14:50,69,71,10714,23497
2023-11-21 14:14:54,70,71,10714,23497
2023-11-21 14:14:54,70,72,10714,23497
2023-11-21 14:15:12,70,73,10714,23497
2023-11-21 14:15:24,71,73,10714,23497
2023-11-21 14:15:30,71,74,10714,23497
2023-11-21 14:15:30,72,74,10714,23497
2023-11-21 14:15:34,72,75,10714,23497
2023-11-21 14:15:34,73,75,10714,23497
2023-11-21 14:15:35,74,75,10714,23497
2023-11-21 14:15:36,74,76,10714,23497
2023-11-21 14:15:45,73,76,10714,23497
2023-11-21 14:16:07,73,75,10714,23497
2023-11-21 14:16:11,72,75,10714,23497
2023-11-21 14:16:23,73,75,10714,23497
2023-11-21 14:16:26,73,76,10714,23497
2023-11-21 14:16:29,72,76,10714,23497
2023-11-21 14:16:29,72,75,10714,23497
2023-11-21 14:16:38,72,74,10714,23497
2023-11-21 14:16:41,71,74,10714,23497
2023-11-21 14:16:50,72,74,10714,23497
2023-11-21 14:17:27,72,75,10714,23497
2023-11-21 14:17:28,72,74,10714,23497
2023-11-21 14:17:39,72,73,10714,23497
2023-11-21 14:17:40,71,73,10714,23497
2023-11-21 14:17:53,72,73,10714,23497
2023-11-21 14:18:09,71,73,10714,23497
2023-11-21 14:18:09,70,73,10714,23497
2023-11-21 14:18:09,71,73,10714,23497
2023-11-21 14:18:10,71,72,10714,23497
2023-11-21 14:18:11,70,72,10714,23497
2023-11-21 14:18:11,69,72,10714,23497
2023-11-21 14:18:11,69,71,10714,23497
2023-11-21 14:18:11,70,71,10714,23497
2023-11-21 14:18:14,69,71,10714,23497
2023-11-21 14:18:14,69,70,10714,23497
2023-11-21 14:18:14,68,70,10714,23497
2023-11-21 14:18:14,67,70,10714,23497
2023-11-21 14:18:14,69,70,10714,23497
2023-11-21 14:18:25,67,70,10714,23497
2023-11-21 14:18:25,66,70,10714,23497
2023-11-21 14:18:25,66,68,10714,23497
2023-11-21 14:18:25,68,70,10514,23697
2023-11-21 14:18:30,68,69,10514,23697
2023-11-21 14:18:35,66,69,10514,23697
2023-11-21 14:18:35,67,68,10514,23697
2023-11-21 14:18:40,67,68,10314,23897
2023-11-21 14:18:43,65,68,10464,24397
2023-11-21 14:18:44,65,67,10464,24397
2023-11-21 14:18:49,65,68,10464,24397
2023-11-21 14:19:01,65,67,10464,24397
2023-11-21 14:19:08,65,66,10464,24397
2023-11-21 14:19:08,64,66,10464,24397
2023-11-21 14:19:25,64,67,10464,24397
2023-11-21 14:19:34,64,66,10464,24397
2023-11-21 14:19:42,64,65,10464,24397
2023-11-21 14:19:51,64,66,10464,24397
2023-11-21 14:20:12,64,67,10464,24397
2023-11-21 14:20:35,64,66,10464,24397
2023-11-21 14:20:42,64,67,10464,24397
2023-11-21 14:20:49,64,66,10464,24397
2023-11-21 14:21:02,64,65,10464,24397
2023-11-21 14:21:05,62,64,10364,24497
2023-11-21 14:21:06,62,65,10364,24497
2023-11-21 14:21:07,61,65,10364,24497
2023-11-21 14:21:13,61,64,10364,24497
2023-11-21 14:21:23,61,65,10364,24497
2023-11-21 14:21:25,62,65,10364,24497
2023-11-21 14:21:33,62,66,10364,24497
2023-11-21 14:21:34,63,66,10364,24497
2023-11-21 14:21:43,63,67,10364,24497
2023-11-21 14:21:47,64,67,10364,24497
2023-11-21 14:22:03,63,67,10364,24497
2023-11-21 14:22:15,64,67,10364,24497
2023-11-21 14:22:15,64,68,10364,24497
2023-11-21 14:22:16,65,68,10364,24497
2023-11-21 14:22:27,65,69,10364,24497
2023-11-21 14:22:28,66,69,10364,24497
2023-11-21 14:22:44,67,69,10364,24497
2023-11-21 14:22:44,67,70,10364,24497
2023-11-21 14:22:48,67,69,10364,24497
2023-11-21 14:22:49,66,69,10364,24497
2023-11-21 14:22:56,65,69,10364,24497
2023-11-21 14:22:56,66,69,10364,24497
2023-11-21 14:22:57,65,69,10364,24497
2023-11-21 14:23:04,65,68,10364,24497
2023-11-21 14:23:14,65,69,10364,24497
2023-11-21 14:23:19,66,69,10364,24497
2023-11-21 14:23:20,65,69,10364,24497
2023-11-21 14:23:22,65,68,10364,24497
2023-11-21 14:23:26,65,69,10364,24497
2023-11-21 14:23:28,66,69,10364,24497
2023-11-21 14:23:33,66,70,10364,24497
2023-11-21 14:23:33,67,70,10364,24497
2023-11-21 14:23:58,66,70,10364,24497
2023-11-21 14:23:58,66,69,10364,24497
2023-11-21 14:24:05,65,69,10364,24497
2023-11-21 14:24:05,66,69,10364,24497
2023-11-21 14:24:11,66,70,10364,24497
2023-11-21 14:24:12,66,69,10364,24497
2023-11-21 14:24:14,65,69,10364,24497
2023-11-21 14:24:38,66,69,10364,24497
2023-11-21 14:24:46,66,70,10364,24497
2023-11-21 14:25:00,66,69,10364,24497
2023-11-21 14:25:02,65,69,10364,24497
2023-11-21 14:25:03,66,69,10364,24497
2023-11-21 14:25:07,65,69,10364,24497
2023-11-21 14:25:15,66,69,10364,24497
2023-11-21 14:25:16,66,70,10364,24497
2023-11-21 14:25:22,66,69,10364,24497
2023-11-21 14:25:30,65,69,10364,24497
2023-11-21 14:25:31,65,68,10364,24497
2023-11-21 14:26:04,65,69,10364,24497
2023-11-21 14:26:04,66,69,10364,24497
2023-11-21 14:26:05,66,70,10364,24497
2023-11-21 14:26:08,66,70,10364,24497
2023-11-21 14:26:10,66,69,10364,24497
2023-11-21 14:26:11,66,70,10364,24497
2023-11-21 14:26:16,67,70,10364,24497
2023-11-21 14:26:24,68,70,10364,24497
2023-11-21 14:26:24,68,71,10364,24497
2023-11-21 14:26:31,69,71,10364,24497
2023-11-21 14:26:33,69,71,10364,24497
2023-11-21 14:26:33,68,71,10364,24497
2023-11-21 14:26:52,69,71,10364,24497
2023-11-21 14:26:52,69,72,10364,24497
2023-11-21 14:27:25,68,72,10364,24497
2023-11-21 14:27:26,68,71,10364,24497
2023-11-21 14:27:27,67,71,10364,24497
2023-11-21 14:27:27,67,70,10364,24497
2023-11-21 14:27:35,66,70,10364,24497
2023-11-21 14:27:43,65,69,10364,24497
2023-11-21 14:27:50,66,69,10364,24497
2023-11-21 14:27:53,65,69,10364,24497
2023-11-21 14:27:59,65,68,10364,24497
2023-11-21 14:28:08,64,68,10364,24497
2023-11-21 14:28:30,64,68,10364,24497
2023-11-21 14:28:32,65,68,10364,24497
2023-11-21 14:28:39,65,69,10364,24497
2023-11-21 14:28:44,66,69,10364,24497
2023-11-21 14:28:47,65,69,10364,24497
2023-11-21 14:29:18,66,69,10364,24497
2023-11-21 14:29:21,65,69,10364,24497
2023-11-21 14:29:22,65,68,10364,24497
2023-11-21 14:29:23,64,68,10364,24497
2023-11-21 14:29:23,64,67,10364,24497
2023-11-21 14:29:34,64,68,10364,24497
2023-11-21 14:29:35,65,68,10364,24497
2023-11-21 14:29:40,65,69,10364,24497
2023-11-21 14:29:52,66,69,10364,24497
2023-11-21 14:29:52,67,69,10364,24497
2023-11-21 14:29:52,67,70,10364,24497
2023-11-21 14:29:58,66,70,10364,24497
2023-11-21 14:30:02,66,69,10364,24497
2023-11-21 14:30:02,65,69,10364,24497
2023-11-21 14:30:08,66,69,10364,24497
2023-11-21 14:30:10,65,69,10364,24497
2023-11-21 14:30:12,66,69,10364,24497
2023-11-21 14:30:13,66,70,10364,24497
2023-11-21 14:30:25,66,69,10364,24497
2023-11-21 14:30:30,66,70,10364,24497
2023-11-21 14:30:33,67,70,10364,24497
2023-11-21 14:30:42,66,70,10364,24497
2023-11-21 14:30:42,65,69,10364,24497
2023-11-21 14:30:48,65,68,10364,24497
2023-11-21 14:30:49,64,68,10364,24497
2023-11-21 14:30:55,64,67,10364,24497
2023-11-21 14:31:05,64,68,10364,24497
2023-11-21 14:31:07,64,67,10364,24497
2023-11-21 14:31:16,64,68,10364,24497
2023-11-21 14:31:28,64,69,10364,24497
2023-11-21 14:31:28,65,69,10364,24497
2023-11-21 14:32:04,64,69,10364,24497
2023-11-21 14:32:05,64,68,10364,24497
2023-11-21 14:32:07,64,67,10364,24497
2023-11-21 14:32:08,63,67,10364,24497
2023-11-21 14:32:08,62,67,10364,24497
2023-11-21 14:32:09,62,66,10364,24497
2023-11-21 14:32:11,62,67,10364,24497
2023-11-21 14:32:12,63,67,10364,24497
2023-11-21 14:32:14,62,67,10364,24497
2023-11-21 14:32:15,63,67,10364,24497
2023-11-21 14:32:17,62,67,10364,24497
2023-11-21 14:32:20,63,67,10364,24497
2023-11-21 14:32:21,62,67,10364,24497
2023-11-21 14:32:24,62,66,10364,24497
2023-11-21 14:32:25,62,67,10364,24497
2023-11-21 14:32:26,63,67,10364,24497
2023-11-21 14:32:31,62,67,10364,24497
2023-11-21 14:32:32,62,66,10364,24497
2023-11-21 14:32:33,62,67,10364,24497
2023-11-21 14:32:36,62,66,10364,24497
2023-11-21 14:32:39,62,67,10364,24497
2023-11-21 14:32:39,63,66,10364,24497
2023-11-21 14:33:00,62,66,10364,24497
2023-11-21 14:33:00,62,65,10364,24497
2023-11-21 14:33:01,62,64,10364,24497
2023-11-21 14:33:01,61,64,10364,24497
2023-11-21 14:33:02,60,65,10364,24497
2023-11-21 14:33:02,61,65,10364,24497
2023-11-21 14:33:04,60,65,10364,24497
2023-11-21 14:33:04,60,64,10364,24497
2023-11-21 14:33:05,61,64,10364,24497
2023-11-21 14:33:07,61,65,10364,24497
2023-11-21 14:33:16,62,65,10364,24497
2023-11-21 14:33:20,62,66,10364,24497
2023-11-21 14:33:20,63,66,10364,24497
2023-11-21 14:33:32,64,66,10364,24497
2023-11-21 14:33:32,64,67,10364,24497
2023-11-21 14:33:37,64,68,10364,24497
2023-11-21 14:33:46,65,68,10364,24497
2023-11-21 14:33:48,65,69,10364,24497
2023-11-21 14:33:49,67,69,10364,24497
2023-11-21 14:33:54,67,70,10364,24497
2023-11-21 14:33:56,67,69,10364,24497
2023-11-21 14:33:57,65,69,10364,24497
2023-11-21 14:33:58,65,68,10364,24497
2023-11-21 14:34:28,66,68,10364,24497
2023-11-21 14:34:28,66,69,10364,24497
2023-11-21 14:34:29,66,70,10364,24497
2023-11-21 14:34:32,67,70,10364,24497
2023-11-21 14:34:43,67,71,10364,24497
2023-11-21 14:34:43,68,71,10364,24497
2023-11-21 14:35:05,68,72,10364,24497
2023-11-21 14:35:05,69,72,10364,24497
2023-11-21 14:35:23,69,73,10364,24497
2023-11-21 14:35:25,70,73,10364,24497
2023-11-21 14:35:32,69,73,10364,24497
2023-11-21 14:35:42,70,73,10364,24497
2023-11-21 14:35:44,70,74,10364,24497
2023-11-21 14:35:57,71,74,10364,24497
2023-11-21 14:36:11,70,74,10364,24497
2023-11-21 14:36:13,70,73,10364,24497
2023-11-21 14:36:23,70,74,10364,24497
2023-11-21 14:36:34,71,74,10364,24497
2023-11-21 14:36:35,71,75,10364,24497
2023-11-21 14:36:48,70,75,10364,24497
2023-11-21 14:36:48,70,74,10364,24497
2023-11-21 14:36:56,70,75,10364,24497
2023-11-21 14:36:56,71,75,10364,24497
2023-11-21 14:37:10,71,74,10364,24497
2023-11-21 14:37:11,70,74,10364,24497
2023-11-21 14:37:15,70,73,10364,24497
2023-11-21 14:37:17,69,73,10364,24497
2023-11-21 14:37:19,70,73,10364,24497
2023-11-21 14:37:21,69,73,10364,24497
2023-11-21 14:37:21,69,72,10364,24497
2023-11-21 14:37:30,68,72,10364,24497
2023-11-21 14:37:37,69,72,10364,24497
2023-11-21 14:37:39,68,72,10364,24497
2023-11-21 14:38:28,69,72,10364,24497
2023-11-21 14:38:33,69,73,10364,24497
2023-11-21 14:38:45,70,73,10364,24497
2023-11-21 14:38:46,70,74,10364,24497
2023-11-21 14:38:50,70,73,10364,24497
2023-11-21 14:38:53,69,73,10364,24497
2023-11-21 14:39:05,70,73,10364,24497
2023-11-21 14:39:06,70,74,10364,24497
2023-11-21 14:39:17,71,74,10364,24497
2023-11-21 14:39:18,71,75,10364,24497
2023-11-21 14:39:22,72,75,10364,24497
2023-11-21 14:39:23,71,75,10364,24497
2023-11-21 14:39:24,70,75,10364,24497
2023-11-21 14:39:24,70,74,10364,24497
2023-11-21 14:39:25,70,73,10364,24497
2023-11-21 14:39:26,69,73,10364,24497
2023-11-21 14:39:27,69,72,10364,24497
2023-11-21 14:39:28,68,72,10364,24497
2023-11-21 14:39:32,67,72,10364,24497
2023-11-21 14:39:32,67,71,10364,24497
2023-11-21 14:39:34,66,71,10364,24497
2023-11-21 14:39:36,66,70,10364,24497
2023-11-21 14:39:37,66,71,10364,24497
2023-11-21 14:39:38,66,70,10364,24497
2023-11-21 14:39:49,66,71,10364,24497
2023-11-21 14:39:52,67,71,10364,24497
2023-11-21 14:39:54,67,72,10364,24497
2023-11-21 14:39:54,68,72,10364,24497
2023-11-21 14:40:16,68,73,10364,24497
2023-11-21 14:40:16,69,73,10364,24497
2023-11-21 14:40:17,68,73,10364,24497
2023-11-21 14:40:17,68,72,10364,24497
2023-11-21 14:40:22,68,70,10364,24497
2023-11-21 14:40:22,66,70,10364,24497
2023-11-21 14:40:43,67,70,10364,24497
2023-11-21 14:40:46,67,72,10364,24497
2023-11-21 14:40:47,67,71,10364,24497
2023-11-21 14:40:49,67,72,10364,24497
2023-11-21 14:40:50,68,72,10364,24497
2023-11-21 14:40:55,68,73,10364,24497
2023-11-21 14:40:55,69,73,10364,24497
2023-11-21 14:41:08,69,74,10364,24497
2023-11-21 14:41:08,70,74,10364,24497
2023-11-21 14:41:15,71,74,10364,24497
2023-11-21 14:41:21,70,74,10364,24497
2023-11-21 14:41:33,70,75,10364,24497
2023-11-21 14:41:33,71,75,10364,24497
2023-11-21 14:41:36,72,75,10364,24497
2023-11-21 14:41:37,72,76,10364,24497
2023-11-21 14:41:47,73,76,10364,24497
2023-11-21 14:42:05,72,76,10364,24497
2023-11-21 14:42:06,72,75,10364,24497
2023-11-21 14:42:07,71,75,10364,24497
2023-11-21 14:42:24,71,74,10364,24497
2023-11-21 14:42:24,70,74,10364,24497
2023-11-21 14:42:46,71,74,10364,24497
2023-11-21 14:42:47,71,75,10364,24497
2023-11-21 14:42:56,71,74,10364,24497
2023-11-21 14:42:57,70,74,10364,24497
2023-11-21 14:43:03,69,74,10364,24497
2023-11-21 14:43:03,69,73,10364,24497
2023-11-21 14:43:04,68,73,10364,24497
2023-11-21 14:43:05,68,72,10364,24497
2023-11-21 14:43:07,68,73,10364,24497
2023-11-21 14:43:16,69,73,10364,24497
2023-11-21 14:43:25,69,74,10364,24497
2023-11-21 14:43:26,69,73,10364,24497
2023-11-21 14:43:32,69,74,10364,24497
2023-11-21 14:43:34,70,74,10364,24497
2023-11-21 14:43:37,69,74,10364,24497
2023-11-21 14:43:38,69,73,10364,24497
2023-11-21 14:43:43,68,73,10364,24497
2023-11-21 14:43:48,68,72,10364,24497
2023-11-21 14:43:50,68,73,10364,24497
2023-11-21 14:43:58,69,73,10364,24497
2023-11-21 14:44:00,68,73,10364,24497
2023-11-21 14:44:02,68,72,10364,24497
2023-11-21 14:44:04,68,73,10364,24497
2023-11-21 14:44:05,68,72,10364,24497
2023-11-21 14:44:07,68,73,10364,24497
2023-11-21 14:44:09,69,73,10364,24497
2023-11-21 14:44:12,69,74,10364,24497
2023-11-21 14:44:12,70,74,10364,24497
2023-11-21 14:44:18,71,74,10364,24497
2023-11-21 14:44:18,71,75,10364,24497
2023-11-21 14:44:23,72,75,10364,24497
2023-11-21 14:44:23,72,76,10364,24497
2023-11-21 14:44:35,71,76,10364,24497
2023-11-21 14:44:35,71,75,10364,24497
2023-11-21 14:44:37,71,76,10364,24497
2023-11-21 14:44:37,72,76,10364,24497
2023-11-21 14:44:40,71,76,10364,24497
2023-11-21 14:44:40,71,75,10364,24497
2023-11-21 14:44:43,71,76,10364,24497
2023-11-21 14:44:43,72,76,10364,24497
2023-11-21 14:44:50,72,75,10364,24497
2023-11-21 14:44:51,72,76,10364,24497
2023-11-21 14:45:09,72,77,10364,24497
2023-11-21 14:45:09,73,77,10364,24497
2023-11-21 14:45:09,74,78,10364,24497
2023-11-21 14:45:14,77,78,10364,24497
2023-11-21 14:45:14,77,78,10484,24617
2023-11-21 14:45:26,74,77,10484,24627
2023-11-21 14:45:27,73,77,10484,24627
2023-11-21 14:45:28,72,77,10484,24627
2023-11-21 14:45:36,73,77,10484,24627
2023-11-21 14:45:44,73,77,10484,24628
2023-11-21 14:45:48,74,77,10484,24628
2023-11-21 14:46:19,75,78,10484,24628
2023-11-21 14:46:20,76,78,10484,24628
2023-11-21 14:46:22,76,80,10484,24628
2023-11-21 14:46:27,77,80,10484,24628
2023-11-21 14:46:27,78,80,10484,24628
2023-11-21 14:46:33,77,80,10484,24628
2023-11-21 14:46:40,77,81,10484,24628
2023-11-21 14:46:48,78,81,10484,24628
2023-11-21 14:46:52,79,81,10484,24628
2023-11-21 14:46:59,79,81,10484,24748
2023-11-21 14:47:00,79,82,10484,24748
2023-11-21 14:47:07,79,82,10484,24748
2023-11-21 14:47:13,80,82,10484,24748
2023-11-21 14:47:13,80,83,10484,24748
2023-11-21 14:47:42,81,83,10484,24748
2023-11-21 14:47:48,80,83,10484,24748
2023-11-21 14:48:00,79,83,10484,24748
2023-11-21 14:48:04,79,83,10484,24748
2023-11-21 14:48:21,79,82,10484,24748
2023-11-21 14:48:34,78,82,10484,24748
2023-11-21 14:48:35,79,82,10484,24748
2023-11-21 14:48:37,78,82,10484,24748
2023-11-21 14:48:41,79,82,10484,24748
2023-11-21 14:48:45,82,83,10484,24948
2023-11-21 14:48:45,79,83,10534,24998
2023-11-21 14:48:46,80,83,10534,24998
2023-11-21 14:48:49,80,83,10684,25148
2023-11-21 14:48:50,80,82,10684,25148
2023-11-21 14:48:50,79,81,10684,25148
2023-11-21 14:48:50,78,81,10684,25148
2023-11-21 14:48:55,79,81,10684,25148
2023-11-21 14:49:07,79,83,10684,25148
2023-11-21 14:49:08,80,83,10684,25148
2023-11-21 14:49:19,81,83,10684,25148
2023-11-21 14:49:26,80,83,10684,25148
2023-11-21 14:49:30,81,83,10684,25148
2023-11-21 14:49:35,80,83,10684,25148
2023-11-21 14:49:48,79,83,10684,25148
2023-11-21 14:49:48,80,83,10684,25148
2023-11-21 14:49:50,80,81,10684,25148
2023-11-21 14:49:51,80,81,10804,25268
2023-11-21 14:50:19,76,80,10804,25398
2023-11-21 14:50:20,76,81,10804,25398
2023-11-21 14:50:20,77,81,10804,25398
2023-11-21 14:50:24,76,81,10804,25398
2023-11-21 14:50:24,76,80,10804,25398
2023-11-21 14:50:26,76,79,10804,25398
2023-11-21 14:50:35,76,79,10804,25448
2023-11-21 14:51:07,76,78,10804,25448
2023-11-21 14:51:07,75,78,10804,25448
2023-11-21 14:51:09,74,78,10804,25448
2023-11-21 14:51:10,74,77,10804,25448
2023-11-21 14:51:11,73,77,10804,25448
2023-11-21 14:51:15,73,76,10804,25448
2023-11-21 14:51:17,71,76,10804,25448
2023-11-21 14:51:17,71,75,10804,25448
2023-11-21 14:51:19,71,74,10804,25448
2023-11-21 14:51:20,70,74,10804,25448
2023-11-21 14:51:22,70,73,10804,25448
2023-11-21 14:51:23,68,73,10804,25448
2023-11-21 14:51:23,68,72,10804,25448
2023-11-21 14:51:36,69,72,10804,25448
2023-11-21 14:51:37,68,72,10804,25448
2023-11-21 14:51:38,69,72,10804,25448
2023-11-21 14:51:41,68,72,10804,25448
2023-11-21 14:51:42,69,72,10804,25448
2023-11-21 14:51:45,69,74,10804,25448
2023-11-21 14:51:45,69,73,10804,25448
2023-11-21 14:51:51,70,73,10804,25448
2023-11-21 14:51:52,70,75,10804,25448
2023-11-21 14:51:52,70,74,10804,25448
2023-11-21 14:51:52,70,75,10804,25448
2023-11-21 14:51:54,71,75,10804,25448
2023-11-21 14:51:57,70,75,10804,25448
2023-11-21 14:52:10,70,74,10804,25448
2023-11-21 14:52:18,69,74,10804,25448
2023-11-21 14:52:18,69,73,10804,25448
2023-11-21 14:52:30,70,73,10804,25448
2023-11-21 14:52:33,69,73,10804,25448
2023-11-21 14:52:50,68,73,10804,25448
2023-11-21 14:53:02,67,73,10804,25448
2023-11-21 14:53:15,68,71,10804,25448
2023-11-21 14:53:15,68,73,10804,25448
2023-11-21 14:53:15,68,72,10804,25448
2023-11-21 14:53:18,67,72,10804,25448
2023-11-21 14:53:19,68,72,10804,25448
2023-11-21 14:53:22,69,72,10804,25448
2023-11-21 14:53:22,69,74,10804,25448
2023-11-21 14:53:22,69,73,10804,25448
2023-11-21 14:53:31,70,73,10804,25448
2023-11-21 14:53:31,70,74,10804,25448
2023-11-21 14:53:33,71,74,10804,25448
2023-11-21 14:53:34,70,74,10804,25448
2023-11-21 14:53:36,71,74,10804,25448
2023-11-21 14:53:36,71,75,10804,25448
2023-11-21 14:53:52,70,75,10804,25448
2023-11-21 14:53:58,71,75,10804,25448
2023-11-21 14:54:07,70,75,10804,25448
2023-11-21 14:54:36,71,75,10804,25448
2023-11-21 14:54:48,73,75,10804,25448
2023-11-21 14:54:48,73,77,10804,25448
2023-11-21 14:54:48,73,76,10804,25448
2023-11-21 14:55:01,74,76,10804,25448
2023-11-21 14:55:02,74,78,10804,25448
2023-11-21 14:55:02,74,77,10804,25448
2023-11-21 14:55:02,74,78,10804,25448
2023-11-21 14:55:10,75,78,10804,25448
2023-11-21 14:55:11,75,79,10804,25448
2023-11-21 14:55:17,74,79,10804,25448
2023-11-21 14:55:18,74,78,10804,25448
2023-11-21 14:55:22,73,78,10804,25448
2023-11-21 14:55:31,74,78,10804,25448
2023-11-21 14:55:32,73,78,10804,25448
2023-11-21 14:55:35,74,78,10804,25448
2023-11-21 14:55:49,75,78,10804,25448
2023-11-21 14:56:04,74,78,10804,25448
2023-11-21 14:56:18,74,79,10804,25448
2023-11-21 14:56:19,74,78,10804,25448
2023-11-21 14:56:20,75,78,10804,25448
2023-11-21 14:56:24,76,78,10804,25448
2023-11-21 14:56:24,76,80,10804,25448
2023-11-21 14:56:24,76,79,10804,25448
2023-11-21 14:56:31,77,79,10804,25448
2023-11-21 14:56:31,77,81,10804,25448
2023-11-21 14:56:31,77,80,10804,25448
2023-11-21 14:56:40,78,80,10804,25448
2023-11-21 14:56:42,78,81,10804,25448
2023-11-21 14:56:47,79,81,10804,25448
2023-11-21 14:56:48,79,82,10804,25448
2023-11-21 14:56:52,78,82,10804,25448
2023-11-21 14:57:05,79,82,10804,25448
2023-11-21 14:57:10,80,82,10804,25448
2023-11-21 14:57:10,80,83,10804,25448
2023-11-21 14:57:28,80,84,10804,25448
2023-11-21 14:57:41,81,84,10804,25448
2023-11-21 14:57:44,80,84,10804,25448
2023-11-21 14:57:52,81,84,10804,25448
2023-11-21 14:58:02,82,84,10804,25448
2023-11-21 14:58:04,83,84,10804,25448
2023-11-21 14:58:29,83,86,10804,25448
2023-11-21 14:58:51,82,86,10804,25448
2023-11-21 14:58:56,82,85,10804,25448
2023-11-21 14:58:57,82,86,10804,25448
2023-11-21 14:58:58,82,85,10804,25448
2023-11-21 14:58:59,82,86,10804,25448
2023-11-21 14:59:12,81,86,10804,25448
2023-11-21 14:59:12,81,85,10804,25448
2023-11-21 14:59:14,82,85,10804,25448
2023-11-21 14:59:30,83,86,10804,25448
2023-11-21 14:59:44,83,87,10804,25448
2023-11-21 14:59:45,84,87,10804,25448
2023-11-21 15:00:11,84,86,10804,25448
2023-11-21 15:00:11,83,86,10804,25448
2023-11-21 15:00:23,83,87,10804,25448
2023-11-21 15:00:29,84,87,10804,25448
2023-11-21 15:00:34,85,87,10804,25448
2023-11-21 15:01:28,86,87,10804,25448
2023-11-21 15:01:37,86,88,10804,25448
2023-11-21 15:01:58,87,88,10804,25448
2023-11-21 15:02:01,87,89,10804,25448
2023-11-21 15:02:07,87,90,10804,25448
2023-11-21 15:02:15,89,90,10804,25448
2023-11-21 15:02:15,89,91,10804,25448
2023-11-21 15:02:20,90,91,10804,25448
2023-11-21 15:02:22,90,92,10804,25448
2023-11-21 15:02:38,89,92,10804,25448
2023-11-21 15:03:36,89,91,10804,25448
2023-11-21 15:03:46,88,91,10804,25448
2023-11-21 15:03:46,88,89,10804,25448
2023-11-21 15:03:47,88,89,10804,25634
2023-11-21 15:03:51,88,89,10804,25640
2023-11-21 15:03:53,88,89,10804,25646
2023-11-21 15:04:03,87,89,10804,25646
2023-11-21 15:04:40,88,89,10804,25646
2023-11-21 15:04:58,87,89,10804,25646
2023-11-21 15:05:00,88,89,10804,25646
2023-11-21 15:05:02,87,89,10804,25646
2023-11-21 15:05:10,88,89,10804,25646
2023-11-21 15:05:12,88,90,10856,25698
2023-11-21 15:05:19,88,91,10856,25698
2023-11-21 15:06:12,88,90,10856,25698
2023-11-21 15:06:40,89,90,10856,25698
2023-11-21 15:07:02,90,91,10862,25704
2023-11-21 15:08:23,89,91,10862,25704
2023-11-21 15:08:27,90,91,10862,25704
2023-11-21 15:08:36,89,91,10862,25704
2023-11-21 15:09:19,88,91,10862,25704
2023-11-21 15:09:20,87,91,10862,25704
2023-11-21 15:09:20,87,90,10862,25704
2023-11-21 15:09:27,87,89,10862,25704
2023-11-21 15:09:45,86,89,10862,25704
2023-11-21 15:10:06,86,90,10862,25704
2023-11-21 15:10:08,87,90,10862,25704
2023-11-21 15:10:09,86,90,10862,25704
2023-11-21 15:10:11,87,90,10862,25704
2023-11-21 15:10:18,86,90,10862,25704
2023-11-21 15:10:25,87,90,10862,25704
2023-11-21 15:10:26,87,91,10862,25704
2023-11-21 15:10:26,88,91,10862,25704
2023-11-21 15:10:36,87,91,10862,25704
2023-11-21 15:10:36,87,90,10862,25704
2023-11-21 15:10:39,87,91,10862,25704
2023-11-21 15:10:41,87,90,10862,25704
2023-11-21 15:10:42,87,91,10862,25704
2023-11-21 15:10:50,88,91,10862,25704
2023-11-21 15:11:11,87,91,10862,25704
2023-11-21 15:11:12,88,91,10862,25704
2023-11-21 15:11:19,89,91,10862,25704
2023-11-21 15:11:26,90,91,10862,25704
2023-11-21 15:13:46,89,91,10862,25704
2023-11-21 15:14:04,88,91,10862,25704
2023-11-21 15:14:22,89,91,10862,25704
2023-11-21 15:14:32,88,91,10862,25704
2023-11-21 15:14:37,89,91,10862,25704
2023-11-21 15:14:57,88,91,10862,25704
2023-11-21 15:15:02,87,91,10862,25704
2023-11-21 15:15:11,88,91,10862,25704
2023-11-21 15:15:16,89,91,10862,25704
2023-11-21 15:15:31,88,91,10862,25704
2023-11-21 15:15:40,89,91,10862,25704
2023-11-21 15:15:44,88,91,10862,25704
2023-11-21 15:15:49,89,91,10862,25704
2023-11-21 15:15:59,90,91,10862,25704
2023-11-21 15:16:04,90,92,11112,25954
2023-11-21 15:16:42,89,92,11112,25954
2023-11-21 15:16:47,90,92,11112,25954
2023-11-21 15:16:48,90,93,11112,25954
2023-11-21 15:17:24,91,93,11112,25954
2023-11-21 15:17:31,92,93,11112,25954
2023-11-21 15:17:31,92,94,11112,25954
2023-11-21 15:19:02,93,94,11112,25954
2023-11-21 15:19:08,92,94,11112,25954
2023-11-21 15:19:30,91,94,11112,25954
2023-11-21 15:19:33,91,93,11112,25954
2023-11-21 15:19:49,91,92,11112,25954
2023-11-21 15:20:12,91,92,11112,26154
2023-11-21 15:20:20,92,94,11112,26204
2023-11-21 15:20:21,93,94,11112,26204
2023-11-21 15:21:50,91,94,11112,26204
2023-11-21 15:22:52,90,94,11112,26204
2023-11-21 15:22:52,90,93,11112,26204
2023-11-21 15:23:14,89,93,11112,26204
2023-11-21 15:23:14,89,92,11112,26204
2023-11-21 15:23:29,89,93,11112,26204
2023-11-21 15:23:29,90,93,11112,26204
2023-11-21 15:23:30,89,93,11112,26204
2023-11-21 15:23:36,90,93,11112,26204
2023-11-21 15:23:38,89,93,11112,26204
2023-11-21 15:24:05,90,93,11112,26204
2023-11-21 15:24:15,90,94,11112,26204
2023-11-21 15:24:27,91,94,11112,26204
2023-11-21 15:24:36,90,94,11112,26204
2023-11-21 15:24:38,91,94,11112,26204
2023-11-21 15:24:42,90,94,11112,26204
2023-11-21 15:24:51,91,94,11112,26204
2023-11-21 15:24:52,90,94,11112,26204
2023-11-21 15:24:55,91,94,11112,26204
2023-11-21 15:25:01,90,94,11112,26204
2023-11-21 15:25:06,90,93,11112,26204
2023-11-21 15:25:09,90,94,11112,26204
2023-11-21 15:25:18,90,93,11112,26204
2023-11-21 15:25:20,89,93,11112,26204
2023-11-21 15:25:21,89,92,11112,26204
2023-11-21 15:25:37,89,93,11112,26204
2023-11-21 15:25:41,89,92,11112,26204
2023-11-21 15:25:46,88,92,11312,26404
2023-11-21 15:25:47,88,91,11312,26404
2023-11-21 15:25:50,89,91,11312,26404
2023-11-21 15:25:51,89,92,11312,26404
2023-11-21 15:25:52,88,92,11312,26404
2023-11-21 15:25:53,90,93,11312,26404
2023-11-21 15:26:05,91,93,11312,26404
2023-11-21 15:26:24,92,94,11312,26404
2023-11-21 15:26:29,91,94,11312,26404
2023-11-21 15:26:52,92,94,11312,26404
2023-11-21 15:27:01,91,94,11312,26404
2023-11-21 15:27:21,90,94,11312,26404
2023-11-21 15:27:35,90,93,11312,26404
