datetime,bid,ask,open_interest,volume
2023-04-12 09:30:08,53,61,1753,2628
2023-04-12 09:31:00,53,60,1753,2628
2023-04-12 09:31:03,57,60,1753,2628
2023-04-12 09:31:07,57,61,1753,2628
2023-04-12 09:31:08,57,60,1753,2628
2023-04-12 09:31:16,57,58,1753,2628
2023-04-12 09:31:32,57,58,2053,2928
2023-04-12 09:31:48,57,58,2073,2948
2023-04-12 09:31:53,57,58,2273,3148
2023-04-12 09:32:01,57,59,2273,3148
2023-04-12 09:32:04,57,58,2273,3148
2023-04-12 09:32:20,57,59,2273,3148
2023-04-12 09:32:20,57,58,2273,3148
2023-04-12 09:33:28,59,60,2404,3279
2023-04-12 09:33:28,59,60,2426,3301
2023-04-12 09:33:28,59,60,2448,3323
2023-04-12 09:33:30,59,60,2518,3393
2023-04-12 09:33:38,59,60,2618,3493
2023-04-12 09:33:38,59,60,2679,3554
2023-04-12 09:33:38,59,60,2718,3593
2023-04-12 09:33:46,59,60,2757,3632
2023-04-12 09:33:46,57,59,3753,4628
2023-04-12 09:33:50,57,60,3753,4628
2023-04-12 09:33:55,57,59,3753,4628
2023-04-12 09:33:56,57,58,3753,4628
2023-04-12 09:33:57,57,59,3753,4628
2023-04-12 09:34:24,59,60,3753,4630
2023-04-12 09:34:49,60,62,3753,4632
2023-04-12 09:34:50,59,62,3753,4650
2023-04-12 09:34:50,59,62,3753,4650
2023-04-12 09:35:05,60,62,3753,4650
2023-04-12 09:35:05,60,61,3753,4650
2023-04-12 09:35:20,59,61,3753,4650
2023-04-12 09:35:20,59,60,3753,4650
2023-04-12 09:36:07,60,61,3753,4652
2023-04-12 09:36:07,59,61,3753,4670
2023-04-12 09:36:07,59,60,3753,4670
2023-04-12 09:36:12,57,60,3753,4670
2023-04-12 09:36:22,57,60,3737,4710
2023-04-12 09:36:38,57,60,3697,4750
2023-04-12 09:36:54,59,60,3697,4750
2023-04-12 09:37:08,57,60,3697,4750
2023-04-12 09:37:08,59,60,3697,4750
2023-04-12 09:38:26,57,59,3697,4762
2023-04-12 09:38:42,57,60,3697,4762
2023-04-12 09:38:42,57,59,3697,4762
2023-04-12 09:38:58,57,60,3697,4762
2023-04-12 09:38:58,57,59,3697,4762
2023-04-12 09:39:13,57,60,3697,4762
2023-04-12 09:39:13,59,60,3697,4762
2023-04-12 09:39:28,57,60,3697,4762
2023-04-12 09:39:28,57,60,3657,4802
2023-04-12 09:39:43,57,60,3577,4882
2023-04-12 09:39:59,59,60,3577,4882
2023-04-12 09:40:16,57,59,3577,4884
2023-04-12 09:40:31,59,60,3577,4886
2023-04-12 09:40:46,57,60,3577,4886
2023-04-12 09:40:46,59,60,3577,4886
2023-04-12 09:41:12,58,60,3577,4886
2023-04-12 09:42:00,58,62,3577,4886
2023-04-12 09:42:03,58,62,3577,4966
2023-04-12 09:42:03,59,62,3577,4966
2023-04-12 09:42:18,58,62,3577,4966
2023-04-12 09:42:18,61,62,3577,4966
2023-04-12 09:42:43,61,62,3577,5216
2023-04-12 09:42:43,59,62,3577,5288
2023-04-12 09:42:48,61,62,3577,5288
2023-04-12 09:43:53,61,62,3577,5538
2023-04-12 09:43:54,58,62,3577,5610
2023-04-12 09:43:56,58,62,3577,6606
2023-04-12 09:44:44,60,62,3577,6606
2023-04-12 09:44:44,60,61,3577,6606
2023-04-12 09:45:00,58,61,3577,6606
2023-04-12 09:45:00,58,62,3577,6606
2023-04-12 09:45:01,60,62,3577,6606
2023-04-12 09:45:01,60,61,3577,6606
2023-04-12 09:45:08,58,61,3577,6606
2023-04-12 09:45:08,58,62,3577,6606
2023-04-12 09:45:08,60,62,3577,6606
2023-04-12 09:45:08,60,61,3577,6606
2023-04-12 09:46:24,60,61,3577,6610
2023-04-12 09:46:35,58,61,3577,6690
2023-04-12 09:46:35,58,62,3577,6690
2023-04-12 09:46:36,58,61,3577,6690
2023-04-12 09:46:36,60,61,3577,6690
2023-04-12 09:46:37,60,62,3577,6690
2023-04-12 09:46:53,60,61,3577,6690
2023-04-12 09:47:03,58,61,3577,6694
2023-04-12 09:47:03,56,61,3577,6694
2023-04-12 09:47:04,57,61,3577,6694
2023-04-12 09:47:06,57,60,3577,6694
2023-04-12 09:47:08,57,61,3577,6694
2023-04-12 09:47:08,57,60,3577,6694
2023-04-12 09:47:23,57,61,3577,6694
2023-04-12 09:47:23,57,59,3577,6694
2023-04-12 09:47:27,53,59,3577,6694
2023-04-12 09:47:29,54,59,3577,6694
2023-04-12 09:47:30,54,58,3577,6694
2023-04-12 09:47:38,55,58,3577,6694
2023-04-12 09:47:38,55,56,3577,6694
2023-04-12 09:47:53,54,56,3577,6694
2023-04-12 09:47:53,54,58,3577,6694
2023-04-12 09:47:53,54,55,3577,6694
2023-04-12 09:47:54,54,55,3578,6696
2023-04-12 09:48:08,53,55,3578,6696
2023-04-12 09:48:08,53,56,3578,6696
2023-04-12 09:48:08,53,54,3578,6696
2023-04-12 09:48:23,53,54,3583,6701
2023-04-12 09:48:24,53,56,3582,6938
2023-04-12 09:48:24,55,56,3582,6938
2023-04-12 09:48:39,53,56,3582,6938
2023-04-12 09:48:39,56,58,3582,6940
2023-04-12 09:48:39,56,57,3582,6940
2023-04-12 09:49:05,56,58,3582,6940
2023-04-12 09:49:11,57,58,3582,6940
2023-04-12 09:49:26,56,58,3582,6940
2023-04-12 09:49:26,57,58,3582,6940
2023-04-12 09:49:40,57,59,3582,6940
2023-04-12 09:49:58,57,59,3582,7100
2023-04-12 09:50:03,56,59,3582,7100
2023-04-12 09:50:12,57,59,3582,7100
2023-04-12 09:50:44,57,58,3582,7100
2023-04-12 09:50:47,56,58,3582,7100
2023-04-12 09:50:51,57,58,3582,7100
2023-04-12 09:50:52,56,58,3582,7100
2023-04-12 09:51:15,56,57,3582,7100
2023-04-12 09:51:30,56,58,3582,7100
2023-04-12 09:51:31,56,57,3582,7100
2023-04-12 09:52:35,56,57,3582,7180
2023-04-12 09:52:46,56,58,3582,7180
2023-04-12 09:52:49,56,57,3582,7180
2023-04-12 09:53:04,56,58,3582,7180
2023-04-12 09:53:04,56,57,3582,7180
2023-04-12 09:53:20,56,57,3612,7210
2023-04-12 09:53:22,56,57,3642,7240
2023-04-12 09:53:23,57,58,3664,7262
2023-04-12 09:53:35,58,59,3666,7264
2023-04-12 09:53:52,59,60,3666,7266
2023-04-12 09:54:22,59,60,3666,7506
2023-04-12 09:54:26,60,61,3678,7518
2023-04-12 09:54:38,60,61,3726,7568
2023-04-12 09:54:52,60,62,3726,7568
2023-04-12 09:54:53,60,62,3756,7602
2023-04-12 09:55:10,60,61,3756,7602
2023-04-12 09:55:14,60,61,3786,7632
2023-04-12 09:55:15,60,61,3816,7662
2023-04-12 09:55:20,60,61,3846,7692
2023-04-12 09:55:21,60,61,3876,7722
2023-04-12 09:55:25,61,62,3876,7724
2023-04-12 09:55:39,61,63,3876,7724
2023-04-12 09:55:41,61,62,3876,7724
2023-04-12 09:55:56,61,63,3876,7724
2023-04-12 09:55:56,62,63,3876,7724
2023-04-12 09:56:12,61,63,3876,7724
2023-04-12 09:56:12,61,62,3876,7724
2023-04-12 09:56:27,61,63,3876,7724
2023-04-12 09:56:27,61,62,3876,7724
2023-04-12 09:56:43,62,63,3876,7726
2023-04-12 09:57:15,61,62,3876,7728
2023-04-12 09:57:30,61,63,3876,7728
2023-04-12 09:57:31,61,63,3876,7730
2023-04-12 09:57:37,61,64,3876,7730
2023-04-12 09:57:47,61,63,3876,7730
2023-04-12 09:57:47,60,61,3877,7734
2023-04-12 09:58:32,61,64,3876,7736
2023-04-12 09:58:32,61,62,3876,7736
2023-04-12 09:58:48,60,61,3877,7738
2023-04-12 09:59:04,60,61,3876,7740
2023-04-12 09:59:20,60,61,3876,7744
2023-04-12 09:59:36,60,62,3876,7744
2023-04-12 09:59:36,61,62,3876,7744
2023-04-12 09:59:37,61,62,3876,7746
2023-04-12 10:00:38,60,61,3878,7755
2023-04-12 10:01:08,59,60,3890,7767
2023-04-12 10:01:23,59,61,3890,7767
2023-04-12 10:01:23,60,61,3890,7767
2023-04-12 10:01:39,61,62,3888,7769
2023-04-12 10:01:56,62,63,3886,7773
2023-04-12 10:02:13,61,63,3886,7773
2023-04-12 10:02:13,61,62,3886,7773
2023-04-12 10:02:43,62,63,3886,7775
2023-04-12 10:04:02,62,63,3933,7822
2023-04-12 10:04:42,62,63,3928,7827
2023-04-12 10:04:48,61,63,3928,7827
2023-04-12 10:04:48,63,65,3928,7829
2023-04-12 10:04:48,63,64,3928,7829
2023-04-12 10:05:05,63,64,3928,7831
2023-04-12 10:05:19,61,64,3928,7831
2023-04-12 10:05:19,62,64,3928,7831
2023-04-12 10:05:19,62,63,3928,7831
2023-04-12 10:05:20,62,63,3932,7835
2023-04-12 10:05:35,61,63,3932,7835
2023-04-12 10:05:35,61,65,3932,7835
2023-04-12 10:05:35,62,65,3932,7835
2023-04-12 10:05:35,62,63,3932,7835
2023-04-12 10:05:52,63,65,3928,7842
2023-04-12 10:06:09,62,65,3928,7842
2023-04-12 10:06:09,63,65,3928,7842
2023-04-12 10:06:09,63,64,3928,7842
2023-04-12 10:06:23,62,63,3928,7844
2023-04-12 10:06:40,62,64,3928,7844
2023-04-12 10:06:40,63,64,3928,7844
2023-04-12 10:06:54,62,64,3928,7844
2023-04-12 10:06:54,62,63,3928,7844
2023-04-12 10:07:10,63,64,3928,7846
2023-04-12 10:07:25,62,64,3928,7846
2023-04-12 10:07:25,62,63,3928,7846
2023-04-12 10:07:25,62,63,3928,7849
2023-04-12 10:07:41,62,64,3928,7849
2023-04-12 10:07:41,63,64,3928,7849
2023-04-12 10:07:56,62,63,3931,7852
2023-04-12 10:08:26,63,64,3928,7855
2023-04-12 10:10:01,64,65,3928,7862
2023-04-12 10:10:11,64,66,3928,7862
2023-04-12 10:10:18,63,64,3928,7865
2023-04-12 10:10:32,63,66,3928,7865
2023-04-12 10:10:32,63,64,3928,7865
2023-04-12 10:11:18,63,64,3928,8105
2023-04-12 10:11:19,62,64,3928,8105
2023-04-12 10:11:33,63,64,3928,8105
2023-04-12 10:12:52,64,66,3928,8107
2023-04-12 10:13:07,63,66,3928,8107
2023-04-12 10:13:07,64,66,3928,8107
2023-04-12 10:13:07,64,65,3928,8107
2023-04-12 10:13:24,63,64,3930,8113
2023-04-12 10:13:55,63,64,3934,8193
2023-04-12 10:14:35,63,66,3934,8193
2023-04-12 10:14:35,63,67,3934,8193
2023-04-12 10:15:43,63,66,3934,8193
2023-04-12 10:16:00,65,66,3934,8193
2023-04-12 10:16:30,65,66,3934,8433
2023-04-12 10:17:01,64,65,3936,8435
2023-04-12 10:17:33,65,66,3928,8444
2023-04-12 10:17:48,64,66,3928,8444
2023-04-12 10:17:48,66,67,3928,8453
2023-04-12 10:18:21,66,67,3928,8455
2023-04-12 10:19:53,67,68,3928,8464
2023-04-12 10:20:09,66,68,3928,8464
2023-04-12 10:20:09,66,67,3928,8464
2023-04-12 10:20:41,67,68,3928,8466
2023-04-12 10:20:55,66,68,3928,8466
2023-04-12 10:20:56,66,67,3928,8466
2023-04-12 10:21:58,65,66,3928,8477
2023-04-12 10:22:14,65,67,3928,8477
2023-04-12 10:22:14,65,66,3928,8477
2023-04-12 10:23:17,66,67,3928,8479
2023-04-12 10:24:21,65,67,3928,8479
2023-04-12 10:24:22,65,69,3928,8479
2023-04-12 10:24:52,66,69,3928,8479
2023-04-12 10:24:52,66,67,3928,8479
2023-04-12 10:25:23,67,69,3928,8481
2023-04-12 10:25:55,66,69,3928,8481
2023-04-12 10:25:55,67,69,3928,8481
2023-04-12 10:25:55,67,68,3928,8481
2023-04-12 10:26:42,67,69,3928,8481
2023-04-12 10:26:42,68,69,3928,8481
2023-04-12 10:27:46,68,69,3928,8506
2023-04-12 10:27:59,67,69,3928,8506
2023-04-12 10:27:59,68,69,3928,8506
2023-04-12 10:28:32,67,68,3928,8508
2023-04-12 10:30:06,68,69,3928,8510
2023-04-12 10:30:22,67,68,3928,8512
2023-04-12 10:30:37,67,69,3928,8512
2023-04-12 10:30:46,65,69,3928,8512
2023-04-12 10:30:47,65,71,3928,8512
2023-04-12 10:30:47,65,70,3928,8512
2023-04-12 10:31:10,65,71,3928,8512
2023-04-12 10:31:10,65,70,3928,8512
2023-04-12 10:31:15,65,68,3928,8512
2023-04-12 10:31:39,66,68,3928,8512
2023-04-12 10:31:39,66,67,3928,8512
2023-04-12 10:31:54,67,68,3928,8514
2023-04-12 10:32:09,66,68,3928,8514
2023-04-12 10:32:09,67,68,3928,8514
2023-04-12 10:32:25,68,69,3928,8516
2023-04-12 10:32:40,68,69,3928,8518
2023-04-12 10:32:56,67,69,3928,8518
2023-04-12 10:32:56,67,69,3928,8598
2023-04-12 10:32:56,68,69,3928,8598
2023-04-12 10:33:11,69,71,3928,8770
2023-04-12 10:33:11,69,70,3928,8770
2023-04-12 10:33:19,69,70,3931,9020
2023-04-12 10:33:25,69,70,3936,9025
2023-04-12 10:33:25,69,70,3956,9045
2023-04-12 10:33:26,68,70,3956,9045
2023-04-12 10:33:26,69,70,3956,9045
2023-04-12 10:33:41,68,69,3954,9047
2023-04-12 10:33:52,67,69,3954,9047
2023-04-12 10:33:52,66,69,3954,9047
2023-04-12 10:34:26,66,68,3954,9047
2023-04-12 10:34:32,64,68,3954,9047
2023-04-12 10:34:40,64,65,3954,9047
2023-04-12 10:35:13,63,64,3930,9309
2023-04-12 10:35:28,64,65,3928,9311
2023-04-12 10:35:44,63,65,3928,9311
2023-04-12 10:35:44,65,67,3928,9313
2023-04-12 10:35:55,65,66,3928,9313
2023-04-12 10:36:17,63,66,3928,9313
2023-04-12 10:36:17,62,66,3928,9313
2023-04-12 10:36:50,62,65,3928,9313
2023-04-12 10:37:31,62,64,3928,9313
2023-04-12 10:37:35,62,63,3928,9313
2023-04-12 10:37:35,62,63,3696,9553
2023-04-12 10:37:37,61,62,3694,9557
2023-04-12 10:37:44,60,62,3694,9557
2023-04-12 10:37:45,60,61,3694,9557
2023-04-12 10:37:48,60,62,3694,9557
2023-04-12 10:37:49,60,61,3694,9557
2023-04-12 10:38:25,58,60,3172,10083
2023-04-12 10:38:45,59,60,3172,10083
2023-04-12 10:38:50,59,61,3170,10085
2023-04-12 10:39:06,59,62,3170,10085
2023-04-12 10:39:09,60,62,3170,10085
2023-04-12 10:39:26,59,62,3170,10085
2023-04-12 10:39:56,60,62,3170,10085
2023-04-12 10:40:02,60,61,3170,10085
2023-04-12 10:40:03,60,62,3170,10085
2023-04-12 10:40:06,60,61,3170,10085
2023-04-12 10:40:09,60,62,3170,10085
2023-04-12 10:40:11,59,62,3170,10085
2023-04-12 10:40:28,61,62,3170,10085
2023-04-12 10:40:58,62,64,3175,10094
2023-04-12 10:41:14,63,64,3175,10094
2023-04-12 10:41:45,63,64,3175,10254
2023-04-12 10:41:48,62,64,3175,10254
2023-04-12 10:42:00,63,64,3175,10254
2023-04-12 10:42:21,63,66,3175,10254
2023-04-12 10:42:22,63,65,3175,10254
2023-04-12 10:42:30,64,65,3175,10254
2023-04-12 10:42:36,65,66,3177,10256
2023-04-12 10:43:14,64,66,3177,10258
2023-04-12 10:43:15,64,65,3177,10258
2023-04-12 10:43:17,63,65,3177,10258
2023-04-12 10:43:51,62,65,3177,10258
2023-04-12 10:43:54,62,64,3177,10258
2023-04-12 10:44:08,62,63,3177,10258
2023-04-12 10:44:14,62,64,3177,10258
2023-04-12 10:44:55,62,63,3177,10258
2023-04-12 10:45:05,62,64,3177,10258
2023-04-12 10:45:06,60,62,3172,10265
2023-04-12 10:45:22,60,64,3172,10265
2023-04-12 10:45:22,62,64,3172,10265
2023-04-12 10:45:26,62,64,3172,10267
2023-04-12 10:45:47,62,63,3172,10267
2023-04-12 10:45:50,62,64,3172,10267
2023-04-12 10:46:02,62,63,3172,10267
2023-04-12 10:46:23,61,62,3172,10270
2023-04-12 10:46:24,60,62,3172,10270
2023-04-12 10:46:40,62,64,3172,10273
2023-04-12 10:47:04,62,64,3182,10283
2023-04-12 10:47:10,63,64,3182,10283
2023-04-12 10:48:29,62,64,3182,10283
2023-04-12 10:48:53,62,65,3182,10283
2023-04-12 10:49:00,63,65,3182,10283
2023-04-12 10:49:15,62,65,3182,10283
2023-04-12 10:49:15,63,65,3182,10283
2023-04-12 10:49:23,63,65,3189,10290
2023-04-12 10:49:47,64,65,3189,10290
2023-04-12 10:51:07,64,65,3269,10370
2023-04-12 10:52:09,64,65,3269,10439
2023-04-12 10:52:09,63,65,3523,10693
2023-04-12 10:52:24,62,63,3523,10696
2023-04-12 10:52:53,61,63,3523,10696
2023-04-12 10:53:41,62,63,3523,10696
2023-04-12 10:53:56,61,63,3523,10696
2023-04-12 10:53:59,60,63,3523,10696
2023-04-12 10:54:05,61,63,3523,10696
2023-04-12 10:54:12,61,62,3523,10696
2023-04-12 10:54:13,60,62,3523,10696
2023-04-12 10:54:47,60,61,3523,10696
2023-04-12 10:54:48,59,61,3523,10696
2023-04-12 10:55:12,59,60,3523,10696
2023-04-12 10:55:21,58,59,3523,10698
2023-04-12 10:55:22,57,59,3551,10726
2023-04-12 10:55:23,57,58,3551,10726
2023-04-12 10:55:27,57,59,3551,10726
2023-04-12 10:55:31,57,58,3551,10726
2023-04-12 10:55:33,55,57,3551,10736
2023-04-12 10:55:46,53,56,3551,10736
2023-04-12 10:55:49,53,55,3551,10736
2023-04-12 10:56:28,53,55,3552,10737
2023-04-12 10:56:34,52,53,3552,10739
2023-04-12 10:56:40,52,55,3552,10739
2023-04-12 10:56:40,52,54,3552,10739
2023-04-12 10:56:40,51,52,3302,10989
2023-04-12 10:56:45,51,54,3302,10989
2023-04-12 10:56:45,51,52,3302,10989
2023-04-12 10:57:02,51,52,3302,10999
2023-04-12 10:57:05,51,52,3302,11000
2023-04-12 10:57:16,52,55,3302,11001
2023-04-12 10:57:32,53,55,3302,11001
2023-04-12 10:57:47,52,55,3302,11001
2023-04-12 10:57:48,54,55,3302,11001
2023-04-12 10:58:06,54,55,3365,11151
2023-04-12 10:58:38,53,55,3365,11151
2023-04-12 10:59:52,53,54,3365,11151
2023-04-12 10:59:54,52,54,3365,11151
2023-04-12 11:00:09,53,54,3365,11151
2023-04-12 11:00:14,52,54,3365,11151
2023-04-12 11:00:26,52,55,3365,11151
2023-04-12 11:00:28,54,55,3365,11151
2023-04-12 11:00:44,52,55,3365,11151
2023-04-12 11:00:44,53,55,3365,11151
2023-04-12 11:01:17,52,55,3365,11151
2023-04-12 11:01:18,51,55,3365,11151
2023-04-12 11:01:23,51,54,3365,11151
2023-04-12 11:01:28,51,55,3365,11151
2023-04-12 11:01:32,51,54,3365,11151
2023-04-12 11:01:49,50,54,3365,11151
2023-04-12 11:02:06,50,53,3365,11151
2023-04-12 11:02:12,52,53,3365,11151
2023-04-12 11:02:26,53,54,3366,11154
2023-04-12 11:02:27,53,55,3216,11654
2023-04-12 11:02:42,52,55,3216,11654
2023-04-12 11:02:43,53,55,3216,11654
2023-04-12 11:02:58,53,54,3216,11654
2023-04-12 11:03:00,53,54,3318,11756
2023-04-12 11:03:00,52,54,3458,11896
2023-04-12 11:03:00,52,54,3458,11896
2023-04-12 11:03:01,52,53,3458,11896
2023-04-12 11:04:41,51,53,3458,11896
2023-04-12 11:04:43,51,52,3458,11896
2023-04-12 11:04:45,50,51,3365,12148
2023-04-12 11:04:49,49,51,3365,12148
2023-04-12 11:05:07,49,52,3365,12148
2023-04-12 11:05:07,49,51,3365,12148
2023-04-12 11:05:20,49,52,3365,12148
2023-04-12 11:05:20,50,52,3365,12148
2023-04-12 11:05:36,49,52,3365,12148
2023-04-12 11:05:36,49,51,3365,12148
2023-04-12 11:05:36,50,51,3365,12148
2023-04-12 11:05:53,51,52,3365,12148
2023-04-12 11:06:08,49,52,3365,12148
2023-04-12 11:06:08,50,52,3365,12148
2023-04-12 11:06:22,49,52,3365,12148
2023-04-12 11:06:24,50,52,3365,12148
2023-04-12 11:06:53,49,52,3365,12148
2023-04-12 11:07:24,49,50,3365,12148
2023-04-12 11:07:26,47,50,3527,12310
2023-04-12 11:07:27,47,49,3527,12310
2023-04-12 11:07:31,45,49,3527,12310
2023-04-12 11:07:47,45,48,3527,12310
2023-04-12 11:08:10,45,47,3527,12310
2023-04-12 11:08:13,45,46,3527,12310
2023-04-12 11:08:20,43,45,3529,12562
2023-04-12 11:08:31,43,46,3529,12562
2023-04-12 11:08:32,43,45,3529,12562
2023-04-12 11:08:34,44,45,3529,12562
2023-04-12 11:08:35,44,45,3529,12704
2023-04-12 11:08:36,43,45,3529,12704
2023-04-12 11:08:43,44,45,3529,12704
2023-04-12 11:08:58,43,45,3529,12704
2023-04-12 11:08:58,45,46,3529,12706
2023-04-12 11:09:44,46,47,3529,12708
2023-04-12 11:10:50,46,47,3537,12718
2023-04-12 11:11:00,45,47,3537,12718
2023-04-12 11:11:00,43,47,3537,12718
2023-04-12 11:11:02,45,47,3537,12718
2023-04-12 11:11:26,45,46,3537,12718
2023-04-12 11:11:33,44,45,3539,12720
2023-04-12 11:11:49,43,46,3539,12720
2023-04-12 11:12:03,43,45,3539,12720
2023-04-12 11:12:19,43,44,3539,12720
2023-04-12 11:12:28,42,43,3541,12722
2023-04-12 11:12:35,40,44,3541,12722
2023-04-12 11:12:35,41,44,3541,12722
2023-04-12 11:13:25,41,43,3541,12722
2023-04-12 11:13:32,40,43,3541,12722
2023-04-12 11:13:55,41,43,3541,12722
2023-04-12 11:14:21,42,43,3541,12722
2023-04-12 11:14:22,42,44,3541,12722
2023-04-12 11:14:39,43,44,3541,12722
2023-04-12 11:14:46,43,46,3541,12724
2023-04-12 11:14:55,45,46,3541,12724
2023-04-12 11:15:11,43,46,3541,12724
2023-04-12 11:15:11,44,46,3541,12724
2023-04-12 11:15:11,46,47,3541,12730
2023-04-12 11:15:16,46,48,3541,12730
2023-04-12 11:15:26,48,49,3545,12734
2023-04-12 11:15:26,48,49,3548,12737
2023-04-12 11:15:26,48,49,3551,12740
2023-04-12 11:15:30,46,48,3621,12810
2023-04-12 11:15:37,46,49,3621,12810
2023-04-12 11:15:42,46,48,3621,12810
2023-04-12 11:16:04,46,47,3621,12810
2023-04-12 11:16:05,44,47,3861,13052
2023-04-12 11:16:12,44,48,3861,13052
2023-04-12 11:16:13,45,48,3861,13052
2023-04-12 11:16:28,44,48,3861,13052
2023-04-12 11:16:29,46,48,3861,13052
2023-04-12 11:17:22,46,49,3861,13052
2023-04-12 11:17:31,47,49,3861,13052
2023-04-12 11:17:46,46,48,3861,13052
2023-04-12 11:17:47,46,49,3861,13052
2023-04-12 11:17:47,47,49,3861,13052
2023-04-12 11:17:47,48,49,3861,13052
2023-04-12 11:17:48,48,49,3864,13055
2023-04-12 11:17:49,48,50,3864,13055
2023-04-12 11:18:02,49,50,3864,13055
2023-04-12 11:18:19,48,50,3864,13055
2023-04-12 11:18:23,48,49,3864,13055
2023-04-12 11:18:36,45,49,3864,13055
2023-04-12 11:19:05,46,49,3864,13055
2023-04-12 11:19:15,45,49,3864,13055
2023-04-12 11:19:23,48,49,3864,13055
2023-04-12 11:19:32,45,49,3864,13055
2023-04-12 11:19:41,48,49,3864,13055
2023-04-12 11:19:58,45,49,3864,13055
2023-04-12 11:19:58,48,49,3864,13055
2023-04-12 11:20:16,45,49,3864,13055
2023-04-12 11:20:16,48,49,3864,13055
2023-04-12 11:20:23,45,49,3864,13055
2023-04-12 11:20:24,48,49,3864,13055
2023-04-12 11:20:50,48,49,4024,13215
2023-04-12 11:20:53,47,49,4024,13215
2023-04-12 11:20:53,47,50,4024,13215
2023-04-12 11:20:58,49,50,4024,13215
2023-04-12 11:21:04,50,52,4024,13218
2023-04-12 11:21:06,50,53,4024,13218
2023-04-12 11:21:06,50,52,4024,13218
2023-04-12 11:21:06,50,51,4024,13218
2023-04-12 11:21:13,50,53,4024,13218
2023-04-12 11:21:24,50,52,4024,13218
2023-04-12 11:21:45,52,53,4027,13221
2023-04-12 11:21:53,50,53,4027,13221
2023-04-12 11:21:53,52,53,4027,13221
2023-04-12 11:21:53,50,52,4067,13261
2023-04-12 11:21:57,48,52,4067,13261
2023-04-12 11:22:01,51,52,4067,13261
2023-04-12 11:22:19,50,52,4067,13261
2023-04-12 11:22:19,51,52,4067,13261
2023-04-12 11:22:45,51,52,4063,13265
2023-04-12 11:22:52,50,52,4063,13265
2023-04-12 11:22:52,51,52,4063,13265
2023-04-12 11:23:00,50,52,4063,13265
2023-04-12 11:23:00,51,52,4063,13265
2023-04-12 11:23:09,52,53,4142,13344
2023-04-12 11:23:17,51,53,4142,13344
2023-04-12 11:23:17,51,52,4142,13344
2023-04-12 11:23:25,50,53,4142,13344
2023-04-12 11:23:25,52,53,4142,13344
2023-04-12 11:23:42,52,53,4222,13424
2023-04-12 11:23:52,53,55,4284,13486
2023-04-12 11:23:52,53,54,4284,13486
2023-04-12 11:24:01,52,53,4282,13488
2023-04-12 11:24:08,52,54,4282,13488
2023-04-12 11:24:08,52,53,4282,13488
2023-04-12 11:24:18,52,54,4282,13488
2023-04-12 11:24:18,51,52,4280,13490
2023-04-12 11:24:19,52,54,4242,13528
2023-04-12 11:24:20,52,54,4242,13768
2023-04-12 11:24:20,51,54,4259,13807
2023-04-12 11:24:20,51,53,4259,13807
2023-04-12 11:24:20,51,54,4259,13807
2023-04-12 11:24:25,51,52,4259,13807
2023-04-12 11:24:33,50,54,4259,13807
2023-04-12 11:24:33,52,54,4259,13807
2023-04-12 11:24:33,52,53,4259,13807
2023-04-12 11:24:33,52,53,4261,13809
2023-04-12 11:24:40,51,54,4261,13809
2023-04-12 11:24:42,52,54,4261,13809
2023-04-12 11:24:42,52,53,4261,13809
2023-04-12 11:24:52,51,54,4261,13809
2023-04-12 11:24:52,52,54,4261,13809
2023-04-12 11:24:52,52,53,4261,13809
2023-04-12 11:25:10,53,54,4221,13851
2023-04-12 11:25:17,52,54,4221,13851
2023-04-12 11:25:20,53,54,4221,13851
2023-04-12 11:25:25,52,54,4221,13851
2023-04-12 11:25:25,53,54,4221,13851
2023-04-12 11:25:33,52,54,4221,13851
2023-04-12 11:25:35,53,54,4221,13851
2023-04-12 11:25:44,54,55,4223,13853
2023-04-12 11:25:51,53,55,4223,13853
2023-04-12 11:25:52,54,55,4223,13853
2023-04-12 11:26:00,53,55,4223,13853
2023-04-12 11:26:01,54,55,4223,13853
2023-04-12 11:26:09,53,55,4223,13853
2023-04-12 11:26:09,53,54,4223,13853
2023-04-12 11:26:37,54,55,4223,13855
2023-04-12 11:26:38,54,55,4183,13895
2023-04-12 11:26:44,54,55,4179,13899
2023-04-12 11:27:11,54,55,4173,13905
2023-04-12 11:27:22,52,55,4173,13905
2023-04-12 11:27:27,54,55,4173,13905
2023-04-12 11:27:42,52,55,4173,13905
2023-04-12 11:27:42,53,55,4173,13905
2023-04-12 11:27:42,54,55,4173,13905
2023-04-12 11:27:52,55,56,4176,13908
2023-04-12 11:28:12,54,56,4176,13908
2023-04-12 11:28:12,55,56,4176,13908
2023-04-12 11:28:19,54,56,4176,13908
2023-04-12 11:28:19,56,57,4178,13910
2023-04-12 11:28:36,54,57,4178,13910
2023-04-12 11:28:36,56,57,4178,13910
2023-04-12 11:28:45,56,57,4176,13913
2023-04-12 11:28:53,54,57,4176,13913
2023-04-12 11:28:53,55,57,4176,13913
2023-04-12 11:28:53,55,56,4176,13913
2023-04-12 11:29:01,54,57,4176,13913
2023-04-12 11:29:01,54,56,4176,13913
2023-04-12 11:29:09,55,56,4176,13913
2023-04-12 11:29:10,56,57,4095,13995
2023-04-12 11:29:10,56,57,4200,14117
2023-04-12 11:29:17,54,57,4200,14117
2023-04-12 11:29:17,56,57,4200,14117
2023-04-12 11:29:44,54,57,4200,14117
2023-04-12 11:29:45,56,57,4200,14117
2023-04-12 11:29:51,54,57,4200,14117
2023-04-12 11:29:51,56,57,4200,14117
2023-04-12 11:29:59,54,57,4200,14117
2023-04-12 11:30:01,56,57,4200,14117
2023-04-12 11:31:31,55,56,4199,14120
2023-04-12 11:31:39,54,57,4199,14120
2023-04-12 11:31:48,55,57,4199,14120
2023-04-12 11:31:48,55,56,4199,14120
2023-04-12 11:31:50,56,57,4199,14200
2023-04-12 11:31:51,56,57,4279,14280
2023-04-12 11:32:04,56,57,4319,14320
2023-04-12 11:32:12,56,57,4359,14360
2023-04-12 11:32:30,56,57,4655,14656
2023-04-12 11:32:42,57,58,4727,14730
2023-04-12 11:32:45,56,58,4727,14730
2023-04-12 11:32:48,56,57,4727,14730
2023-04-12 11:33:30,55,56,4726,14732
2023-04-12 11:33:40,54,56,4726,14732
2023-04-12 11:33:46,55,56,4726,14732
2023-04-12 11:34:19,54,56,4726,14732
2023-04-12 11:34:22,55,56,4726,14732
2023-04-12 11:34:31,54,56,4726,14732
2023-04-12 11:34:31,56,57,4727,14734
2023-04-12 11:34:38,54,57,4727,14734
2023-04-12 11:34:38,56,57,4727,14734
2023-04-12 11:34:45,54,57,4727,14734
2023-04-12 11:34:46,56,57,4727,14734
2023-04-12 11:35:00,57,58,4982,14989
2023-04-12 11:35:02,57,58,4982,15229
2023-04-12 11:35:29,57,58,4982,15309
2023-04-12 11:35:31,56,57,4982,15734
2023-04-12 11:36:02,56,57,4980,15765
2023-04-12 11:36:03,54,57,4980,15765
2023-04-12 11:36:04,56,57,4980,15765
2023-04-12 11:36:11,54,57,4980,15765
2023-04-12 11:36:11,55,57,4980,15765
2023-04-12 11:36:11,55,56,4980,15765
2023-04-12 11:36:21,54,57,4980,15765
2023-04-12 11:36:21,55,57,4980,15765
2023-04-12 11:36:21,55,56,4980,15765
2023-04-12 11:36:30,54,57,4980,15765
2023-04-12 11:36:37,56,57,4980,15765
2023-04-12 11:36:44,56,58,4980,15765
2023-04-12 11:36:44,57,58,4980,15765
2023-04-12 11:36:46,56,57,4976,15770
2023-04-12 11:36:54,56,58,4976,15770
2023-04-12 11:37:02,55,58,4976,15770
2023-04-12 11:37:02,56,58,4976,15770
2023-04-12 11:37:11,55,58,4976,15770
2023-04-12 11:37:11,56,58,4976,15770
2023-04-12 11:37:19,55,58,4976,15770
2023-04-12 11:37:21,56,58,4976,15770
2023-04-12 11:37:21,56,57,4976,15770
2023-04-12 11:37:23,58,59,4978,15893
2023-04-12 11:37:29,58,59,4978,16013
2023-04-12 11:37:38,58,59,4978,16053
2023-04-12 11:37:48,58,59,4978,16213
2023-04-12 11:37:48,58,59,5325,16560
2023-04-12 11:38:11,58,59,5325,16600
2023-04-12 11:38:17,57,58,5324,16772
2023-04-12 11:38:22,56,58,5324,16772
2023-04-12 11:38:28,54,58,5324,16772
2023-04-12 11:38:28,56,58,5324,16772
2023-04-12 11:38:28,56,57,5324,16772
2023-04-12 11:38:37,54,58,5324,16772
2023-04-12 11:38:37,56,58,5324,16772
2023-04-12 11:38:37,56,57,5324,16772
2023-04-12 11:39:34,56,58,5324,16772
2023-04-12 11:40:06,55,58,5324,16772
2023-04-12 11:40:07,55,59,5324,16772
2023-04-12 11:40:11,56,59,5324,16772
2023-04-12 11:40:11,56,58,5324,16772
2023-04-12 11:40:17,55,58,5324,16772
2023-04-12 11:40:17,55,59,5324,16772
2023-04-12 11:40:17,56,59,5324,16772
2023-04-12 11:40:17,56,58,5324,16772
2023-04-12 11:40:25,55,59,5324,16772
2023-04-12 11:40:28,56,59,5324,16772
2023-04-12 11:40:28,56,58,5324,16772
2023-04-12 11:40:32,56,59,5324,16772
2023-04-12 11:40:33,57,59,5324,16772
2023-04-12 11:40:43,56,59,5324,16772
2023-04-12 11:40:43,57,59,5324,16772
2023-04-12 11:40:58,60,61,5328,16777
2023-04-12 11:41:05,57,61,5328,16777
2023-04-12 11:41:05,59,61,5328,16777
2023-04-12 11:41:05,59,60,5328,16777
2023-04-12 11:41:13,59,61,5328,16777
2023-04-12 11:41:14,59,60,5328,16777
2023-04-12 11:41:22,57,61,5328,16777
2023-04-12 11:41:22,59,61,5328,16777
2023-04-12 11:41:31,57,61,5328,16777
2023-04-12 11:41:31,59,61,5328,16777
2023-04-12 11:41:31,59,60,5328,16777
2023-04-12 11:41:41,60,61,5328,16777
2023-04-12 11:41:51,59,60,5326,16779
2023-04-12 11:41:58,57,60,5326,16779
2023-04-12 11:41:58,57,61,5326,16779
2023-04-12 11:41:58,59,61,5326,16779
2023-04-12 11:41:58,59,60,5326,16779
2023-04-12 11:42:07,57,60,5326,16779
2023-04-12 11:42:11,60,61,5576,17029
2023-04-12 11:42:11,60,61,5578,17031
2023-04-12 11:42:14,60,61,5578,17191
2023-04-12 11:42:39,61,62,5581,17194
2023-04-12 11:42:46,60,62,5581,17194
2023-04-12 11:42:46,61,62,5581,17194
2023-04-12 11:42:54,60,62,5581,17194
2023-04-12 11:42:54,60,61,5581,17194
2023-04-12 11:42:58,62,63,5833,17574
2023-04-12 11:42:58,62,63,5993,17734
2023-04-12 11:42:58,60,63,6013,17754
2023-04-12 11:42:59,60,62,6013,17754
2023-04-12 11:43:03,60,61,6013,17754
2023-04-12 11:43:12,61,63,6015,17756
2023-04-12 11:43:19,61,62,6015,17756
2023-04-12 11:43:23,60,62,6015,17756
2023-04-12 11:43:27,60,63,6015,17756
2023-04-12 11:43:29,60,61,6015,17756
2023-04-12 11:43:37,60,63,6015,17756
2023-04-12 11:43:37,60,61,6015,17756
2023-04-12 11:43:54,61,63,6017,17758
2023-04-12 11:43:54,61,62,6017,17758
2023-04-12 11:44:03,60,63,6017,17758
2023-04-12 11:44:03,61,63,6017,17758
2023-04-12 11:44:04,61,62,6017,17758
2023-04-12 11:44:19,60,63,6017,17758
2023-04-12 11:44:21,61,63,6017,17758
2023-04-12 11:44:21,61,62,6017,17758
2023-04-12 11:44:21,61,63,6017,17758
2023-04-12 11:44:28,60,63,6017,17758
2023-04-12 11:44:28,61,63,6017,17758
2023-04-12 11:44:28,61,62,6017,17758
2023-04-12 11:45:03,62,64,6020,17761
2023-04-12 11:45:03,62,63,6020,17761
2023-04-12 11:45:11,62,64,6020,17761
2023-04-12 11:45:11,62,63,6020,17761
2023-04-12 11:45:38,63,64,6023,17764
2023-04-12 11:45:46,62,64,6023,17764
2023-04-12 11:45:53,63,64,6023,17764
2023-04-12 11:46:00,64,65,6026,17767
2023-04-12 11:46:00,64,65,6276,18017
2023-04-12 11:46:06,64,66,6276,18017
2023-04-12 11:46:09,64,65,6276,18017
2023-04-12 11:46:13,64,65,6276,18027
2023-04-12 11:46:19,64,66,6276,18027
2023-04-12 11:46:39,65,66,6276,18027
2023-04-12 11:46:43,66,67,6278,18149
2023-04-12 11:46:52,67,68,6528,18399
2023-04-12 11:47:13,67,68,6778,18649
2023-04-12 11:47:29,65,67,6776,18888
2023-04-12 11:47:37,64,68,6776,18888
2023-04-12 11:47:37,65,68,6776,18888
2023-04-12 11:47:45,66,68,6776,18888
2023-04-12 11:47:55,65,68,6776,18888
2023-04-12 11:47:55,66,68,6776,18888
2023-04-12 11:48:46,65,68,6776,18888
2023-04-12 11:48:46,65,67,6776,18888
2023-04-12 11:48:54,65,68,6776,18888
2023-04-12 11:48:56,65,67,6776,18888
2023-04-12 11:49:18,66,67,6776,18888
2023-04-12 11:49:18,66,68,6776,18888
2023-04-12 11:49:27,66,68,6730,19734
2023-04-12 11:49:27,67,68,6730,19734
2023-04-12 11:49:27,67,68,6532,19932
2023-04-12 11:49:43,67,68,6532,19933
2023-04-12 11:49:55,67,69,6532,19933
2023-04-12 11:50:14,67,69,6532,19935
2023-04-12 11:50:47,68,69,6532,19935
2023-04-12 11:51:33,68,69,6864,20935
2023-04-12 11:51:41,68,70,6864,20935
2023-04-12 11:51:47,67,70,6864,20935
2023-04-12 11:51:47,66,70,6864,20935
2023-04-12 11:51:49,67,70,6864,20935
2023-04-12 11:51:49,67,69,6864,20935
2023-04-12 11:51:51,67,70,6864,20935
2023-04-12 11:51:58,66,70,6864,20935
2023-04-12 11:51:58,67,70,6864,20935
2023-04-12 11:51:58,67,69,6864,20935
2023-04-12 11:52:05,66,70,6864,20935
2023-04-12 11:52:06,67,70,6864,20935
2023-04-12 11:52:06,67,69,6864,20935
2023-04-12 11:52:30,68,69,6864,20935
2023-04-12 11:52:34,68,70,6864,20935
2023-04-12 11:52:40,69,70,6864,20935
2023-04-12 11:52:47,68,70,6864,20935
2023-04-12 11:52:47,68,70,6924,20995
2023-04-12 11:52:57,68,70,7224,21295
2023-04-12 11:53:05,68,71,7224,21295
2023-04-12 11:53:13,68,72,7224,21295
2023-04-12 11:53:14,69,71,7224,21295
2023-04-12 11:53:14,69,70,7224,21295
2023-04-12 11:53:22,69,71,7224,21295
2023-04-12 11:53:22,69,72,7224,21295
2023-04-12 11:53:25,68,72,7224,21295
2023-04-12 11:54:05,69,72,7224,21295
2023-04-12 11:54:13,68,72,7224,21295
2023-04-12 11:54:13,69,72,7224,21295
2023-04-12 11:54:15,69,71,7224,21295
2023-04-12 11:54:22,68,71,7224,21295
2023-04-12 11:54:22,69,71,7224,21295
2023-04-12 11:54:39,69,70,7224,21295
2023-04-12 11:54:47,69,71,7224,21295
2023-04-12 11:54:47,69,70,7224,21295
2023-04-12 11:54:55,69,71,7224,21295
2023-04-12 11:54:56,69,70,7224,21295
2023-04-12 11:55:04,68,71,7224,21295
2023-04-12 11:55:12,69,71,7224,21295
2023-04-12 11:55:21,68,71,7224,21295
2023-04-12 11:55:21,69,71,7224,21295
2023-04-12 11:55:29,68,71,7224,21295
2023-04-12 11:55:29,69,71,7224,21295
2023-04-12 11:55:29,69,70,7224,21295
2023-04-12 11:55:54,69,71,7224,21295
2023-04-12 11:55:54,69,72,7224,21295
2023-04-12 11:55:54,69,71,7224,21295
2023-04-12 11:55:55,69,72,7224,21295
2023-04-12 11:56:43,70,72,7224,21295
2023-04-12 11:56:53,69,72,7224,21295
2023-04-12 11:56:53,69,71,7224,21295
2023-04-12 11:57:00,69,72,7224,21295
2023-04-12 11:57:01,69,71,7224,21295
2023-04-12 11:57:07,69,72,7224,21295
2023-04-12 11:57:09,70,72,7224,21295
2023-04-12 11:57:15,70,71,7224,21295
2023-04-12 11:57:16,70,72,7224,21295
2023-04-12 11:57:17,71,72,7224,21295
2023-04-12 11:57:31,71,74,7224,21295
2023-04-12 11:57:31,71,73,7224,21295
2023-04-12 11:57:51,71,74,7224,21295
2023-04-12 11:57:58,72,74,7224,21295
2023-04-12 11:57:58,72,73,7224,21295
2023-04-12 11:58:06,71,73,7224,21295
2023-04-12 11:58:07,71,73,7284,21355
2023-04-12 11:58:09,71,74,7284,21355
2023-04-12 11:58:09,71,73,7284,21355
2023-04-12 11:58:15,71,74,7284,21355
2023-04-12 11:58:16,72,74,7284,21355
2023-04-12 11:58:16,72,73,7284,21355
2023-04-12 11:58:21,72,73,7322,21393
2023-04-12 11:58:24,71,74,7322,21393
2023-04-12 11:58:25,72,74,7322,21393
2023-04-12 11:58:25,72,73,7322,21393
2023-04-12 11:58:31,72,73,7572,21643
2023-04-12 11:58:31,72,73,7610,21681
2023-04-12 11:58:31,72,73,7648,21719
2023-04-12 11:58:31,71,72,7682,21753
2023-04-12 11:58:32,72,74,7758,21829
2023-04-12 11:58:32,72,73,7758,21829
2023-04-12 11:58:39,71,73,7758,21829
2023-04-12 11:59:28,70,73,7758,21829
2023-04-12 12:00:44,71,73,7758,21829
2023-04-12 12:00:56,71,74,7758,21829
2023-04-12 12:01:14,72,74,7758,21829
2023-04-12 12:01:42,72,75,7758,21829
2023-04-12 12:01:52,72,74,7758,21829
2023-04-12 12:02:09,73,74,7758,21829
2023-04-12 12:04:25,73,75,7758,21829
2023-04-12 12:04:25,73,74,7758,21829
2023-04-12 12:05:30,73,75,7758,21829
2023-04-12 12:05:30,73,74,7758,21829
2023-04-12 12:06:31,73,75,7758,21829
2023-04-12 12:08:22,74,75,7758,21829
2023-04-12 12:08:48,74,75,7818,21889
2023-04-12 12:08:50,73,75,7818,21889
2023-04-12 12:08:55,74,75,7818,21889
2023-04-12 12:09:20,75,77,7970,22041
2023-04-12 12:09:21,75,76,7970,22041
2023-04-12 12:09:29,74,76,7970,22041
2023-04-12 12:12:14,74,76,7970,22216
2023-04-12 12:12:44,74,77,7970,22216
2023-04-12 12:13:09,75,77,7970,22216
2023-04-12 12:14:55,75,76,7970,22216
2023-04-12 12:15:21,75,77,7970,22216
2023-04-12 12:15:21,75,76,7970,22216
2023-04-12 12:15:23,75,77,7970,22216
2023-04-12 12:16:08,75,77,7970,22254
2023-04-12 12:16:13,75,76,7970,22254
2023-04-12 12:16:56,75,77,7970,22254
2023-04-12 12:17:26,75,76,7970,22254
2023-04-12 12:17:57,75,76,7970,22292
2023-04-12 12:18:02,75,76,7970,22330
2023-04-12 12:18:05,74,76,7970,22420
2023-04-12 12:18:05,73,76,7970,22434
2023-04-12 12:18:07,72,76,7970,22434
2023-04-12 12:18:46,73,76,7970,22434
2023-04-12 12:18:52,72,76,7970,22434
2023-04-12 12:18:52,74,76,7970,22434
2023-04-12 12:19:17,74,76,7970,22438
2023-04-12 12:19:33,74,77,7970,22438
2023-04-12 12:19:33,74,76,7970,22438
2023-04-12 12:21:57,73,76,7970,22438
2023-04-12 12:22:50,74,76,7970,22438
2023-04-12 12:24:05,74,75,7970,22438
2023-04-12 12:24:13,74,76,7970,22438
2023-04-12 12:24:30,74,76,7969,22439
2023-04-12 12:25:41,75,76,7969,22439
2023-04-12 12:25:46,75,76,7994,22464
2023-04-12 12:26:05,74,76,7994,22464
2023-04-12 12:26:26,75,76,7994,22464
2023-04-12 12:26:54,75,78,7994,22464
2023-04-12 12:26:54,75,77,7994,22464
2023-04-12 12:26:58,76,77,7994,22464
2023-04-12 12:26:58,76,78,7994,22464
2023-04-12 12:27:24,76,77,7994,22464
2023-04-12 12:27:45,76,77,8004,22474
2023-04-12 12:28:03,76,77,8004,22510
2023-04-12 12:29:07,74,77,8004,22510
2023-04-12 12:29:07,74,76,8004,22510
2023-04-12 12:30:09,75,76,8004,22510
2023-04-12 12:30:34,75,77,8004,22510
2023-04-12 12:31:04,76,77,8004,22510
2023-04-12 12:35:05,76,77,8004,22546
2023-04-12 12:37:46,76,77,8004,22581
2023-04-12 12:37:59,75,77,8004,22581
2023-04-12 12:38:08,75,76,8004,22581
2023-04-12 12:38:35,75,77,8004,22581
2023-04-12 12:39:04,76,77,8004,22581
2023-04-12 12:40:54,76,77,8004,22616
2023-04-12 12:41:54,75,77,8004,22616
2023-04-12 12:41:54,75,76,8004,22616
2023-04-12 12:42:37,74,76,8004,22616
2023-04-12 12:42:46,74,76,8004,22651
2023-04-12 12:42:53,73,76,8004,22651
2023-04-12 12:43:29,74,76,8004,22651
2023-04-12 12:43:29,73,76,8004,22901
2023-04-12 12:44:20,74,76,8004,22901
2023-04-12 12:44:22,73,76,8004,22901
2023-04-12 12:44:41,73,75,8004,22901
2023-04-12 12:44:59,74,75,8004,22901
2023-04-12 12:45:37,74,76,8004,22901
2023-04-12 12:45:37,74,77,8004,22901
2023-04-12 12:45:54,75,77,8004,22901
2023-04-12 12:46:06,75,76,8004,22901
2023-04-12 12:46:42,76,77,8004,22903
2023-04-12 12:47:13,77,79,8004,23295
2023-04-12 12:47:54,77,78,8004,23295
2023-04-12 12:48:34,77,78,8125,23451
2023-04-12 12:48:59,77,78,8277,23603
2023-04-12 12:49:01,75,78,8277,23607
2023-04-12 12:49:25,76,78,8277,23607
2023-04-12 12:51:40,76,79,9629,25232
2023-04-12 12:51:41,76,78,9629,25232
2023-04-12 12:52:35,76,78,9639,25242
2023-04-12 12:52:40,77,78,9639,25242
2023-04-12 12:54:14,77,80,9639,25242
2023-04-12 12:54:14,77,79,9639,25242
2023-04-12 12:54:33,77,80,9639,25242
2023-04-12 12:55:02,78,80,9639,25242
2023-04-12 12:55:30,78,81,9639,25252
2023-04-12 12:55:30,78,80,9639,25252
2023-04-12 12:58:31,78,81,9639,25252
2023-04-12 12:58:32,78,80,9639,25252
2023-04-12 12:59:09,80,81,9639,25291
2023-04-12 13:01:52,78,81,9639,25291
2023-04-12 13:02:03,78,80,9639,25291
2023-04-12 13:04:37,78,81,9639,25291
2023-04-12 13:05:18,80,81,9639,25291
2023-04-12 13:06:41,80,81,9639,25328
2023-04-12 13:06:52,80,81,9939,25628
2023-04-12 13:06:54,81,82,10133,25822
2023-04-12 13:07:01,80,82,10133,25822
2023-04-12 13:08:10,81,82,10133,25822
2023-04-12 13:08:44,81,82,10133,25827
2023-04-12 13:12:31,81,82,10133,26063
2023-04-12 13:15:35,83,85,10133,26329
2023-04-12 13:15:35,83,84,10133,26329
2023-04-12 13:15:36,83,85,10133,26329
2023-04-12 13:15:49,83,84,10133,26329
2023-04-12 13:16:13,83,84,10133,26579
2023-04-12 13:20:04,82,84,10133,26579
2023-04-12 13:25:07,81,82,10133,26833
2023-04-12 13:25:12,81,84,10133,26833
2023-04-12 13:27:31,82,84,10133,26833
2023-04-12 13:27:36,81,82,10133,27083
2023-04-12 13:28:24,81,84,10133,27083
2023-04-12 13:28:51,81,85,10133,27083
2023-04-12 13:29:34,81,84,10133,27083
2023-04-12 13:29:34,81,85,10133,27083
2023-04-12 13:29:58,81,83,10133,27083
2023-04-12 13:32:51,81,85,10133,27083
2023-04-12 13:32:54,83,85,10133,27083
2023-04-12 13:32:54,83,84,10133,27083
2023-04-12 13:33:14,83,84,10524,27727
2023-04-12 13:33:50,83,84,10774,27977
2023-04-12 13:34:10,83,84,11326,28529
2023-04-12 13:34:50,83,84,11774,28977
2023-04-12 13:35:08,82,83,12133,29338
2023-04-12 13:35:18,82,84,12133,29338
2023-04-12 13:38:06,83,84,12133,29338
2023-04-12 13:38:15,82,84,12133,29338
2023-04-12 13:38:15,83,84,12133,29338
2023-04-12 13:38:48,82,84,12321,29528
2023-04-12 13:39:08,82,83,12321,29528
2023-04-12 13:39:17,82,84,12321,29528
2023-04-12 13:39:26,82,83,12321,29528
2023-04-12 13:39:49,81,82,12414,29873
2023-04-12 13:40:09,82,83,12416,29875
2023-04-12 13:40:14,82,84,12416,29875
2023-04-12 13:40:39,82,83,12416,29875
2023-04-12 13:40:45,81,82,12741,30202
2023-04-12 13:40:48,80,82,12741,30202
2023-04-12 13:40:51,80,82,12880,30341
2023-04-12 13:41:01,81,82,12880,30341
2023-04-12 13:41:16,80,82,12880,30341
2023-04-12 13:41:16,82,83,12882,30343
2023-04-12 13:41:24,80,83,12882,30343
2023-04-12 13:41:24,82,83,12882,30343
2023-04-12 13:41:57,80,83,12882,30343
2023-04-12 13:41:57,80,83,12928,30389
2023-04-12 13:41:57,81,83,12928,30389
2023-04-12 13:42:07,82,83,12928,30389
2023-04-12 13:42:10,80,82,13111,30572
2023-04-12 13:42:26,80,83,13111,30572
2023-04-12 13:42:31,80,81,13111,30572
2023-04-12 13:42:55,80,83,13111,30572
2023-04-12 13:43:01,81,83,13111,30572
2023-04-12 13:43:27,81,82,13111,30572
2023-04-12 13:43:28,80,81,13111,30576
2023-04-12 13:43:38,80,83,13111,30576
2023-04-12 13:43:38,80,82,13111,30576
2023-04-12 13:43:38,80,81,13111,30576
2023-04-12 13:44:00,80,83,13111,30576
2023-04-12 13:44:00,80,82,13111,30576
2023-04-12 13:44:14,80,81,13111,30576
2023-04-12 13:44:20,80,83,13111,30576
2023-04-12 13:44:20,80,82,13111,30576
2023-04-12 13:44:31,80,81,13111,30576
2023-04-12 13:44:37,80,83,13111,30576
2023-04-12 13:45:05,80,81,13111,30576
2023-04-12 13:45:11,80,82,13111,30576
2023-04-12 13:45:12,80,82,12936,30751
2023-04-12 13:45:36,80,81,12936,30751
2023-04-12 13:45:41,80,82,12936,30751
2023-04-12 13:45:50,80,81,12936,30751
2023-04-12 13:45:55,80,82,12936,30751
2023-04-12 13:46:00,80,81,12936,30751
2023-04-12 13:46:05,80,82,12936,30751
2023-04-12 13:46:12,78,82,12719,30968
2023-04-12 13:47:19,80,82,12719,30968
2023-04-12 13:47:34,78,82,12719,30968
2023-04-12 13:47:35,80,82,12719,30968
2023-04-12 13:48:01,78,82,12719,30968
2023-04-12 13:48:06,80,82,12719,30968
2023-04-12 13:49:00,81,82,12719,30968
2023-04-12 13:49:04,80,82,12469,31218
2023-04-12 13:49:07,78,82,12469,31218
2023-04-12 13:49:09,80,82,12469,31218
2023-04-12 13:49:26,78,82,12469,31218
2023-04-12 13:49:26,80,82,12469,31218
2023-04-12 13:49:57,81,82,12469,31218
2023-04-12 13:50:11,80,82,12469,31218
2023-04-12 13:50:37,79,82,12469,31218
2023-04-12 13:50:45,80,82,12469,31218
2023-04-12 13:50:59,79,82,12469,31218
2023-04-12 13:51:00,80,82,12469,31218
2023-04-12 13:51:06,80,82,12469,31238
2023-04-12 13:51:40,80,83,12469,31238
2023-04-12 13:52:17,81,83,12469,31238
2023-04-12 13:52:22,82,83,12469,31238
2023-04-12 13:52:32,80,82,12467,31240
2023-04-12 13:55:11,80,81,12467,31240
2023-04-12 13:55:26,80,82,12467,31240
2023-04-12 13:55:26,81,82,12467,31240
2023-04-12 13:56:33,80,82,12467,31240
2023-04-12 13:56:44,81,82,12467,31240
2023-04-12 13:56:58,80,82,12467,31240
2023-04-12 13:56:59,81,82,12467,31240
2023-04-12 13:57:15,80,82,12467,31240
2023-04-12 13:57:15,81,82,12467,31240
2023-04-12 13:59:00,81,82,12469,31260
2023-04-12 14:00:25,81,83,12469,31262
2023-04-12 14:00:53,81,85,12469,31262
2023-04-12 14:01:02,82,85,12469,31262
2023-04-12 14:01:11,81,85,12469,31262
2023-04-12 14:01:12,81,84,12469,31262
2023-04-12 14:01:29,81,82,12469,31262
2023-04-12 14:01:32,80,81,12467,31264
2023-04-12 14:01:41,79,81,12467,31264
2023-04-12 14:02:03,79,83,12467,31266
2023-04-12 14:02:04,80,83,12467,31266
2023-04-12 14:02:06,81,83,12467,31266
2023-04-12 14:02:25,79,83,12467,31266
2023-04-12 14:02:25,82,85,12467,31266
2023-04-12 14:03:04,83,85,12467,31266
2023-04-12 14:03:23,82,85,12467,31266
2023-04-12 14:03:33,83,85,12467,31266
2023-04-12 14:05:32,83,84,12467,31266
2023-04-12 14:05:40,82,84,12467,31266
2023-04-12 14:05:53,83,84,12467,31266
2023-04-12 14:06:00,84,85,12494,31293
2023-04-12 14:06:00,84,85,12519,31318
2023-04-12 14:07:39,84,86,12605,31481
2023-04-12 14:07:39,84,85,12605,31481
2023-04-12 14:07:40,84,87,12605,31481
2023-04-12 14:07:41,84,86,12605,31481
2023-04-12 14:09:37,84,85,12605,31481
2023-04-12 14:09:37,84,86,12605,31513
2023-04-12 14:09:38,84,85,12605,31513
2023-04-12 14:09:39,84,85,12605,31543
2023-04-12 14:09:39,82,85,12605,31543
2023-04-12 14:09:41,82,84,12605,31543
2023-04-12 14:09:44,82,83,12605,31543
2023-04-12 14:09:47,82,84,12605,31543
2023-04-12 14:09:48,82,83,12605,31543
2023-04-12 14:09:52,82,84,12605,31543
2023-04-12 14:09:52,82,83,12605,31543
2023-04-12 14:10:03,82,84,12605,31543
2023-04-12 14:10:06,82,83,12605,31543
2023-04-12 14:10:28,79,82,12601,31547
2023-04-12 14:10:35,80,82,12601,31547
2023-04-12 14:10:40,80,82,12601,31715
2023-04-12 14:10:57,81,82,12601,31715
2023-04-12 14:11:12,80,82,12601,31715
2023-04-12 14:11:13,81,82,12601,31715
2023-04-12 14:11:27,81,82,12626,31740
2023-04-12 14:11:29,80,82,12626,31740
2023-04-12 14:11:42,81,82,12626,31740
2023-04-12 14:11:59,81,84,12626,31841
2023-04-12 14:11:59,81,83,12626,31841
2023-04-12 14:11:59,81,84,12626,31841
2023-04-12 14:12:30,81,84,12626,31842
2023-04-12 14:12:30,81,84,12626,31843
2023-04-12 14:12:31,81,84,12626,31844
2023-04-12 14:12:31,83,84,12626,31844
2023-04-12 14:12:40,83,85,12626,31844
2023-04-12 14:13:01,84,85,12626,31844
2023-04-12 14:13:06,84,85,12628,31851
2023-04-12 14:13:07,84,87,12628,31851
2023-04-12 14:13:07,84,86,12628,31851
2023-04-12 14:13:29,85,86,12628,31851
2023-04-12 14:13:29,85,87,12628,31851
2023-04-12 14:13:30,85,86,12628,31851
2023-04-12 14:14:34,84,86,12628,31851
2023-04-12 14:15:28,85,86,12628,31851
2023-04-12 14:18:00,86,87,12630,31883
2023-04-12 14:18:03,86,87,12630,31913
2023-04-12 14:18:04,86,87,12630,31943
2023-04-12 14:18:05,85,87,12630,31943
2023-04-12 14:21:06,86,88,12632,32005
2023-04-12 14:21:07,86,87,12632,32005
2023-04-12 14:21:19,85,87,12632,32005
2023-04-12 14:21:19,86,87,12632,32005
2023-04-12 14:21:36,85,87,12632,32005
2023-04-12 14:21:36,86,87,12632,32005
2023-04-12 14:21:51,85,87,12632,32005
2023-04-12 14:22:03,86,87,12632,32005
2023-04-12 14:22:20,86,87,12632,32026
2023-04-12 14:22:52,86,87,12634,32047
2023-04-12 14:23:08,87,88,12634,32058
2023-04-12 14:23:09,87,88,12636,32060
2023-04-12 14:23:10,87,88,12636,32090
2023-04-12 14:23:11,86,87,12636,32111
2023-04-12 14:23:24,87,88,12636,32150
2023-04-12 14:23:27,87,88,12662,32180
2023-04-12 14:23:28,86,87,12678,32196
2023-04-12 14:25:49,85,87,12678,32196
2023-04-12 14:26:04,85,86,12678,32196
2023-04-12 14:26:38,84,86,12678,32200
2023-04-12 14:26:38,84,86,12678,32204
2023-04-12 14:26:38,84,85,12678,32204
2023-04-12 14:26:39,84,86,12678,32204
2023-04-12 14:26:39,84,85,12678,32204
2023-04-12 14:27:16,82,84,12674,32208
2023-04-12 14:27:16,81,84,12674,32208
2023-04-12 14:27:16,79,84,12674,32208
2023-04-12 14:27:17,80,84,12674,32208
2023-04-12 14:27:17,81,84,12674,32208
2023-04-12 14:27:17,81,83,12674,32208
2023-04-12 14:27:18,81,82,12674,32208
2023-04-12 14:27:19,81,82,12644,32238
2023-04-12 14:27:19,80,81,12632,32268
2023-04-12 14:27:20,80,82,12632,32268
2023-04-12 14:27:20,80,81,12632,32268
2023-04-12 14:27:20,80,81,12632,32298
2023-04-12 14:27:21,79,80,12632,32328
2023-04-12 14:27:21,79,80,12632,32358
2023-04-12 14:27:23,79,80,12632,32388
2023-04-12 14:27:25,77,80,12632,32388
2023-04-12 14:27:25,78,80,12632,32388
2023-04-12 14:27:25,78,80,12632,32418
2023-04-12 14:27:26,78,80,12632,32448
2023-04-12 14:27:27,78,80,12632,32478
2023-04-12 14:27:29,78,79,12632,32478
2023-04-12 14:27:30,79,80,12632,32498
2023-04-12 14:27:31,77,79,12632,32538
2023-04-12 14:27:31,76,79,12632,32538
2023-04-12 14:27:34,75,79,12752,32658
2023-04-12 14:27:34,75,76,12752,32658
2023-04-12 14:27:34,74,76,12752,32658
2023-04-12 14:27:35,74,76,12740,32670
2023-04-12 14:27:35,74,75,12740,32670
2023-04-12 14:27:36,73,75,12740,32670
2023-04-12 14:27:39,73,76,12740,32670
2023-04-12 14:27:39,72,76,12740,32670
2023-04-12 14:27:40,72,75,12740,32670
2023-04-12 14:27:44,73,75,12740,32670
2023-04-12 14:27:57,73,76,12740,32670
2023-04-12 14:27:57,73,75,12740,32670
2023-04-12 14:27:57,73,76,12700,32710
2023-04-12 14:28:00,73,77,12700,32710
2023-04-12 14:28:01,73,76,12700,32710
2023-04-12 14:28:03,74,76,12700,32710
2023-04-12 14:28:10,74,77,12700,32712
2023-04-12 14:28:18,74,76,12700,32712
2023-04-12 14:28:35,74,75,12700,32712
2023-04-12 14:28:37,73,74,12700,32713
2023-04-12 14:28:45,73,75,12700,32713
2023-04-12 14:28:45,72,74,12700,32713
2023-04-12 14:28:46,72,75,12700,32713
2023-04-12 14:28:48,72,74,12700,32713
2023-04-12 14:29:07,72,73,12700,32713
2023-04-12 14:29:11,71,72,12398,33015
2023-04-12 14:29:11,70,72,11727,33809
2023-04-12 14:29:12,68,72,11604,34265
2023-04-12 14:29:12,68,73,11604,34265
2023-04-12 14:29:16,68,72,11604,34265
2023-04-12 14:29:16,68,70,11604,34265
2023-04-12 14:29:18,68,69,11604,34265
2023-04-12 14:29:19,68,69,11604,34285
2023-04-12 14:29:19,68,69,11604,34585
2023-04-12 14:29:20,68,70,11604,34585
2023-04-12 14:29:20,68,70,11604,34885
2023-04-12 14:29:29,68,69,11604,34885
2023-04-12 14:29:33,68,69,11790,35185
2023-04-12 14:29:34,66,68,11870,35265
2023-04-12 14:29:39,64,68,11870,35265
2023-04-12 14:29:39,64,69,11870,35265
2023-04-12 14:29:39,64,70,11870,35265
2023-04-12 14:29:39,64,68,11870,35265
2023-04-12 14:29:43,66,68,11870,35265
2023-04-12 14:29:44,66,68,11870,35265
2023-04-12 14:29:46,66,70,11870,35267
2023-04-12 14:29:47,66,69,11870,35267
2023-04-12 14:29:55,66,70,11790,35347
2023-04-12 14:29:55,68,70,11790,35347
2023-04-12 14:30:03,66,70,11790,35347
2023-04-12 14:30:04,66,69,11790,35347
2023-04-12 14:30:05,64,70,11790,35347
2023-04-12 14:30:05,66,70,11790,35347
2023-04-12 14:30:09,64,70,11790,35347
2023-04-12 14:30:11,64,70,11790,35347
2023-04-12 14:30:12,66,69,11790,35347
2023-04-12 14:30:14,66,69,11790,35347
2023-04-12 14:30:15,66,69,11790,35347
2023-04-12 14:30:15,64,69,11790,35347
2023-04-12 14:30:18,64,68,11790,35347
2023-04-12 14:30:27,65,68,11790,35347
2023-04-12 14:30:33,65,67,11790,35347
2023-04-12 14:30:39,65,66,11790,35347
2023-04-12 14:30:42,64,66,11790,35347
2023-04-12 14:30:44,64,67,11790,35347
2023-04-12 14:30:50,62,64,11790,35349
2023-04-12 14:30:56,62,65,11790,35349
2023-04-12 14:31:02,62,64,11790,35349
2023-04-12 14:31:03,62,65,11790,35349
2023-04-12 14:31:05,62,64,11790,35349
2023-04-12 14:31:11,62,65,11790,35349
2023-04-12 14:31:11,62,63,11790,35349
2023-04-12 14:31:16,60,62,11793,35353
2023-04-12 14:31:17,57,62,11793,35353
2023-04-12 14:31:17,58,62,11793,35353
2023-04-12 14:31:21,58,61,11793,35353
2023-04-12 14:31:22,58,62,11793,35353
2023-04-12 14:31:28,58,62,11793,35353
2023-04-12 14:31:28,57,59,11793,35353
2023-04-12 14:31:29,58,59,11793,35353
2023-04-12 14:31:33,57,58,11796,35356
2023-04-12 14:31:40,56,59,11796,35356
2023-04-12 14:31:40,54,59,11796,35356
2023-04-12 14:31:46,54,59,11796,35356
2023-04-12 14:31:52,54,56,11796,35356
2023-04-12 14:31:59,54,58,11794,35358
2023-04-12 14:32:00,54,59,11794,35358
2023-04-12 14:32:11,54,58,11794,35358
2023-04-12 14:32:13,54,59,11794,35358
2023-04-12 14:32:17,58,59,11794,35358
2023-04-12 14:32:19,58,59,11294,35858
2023-04-12 14:32:19,58,60,11096,36056
2023-04-12 14:32:19,58,61,11057,36095
2023-04-12 14:32:19,58,62,11057,36095
2023-04-12 14:32:20,59,62,11057,36095
2023-04-12 14:32:25,59,64,11057,36095
2023-04-12 14:32:31,58,64,11057,36095
2023-04-12 14:32:31,58,63,11057,36095
2023-04-12 14:32:36,58,64,11057,36095
2023-04-12 14:32:36,58,63,11057,36095
2023-04-12 14:32:36,58,64,11057,36095
2023-04-12 14:32:39,59,64,11057,36095
2023-04-12 14:32:41,60,64,11057,36095
2023-04-12 14:32:42,63,64,11057,36095
2023-04-12 14:32:45,60,63,11295,36345
2023-04-12 14:32:47,59,63,11295,36345
2023-04-12 14:32:49,58,63,11295,36345
2023-04-12 14:32:51,58,60,11295,36345
2023-04-12 14:32:55,58,63,11295,36345
2023-04-12 14:32:56,58,64,11295,36345
2023-04-12 14:33:07,59,64,11295,36345
2023-04-12 14:33:07,58,64,11295,36345
2023-04-12 14:33:10,58,61,11295,36345
2023-04-12 14:33:18,58,64,11295,36345
2023-04-12 14:33:22,58,63,11295,36345
2023-04-12 14:33:23,58,62,11295,36345
2023-04-12 14:33:24,58,64,11295,36345
2023-04-12 14:33:24,58,63,11295,36345
2023-04-12 14:33:25,58,64,11295,36345
2023-04-12 14:33:25,58,63,11295,36345
2023-04-12 14:33:27,57,63,11295,36345
2023-04-12 14:33:29,57,62,11295,36345
2023-04-12 14:33:29,57,61,11295,36345
2023-04-12 14:33:30,57,62,11295,36345
2023-04-12 14:33:36,58,62,11295,36345
2023-04-12 14:33:39,57,62,11295,36345
2023-04-12 14:33:46,58,62,11295,36345
2023-04-12 14:34:01,59,62,11295,36345
2023-04-12 14:34:03,58,62,11295,36345
2023-04-12 14:34:05,59,62,11295,36345
2023-04-12 14:34:07,60,62,11295,36345
2023-04-12 14:34:18,59,62,11295,36345
2023-04-12 14:34:18,58,62,11295,36345
2023-04-12 14:34:30,58,60,11295,36345
2023-04-12 14:34:32,58,62,11295,36345
2023-04-12 14:34:42,57,62,11295,36345
2023-04-12 14:34:42,57,64,11295,36345
2023-04-12 14:34:45,58,64,11295,36345
2023-04-12 14:34:51,58,63,11295,36345
2023-04-12 14:34:54,58,64,11295,36345
2023-04-12 14:34:56,58,60,11295,36345
2023-04-12 14:35:04,58,64,11295,36345
2023-04-12 14:35:08,58,62,11295,36345
2023-04-12 14:35:11,58,64,11295,36345
2023-04-12 14:35:18,57,64,11295,36545
2023-04-12 14:35:19,57,63,11295,36545
2023-04-12 14:35:21,57,60,11295,36545
2023-04-12 14:35:22,57,58,11295,36545
2023-04-12 14:35:25,54,58,11295,36547
2023-04-12 14:35:30,54,57,11295,36547
2023-04-12 14:35:36,54,58,11295,36547
2023-04-12 14:35:46,55,58,11295,36547
2023-04-12 14:35:51,55,56,11295,36547
2023-04-12 14:35:53,55,58,11295,36547
2023-04-12 14:36:10,55,57,11295,36547
2023-04-12 14:36:16,55,57,11304,36556
2023-04-12 14:36:16,55,56,11304,36556
2023-04-12 14:36:22,54,56,11461,36749
2023-04-12 14:36:37,51,56,11461,36751
2023-04-12 14:36:39,53,56,11461,36751
2023-04-12 14:36:40,53,57,11461,36751
2023-04-12 14:36:41,55,57,11461,36751
2023-04-12 14:36:41,55,56,11461,36751
2023-04-12 14:36:42,56,58,11459,36753
2023-04-12 14:36:42,56,57,11459,36753
2023-04-12 14:36:48,56,57,11459,36762
2023-04-12 14:37:01,56,57,11459,36771
2023-04-12 14:37:12,56,58,11459,36771
2023-04-12 14:37:16,56,59,11456,36774
2023-04-12 14:37:26,56,60,11456,36774
2023-04-12 14:37:26,56,59,11456,36774
2023-04-12 14:37:30,56,59,11456,36789
2023-04-12 14:37:31,54,59,11456,36789
2023-04-12 14:37:31,55,59,11456,36789
2023-04-12 14:37:35,55,58,11456,36789
2023-04-12 14:37:35,58,60,11451,36796
2023-04-12 14:37:35,58,59,11451,36796
2023-04-12 14:37:43,58,60,11451,36802
2023-04-12 14:37:43,58,59,11451,36802
2023-04-12 14:37:52,57,59,11451,36802
2023-04-12 14:37:59,57,60,11451,36838
2023-04-12 14:37:59,57,59,11451,36838
2023-04-12 14:37:59,57,60,11451,36838
2023-04-12 14:38:04,59,60,11451,36838
2023-04-12 14:38:11,59,62,11397,36892
2023-04-12 14:38:11,59,61,11397,36892
2023-04-12 14:38:15,59,60,11397,36892
2023-04-12 14:38:23,59,61,11381,36928
2023-04-12 14:38:46,59,60,11381,36928
2023-04-12 14:38:49,57,60,11381,36928
2023-04-12 14:39:08,58,60,11381,36928
2023-04-12 14:39:11,57,60,11381,36928
2023-04-12 14:39:12,57,61,11381,36928
2023-04-12 14:39:12,57,60,11381,36928
2023-04-12 14:39:13,58,60,11381,36928
2023-04-12 14:39:14,57,60,11379,36932
2023-04-12 14:39:16,57,58,11379,36932
2023-04-12 14:39:20,53,58,11379,36936
2023-04-12 14:39:20,53,58,11383,36940
2023-04-12 14:39:21,53,57,11383,36940
2023-04-12 14:39:26,53,56,11383,36940
2023-04-12 14:39:27,53,57,11383,36940
2023-04-12 14:39:27,52,55,11383,36940
2023-04-12 14:39:31,51,55,11383,36940
2023-04-12 14:39:41,51,54,11383,36940
2023-04-12 14:39:46,51,55,11383,36940
2023-04-12 14:39:51,53,55,11383,36940
2023-04-12 14:40:01,51,55,11383,36940
2023-04-12 14:40:04,51,54,11383,36940
2023-04-12 14:40:07,51,55,11383,36940
2023-04-12 14:40:07,51,54,11383,36940
2023-04-12 14:40:25,51,54,11418,36975
2023-04-12 14:40:25,49,54,12381,37938
2023-04-12 14:40:25,49,53,12381,37938
2023-04-12 14:40:32,50,53,12381,37938
2023-04-12 14:40:42,50,54,12381,37940
2023-04-12 14:40:46,50,55,12381,37940
2023-04-12 14:40:46,51,55,12381,37940
2023-04-12 14:40:55,51,56,12381,37940
2023-04-12 14:40:57,53,56,12381,37940
2023-04-12 14:41:14,53,57,12381,37944
2023-04-12 14:41:14,53,58,12381,37944
2023-04-12 14:41:14,53,57,12381,37944
2023-04-12 14:41:18,53,58,12381,37944
2023-04-12 14:41:19,53,59,12381,37944
2023-04-12 14:41:19,53,58,12381,37944
2023-04-12 14:41:21,53,59,12385,37948
2023-04-12 14:41:24,57,59,12385,37948
2023-04-12 14:41:28,57,59,12399,37962
2023-04-12 14:41:34,57,60,12399,37962
2023-04-12 14:41:46,57,59,12399,37962
2023-04-12 14:42:03,57,59,12399,38417
2023-04-12 14:42:04,57,60,12399,38417
2023-04-12 14:42:04,58,60,12399,38417
2023-04-12 14:42:09,58,60,12411,38429
2023-04-12 14:42:09,60,62,12340,38507
2023-04-12 14:42:09,60,61,12340,38507
2023-04-12 14:42:09,60,61,12340,38546
2023-04-12 14:42:15,58,61,12340,38546
2023-04-12 14:42:16,60,63,12340,38546
2023-04-12 14:42:16,60,62,12340,38546
2023-04-12 14:42:19,62,63,12340,38563
2023-04-12 14:42:19,62,63,12340,38580
2023-04-12 14:42:19,62,63,12340,38597
2023-04-12 14:42:26,60,63,12340,38597
2023-04-12 14:42:35,60,62,12340,38597
2023-04-12 14:42:36,62,64,12340,38602
2023-04-12 14:42:36,62,63,12340,38602
2023-04-12 14:42:46,60,63,12340,38602
2023-04-12 14:42:47,60,63,12352,38614
2023-04-12 14:43:02,60,62,12352,38614
2023-04-12 14:43:12,60,64,12352,38614
2023-04-12 14:43:12,60,62,12352,38614
2023-04-12 14:43:12,60,64,12352,38614
2023-04-12 14:43:38,60,62,12352,38614
2023-04-12 14:43:39,58,62,12352,38614
2023-04-12 14:43:39,58,61,12352,38614
2023-04-12 14:43:43,58,59,12352,38614
2023-04-12 14:43:56,58,60,12352,38614
2023-04-12 14:44:02,58,62,12352,38614
2023-04-12 14:44:02,58,61,12352,38614
2023-04-12 14:44:09,59,61,12352,38614
2023-04-12 14:44:11,58,61,12352,38614
2023-04-12 14:44:17,58,62,12352,38614
2023-04-12 14:44:34,60,61,12352,38614
2023-04-12 14:44:35,58,61,12352,38614
2023-04-12 14:44:50,60,61,12352,38614
2023-04-12 14:44:55,61,62,12352,38616
2023-04-12 14:44:56,61,63,12352,38616
2023-04-12 14:44:56,61,62,12352,38616
2023-04-12 14:45:03,62,63,12387,38651
2023-04-12 14:45:06,63,65,12387,38653
2023-04-12 14:45:06,63,64,12387,38653
2023-04-12 14:45:07,64,65,12387,38688
2023-04-12 14:45:08,64,65,12387,38723
2023-04-12 14:45:16,62,65,12387,38723
2023-04-12 14:45:16,64,65,12387,38723
2023-04-12 14:45:19,64,67,12387,38723
2023-04-12 14:45:28,64,66,12387,38723
2023-04-12 14:45:30,62,66,12387,38723
2023-04-12 14:45:31,62,65,12387,38723
2023-04-12 14:45:40,62,64,12387,38723
2023-04-12 14:45:43,62,63,12387,38723
2023-04-12 14:45:43,59,61,12380,38796
2023-04-12 14:45:43,59,60,12380,38796
2023-04-12 14:45:44,57,60,12380,38961
2023-04-12 14:45:44,57,59,12380,38961
2023-04-12 14:45:44,57,60,12380,38961
2023-04-12 14:45:45,59,60,12380,38961
2023-04-12 14:46:00,60,62,12380,38963
2023-04-12 14:46:03,60,63,12380,38963
2023-04-12 14:46:04,60,64,12380,38963
2023-04-12 14:46:04,61,64,12380,38963
2023-04-12 14:46:04,61,63,12380,38963
2023-04-12 14:46:04,61,64,12380,38963
2023-04-12 14:46:06,61,64,12392,38975
2023-04-12 14:46:16,59,64,12392,38975
2023-04-12 14:46:23,61,64,12392,38975
2023-04-12 14:46:24,60,64,12392,38975
2023-04-12 14:46:26,60,63,12392,38975
2023-04-12 14:46:30,60,62,12392,38975
2023-04-12 14:46:32,60,63,12392,38975
2023-04-12 14:46:53,60,61,12392,38975
2023-04-12 14:46:53,60,61,12381,38986
2023-04-12 14:46:53,59,61,12381,38986
2023-04-12 14:46:57,59,60,12381,38986
2023-04-12 14:47:00,57,60,12381,39002
2023-04-12 14:47:01,57,59,12381,39002
2023-04-12 14:47:03,56,60,12381,39002
2023-04-12 14:47:03,56,59,12381,39002
2023-04-12 14:47:04,56,60,12381,39002
2023-04-12 14:47:05,56,59,12381,39002
2023-04-12 14:47:07,55,59,12381,39074
2023-04-12 14:47:07,55,60,12381,39074
2023-04-12 14:47:07,55,58,12381,39074
2023-04-12 14:47:09,55,57,12381,39074
2023-04-12 14:47:19,55,58,12381,39074
2023-04-12 14:47:19,55,57,12381,39074
2023-04-12 14:47:23,55,57,12434,39365
2023-04-12 14:47:24,55,57,12459,39390
2023-04-12 14:47:34,55,56,12459,39390
2023-04-12 14:47:37,53,56,12472,39403
2023-04-12 14:47:43,53,55,12472,39403
2023-04-12 14:47:53,53,56,12472,39403
2023-04-12 14:47:53,53,55,12472,39403
2023-04-12 14:48:06,53,54,12472,39403
2023-04-12 14:48:08,51,54,12474,39405
2023-04-12 14:48:09,51,53,12474,39405
2023-04-12 14:48:13,49,53,12474,39405
2023-04-12 14:48:16,49,51,12474,39405
2023-04-12 14:48:19,49,53,12474,39405
2023-04-12 14:48:32,49,54,12474,39405
2023-04-12 14:48:32,49,53,12474,39405
2023-04-12 14:48:38,49,52,12474,39405
2023-04-12 14:48:55,49,51,12474,39405
2023-04-12 14:49:23,49,50,12474,39405
2023-04-12 14:49:30,49,51,12474,39405
2023-04-12 14:49:33,48,51,12474,39405
2023-04-12 14:49:34,48,50,12474,39405
2023-04-12 14:49:39,47,50,12676,39607
2023-04-12 14:49:39,47,49,12676,39607
2023-04-12 14:49:41,47,48,12676,39607
2023-04-12 14:49:46,45,48,12676,39607
2023-04-12 14:50:05,48,49,12674,39609
2023-04-12 14:50:10,49,51,12674,39859
2023-04-12 14:50:10,49,50,12674,39859
2023-04-12 14:50:16,47,50,12674,39859
2023-04-12 14:50:24,47,49,12674,39859
2023-04-12 14:50:33,48,49,12674,39859
2023-04-12 14:50:36,47,49,12674,39859
2023-04-12 14:50:59,48,49,12674,39859
2023-04-12 14:51:01,48,51,12670,39863
2023-04-12 14:51:01,48,50,12670,39863
2023-04-12 14:51:03,50,51,12681,39898
2023-04-12 14:51:03,50,51,12770,39987
2023-04-12 14:51:03,50,53,12770,39987
2023-04-12 14:51:03,50,52,12770,39987
2023-04-12 14:51:09,48,52,12770,39987
2023-04-12 14:51:39,48,51,12770,39987
2023-04-12 14:51:52,48,50,12770,39987
2023-04-12 14:51:57,48,49,12770,39987
2023-04-12 14:52:14,47,48,12770,39989
2023-04-12 14:52:18,46,48,12770,39989
2023-04-12 14:52:19,46,49,12770,39989
2023-04-12 14:52:19,46,48,12770,39989
2023-04-12 14:52:41,46,47,12770,39989
2023-04-12 14:52:42,46,48,12770,39989
2023-04-12 14:52:46,45,48,12770,39989
2023-04-12 14:52:48,47,48,12770,39989
2023-04-12 14:52:49,47,51,12768,39991
2023-04-12 14:52:49,47,50,12768,39991
2023-04-12 14:52:51,47,51,12768,39991
2023-04-12 14:52:51,47,50,12768,39991
2023-04-12 14:52:52,48,50,12768,39991
2023-04-12 14:52:56,48,51,12768,40026
2023-04-12 14:52:56,48,50,12768,40026
2023-04-12 14:52:58,48,51,12768,40026
2023-04-12 14:52:59,49,51,12768,40026
2023-04-12 14:52:59,49,53,12768,40026
2023-04-12 14:53:10,49,52,12768,40026
2023-04-12 14:53:12,49,53,12766,40028
2023-04-12 14:53:16,50,53,12766,40028
2023-04-12 14:53:22,50,52,12766,40028
2023-04-12 14:53:25,50,53,12766,40028
2023-04-12 14:53:34,52,53,12766,40028
2023-04-12 14:53:36,49,52,12766,40038
2023-04-12 14:53:41,49,53,12766,40038
2023-04-12 14:53:41,49,52,12766,40038
2023-04-12 14:53:42,49,53,12766,40038
2023-04-12 14:53:44,51,53,12766,40038
2023-04-12 14:53:54,51,54,12717,40087
2023-04-12 14:53:54,51,53,12717,40087
2023-04-12 14:54:08,52,53,12717,40087
2023-04-12 14:54:11,51,53,12717,40087
2023-04-12 14:54:14,51,54,12717,40087
2023-04-12 14:54:14,51,53,12717,40087
2023-04-12 14:54:18,51,54,12717,40099
2023-04-12 14:54:18,51,53,12717,40099
2023-04-12 14:54:21,52,53,12717,40099
2023-04-12 14:54:24,53,56,12723,40105
2023-04-12 14:54:24,53,55,12723,40105
2023-04-12 14:54:27,52,55,12723,40105
2023-04-12 14:54:29,53,55,12723,40105
2023-04-12 14:54:30,52,55,12723,40105
2023-04-12 14:54:30,53,55,12723,40105
2023-04-12 14:54:31,53,54,12723,40105
2023-04-12 14:54:32,53,56,12721,40107
2023-04-12 14:54:32,53,55,12721,40107
2023-04-12 14:54:33,54,55,12721,40107
2023-04-12 14:54:33,54,56,12721,40107
2023-04-12 14:54:59,55,56,12721,40107
2023-04-12 14:55:12,54,56,12721,40107
2023-04-12 14:55:25,55,56,12721,40107
2023-04-12 14:55:26,54,56,12721,40107
2023-04-12 14:55:36,54,56,12334,40494
2023-04-12 14:55:37,54,58,12334,40494
2023-04-12 14:55:37,54,57,12334,40494
2023-04-12 14:55:42,54,56,12334,40494
2023-04-12 14:55:45,56,58,12334,40501
2023-04-12 14:55:45,56,57,12334,40501
2023-04-12 14:55:51,54,57,12334,40501
2023-04-12 14:55:52,54,56,12334,40501
2023-04-12 14:55:56,54,57,12334,40501
2023-04-12 14:55:56,54,56,12334,40501
2023-04-12 14:55:58,54,57,12334,40501
2023-04-12 14:55:58,54,56,12334,40501
2023-04-12 14:56:01,55,56,12334,40501
2023-04-12 14:56:02,55,57,12334,40501
2023-04-12 14:56:02,56,57,12334,40501
2023-04-12 14:56:03,55,57,12334,40501
2023-04-12 14:56:04,55,59,12334,40501
2023-04-12 14:56:04,55,60,12334,40501
2023-04-12 14:56:04,55,58,12334,40501
2023-04-12 14:56:04,55,60,12334,40501
2023-04-12 14:56:04,55,60,12334,40501
2023-04-12 14:56:04,55,58,12334,40501
2023-04-12 14:56:05,55,60,12334,40501
2023-04-12 14:56:05,55,59,12334,40501
2023-04-12 14:56:06,55,57,12334,40501
2023-04-12 14:56:06,57,60,12334,40503
2023-04-12 14:56:07,57,59,12334,40503
2023-04-12 14:56:13,56,59,12334,40503
2023-04-12 14:56:18,56,60,12334,40503
2023-04-12 14:56:19,57,60,12334,40503
2023-04-12 14:56:23,56,60,12334,40503
2023-04-12 14:56:27,56,59,12334,40503
2023-04-12 14:56:30,56,60,12334,40503
2023-04-12 14:56:34,56,61,12334,40503
2023-04-12 14:56:34,57,60,12334,40503
2023-04-12 14:56:35,57,62,12334,40503
2023-04-12 14:56:35,57,61,12334,40503
2023-04-12 14:56:38,58,61,12334,40503
2023-04-12 14:56:43,60,61,12334,40503
2023-04-12 14:56:43,60,62,12334,40503
2023-04-12 14:56:47,61,62,12334,40503
2023-04-12 14:56:48,61,62,12329,40511
2023-04-12 14:56:49,61,64,12329,40511
2023-04-12 14:56:49,61,63,12329,40511
2023-04-12 14:56:53,60,63,12329,40511
2023-04-12 14:57:00,63,65,12364,40546
2023-04-12 14:57:00,63,64,12364,40546
2023-04-12 14:57:03,63,65,12364,40546
2023-04-12 14:57:05,60,65,12364,40546
2023-04-12 14:57:12,61,65,12364,40546
2023-04-12 14:57:20,61,64,12364,40546
2023-04-12 14:57:41,61,63,12364,40546
2023-04-12 14:57:44,60,63,12364,40546
2023-04-12 14:57:46,60,62,12364,40546
2023-04-12 14:58:09,60,61,12364,40546
2023-04-12 14:58:12,60,63,12364,40546
2023-04-12 14:58:12,60,62,12364,40546
2023-04-12 14:58:14,60,63,12364,40546
2023-04-12 14:58:26,60,64,12364,40546
2023-04-12 14:58:35,60,63,12364,40546
2023-04-12 14:58:37,60,62,12364,40546
2023-04-12 14:58:47,58,62,12364,40548
2023-04-12 14:58:49,58,61,12364,40548
2023-04-12 14:58:50,56,61,12364,40548
2023-04-12 14:58:51,58,61,12364,40548
2023-04-12 14:59:05,58,59,12364,40548
2023-04-12 14:59:24,56,59,12368,40553
2023-04-12 14:59:24,56,59,12373,40558
2023-04-12 14:59:24,56,58,12373,40558
2023-04-12 14:59:30,55,58,12373,40558
2023-04-12 14:59:38,55,60,12373,40558
2023-04-12 14:59:39,56,60,12373,40558
2023-04-12 14:59:58,56,59,12373,40558
2023-04-12 15:00:04,56,58,12373,40558
2023-04-12 15:00:11,56,59,12373,40558
2023-04-12 15:00:11,56,58,12373,40558
2023-04-12 15:00:15,56,60,12395,40593
2023-04-12 15:00:16,57,60,12395,40593
2023-04-12 15:00:17,58,60,12395,40593
2023-04-12 15:00:28,58,61,12395,40593
2023-04-12 15:00:51,57,61,12395,40593
2023-04-12 15:01:00,58,61,12395,40593
2023-04-12 15:01:08,58,62,12395,40595
2023-04-12 15:01:08,58,63,12395,40595
2023-04-12 15:01:08,60,63,12395,40595
2023-04-12 15:01:08,60,62,12395,40595
2023-04-12 15:01:10,60,64,12395,40595
2023-04-12 15:01:10,60,63,12395,40595
2023-04-12 15:01:10,58,63,12395,40595
2023-04-12 15:01:10,62,64,12395,40595
2023-04-12 15:01:15,62,66,12395,40595
2023-04-12 15:01:21,62,65,12395,40595
2023-04-12 15:01:34,62,64,12395,40595
2023-04-12 15:01:41,62,65,12395,40659
2023-04-12 15:01:41,64,65,12395,40659
2023-04-12 15:01:47,65,67,12400,40666
2023-04-12 15:01:50,64,67,12400,40666
2023-04-12 15:02:06,66,67,12400,40666
2023-04-12 15:02:11,64,67,12400,40666
2023-04-12 15:02:18,64,69,12400,40666
2023-04-12 15:02:18,64,67,12400,40666
2023-04-12 15:02:33,64,66,12400,40666
2023-04-12 15:02:48,64,67,12400,40666
2023-04-12 15:02:48,64,66,12400,40666
2023-04-12 15:02:51,62,66,12400,40666
2023-04-12 15:03:02,62,66,12524,40880
2023-04-12 15:03:02,61,66,12635,40991
2023-04-12 15:03:03,61,62,12635,40991
2023-04-12 15:03:03,58,62,12635,40991
2023-04-12 15:03:03,56,62,12635,40991
2023-04-12 15:03:04,57,60,12635,40991
2023-04-12 15:03:05,56,60,12635,41016
2023-04-12 15:03:05,57,60,12635,41016
2023-04-12 15:03:12,57,61,12635,41016
2023-04-12 15:03:12,57,58,12635,41016
2023-04-12 15:03:14,56,57,12635,41142
2023-04-12 15:03:15,53,55,12635,41418
2023-04-12 15:03:16,52,55,12635,41418
2023-04-12 15:03:21,52,53,12635,41418
2023-04-12 15:03:22,52,53,12635,41419
2023-04-12 15:03:22,52,53,12635,41420
2023-04-12 15:03:22,52,53,12852,41637
2023-04-12 15:03:22,51,53,12860,41645
2023-04-12 15:03:22,51,53,12860,41646
2023-04-12 15:03:22,51,53,12860,41647
2023-04-12 15:03:23,51,53,12860,41648
2023-04-12 15:03:23,51,53,12860,41649
2023-04-12 15:03:23,49,50,12660,41849
2023-04-12 15:03:23,49,50,12660,41850
2023-04-12 15:03:24,49,50,12660,41851
2023-04-12 15:03:24,49,50,12660,41852
2023-04-12 15:03:24,49,50,12660,41853
2023-04-12 15:03:24,49,50,12660,41854
2023-04-12 15:03:25,49,50,12660,41855
2023-04-12 15:03:25,49,50,12660,41856
2023-04-12 15:03:25,48,50,12660,41856
2023-04-12 15:03:25,48,50,12660,41857
2023-04-12 15:03:25,48,51,12660,41857
2023-04-12 15:03:25,48,50,12660,41858
2023-04-12 15:03:26,48,50,12660,41859
2023-04-12 15:03:26,48,51,12660,41859
2023-04-12 15:03:26,48,50,12660,41859
2023-04-12 15:03:27,48,49,12660,41859
2023-04-12 15:03:27,48,49,12660,41860
2023-04-12 15:03:28,48,49,12660,41861
2023-04-12 15:03:28,48,49,12660,41862
2023-04-12 15:03:28,48,49,12660,41863
2023-04-12 15:03:29,48,49,12660,41864
2023-04-12 15:03:29,48,49,12660,41865
2023-04-12 15:03:29,48,49,12660,41866
2023-04-12 15:03:29,48,49,12660,41867
2023-04-12 15:03:30,48,49,12660,41868
2023-04-12 15:03:30,49,50,12660,41909
2023-04-12 15:03:33,49,51,12660,41909
2023-04-12 15:03:34,50,51,12660,41909
2023-04-12 15:03:36,50,52,12648,41921
2023-04-12 15:03:41,51,52,12648,41921
2023-04-12 15:03:44,50,51,12645,41928
2023-04-12 15:03:52,50,52,12645,41928
2023-04-12 15:03:57,50,51,12645,41928
2023-04-12 15:03:58,47,49,12645,41960
2023-04-12 15:03:58,46,49,12645,41960
2023-04-12 15:04:00,44,49,12645,41960
2023-04-12 15:04:00,44,48,12645,41960
2023-04-12 15:04:09,46,48,12645,41960
2023-04-12 15:04:14,46,49,12645,41960
2023-04-12 15:04:27,44,49,12645,41960
2023-04-12 15:04:31,44,48,12645,41960
2023-04-12 15:05:04,44,49,12643,41962
2023-04-12 15:05:04,47,49,12643,41962
2023-04-12 15:05:05,47,48,12643,41962
2023-04-12 15:05:08,48,51,12643,42044
2023-04-12 15:05:08,48,50,12643,42044
2023-04-12 15:05:13,47,50,12643,42044
2023-04-12 15:05:16,46,50,12643,42044
2023-04-12 15:05:30,46,49,12643,42044
2023-04-12 15:05:31,45,49,12643,42044
2023-04-12 15:05:32,46,49,12643,42044
2023-04-12 15:05:33,46,50,12643,42044
2023-04-12 15:05:33,46,49,12643,42044
2023-04-12 15:05:36,49,50,12643,42046
2023-04-12 15:05:36,49,51,12643,42046
2023-04-12 15:05:36,49,50,12643,42046
2023-04-12 15:05:37,49,51,12643,42046
2023-04-12 15:05:41,46,51,12643,42046
2023-04-12 15:05:54,46,52,12643,42046
2023-04-12 15:06:03,49,52,12643,42046
2023-04-12 15:06:11,48,52,12643,42046
2023-04-12 15:06:12,48,51,12643,42046
2023-04-12 15:06:33,48,50,12643,42046
2023-04-12 15:06:55,46,50,12643,42046
2023-04-12 15:06:56,46,49,12643,42046
2023-04-12 15:07:03,46,50,12643,42049
2023-04-12 15:07:03,47,50,12643,42049
2023-04-12 15:07:07,47,51,12643,42049
2023-04-12 15:07:33,47,50,12643,42049
2023-04-12 15:07:37,47,49,12643,42049
2023-04-12 15:08:18,47,51,12643,42052
2023-04-12 15:08:24,48,51,12643,42052
2023-04-12 15:08:26,48,52,12643,42055
2023-04-12 15:08:27,48,53,12643,42055
2023-04-12 15:08:27,49,53,12643,42055
2023-04-12 15:08:27,49,52,12643,42055
2023-04-12 15:08:32,49,53,12673,42085
2023-04-12 15:08:32,49,52,12673,42085
2023-04-12 15:08:32,49,53,12673,42085
2023-04-12 15:08:44,49,52,12673,42085
2023-04-12 15:08:49,49,53,12673,42085
2023-04-12 15:08:52,49,52,12673,42085
2023-04-12 15:09:12,51,52,12673,42085
2023-04-12 15:09:14,51,53,12673,42087
2023-04-12 15:09:16,53,55,12673,42098
2023-04-12 15:09:25,51,55,12673,42098
2023-04-12 15:09:34,51,54,12673,42098
2023-04-12 15:09:36,51,55,12673,42148
2023-04-12 15:09:37,51,54,12673,42148
2023-04-12 15:09:46,51,53,12673,42148
2023-04-12 15:09:48,51,52,12673,42148
2023-04-12 15:09:49,51,53,12673,42148
2023-04-12 15:09:50,51,52,12673,42148
2023-04-12 15:09:57,51,53,12673,42148
2023-04-12 15:10:01,51,52,12673,42148
2023-04-12 15:10:04,51,53,12673,42148
2023-04-12 15:10:06,51,52,12673,42148
2023-04-12 15:10:06,49,52,12673,42148
2023-04-12 15:10:07,48,52,12673,42148
2023-04-12 15:10:08,47,52,12673,42148
2023-04-12 15:10:08,47,51,12673,42148
2023-04-12 15:10:10,47,52,12673,42148
2023-04-12 15:10:16,47,51,12673,42148
2023-04-12 15:10:19,47,49,12673,42148
2023-04-12 15:10:28,44,47,12660,42163
2023-04-12 15:10:30,43,45,12660,42163
2023-04-12 15:10:32,43,44,12660,42163
2023-04-12 15:10:34,40,44,12810,42313
2023-04-12 15:10:45,39,44,12810,42313
2023-04-12 15:10:45,39,43,12810,42313
2023-04-12 15:10:46,39,42,12810,42313
2023-04-12 15:10:48,38,42,13035,42538
2023-04-12 15:10:48,38,41,13035,42538
2023-04-12 15:10:54,38,40,13035,42538
2023-04-12 15:10:58,38,41,13035,42538
2023-04-12 15:11:00,38,40,13035,42538
2023-04-12 15:11:11,38,41,13035,42538
2023-04-12 15:11:11,38,40,13035,42538
2023-04-12 15:11:14,37,40,13035,42538
2023-04-12 15:11:15,37,39,13035,42538
2023-04-12 15:11:23,36,39,13035,42590
2023-04-12 15:11:23,35,39,13035,42590
2023-04-12 15:11:24,35,39,13298,42853
2023-04-12 15:11:24,35,36,13298,42853
2023-04-12 15:11:27,35,36,13332,42887
2023-04-12 15:11:30,35,38,13332,42887
2023-04-12 15:11:30,35,37,13332,42887
2023-04-12 15:11:43,35,38,13332,42887
2023-04-12 15:11:50,37,38,13332,42887
2023-04-12 15:11:52,37,38,13128,43091
2023-04-12 15:12:14,36,39,13125,43094
2023-04-12 15:12:26,35,39,13125,43094
2023-04-12 15:12:34,34,39,13125,43094
2023-04-12 15:12:34,34,41,13125,43094
2023-04-12 15:12:34,34,40,13125,43094
2023-04-12 15:12:48,34,39,13125,43094
2023-04-12 15:12:49,34,38,13125,43094
2023-04-12 15:12:54,34,35,13125,43094
2023-04-12 15:12:58,32,35,13125,43094
2023-04-12 15:13:20,33,35,13125,43094
2023-04-12 15:13:31,33,38,13123,43096
2023-04-12 15:13:33,33,37,13123,43096
2023-04-12 15:13:43,34,37,13123,43096
2023-04-12 15:13:50,34,36,13123,43096
2023-04-12 15:13:54,34,37,13123,43096
2023-04-12 15:13:57,35,37,13123,43096
2023-04-12 15:14:41,32,37,13123,43096
2023-04-12 15:14:46,33,37,13123,43096
2023-04-12 15:15:01,32,37,13123,43096
2023-04-12 15:15:04,32,36,13123,43096
2023-04-12 15:15:05,32,35,13123,43096
2023-04-12 15:15:06,32,34,13123,43096
2023-04-12 15:15:07,32,33,13123,43096
2023-04-12 15:15:07,32,33,13123,43126
2023-04-12 15:15:08,30,33,13146,43149
2023-04-12 15:15:09,30,32,13146,43149
2023-04-12 15:15:10,30,31,13146,43149
2023-04-12 15:15:11,30,33,13146,43149
2023-04-12 15:15:11,30,32,13146,43149
2023-04-12 15:15:12,27,32,13146,43149
2023-04-12 15:15:13,28,32,13146,43149
2023-04-12 15:15:20,27,32,13146,43149
2023-04-12 15:15:21,27,31,13146,43149
2023-04-12 15:15:22,27,30,13146,43149
2023-04-12 15:15:23,27,31,13146,43149
2023-04-12 15:15:28,27,30,13146,43149
2023-04-12 15:15:33,27,28,13146,43149
2023-04-12 15:15:39,27,28,13146,43169
2023-04-12 15:15:51,26,28,13149,43172
2023-04-12 15:15:52,21,28,13158,43181
2023-04-12 15:15:53,22,28,13158,43181
2023-04-12 15:15:58,23,28,13158,43181
2023-04-12 15:15:59,23,27,13158,43181
2023-04-12 15:16:00,24,27,13158,43181
2023-04-12 15:16:00,25,27,13158,43181
2023-04-12 15:16:05,25,28,13158,43181
2023-04-12 15:16:15,21,28,13158,43181
2023-04-12 15:16:15,22,28,13158,43181
2023-04-12 15:16:16,25,28,13158,43181
2023-04-12 15:16:18,25,27,13158,43181
2023-04-12 15:16:51,25,28,13158,43181
2023-04-12 15:16:51,25,29,13158,43181
2023-04-12 15:16:51,25,28,13158,43181
2023-04-12 15:16:53,25,29,13158,43181
2023-04-12 15:16:58,25,29,13161,43184
2023-04-12 15:17:13,25,27,13161,43184
2023-04-12 15:17:14,25,26,13161,43184
2023-04-12 15:17:20,22,26,13163,43186
2023-04-12 15:17:26,22,25,13163,43186
2023-04-12 15:17:30,22,24,13163,43186
2023-04-12 15:17:30,21,24,12912,43439
2023-04-12 15:17:31,19,24,12912,43439
2023-04-12 15:17:31,23,24,12912,43439
2023-04-12 15:17:32,23,24,13090,43617
2023-04-12 15:17:34,19,24,13112,43639
2023-04-12 15:17:35,20,24,13112,43639
2023-04-12 15:17:48,20,24,13112,43664
2023-04-12 15:17:55,20,26,13112,43664
2023-04-12 15:17:56,20,27,13112,43664
2023-04-12 15:17:56,21,27,13112,43664
2023-04-12 15:17:56,21,26,13112,43664
2023-04-12 15:18:09,23,26,13112,43664
2023-04-12 15:18:14,25,26,13112,43664
2023-04-12 15:18:14,25,29,13106,43670
2023-04-12 15:18:14,25,30,13106,43670
2023-04-12 15:18:14,25,29,13106,43670
2023-04-12 15:18:16,25,32,13106,43670
2023-04-12 15:18:17,25,31,13106,43670
2023-04-12 15:18:30,25,31,13326,44140
2023-04-12 15:18:30,25,30,13326,44140
2023-04-12 15:18:37,25,28,13326,44140
2023-04-12 15:18:37,24,28,13326,44140
2023-04-12 15:18:40,23,28,13326,44140
2023-04-12 15:18:40,24,28,13326,44140
2023-04-12 15:18:48,25,28,13326,44140
2023-04-12 15:19:04,24,28,13326,44140
2023-04-12 15:19:04,26,28,13326,44140
2023-04-12 15:19:12,24,28,13326,44140
2023-04-12 15:19:13,23,24,13326,44142
2023-04-12 15:19:17,23,28,13326,44142
2023-04-12 15:19:18,23,27,13326,44142
2023-04-12 15:19:21,23,27,13326,44190
2023-04-12 15:19:22,23,26,13326,44190
2023-04-12 15:19:23,21,26,13326,44190
2023-04-12 15:19:34,22,26,13326,44190
2023-04-12 15:19:44,21,26,13326,44190
2023-04-12 15:19:55,21,24,13326,44190
2023-04-12 15:19:58,21,26,13326,44190
2023-04-12 15:20:03,23,26,13326,44190
2023-04-12 15:20:06,21,26,13326,44190
2023-04-12 15:20:07,23,26,13326,44190
2023-04-12 15:20:13,23,24,13326,44190
2023-04-12 15:20:24,21,24,13325,44193
2023-04-12 15:20:25,21,23,13325,44193
2023-04-12 15:20:25,21,22,13325,44193
2023-04-12 15:20:33,21,24,13325,44193
2023-04-12 15:20:36,21,22,13325,44193
2023-04-12 15:20:37,21,24,13325,44193
2023-04-12 15:20:39,21,22,13325,44193
2023-04-12 15:20:51,21,22,13325,44339
2023-04-12 15:21:05,21,24,13323,44341
2023-04-12 15:21:08,22,24,13323,44341
2023-04-12 15:21:23,21,24,13323,44341
2023-04-12 15:21:23,21,26,13323,44341
2023-04-12 15:21:24,23,26,13323,44341
2023-04-12 15:21:40,24,26,13323,44341
2023-04-12 15:21:46,23,26,13323,44341
2023-04-12 15:21:50,24,26,13323,44341
2023-04-12 15:21:50,24,28,13317,44347
2023-04-12 15:21:58,25,28,13317,44347
2023-04-12 15:22:06,25,29,13317,44352
2023-04-12 15:22:12,25,29,13317,44353
2023-04-12 15:22:12,25,29,13317,44354
2023-04-12 15:22:13,25,29,13317,44355
2023-04-12 15:22:13,25,29,13317,44356
2023-04-12 15:22:13,25,29,13317,44357
2023-04-12 15:22:14,25,29,13317,44358
2023-04-12 15:22:14,24,29,13055,44620
2023-04-12 15:22:14,23,32,13055,44620
2023-04-12 15:22:14,29,34,13055,44620
2023-04-12 15:22:14,29,33,13055,44620
2023-04-12 15:22:23,23,33,13057,44622
2023-04-12 15:22:28,27,33,13057,44622
2023-04-12 15:22:31,28,33,13057,44622
2023-04-12 15:22:31,28,32,13057,44622
2023-04-12 15:22:31,27,28,13059,44625
2023-04-12 15:22:35,27,32,13059,44625
2023-04-12 15:22:37,27,31,13059,44625
2023-04-12 15:22:55,24,31,13059,44625
2023-04-12 15:22:56,24,30,13059,44625
2023-04-12 15:22:56,24,29,13059,44625
2023-04-12 15:22:58,24,28,13059,44625
2023-04-12 15:23:00,24,30,13059,44625
2023-04-12 15:23:01,24,29,13059,44625
2023-04-12 15:23:03,24,30,13059,44625
2023-04-12 15:23:14,26,30,13059,44625
2023-04-12 15:23:25,26,27,13059,44625
2023-04-12 15:23:28,24,27,13101,44667
2023-04-12 15:23:30,25,27,13101,44667
2023-04-12 15:23:45,24,27,13101,44667
2023-04-12 15:24:01,25,27,13101,44667
2023-04-12 15:24:10,24,27,13117,44683
2023-04-12 15:24:18,24,25,13117,44683
2023-04-12 15:24:21,23,25,13119,44685
2023-04-12 15:24:31,21,25,13119,44685
2023-04-12 15:24:31,22,25,13119,44685
2023-04-12 15:24:39,21,25,13152,44718
2023-04-12 15:24:44,21,22,13152,44718
2023-04-12 15:24:45,20,22,13152,44771
2023-04-12 15:25:07,20,25,13152,44771
2023-04-12 15:25:07,20,24,13152,44771
2023-04-12 15:25:17,20,23,13152,44771
2023-04-12 15:25:17,20,22,13152,44771
2023-04-12 15:25:19,20,24,13152,44771
2023-04-12 15:25:19,20,23,13152,44771
2023-04-12 15:25:25,20,23,13157,44776
2023-04-12 15:25:37,21,23,13157,44776
2023-04-12 15:26:26,21,23,13159,44778
2023-04-12 15:26:26,21,22,13159,44778
2023-04-12 15:26:27,21,22,13129,44808
2023-04-12 15:26:28,17,20,13378,45277
2023-04-12 15:26:28,17,20,13378,45309
2023-04-12 15:26:28,17,19,13378,45309
2023-04-12 15:26:31,16,19,13378,45309
2023-04-12 15:26:42,16,17,13378,45309
2023-04-12 15:26:50,15,17,13378,45309
2023-04-12 15:27:04,16,17,13378,45309
2023-04-12 15:27:15,15,17,13378,45309
2023-04-12 15:27:18,14,17,13378,45309
2023-04-12 15:27:31,14,16,13378,45309
2023-04-12 15:27:31,14,15,13378,45309
2023-04-12 15:27:33,12,15,13380,45311
2023-04-12 15:27:43,13,15,13380,45311
2023-04-12 15:27:46,14,15,13380,45311
2023-04-12 15:27:57,15,17,13380,45313
2023-04-12 15:28:03,14,17,13380,45313
2023-04-12 15:28:05,14,16,13380,45313
2023-04-12 15:28:06,15,16,13380,45313
2023-04-12 15:28:07,15,17,13380,45313
2023-04-12 15:28:07,14,17,13380,45313
2023-04-12 15:28:19,14,16,13380,45313
2023-04-12 15:28:31,14,15,13380,45313
2023-04-12 15:28:37,14,15,13380,45521
2023-04-12 15:28:51,13,15,13384,45584
2023-04-12 15:29:10,13,14,13384,45584
2023-04-12 15:29:13,13,15,13384,45584
2023-04-12 15:29:13,13,14,13384,45584
2023-04-12 15:29:30,13,15,13354,45614
2023-04-12 15:29:30,14,15,13354,45614
2023-04-12 15:29:40,15,17,13320,45648
2023-04-12 15:29:41,14,17,13320,45648
2023-04-12 15:29:41,14,16,13320,45648
2023-04-12 15:29:42,15,16,13320,45648
2023-04-12 15:29:43,14,16,13322,45650
2023-04-12 15:29:46,14,15,13322,45650
2023-04-12 15:29:51,13,14,13322,45650
2023-04-12 15:30:15,11,14,13322,45650
2023-04-12 15:30:18,12,14,13322,45650
2023-04-12 15:30:20,14,17,13260,45712
2023-04-12 15:30:20,14,16,13260,45712
2023-04-12 15:30:22,16,17,13230,45742
2023-04-12 15:30:28,14,17,13230,45742
2023-04-12 15:30:28,17,18,13200,45772
2023-04-12 15:30:44,18,20,13200,45870
2023-04-12 15:30:44,18,19,13200,45870
2023-04-12 15:30:44,18,20,13200,45870
2023-04-12 15:30:45,19,20,13200,45870
2023-04-12 15:30:45,19,22,13200,45870
2023-04-12 15:30:46,19,21,13200,45870
2023-04-12 15:30:47,19,20,13200,45870
2023-04-12 15:30:49,19,22,13200,45870
2023-04-12 15:30:49,19,21,13200,45870
2023-04-12 15:30:50,19,20,13200,45870
2023-04-12 15:30:53,19,22,13166,45904
2023-04-12 15:30:54,19,21,13166,45904
2023-04-12 15:30:55,19,23,13166,45904
2023-04-12 15:30:56,19,22,13166,45904
2023-04-12 15:31:02,21,22,13166,45904
2023-04-12 15:31:02,21,25,13166,45904
2023-04-12 15:31:02,21,24,13166,45904
2023-04-12 15:31:12,21,25,13153,45934
2023-04-12 15:31:12,21,26,13153,45934
2023-04-12 15:31:12,21,27,13128,45980
2023-04-12 15:31:12,21,25,13128,45980
2023-04-12 15:31:12,21,28,13128,45980
2023-04-12 15:31:12,21,27,13128,45980
2023-04-12 15:31:12,21,28,13128,45980
2023-04-12 15:31:13,21,27,13128,45980
2023-04-12 15:31:15,21,27,13129,45981
2023-04-12 15:31:15,22,27,13129,45981
2023-04-12 15:31:16,22,27,13130,45982
2023-04-12 15:31:16,22,27,13131,45983
2023-04-12 15:31:16,22,27,13132,45984
2023-04-12 15:31:17,22,27,13133,45985
2023-04-12 15:31:17,22,27,13134,45986
2023-04-12 15:31:17,22,27,13135,45987
2023-04-12 15:31:18,22,27,13136,45988
2023-04-12 15:31:18,22,27,13137,45989
2023-04-12 15:31:18,22,27,13138,45990
2023-04-12 15:31:18,22,27,13139,45991
2023-04-12 15:31:24,22,26,13139,45991
2023-04-12 15:31:25,22,25,13139,45991
2023-04-12 15:31:31,19,24,13139,45991
2023-04-12 15:31:32,19,23,13139,45991
2023-04-12 15:31:34,19,24,13139,45991
2023-04-12 15:31:35,19,23,13139,45991
2023-04-12 15:31:51,20,23,13139,45991
2023-04-12 15:31:53,20,22,13139,45991
2023-04-12 15:31:54,20,21,13139,45991
2023-04-12 15:31:55,20,24,13139,45991
2023-04-12 15:31:55,20,23,13139,45991
2023-04-12 15:31:55,20,21,13139,45991
2023-04-12 15:32:10,19,20,13141,45993
2023-04-12 15:32:16,10,19,13143,45995
2023-04-12 15:32:17,11,19,13143,45995
2023-04-12 15:32:17,11,18,13143,45995
2023-04-12 15:32:17,16,18,13143,45995
2023-04-12 15:32:22,10,18,13143,45995
2023-04-12 15:32:24,11,18,13143,45995
2023-04-12 15:32:25,11,17,13143,45995
2023-04-12 15:32:26,11,18,13141,45997
2023-04-12 15:32:28,11,19,13141,45997
2023-04-12 15:32:37,11,20,13141,46025
2023-04-12 15:32:44,17,20,13141,46025
2023-04-12 15:33:08,17,24,13137,46087
2023-04-12 15:33:10,17,23,13137,46087
2023-04-12 15:33:11,19,23,13137,46087
2023-04-12 15:33:12,19,26,13137,46087
2023-04-12 15:33:12,19,25,13137,46087
2023-04-12 15:33:25,17,25,13137,46087
2023-04-12 15:33:30,17,24,13137,46087
2023-04-12 15:33:30,17,23,13137,46087
2023-04-12 15:33:35,20,23,13137,46087
2023-04-12 15:33:37,17,23,13137,46087
2023-04-12 15:33:37,18,23,13137,46087
2023-04-12 15:33:39,18,22,13137,46087
2023-04-12 15:33:40,18,21,13137,46087
2023-04-12 15:33:41,17,21,13137,46087
2023-04-12 15:33:42,17,24,13137,46087
2023-04-12 15:33:42,17,23,13137,46087
2023-04-12 15:33:56,17,22,13137,46087
2023-04-12 15:33:57,17,21,13137,46087
2023-04-12 15:33:58,17,22,13137,46095
2023-04-12 15:34:03,17,24,13135,46097
2023-04-12 15:34:03,21,24,13135,46097
2023-04-12 15:34:09,21,28,13131,46105
2023-04-12 15:34:10,21,27,13131,46105
2023-04-12 15:34:26,21,27,13131,46135
2023-04-12 15:34:29,21,27,13131,46165
2023-04-12 15:34:29,17,27,13131,46165
2023-04-12 15:34:29,17,22,13131,46165
2023-04-12 15:34:30,17,21,13131,46165
2023-04-12 15:34:33,17,21,13137,46171
2023-04-12 15:34:42,17,20,13137,46171
2023-04-12 15:35:06,16,20,13137,46171
2023-04-12 15:35:15,16,20,13138,46172
2023-04-12 15:35:17,16,22,13138,46173
2023-04-12 15:35:18,16,21,13138,46173
2023-04-12 15:35:24,19,21,13138,46173
2023-04-12 15:35:29,19,22,13138,46205
2023-04-12 15:35:34,19,28,13138,46205
2023-04-12 15:35:35,19,27,13138,46205
2023-04-12 15:35:50,24,27,13138,46205
2023-04-12 15:36:18,23,27,13138,46205
2023-04-12 15:36:23,26,27,13138,46205
2023-04-12 15:36:23,24,26,13153,46220
2023-04-12 15:36:25,24,25,13153,46220
2023-04-12 15:36:25,24,25,13183,46250
2023-04-12 15:36:26,23,24,13205,46272
2023-04-12 15:36:51,21,24,13256,46329
2023-04-12 15:36:56,16,24,13256,46329
2023-04-12 15:36:56,17,24,13256,46329
2023-04-12 15:36:56,20,24,13256,46329
2023-04-12 15:37:09,21,24,13256,46329
2023-04-12 15:37:21,21,26,13256,46339
2023-04-12 15:37:22,22,26,13256,46339
2023-04-12 15:37:24,24,26,13256,46339
2023-04-12 15:37:28,25,26,13256,46339
2023-04-12 15:37:52,23,26,13256,46341
2023-04-12 15:37:54,24,26,13256,46341
2023-04-12 15:38:00,23,26,13258,46345
2023-04-12 15:38:00,23,25,13258,46345
2023-04-12 15:38:11,20,25,13258,46345
2023-04-12 15:38:11,22,25,13258,46345
2023-04-12 15:38:13,22,26,13258,46345
2023-04-12 15:38:16,23,26,13258,46345
2023-04-12 15:38:29,23,25,13258,46345
2023-04-12 15:38:31,23,26,13258,46345
2023-04-12 15:38:43,24,26,13258,46345
2023-04-12 15:38:47,23,26,13281,46368
2023-04-12 15:38:48,24,26,13281,46368
2023-04-12 15:38:48,24,25,13281,46368
2023-04-12 15:39:03,24,26,13279,46373
2023-04-12 15:39:13,25,26,13279,46373
2023-04-12 15:39:28,24,26,13279,46373
2023-04-12 15:39:34,26,34,13296,46390
2023-04-12 15:39:34,26,33,13296,46390
2023-04-12 15:39:36,24,33,13301,46395
2023-04-12 15:39:50,26,33,13301,46395
2023-04-12 15:39:52,26,30,13301,46395
2023-04-12 15:40:04,26,34,13301,46395
2023-04-12 15:40:06,25,34,13301,46395
2023-04-12 15:40:07,26,34,13301,46395
2023-04-12 15:40:07,26,33,13301,46395
2023-04-12 15:40:12,27,33,13301,46395
2023-04-12 15:40:15,26,33,13301,46397
2023-04-12 15:40:20,26,28,13301,46397
2023-04-12 15:40:21,23,28,13301,46397
2023-04-12 15:40:36,20,28,13301,46397
2023-04-12 15:40:37,24,28,13301,46397
2023-04-12 15:40:38,16,28,13303,46407
2023-04-12 15:40:38,17,28,13303,46407
2023-04-12 15:40:39,20,28,13303,46407
2023-04-12 15:40:39,22,28,13303,46407
2023-04-12 15:40:39,22,27,13303,46407
2023-04-12 15:40:40,22,26,13303,46407
2023-04-12 15:40:43,22,28,13278,46432
2023-04-12 15:40:43,22,27,13278,46432
2023-04-12 15:40:43,22,28,13278,46432
2023-04-12 15:40:46,24,28,13278,46432
2023-04-12 15:40:47,26,28,13278,46432
2023-04-12 15:40:47,24,28,13278,46432
2023-04-12 15:41:01,17,28,13278,46432
2023-04-12 15:41:01,20,28,13278,46432
2023-04-12 15:41:02,21,28,13278,46432
2023-04-12 15:41:13,22,28,13278,46432
2023-04-12 15:41:13,22,26,13278,46432
2023-04-12 15:41:15,23,26,13278,46432
2023-04-12 15:41:16,23,26,13293,46447
2023-04-12 15:41:48,25,26,13293,46447
2023-04-12 15:41:57,25,30,13293,46447
2023-04-12 15:42:00,25,29,13293,46447
2023-04-12 15:42:02,25,30,13293,46447
2023-04-12 15:42:06,25,26,13293,46447
2023-04-12 15:42:09,23,26,13295,46449
2023-04-12 15:42:27,23,25,13295,46449
2023-04-12 15:42:33,23,30,13295,46449
2023-04-12 15:42:33,23,29,13295,46449
2023-04-12 15:42:33,23,27,13295,46449
2023-04-12 15:42:33,23,26,13295,46449
2023-04-12 15:42:35,23,30,13295,46449
2023-04-12 15:42:35,23,25,13295,46449
2023-04-12 15:42:38,25,30,13296,46454
2023-04-12 15:42:42,23,30,13310,46468
2023-04-12 15:42:47,23,29,13310,46468
2023-04-12 15:42:47,23,27,13310,46468
2023-04-12 15:42:53,21,27,13311,46470
2023-04-12 15:42:53,21,26,13311,46470
2023-04-12 15:42:57,22,26,13311,46470
2023-04-12 15:42:59,22,23,13311,46470
2023-04-12 15:43:01,18,23,13314,46473
2023-04-12 15:43:14,16,23,13314,46473
2023-04-12 15:43:15,17,23,13314,46473
2023-04-12 15:43:20,17,22,13314,46473
2023-04-12 15:43:26,17,19,13314,46473
2023-04-12 15:43:29,17,23,13314,46473
2023-04-12 15:43:29,17,22,13314,46473
2023-04-12 15:43:31,15,22,13314,46473
2023-04-12 15:43:31,16,22,13314,46473
2023-04-12 15:43:35,16,21,13314,46473
2023-04-12 15:43:41,16,20,13314,46473
2023-04-12 15:43:52,18,20,13314,46473
2023-04-12 15:43:59,16,20,13314,46473
2023-04-12 15:44:01,19,20,13314,46473
2023-04-12 15:44:10,19,20,13314,46479
2023-04-12 15:44:30,19,22,13314,46479
2023-04-12 15:44:31,19,23,13314,46479
2023-04-12 15:44:31,19,24,13314,46479
2023-04-12 15:44:32,19,22,13314,46479
2023-04-12 15:44:37,22,30,13315,46484
2023-04-12 15:44:37,22,28,13315,46484
2023-04-12 15:44:43,22,27,13315,46484
2023-04-12 15:44:43,22,25,13315,46484
2023-04-12 15:44:51,19,25,13315,46484
2023-04-12 15:44:51,20,25,13315,46484
2023-04-12 15:44:58,21,25,13315,46484
2023-04-12 15:45:09,21,24,13315,46484
2023-04-12 15:45:09,21,22,13315,46484
2023-04-12 15:45:14,21,25,13315,46484
2023-04-12 15:45:14,21,24,13315,46484
2023-04-12 15:45:14,21,25,13315,46484
2023-04-12 15:45:26,22,25,13315,46484
2023-04-12 15:45:26,24,25,13315,46484
2023-04-12 15:45:40,22,25,13315,46484
2023-04-12 15:45:40,24,25,13315,46484
2023-04-12 15:45:44,24,30,13315,46484
2023-04-12 15:45:44,25,30,13315,46484
2023-04-12 15:45:51,25,29,13315,46484
2023-04-12 15:45:52,25,30,13315,46484
2023-04-12 15:46:01,25,29,13315,46484
2023-04-12 15:46:04,25,30,13315,46484
2023-04-12 15:46:10,26,30,13315,46484
2023-04-12 15:46:11,27,30,13315,46484
2023-04-12 15:46:12,26,30,13315,46484
2023-04-12 15:46:20,26,34,13315,46486
2023-04-12 15:46:23,27,34,13315,46486
2023-04-12 15:46:24,27,36,13315,46486
2023-04-12 15:46:24,25,36,13315,46486
2023-04-12 15:46:24,26,36,13315,46486
2023-04-12 15:46:25,28,36,13315,46486
2023-04-12 15:46:25,30,36,13315,46486
2023-04-12 15:46:25,30,37,13315,46486
2023-04-12 15:46:26,30,40,13315,46486
2023-04-12 15:46:26,30,39,13315,46486
2023-04-12 15:46:29,30,40,13315,46486
2023-04-12 15:46:29,30,39,13315,46486
2023-04-12 15:46:29,32,39,13315,46486
2023-04-12 15:46:29,32,38,13315,46486
2023-04-12 15:46:32,32,38,13322,46493
2023-04-12 15:46:33,32,40,13322,46493
2023-04-12 15:46:33,32,39,13322,46493
2023-04-12 15:46:55,32,34,13322,46493
2023-04-12 15:46:59,32,34,13327,46498
2023-04-12 15:47:00,32,38,13327,46498
2023-04-12 15:47:06,32,39,13327,46498
2023-04-12 15:47:06,32,38,13327,46498
2023-04-12 15:47:14,32,38,13333,46504
2023-04-12 15:47:14,32,39,13333,46504
2023-04-12 15:47:16,32,39,13333,46504
2023-04-12 15:47:20,32,40,13333,46504
2023-04-12 15:47:20,32,38,13333,46504
2023-04-12 15:47:21,32,39,13333,46504
2023-04-12 15:47:21,32,40,13333,46504
2023-04-12 15:47:21,32,37,13333,46504
2023-04-12 15:47:23,32,40,13333,46504
2023-04-12 15:47:23,32,39,13333,46504
2023-04-12 15:47:37,32,41,13333,46504
2023-04-12 15:47:37,32,38,13333,46504
2023-04-12 15:47:41,31,38,13333,46506
2023-04-12 15:47:47,32,38,13333,46506
2023-04-12 15:47:47,32,37,13333,46506
2023-04-12 15:47:47,31,32,13334,46508
2023-04-12 15:47:47,27,32,13334,46508
2023-04-12 15:47:47,28,32,13334,46508
2023-04-12 15:47:48,28,35,13334,46508
2023-04-12 15:47:53,26,35,13350,46524
2023-04-12 15:47:58,25,35,13377,46551
2023-04-12 15:47:58,21,35,13479,46653
2023-04-12 15:48:01,21,38,13479,46653
2023-04-12 15:48:01,21,37,13479,46653
2023-04-12 15:48:08,21,37,13632,46901
2023-04-12 15:48:14,21,22,13632,46901
2023-04-12 15:48:14,15,22,13816,47085
2023-04-12 15:48:14,15,21,13816,47085
2023-04-12 15:48:14,15,22,13816,47085
2023-04-12 15:48:23,12,22,13816,47085
2023-04-12 15:48:38,12,21,13816,47085
2023-04-12 15:48:40,12,20,13816,47085
2023-04-12 15:48:40,12,19,13816,47085
2023-04-12 15:48:41,14,19,13816,47085
2023-04-12 15:48:41,14,18,13816,47085
2023-04-12 15:48:43,12,18,13816,47085
2023-04-12 15:49:07,12,17,13816,47085
2023-04-12 15:49:07,12,15,13816,47085
2023-04-12 15:49:32,10,15,13805,47098
2023-04-12 15:49:33,10,14,13805,47098
2023-04-12 15:49:36,3,14,13805,47098
2023-04-12 15:49:36,3,13,13805,47098
2023-04-12 15:49:36,10,13,13805,47098
2023-04-12 15:49:44,3,10,13807,47100
2023-04-12 15:49:45,5,10,13807,47100
2023-04-12 15:49:45,5,9,13807,47100
2023-04-12 15:49:49,5,10,13807,47100
2023-04-12 15:49:56,7,10,13807,47100
2023-04-12 15:49:57,7,12,13807,47100
2023-04-12 15:49:58,5,12,13807,47100
2023-04-12 15:49:58,6,12,13807,47100
2023-04-12 15:50:01,6,9,13807,47100
2023-04-12 15:50:01,6,9,13807,47350
2023-04-12 15:50:02,5,9,13807,47350
2023-04-12 15:50:03,6,9,13807,47350
2023-04-12 15:50:06,6,13,13807,47350
2023-04-12 15:50:07,7,13,13807,47350
2023-04-12 15:50:11,7,12,13807,47350
2023-04-12 15:50:13,7,11,13807,47350
2023-04-12 15:50:38,9,11,13807,47350
2023-04-12 15:51:01,7,9,13809,47352
2023-04-12 15:51:08,5,9,13809,47352
2023-04-12 15:51:09,7,9,13809,47352
2023-04-12 15:51:25,7,9,13809,47377
2023-04-12 15:51:37,8,9,13809,47377
2023-04-12 15:51:45,8,11,13809,47377
2023-04-12 15:51:46,8,10,13809,47377
2023-04-12 15:51:59,9,10,13809,47377
2023-04-12 15:52:00,9,10,13809,47379
2023-04-12 15:52:00,9,12,13809,47379
2023-04-12 15:52:00,9,11,13809,47379
2023-04-12 15:52:00,9,12,13809,47379
2023-04-12 15:52:00,9,10,13809,47379
2023-04-12 15:52:00,9,12,13809,47411
2023-04-12 15:52:00,9,11,13809,47411
2023-04-12 15:52:01,9,12,13809,47411
2023-04-12 15:52:01,11,12,13809,47411
2023-04-12 15:52:02,13,14,13802,47419
2023-04-12 15:52:03,11,14,13802,47419
2023-04-12 15:52:03,8,14,13802,47663
2023-04-12 15:52:03,8,14,13803,47664
2023-04-12 15:52:04,8,14,13804,47665
2023-04-12 15:52:04,8,14,13805,47666
2023-04-12 15:52:04,11,14,13805,47666
2023-04-12 15:52:04,11,15,13805,47666
2023-04-12 15:52:04,14,18,13805,47666
2023-04-12 15:52:04,14,16,13805,47666
2023-04-12 15:52:07,15,16,13805,47666
2023-04-12 15:52:07,15,16,13806,47667
2023-04-12 15:52:07,15,16,13807,47668
2023-04-12 15:52:07,15,16,13808,47669
2023-04-12 15:52:08,15,16,13809,47670
2023-04-12 15:52:08,15,16,13810,47671
2023-04-12 15:52:08,15,16,13811,47672
2023-04-12 15:52:09,15,16,13812,47673
2023-04-12 15:52:09,15,16,13813,47674
2023-04-12 15:52:09,15,16,13814,47675
2023-04-12 15:52:09,15,22,13814,47675
2023-04-12 15:52:10,16,22,13814,47675
2023-04-12 15:52:13,15,22,13828,47689
2023-04-12 15:52:14,11,22,13837,47700
2023-04-12 15:52:14,16,22,13837,47700
2023-04-12 15:52:22,8,22,13840,47703
2023-04-12 15:52:34,14,22,13840,47703
2023-04-12 15:52:34,14,21,13840,47703
2023-04-12 15:52:37,8,21,13840,47703
2023-04-12 15:52:42,8,21,13835,47708
2023-04-12 15:52:47,8,20,13835,47708
2023-04-12 15:52:47,8,19,13835,47708
2023-04-12 15:53:06,9,19,13835,47708
2023-04-12 15:53:06,9,12,13835,47708
2023-04-12 15:53:10,9,20,13835,47708
2023-04-12 15:53:10,9,19,13835,47708
2023-04-12 15:53:10,9,12,13835,47708
2023-04-12 15:53:36,8,12,13837,47711
2023-04-12 15:53:45,8,11,13837,47711
2023-04-12 15:53:47,8,9,13837,47711
2023-04-12 15:53:47,7,9,13839,47958
2023-04-12 15:53:47,7,8,13839,47958
2023-04-12 15:53:55,3,8,13839,47958
2023-04-12 15:53:59,3,7,13839,47958
2023-04-12 15:54:02,1,7,13839,47958
2023-04-12 15:54:03,1,7,13839,48024
2023-04-12 15:54:03,3,7,13839,48024
2023-04-12 15:54:07,1,7,13839,48024
2023-04-12 15:54:10,1,20,13839,48183
2023-04-12 15:54:10,1,19,13839,48183
2023-04-12 15:54:14,7,19,13839,48183
2023-04-12 15:54:14,7,11,13839,48183
2023-04-12 15:54:24,7,10,13839,48183
2023-04-12 15:54:25,1,10,13839,48183
2023-04-12 15:54:43,5,10,13839,48183
2023-04-12 15:54:43,5,8,13839,48183
2023-04-12 15:54:43,5,7,13839,48183
2023-04-12 15:54:50,5,8,13839,48183
2023-04-12 15:54:50,5,10,13839,48183
2023-04-12 15:54:50,5,9,13839,48183
2023-04-12 15:54:53,1,9,13839,48183
2023-04-12 15:54:53,1,7,13839,48183
2023-04-12 15:54:55,1,6,13839,48183
2023-04-12 15:55:07,1,5,13839,48183
2023-04-12 15:55:07,1,4,13839,48183
2023-04-12 15:55:22,1,3,13839,48183
2023-04-12 15:55:29,0,3,13841,48235
2023-04-12 15:55:47,0,2,13841,48235
2023-04-12 15:55:48,0,2,13841,48324
2023-04-12 15:55:48,1,2,13841,48324
2023-04-12 15:56:13,1,2,13841,48329
2023-04-12 15:56:43,0,2,14063,48576
2023-04-12 15:56:52,0,1,14063,48576
2023-04-12 15:56:53,1,2,14073,48586
2023-04-12 15:56:56,0,2,14073,48586
2023-04-12 15:57:07,1,2,14073,48586
2023-04-12 15:58:22,0,2,14075,49551
2023-04-12 15:58:26,0,1,14075,49551
2023-04-12 15:59:01,1,2,15055,50537
2023-04-12 15:59:05,0,2,15055,50537
2023-04-12 15:59:36,0,1,15055,50537
2023-04-12 15:59:55,0,1,15059,50541
