datetime,bid,ask,open_interest,volume
2023-04-12 09:30:41,12,23,497,543
2023-04-12 09:30:43,12,25,497,543
2023-04-12 09:31:03,13,25,497,543
2023-04-12 09:31:03,13,21,497,543
2023-04-12 09:31:03,15,19,497,543
2023-04-12 09:31:12,15,21,497,543
2023-04-12 09:31:12,15,18,497,543
2023-04-12 09:31:19,14,18,497,543
2023-04-12 09:31:19,14,17,497,543
2023-04-12 09:31:31,14,16,497,543
2023-04-12 09:31:48,14,15,497,543
2023-04-12 09:31:55,13,15,497,543
2023-04-12 09:31:56,13,14,497,543
2023-04-12 09:32:19,13,16,497,543
2023-04-12 09:32:24,13,15,497,543
2023-04-12 09:32:35,13,14,497,543
2023-04-12 09:32:45,12,14,497,543
2023-04-12 09:32:46,12,13,497,543
2023-04-12 09:33:24,12,14,497,543
2023-04-12 09:33:28,11,14,499,565
2023-04-12 09:33:28,11,14,521,587
2023-04-12 09:33:28,11,14,543,609
2023-04-12 09:33:29,11,13,543,609
2023-04-12 09:33:29,11,14,543,609
2023-04-12 09:33:38,11,14,604,670
2023-04-12 09:33:38,11,14,643,709
2023-04-12 09:33:38,11,13,643,709
2023-04-12 09:33:38,11,14,643,709
2023-04-12 09:33:46,11,14,682,748
2023-04-12 09:33:56,11,13,682,748
2023-04-12 09:33:57,11,14,682,748
2023-04-12 09:34:22,12,14,682,748
2023-04-12 09:34:25,11,14,682,748
2023-04-12 09:34:26,11,15,682,748
2023-04-12 09:34:26,11,14,682,748
2023-04-12 09:34:28,12,14,682,748
2023-04-12 09:34:33,12,15,682,748
2023-04-12 09:34:40,13,15,682,748
2023-04-12 09:34:50,13,15,700,766
2023-04-12 09:34:50,13,14,700,766
2023-04-12 09:34:50,13,15,700,766
2023-04-12 09:36:07,13,15,718,784
2023-04-12 09:36:07,13,14,718,784
2023-04-12 09:36:07,13,15,718,784
2023-04-12 09:36:08,13,16,718,784
2023-04-12 09:36:22,13,16,740,806
2023-04-12 09:36:31,13,14,740,806
2023-04-12 09:36:35,12,14,740,806
2023-04-12 09:37:20,11,14,740,806
2023-04-12 09:37:49,11,13,740,806
2023-04-12 09:37:55,11,14,740,806
2023-04-12 09:37:55,11,13,740,806
2023-04-12 09:38:12,11,14,740,806
2023-04-12 09:38:12,11,13,740,806
2023-04-12 09:38:22,11,12,740,806
2023-04-12 09:39:11,11,14,740,810
2023-04-12 09:39:11,12,14,740,810
2023-04-12 09:39:28,13,14,740,810
2023-04-12 09:39:59,14,15,740,814
2023-04-12 09:40:24,12,15,740,814
2023-04-12 09:40:31,12,14,740,814
2023-04-12 09:40:53,13,14,740,814
2023-04-12 09:41:02,13,15,742,816
2023-04-12 09:41:06,14,15,742,816
2023-04-12 09:41:07,14,17,742,816
2023-04-12 09:41:07,13,17,742,816
2023-04-12 09:41:07,14,17,742,816
2023-04-12 09:41:27,15,17,742,816
2023-04-12 09:41:34,14,17,742,816
2023-04-12 09:41:37,16,19,744,818
2023-04-12 09:41:50,17,19,744,818
2023-04-12 09:41:50,17,21,744,818
2023-04-12 09:41:54,17,20,744,818
2023-04-12 09:41:54,16,20,744,818
2023-04-12 09:41:54,16,19,744,818
2023-04-12 09:41:56,17,19,744,818
2023-04-12 09:41:57,17,20,744,818
2023-04-12 09:42:15,17,19,744,818
2023-04-12 09:42:18,16,19,744,818
2023-04-12 09:42:18,16,18,744,818
2023-04-12 09:42:29,16,17,744,818
2023-04-12 09:42:43,16,17,992,1068
2023-04-12 09:42:43,16,17,1064,1140
2023-04-12 09:42:43,16,18,1064,1140
2023-04-12 09:42:47,16,19,1064,1140
2023-04-12 09:42:49,16,18,1064,1140
2023-04-12 09:43:52,17,18,1064,1140
2023-04-12 09:43:53,17,18,1314,1390
2023-04-12 09:43:53,17,18,1386,1462
2023-04-12 09:44:04,17,19,1388,1464
2023-04-12 09:44:06,18,19,1388,1464
2023-04-12 09:44:11,18,20,1388,1464
2023-04-12 09:44:44,19,20,1388,1464
2023-04-12 09:45:00,18,20,1388,1464
2023-04-12 09:45:05,18,21,1388,1464
2023-04-12 09:45:12,18,19,1388,1464
2023-04-12 09:45:36,18,21,1388,1464
2023-04-12 09:45:54,19,21,1388,1464
2023-04-12 09:46:04,19,22,1388,1464
2023-04-12 09:46:08,19,21,1388,1464
2023-04-12 09:46:21,19,22,1388,1464
2023-04-12 09:46:22,20,22,1388,1464
2023-04-12 09:46:28,21,22,1388,1464
2023-04-12 09:46:31,22,24,1390,1466
2023-04-12 09:46:35,23,24,1390,1466
2023-04-12 09:46:35,23,24,1470,1546
2023-04-12 09:46:51,24,26,1472,1548
2023-04-12 09:46:52,24,27,1472,1548
2023-04-12 09:46:52,24,26,1472,1548
2023-04-12 09:46:54,25,26,1472,1548
2023-04-12 09:46:54,25,29,1472,1548
2023-04-12 09:46:55,25,28,1472,1548
2023-04-12 09:47:28,26,28,1472,1548
2023-04-12 09:47:35,26,28,1472,1554
2023-04-12 09:47:38,27,28,1472,1554
2023-04-12 09:47:47,28,30,1474,1556
2023-04-12 09:47:50,29,30,1474,1556
2023-04-12 09:48:15,28,30,1474,1556
2023-04-12 09:48:23,28,30,1493,1752
2023-04-12 09:48:33,26,30,1507,1836
2023-04-12 09:48:39,26,29,1507,1836
2023-04-12 09:48:50,26,28,1507,1836
2023-04-12 09:48:50,26,27,1507,1836
2023-04-12 09:49:01,25,27,1507,1836
2023-04-12 09:49:26,25,26,1507,1836
2023-04-12 09:49:36,24,26,1507,1836
2023-04-12 09:50:00,23,26,1507,1836
2023-04-12 09:50:02,24,26,1507,1836
2023-04-12 09:50:08,23,26,1507,1836
2023-04-12 09:50:21,23,27,1507,1836
2023-04-12 09:50:29,24,27,1507,1836
2023-04-12 09:50:29,24,26,1507,1836
2023-04-12 09:50:43,24,27,1507,1836
2023-04-12 09:50:44,24,26,1507,1836
2023-04-12 09:50:57,25,26,1507,1836
2023-04-12 09:51:07,25,28,1507,1836
2023-04-12 09:51:07,25,27,1507,1836
2023-04-12 09:51:21,25,28,1507,1836
2023-04-12 09:51:24,26,28,1507,1836
2023-04-12 09:51:28,25,28,1507,1836
2023-04-12 09:51:28,26,28,1507,1836
2023-04-12 09:51:45,26,27,1507,1836
2023-04-12 09:51:50,26,28,1507,1836
2023-04-12 09:52:44,26,29,1507,1836
2023-04-12 09:52:51,26,28,1507,1836
2023-04-12 09:53:01,26,28,1565,1896
2023-04-12 09:53:04,25,28,1565,1896
2023-04-12 09:53:04,26,28,1565,1896
2023-04-12 09:53:31,25,26,1565,1898
2023-04-12 09:53:42,23,26,1565,1898
2023-04-12 09:53:52,23,25,1565,1898
2023-04-12 09:54:21,22,23,1565,1900
2023-04-12 09:54:22,20,23,1565,1900
2023-04-12 09:54:22,21,23,1565,1900
2023-04-12 09:55:03,21,22,1565,1900
2023-04-12 09:55:13,19,22,1565,1900
2023-04-12 09:55:25,19,21,1565,1900
2023-04-12 09:55:26,19,20,1565,1900
2023-04-12 09:55:27,19,22,1565,1900
2023-04-12 09:55:28,19,21,1565,1900
2023-04-12 09:56:23,18,21,1565,1900
2023-04-12 09:56:34,19,21,1565,1900
2023-04-12 09:57:07,20,21,1565,1900
2023-04-12 09:57:25,20,22,1565,1932
2023-04-12 09:57:26,20,21,1565,1932
2023-04-12 09:57:29,20,22,1565,1932
2023-04-12 09:57:30,21,22,1565,1932
2023-04-12 09:57:47,21,23,1565,1964
2023-04-12 09:57:47,21,22,1565,1964
2023-04-12 09:57:53,21,23,1565,1964
2023-04-12 09:58:02,21,23,1595,1996
2023-04-12 09:58:42,21,23,1595,2026
2023-04-12 09:59:17,21,23,1595,2029
2023-04-12 09:59:22,22,23,1595,2029
2023-04-12 09:59:23,22,23,1595,2059
2023-04-12 09:59:24,22,23,1595,2089
2023-04-12 09:59:25,22,23,1595,2119
2023-04-12 09:59:32,22,23,1595,2149
2023-04-12 09:59:33,21,23,1595,2149
2023-04-12 10:00:21,22,23,1595,2149
2023-04-12 10:00:27,22,25,1595,2179
2023-04-12 10:00:27,22,24,1595,2179
2023-04-12 10:00:28,22,25,1595,2179
2023-04-12 10:00:36,24,25,1595,2179
2023-04-12 10:00:46,25,26,1595,2181
2023-04-12 10:00:51,24,26,1595,2181
2023-04-12 10:00:51,24,25,1595,2181
2023-04-12 10:01:08,25,26,1607,2193
2023-04-12 10:01:23,24,26,1607,2193
2023-04-12 10:01:24,25,26,1607,2193
2023-04-12 10:01:25,24,25,1607,2197
2023-04-12 10:01:27,24,25,1632,2222
2023-04-12 10:01:48,23,25,1632,2222
2023-04-12 10:01:56,23,24,1632,2222
2023-04-12 10:02:05,21,24,1632,2226
2023-04-12 10:02:10,21,23,1632,2226
2023-04-12 10:02:13,21,22,1632,2226
2023-04-12 10:02:13,20,22,1632,2226
2023-04-12 10:02:14,21,22,1632,2226
2023-04-12 10:02:42,19,22,1634,2232
2023-04-12 10:02:43,18,22,1634,2232
2023-04-12 10:03:02,18,21,1634,2232
2023-04-12 10:03:13,18,21,1630,2236
2023-04-12 10:03:23,18,20,1630,2236
2023-04-12 10:03:54,17,20,1630,2236
2023-04-12 10:03:59,18,20,1630,2236
2023-04-12 10:04:09,17,20,1630,2236
2023-04-12 10:04:43,17,19,1630,2236
2023-04-12 10:04:54,16,19,1630,2236
2023-04-12 10:05:06,17,19,1630,2236
2023-04-12 10:05:16,17,20,1630,2236
2023-04-12 10:05:17,17,19,1630,2236
2023-04-12 10:05:19,17,20,1630,2236
2023-04-12 10:05:35,18,20,1630,2236
2023-04-12 10:05:39,18,21,1630,2236
2023-04-12 10:05:52,18,20,1630,2236
2023-04-12 10:05:53,18,21,1630,2236
2023-04-12 10:05:54,18,20,1630,2236
2023-04-12 10:06:09,18,19,1630,2236
2023-04-12 10:06:18,17,19,1630,2236
2023-04-12 10:07:16,17,18,1630,2236
2023-04-12 10:07:22,16,18,1630,2236
2023-04-12 10:07:45,15,18,1630,2236
2023-04-12 10:07:52,15,17,1630,2236
2023-04-12 10:10:30,14,17,1630,2236
2023-04-12 10:10:30,14,16,1630,2236
2023-04-12 10:11:13,14,15,1630,2236
2023-04-12 10:11:37,13,15,1630,2236
2023-04-12 10:11:50,14,15,1630,2236
2023-04-12 10:12:01,13,14,1630,2238
2023-04-12 10:12:13,13,15,1630,2238
2023-04-12 10:12:40,13,14,1630,2238
2023-04-12 10:13:08,12,14,1630,2238
2023-04-12 10:13:38,13,14,1630,2238
2023-04-12 10:16:03,12,13,1630,2240
2023-04-12 10:18:03,12,14,1628,2242
2023-04-12 10:18:10,12,15,1628,2242
2023-04-12 10:18:21,13,15,1628,2242
2023-04-12 10:18:33,14,15,1628,2242
2023-04-12 10:18:46,14,15,1615,2384
2023-04-12 10:18:52,14,17,1615,2384
2023-04-12 10:19:05,14,16,1615,2384
2023-04-12 10:19:38,15,16,1615,2384
2023-04-12 10:19:47,15,17,1615,2384
2023-04-12 10:20:10,14,17,1615,2384
2023-04-12 10:20:16,14,16,1615,2384
2023-04-12 10:20:17,14,17,1615,2384
2023-04-12 10:20:18,14,16,1615,2384
2023-04-12 10:20:20,14,17,1615,2384
2023-04-12 10:20:22,14,16,1615,2384
2023-04-12 10:20:29,14,15,1615,2384
2023-04-12 10:20:59,13,15,1615,2384
2023-04-12 10:21:06,13,14,1615,2384
2023-04-12 10:21:33,11,13,1615,2386
2023-04-12 10:21:56,11,12,1615,2386
2023-04-12 10:23:33,11,12,1615,2497
2023-04-12 10:23:33,11,12,1615,2883
2023-04-12 10:23:39,12,13,1613,2885
2023-04-12 10:23:44,11,13,1613,2885
2023-04-12 10:23:48,12,13,1613,2885
2023-04-12 10:23:50,13,14,1611,2887
2023-04-12 10:24:00,12,14,1611,2887
2023-04-12 10:24:52,13,14,1611,2887
2023-04-12 10:25:14,13,16,1614,2890
2023-04-12 10:25:22,14,16,1614,2890
2023-04-12 10:25:25,14,17,1614,2890
2023-04-12 10:25:32,14,16,1614,2890
2023-04-12 10:25:37,14,17,1614,2890
2023-04-12 10:25:38,15,17,1614,2890
2023-04-12 10:25:38,15,18,1614,2890
2023-04-12 10:25:52,16,18,1614,2890
2023-04-12 10:26:03,17,18,1614,2890
2023-04-12 10:26:07,17,18,1614,3052
2023-04-12 10:26:25,15,18,1614,3052
2023-04-12 10:26:25,16,18,1614,3052
2023-04-12 10:26:43,16,19,1614,3052
2023-04-12 10:26:43,16,18,1614,3052
2023-04-12 10:26:56,16,19,1614,3052
2023-04-12 10:26:56,16,18,1614,3052
2023-04-12 10:27:08,16,17,1614,3052
2023-04-12 10:27:17,15,17,1614,3052
2023-04-12 10:27:46,15,17,1639,3077
2023-04-12 10:27:46,15,16,1639,3077
2023-04-12 10:27:46,15,17,1639,3077
2023-04-12 10:28:14,15,16,1639,3077
2023-04-12 10:28:36,14,16,1636,3080
2023-04-12 10:28:40,14,15,1636,3080
2023-04-12 10:28:46,13,15,1636,3080
2023-04-12 10:28:46,12,15,1636,3080
2023-04-12 10:28:46,13,15,1636,3080
2023-04-12 10:29:01,13,15,1636,3183
2023-04-12 10:29:07,13,14,1636,3183
2023-04-12 10:29:19,11,14,1636,3183
2023-04-12 10:30:05,11,13,1636,3183
2023-04-12 10:30:35,12,13,1636,3183
2023-04-12 10:30:42,12,14,1636,3183
2023-04-12 10:30:43,12,15,1636,3183
2023-04-12 10:30:43,13,15,1636,3183
2023-04-12 10:30:58,14,15,1636,3183
2023-04-12 10:31:10,14,17,1636,3183
2023-04-12 10:32:22,14,16,1636,3183
2023-04-12 10:32:22,14,15,1636,3183
2023-04-12 10:32:34,13,15,1636,3183
2023-04-12 10:33:03,14,15,1636,3183
2023-04-12 10:33:15,15,17,1636,3186
2023-04-12 10:33:19,16,17,1636,3186
2023-04-12 10:33:19,16,17,1886,3436
2023-04-12 10:33:22,16,17,2037,3804
2023-04-12 10:33:25,17,19,2067,4079
2023-04-12 10:33:25,17,18,2067,4079
2023-04-12 10:33:25,17,18,2072,4084
2023-04-12 10:33:25,16,18,2092,4104
2023-04-12 10:33:26,16,20,2092,4104
2023-04-12 10:33:41,17,20,2092,4104
2023-04-12 10:34:02,18,20,2092,4104
2023-04-12 10:34:09,20,22,2094,4106
2023-04-12 10:34:15,19,22,2094,4106
2023-04-12 10:34:26,20,22,2094,4106
2023-04-12 10:34:30,20,21,2094,4106
2023-04-12 10:34:37,20,22,2094,4106
2023-04-12 10:34:40,20,22,2014,4186
2023-04-12 10:34:52,20,21,2014,4186
2023-04-12 10:34:55,22,24,2014,4191
2023-04-12 10:34:56,22,24,2014,4193
2023-04-12 10:35:01,22,25,2014,4193
2023-04-12 10:35:03,22,24,2014,4193
2023-04-12 10:35:13,21,24,2014,4193
2023-04-12 10:35:13,21,24,1934,4273
2023-04-12 10:35:13,22,24,1934,4273
2023-04-12 10:35:36,22,23,1934,4273
2023-04-12 10:36:01,23,24,1936,4275
2023-04-12 10:36:04,23,25,1938,4277
2023-04-12 10:36:06,24,25,1938,4277
2023-04-12 10:36:28,25,26,1941,4280
2023-04-12 10:36:37,22,26,1941,4280
2023-04-12 10:36:49,24,26,1941,4280
2023-04-12 10:37:35,26,27,1941,4310
2023-04-12 10:37:36,26,28,1941,4310
2023-04-12 10:37:36,26,29,1941,4310
2023-04-12 10:37:38,26,29,2241,4610
2023-04-12 10:37:43,29,31,2261,4630
2023-04-12 10:37:44,29,33,2261,4630
2023-04-12 10:37:44,29,33,2263,4632
2023-04-12 10:37:48,28,33,2263,4632
2023-04-12 10:37:48,30,33,2263,4632
2023-04-12 10:37:58,30,32,2263,4632
2023-04-12 10:38:04,29,32,2263,4632
2023-04-12 10:38:04,31,32,2263,4632
2023-04-12 10:38:36,31,34,2263,4632
2023-04-12 10:38:46,31,34,2065,4952
2023-04-12 10:38:47,31,33,2065,4952
2023-04-12 10:38:50,31,32,2065,4952
2023-04-12 10:38:51,28,32,2065,4952
2023-04-12 10:38:51,30,32,2065,4952
2023-04-12 10:38:53,30,32,2076,5191
2023-04-12 10:38:55,28,32,2076,5191
2023-04-12 10:38:55,26,32,2076,5191
2023-04-12 10:38:55,27,32,2076,5191
2023-04-12 10:39:03,27,31,2076,5191
2023-04-12 10:39:16,28,31,2076,5191
2023-04-12 10:39:22,28,32,2076,5191
2023-04-12 10:39:50,30,32,2076,5191
2023-04-12 10:40:07,30,33,2076,5191
2023-04-12 10:40:15,30,32,2076,5191
2023-04-12 10:40:37,28,32,2076,5191
2023-04-12 10:40:42,28,31,2076,5191
2023-04-12 10:40:53,28,30,2076,5191
2023-04-12 10:40:59,27,30,2076,5191
2023-04-12 10:41:14,27,29,2076,5191
2023-04-12 10:41:22,25,29,2076,5191
2023-04-12 10:41:27,27,29,2076,5191
2023-04-12 10:41:30,25,29,2076,5191
2023-04-12 10:41:38,25,28,2076,5191
2023-04-12 10:41:57,25,27,2076,5191
2023-04-12 10:42:17,24,27,2076,5191
2023-04-12 10:42:29,24,26,2076,5191
2023-04-12 10:42:44,23,26,2076,5191
2023-04-12 10:43:01,24,26,2076,5191
2023-04-12 10:43:10,24,26,2086,5201
2023-04-12 10:43:17,23,26,2086,5201
2023-04-12 10:43:17,25,26,2086,5201
2023-04-12 10:43:17,25,27,2086,5201
2023-04-12 10:43:32,24,27,2086,5201
2023-04-12 10:43:32,25,27,2086,5201
2023-04-12 10:43:48,25,28,2086,5201
2023-04-12 10:43:49,26,28,2086,5201
2023-04-12 10:44:04,27,28,2086,5201
2023-04-12 10:44:18,26,28,2086,5201
2023-04-12 10:44:18,27,28,2086,5201
2023-04-12 10:44:34,27,29,2086,5201
2023-04-12 10:44:34,25,29,2086,5201
2023-04-12 10:44:34,26,29,2086,5201
2023-04-12 10:44:34,27,29,2086,5201
2023-04-12 10:44:50,28,29,2086,5201
2023-04-12 10:45:05,29,31,2088,5203
2023-04-12 10:45:06,29,32,2088,5203
2023-04-12 10:45:09,29,31,2088,5203
2023-04-12 10:45:09,29,31,2290,5405
2023-04-12 10:45:14,28,30,2290,5405
2023-04-12 10:45:49,28,31,2290,5405
2023-04-12 10:46:50,28,29,2290,5405
2023-04-12 10:47:06,27,29,2290,5407
2023-04-12 10:47:10,27,28,2290,5407
2023-04-12 10:47:31,26,28,2290,5407
2023-04-12 10:47:44,27,28,2290,5407
2023-04-12 10:47:54,27,29,2290,5407
2023-04-12 10:47:56,27,28,2290,5407
2023-04-12 10:48:03,27,29,2290,5407
2023-04-12 10:48:12,28,29,2290,5407
2023-04-12 10:48:26,28,30,2290,5407
2023-04-12 10:48:26,28,29,2290,5407
2023-04-12 10:48:38,27,28,2288,5409
2023-04-12 10:48:39,27,28,2571,5694
2023-04-12 10:48:44,26,28,2571,5694
2023-04-12 10:48:48,24,28,2571,5694
2023-04-12 10:48:49,25,28,2571,5694
2023-04-12 10:49:03,25,27,2571,5694
2023-04-12 10:49:56,26,27,2571,5694
2023-04-12 10:50:34,26,28,2571,5694
2023-04-12 10:50:35,25,28,2571,5694
2023-04-12 10:50:35,25,27,2571,5694
2023-04-12 10:50:35,26,27,2571,5694
2023-04-12 10:50:50,25,26,2569,5696
2023-04-12 10:51:38,25,27,2569,5696
2023-04-12 10:51:52,26,27,2569,5696
2023-04-12 10:52:06,26,27,2289,5978
2023-04-12 10:52:08,26,27,2289,5980
2023-04-12 10:52:10,26,28,2289,5980
2023-04-12 10:52:18,26,29,2289,5980
2023-04-12 10:52:24,28,29,2289,5980
2023-04-12 10:52:40,26,29,2289,5980
2023-04-12 10:52:40,27,29,2289,5980
2023-04-12 10:52:40,28,29,2289,5980
2023-04-12 10:52:49,28,31,2289,5980
2023-04-12 10:52:56,30,31,2289,5980
2023-04-12 10:53:11,29,31,2289,5980
2023-04-12 10:53:11,30,31,2289,5980
2023-04-12 10:53:11,30,32,2369,6060
2023-04-12 10:53:11,30,34,2369,6060
2023-04-12 10:53:11,30,33,2369,6060
2023-04-12 10:53:27,30,32,2369,6060
2023-04-12 10:53:28,28,32,2369,6060
2023-04-12 10:53:28,31,32,2369,6060
2023-04-12 10:53:42,28,32,2369,6062
2023-04-12 10:53:56,30,32,2369,6062
2023-04-12 10:54:12,29,32,2369,6062
2023-04-12 10:54:12,30,32,2369,6062
2023-04-12 10:54:16,30,33,2369,6062
2023-04-12 10:54:28,31,33,2369,6062
2023-04-12 10:54:47,32,33,2369,6062
2023-04-12 10:55:02,31,33,2369,6062
2023-04-12 10:55:02,32,33,2369,6062
2023-04-12 10:55:02,33,35,2371,6064
2023-04-12 10:55:07,32,35,2371,6064
2023-04-12 10:55:07,33,35,2371,6064
2023-04-12 10:55:08,33,38,2371,6064
2023-04-12 10:55:08,33,36,2371,6064
2023-04-12 10:55:21,34,36,2371,6064
2023-04-12 10:55:21,34,39,2371,6064
2023-04-12 10:55:22,34,38,2371,6064
2023-04-12 10:55:24,34,39,2371,6064
2023-04-12 10:55:25,34,40,2371,6064
2023-04-12 10:55:25,34,39,2371,6064
2023-04-12 10:55:32,35,39,2371,6064
2023-04-12 10:55:34,36,39,2371,6064
2023-04-12 10:55:34,37,39,2371,6064
2023-04-12 10:55:52,38,39,2371,6064
2023-04-12 10:55:54,38,40,2371,6064
2023-04-12 10:56:04,38,39,2371,6064
2023-04-12 10:56:09,38,40,2371,6064
2023-04-12 10:56:38,39,40,2371,6064
2023-04-12 10:56:40,39,41,2371,6064
2023-04-12 10:56:51,40,41,2371,6064
2023-04-12 10:57:03,39,41,2531,6224
2023-04-12 10:57:16,38,39,2529,6226
2023-04-12 10:57:24,38,41,2529,6226
2023-04-12 10:57:24,38,40,2529,6226
2023-04-12 10:57:24,36,40,2529,6226
2023-04-12 10:57:38,36,38,2529,6226
2023-04-12 10:57:47,35,38,2529,6226
2023-04-12 10:57:47,34,38,2529,6226
2023-04-12 10:57:48,35,38,2529,6226
2023-04-12 10:58:06,36,38,2529,6226
2023-04-12 10:58:08,35,38,2529,6226
2023-04-12 10:58:10,34,38,2529,6226
2023-04-12 10:58:10,34,39,2529,6226
2023-04-12 10:58:13,35,39,2529,6226
2023-04-12 10:58:17,36,39,2529,6226
2023-04-12 10:58:17,38,39,2529,6226
2023-04-12 10:58:32,38,40,2529,6226
2023-04-12 10:58:32,38,39,2529,6226
2023-04-12 10:58:36,38,40,2529,6226
2023-04-12 10:58:58,38,41,2529,6226
2023-04-12 10:59:04,38,39,2529,6226
2023-04-12 10:59:05,38,39,2689,6386
2023-04-12 10:59:07,38,41,2689,6386
2023-04-12 10:59:37,39,41,2689,6386
2023-04-12 10:59:52,40,41,2689,6386
2023-04-12 11:00:07,39,40,2689,6546
2023-04-12 11:00:08,40,41,2689,6686
2023-04-12 11:00:08,39,40,2689,6946
2023-04-12 11:00:09,38,39,2687,6948
2023-04-12 11:00:13,38,40,2687,6948
2023-04-12 11:00:22,37,40,2687,6948
2023-04-12 11:00:42,38,40,2687,6948
2023-04-12 11:01:13,38,41,2687,6948
2023-04-12 11:01:14,38,42,2687,6948
2023-04-12 11:01:20,39,42,2687,6948
2023-04-12 11:01:23,40,42,2687,6948
2023-04-12 11:01:25,39,42,2687,6948
2023-04-12 11:02:05,40,42,2687,6948
2023-04-12 11:02:12,40,41,2687,6948
2023-04-12 11:02:12,39,41,2687,6948
2023-04-12 11:02:13,40,41,2687,6948
2023-04-12 11:02:17,39,40,2685,6950
2023-04-12 11:02:26,39,41,2685,6950
2023-04-12 11:02:26,39,42,2685,6950
2023-04-12 11:02:26,39,40,2685,6950
2023-04-12 11:02:42,39,42,2685,6950
2023-04-12 11:02:42,39,41,2685,6950
2023-04-12 11:02:59,39,40,2685,6950
2023-04-12 11:03:00,39,40,2787,7052
2023-04-12 11:03:00,39,40,2927,7192
2023-04-12 11:03:01,38,39,2948,7215
2023-04-12 11:03:01,39,40,3065,7332
2023-04-12 11:03:06,38,40,3065,7332
2023-04-12 11:03:14,38,41,3065,7332
2023-04-12 11:03:14,39,41,3065,7332
2023-04-12 11:03:14,39,42,3065,7332
2023-04-12 11:03:30,39,41,3065,7332
2023-04-12 11:03:46,39,42,3065,7332
2023-04-12 11:03:46,39,41,3065,7332
2023-04-12 11:04:28,39,41,3065,7335
2023-04-12 11:04:34,40,41,3065,7335
2023-04-12 11:04:35,40,42,3065,7335
2023-04-12 11:04:36,40,43,3065,7335
2023-04-12 11:04:49,41,43,3065,7335
2023-04-12 11:05:07,40,43,3065,7335
2023-04-12 11:05:07,41,43,3065,7335
2023-04-12 11:05:27,41,44,3065,7335
2023-04-12 11:05:37,41,43,3065,7335
2023-04-12 11:06:02,42,43,3065,7335
2023-04-12 11:06:04,42,43,3065,7390
2023-04-12 11:06:04,41,43,3065,7390
2023-04-12 11:06:08,41,44,3065,7390
2023-04-12 11:06:57,42,44,3065,7390
2023-04-12 11:07:11,41,44,3065,7390
2023-04-12 11:07:11,42,44,3065,7390
2023-04-12 11:07:24,42,46,3087,7492
2023-04-12 11:07:24,43,46,3087,7492
2023-04-12 11:07:24,43,47,3087,7492
2023-04-12 11:07:25,43,45,3087,7492
2023-04-12 11:07:31,43,47,3087,7492
2023-04-12 11:07:31,43,48,3087,7492
2023-04-12 11:07:34,44,48,3087,7492
2023-04-12 11:07:34,44,49,3087,7492
2023-04-12 11:07:57,44,48,3087,7492
2023-04-12 11:07:58,45,48,3087,7492
2023-04-12 11:08:03,45,49,3087,7492
2023-04-12 11:08:10,46,49,3087,7492
2023-04-12 11:08:32,47,49,3087,7492
2023-04-12 11:08:35,47,50,3087,7492
2023-04-12 11:08:35,47,49,3087,7492
2023-04-12 11:08:41,47,49,3087,7792
2023-04-12 11:08:42,46,47,3088,7894
2023-04-12 11:08:47,46,49,3088,7894
2023-04-12 11:08:52,46,48,3088,7894
2023-04-12 11:09:00,45,48,3086,7896
2023-04-12 11:09:09,46,48,3086,7896
2023-04-12 11:09:15,46,47,3086,7896
2023-04-12 11:09:28,46,48,3086,7896
2023-04-12 11:09:44,45,48,3086,7896
2023-04-12 11:10:31,46,48,3086,7896
2023-04-12 11:10:46,45,48,3086,7896
2023-04-12 11:10:56,45,49,3086,7896
2023-04-12 11:11:02,45,48,3086,7896
2023-04-12 11:11:03,46,48,3086,7896
2023-04-12 11:11:18,46,49,3086,7896
2023-04-12 11:11:18,46,48,3086,7896
2023-04-12 11:11:34,47,48,3086,7896
2023-04-12 11:11:47,47,49,3086,7896
2023-04-12 11:11:49,48,49,3086,7896
2023-04-12 11:12:04,47,49,3086,7896
2023-04-12 11:12:27,48,49,3086,7896
2023-04-12 11:12:31,48,50,3086,7896
2023-04-12 11:13:21,48,53,3086,7896
2023-04-12 11:13:24,48,51,3086,7896
2023-04-12 11:13:37,48,53,3086,7896
2023-04-12 11:13:37,49,53,3086,7896
2023-04-12 11:13:37,49,52,3086,7896
2023-04-12 11:13:55,48,52,3086,7896
2023-04-12 11:13:55,49,52,3086,7896
2023-04-12 11:13:55,49,51,3086,7896
2023-04-12 11:14:11,48,51,3086,7896
2023-04-12 11:14:19,47,51,3086,7896
2023-04-12 11:14:23,48,51,3086,7896
2023-04-12 11:14:26,48,51,3088,7898
2023-04-12 11:14:38,47,51,3088,7898
2023-04-12 11:14:39,48,50,3088,7898
2023-04-12 11:14:43,47,50,3088,7978
2023-04-12 11:14:47,46,50,3088,7978
2023-04-12 11:14:55,46,48,3088,7978
2023-04-12 11:15:11,46,50,3088,7978
2023-04-12 11:15:11,46,48,3088,7978
2023-04-12 11:15:11,46,47,3088,7978
2023-04-12 11:15:26,45,47,3089,7981
2023-04-12 11:15:26,45,46,3089,7981
2023-04-12 11:16:05,46,47,3091,7986
2023-04-12 11:16:05,46,47,3333,8228
2023-04-12 11:16:13,45,47,3333,8228
2023-04-12 11:16:13,47,49,3335,8230
2023-04-12 11:16:29,45,49,3335,8230
2023-04-12 11:16:29,45,48,3335,8230
2023-04-12 11:16:46,46,48,3335,8230
2023-04-12 11:16:59,45,48,3335,8230
2023-04-12 11:17:30,45,47,3335,8230
2023-04-12 11:17:46,46,47,3335,8230
2023-04-12 11:17:47,45,46,3329,8236
2023-04-12 11:17:48,44,46,3330,8239
2023-04-12 11:18:02,43,47,3330,8239
2023-04-12 11:18:02,43,46,3330,8239
2023-04-12 11:18:19,44,47,3330,8239
2023-04-12 11:18:19,44,46,3330,8239
2023-04-12 11:18:22,44,46,3330,8264
2023-04-12 11:19:13,44,47,3330,8264
2023-04-12 11:19:23,45,47,3330,8264
2023-04-12 11:19:31,44,47,3330,8264
2023-04-12 11:19:31,44,45,3330,8264
2023-04-12 11:19:49,45,47,3333,8267
2023-04-12 11:19:49,45,46,3333,8267
2023-04-12 11:19:58,45,47,3333,8267
2023-04-12 11:19:58,45,46,3333,8267
2023-04-12 11:20:06,44,47,3333,8267
2023-04-12 11:20:09,45,47,3333,8267
2023-04-12 11:20:09,45,46,3333,8267
2023-04-12 11:20:16,45,47,3333,8267
2023-04-12 11:20:16,44,45,3330,8270
2023-04-12 11:20:25,44,46,3330,8270
2023-04-12 11:20:25,44,45,3330,8270
2023-04-12 11:20:32,44,46,3330,8270
2023-04-12 11:20:33,45,46,3330,8270
2023-04-12 11:20:43,44,46,3330,8270
2023-04-12 11:20:43,44,45,3330,8270
2023-04-12 11:20:50,44,45,3290,8310
2023-04-12 11:21:04,43,44,3290,8433
2023-04-12 11:21:06,42,43,3336,8594
2023-04-12 11:21:13,42,44,3336,8594
2023-04-12 11:21:45,42,43,3336,8594
2023-04-12 11:21:45,42,43,3297,8634
2023-04-12 11:21:53,41,43,3100,8834
2023-04-12 11:21:53,41,44,3100,8834
2023-04-12 11:21:53,41,43,3100,8834
2023-04-12 11:21:53,41,44,3100,8834
2023-04-12 11:21:53,40,44,3100,8834
2023-04-12 11:22:01,41,44,3100,8834
2023-04-12 11:22:01,41,43,3100,8834
2023-04-12 11:22:11,40,44,3100,8834
2023-04-12 11:22:11,41,44,3100,8834
2023-04-12 11:22:11,41,43,3100,8834
2023-04-12 11:22:19,40,44,3100,8834
2023-04-12 11:22:19,41,44,3100,8834
2023-04-12 11:22:19,41,43,3100,8834
2023-04-12 11:22:29,41,44,3100,8834
2023-04-12 11:22:45,40,44,3100,8834
2023-04-12 11:22:45,41,44,3100,8834
2023-04-12 11:22:45,41,43,3100,8834
2023-04-12 11:22:52,40,44,3100,8834
2023-04-12 11:23:00,40,41,3100,8834
2023-04-12 11:23:09,40,42,3100,8834
2023-04-12 11:23:09,40,41,3100,8834
2023-04-12 11:23:17,40,42,3100,8834
2023-04-12 11:23:17,40,41,3100,8834
2023-04-12 11:23:34,39,40,3100,8837
2023-04-12 11:23:42,38,41,3100,8837
2023-04-12 11:23:50,38,42,3100,8837
2023-04-12 11:23:52,39,42,3100,8837
2023-04-12 11:23:52,39,40,3100,8837
2023-04-12 11:24:01,40,42,3100,8837
2023-04-12 11:24:01,40,41,3100,8837
2023-04-12 11:24:08,38,42,3100,8837
2023-04-12 11:24:08,40,42,3100,8837
2023-04-12 11:24:08,40,41,3100,8837
2023-04-12 11:24:18,40,42,3100,8837
2023-04-12 11:24:18,40,41,3100,8837
2023-04-12 11:24:20,38,41,3340,9077
2023-04-12 11:24:20,38,41,3340,9116
2023-04-12 11:24:20,38,40,3340,9116
2023-04-12 11:24:20,38,41,3340,9116
2023-04-12 11:24:25,40,42,3340,9116
2023-04-12 11:24:33,40,41,3340,9116
2023-04-12 11:24:42,40,42,3340,9116
2023-04-12 11:24:42,40,41,3340,9116
2023-04-12 11:24:52,38,42,3340,9116
2023-04-12 11:24:52,40,42,3340,9116
2023-04-12 11:24:52,40,41,3340,9116
2023-04-12 11:25:01,38,42,3340,9116
2023-04-12 11:25:08,39,42,3340,9116
2023-04-12 11:25:08,39,40,3340,9116
2023-04-12 11:25:20,38,42,3340,9116
2023-04-12 11:25:20,38,39,3340,9116
2023-04-12 11:25:25,38,42,3340,9116
2023-04-12 11:25:25,38,39,3340,9116
2023-04-12 11:25:52,39,41,3340,9118
2023-04-12 11:26:00,38,41,3340,9118
2023-04-12 11:26:00,38,39,3340,9118
2023-04-12 11:26:02,39,41,3294,9278
2023-04-12 11:26:07,38,41,3294,9278
2023-04-12 11:26:09,39,41,3294,9278
2023-04-12 11:26:09,39,40,3294,9278
2023-04-12 11:26:18,39,41,3294,9278
2023-04-12 11:26:18,39,40,3294,9278
2023-04-12 11:26:26,38,41,3294,9278
2023-04-12 11:26:28,39,41,3294,9278
2023-04-12 11:26:28,39,40,3294,9278
2023-04-12 11:26:36,39,41,3294,9278
2023-04-12 11:26:36,39,40,3294,9278
2023-04-12 11:26:37,38,39,3294,9280
2023-04-12 11:26:44,38,40,3294,9280
2023-04-12 11:26:44,38,39,3294,9280
2023-04-12 11:26:54,38,40,3294,9280
2023-04-12 11:26:54,38,39,3294,9280
2023-04-12 11:27:00,39,40,3294,9284
2023-04-12 11:27:10,38,40,3294,9284
2023-04-12 11:27:11,38,39,3294,9284
2023-04-12 11:27:17,38,40,3294,9284
2023-04-12 11:27:17,39,40,3294,9284
2023-04-12 11:27:41,38,39,3304,9406
2023-04-12 11:27:42,38,39,3344,9446
2023-04-12 11:27:52,38,40,3344,9446
2023-04-12 11:27:52,37,38,3344,9450
2023-04-12 11:28:01,37,40,3344,9450
2023-04-12 11:28:01,37,40,3304,9490
2023-04-12 11:28:01,37,39,3304,9490
2023-04-12 11:28:12,36,37,3304,9492
2023-04-12 11:28:19,36,39,3304,9492
2023-04-12 11:28:19,36,37,3304,9492
2023-04-12 11:28:22,36,37,3304,9502
2023-04-12 11:28:36,36,37,3184,9622
2023-04-12 11:28:53,37,39,3184,9624
2023-04-12 11:28:53,37,38,3184,9624
2023-04-12 11:29:01,37,39,3184,9624
2023-04-12 11:29:01,37,38,3184,9624
2023-04-12 11:29:10,36,38,3306,9746
2023-04-12 11:29:17,36,38,3266,9786
2023-04-12 11:29:24,35,36,3266,9791
2023-04-12 11:29:33,35,38,3266,9791
2023-04-12 11:29:33,35,36,3266,9791
2023-04-12 11:29:41,35,38,3266,9791
2023-04-12 11:29:42,35,36,3266,9791
2023-04-12 11:29:50,35,36,3266,9792
2023-04-12 11:30:01,36,38,3266,9793
2023-04-12 11:30:01,36,37,3266,9793
2023-04-12 11:30:06,35,37,3266,9793
2023-04-12 11:30:06,35,38,3266,9793
2023-04-12 11:30:07,35,36,3266,9793
2023-04-12 11:30:16,35,38,3266,9793
2023-04-12 11:30:18,36,38,3266,9793
2023-04-12 11:30:18,36,37,3266,9793
2023-04-12 11:30:28,35,38,3266,9793
2023-04-12 11:30:33,36,38,3266,9793
2023-04-12 11:30:40,35,38,3266,9793
2023-04-12 11:30:40,35,36,3266,9793
2023-04-12 11:30:49,35,38,3266,9793
2023-04-12 11:30:49,36,38,3266,9793
2023-04-12 11:30:49,36,37,3266,9793
2023-04-12 11:31:22,36,37,3148,9913
2023-04-12 11:31:23,35,37,3148,9913
2023-04-12 11:31:23,35,38,3148,9913
2023-04-12 11:31:24,36,38,3148,9913
2023-04-12 11:31:31,37,38,3148,9913
2023-04-12 11:31:39,36,38,3148,9913
2023-04-12 11:31:48,37,38,3148,9913
2023-04-12 11:31:51,35,38,3228,9993
2023-04-12 11:31:57,35,36,3228,9993
2023-04-12 11:32:04,35,38,3228,9993
2023-04-12 11:32:04,34,35,3228,9997
2023-04-12 11:32:12,34,38,3228,9997
2023-04-12 11:32:14,35,38,3228,9997
2023-04-12 11:32:18,34,38,3228,10293
2023-04-12 11:32:23,36,38,3228,10293
2023-04-12 11:32:30,34,38,3228,10293
2023-04-12 11:32:30,35,38,3228,10293
2023-04-12 11:32:30,35,36,3228,10293
2023-04-12 11:33:04,36,37,3228,10297
2023-04-12 11:33:12,35,38,3228,10297
2023-04-12 11:33:20,36,38,3228,10297
2023-04-12 11:33:20,36,37,3228,10297
2023-04-12 11:33:30,37,38,3228,10297
2023-04-12 11:34:13,35,38,3228,10297
2023-04-12 11:34:22,37,38,3228,10297
2023-04-12 11:34:31,35,38,3228,10297
2023-04-12 11:34:31,36,38,3228,10297
2023-04-12 11:34:31,36,37,3228,10297
2023-04-12 11:34:38,36,38,3228,10297
2023-04-12 11:34:38,36,37,3228,10297
2023-04-12 11:34:45,35,37,3228,10297
2023-04-12 11:34:45,35,38,3228,10297
2023-04-12 11:34:46,37,38,3228,10297
2023-04-12 11:34:47,37,38,3228,10301
2023-04-12 11:34:54,34,38,3228,10301
2023-04-12 11:34:54,34,37,3228,10301
2023-04-12 11:35:02,34,38,3228,10301
2023-04-12 11:35:02,37,38,3228,10301
2023-04-12 11:35:10,34,38,3228,10301
2023-04-12 11:35:12,34,37,3228,10301
2023-04-12 11:35:12,36,37,3228,10301
2023-04-12 11:35:20,34,37,3228,10301
2023-04-12 11:35:20,35,37,3228,10301
2023-04-12 11:35:20,35,36,3228,10301
2023-04-12 11:35:21,36,37,3178,10461
2023-04-12 11:35:22,36,38,3178,10461
2023-04-12 11:35:29,36,37,3178,10461
2023-04-12 11:35:34,37,38,3178,10501
2023-04-12 11:35:46,36,38,3178,10501
2023-04-12 11:35:46,37,38,3178,10501
2023-04-12 11:35:55,36,38,3178,10501
2023-04-12 11:35:55,37,38,3178,10501
2023-04-12 11:35:55,37,38,3428,10801
2023-04-12 11:36:02,38,39,3428,10955
2023-04-12 11:36:11,36,39,3428,10955
2023-04-12 11:36:11,38,39,3428,10955
2023-04-12 11:36:21,36,39,3508,11035
2023-04-12 11:36:22,36,40,3508,11035
2023-04-12 11:36:29,39,40,3508,11035
2023-04-12 11:36:30,36,39,3508,11115
2023-04-12 11:36:37,36,40,3508,11115
2023-04-12 11:36:37,36,39,3508,11115
2023-04-12 11:36:37,37,39,3508,11115
2023-04-12 11:36:46,36,37,3508,11118
2023-04-12 11:36:54,36,39,3508,11118
2023-04-12 11:36:54,36,37,3508,11118
2023-04-12 11:37:02,35,37,3508,11118
2023-04-12 11:37:02,35,39,3508,11118
2023-04-12 11:37:02,36,39,3508,11118
2023-04-12 11:37:02,36,37,3508,11118
2023-04-12 11:37:11,36,39,3508,11118
2023-04-12 11:37:11,36,37,3508,11118
2023-04-12 11:37:19,35,39,3508,11118
2023-04-12 11:37:19,35,38,3508,11118
2023-04-12 11:37:21,36,38,3508,11118
2023-04-12 11:37:21,36,37,3508,11118
2023-04-12 11:37:29,35,36,3508,11120
2023-04-12 11:37:38,36,37,3508,11120
2023-04-12 11:37:54,36,37,3348,11280
2023-04-12 11:38:05,36,37,3308,11320
2023-04-12 11:38:16,37,39,3309,11446
2023-04-12 11:38:22,36,39,3309,11446
2023-04-12 11:38:22,37,39,3309,11446
2023-04-12 11:38:28,36,39,3309,11446
2023-04-12 11:38:28,38,39,3309,11446
2023-04-12 11:39:09,37,38,3308,11448
2023-04-12 11:39:17,37,39,3308,11448
2023-04-12 11:39:17,37,38,3308,11448
2023-04-12 11:39:25,36,39,3308,11448
2023-04-12 11:39:26,37,39,3308,11448
2023-04-12 11:39:26,37,38,3308,11448
2023-04-12 11:39:35,36,39,3308,11448
2023-04-12 11:39:35,37,39,3308,11448
2023-04-12 11:39:35,37,38,3308,11448
2023-04-12 11:39:43,36,39,3308,11448
2023-04-12 11:39:51,36,37,3308,11448
2023-04-12 11:39:58,36,39,3308,11448
2023-04-12 11:39:58,37,39,3308,11448
2023-04-12 11:39:58,37,38,3308,11448
2023-04-12 11:40:33,36,37,3308,11450
2023-04-12 11:40:42,35,38,3308,11450
2023-04-12 11:40:42,36,38,3308,11450
2023-04-12 11:40:49,35,38,3308,11450
2023-04-12 11:40:49,35,36,3308,11450
2023-04-12 11:40:57,35,37,3308,11450
2023-04-12 11:40:57,34,35,3308,11452
2023-04-12 11:41:05,34,38,3308,11452
2023-04-12 11:41:05,34,35,3308,11452
2023-04-12 11:41:13,34,38,3308,11452
2023-04-12 11:41:13,35,38,3308,11452
2023-04-12 11:41:13,35,36,3308,11452
2023-04-12 11:41:22,35,38,3308,11452
2023-04-12 11:41:22,35,36,3308,11452
2023-04-12 11:41:31,35,38,3308,11452
2023-04-12 11:41:32,35,37,3308,11452
2023-04-12 11:41:41,34,35,3308,11454
2023-04-12 11:41:51,34,37,3308,11454
2023-04-12 11:41:51,35,37,3308,11454
2023-04-12 11:41:58,34,37,3308,11454
2023-04-12 11:41:58,34,35,3308,11454
2023-04-12 11:42:06,34,37,3308,11454
2023-04-12 11:42:07,34,35,3308,11454
2023-04-12 11:42:07,35,37,3308,11460
2023-04-12 11:42:07,35,36,3308,11460
2023-04-12 11:42:14,34,36,3308,11460
2023-04-12 11:42:14,34,37,3308,11460
2023-04-12 11:42:14,35,37,3308,11460
2023-04-12 11:42:14,35,36,3308,11460
2023-04-12 11:42:22,34,36,3308,11460
2023-04-12 11:42:24,34,35,3308,11460
2023-04-12 11:42:30,34,37,3308,11460
2023-04-12 11:42:30,34,37,3270,11500
2023-04-12 11:42:30,34,36,3270,11500
2023-04-12 11:42:36,34,35,3270,11500
2023-04-12 11:42:39,33,35,3195,11580
2023-04-12 11:42:46,33,35,3150,11660
2023-04-12 11:42:47,31,35,3150,11660
2023-04-12 11:42:54,33,35,3150,11660
2023-04-12 11:42:54,33,34,3150,11660
2023-04-12 11:42:58,32,34,3310,11820
2023-04-12 11:42:58,32,34,3330,11840
2023-04-12 11:43:03,33,34,3330,11840
2023-04-12 11:43:19,32,34,3330,11840
2023-04-12 11:43:19,33,34,3330,11840
2023-04-12 11:43:29,32,34,3330,11840
2023-04-12 11:43:29,33,34,3330,11840
2023-04-12 11:43:37,32,34,3330,11840
2023-04-12 11:43:47,33,34,3330,11840
2023-04-12 11:43:54,32,34,3330,11840
2023-04-12 11:43:54,32,33,3330,11840
2023-04-12 11:44:03,32,34,3330,11840
2023-04-12 11:44:03,32,33,3330,11840
2023-04-12 11:44:11,32,34,3330,11840
2023-04-12 11:44:11,32,33,3330,11840
2023-04-12 11:44:21,32,34,3330,11840
2023-04-12 11:44:21,33,34,3330,11840
2023-04-12 11:44:28,31,34,3330,11840
2023-04-12 11:44:28,33,34,3330,11840
2023-04-12 11:44:39,31,34,3330,11840
2023-04-12 11:44:39,32,34,3330,11840
2023-04-12 11:44:39,32,33,3330,11840
2023-04-12 11:44:45,31,33,3330,11840
2023-04-12 11:44:45,31,34,3330,11840
2023-04-12 11:44:45,32,34,3330,11840
2023-04-12 11:44:45,32,33,3330,11840
2023-04-12 11:44:52,32,34,3330,11840
2023-04-12 11:44:52,32,33,3330,11840
2023-04-12 11:45:03,31,32,3330,11842
2023-04-12 11:45:45,30,32,3330,11842
2023-04-12 11:46:00,30,31,3330,11842
2023-04-12 11:46:00,30,31,3580,12092
2023-04-12 11:46:07,28,30,3580,12096
2023-04-12 11:46:09,28,30,3580,12096
2023-04-12 11:46:17,27,30,3580,12096
2023-04-12 11:46:19,28,30,3580,12096
2023-04-12 11:46:24,28,29,3580,12096
2023-04-12 11:46:41,27,29,3580,12112
2023-04-12 11:46:43,25,27,3580,12340
2023-04-12 11:46:43,26,27,3580,12340
2023-04-12 11:46:47,26,28,3580,12340
2023-04-12 11:46:48,26,29,3580,12340
2023-04-12 11:46:50,27,29,3580,12340
2023-04-12 11:46:52,27,28,3580,12340
2023-04-12 11:47:13,27,28,3830,12590
2023-04-12 11:48:20,25,27,3830,12592
2023-04-12 11:48:29,25,28,3830,12592
2023-04-12 11:48:29,25,27,3830,12592
2023-04-12 11:48:36,25,28,3830,12592
2023-04-12 11:48:36,25,27,3830,12592
2023-04-12 11:48:37,25,27,3830,13342
2023-04-12 11:48:39,26,27,3830,13342
2023-04-12 11:48:46,27,28,3830,13346
2023-04-12 11:48:55,26,28,3830,13346
2023-04-12 11:49:27,26,28,3830,13350
2023-04-12 11:49:27,25,28,3830,13350
2023-04-12 11:49:27,25,27,3830,13350
2023-04-12 11:49:43,25,27,3831,13351
2023-04-12 11:49:50,14,27,3831,13351
2023-04-12 11:49:56,25,27,3831,13351
2023-04-12 11:49:58,25,26,3831,13351
2023-04-12 11:50:33,23,26,3831,13355
2023-04-12 11:51:03,24,26,3831,13355
2023-04-12 11:51:06,23,26,3831,13355
2023-04-12 11:51:08,23,27,3831,13355
2023-04-12 11:51:19,25,27,3831,13355
2023-04-12 11:51:49,26,27,3831,13355
2023-04-12 11:51:51,25,27,3831,13475
2023-04-12 11:51:58,26,27,3831,13475
2023-04-12 11:52:05,25,27,3831,13475
2023-04-12 11:52:06,26,27,3831,13475
2023-04-12 11:52:27,26,27,3831,13740
2023-04-12 11:52:30,25,27,3831,13740
2023-04-12 11:52:37,25,26,3831,13740
2023-04-12 11:52:53,23,26,3831,13740
2023-04-12 11:52:53,23,26,3831,13990
2023-04-12 11:52:57,23,25,3831,13990
2023-04-12 11:53:04,23,26,3831,13990
2023-04-12 11:53:04,24,26,3831,13990
2023-04-12 11:53:05,24,25,3831,13990
2023-04-12 11:53:34,22,25,3831,13990
2023-04-12 11:53:39,23,25,3831,13990
2023-04-12 11:53:43,22,25,3831,13990
2023-04-12 11:54:05,23,25,3831,13990
2023-04-12 11:54:21,23,26,3831,13990
2023-04-12 11:54:22,24,26,3831,13990
2023-04-12 11:54:39,23,26,3831,13990
2023-04-12 11:54:39,25,26,3831,13990
2023-04-12 11:55:28,24,26,3831,13990
2023-04-12 11:55:29,25,26,3831,13990
2023-04-12 11:55:37,24,26,3831,13990
2023-04-12 11:55:45,24,25,3831,13990
2023-04-12 11:55:46,24,26,3831,13990
2023-04-12 11:55:51,24,25,3831,13990
2023-04-12 11:56:11,23,25,3831,13990
2023-04-12 11:56:22,23,24,3831,13990
2023-04-12 11:56:23,23,25,3831,13990
2023-04-12 11:56:31,23,24,3831,13990
2023-04-12 11:57:07,21,23,3831,14172
2023-04-12 11:57:08,22,23,3831,14172
2023-04-12 11:57:17,20,23,3831,14172
2023-04-12 11:57:17,21,23,3831,14172
2023-04-12 11:57:25,20,22,3831,14172
2023-04-12 11:57:25,20,23,3831,14172
2023-04-12 11:57:26,20,22,3831,14172
2023-04-12 11:57:53,18,22,3831,14172
2023-04-12 11:57:58,20,22,3831,14172
2023-04-12 11:58:06,18,21,3831,14172
2023-04-12 11:58:06,18,22,3831,14172
2023-04-12 11:58:07,20,22,3831,14172
2023-04-12 11:58:16,20,21,3831,14172
2023-04-12 11:58:20,20,22,3869,14210
2023-04-12 11:58:21,20,21,3869,14210
2023-04-12 11:58:21,20,22,3869,14210
2023-04-12 11:58:24,19,22,3869,14210
2023-04-12 11:58:25,19,21,3869,14210
2023-04-12 11:58:25,20,21,3869,14210
2023-04-12 11:58:31,21,22,3907,14248
2023-04-12 11:58:31,21,22,4157,14498
2023-04-12 11:58:31,21,22,4195,14536
2023-04-12 11:58:31,21,22,4305,14646
2023-04-12 11:58:39,21,23,4305,14646
2023-04-12 11:58:39,21,22,4305,14646
2023-04-12 11:58:40,21,23,4305,14646
2023-04-12 11:59:51,20,23,4305,14646
2023-04-12 12:00:05,20,22,4305,14646
2023-04-12 12:00:07,20,23,4305,14646
2023-04-12 12:00:11,22,23,4305,14646
2023-04-12 12:00:44,21,22,4305,14651
2023-04-12 12:01:05,20,21,4305,14656
2023-04-12 12:01:16,18,20,4305,14658
2023-04-12 12:01:25,17,20,4305,14658
2023-04-12 12:01:37,18,20,4305,14658
2023-04-12 12:02:09,18,19,4305,14658
2023-04-12 12:02:13,18,20,4305,14658
2023-04-12 12:02:22,16,20,4305,14658
2023-04-12 12:02:26,16,19,4305,14658
2023-04-12 12:03:09,19,20,4305,14660
2023-04-12 12:03:16,16,20,4305,14660
2023-04-12 12:03:16,19,20,4305,14660
2023-04-12 12:03:32,18,20,4305,14660
2023-04-12 12:03:32,18,20,4305,14960
2023-04-12 12:03:33,19,20,4305,14960
2023-04-12 12:04:24,18,20,4305,14960
2023-04-12 12:04:24,19,20,4305,14960
2023-04-12 12:05:39,19,20,4305,15080
2023-04-12 12:06:27,18,19,4305,15082
2023-04-12 12:07:22,18,19,4305,15142
2023-04-12 12:08:24,17,19,4305,15142
2023-04-12 12:08:31,18,19,4305,15142
2023-04-12 12:08:40,17,19,4305,15142
2023-04-12 12:08:40,18,19,4305,15142
2023-04-12 12:08:59,17,18,4305,15144
2023-04-12 12:09:48,17,18,4305,15264
2023-04-12 12:11:00,17,18,4305,15462
2023-04-12 12:11:10,17,19,4305,15462
2023-04-12 12:11:27,18,19,4305,15462
2023-04-12 12:11:44,17,19,4305,15462
2023-04-12 12:11:59,18,19,4305,15462
2023-04-12 12:12:05,17,19,4305,15462
2023-04-12 12:12:16,17,18,4305,15462
2023-04-12 12:12:39,16,18,4305,15462
2023-04-12 12:12:40,16,17,4305,15462
2023-04-12 12:13:00,16,18,4305,15462
2023-04-12 12:13:01,16,19,4305,15462
2023-04-12 12:13:04,16,18,4305,15462
2023-04-12 12:13:22,16,17,4305,15462
2023-04-12 12:13:48,16,19,4305,15464
2023-04-12 12:13:48,16,18,4305,15464
2023-04-12 12:14:17,16,17,4305,15464
2023-04-12 12:14:39,16,19,4305,15466
2023-04-12 12:14:39,16,18,4305,15466
2023-04-12 12:14:46,16,17,4305,15466
2023-04-12 12:14:47,16,19,4305,15468
2023-04-12 12:14:47,16,18,4305,15468
2023-04-12 12:15:21,17,18,4305,15468
2023-04-12 12:15:23,16,18,4305,15468
2023-04-12 12:15:25,16,17,4305,15468
2023-04-12 12:15:48,16,19,4305,15468
2023-04-12 12:15:48,16,18,4305,15468
2023-04-12 12:16:08,16,19,4343,15508
2023-04-12 12:16:08,16,18,4343,15508
2023-04-12 12:16:12,16,17,4343,15508
2023-04-12 12:16:13,17,19,4343,15510
2023-04-12 12:16:13,17,18,4343,15510
2023-04-12 12:16:53,16,18,4343,15510
2023-04-12 12:16:53,16,17,4343,15510
2023-04-12 12:17:08,16,18,4343,15512
2023-04-12 12:17:26,17,18,4343,15512
2023-04-12 12:17:30,17,19,4343,15512
2023-04-12 12:17:30,17,18,4343,15512
2023-04-12 12:17:57,17,19,4381,15552
2023-04-12 12:17:57,18,19,4381,15552
2023-04-12 12:18:02,17,19,4381,15552
2023-04-12 12:18:02,18,19,4419,15590
2023-04-12 12:18:04,18,22,4419,15592
2023-04-12 12:18:04,18,21,4419,15592
2023-04-12 12:18:05,19,21,4419,15592
2023-04-12 12:18:05,19,21,4509,15682
2023-04-12 12:18:37,18,21,4523,15696
2023-04-12 12:18:41,18,20,4523,15696
2023-04-12 12:18:52,18,19,4523,15696
2023-04-12 12:19:17,18,19,4527,15700
2023-04-12 12:19:23,17,19,4527,15700
2023-04-12 12:19:54,17,18,4527,15700
2023-04-12 12:20:14,18,19,4527,15702
2023-04-12 12:20:25,17,19,4527,15702
2023-04-12 12:20:38,17,21,4527,15702
2023-04-12 12:20:38,17,20,4527,15702
2023-04-12 12:20:40,19,20,4527,15702
2023-04-12 12:20:49,17,20,4527,15702
2023-04-12 12:21:08,18,20,4527,15702
2023-04-12 12:21:13,18,19,4527,15702
2023-04-12 12:21:34,18,21,4527,15702
2023-04-12 12:21:34,18,20,4527,15702
2023-04-12 12:21:46,18,21,4527,15702
2023-04-12 12:21:52,19,21,4527,15702
2023-04-12 12:21:53,19,22,4527,15702
2023-04-12 12:21:53,19,21,4527,15702
2023-04-12 12:21:57,19,22,4527,15702
2023-04-12 12:21:57,19,21,4527,15702
2023-04-12 12:22:16,19,20,4527,15702
2023-04-12 12:22:45,18,20,4527,15702
2023-04-12 12:22:46,17,20,4527,15702
2023-04-12 12:22:50,17,19,4527,15702
2023-04-12 12:23:06,16,19,4527,15702
2023-04-12 12:23:35,17,19,4527,15702
2023-04-12 12:23:42,17,18,4527,15702
2023-04-12 12:23:56,17,19,4527,15704
2023-04-12 12:24:02,17,21,4527,15704
2023-04-12 12:24:02,17,20,4527,15704
2023-04-12 12:24:05,18,20,4527,15704
2023-04-12 12:24:13,17,20,4527,15704
2023-04-12 12:25:00,17,19,4527,15704
2023-04-12 12:25:38,17,20,4527,15704
2023-04-12 12:25:38,17,19,4527,15704
2023-04-12 12:26:01,16,19,4527,15704
2023-04-12 12:26:26,16,18,4527,15704
2023-04-12 12:27:22,16,17,4527,15704
2023-04-12 12:27:32,15,17,4527,15704
2023-04-12 12:27:32,15,16,4527,15704
2023-04-12 12:28:02,15,17,4563,15740
2023-04-12 12:28:03,15,16,4563,15740
2023-04-12 12:28:48,15,17,4563,15742
2023-04-12 12:29:02,15,18,4563,15742
2023-04-12 12:29:03,15,19,4563,15742
2023-04-12 12:29:05,16,19,4563,15742
2023-04-12 12:29:07,16,18,4563,15742
2023-04-12 12:29:40,16,17,4563,15742
2023-04-12 12:30:23,15,17,4563,15742
2023-04-12 12:30:24,15,18,4563,15742
2023-04-12 12:30:24,15,17,4563,15742
2023-04-12 12:31:31,14,17,4563,15742
2023-04-12 12:31:37,15,17,4563,15742
2023-04-12 12:31:54,15,16,4563,15742
2023-04-12 12:32:31,14,16,4563,15742
2023-04-12 12:32:31,13,16,4563,15742
2023-04-12 12:32:51,13,17,4563,15742
2023-04-12 12:32:51,13,16,4563,15742
2023-04-12 12:33:47,14,16,4563,15742
2023-04-12 12:34:06,14,15,4563,15742
2023-04-12 12:34:40,14,16,4563,15742
2023-04-12 12:34:41,14,17,4563,15742
2023-04-12 12:34:41,14,16,4563,15742
2023-04-12 12:34:43,15,16,4563,15742
2023-04-12 12:35:05,15,17,4599,15778
2023-04-12 12:35:05,15,16,4599,15778
2023-04-12 12:37:46,15,17,4635,15815
2023-04-12 12:37:46,15,16,4635,15815
2023-04-12 12:37:47,15,17,4635,15815
2023-04-12 12:37:55,15,19,4635,15815
2023-04-12 12:37:59,15,18,4635,15815
2023-04-12 12:38:08,16,18,4635,15815
2023-04-12 12:38:34,15,18,4635,15815
2023-04-12 12:39:18,15,17,4635,15815
2023-04-12 12:39:18,15,16,4635,15815
2023-04-12 12:39:50,14,16,4635,15815
2023-04-12 12:40:35,15,16,4635,15815
2023-04-12 12:40:54,15,18,4672,15852
2023-04-12 12:40:54,15,17,4672,15852
2023-04-12 12:41:10,16,17,4672,15852
2023-04-12 12:41:48,16,18,4672,15852
2023-04-12 12:41:49,16,20,4672,15852
2023-04-12 12:41:49,16,19,4672,15852
2023-04-12 12:41:54,16,20,4672,15852
2023-04-12 12:41:54,16,19,4672,15852
2023-04-12 12:42:31,17,19,4672,15852
2023-04-12 12:42:37,17,18,4672,15852
2023-04-12 12:42:46,18,19,4707,15887
2023-04-12 12:43:18,18,21,4707,15887
2023-04-12 12:43:18,18,20,4707,15887
2023-04-12 12:43:18,19,20,4707,15887
2023-04-12 12:43:29,19,20,4957,16137
2023-04-12 12:43:32,18,20,4957,16137
2023-04-12 12:44:19,18,19,4957,16137
2023-04-12 12:44:33,18,20,4957,16137
2023-04-12 12:44:33,18,19,4957,16137
2023-04-12 12:45:26,18,21,4957,16137
2023-04-12 12:45:32,18,20,4957,16137
2023-04-12 12:45:32,18,19,4957,16137
2023-04-12 12:46:06,16,19,4957,16137
2023-04-12 12:46:29,16,18,4957,16137
2023-04-12 12:46:29,16,17,4957,16137
2023-04-12 12:46:40,15,17,4957,16137
2023-04-12 12:47:05,15,16,4957,16137
2023-04-12 12:47:11,13,16,4957,16137
2023-04-12 12:47:13,13,15,4957,16137
2023-04-12 12:47:45,12,15,4957,16137
2023-04-12 12:47:54,13,15,4957,16137
2023-04-12 12:48:33,14,15,4957,16137
2023-04-12 12:48:34,14,15,5113,16293
2023-04-12 12:48:37,13,15,5113,16293
2023-04-12 12:48:58,14,15,5113,16293
2023-04-12 12:48:59,14,15,5265,16445
2023-04-12 12:49:01,15,16,5271,16451
2023-04-12 12:49:15,15,17,5271,16451
2023-04-12 12:49:25,15,16,5271,16451
2023-04-12 12:50:11,14,16,5271,16451
2023-04-12 12:50:49,15,16,5271,16451
2023-04-12 12:51:40,15,16,5306,16486
2023-04-12 12:51:56,16,17,5308,16488
2023-04-12 12:52:13,16,19,5308,16488
2023-04-12 12:52:13,16,18,5308,16488
2023-04-12 12:52:35,16,18,5318,16498
2023-04-12 12:52:59,16,17,5318,16498
2023-04-12 12:53:21,15,17,5318,16498
2023-04-12 12:53:21,15,16,5318,16498
2023-04-12 12:54:32,14,16,5318,16498
2023-04-12 12:54:33,13,16,5318,16498
2023-04-12 12:54:41,13,15,5318,16498
2023-04-12 12:54:54,12,15,5318,16498
2023-04-12 12:55:10,12,14,5318,16498
2023-04-12 12:56:07,12,13,5318,16498
2023-04-12 12:56:16,12,14,5318,16498
2023-04-12 12:56:43,12,13,5318,16498
2023-04-12 12:56:44,12,14,5318,16498
2023-04-12 12:57:12,12,13,5318,16498
2023-04-12 12:59:09,12,13,5355,16535
2023-04-12 13:00:06,10,12,5348,16757
2023-04-12 13:00:49,11,12,5348,16757
2023-04-12 13:01:37,11,13,5348,16759
2023-04-12 13:01:49,11,14,5348,16759
2023-04-12 13:01:49,11,13,5348,16759
2023-04-12 13:01:49,11,14,5348,16759
2023-04-12 13:01:54,12,14,5348,16759
2023-04-12 13:02:03,13,14,5348,16759
2023-04-12 13:02:04,13,16,5350,16761
2023-04-12 13:02:04,13,15,5350,16761
2023-04-12 13:02:15,14,15,5350,16761
2023-04-12 13:03:47,13,15,5350,16761
2023-04-12 13:03:51,13,14,5350,16761
2023-04-12 13:04:06,13,15,5350,16761
2023-04-12 13:04:28,13,16,5350,16761
2023-04-12 13:04:28,13,15,5350,16761
2023-04-12 13:04:54,13,14,5350,16761
2023-04-12 13:05:18,12,14,5350,16761
2023-04-12 13:05:19,12,13,5350,16761
2023-04-12 13:05:19,11,13,5350,16761
2023-04-12 13:05:19,12,13,5350,16761
2023-04-12 13:05:51,10,13,5350,16761
2023-04-12 13:06:13,11,13,5350,16761
2023-04-12 13:06:41,11,13,5387,16910
2023-04-12 13:06:41,11,12,5387,16910
2023-04-12 13:06:47,10,12,5387,16910
2023-04-12 13:07:55,10,11,5387,16910
2023-04-12 13:07:58,10,12,5387,16910
2023-04-12 13:08:01,10,11,5387,16910
2023-04-12 13:08:44,9,11,5387,16910
2023-04-12 13:08:44,9,10,5387,16910
2023-04-12 13:10:10,8,9,5385,17164
2023-04-12 13:11:17,6,8,5385,17168
2023-04-12 13:11:45,6,7,5385,17168
2023-04-12 13:12:23,6,7,5387,17170
2023-04-12 13:12:56,6,8,5387,17170
2023-04-12 13:13:02,6,7,5387,17170
2023-04-12 13:13:05,6,8,5387,17170
2023-04-12 13:13:08,6,7,5387,17170
2023-04-12 13:13:12,6,8,5387,17170
2023-04-12 13:13:14,6,7,5387,17170
2023-04-12 13:15:50,6,8,5387,17170
2023-04-12 13:15:53,7,8,5387,17170
2023-04-12 13:16:17,6,8,5387,17170
2023-04-12 13:17:50,7,8,5387,17170
2023-04-12 13:18:11,7,10,5387,17170
2023-04-12 13:18:11,7,9,5387,17170
2023-04-12 13:18:43,7,8,5387,17170
2023-04-12 13:19:04,7,10,5387,17170
2023-04-12 13:19:04,7,9,5387,17170
2023-04-12 13:19:13,8,9,5387,17170
2023-04-12 13:20:01,8,10,5387,17170
2023-04-12 13:22:03,9,10,5387,17170
2023-04-12 13:22:21,8,10,5387,17170
2023-04-12 13:23:31,8,10,5392,17266
2023-04-12 13:23:43,9,10,5392,17266
2023-04-12 13:23:46,9,11,5392,17266
2023-04-12 13:26:18,8,11,5392,17266
2023-04-12 13:27:14,8,10,5392,17266
2023-04-12 13:27:36,7,10,5392,17266
2023-04-12 13:27:46,7,9,5392,17266
2023-04-12 13:28:18,6,9,5392,17266
2023-04-12 13:28:38,6,8,5392,17266
2023-04-12 13:28:39,6,9,5392,17266
2023-04-12 13:28:40,6,8,5392,17266
2023-04-12 13:28:43,6,9,5392,17266
2023-04-12 13:29:33,7,9,5392,17266
2023-04-12 13:30:11,6,9,5392,17266
2023-04-12 13:30:12,6,8,5392,17266
2023-04-12 13:30:14,6,7,5392,17266
2023-04-12 13:38:19,6,9,5392,17268
2023-04-12 13:38:24,7,9,5392,17268
2023-04-12 13:38:49,7,11,5397,17277
2023-04-12 13:38:50,8,11,5397,17277
2023-04-12 13:39:08,9,11,5397,17277
2023-04-12 13:39:16,8,11,5397,17277
2023-04-12 13:39:17,9,11,5397,17277
2023-04-12 13:42:23,10,11,5397,17277
2023-04-12 13:43:27,11,12,5404,17308
2023-04-12 13:47:45,11,12,5504,17408
2023-04-12 13:48:54,10,12,5504,17408
2023-04-12 13:48:54,11,12,5504,17408
2023-04-12 13:49:24,10,12,5504,17408
2023-04-12 13:49:24,9,12,5504,17408
2023-04-12 13:49:26,10,12,5504,17408
2023-04-12 13:49:41,11,12,5504,17408
2023-04-12 13:50:14,11,12,5567,17471
2023-04-12 13:51:00,10,12,5567,17471
2023-04-12 13:51:37,11,12,5567,17471
2023-04-12 13:51:50,10,12,5558,17480
2023-04-12 13:52:32,11,12,5558,17480
2023-04-12 13:53:24,9,11,5558,17482
2023-04-12 13:53:35,10,11,5558,17482
2023-04-12 13:54:56,10,11,5599,17523
2023-04-12 13:55:11,10,11,6015,17939
2023-04-12 13:58:54,9,11,6015,17939
2023-04-12 14:00:11,10,11,6015,17939
2023-04-12 14:00:25,9,11,6014,17941
2023-04-12 14:00:43,6,11,6014,17948
2023-04-12 14:00:43,7,11,6014,17948
2023-04-12 14:00:50,7,9,6014,17948
2023-04-12 14:00:54,7,11,6014,17948
2023-04-12 14:00:57,8,11,6014,17948
2023-04-12 14:01:12,10,11,6014,17948
2023-04-12 14:01:30,12,13,6592,18530
2023-04-12 14:01:31,12,18,6592,18530
2023-04-12 14:01:31,12,17,6592,18530
2023-04-12 14:01:32,12,16,6592,18530
2023-04-12 14:01:32,12,15,6592,18530
2023-04-12 14:01:37,12,14,6592,18530
2023-04-12 14:02:02,12,13,6592,18530
2023-04-12 14:02:03,10,13,6592,18532
2023-04-12 14:02:04,8,13,6592,18532
2023-04-12 14:02:06,8,11,6592,18532
2023-04-12 14:02:26,8,10,6592,18532
2023-04-12 14:03:07,8,9,6592,18532
2023-04-12 14:03:13,8,9,6565,18559
2023-04-12 14:03:18,8,10,6565,18559
2023-04-12 14:03:19,8,9,6565,18559
2023-04-12 14:03:51,8,10,6565,18559
2023-04-12 14:04:15,8,9,6565,18559
2023-04-12 14:05:25,8,10,6565,18564
2023-04-12 14:05:32,9,10,6565,18564
2023-04-12 14:05:34,9,11,6565,18564
2023-04-12 14:05:53,9,10,6565,18564
2023-04-12 14:06:00,8,10,6590,18589
2023-04-12 14:06:00,7,10,6615,18614
2023-04-12 14:06:01,8,10,6615,18614
2023-04-12 14:06:02,6,10,6615,18614
2023-04-12 14:06:02,7,10,6615,18614
2023-04-12 14:06:03,8,10,6615,18614
2023-04-12 14:06:06,8,9,6615,18614
2023-04-12 14:06:18,6,9,6615,18614
2023-04-12 14:06:18,7,9,6615,18614
2023-04-12 14:06:20,8,9,6615,18614
2023-04-12 14:07:03,6,8,6585,18646
2023-04-12 14:07:04,7,8,6585,18646
2023-04-12 14:07:31,6,7,6555,18676
2023-04-12 14:07:32,6,7,6525,18706
2023-04-12 14:08:09,5,6,6495,18986
2023-04-12 14:08:10,5,6,6465,19016
2023-04-12 14:08:11,5,6,6435,19046
2023-04-12 14:08:13,5,6,6405,19076
2023-04-12 14:08:14,5,6,6375,19106
2023-04-12 14:08:16,5,6,6345,19136
2023-04-12 14:08:17,5,6,6342,19166
2023-04-12 14:08:18,5,6,6342,19196
2023-04-12 14:08:19,6,7,6342,19198
2023-04-12 14:08:53,6,9,6342,19198
2023-04-12 14:09:10,7,9,6342,19198
2023-04-12 14:09:25,8,9,6342,19198
2023-04-12 14:09:31,8,12,6342,19198
2023-04-12 14:09:31,8,11,6342,19198
2023-04-12 14:09:32,8,10,6342,19198
2023-04-12 14:09:33,8,12,6342,19198
2023-04-12 14:09:33,8,11,6342,19198
2023-04-12 14:09:37,8,12,6374,19260
2023-04-12 14:09:37,10,11,6374,19260
2023-04-12 14:09:37,10,12,6374,19260
2023-04-12 14:09:37,10,11,6374,19260
2023-04-12 14:09:39,11,12,6375,19290
2023-04-12 14:09:39,11,12,6405,19320
2023-04-12 14:09:42,11,12,6435,19350
2023-04-12 14:09:43,11,12,6465,19380
2023-04-12 14:09:43,12,14,6498,19418
2023-04-12 14:09:43,12,13,6498,19418
2023-04-12 14:09:44,12,13,6528,19448
2023-04-12 14:09:45,12,13,6558,19478
2023-04-12 14:09:46,12,13,6588,19508
2023-04-12 14:09:47,11,13,6588,19508
2023-04-12 14:09:47,11,13,6618,19538
2023-04-12 14:09:48,12,13,6618,19538
2023-04-12 14:09:50,12,13,6648,19568
2023-04-12 14:09:55,12,13,6678,19598
2023-04-12 14:09:56,12,14,6678,19598
2023-04-12 14:10:05,11,14,6678,19598
2023-04-12 14:10:06,11,15,6678,19598
2023-04-12 14:10:06,11,14,6678,19598
2023-04-12 14:10:25,12,13,6678,19598
2023-04-12 14:10:26,13,15,6686,19606
2023-04-12 14:10:26,13,14,6686,19606
2023-04-12 14:10:28,13,15,6686,19606
2023-04-12 14:10:28,12,15,6978,19898
2023-04-12 14:10:29,13,15,6978,19898
2023-04-12 14:10:29,13,17,6978,19898
2023-04-12 14:10:31,13,15,6978,19898
2023-04-12 14:10:33,12,15,6978,19898
2023-04-12 14:10:35,12,14,6978,19898
2023-04-12 14:10:35,13,14,6978,19898
2023-04-12 14:10:39,13,14,6978,19928
2023-04-12 14:10:40,12,14,6978,19970
2023-04-12 14:10:48,12,15,6978,19970
2023-04-12 14:10:52,10,15,6978,19970
2023-04-12 14:10:57,10,13,6978,19970
2023-04-12 14:11:04,10,15,6978,19970
2023-04-12 14:11:04,10,14,6978,19970
2023-04-12 14:11:11,10,15,6978,19970
2023-04-12 14:11:12,10,15,6978,19970
2023-04-12 14:11:13,10,14,6978,19970
2023-04-12 14:11:18,11,14,6978,19970
2023-04-12 14:11:25,12,14,6978,19970
2023-04-12 14:11:28,12,15,6978,19970
2023-04-12 14:11:36,11,15,6978,19970
2023-04-12 14:11:37,12,15,6978,19970
2023-04-12 14:11:46,12,14,6978,19970
2023-04-12 14:11:59,11,14,6967,19983
2023-04-12 14:12:30,11,12,6967,19983
2023-04-12 14:12:30,11,12,6967,19984
2023-04-12 14:12:30,11,12,6967,19985
2023-04-12 14:12:30,11,12,6967,19986
2023-04-12 14:12:31,10,12,6967,19999
2023-04-12 14:12:35,9,12,6967,19999
2023-04-12 14:12:57,9,11,6967,19999
2023-04-12 14:12:57,7,11,6967,20001
2023-04-12 14:12:57,7,10,6967,20001
2023-04-12 14:12:57,8,10,6967,20001
2023-04-12 14:13:22,6,10,6967,20001
2023-04-12 14:13:22,7,10,6967,20001
2023-04-12 14:13:25,7,8,6967,20001
2023-04-12 14:14:27,6,8,6937,20033
2023-04-12 14:14:29,7,8,6937,20033
2023-04-12 14:14:57,6,7,6907,20063
2023-04-12 14:14:58,6,7,6907,20065
2023-04-12 14:14:58,6,7,6877,20095
2023-04-12 14:15:02,6,8,6877,20095
2023-04-12 14:15:02,4,7,6819,20153
2023-04-12 14:15:03,5,7,6819,20153
2023-04-12 14:15:17,4,7,6819,20153
2023-04-12 14:15:17,5,7,6819,20153
2023-04-12 14:15:18,3,7,6819,20153
2023-04-12 14:15:18,4,7,6819,20153
2023-04-12 14:15:52,5,7,6819,20153
2023-04-12 14:15:53,6,7,6819,20153
2023-04-12 14:16:08,4,7,6819,20153
2023-04-12 14:16:08,5,7,6819,20153
2023-04-12 14:16:18,4,7,6819,20153
2023-04-12 14:16:18,5,7,6819,20153
2023-04-12 14:16:31,5,6,6819,20153
2023-04-12 14:16:33,5,6,6789,20183
2023-04-12 14:16:34,5,6,6759,20213
2023-04-12 14:16:35,5,6,6729,20243
2023-04-12 14:16:36,5,6,6699,20273
2023-04-12 14:16:38,5,6,6696,20303
2023-04-12 14:16:41,5,6,6696,20333
2023-04-12 14:16:43,5,6,6696,20363
2023-04-12 14:16:43,5,7,6696,20363
2023-04-12 14:17:09,6,7,6696,20363
2023-04-12 14:18:49,5,6,6696,20395
2023-04-12 14:18:50,5,6,6696,20425
2023-04-12 14:18:51,5,6,6696,20455
2023-04-12 14:18:52,5,6,6696,20485
2023-04-12 14:18:56,5,6,6696,20515
2023-04-12 14:18:58,5,6,6696,20545
2023-04-12 14:18:59,5,6,6696,20575
2023-04-12 14:19:12,4,6,6696,20575
2023-04-12 14:20:19,4,5,6696,20575
2023-04-12 14:21:20,4,6,6796,20677
2023-04-12 14:21:25,4,8,6796,20677
2023-04-12 14:21:26,4,7,6796,20677
2023-04-12 14:21:34,4,8,6796,20677
2023-04-12 14:21:37,4,7,6796,20677
2023-04-12 14:21:51,4,8,6796,20677
2023-04-12 14:22:03,4,7,6796,20677
2023-04-12 14:22:08,6,7,6796,20677
2023-04-12 14:22:44,6,8,6796,20677
2023-04-12 14:23:08,6,7,6796,20677
2023-04-12 14:23:11,6,8,6796,20677
2023-04-12 14:23:24,6,7,6796,20677
2023-04-12 14:23:28,6,8,6796,20677
2023-04-12 14:23:34,6,7,6796,20677
2023-04-12 14:23:41,5,7,6796,20677
2023-04-12 14:24:05,5,8,6796,20677
2023-04-12 14:24:29,5,7,6796,20677
2023-04-12 14:25:03,6,7,6796,20677
2023-04-12 14:25:27,7,8,6796,20683
2023-04-12 14:25:43,6,8,6796,20683
2023-04-12 14:25:45,6,7,6796,20683
2023-04-12 14:25:47,6,8,6796,20689
2023-04-12 14:25:58,7,8,6796,20689
2023-04-12 14:26:03,7,10,6796,20697
2023-04-12 14:26:03,7,9,6796,20697
2023-04-12 14:26:03,7,10,6796,20697
2023-04-12 14:26:04,7,11,6796,20697
2023-04-12 14:26:04,8,11,6796,20697
2023-04-12 14:26:04,8,10,6796,20697
2023-04-12 14:26:13,9,10,6796,20697
2023-04-12 14:26:15,9,12,6796,20697
2023-04-12 14:26:15,9,11,6796,20697
2023-04-12 14:26:17,9,10,6796,20697
2023-04-12 14:26:38,10,11,6897,20829
2023-04-12 14:26:38,10,11,6901,20833
2023-04-12 14:26:38,10,11,6905,20837
2023-04-12 14:26:40,10,11,6977,20909
2023-04-12 14:26:40,10,14,7005,20967
2023-04-12 14:26:41,10,13,7005,20967
2023-04-12 14:26:44,10,12,7005,20967
2023-04-12 14:26:45,10,15,7005,20967
2023-04-12 14:26:45,10,14,7005,20967
2023-04-12 14:26:45,11,14,7005,20967
2023-04-12 14:26:45,12,14,7005,20967
2023-04-12 14:26:47,12,14,7005,20997
2023-04-12 14:26:48,12,14,7005,21027
2023-04-12 14:26:49,11,12,7005,21029
2023-04-12 14:26:50,11,12,7005,21059
2023-04-12 14:26:51,11,12,7005,21089
2023-04-12 14:26:53,11,12,7005,21119
2023-04-12 14:26:54,11,12,7005,21149
2023-04-12 14:26:55,11,12,7005,21179
2023-04-12 14:26:57,11,12,7010,21209
2023-04-12 14:26:59,10,12,7010,21209
2023-04-12 14:27:01,11,12,7070,21269
2023-04-12 14:27:02,11,12,7100,21299
2023-04-12 14:27:04,10,11,7113,21312
2023-04-12 14:27:11,10,12,7160,21359
2023-04-12 14:27:12,10,11,7160,21359
2023-04-12 14:27:13,11,12,7190,21389
2023-04-12 14:27:13,11,12,7220,21419
2023-04-12 14:27:16,11,14,7278,21477
2023-04-12 14:27:17,13,14,7278,21477
2023-04-12 14:27:19,11,14,7278,21477
2023-04-12 14:27:21,16,17,7378,21577
2023-04-12 14:27:23,16,19,7378,21577
2023-04-12 14:27:24,17,19,7378,21577
2023-04-12 14:27:28,16,20,7378,21577
2023-04-12 14:27:29,15,20,7378,21577
2023-04-12 14:27:29,18,20,7378,21577
2023-04-12 14:27:30,18,19,7378,21577
2023-04-12 14:27:34,18,20,7380,21579
2023-04-12 14:27:34,18,24,7380,21679
2023-04-12 14:27:35,18,25,7380,21679
2023-04-12 14:27:39,21,24,7380,21679
2023-04-12 14:27:40,23,24,7380,21679
2023-04-12 14:27:42,21,24,7380,21781
2023-04-12 14:27:44,21,23,7380,21781
2023-04-12 14:27:46,21,24,7380,21781
2023-04-12 14:27:47,21,23,7380,21781
2023-04-12 14:27:48,21,24,7380,21781
2023-04-12 14:27:49,21,23,7380,21781
2023-04-12 14:27:50,21,24,7380,21781
2023-04-12 14:27:55,19,24,7380,21781
2023-04-12 14:27:56,22,24,7380,21781
2023-04-12 14:27:58,20,24,7380,21883
2023-04-12 14:28:00,20,22,7380,21883
2023-04-12 14:28:03,20,24,7380,21883
2023-04-12 14:28:07,20,23,7380,21883
2023-04-12 14:28:10,20,22,7380,21883
2023-04-12 14:28:11,19,22,7380,21883
2023-04-12 14:28:11,20,23,7380,21883
2023-04-12 14:28:18,20,24,7380,21883
2023-04-12 14:28:21,20,23,7380,21883
2023-04-12 14:28:23,20,24,7380,21883
2023-04-12 14:28:35,21,24,7380,21883
2023-04-12 14:28:41,22,24,7380,21883
2023-04-12 14:28:49,24,25,7382,21887
2023-04-12 14:28:58,21,25,7382,21887
2023-04-12 14:28:58,23,25,7382,21887
2023-04-12 14:29:06,24,25,7382,21887
2023-04-12 14:29:08,25,26,7384,21889
2023-04-12 14:29:12,26,30,7384,22139
2023-04-12 14:29:16,26,32,7384,22139
2023-04-12 14:29:16,26,33,7384,22139
2023-04-12 14:29:16,28,33,7384,22139
2023-04-12 14:29:16,28,31,7384,22139
2023-04-12 14:29:16,28,32,7384,22139
2023-04-12 14:29:16,28,33,7384,22139
2023-04-12 14:29:16,28,32,7384,22139
2023-04-12 14:29:28,28,31,7384,22139
2023-04-12 14:29:30,28,33,7384,22139
2023-04-12 14:29:30,28,32,7384,22139
2023-04-12 14:29:34,28,33,7384,22139
2023-04-12 14:29:46,28,32,7384,22139
2023-04-12 14:29:47,28,33,7384,22139
2023-04-12 14:29:48,28,32,7384,22139
2023-04-12 14:29:54,28,32,7382,22391
2023-04-12 14:29:54,28,30,7382,22391
2023-04-12 14:29:57,27,30,7382,22491
2023-04-12 14:30:02,24,30,7382,22491
2023-04-12 14:30:02,24,31,7382,22491
2023-04-12 14:30:02,24,33,7382,22491
2023-04-12 14:30:02,26,33,7382,22491
2023-04-12 14:30:02,26,32,7382,22491
2023-04-12 14:30:03,26,33,7382,22491
2023-04-12 14:30:05,28,33,7382,22491
2023-04-12 14:30:06,28,32,7382,22491
2023-04-12 14:30:08,28,33,7382,22491
2023-04-12 14:30:18,30,33,7382,22491
2023-04-12 14:30:42,30,36,7384,22493
2023-04-12 14:30:45,31,36,7384,22493
2023-04-12 14:30:47,32,36,7384,22493
2023-04-12 14:30:53,33,36,7384,22493
2023-04-12 14:30:58,32,36,7384,22493
2023-04-12 14:31:00,33,36,7384,22493
2023-04-12 14:31:15,32,36,7384,22493
2023-04-12 14:31:16,34,36,7384,22493
2023-04-12 14:31:16,36,38,7386,22495
2023-04-12 14:31:17,36,40,7386,22495
2023-04-12 14:31:20,36,40,7384,22497
2023-04-12 14:31:20,37,40,7384,22497
2023-04-12 14:31:28,39,40,7384,22497
2023-04-12 14:31:33,40,42,7386,22499
2023-04-12 14:31:37,40,44,7386,22499
2023-04-12 14:31:37,40,43,7386,22499
2023-04-12 14:31:40,39,43,7386,22499
2023-04-12 14:31:40,39,44,7386,22499
2023-04-12 14:31:44,41,44,7386,22499
2023-04-12 14:31:51,41,44,7386,22519
2023-04-12 14:31:52,42,44,7386,22519
2023-04-12 14:31:57,42,43,7386,22519
2023-04-12 14:32:01,40,43,7384,22521
2023-04-12 14:32:14,40,42,7384,22521
2023-04-12 14:32:17,39,42,7384,22537
2023-04-12 14:32:17,39,41,7384,22537
2023-04-12 14:32:19,39,40,7384,22537
2023-04-12 14:32:19,37,40,7384,22537
2023-04-12 14:32:21,37,42,7384,22537
2023-04-12 14:32:23,36,39,7384,22634
2023-04-12 14:32:23,36,38,7384,22634
2023-04-12 14:32:26,35,38,7386,22636
2023-04-12 14:32:31,35,39,7386,22636
2023-04-12 14:32:31,37,39,7386,22636
2023-04-12 14:32:34,38,40,7386,22636
2023-04-12 14:32:36,37,40,7384,22638
2023-04-12 14:32:36,35,40,7384,22638
2023-04-12 14:32:40,35,39,7384,22638
2023-04-12 14:32:41,35,38,7384,22638
2023-04-12 14:32:42,34,38,7384,22642
2023-04-12 14:32:43,34,37,7384,22642
2023-04-12 14:32:43,34,37,7384,22850
2023-04-12 14:32:45,32,37,7384,22850
2023-04-12 14:32:45,32,38,7384,22850
2023-04-12 14:32:47,33,38,7384,22850
2023-04-12 14:32:48,33,39,7384,22850
2023-04-12 14:32:48,35,39,7384,22850
2023-04-12 14:32:48,35,40,7384,22850
2023-04-12 14:32:49,34,40,7384,22850
2023-04-12 14:32:51,38,40,7384,22850
2023-04-12 14:32:56,34,40,7384,22850
2023-04-12 14:32:56,34,39,7384,22850
2023-04-12 14:33:04,34,39,7384,22855
2023-04-12 14:33:11,34,39,7384,22860
2023-04-12 14:33:21,36,39,7384,22860
2023-04-12 14:33:25,35,39,7384,23110
2023-04-12 14:33:25,39,40,7386,23112
2023-04-12 14:33:26,39,40,7386,23359
2023-04-12 14:33:37,35,40,7388,23490
2023-04-12 14:33:41,35,40,7388,23491
2023-04-12 14:33:47,35,38,7388,23491
2023-04-12 14:33:48,34,38,7388,23491
2023-04-12 14:33:48,36,38,7388,23491
2023-04-12 14:33:50,34,38,7388,23491
2023-04-12 14:34:16,35,38,7388,23491
2023-04-12 14:34:37,35,40,7388,23491
2023-04-12 14:34:51,37,40,7388,23491
2023-04-12 14:34:54,35,40,7388,23491
2023-04-12 14:35:18,39,40,7388,23491
2023-04-12 14:35:19,39,42,7390,23493
2023-04-12 14:35:28,39,42,7390,23793
2023-04-12 14:35:29,39,42,7390,24093
2023-04-12 14:35:30,42,43,7392,24245
2023-04-12 14:35:37,39,43,7392,24245
2023-04-12 14:35:44,40,43,7392,24245
2023-04-12 14:35:50,41,43,7392,24245
2023-04-12 14:35:52,40,43,7392,24245
2023-04-12 14:36:04,40,46,7394,24497
2023-04-12 14:36:04,40,45,7394,24497
2023-04-12 14:36:09,42,45,7394,24497
2023-04-12 14:36:15,43,45,7394,24497
2023-04-12 14:36:16,43,45,7394,24506
2023-04-12 14:36:22,43,46,7394,24506
2023-04-12 14:36:22,43,47,7394,24506
2023-04-12 14:36:35,43,46,7394,24506
2023-04-12 14:36:37,43,45,7394,24506
2023-04-12 14:36:41,43,44,7394,24506
2023-04-12 14:36:42,43,44,7268,24845
2023-04-12 14:36:48,43,44,7268,24854
2023-04-12 14:37:01,43,44,7268,24863
2023-04-12 14:37:12,40,43,7230,24901
2023-04-12 14:37:14,40,43,7230,24902
2023-04-12 14:37:18,40,42,7230,24902
2023-04-12 14:37:22,41,42,7230,24902
2023-04-12 14:37:26,41,44,7230,24904
2023-04-12 14:37:27,41,43,7230,24904
2023-04-12 14:37:29,42,43,7230,24904
2023-04-12 14:37:30,42,43,7230,24919
2023-04-12 14:37:31,42,44,7230,24919
2023-04-12 14:37:33,41,44,7230,24919
2023-04-12 14:37:35,41,43,7230,24919
2023-04-12 14:37:35,41,42,7230,24919
2023-04-12 14:37:43,39,42,7230,24925
2023-04-12 14:37:43,39,42,7236,24931
2023-04-12 14:37:43,40,42,7236,24931
2023-04-12 14:37:55,40,42,7086,25081
2023-04-12 14:37:58,40,41,7086,25081
2023-04-12 14:37:59,40,41,7086,25117
2023-04-12 14:38:16,39,40,7062,25141
2023-04-12 14:38:21,39,41,7062,25141
2023-04-12 14:38:21,39,40,7062,25141
2023-04-12 14:38:30,37,40,7062,25141
2023-04-12 14:38:40,37,41,7062,25141
2023-04-12 14:38:46,38,41,7062,25141
2023-04-12 14:38:46,39,41,7062,25141
2023-04-12 14:39:03,38,41,7062,25141
2023-04-12 14:39:08,38,42,7062,25141
2023-04-12 14:39:08,38,41,7062,25141
2023-04-12 14:39:11,39,41,7062,25141
2023-04-12 14:39:11,39,42,7062,25141
2023-04-12 14:39:14,39,43,7062,25143
2023-04-12 14:39:15,39,42,7062,25143
2023-04-12 14:39:15,39,44,7062,25143
2023-04-12 14:39:15,39,43,7062,25143
2023-04-12 14:39:16,41,43,7062,25143
2023-04-12 14:39:20,41,44,7062,25147
2023-04-12 14:39:22,41,47,7062,25147
2023-04-12 14:39:22,41,46,7062,25147
2023-04-12 14:39:28,41,47,7062,25147
2023-04-12 14:39:31,40,47,7062,25147
2023-04-12 14:39:32,41,47,7062,25147
2023-04-12 14:39:32,43,47,7062,25147
2023-04-12 14:39:41,44,47,7062,25147
2023-04-12 14:39:46,43,47,7062,25147
2023-04-12 14:39:47,40,47,7062,25147
2023-04-12 14:39:47,42,47,7062,25147
2023-04-12 14:39:50,42,46,7062,25147
2023-04-12 14:39:51,42,45,7062,25147
2023-04-12 14:40:01,42,47,7062,25147
2023-04-12 14:40:07,45,47,7062,25147
2023-04-12 14:40:22,45,48,7062,25147
2023-04-12 14:40:22,45,47,7062,25147
2023-04-12 14:40:25,45,48,7062,25182
2023-04-12 14:40:25,45,47,7062,25182
2023-04-12 14:40:25,45,48,7062,25182
2023-04-12 14:40:30,45,48,7022,25222
2023-04-12 14:40:37,45,47,7022,25222
2023-04-12 14:40:42,45,48,7022,25222
2023-04-12 14:40:42,45,46,7022,25222
2023-04-12 14:40:45,43,46,7039,25241
2023-04-12 14:40:46,40,46,7039,25241
2023-04-12 14:40:46,41,46,7039,25241
2023-04-12 14:40:46,41,45,7039,25241
2023-04-12 14:40:56,41,45,7039,25253
2023-04-12 14:41:00,42,45,7039,25253
2023-04-12 14:41:02,41,45,7039,25253
2023-04-12 14:41:14,41,44,7039,25253
2023-04-12 14:41:16,41,45,7039,25253
2023-04-12 14:41:16,41,43,7039,25253
2023-04-12 14:41:21,40,43,7042,25257
2023-04-12 14:41:21,40,42,7042,25257
2023-04-12 14:41:27,40,42,7056,25271
2023-04-12 14:41:28,40,41,7056,25271
2023-04-12 14:41:45,40,43,7054,25273
2023-04-12 14:41:55,40,42,7054,25273
2023-04-12 14:42:03,38,42,7108,25327
2023-04-12 14:42:04,36,42,7108,25327
2023-04-12 14:42:04,36,41,7108,25327
2023-04-12 14:42:04,37,41,7108,25327
2023-04-12 14:42:04,39,41,7108,25327
2023-04-12 14:42:04,39,40,7108,25327
2023-04-12 14:42:09,39,40,7120,25339
2023-04-12 14:42:09,37,40,7159,25378
2023-04-12 14:42:13,37,39,7159,25378
2023-04-12 14:42:13,37,38,7159,25378
2023-04-12 14:42:14,37,39,7159,25378
2023-04-12 14:42:15,37,38,7159,25378
2023-04-12 14:42:16,35,38,7159,25378
2023-04-12 14:42:16,36,38,7159,25378
2023-04-12 14:42:19,34,38,7176,25395
2023-04-12 14:42:19,34,38,7193,25412
2023-04-12 14:42:19,34,38,7210,25429
2023-04-12 14:42:20,35,38,7210,25429
2023-04-12 14:42:21,36,38,7210,25429
2023-04-12 14:42:47,36,38,7212,25441
2023-04-12 14:42:48,34,38,7212,25441
2023-04-12 14:43:01,33,38,7212,25441
2023-04-12 14:43:01,35,38,7212,25441
2023-04-12 14:43:35,35,37,7212,25441
2023-04-12 14:43:36,35,38,7208,25445
2023-04-12 14:43:36,35,37,7208,25445
2023-04-12 14:43:38,36,37,7208,25445
2023-04-12 14:43:38,36,38,7208,25445
2023-04-12 14:43:43,36,40,7207,25447
2023-04-12 14:43:43,36,39,7207,25447
2023-04-12 14:43:47,37,39,7207,25447
2023-04-12 14:43:47,37,42,7207,25447
2023-04-12 14:43:47,37,43,7207,25447
2023-04-12 14:43:48,37,41,7207,25447
2023-04-12 14:44:02,36,41,7207,25447
2023-04-12 14:44:03,38,41,7207,25447
2023-04-12 14:44:08,38,39,7207,25447
2023-04-12 14:44:21,36,38,7206,25450
2023-04-12 14:44:22,36,39,7190,25466
2023-04-12 14:44:34,36,38,7190,25466
2023-04-12 14:44:35,36,39,7190,25466
2023-04-12 14:44:50,36,38,7190,25466
2023-04-12 14:44:52,36,37,7190,25466
2023-04-12 14:45:03,34,37,7225,25501
2023-04-12 14:45:03,33,37,7225,25501
2023-04-12 14:45:03,33,36,7225,25501
2023-04-12 14:45:04,33,35,7225,25501
2023-04-12 14:45:05,34,35,7225,25501
2023-04-12 14:45:08,34,35,7260,25536
2023-04-12 14:45:08,33,35,7291,25571
2023-04-12 14:45:08,33,34,7291,25571
2023-04-12 14:45:12,33,35,7291,25571
2023-04-12 14:45:14,30,35,7291,25571
2023-04-12 14:45:16,30,34,7291,25571
2023-04-12 14:45:21,31,34,7291,25571
2023-04-12 14:45:30,31,35,7291,25571
2023-04-12 14:45:39,31,35,7135,25775
2023-04-12 14:45:39,31,35,7135,26268
2023-04-12 14:45:40,34,35,7135,26268
2023-04-12 14:45:43,35,37,7135,26270
2023-04-12 14:45:43,38,40,7135,26354
2023-04-12 14:45:43,38,39,7135,26354
2023-04-12 14:45:44,38,40,7135,26354
2023-04-12 14:45:44,36,40,7135,26354
2023-04-12 14:45:44,39,40,7135,26354
2023-04-12 14:45:46,39,42,7135,26354
2023-04-12 14:45:46,39,41,7135,26354
2023-04-12 14:45:51,39,41,7135,26593
2023-04-12 14:45:51,36,41,7135,26593
2023-04-12 14:45:51,37,41,7135,26593
2023-04-12 14:45:51,37,40,7135,26593
2023-04-12 14:45:52,36,40,7135,26593
2023-04-12 14:45:52,37,40,7135,26593
2023-04-12 14:45:58,36,40,7135,26593
2023-04-12 14:46:00,36,39,7135,26593
2023-04-12 14:46:04,35,39,7135,26593
2023-04-12 14:46:04,35,38,7135,26593
2023-04-12 14:46:17,35,39,7135,26593
2023-04-12 14:46:17,35,38,7135,26593
2023-04-12 14:46:26,35,39,7135,26593
2023-04-12 14:46:30,36,39,7135,26593
2023-04-12 14:46:31,35,39,7135,26593
2023-04-12 14:46:33,35,38,7135,26593
2023-04-12 14:46:36,35,39,7135,26593
2023-04-12 14:46:48,36,39,7135,26593
2023-04-12 14:46:53,36,39,7138,26596
2023-04-12 14:46:53,36,40,7138,26596
2023-04-12 14:46:53,36,39,7138,26596
2023-04-12 14:46:54,36,40,7138,26596
2023-04-12 14:46:57,39,40,7138,26596
2023-04-12 14:47:01,39,42,7138,26846
2023-04-12 14:47:04,40,42,7138,26846
2023-04-12 14:47:07,40,43,7141,26849
2023-04-12 14:47:08,41,43,7141,26849
2023-04-12 14:47:08,41,43,7141,26849
2023-04-12 14:47:09,42,43,7141,26849
2023-04-12 14:47:09,42,44,7141,26849
2023-04-12 14:47:19,41,44,7141,26849
2023-04-12 14:47:19,41,43,7141,26849
2023-04-12 14:47:23,41,44,7166,26874
2023-04-12 14:47:24,41,43,7166,26874
2023-04-12 14:47:24,41,44,7166,26874
2023-04-12 14:47:24,41,45,7166,26874
2023-04-12 14:47:24,41,44,7166,26874
2023-04-12 14:47:24,41,45,7166,26874
2023-04-12 14:47:34,43,45,7166,26874
2023-04-12 14:47:36,43,44,7166,26874
2023-04-12 14:47:37,43,45,7179,26887
2023-04-12 14:47:37,43,44,7179,26887
2023-04-12 14:47:37,43,45,7179,26887
2023-04-12 14:47:38,43,46,7179,26887
2023-04-12 14:47:38,43,45,7179,26887
2023-04-12 14:48:02,43,46,7179,26887
2023-04-12 14:48:08,43,46,7179,27255
2023-04-12 14:48:09,45,46,7179,27255
2023-04-12 14:48:10,45,48,7181,27257
2023-04-12 14:48:12,45,49,7181,27257
2023-04-12 14:48:26,45,49,7181,27277
2023-04-12 14:48:27,45,48,7181,27277
2023-04-12 14:48:29,45,49,7181,27277
2023-04-12 14:48:32,46,49,7181,27277
2023-04-12 14:48:38,47,49,7181,27277
2023-04-12 14:48:55,48,50,7181,27277
2023-04-12 14:49:00,47,50,7181,27277
2023-04-12 14:49:05,48,50,7181,27277
2023-04-12 14:49:11,47,50,7181,27277
2023-04-12 14:49:18,50,51,7183,27279
2023-04-12 14:49:30,47,51,7181,27342
2023-04-12 14:49:32,48,51,7181,27342
2023-04-12 14:49:33,48,50,7181,27342
2023-04-12 14:49:34,49,50,7181,27342
2023-04-12 14:49:34,49,51,7181,27342
2023-04-12 14:49:40,50,51,7181,27342
2023-04-12 14:49:52,50,53,7181,27342
2023-04-12 14:50:06,50,52,7181,27342
2023-04-12 14:50:11,50,51,7181,27342
2023-04-12 14:50:15,50,53,7181,27342
2023-04-12 14:50:15,50,52,7181,27342
2023-04-12 14:50:20,49,52,7181,27342
2023-04-12 14:51:01,49,52,7181,27563
2023-04-12 14:51:02,49,50,7181,27563
2023-04-12 14:51:03,49,50,7216,27598
2023-04-12 14:51:05,46,50,7305,27687
2023-04-12 14:51:05,46,49,7305,27687
2023-04-12 14:51:08,46,50,7305,27687
2023-04-12 14:51:20,46,50,7305,27690
2023-04-12 14:51:33,47,50,7305,27690
2023-04-12 14:51:52,48,50,7305,27690
2023-04-12 14:51:53,48,52,7307,27692
2023-04-12 14:51:53,48,51,7307,27692
2023-04-12 14:52:01,50,51,7307,27692
2023-04-12 14:52:04,50,52,7307,27692
2023-04-12 14:52:26,51,52,7307,27692
2023-04-12 14:52:41,51,53,7309,27694
2023-04-12 14:52:41,52,53,7309,27694
2023-04-12 14:52:41,52,54,7309,27694
2023-04-12 14:52:41,52,56,7309,27694
2023-04-12 14:52:41,52,55,7309,27694
2023-04-12 14:52:42,52,53,7309,27694
2023-04-12 14:52:42,51,53,7309,27694
2023-04-12 14:52:48,51,52,7309,27694
2023-04-12 14:52:49,50,51,7307,27696
2023-04-12 14:52:51,49,50,7305,27698
2023-04-12 14:52:52,48,50,7305,27698
2023-04-12 14:52:56,48,51,7305,27698
2023-04-12 14:52:56,48,51,7340,27733
2023-04-12 14:52:58,47,51,7340,27733
2023-04-12 14:52:59,46,50,7340,27733
2023-04-12 14:52:59,46,49,7340,27733
2023-04-12 14:53:21,47,49,7340,27733
2023-04-12 14:53:25,46,49,7340,27733
2023-04-12 14:53:25,46,48,7340,27733
2023-04-12 14:53:36,46,49,7340,27733
2023-04-12 14:53:42,46,48,7340,27733
2023-04-12 14:53:42,47,48,7340,27733
2023-04-12 14:53:42,47,49,7340,27733
2023-04-12 14:53:44,47,48,7340,27733
2023-04-12 14:54:18,46,48,7350,27745
2023-04-12 14:54:21,46,47,7350,27745
2023-04-12 14:54:24,44,46,7344,27751
2023-04-12 14:54:24,44,46,7350,27757
2023-04-12 14:54:28,43,46,7350,27757
2023-04-12 14:54:32,43,45,7350,27757
2023-04-12 14:54:40,43,45,7350,27919
2023-04-12 14:55:25,43,44,7350,27919
2023-04-12 14:55:26,43,45,7350,27919
2023-04-12 14:55:35,42,45,7350,27919
2023-04-12 14:55:36,42,44,7350,27919
2023-04-12 14:55:52,42,45,7350,27919
2023-04-12 14:55:53,43,45,7350,27919
2023-04-12 14:55:55,42,46,7350,27919
2023-04-12 14:56:00,42,45,7350,27919
2023-04-12 14:56:00,42,44,7350,27919
2023-04-12 14:56:02,42,43,7350,27919
2023-04-12 14:56:03,42,44,7350,27919
2023-04-12 14:56:05,39,44,7350,27922
2023-04-12 14:56:05,39,43,7350,27922
2023-04-12 14:56:06,39,42,7350,27922
2023-04-12 14:56:07,39,41,7350,27922
2023-04-12 14:56:11,39,42,7350,27922
2023-04-12 14:56:12,39,44,7350,27922
2023-04-12 14:56:12,39,43,7350,27922
2023-04-12 14:56:13,39,42,7350,27922
2023-04-12 14:56:19,38,41,7350,27922
2023-04-12 14:56:23,38,42,7350,27922
2023-04-12 14:56:23,38,44,7350,27922
2023-04-12 14:56:23,38,43,7350,27922
2023-04-12 14:56:27,39,43,7350,27922
2023-04-12 14:56:27,39,42,7350,27922
2023-04-12 14:56:29,38,42,7350,27922
2023-04-12 14:56:34,38,41,7350,27922
2023-04-12 14:56:35,37,41,7350,27922
2023-04-12 14:56:35,38,41,7350,27922
2023-04-12 14:56:38,38,40,7350,27922
2023-04-12 14:56:42,38,40,7350,27974
2023-04-12 14:56:43,35,38,7350,28002
2023-04-12 14:56:44,34,38,7350,28002
2023-04-12 14:56:47,34,37,7350,28002
2023-04-12 14:56:49,35,37,7350,28002
2023-04-12 14:56:53,35,38,7350,28002
2023-04-12 14:57:00,35,38,7385,28037
2023-04-12 14:57:00,35,37,7385,28037
2023-04-12 14:57:05,33,38,7385,28037
2023-04-12 14:57:12,33,37,7385,28037
2023-04-12 14:57:14,33,36,7385,28037
2023-04-12 14:57:20,34,36,7385,28037
2023-04-12 14:57:33,34,36,7385,28038
2023-04-12 14:57:40,34,38,7385,28038
2023-04-12 14:57:46,36,38,7385,28038
2023-04-12 14:58:14,35,38,7385,28038
2023-04-12 14:58:15,34,38,7385,28038
2023-04-12 14:58:36,35,38,7385,28038
2023-04-12 14:58:40,36,38,7385,28038
2023-04-12 14:58:47,36,39,7385,28042
2023-04-12 14:58:50,36,40,7385,28042
2023-04-12 14:58:50,37,40,7385,28042
2023-04-12 14:58:51,37,41,7385,28042
2023-04-12 14:59:13,40,41,7385,28042
2023-04-12 14:59:24,40,42,7390,28047
2023-04-12 14:59:24,40,41,7390,28047
2023-04-12 14:59:24,40,42,7390,28047
2023-04-12 14:59:30,40,44,7390,28047
2023-04-12 14:59:31,40,43,7390,28047
2023-04-12 14:59:35,40,42,7390,28047
2023-04-12 15:00:04,41,42,7390,28047
2023-04-12 15:00:06,41,42,7393,28281
2023-04-12 15:00:07,41,44,7393,28281
2023-04-12 15:00:07,41,43,7393,28281
2023-04-12 15:00:11,40,43,7393,28281
2023-04-12 15:00:11,40,44,7393,28281
2023-04-12 15:00:14,40,46,7393,28281
2023-04-12 15:00:15,38,42,7390,28350
2023-04-12 15:00:15,38,42,7425,28385
2023-04-12 15:00:16,38,41,7425,28385
2023-04-12 15:00:17,38,40,7425,28385
2023-04-12 15:00:17,36,40,7425,28385
2023-04-12 15:00:17,37,40,7425,28385
2023-04-12 15:00:30,37,39,7425,28385
2023-04-12 15:00:32,37,40,7425,28385
2023-04-12 15:01:08,36,40,7425,28388
2023-04-12 15:01:08,36,38,7425,28388
2023-04-12 15:01:10,34,36,7425,28427
2023-04-12 15:01:14,33,36,7425,28427
2023-04-12 15:01:28,32,36,7425,29231
2023-04-12 15:01:30,31,36,7425,29231
2023-04-12 15:01:30,33,36,7425,29231
2023-04-12 15:01:34,31,36,7425,29231
2023-04-12 15:01:34,34,36,7425,29231
2023-04-12 15:01:34,34,36,7425,29295
2023-04-12 15:01:35,34,35,7425,29295
2023-04-12 15:01:38,34,36,7425,29295
2023-04-12 15:01:39,34,35,7425,29295
2023-04-12 15:01:41,32,35,7425,29424
2023-04-12 15:01:43,32,34,7425,29424
2023-04-12 15:01:46,30,34,7425,29424
2023-04-12 15:01:46,32,34,7425,29424
2023-04-12 15:01:56,32,33,7425,29424
2023-04-12 15:01:57,32,34,7425,29424
2023-04-12 15:01:58,32,33,7425,29424
2023-04-12 15:02:05,28,32,7425,29464
2023-04-12 15:02:11,29,32,7425,29464
2023-04-12 15:02:18,32,33,7425,29464
2023-04-12 15:02:32,31,33,7425,29464
2023-04-12 15:02:33,31,34,7425,29476
2023-04-12 15:02:33,32,34,7425,29476
2023-04-12 15:02:41,32,35,7425,29476
2023-04-12 15:02:48,34,35,7425,29476
2023-04-12 15:03:02,34,36,7428,29689
2023-04-12 15:03:03,35,36,7428,29689
2023-04-12 15:03:03,35,40,7428,29689
2023-04-12 15:03:04,38,40,7428,29689
2023-04-12 15:03:08,39,40,7428,29689
2023-04-12 15:03:12,40,43,7428,29776
2023-04-12 15:03:12,40,42,7428,29776
2023-04-12 15:03:14,40,43,7428,29776
2023-04-12 15:03:15,43,44,7428,29902
2023-04-12 15:03:18,43,44,7428,29914
2023-04-12 15:03:21,43,44,7428,30011
2023-04-12 15:03:21,43,44,7428,30012
2023-04-12 15:03:22,43,44,7428,30013
2023-04-12 15:03:22,43,44,7428,30014
2023-04-12 15:03:22,43,48,7428,30052
2023-04-12 15:03:22,43,47,7428,30052
2023-04-12 15:03:22,44,47,7428,30052
2023-04-12 15:03:22,44,48,7428,30052
2023-04-12 15:03:25,44,48,7428,30064
2023-04-12 15:03:25,46,48,7428,30064
2023-04-12 15:03:27,46,48,7428,30101
2023-04-12 15:03:27,46,48,7428,30226
2023-04-12 15:03:27,46,48,7428,30227
2023-04-12 15:03:28,46,48,7428,30228
2023-04-12 15:03:28,46,48,7428,30229
2023-04-12 15:03:28,46,48,7428,30230
2023-04-12 15:03:28,46,48,7428,30231
2023-04-12 15:03:29,46,48,7428,30232
2023-04-12 15:03:29,46,48,7428,30233
2023-04-12 15:03:29,46,48,7428,30234
2023-04-12 15:03:30,46,48,7428,30235
2023-04-12 15:03:30,46,48,7428,30236
2023-04-12 15:03:30,46,48,7428,30237
2023-04-12 15:03:30,46,48,7428,30238
2023-04-12 15:03:31,46,48,7428,30239
2023-04-12 15:03:31,46,48,7428,30240
2023-04-12 15:03:31,46,48,7428,30241
2023-04-12 15:03:32,46,48,7428,30242
2023-04-12 15:03:32,46,48,7428,30243
2023-04-12 15:03:32,46,48,7428,30244
2023-04-12 15:03:32,46,48,7428,30245
2023-04-12 15:03:33,46,48,7428,30246
2023-04-12 15:03:33,46,47,7428,30246
2023-04-12 15:03:33,46,47,7429,30247
2023-04-12 15:03:33,46,47,7430,30248
2023-04-12 15:03:34,46,47,7431,30249
2023-04-12 15:03:34,46,48,7432,30250
2023-04-12 15:03:34,47,48,7432,30250
2023-04-12 15:03:38,48,50,7432,30281
2023-04-12 15:03:38,48,52,7432,30281
2023-04-12 15:03:38,48,51,7432,30281
2023-04-12 15:03:39,47,51,7432,30300
2023-04-12 15:03:39,47,52,7432,30300
2023-04-12 15:03:39,47,52,7432,30300
2023-04-12 15:03:39,47,49,7432,30300
2023-04-12 15:03:55,47,50,7432,30300
2023-04-12 15:03:56,47,52,7432,30300
2023-04-12 15:03:56,47,51,7432,30300
2023-04-12 15:03:58,47,52,7432,30300
2023-04-12 15:04:00,47,54,7432,30300
2023-04-12 15:04:00,47,53,7432,30300
2023-04-12 15:04:00,51,53,7432,30300
2023-04-12 15:04:00,51,54,7432,30300
2023-04-12 15:04:09,51,53,7432,30300
2023-04-12 15:04:14,48,51,7432,30324
2023-04-12 15:04:16,47,51,7432,30324
2023-04-12 15:04:16,50,51,7432,30324
2023-04-12 15:04:31,51,54,7434,30328
2023-04-12 15:04:33,51,53,7434,30328
2023-04-12 15:04:36,51,54,7434,30328
2023-04-12 15:04:48,50,54,7434,30328
2023-04-12 15:04:49,52,54,7434,30328
2023-04-12 15:05:02,52,53,7434,30328
2023-04-12 15:05:04,50,53,7434,30328
2023-04-12 15:05:04,50,52,7434,30328
2023-04-12 15:05:05,52,53,7468,30362
2023-04-12 15:05:05,50,52,7468,30376
2023-04-12 15:05:36,50,51,7468,30376
2023-04-12 15:05:36,47,51,7466,30378
2023-04-12 15:05:41,47,52,7466,30378
2023-04-12 15:05:43,48,52,7466,30378
2023-04-12 15:05:54,48,49,7466,30378
2023-04-12 15:05:54,47,49,7466,30402
2023-04-12 15:05:55,48,49,7466,30402
2023-04-12 15:06:07,47,49,7464,30404
2023-04-12 15:06:15,48,49,7464,30404
2023-04-12 15:06:27,48,49,7464,30427
2023-04-12 15:06:38,48,52,7466,30429
2023-04-12 15:06:44,50,52,7466,30429
2023-04-12 15:06:51,51,52,7466,30429
2023-04-12 15:07:03,50,52,7464,30431
2023-04-12 15:07:03,50,51,7464,30431
2023-04-12 15:07:07,48,51,7464,30431
2023-04-12 15:07:07,47,51,7464,30431
2023-04-12 15:07:15,47,50,7464,30431
2023-04-12 15:07:22,47,52,7464,30431
2023-04-12 15:07:22,49,52,7464,30431
2023-04-12 15:07:24,49,51,7464,30431
2023-04-12 15:07:33,50,51,7464,30431
2023-04-12 15:08:15,48,51,7464,30431
2023-04-12 15:08:22,47,51,7462,30479
2023-04-12 15:08:27,47,49,7462,30479
2023-04-12 15:08:32,44,49,7490,30507
2023-04-12 15:08:39,46,49,7490,30507
2023-04-12 15:08:40,46,51,7490,30507
2023-04-12 15:08:41,46,50,7490,30507
2023-04-12 15:08:54,47,50,7490,30507
2023-04-12 15:08:54,47,51,7490,30507
2023-04-12 15:08:54,47,50,7490,30507
2023-04-12 15:09:12,47,49,7490,30507
2023-04-12 15:09:14,44,49,7488,30509
2023-04-12 15:09:15,44,47,7488,30509
2023-04-12 15:09:16,44,46,7488,30509
2023-04-12 15:09:21,44,47,7488,30509
2023-04-12 15:09:32,45,47,7488,30509
2023-04-12 15:09:35,44,47,7487,30511
2023-04-12 15:09:48,46,47,7487,30511
2023-04-12 15:09:55,46,51,7487,30511
2023-04-12 15:09:55,46,50,7487,30511
2023-04-12 15:10:06,46,49,7487,30511
2023-04-12 15:10:06,47,49,7487,30511
2023-04-12 15:10:18,47,51,7537,30561
2023-04-12 15:10:19,48,51,7537,30561
2023-04-12 15:10:21,50,51,7537,30561
2023-04-12 15:10:24,50,53,7540,30565
2023-04-12 15:10:25,50,52,7540,30565
2023-04-12 15:10:25,50,53,7540,30565
2023-04-12 15:10:28,51,53,7540,30565
2023-04-12 15:10:28,51,55,7540,30565
2023-04-12 15:10:29,51,56,7540,30565
2023-04-12 15:10:30,53,56,7540,30565
2023-04-12 15:10:32,53,57,7540,30576
2023-04-12 15:10:32,53,56,7540,30576
2023-04-12 15:10:33,54,56,7540,30576
2023-04-12 15:10:34,54,57,7540,30576
2023-04-12 15:10:37,54,58,7540,30726
2023-04-12 15:10:45,55,58,7540,30726
2023-04-12 15:10:46,55,58,7540,30726
2023-04-12 15:10:47,56,58,7540,30726
2023-04-12 15:10:47,55,58,7539,30762
2023-04-12 15:10:48,55,60,7543,30766
2023-04-12 15:10:48,57,60,7543,30766
2023-04-12 15:10:49,57,61,7543,30766
2023-04-12 15:10:54,57,62,7543,30766
2023-04-12 15:10:54,57,61,7543,30766
2023-04-12 15:10:55,57,62,7543,30766
2023-04-12 15:11:00,57,61,7543,30766
2023-04-12 15:11:09,59,61,7543,30766
2023-04-12 15:11:22,59,64,7645,30868
2023-04-12 15:11:22,59,63,7645,30868
2023-04-12 15:11:23,59,64,7645,30868
2023-04-12 15:11:24,59,65,7645,30868
2023-04-12 15:11:24,59,64,7645,30868
2023-04-12 15:11:27,59,65,7679,30902
2023-04-12 15:11:28,60,65,7679,30902
2023-04-12 15:11:28,62,65,7679,30902
2023-04-12 15:11:39,63,65,7679,30902
2023-04-12 15:11:50,61,65,7677,30904
2023-04-12 15:11:50,61,64,7677,30904
2023-04-12 15:11:51,61,64,7677,30924
2023-04-12 15:11:52,61,63,7677,30924
2023-04-12 15:11:52,61,62,7677,30924
2023-04-12 15:11:56,56,62,7677,30924
2023-04-12 15:11:56,57,62,7677,30924
2023-04-12 15:12:04,57,61,7677,30924
2023-04-12 15:12:14,57,63,7677,30924
2023-04-12 15:12:26,57,65,7677,30924
2023-04-12 15:12:26,57,64,7677,30924
2023-04-12 15:12:26,59,64,7677,30924
2023-04-12 15:12:26,59,65,7677,30924
2023-04-12 15:12:28,60,65,7677,30924
2023-04-12 15:12:29,60,64,7677,30924
2023-04-12 15:12:31,60,63,7677,30924
2023-04-12 15:12:34,60,64,7677,30924
2023-04-12 15:12:54,60,66,7677,30924
2023-04-12 15:12:54,60,65,7677,30924
2023-04-12 15:12:54,61,65,7677,30924
2023-04-12 15:12:56,62,65,7677,30924
2023-04-12 15:12:56,62,66,7677,30924
2023-04-12 15:12:56,63,66,7677,30924
2023-04-12 15:13:28,62,66,7677,30924
2023-04-12 15:13:29,63,66,7677,30924
2023-04-12 15:13:44,63,65,7677,30924
2023-04-12 15:14:06,62,65,7675,30926
2023-04-12 15:14:13,61,65,7675,30926
2023-04-12 15:14:36,62,65,7675,30926
2023-04-12 15:14:44,62,67,7679,30961
2023-04-12 15:14:46,62,66,7679,30961
2023-04-12 15:15:00,62,67,7679,30961
2023-04-12 15:15:02,62,68,7679,30961
2023-04-12 15:15:03,62,67,7679,30961
2023-04-12 15:15:07,64,67,7679,30961
2023-04-12 15:15:08,65,67,7679,30961
2023-04-12 15:15:08,67,68,7679,30984
2023-04-12 15:15:10,68,70,7679,31044
2023-04-12 15:15:10,68,69,7679,31044
2023-04-12 15:15:12,68,73,7679,31044
2023-04-12 15:15:12,68,72,7679,31044
2023-04-12 15:15:14,68,71,7679,31044
2023-04-12 15:15:14,69,71,7679,31044
2023-04-12 15:15:14,70,71,7679,31044
2023-04-12 15:15:17,69,71,7679,31044
2023-04-12 15:15:20,68,71,7679,31044
2023-04-12 15:15:20,67,71,7679,31044
2023-04-12 15:15:21,68,71,7679,31044
2023-04-12 15:15:27,69,71,7679,31044
2023-04-12 15:15:28,69,74,7679,31044
2023-04-12 15:15:28,69,73,7679,31044
2023-04-12 15:15:28,69,71,7679,31044
2023-04-12 15:15:33,69,75,7681,31046
2023-04-12 15:15:33,69,74,7681,31046
2023-04-12 15:15:33,69,73,7681,31046
2023-04-12 15:15:33,69,72,7681,31046
2023-04-12 15:15:38,69,72,7701,31066
2023-04-12 15:15:39,69,75,7701,31066
2023-04-12 15:15:39,69,72,7701,31066
2023-04-12 15:15:39,69,75,7701,31066
2023-04-12 15:15:39,69,74,7701,31066
2023-04-12 15:15:39,69,73,7701,31066
2023-04-12 15:15:40,69,75,7701,31066
2023-04-12 15:15:41,69,74,7701,31066
2023-04-12 15:15:41,70,74,7701,31066
2023-04-12 15:15:43,70,74,7731,31099
2023-04-12 15:15:51,70,76,7734,31121
2023-04-12 15:15:51,70,75,7734,31121
2023-04-12 15:15:51,70,76,7734,31121
2023-04-12 15:15:52,70,76,7689,31175
2023-04-12 15:15:52,70,75,7689,31175
2023-04-12 15:15:52,70,76,7689,31175
2023-04-12 15:15:53,70,77,7636,31228
2023-04-12 15:15:59,70,76,7636,31228
2023-04-12 15:16:00,70,75,7636,31228
2023-04-12 15:16:00,70,74,7636,31228
2023-04-12 15:16:33,70,77,7638,31230
2023-04-12 15:16:33,70,76,7638,31230
2023-04-12 15:16:34,71,76,7638,31230
2023-04-12 15:16:34,71,75,7638,31230
2023-04-12 15:16:51,71,75,7638,31235
2023-04-12 15:16:58,71,75,7638,31240
2023-04-12 15:17:16,75,79,7640,31242
2023-04-12 15:17:17,75,78,7640,31242
2023-04-12 15:17:21,75,79,7640,31242
2023-04-12 15:17:21,75,81,7640,31242
2023-04-12 15:17:21,75,80,7640,31242
2023-04-12 15:17:22,75,81,7640,31242
2023-04-12 15:17:23,75,79,7640,31242
2023-04-12 15:17:23,75,78,7640,31242
2023-04-12 15:17:26,76,78,7640,31242
2023-04-12 15:17:31,76,77,7640,31242
2023-04-12 15:17:34,76,79,7664,31267
2023-04-12 15:17:34,76,78,7664,31267
2023-04-12 15:17:34,76,79,7664,31267
2023-04-12 15:17:52,71,79,7664,31267
2023-04-12 15:17:52,72,79,7664,31267
2023-04-12 15:17:54,72,76,7664,31267
2023-04-12 15:17:56,71,76,7664,31267
2023-04-12 15:18:03,71,76,7664,31273
2023-04-12 15:18:09,71,75,7664,31273
2023-04-12 15:18:10,71,76,7664,31273
2023-04-12 15:18:12,71,75,7664,31273
2023-04-12 15:18:16,71,73,7664,31273
2023-04-12 15:18:16,67,73,7656,31331
2023-04-12 15:18:17,68,73,7656,31331
2023-04-12 15:18:19,68,72,7656,31331
2023-04-12 15:18:34,68,71,7656,31331
2023-04-12 15:18:36,69,71,7656,31331
2023-04-12 15:18:37,70,71,7656,31331
2023-04-12 15:18:39,70,71,7649,31338
2023-04-12 15:18:42,70,72,7649,31338
2023-04-12 15:18:44,70,71,7649,31338
2023-04-12 15:18:49,70,72,7649,31388
2023-04-12 15:18:49,72,75,7651,31390
2023-04-12 15:18:57,72,74,7651,31390
2023-04-12 15:19:10,69,74,7651,31390
2023-04-12 15:19:11,70,74,7651,31390
2023-04-12 15:19:12,71,74,7651,31390
2023-04-12 15:19:20,69,74,7651,31390
2023-04-12 15:19:20,70,74,7651,31390
2023-04-12 15:19:23,71,74,7651,31390
2023-04-12 15:19:24,72,74,7651,31390
2023-04-12 15:19:29,72,74,7651,31391
2023-04-12 15:19:36,71,74,7651,31391
2023-04-12 15:19:55,71,74,7652,31392
2023-04-12 15:19:58,71,79,7652,31392
2023-04-12 15:20:03,71,75,7652,31392
2023-04-12 15:20:06,71,79,7652,31392
2023-04-12 15:20:07,71,78,7652,31392
2023-04-12 15:20:24,71,79,7652,31392
2023-04-12 15:20:25,72,79,7652,31392
2023-04-12 15:20:26,73,79,7652,31392
2023-04-12 15:20:30,76,79,7652,31392
2023-04-12 15:20:33,72,79,7652,31392
2023-04-12 15:20:33,73,79,7652,31392
2023-04-12 15:20:39,73,79,7652,31397
2023-04-12 15:20:44,74,79,7652,31397
2023-04-12 15:20:45,75,79,7652,31397
2023-04-12 15:21:05,74,79,7652,31397
2023-04-12 15:21:06,74,78,7652,31397
2023-04-12 15:21:23,71,78,7652,31397
2023-04-12 15:21:24,72,78,7652,31397
2023-04-12 15:21:24,72,77,7652,31397
2023-04-12 15:21:30,72,75,7652,31397
2023-04-12 15:21:32,71,75,7622,31452
2023-04-12 15:21:33,71,74,7622,31452
2023-04-12 15:21:34,71,75,7622,31452
2023-04-12 15:21:50,71,74,7622,31452
2023-04-12 15:21:51,71,73,7622,31452
2023-04-12 15:21:53,67,73,7622,31452
2023-04-12 15:21:54,68,73,7622,31452
2023-04-12 15:21:58,69,73,7622,31452
2023-04-12 15:21:59,70,73,7622,31452
2023-04-12 15:22:06,67,73,7622,31452
2023-04-12 15:22:06,68,73,7622,31452
2023-04-12 15:22:12,62,63,7580,31644
2023-04-12 15:22:12,62,63,7580,31645
2023-04-12 15:22:12,62,63,7580,31646
2023-04-12 15:22:13,62,73,7580,32452
2023-04-12 15:22:13,63,73,7580,32452
2023-04-12 15:22:13,64,73,7580,32452
2023-04-12 15:22:14,64,72,7580,32452
2023-04-12 15:22:24,64,73,7580,32452
2023-04-12 15:22:27,65,73,7580,32452
2023-04-12 15:22:28,66,73,7580,32452
2023-04-12 15:22:31,66,70,7580,32452
2023-04-12 15:22:44,67,70,7580,32452
2023-04-12 15:22:45,68,70,7580,32452
2023-04-12 15:22:46,67,70,7550,32482
2023-04-12 15:22:46,68,70,7550,32482
2023-04-12 15:22:51,69,70,7550,32482
2023-04-12 15:22:55,69,70,7520,32512
2023-04-12 15:22:56,69,70,7490,32542
2023-04-12 15:22:57,70,71,7490,32544
2023-04-12 15:23:00,69,71,7432,32602
2023-04-12 15:23:01,70,71,7432,32602
2023-04-12 15:23:03,69,71,7432,32602
2023-04-12 15:23:14,63,71,7400,32634
2023-04-12 15:23:14,67,71,7400,32634
2023-04-12 15:23:15,68,71,7400,32634
2023-04-12 15:23:18,68,74,7400,32634
2023-04-12 15:23:23,69,74,7400,32634
2023-04-12 15:23:23,69,71,7400,32634
2023-04-12 15:23:24,70,71,7400,32634
2023-04-12 15:23:25,70,74,7400,32634
2023-04-12 15:23:49,70,73,7400,32634
2023-04-12 15:24:07,71,73,7400,32634
2023-04-12 15:24:10,71,75,7400,32634
2023-04-12 15:24:28,71,77,7400,32634
2023-04-12 15:24:32,72,77,7400,32634
2023-04-12 15:24:33,73,77,7400,32634
2023-04-12 15:24:39,74,77,7400,32634
2023-04-12 15:24:40,75,77,7400,32634
2023-04-12 15:24:44,77,78,7400,32636
2023-04-12 15:24:45,77,78,7400,32641
2023-04-12 15:25:04,77,78,7372,32903
2023-04-12 15:25:06,75,78,7372,32903
2023-04-12 15:25:15,75,79,7372,32903
2023-04-12 15:25:17,77,79,7372,32903
2023-04-12 15:25:37,77,79,7372,33171
2023-04-12 15:26:27,77,78,7370,33201
2023-04-12 15:26:27,79,81,7374,33425
2023-04-12 15:26:27,79,80,7374,33425
2023-04-12 15:26:28,81,84,7406,33532
2023-04-12 15:26:28,81,86,7406,33532
2023-04-12 15:26:28,81,83,7406,33532
2023-04-12 15:26:28,81,86,7406,33532
2023-04-12 15:26:28,81,85,7406,33532
2023-04-12 15:26:28,81,86,7406,33532
2023-04-12 15:26:29,81,85,7406,33532
2023-04-12 15:26:30,82,85,7406,33532
2023-04-12 15:26:31,82,84,7406,33532
2023-04-12 15:26:46,82,85,7406,33532
2023-04-12 15:26:46,82,84,7406,33532
2023-04-12 15:26:50,83,84,7406,33532
2023-04-12 15:26:50,83,85,7406,33532
2023-04-12 15:26:50,83,84,7406,33532
2023-04-12 15:27:05,81,84,7404,33534
2023-04-12 15:27:25,81,86,7406,33536
2023-04-12 15:27:29,83,86,7406,33536
2023-04-12 15:27:31,85,86,7406,33536
2023-04-12 15:27:32,85,87,7406,33536
2023-04-12 15:27:46,85,86,7406,33536
2023-04-12 15:27:47,83,85,7404,33538
2023-04-12 15:27:52,83,87,7404,33538
2023-04-12 15:27:52,83,86,7404,33538
2023-04-12 15:27:53,83,85,7404,33538
2023-04-12 15:27:54,83,87,7404,33538
2023-04-12 15:27:54,83,86,7404,33538
2023-04-12 15:27:57,81,86,7404,33538
2023-04-12 15:28:00,83,86,7404,33538
2023-04-12 15:28:06,83,85,7404,33538
2023-04-12 15:28:07,81,85,7404,33538
2023-04-12 15:28:07,82,85,7404,33538
2023-04-12 15:28:08,83,85,7404,33538
2023-04-12 15:28:11,83,86,7404,33538
2023-04-12 15:28:51,85,86,7404,33538
2023-04-12 15:28:55,85,87,7404,33538
2023-04-12 15:29:30,83,87,7402,33540
2023-04-12 15:29:31,83,86,7402,33540
2023-04-12 15:29:31,84,86,7402,33540
2023-04-12 15:29:32,83,86,7402,33540
2023-04-12 15:29:46,85,86,7402,33540
2023-04-12 15:30:05,85,87,7404,33542
2023-04-12 15:30:11,85,88,7404,33542
2023-04-12 15:30:20,85,87,7404,33542
2023-04-12 15:30:20,85,86,7404,33542
2023-04-12 15:30:21,83,86,7402,33544
2023-04-12 15:30:22,84,86,7402,33544
2023-04-12 15:30:22,84,85,7402,33544
2023-04-12 15:30:23,83,85,7402,33544
2023-04-12 15:30:23,83,84,7402,33544
2023-04-12 15:30:29,81,84,7400,33546
2023-04-12 15:30:29,81,83,7400,33546
2023-04-12 15:30:44,80,81,7400,33576
2023-04-12 15:30:45,80,81,7400,33596
2023-04-12 15:30:45,79,80,7400,33626
2023-04-12 15:30:45,79,80,7396,33630
2023-04-12 15:30:47,77,80,7396,33630
2023-04-12 15:30:47,78,80,7396,33630
2023-04-12 15:30:52,78,81,7396,33630
2023-04-12 15:30:58,78,80,7396,33630
2023-04-12 15:31:02,77,80,7396,33660
2023-04-12 15:31:02,75,80,7396,33660
2023-04-12 15:31:02,75,79,7396,33660
2023-04-12 15:31:02,77,79,7396,33660
2023-04-12 15:31:03,75,79,7396,33660
2023-04-12 15:31:03,76,79,7396,33660
2023-04-12 15:31:12,75,79,7396,33660
2023-04-12 15:31:12,75,79,7396,34462
2023-04-12 15:31:12,66,79,7396,34462
2023-04-12 15:31:13,67,79,7396,34462
2023-04-12 15:31:15,67,69,7396,34462
2023-04-12 15:31:15,67,69,7396,34463
2023-04-12 15:31:15,71,79,7396,34493
2023-04-12 15:31:15,71,78,7396,34493
2023-04-12 15:31:16,72,78,7396,34493
2023-04-12 15:31:24,72,76,7396,34493
2023-04-12 15:31:28,72,76,7396,34523
2023-04-12 15:31:29,72,76,7396,34553
2023-04-12 15:31:30,76,80,7398,34555
2023-04-12 15:31:31,76,79,7398,34555
2023-04-12 15:31:32,77,79,7398,34555
2023-04-12 15:31:34,76,79,7398,34585
2023-04-12 15:31:36,77,79,7398,34585
2023-04-12 15:31:42,76,79,7398,34615
2023-04-12 15:31:44,77,79,7398,34615
2023-04-12 15:31:46,77,80,7398,34615
2023-04-12 15:31:50,78,80,7398,34615
2023-04-12 15:31:51,78,79,7398,34615
2023-04-12 15:32:02,78,80,7398,34615
2023-04-12 15:32:15,80,83,7400,34617
2023-04-12 15:32:15,80,82,7400,34617
2023-04-12 15:32:16,80,83,7400,34617
2023-04-12 15:32:20,81,83,7400,34617
2023-04-12 15:32:25,81,83,7400,34618
2023-04-12 15:32:28,80,83,7398,34620
2023-04-12 15:32:37,76,83,7398,34648
2023-04-12 15:32:42,77,83,7398,34648
2023-04-12 15:32:44,77,81,7398,34648
2023-04-12 15:32:50,77,83,7398,34648
2023-04-12 15:33:05,77,84,7400,34899
2023-04-12 15:33:09,77,83,7400,34899
2023-04-12 15:33:09,77,82,7400,34899
2023-04-12 15:33:10,77,84,7400,34899
2023-04-12 15:33:10,77,83,7400,34899
2023-04-12 15:33:11,77,78,7400,34899
2023-04-12 15:33:14,77,84,7400,34899
2023-04-12 15:33:15,77,83,7400,34899
2023-04-12 15:33:15,77,82,7400,34899
2023-04-12 15:33:15,77,81,7400,34899
2023-04-12 15:33:35,77,80,7400,34899
2023-04-12 15:33:38,79,80,7400,34899
2023-04-12 15:33:39,79,81,7400,34899
2023-04-12 15:33:52,79,84,7400,34899
2023-04-12 15:33:52,79,83,7400,34899
2023-04-12 15:33:53,80,83,7400,34899
2023-04-12 15:33:53,80,82,7400,34899
2023-04-12 15:33:54,79,82,7396,34903
2023-04-12 15:33:54,79,84,7396,34903
2023-04-12 15:33:54,79,83,7396,34903
2023-04-12 15:33:58,76,83,7404,34911
2023-04-12 15:33:58,76,79,7404,34911
2023-04-12 15:34:03,76,78,7404,34911
2023-04-12 15:34:04,76,77,7404,34911
2023-04-12 15:34:04,72,77,7404,34939
2023-04-12 15:34:09,69,77,7404,34939
2023-04-12 15:34:30,69,83,7404,34939
2023-04-12 15:34:30,76,83,7404,34939
2023-04-12 15:34:31,76,81,7404,34939
2023-04-12 15:34:36,76,83,7404,34939
2023-04-12 15:34:38,76,81,7404,34939
2023-04-12 15:34:58,79,81,7404,34939
2023-04-12 15:35:02,79,83,7404,34939
2023-04-12 15:35:17,76,83,7402,34941
2023-04-12 15:35:17,69,83,7402,34941
2023-04-12 15:35:24,76,83,7402,34941
2023-04-12 15:35:24,76,82,7402,34941
2023-04-12 15:35:24,76,80,7402,34941
2023-04-12 15:35:29,69,80,7402,34941
2023-04-12 15:35:50,71,80,7402,34941
2023-04-12 15:35:50,71,79,7402,34941
2023-04-12 15:35:50,71,75,7402,34941
2023-04-12 15:35:56,69,75,7402,34941
2023-04-12 15:36:16,71,75,7402,34941
2023-04-12 15:36:23,71,74,7402,34941
2023-04-12 15:36:25,71,75,7402,34962
2023-04-12 15:36:42,72,75,7402,34962
2023-04-12 15:36:45,69,75,7402,34962
2023-04-12 15:36:47,70,75,7402,34962
2023-04-12 15:36:51,70,76,7402,34972
2023-04-12 15:36:56,74,76,7402,34972
2023-04-12 15:36:57,74,80,7404,34974
2023-04-12 15:37:09,74,79,7404,34974
2023-04-12 15:37:09,74,77,7404,34974
2023-04-12 15:37:12,73,77,7404,34974
2023-04-12 15:37:24,74,77,7404,34974
2023-04-12 15:37:24,74,76,7404,34974
2023-04-12 15:37:25,69,76,7402,34976
2023-04-12 15:37:35,70,76,7402,34976
2023-04-12 15:37:35,70,74,7402,34976
2023-04-12 15:37:38,70,77,7402,34976
2023-04-12 15:37:38,70,76,7402,34976
2023-04-12 15:37:42,70,75,7402,34976
2023-04-12 15:38:00,74,75,7402,34976
2023-04-12 15:38:05,74,77,7404,34978
2023-04-12 15:38:10,70,77,7404,34978
2023-04-12 15:38:10,72,77,7404,34978
2023-04-12 15:38:12,72,79,7404,34978
2023-04-12 15:38:12,72,78,7404,34978
2023-04-12 15:38:28,74,78,7404,34978
2023-04-12 15:38:29,72,78,7404,34978
2023-04-12 15:38:43,70,78,7404,34978
2023-04-12 15:38:43,70,76,7404,34978
2023-04-12 15:38:49,70,76,7404,34991
2023-04-12 15:38:55,71,76,7404,34991
2023-04-12 15:39:03,70,76,7404,34991
2023-04-12 15:39:13,70,75,7404,34991
2023-04-12 15:39:22,73,75,7404,34991
2023-04-12 15:39:30,71,75,7401,34995
2023-04-12 15:39:34,69,75,7401,34995
2023-04-12 15:39:34,69,74,7401,34995
2023-04-12 15:39:48,69,72,7401,34995
2023-04-12 15:39:52,69,75,7401,34995
2023-04-12 15:39:52,69,74,7401,34995
2023-04-12 15:39:52,69,75,7401,34995
2023-04-12 15:39:56,66,74,7401,35255
2023-04-12 15:40:01,66,74,7401,35373
2023-04-12 15:40:05,66,75,7401,35373
2023-04-12 15:40:06,66,77,7401,35373
2023-04-12 15:40:06,66,75,7401,35373
2023-04-12 15:40:07,67,75,7401,35373
2023-04-12 15:40:07,67,74,7401,35373
2023-04-12 15:40:13,68,74,7401,35373
2023-04-12 15:40:13,68,72,7401,35373
2023-04-12 15:40:15,68,74,7401,35373
2023-04-12 15:40:21,68,75,7401,35373
2023-04-12 15:40:21,70,75,7401,35373
2023-04-12 15:40:21,70,74,7401,35373
2023-04-12 15:40:22,70,75,7401,35373
2023-04-12 15:40:33,70,74,7401,35373
2023-04-12 15:40:36,70,75,7404,35377
2023-04-12 15:40:39,71,75,7404,35377
2023-04-12 15:40:39,74,75,7404,35377
2023-04-12 15:40:43,72,75,7404,35398
2023-04-12 15:40:43,71,75,7404,35441
2023-04-12 15:40:46,70,75,7404,35441
2023-04-12 15:40:47,70,74,7404,35441
2023-04-12 15:40:47,70,75,7404,35441
2023-04-12 15:40:51,70,75,7402,35453
2023-04-12 15:41:01,66,75,7402,35453
2023-04-12 15:41:01,68,75,7402,35453
2023-04-12 15:41:04,70,75,7402,35453
2023-04-12 15:41:31,71,75,7402,35453
2023-04-12 15:41:34,73,75,7402,35453
2023-04-12 15:41:37,71,75,7402,35453
2023-04-12 15:41:48,70,75,7402,35453
2023-04-12 15:41:59,73,75,7402,35453
2023-04-12 15:42:02,70,75,7402,35453
2023-04-12 15:42:20,71,75,7402,35453
2023-04-12 15:42:23,71,78,7404,35465
2023-04-12 15:42:26,75,78,7404,35465
2023-04-12 15:42:33,75,77,7404,35465
2023-04-12 15:42:35,70,75,7402,35467
2023-04-12 15:42:36,71,75,7402,35467
