datetime,bid,ask,open_interest,volume
2023-09-21 09:30:11,10,22,50,50
2023-09-21 09:30:15,10,20,50,50
2023-09-21 09:31:00,10,14,50,50
2023-09-21 09:31:01,11,13,50,50
2023-09-21 09:31:01,11,13,100,100
2023-09-21 09:31:02,10,13,100,100
2023-09-21 09:31:33,10,12,100,100
2023-09-21 09:32:05,10,13,100,100
2023-09-21 09:33:04,11,13,100,100
2023-09-21 09:33:04,11,14,100,100
2023-09-21 09:33:21,13,14,100,100
2023-09-21 09:33:26,13,15,100,100
2023-09-21 09:33:58,13,16,250,300
2023-09-21 09:33:59,14,16,250,300
2023-09-21 09:34:15,15,16,250,300
2023-09-21 09:34:15,15,16,400,450
2023-09-21 09:34:17,13,15,450,500
2023-09-21 09:34:19,13,16,450,500
2023-09-21 09:34:33,13,15,450,500
2023-09-21 09:34:58,12,15,450,700
2023-09-21 09:34:59,12,14,450,700
2023-09-21 09:35:01,12,13,450,700
2023-09-21 09:35:04,12,13,510,760
2023-09-21 09:35:04,11,13,650,900
2023-09-21 09:35:30,11,12,650,900
2023-09-21 09:35:49,10,12,650,900
2023-09-21 09:36:00,10,11,650,900
2023-09-21 09:36:05,10,12,650,900
2023-09-21 09:36:12,10,12,730,980
2023-09-21 09:36:12,10,12,770,1020
2023-09-21 09:36:12,10,12,810,1060
2023-09-21 09:36:21,10,11,810,1060
2023-09-21 09:36:58,10,12,810,1060
2023-09-21 09:37:13,10,13,810,1060
2023-09-21 09:37:21,10,12,810,1060
2023-09-21 09:37:25,10,13,810,1060
2023-09-21 09:37:27,10,12,810,1060
2023-09-21 09:38:26,10,13,810,1060
2023-09-21 09:38:33,10,12,810,1060
2023-09-21 09:38:34,10,13,810,1060
2023-09-21 09:38:34,10,12,810,1060
2023-09-21 09:38:39,10,13,810,1060
2023-09-21 09:38:50,11,13,810,1060
2023-09-21 09:39:01,11,12,810,1060
2023-09-21 09:39:10,10,12,810,1060
2023-09-21 09:39:58,11,12,810,1060
2023-09-21 09:40:03,10,12,810,1060
2023-09-21 09:41:30,10,11,810,1060
2023-09-21 09:42:00,10,12,810,1060
2023-09-21 09:42:44,11,12,810,1060
2023-09-21 09:42:54,12,13,815,1065
2023-09-21 09:43:42,11,13,815,1065
2023-09-21 09:43:42,10,13,815,1065
2023-09-21 09:43:43,10,12,815,1065
2023-09-21 09:43:46,10,13,815,1065
2023-09-21 09:43:50,10,12,815,1065
2023-09-21 09:43:57,10,13,815,1065
2023-09-21 09:44:03,11,13,815,1065
2023-09-21 09:44:06,10,13,815,1065
2023-09-21 09:44:07,10,12,815,1065
2023-09-21 09:44:15,10,13,815,1065
2023-09-21 09:44:16,11,13,815,1065
2023-09-21 09:44:26,12,13,815,1065
2023-09-21 09:44:28,12,14,815,1065
2023-09-21 09:45:00,13,14,815,1065
2023-09-21 09:45:07,13,15,815,1065
2023-09-21 09:46:09,13,14,815,1065
2023-09-21 09:46:11,12,14,815,1065
2023-09-21 09:46:15,12,13,815,1065
2023-09-21 09:46:34,12,14,815,1065
2023-09-21 09:46:45,12,15,815,1065
2023-09-21 09:46:47,13,15,815,1065
2023-09-21 09:46:52,14,15,815,1065
2023-09-21 09:46:54,14,16,815,1065
2023-09-21 09:47:27,15,16,815,1065
2023-09-21 09:47:44,14,16,815,1065
2023-09-21 09:48:18,14,15,815,1065
2023-09-21 09:48:19,13,15,815,1065
2023-09-21 09:48:41,13,16,815,1065
2023-09-21 09:48:47,14,16,815,1065
2023-09-21 09:49:23,15,16,815,1065
2023-09-21 09:49:38,15,17,815,1065
2023-09-21 09:50:05,16,17,815,1065
2023-09-21 09:50:08,16,18,815,1065
2023-09-21 09:50:36,17,18,815,1065
2023-09-21 09:51:32,17,19,815,1065
2023-09-21 09:52:02,16,19,815,1065
2023-09-21 09:52:07,17,19,815,1065
2023-09-21 09:52:31,16,19,815,1065
2023-09-21 09:52:48,17,19,815,1065
2023-09-21 09:53:16,18,19,815,1065
2023-09-21 09:53:31,18,20,815,1065
2023-09-21 09:54:03,19,20,815,1065
2023-09-21 09:54:21,19,21,815,1065
2023-09-21 09:55:08,18,21,815,1065
2023-09-21 09:55:08,19,21,815,1065
2023-09-21 09:55:14,18,21,815,1065
2023-09-21 09:55:23,19,21,815,1065
2023-09-21 09:55:25,18,21,815,1065
2023-09-21 09:55:29,18,20,815,1065
2023-09-21 09:55:52,18,21,815,1065
2023-09-21 09:55:52,19,21,815,1065
2023-09-21 09:56:03,18,21,815,1065
2023-09-21 09:56:07,19,21,815,1065
2023-09-21 09:56:11,18,21,815,1065
2023-09-21 09:56:14,18,20,815,1065
2023-09-21 09:56:31,18,21,815,1065
2023-09-21 09:56:35,19,21,815,1065
2023-09-21 09:57:20,20,21,815,1065
2023-09-21 09:57:32,18,20,815,1165
2023-09-21 09:57:33,18,21,815,1165
2023-09-21 09:57:56,18,20,815,1165
2023-09-21 09:58:15,18,21,815,1165
2023-09-21 09:58:33,19,21,815,1165
2023-09-21 09:59:04,18,21,815,1165
2023-09-21 09:59:12,19,21,815,1165
2023-09-21 09:59:48,19,22,815,1165
2023-09-21 09:59:48,20,22,815,1165
2023-09-21 09:59:52,19,22,815,1165
2023-09-21 09:59:55,20,22,815,1165
2023-09-21 10:00:06,19,22,815,1165
2023-09-21 10:00:07,20,22,815,1165
2023-09-21 10:00:16,19,22,815,1165
2023-09-21 10:00:19,19,21,815,1165
2023-09-21 10:00:28,19,22,815,1165
2023-09-21 10:00:59,20,22,815,1165
2023-09-21 10:01:03,21,22,815,1165
2023-09-21 10:01:16,22,23,823,1173
2023-09-21 10:01:28,21,23,823,1173
2023-09-21 10:01:53,22,23,823,1173
2023-09-21 10:02:02,21,23,823,1173
2023-09-21 10:02:12,22,23,823,1173
2023-09-21 10:02:16,21,23,823,1173
2023-09-21 10:02:19,22,23,823,1173
2023-09-21 10:02:20,21,23,823,1173
2023-09-21 10:03:19,21,22,823,1173
2023-09-21 10:03:30,21,23,823,1173
2023-09-21 10:04:33,21,22,823,1173
2023-09-21 10:04:44,20,22,823,1173
2023-09-21 10:05:15,20,23,823,1173
2023-09-21 10:05:24,20,22,823,1173
2023-09-21 10:05:31,20,23,823,1173
2023-09-21 10:05:40,20,22,823,1173
2023-09-21 10:05:47,19,22,823,1173
2023-09-21 10:05:47,19,21,823,1173
2023-09-21 10:06:23,19,20,823,1173
2023-09-21 10:06:24,18,20,823,1173
2023-09-21 10:06:26,18,19,823,1173
2023-09-21 10:06:26,17,19,823,1173
2023-09-21 10:06:35,17,18,823,1173
2023-09-21 10:06:41,16,18,823,1373
2023-09-21 10:06:53,17,18,823,1373
2023-09-21 10:06:58,17,19,823,1373
2023-09-21 10:07:09,16,19,823,1373
2023-09-21 10:07:12,17,19,823,1373
2023-09-21 10:07:22,16,19,823,1373
2023-09-21 10:07:31,16,18,823,1373
2023-09-21 10:07:41,16,17,823,1373
2023-09-21 10:08:21,16,18,823,1373
2023-09-21 10:09:14,16,17,823,1373
2023-09-21 10:09:29,15,17,823,1373
2023-09-21 10:09:44,15,16,823,1373
2023-09-21 10:09:47,15,16,883,1433
2023-09-21 10:10:03,14,16,883,1433
2023-09-21 10:10:08,14,15,883,1433
2023-09-21 10:10:09,13,15,883,1433
2023-09-21 10:10:40,14,15,883,1433
2023-09-21 10:11:02,14,16,883,1433
2023-09-21 10:11:31,13,16,883,1433
2023-09-21 10:11:49,14,16,883,1433
2023-09-21 10:12:14,14,17,883,1433
2023-09-21 10:12:21,15,17,883,1433
2023-09-21 10:12:41,16,17,883,1433
2023-09-21 10:12:42,16,18,883,1433
2023-09-21 10:13:22,17,18,883,1433
2023-09-21 10:14:02,16,18,883,1433
2023-09-21 10:14:40,17,18,883,1433
2023-09-21 10:14:44,17,19,883,1433
2023-09-21 10:15:04,16,19,883,1433
2023-09-21 10:15:04,16,18,883,1433
2023-09-21 10:15:43,16,17,883,1433
2023-09-21 10:15:44,15,17,883,1433
2023-09-21 10:15:49,15,18,883,1433
2023-09-21 10:15:55,16,18,883,1433
2023-09-21 10:15:57,15,18,883,1433
2023-09-21 10:15:58,15,17,883,1433
2023-09-21 10:16:25,15,18,883,1433
2023-09-21 10:16:25,15,17,883,1433
2023-09-21 10:16:49,15,18,883,1433
2023-09-21 10:16:55,15,17,883,1433
2023-09-21 10:17:28,14,17,883,1433
2023-09-21 10:17:28,14,16,883,1433
2023-09-21 10:17:36,14,15,883,1433
2023-09-21 10:17:36,14,15,943,1493
2023-09-21 10:17:39,13,15,943,1493
2023-09-21 10:17:51,13,15,1003,1553
2023-09-21 10:17:51,13,14,1003,1553
2023-09-21 10:18:05,13,14,1103,1653
2023-09-21 10:18:06,12,14,1103,1653
2023-09-21 10:18:06,12,13,1103,1653
2023-09-21 10:18:14,11,13,1103,1653
2023-09-21 10:18:14,11,12,1103,1653
2023-09-21 10:18:19,11,13,1103,1653
2023-09-21 10:18:22,11,12,1103,1653
2023-09-21 10:18:28,11,13,1103,1713
2023-09-21 10:18:32,11,12,1103,1713
2023-09-21 10:18:53,10,12,1103,1713
2023-09-21 10:19:05,10,11,1103,1713
2023-09-21 10:19:06,10,11,1103,1803
2023-09-21 10:19:06,10,12,1103,1803
2023-09-21 10:19:13,10,11,1103,1803
2023-09-21 10:19:21,10,12,1103,1803
2023-09-21 10:19:21,10,11,1103,1803
2023-09-21 10:19:23,10,12,1103,1803
2023-09-21 10:19:40,10,11,1103,1803
2023-09-21 10:20:00,10,12,1103,1803
2023-09-21 10:20:00,10,11,1103,1803
2023-09-21 10:20:04,10,12,1103,1803
2023-09-21 10:20:26,10,13,1103,1803
2023-09-21 10:20:31,10,12,1103,1803
2023-09-21 10:20:41,10,13,1103,1803
2023-09-21 10:20:43,10,12,1103,1803
2023-09-21 10:20:50,10,13,1103,1803
2023-09-21 10:20:56,10,12,1103,1803
2023-09-21 10:20:59,10,13,1103,1803
2023-09-21 10:21:04,10,12,1103,1803
2023-09-21 10:21:12,10,13,1103,1803
2023-09-21 10:21:13,10,12,1103,1803
2023-09-21 10:21:22,10,11,1103,1803
2023-09-21 10:21:26,10,12,1103,1803
2023-09-21 10:21:59,10,11,1103,1803
2023-09-21 10:22:18,10,12,1103,1803
2023-09-21 10:22:19,10,11,1103,1803
2023-09-21 10:22:25,10,12,1103,1803
2023-09-21 10:22:31,10,13,1103,1803
2023-09-21 10:22:32,10,12,1103,1803
2023-09-21 10:22:34,10,13,1103,1803
2023-09-21 10:22:46,11,13,1103,1803
2023-09-21 10:22:52,10,13,1103,1803
2023-09-21 10:23:00,11,13,1103,1803
2023-09-21 10:23:12,11,14,1103,1803
2023-09-21 10:23:12,12,14,1103,1803
2023-09-21 10:23:32,12,13,1103,1803
2023-09-21 10:23:36,12,14,1103,1803
2023-09-21 10:23:36,12,13,1103,1803
2023-09-21 10:23:40,12,14,1103,1803
2023-09-21 10:24:13,13,14,1103,1803
2023-09-21 10:24:14,13,14,1043,1863
2023-09-21 10:24:17,12,14,1043,1863
2023-09-21 10:24:20,13,14,1043,1863
2023-09-21 10:25:01,12,14,1043,1863
2023-09-21 10:25:18,13,14,1043,1863
2023-09-21 10:25:20,12,14,1043,1863
2023-09-21 10:25:21,13,14,1043,1863
2023-09-21 10:25:39,13,15,1043,1863
2023-09-21 10:26:05,13,15,1043,2013
2023-09-21 10:26:12,13,16,1043,2013
2023-09-21 10:26:12,14,16,1043,2013
2023-09-21 10:26:49,15,16,1043,2013
2023-09-21 10:26:54,14,16,1043,2013
2023-09-21 10:27:16,14,15,1043,2013
2023-09-21 10:27:18,13,15,1043,2013
2023-09-21 10:28:16,13,16,1043,2013
2023-09-21 10:28:17,14,16,1043,2013
2023-09-21 10:28:28,13,16,1043,2013
2023-09-21 10:28:42,13,15,1043,2013
2023-09-21 10:29:02,13,16,1043,2013
2023-09-21 10:29:33,14,16,1043,2013
2023-09-21 10:29:38,13,16,1043,2013
2023-09-21 10:30:03,14,16,1043,2013
2023-09-21 10:30:17,13,16,1043,2013
2023-09-21 10:30:22,14,16,1043,2013
2023-09-21 10:30:31,13,16,1043,2013
2023-09-21 10:30:34,14,16,1043,2013
2023-09-21 10:30:39,13,16,1043,2013
2023-09-21 10:30:41,14,16,1043,2013
2023-09-21 10:30:43,13,16,1043,2013
2023-09-21 10:31:05,14,16,1043,2013
2023-09-21 10:31:06,13,16,1043,2013
2023-09-21 10:31:23,14,16,1043,2013
2023-09-21 10:31:36,13,16,1043,2013
2023-09-21 10:31:46,13,15,1043,2013
2023-09-21 10:31:51,13,16,1043,2013
2023-09-21 10:31:53,13,15,1043,2013
2023-09-21 10:31:58,13,16,1043,2013
2023-09-21 10:32:06,13,15,1043,2013
2023-09-21 10:32:08,12,15,1043,2013
2023-09-21 10:32:09,12,14,1043,2013
2023-09-21 10:32:23,13,14,1043,2013
2023-09-21 10:32:23,13,15,1043,2013
2023-09-21 10:32:27,13,16,1043,2013
2023-09-21 10:32:38,14,16,1043,2013
2023-09-21 10:32:41,15,16,1043,2013
2023-09-21 10:32:54,15,16,1043,2163
2023-09-21 10:33:06,14,16,1043,2163
2023-09-21 10:33:14,13,16,1043,2163
2023-09-21 10:33:14,13,15,1043,2163
2023-09-21 10:33:17,13,16,1043,2163
2023-09-21 10:33:18,13,15,1043,2163
2023-09-21 10:33:27,12,15,1043,2163
2023-09-21 10:33:31,12,15,1043,2313
2023-09-21 10:33:36,13,15,1043,2313
2023-09-21 10:34:09,13,16,1043,2313
2023-09-21 10:34:12,14,16,1043,2313
2023-09-21 10:34:34,13,16,1043,2313
2023-09-21 10:34:37,13,15,1043,2313
2023-09-21 10:34:39,13,16,1043,2313
2023-09-21 10:34:40,13,15,1043,2313
2023-09-21 10:35:06,13,16,1043,2313
2023-09-21 10:35:14,13,15,1043,2313
2023-09-21 10:35:19,12,15,1043,2313
2023-09-21 10:35:27,13,15,1043,2313
2023-09-21 10:35:28,12,15,1043,2313
2023-09-21 10:35:34,13,15,1043,2313
2023-09-21 10:36:07,12,15,1043,2313
2023-09-21 10:36:09,13,15,1043,2313
2023-09-21 10:36:14,12,15,1043,2313
2023-09-21 10:36:22,12,14,1043,2313
2023-09-21 10:36:44,12,13,1043,2313
2023-09-21 10:36:57,11,13,1043,2313
2023-09-21 10:37:31,11,12,1043,2313
2023-09-21 10:37:40,9,10,2133,3403
2023-09-21 10:37:41,9,10,2133,3463
2023-09-21 10:37:51,9,11,2133,3463
2023-09-21 10:38:09,9,12,2133,3463
2023-09-21 10:38:09,9,10,2133,3463
2023-09-21 10:38:29,8,9,2333,3663
2023-09-21 10:39:34,8,9,2333,3863
2023-09-21 10:39:37,7,8,2333,3913
2023-09-21 10:39:48,6,8,2433,4013
2023-09-21 10:40:25,7,8,2433,4013
2023-09-21 10:40:29,7,9,2433,4013
2023-09-21 10:40:49,7,8,2433,4013
2023-09-21 10:41:06,6,8,2433,4013
2023-09-21 10:41:14,6,7,2433,4013
2023-09-21 10:41:53,6,7,2553,4133
2023-09-21 10:44:03,6,7,2753,4333
2023-09-21 10:44:08,7,8,2844,4424
2023-09-21 10:44:10,7,9,2844,4424
2023-09-21 10:44:17,7,8,2844,4424
2023-09-21 10:44:17,7,8,2724,4544
2023-09-21 10:44:40,7,9,2724,4544
2023-09-21 10:44:44,8,9,2724,4544
2023-09-21 10:45:45,8,9,2484,4784
2023-09-21 10:45:45,8,10,2484,4784
2023-09-21 10:45:45,9,10,2484,4784
2023-09-21 10:45:52,8,10,2484,4784
2023-09-21 10:45:56,9,10,2484,4784
2023-09-21 10:46:01,8,10,2484,4784
2023-09-21 10:46:02,8,9,2484,4784
2023-09-21 10:46:30,8,10,2484,4824
2023-09-21 10:46:39,9,10,2484,4824
2023-09-21 10:46:42,8,10,2484,4824
2023-09-21 10:46:48,9,10,2484,4824
2023-09-21 10:46:58,8,10,2484,4824
2023-09-21 10:47:00,9,10,2484,4824
2023-09-21 10:47:03,8,10,2484,4824
2023-09-21 10:47:09,9,10,2484,4824
2023-09-21 10:47:10,8,10,2484,4824
2023-09-21 10:47:11,9,10,2484,4824
2023-09-21 10:48:18,9,11,2484,4824
2023-09-21 10:48:31,10,11,2484,4824
2023-09-21 10:48:57,10,12,2484,4824
2023-09-21 10:49:02,11,12,2484,4824
2023-09-21 10:49:27,10,12,2484,4824
2023-09-21 10:49:28,11,12,2484,4824
2023-09-21 10:49:48,10,12,2484,4824
2023-09-21 10:49:59,11,12,2484,4824
2023-09-21 10:51:23,11,12,2684,5024
2023-09-21 10:51:28,11,12,2884,5224
2023-09-21 10:51:34,11,12,3084,5424
2023-09-21 10:51:35,11,12,3284,5624
2023-09-21 10:51:35,11,12,3484,5824
2023-09-21 10:51:37,11,12,3684,6024
2023-09-21 10:51:39,11,12,3884,6224
2023-09-21 10:51:40,11,12,4084,6424
2023-09-21 10:51:41,11,12,4284,6624
2023-09-21 10:52:23,10,12,4284,6624
2023-09-21 10:52:27,11,12,4284,6624
2023-09-21 10:52:30,10,12,4284,6624
2023-09-21 10:52:33,10,11,4284,6624
2023-09-21 10:53:34,9,11,4284,6624
2023-09-21 10:53:35,10,11,4284,6624
2023-09-21 10:53:36,9,11,4284,6624
2023-09-21 10:53:37,10,11,4284,6624
2023-09-21 10:53:42,9,11,4284,6624
2023-09-21 10:53:56,9,10,4284,6624
2023-09-21 10:54:13,9,11,4284,6624
2023-09-21 10:54:13,10,11,4284,6624
2023-09-21 10:54:14,10,11,4084,6824
2023-09-21 10:54:14,9,11,4084,6824
2023-09-21 10:54:15,9,10,4084,6824
2023-09-21 10:54:27,8,10,4084,6824
2023-09-21 10:54:48,9,10,4084,6824
2023-09-21 10:54:51,8,10,4084,6824
2023-09-21 10:54:53,9,10,4084,6824
2023-09-21 10:54:58,9,11,4084,6824
2023-09-21 10:55:07,9,10,4084,6824
2023-09-21 10:55:08,9,11,4084,6824
2023-09-21 10:55:10,9,10,4084,6824
2023-09-21 10:55:13,8,10,4084,6824
2023-09-21 10:55:29,9,10,4084,6824
2023-09-21 10:55:38,9,11,4084,6824
2023-09-21 10:55:46,9,10,4084,6824
2023-09-21 10:55:51,9,11,4084,6824
2023-09-21 10:56:03,9,10,4084,6824
2023-09-21 10:56:09,9,11,4084,6824
2023-09-21 10:56:28,9,10,4084,6824
2023-09-21 10:56:30,8,10,4084,6824
2023-09-21 10:56:41,9,10,4084,6824
2023-09-21 10:57:04,8,10,4084,6824
2023-09-21 10:57:05,9,10,4084,6824
2023-09-21 10:57:06,8,10,4084,6824
2023-09-21 10:57:09,8,9,4084,6824
2023-09-21 10:57:13,8,10,4084,6824
2023-09-21 10:57:13,9,10,4084,6824
2023-09-21 10:57:26,9,11,4084,6824
2023-09-21 10:58:22,10,11,4084,6824
2023-09-21 10:58:24,10,12,4084,6824
2023-09-21 10:58:32,11,12,4084,6824
2023-09-21 10:58:44,11,13,4193,7024
2023-09-21 10:58:45,12,13,4193,7024
2023-09-21 10:59:02,12,14,4193,7024
2023-09-21 10:59:02,13,14,4193,7024
2023-09-21 10:59:11,12,14,4193,7024
2023-09-21 10:59:18,13,14,4193,7024
2023-09-21 10:59:19,12,14,4193,7024
2023-09-21 10:59:20,13,14,4193,7024
2023-09-21 11:00:10,12,14,4193,7024
2023-09-21 11:00:11,13,14,4193,7024
2023-09-21 11:00:12,12,14,4193,7024
2023-09-21 11:00:19,11,14,4193,7024
2023-09-21 11:00:21,11,13,4193,7024
2023-09-21 11:00:22,11,14,4193,7024
2023-09-21 11:00:23,11,13,4193,7024
2023-09-21 11:00:26,11,14,4193,7024
2023-09-21 11:00:26,12,14,4193,7024
2023-09-21 11:02:20,13,14,4193,7024
2023-09-21 11:03:40,13,15,4193,7024
2023-09-21 11:04:20,12,15,4193,7024
2023-09-21 11:04:22,13,15,4193,7024
2023-09-21 11:04:54,13,14,4193,7024
2023-09-21 11:04:58,12,14,4193,7024
2023-09-21 11:05:08,11,14,4193,7024
2023-09-21 11:05:10,11,13,4193,7024
2023-09-21 11:05:35,11,12,4193,7024
2023-09-21 11:06:19,11,13,4193,7024
2023-09-21 11:06:19,12,13,4193,7024
2023-09-21 11:06:30,11,13,4193,7024
2023-09-21 11:06:31,11,14,4193,7024
2023-09-21 11:06:32,12,14,4193,7024
2023-09-21 11:06:38,13,14,4193,7024
2023-09-21 11:06:48,12,14,4193,7024
2023-09-21 11:06:48,12,13,4193,7024
2023-09-21 11:06:56,11,13,4193,7024
2023-09-21 11:06:57,11,12,4193,7024
2023-09-21 11:07:03,10,12,4193,7024
2023-09-21 11:07:07,10,11,4193,7024
2023-09-21 11:07:27,9,11,4193,7024
2023-09-21 11:07:40,10,11,4193,7024
2023-09-21 11:07:46,9,11,4193,7024
2023-09-21 11:08:08,10,11,4193,7024
2023-09-21 11:09:13,10,12,4193,7024
2023-09-21 11:09:23,10,13,4193,7024
2023-09-21 11:09:25,11,13,4193,7024
2023-09-21 11:10:07,11,12,4193,7024
2023-09-21 11:10:09,11,13,4193,7024
2023-09-21 11:11:16,11,12,4193,7024
2023-09-21 11:11:17,11,13,4193,7024
2023-09-21 11:11:19,11,12,4193,7024
2023-09-21 11:11:28,10,12,4193,7024
2023-09-21 11:11:35,11,12,4193,7024
2023-09-21 11:12:06,10,12,4193,7024
2023-09-21 11:12:09,11,12,4193,7024
2023-09-21 11:12:17,11,13,4193,7024
2023-09-21 11:13:00,11,14,4193,7024
2023-09-21 11:13:01,12,14,4193,7024
2023-09-21 11:13:46,13,14,4193,7024
2023-09-21 11:13:54,13,15,4193,7024
2023-09-21 11:13:58,14,15,4193,7024
2023-09-21 11:15:03,13,15,4193,7024
2023-09-21 11:15:15,14,15,4193,7024
2023-09-21 11:15:29,13,15,4193,7024
2023-09-21 11:15:30,14,15,4193,7024
2023-09-21 11:15:31,13,15,4193,7024
2023-09-21 11:15:33,14,15,4193,7024
2023-09-21 11:16:16,14,16,4193,7024
2023-09-21 11:16:24,15,16,4193,7024
2023-09-21 11:16:57,15,17,4193,7224
2023-09-21 11:16:57,16,17,4193,7224
2023-09-21 11:17:54,15,17,4193,7224
2023-09-21 11:18:24,16,17,4193,7224
2023-09-21 11:18:26,15,17,4193,7224
2023-09-21 11:18:32,16,17,4193,7224
2023-09-21 11:19:32,15,17,4193,7224
2023-09-21 11:19:47,15,16,4193,7224
2023-09-21 11:19:49,15,17,4193,7224
2023-09-21 11:19:51,15,16,4193,7224
2023-09-21 11:19:53,14,16,4193,7224
2023-09-21 11:19:53,15,16,4193,7224
2023-09-21 11:19:54,14,16,4193,7224
2023-09-21 11:20:04,15,16,4193,7224
2023-09-21 11:20:07,15,17,4193,7224
2023-09-21 11:20:10,15,17,4193,7374
2023-09-21 11:20:11,14,17,4193,7374
2023-09-21 11:20:11,14,16,4193,7374
2023-09-21 11:20:20,14,15,4193,7374
2023-09-21 11:20:21,13,15,4193,7374
2023-09-21 11:20:42,13,14,4193,7374
2023-09-21 11:20:43,12,14,4193,7374
2023-09-21 11:20:44,12,13,4193,7374
2023-09-21 11:20:47,12,14,4193,7374
2023-09-21 11:20:58,13,14,4193,7374
2023-09-21 11:21:00,12,14,4193,7374
2023-09-21 11:21:03,13,14,4193,7374
2023-09-21 11:21:10,12,14,4193,7374
2023-09-21 11:21:16,13,14,4193,7374
2023-09-21 11:21:17,12,14,4193,7374
2023-09-21 11:21:20,13,14,4193,7374
2023-09-21 11:21:21,12,14,4193,7374
2023-09-21 11:21:24,13,14,4193,7374
2023-09-21 11:21:30,12,14,4193,7374
2023-09-21 11:21:31,13,14,4193,7374
2023-09-21 11:22:31,12,14,4193,7374
2023-09-21 11:22:45,13,14,4193,7374
2023-09-21 11:22:50,12,14,4193,7374
2023-09-21 11:22:56,13,14,4193,7374
2023-09-21 11:22:57,12,14,4193,7374
2023-09-21 11:23:00,13,14,4193,7374
2023-09-21 11:23:02,12,14,4193,7374
2023-09-21 11:23:05,13,14,4193,7374
2023-09-21 11:23:06,12,14,4193,7374
2023-09-21 11:23:10,13,14,4193,7374
2023-09-21 11:23:31,13,15,4193,7374
2023-09-21 11:23:32,13,16,4193,7374
2023-09-21 11:23:33,14,16,4193,7374
2023-09-21 11:24:08,14,17,4193,7374
2023-09-21 11:24:28,15,17,4193,7374
2023-09-21 11:24:28,16,17,4193,7374
2023-09-21 11:26:09,16,18,4193,7374
2023-09-21 11:26:10,17,18,4193,7374
2023-09-21 11:27:09,16,18,4193,7374
2023-09-21 11:27:11,17,18,4193,7374
2023-09-21 11:28:22,17,19,4193,7374
2023-09-21 11:28:30,18,19,4193,7374
2023-09-21 11:28:37,17,19,4193,7374
2023-09-21 11:28:52,16,19,4193,7374
2023-09-21 11:28:53,17,19,4193,7374
2023-09-21 11:29:14,17,19,4193,7474
2023-09-21 11:29:24,17,18,4193,7474
2023-09-21 11:29:27,16,18,4193,7474
2023-09-21 11:29:30,17,18,4193,7474
2023-09-21 11:29:31,17,19,4193,7474
2023-09-21 11:29:59,17,18,4193,7474
2023-09-21 11:30:08,16,18,4193,7474
2023-09-21 11:30:11,17,18,4193,7474
2023-09-21 11:30:23,17,19,4193,7474
2023-09-21 11:30:47,16,19,4193,7474
2023-09-21 11:30:49,16,18,4193,7474
2023-09-21 11:30:56,17,18,4193,7474
2023-09-21 11:30:57,16,18,4193,7474
2023-09-21 11:31:04,16,17,4193,7474
2023-09-21 11:31:04,15,17,4193,7474
2023-09-21 11:31:18,15,16,4193,7474
2023-09-21 11:31:33,15,17,4193,7474
2023-09-21 11:31:42,16,17,4193,7474
2023-09-21 11:31:42,15,17,4193,7474
2023-09-21 11:31:48,16,17,4193,7474
2023-09-21 11:31:50,15,17,4193,7474
2023-09-21 11:32:12,16,17,4193,7474
2023-09-21 11:32:15,15,17,4193,7474
2023-09-21 11:32:17,16,17,4193,7474
2023-09-21 11:32:54,15,17,4193,7474
2023-09-21 11:33:25,14,17,4193,7474
2023-09-21 11:33:25,15,17,4193,7474
2023-09-21 11:33:30,15,16,4193,7474
2023-09-21 11:33:30,14,16,4193,7474
2023-09-21 11:33:40,14,15,4193,7474
2023-09-21 11:34:01,13,15,4193,7474
2023-09-21 11:34:06,13,14,4193,7474
2023-09-21 11:34:09,12,14,4193,7474
2023-09-21 11:34:16,12,13,4193,7474
2023-09-21 11:34:22,12,14,4193,7474
2023-09-21 11:34:27,13,14,4193,7474
2023-09-21 11:34:28,12,14,4193,7474
2023-09-21 11:34:30,13,14,4193,7474
2023-09-21 11:34:31,12,14,4193,7474
2023-09-21 11:34:48,12,13,4193,7474
2023-09-21 11:34:48,12,14,4193,7474
2023-09-21 11:34:50,12,13,4193,7474
2023-09-21 11:34:51,12,14,4193,7474
2023-09-21 11:35:09,12,13,4193,7474
2023-09-21 11:35:15,11,13,4193,7474
2023-09-21 11:35:55,11,12,4193,7474
2023-09-21 11:36:03,11,13,4193,7474
2023-09-21 11:36:53,12,13,4193,7474
2023-09-21 11:36:56,11,13,4193,7474
2023-09-21 11:37:30,12,13,4193,7474
2023-09-21 11:37:33,12,14,4193,7474
2023-09-21 11:37:57,12,15,4193,7474
2023-09-21 11:37:59,13,15,4193,7474
2023-09-21 11:38:03,14,15,4193,7474
2023-09-21 11:38:26,13,15,4193,7474
2023-09-21 11:38:27,14,15,4193,7474
2023-09-21 11:38:31,13,15,4193,7474
2023-09-21 11:38:52,12,15,4193,7474
2023-09-21 11:38:52,12,14,4193,7474
2023-09-21 11:39:03,13,14,4193,7474
2023-09-21 11:39:05,13,15,4193,7474
2023-09-21 11:39:54,12,15,4193,7474
2023-09-21 11:39:57,12,14,4193,7474
2023-09-21 11:39:58,12,15,4193,7474
2023-09-21 11:40:01,13,15,4193,7474
2023-09-21 11:40:02,12,15,4193,7474
2023-09-21 11:40:04,13,15,4193,7474
2023-09-21 11:40:11,12,15,4193,7474
2023-09-21 11:40:15,13,15,4193,7474
2023-09-21 11:40:18,12,15,4193,7474
2023-09-21 11:40:20,12,14,4193,7474
2023-09-21 11:40:21,12,15,4193,7474
2023-09-21 11:40:23,13,15,4193,7474
2023-09-21 11:40:32,13,14,4193,7474
2023-09-21 11:40:33,12,14,4193,7474
2023-09-21 11:40:36,13,14,4193,7474
2023-09-21 11:40:36,12,14,4193,7474
2023-09-21 11:40:38,12,15,4193,7474
2023-09-21 11:40:39,13,15,4193,7474
2023-09-21 11:40:47,12,15,4193,7474
2023-09-21 11:40:50,13,15,4193,7474
2023-09-21 11:40:51,12,15,4193,7474
2023-09-21 11:40:53,12,14,4193,7474
2023-09-21 11:40:59,12,15,4193,7474
2023-09-21 11:41:01,13,15,4193,7474
2023-09-21 11:42:18,12,15,4193,7474
2023-09-21 11:42:19,13,15,4193,7474
2023-09-21 11:42:40,13,16,4193,7474
2023-09-21 11:42:40,14,16,4193,7474
2023-09-21 11:44:32,14,15,4193,7474
2023-09-21 11:44:36,13,15,4193,7474
2023-09-21 11:44:46,12,15,4193,7474
2023-09-21 11:45:20,12,14,4193,7474
2023-09-21 11:45:22,12,13,4193,7474
2023-09-21 11:45:52,11,13,4193,7474
2023-09-21 11:45:52,11,12,4193,7474
2023-09-21 11:46:05,11,13,4193,7474
2023-09-21 11:46:18,11,12,4193,7474
2023-09-21 11:46:51,11,13,4193,7474
2023-09-21 11:47:11,11,12,4193,7474
2023-09-21 11:47:40,10,12,4193,7474
2023-09-21 11:47:42,10,11,4193,7474
2023-09-21 11:49:23,10,12,4193,7474
2023-09-21 11:49:34,10,11,4193,7474
2023-09-21 11:49:37,10,12,4193,7474
2023-09-21 11:49:47,10,11,4193,7474
2023-09-21 11:49:54,10,11,4693,7974
2023-09-21 11:49:55,9,11,4693,7974
2023-09-21 11:50:12,10,11,4693,7974
2023-09-21 11:50:13,9,11,4693,7974
2023-09-21 11:50:20,9,10,4693,7974
2023-09-21 11:51:36,9,12,4693,7974
2023-09-21 11:51:36,9,11,4693,7974
2023-09-21 11:51:36,10,11,4693,7974
2023-09-21 11:52:13,10,13,4693,7974
2023-09-21 11:52:13,10,12,4693,7974
2023-09-21 11:52:14,10,13,4693,7974
2023-09-21 11:52:14,10,11,4693,7974
2023-09-21 11:52:15,10,13,4693,8074
2023-09-21 11:52:26,11,13,4693,8074
2023-09-21 11:52:28,11,14,4693,8074
2023-09-21 11:52:40,12,14,4693,8074
2023-09-21 11:52:48,13,14,4693,8074
2023-09-21 11:53:02,12,14,4693,8074
2023-09-21 11:54:08,12,13,4693,8074
2023-09-21 11:54:09,12,14,4693,8074
2023-09-21 11:54:12,12,13,4693,8074
2023-09-21 11:54:13,12,14,4693,8074
2023-09-21 11:54:59,12,15,4693,8074
2023-09-21 11:55:14,13,15,4693,8074
2023-09-21 11:55:18,14,15,4693,8074
2023-09-21 11:55:25,13,15,4693,8074
2023-09-21 11:55:26,12,15,4693,8074
2023-09-21 11:55:27,13,15,4693,8074
2023-09-21 11:55:27,12,15,4693,8074
2023-09-21 11:55:30,12,14,4693,8074
2023-09-21 11:56:03,11,14,4693,8074
2023-09-21 11:56:03,11,13,4693,8074
2023-09-21 11:56:14,11,12,4693,8074
2023-09-21 11:57:02,11,13,4693,8074
2023-09-21 11:57:25,11,14,4693,8074
2023-09-21 11:57:26,12,14,4693,8074
2023-09-21 11:57:31,11,14,4693,8074
2023-09-21 11:57:32,11,13,4693,8074
2023-09-21 11:57:57,11,14,4693,8074
2023-09-21 11:57:57,12,14,4693,8074
2023-09-21 11:57:58,11,14,4693,8074
2023-09-21 11:58:04,12,14,4693,8074
2023-09-21 11:58:24,12,13,4693,8074
2023-09-21 11:58:24,12,14,4693,8074
2023-09-21 11:58:28,12,15,4693,8074
2023-09-21 11:58:30,13,15,4693,8074
2023-09-21 11:58:42,14,15,4693,8074
2023-09-21 11:58:45,14,16,4693,8074
2023-09-21 11:59:02,13,16,4693,8074
2023-09-21 11:59:03,13,15,4693,8074
2023-09-21 11:59:10,13,16,4693,8074
2023-09-21 11:59:11,13,15,4693,8074
2023-09-21 11:59:14,13,16,4693,8074
2023-09-21 11:59:39,13,15,4693,8074
2023-09-21 11:59:41,13,16,4693,8074
2023-09-21 11:59:45,13,15,4693,8074
2023-09-21 11:59:46,13,16,4693,8074
2023-09-21 12:00:07,14,16,4693,8074
2023-09-21 12:00:08,13,16,4693,8074
2023-09-21 12:00:17,14,16,4693,8074
2023-09-21 12:00:37,13,16,4693,8074
2023-09-21 12:00:51,14,16,4693,8074
2023-09-21 12:01:09,13,16,4693,8074
2023-09-21 12:01:16,14,16,4693,8074
2023-09-21 12:01:22,15,16,4693,8074
2023-09-21 12:01:29,15,17,4693,8074
2023-09-21 12:01:31,16,17,4693,8074
2023-09-21 12:01:39,16,18,4693,8074
2023-09-21 12:01:41,17,18,4693,8074
2023-09-21 12:02:27,16,18,4693,8074
2023-09-21 12:02:37,17,18,4693,8074
2023-09-21 12:04:23,16,18,4693,8074
2023-09-21 12:04:38,17,18,4693,8074
2023-09-21 12:04:38,17,18,4693,8174
2023-09-21 12:04:39,16,18,4693,8174
2023-09-21 12:04:40,17,18,4693,8174
2023-09-21 12:06:30,17,19,4693,8174
2023-09-21 12:07:26,18,19,4693,8174
2023-09-21 12:07:28,18,20,4693,8274
2023-09-21 12:07:36,19,20,4693,8274
2023-09-21 12:08:40,19,21,4693,8674
2023-09-21 12:08:41,20,21,4693,8674
2023-09-21 12:08:57,19,21,4693,8674
2023-09-21 12:08:58,20,21,4693,8674
2023-09-21 12:09:12,19,21,4693,8674
2023-09-21 12:09:22,18,21,4693,8674
2023-09-21 12:09:22,18,20,4693,8674
2023-09-21 12:09:33,17,20,4693,8674
2023-09-21 12:09:41,17,19,4693,8674
2023-09-21 12:10:22,18,19,4693,8674
2023-09-21 12:10:24,17,19,4693,8674
2023-09-21 12:10:26,18,19,4693,8674
2023-09-21 12:10:29,18,20,4693,8674
2023-09-21 12:10:30,18,21,4693,8674
2023-09-21 12:10:47,19,21,4693,8674
2023-09-21 12:10:52,20,21,4693,8674
2023-09-21 12:10:53,20,22,4693,8674
2023-09-21 12:10:54,21,22,4693,8674
2023-09-21 12:11:26,20,22,4693,8674
2023-09-21 12:11:28,20,21,4693,8674
2023-09-21 12:11:32,19,21,4693,8674
2023-09-21 12:11:38,18,21,4693,8674
2023-09-21 12:11:41,18,20,4693,8674
2023-09-21 12:11:48,17,20,4693,8674
2023-09-21 12:11:49,17,19,4693,8674
2023-09-21 12:11:52,17,20,4693,8674
2023-09-21 12:11:56,18,20,4693,8674
2023-09-21 12:11:57,17,20,4693,8674
2023-09-21 12:11:59,18,20,4693,8674
2023-09-21 12:12:11,18,21,4693,8674
2023-09-21 12:12:30,19,21,4693,8674
2023-09-21 12:12:47,19,22,4693,8674
2023-09-21 12:13:38,19,21,4693,8674
2023-09-21 12:15:09,18,21,4693,8674
2023-09-21 12:15:10,18,20,4693,8674
2023-09-21 12:15:12,17,20,4693,8674
2023-09-21 12:15:15,17,19,4693,8674
2023-09-21 12:15:27,17,20,4693,8674
2023-09-21 12:15:31,18,20,4693,8674
2023-09-21 12:15:33,17,20,4693,8674
2023-09-21 12:15:46,18,20,4693,8674
2023-09-21 12:15:53,17,20,4693,8674
2023-09-21 12:15:55,18,20,4693,8674
2023-09-21 12:16:43,17,20,4693,8674
2023-09-21 12:16:44,17,19,4693,8674
2023-09-21 12:16:46,18,19,4693,8674
2023-09-21 12:16:47,17,19,4693,8674
2023-09-21 12:16:54,17,18,4693,8674
2023-09-21 12:17:02,17,19,4693,8674
2023-09-21 12:17:11,18,19,4693,8674
2023-09-21 12:17:13,18,20,4693,8674
2023-09-21 12:17:41,18,21,4693,8674
2023-09-21 12:17:42,19,21,4693,8674
2023-09-21 12:17:44,18,21,4693,8674
2023-09-21 12:17:45,18,19,4693,8674
2023-09-21 12:17:48,17,19,4693,8674
2023-09-21 12:17:50,16,19,4693,8674
2023-09-21 12:17:52,16,17,4693,8674
2023-09-21 12:17:53,16,18,4693,8674
2023-09-21 12:17:57,17,18,4693,8674
2023-09-21 12:18:00,16,18,4693,8674
2023-09-21 12:18:03,17,18,4693,8674
2023-09-21 12:18:04,16,18,4693,8674
2023-09-21 12:18:23,16,17,4693,8674
2023-09-21 12:18:26,15,17,4693,8674
2023-09-21 12:18:42,14,17,4693,8674
2023-09-21 12:18:48,14,16,4693,8674
2023-09-21 12:18:59,14,17,4693,8674
2023-09-21 12:19:10,14,16,4693,8674
2023-09-21 12:19:18,14,17,4693,8674
2023-09-21 12:19:25,15,17,4693,8674
2023-09-21 12:19:26,14,17,4693,8674
2023-09-21 12:19:30,15,17,4693,8674
2023-09-21 12:19:31,14,17,4693,8674
2023-09-21 12:19:37,15,17,4693,8674
2023-09-21 12:19:38,14,17,4693,8674
2023-09-21 12:19:39,15,17,4693,8674
2023-09-21 12:19:41,14,17,4693,8674
2023-09-21 12:20:06,14,16,4693,8674
2023-09-21 12:20:10,14,17,4693,8674
2023-09-21 12:20:15,14,16,4693,8674
2023-09-21 12:20:22,14,15,4693,8674
2023-09-21 12:20:33,14,16,4693,8674
2023-09-21 12:21:15,14,15,4693,8674
2023-09-21 12:21:33,14,16,4693,8674
2023-09-21 12:21:39,14,17,4693,8674
2023-09-21 12:21:41,15,17,4693,8674
2023-09-21 12:22:15,15,16,4693,8674
2023-09-21 12:22:17,14,16,4693,8674
2023-09-21 12:22:26,14,17,4693,8674
2023-09-21 12:22:31,15,17,4693,8674
2023-09-21 12:22:37,16,17,4693,8674
2023-09-21 12:22:37,16,18,4693,8674
2023-09-21 12:23:02,17,18,4693,8674
2023-09-21 12:23:12,17,18,4693,8674
2023-09-21 12:23:16,16,18,4693,8674
2023-09-21 12:23:28,16,17,4693,8674
2023-09-21 12:23:37,16,18,4693,8674
2023-09-21 12:23:40,16,17,4693,8674
2023-09-21 12:23:43,16,18,4693,8674
2023-09-21 12:23:49,16,17,4693,8674
2023-09-21 12:24:00,16,18,4693,8674
2023-09-21 12:24:01,16,17,4693,8674
2023-09-21 12:24:12,15,17,4693,8674
2023-09-21 12:24:17,14,17,4693,8674
2023-09-21 12:24:25,14,16,4693,8674
2023-09-21 12:24:44,14,17,4693,8674
2023-09-21 12:25:05,15,17,4693,8674
2023-09-21 12:25:12,14,17,4693,8674
2023-09-21 12:25:13,15,17,4693,8674
2023-09-21 12:25:20,14,17,4693,8674
2023-09-21 12:25:27,15,17,4693,8674
2023-09-21 12:25:32,14,17,4693,8674
2023-09-21 12:25:35,15,17,4693,8674
2023-09-21 12:25:42,14,17,4693,8674
2023-09-21 12:25:43,15,17,4693,8674
2023-09-21 12:25:46,14,17,4693,8674
2023-09-21 12:25:48,15,17,4693,8674
2023-09-21 12:25:51,14,17,4693,8674
2023-09-21 12:25:55,15,17,4693,8674
2023-09-21 12:26:15,15,18,4693,8674
2023-09-21 12:26:15,16,18,4693,8674
2023-09-21 12:26:55,16,19,4693,8674
2023-09-21 12:26:56,17,19,4693,8674
2023-09-21 12:27:16,16,19,4693,8674
2023-09-21 12:27:17,16,18,4693,8674
2023-09-21 12:27:42,15,18,4693,8674
2023-09-21 12:27:46,16,18,4693,8674
2023-09-21 12:28:27,16,17,4693,8674
2023-09-21 12:28:27,15,17,4693,8674
2023-09-21 12:28:29,14,17,4693,8674
2023-09-21 12:28:30,14,16,4693,8674
2023-09-21 12:28:49,14,15,4693,8674
2023-09-21 12:29:29,14,16,4693,8674
2023-09-21 12:29:36,14,17,4693,8674
2023-09-21 12:29:39,15,17,4693,8674
2023-09-21 12:29:40,14,17,4693,8674
2023-09-21 12:29:41,14,16,4693,8674
2023-09-21 12:30:10,15,16,4693,8674
2023-09-21 12:30:16,14,16,4693,8674
2023-09-21 12:33:08,14,15,4693,8674
2023-09-21 12:33:17,13,15,4693,8674
2023-09-21 12:33:22,13,14,4693,8674
2023-09-21 12:33:38,12,14,4693,8674
2023-09-21 12:33:46,12,13,4693,8674
2023-09-21 12:34:34,11,13,4693,8674
2023-09-21 12:34:39,11,12,4693,8674
2023-09-21 12:34:41,10,12,4693,8674
2023-09-21 12:34:45,10,11,4693,8674
2023-09-21 12:35:23,10,12,4693,8674
2023-09-21 12:36:30,10,11,4693,8674
2023-09-21 12:36:53,10,12,4693,8674
2023-09-21 12:37:03,11,12,4693,8674
2023-09-21 12:37:03,11,13,4693,8674
2023-09-21 12:37:08,12,13,4693,8674
2023-09-21 12:37:08,12,14,4693,8674
2023-09-21 12:37:27,12,15,4693,8674
2023-09-21 12:37:28,14,15,4693,8674
2023-09-21 12:37:34,13,15,4693,8674
2023-09-21 12:37:38,14,15,4693,8674
2023-09-21 12:37:46,14,16,4693,8674
2023-09-21 12:38:45,15,16,4693,8674
2023-09-21 12:38:49,14,16,4693,8674
2023-09-21 12:39:08,15,16,4693,8674
2023-09-21 12:39:18,14,16,4693,8674
2023-09-21 12:40:15,15,16,4693,8674
2023-09-21 12:40:20,14,16,4693,8674
2023-09-21 12:40:58,14,15,4693,8674
2023-09-21 12:41:00,13,15,4693,8674
2023-09-21 12:41:26,12,15,4693,8674
2023-09-21 12:41:37,12,14,4693,8674
2023-09-21 12:42:37,12,15,4693,8674
2023-09-21 12:42:48,12,13,4693,8674
2023-09-21 12:43:01,11,13,4693,8674
2023-09-21 12:43:02,11,12,4693,8674
2023-09-21 12:43:03,11,12,4693,8675
2023-09-21 12:43:12,11,13,4693,8675
2023-09-21 12:43:14,11,12,4693,8675
2023-09-21 12:43:37,12,14,4793,8775
2023-09-21 12:43:49,13,14,4793,8775
2023-09-21 12:43:50,13,15,4793,8775
2023-09-21 12:44:03,14,15,4793,8775
2023-09-21 12:44:03,14,16,4793,8775
2023-09-21 12:44:04,15,16,4793,8775
2023-09-21 12:44:05,14,16,4793,8775
2023-09-21 12:44:13,14,15,4793,8775
2023-09-21 12:44:16,13,15,4793,8775
2023-09-21 12:44:43,13,14,4793,8775
2023-09-21 12:44:47,12,14,4793,8775
2023-09-21 12:45:15,11,14,4793,8775
2023-09-21 12:45:23,11,13,4793,8775
2023-09-21 12:46:16,11,12,4793,8775
2023-09-21 12:47:37,10,12,4793,8775
2023-09-21 12:47:40,10,11,4793,8775
2023-09-21 12:48:40,10,12,4793,8775
2023-09-21 12:48:41,10,11,4793,8775
2023-09-21 12:48:45,10,12,4793,8775
2023-09-21 12:48:57,10,11,4793,8775
2023-09-21 12:49:09,9,11,4793,8775
2023-09-21 12:51:03,9,10,4793,8775
2023-09-21 12:51:12,8,10,4793,8775
2023-09-21 12:51:13,8,9,4793,8775
2023-09-21 12:51:37,8,9,4843,8825
2023-09-21 12:52:52,8,9,4893,8875
2023-09-21 12:52:59,8,9,5013,8995
2023-09-21 12:53:00,7,9,5043,9025
2023-09-21 12:53:01,7,8,5043,9025
2023-09-21 12:54:05,7,9,5043,9025
2023-09-21 12:54:05,8,9,5043,9025
2023-09-21 12:54:06,8,9,5163,9145
2023-09-21 12:54:06,7,9,5163,9145
2023-09-21 12:54:07,8,9,5163,9145
2023-09-21 12:54:19,8,9,5164,9146
2023-09-21 12:54:20,8,9,5165,9147
2023-09-21 12:54:29,8,10,5239,9221
2023-09-21 12:55:10,8,11,5239,9221
2023-09-21 12:55:10,8,10,5239,9221
2023-09-21 12:55:13,9,10,5239,9221
2023-09-21 12:55:13,9,11,5239,9221
2023-09-21 12:55:17,10,11,5239,9221
2023-09-21 12:55:21,10,12,5239,9221
2023-09-21 12:55:34,10,11,5239,9221
2023-09-21 12:55:35,10,12,5239,9221
2023-09-21 12:55:48,11,12,5239,9221
2023-09-21 12:56:06,10,12,5239,9221
2023-09-21 12:56:23,11,12,5239,9221
2023-09-21 12:56:27,10,12,5239,9221
2023-09-21 12:56:53,10,11,5239,9221
2023-09-21 12:56:54,10,11,5144,9316
2023-09-21 12:56:54,10,12,5144,9316
2023-09-21 12:57:05,11,12,5144,9316
2023-09-21 12:57:09,10,12,5144,9316
2023-09-21 12:57:14,11,12,5144,9316
2023-09-21 12:57:15,10,12,5144,9316
2023-09-21 12:57:17,11,12,5144,9316
2023-09-21 12:57:18,10,12,5144,9316
2023-09-21 12:57:30,11,12,5144,9316
2023-09-21 12:57:32,10,12,5144,9316
2023-09-21 12:57:33,11,12,5144,9316
2023-09-21 12:57:34,10,12,5144,9316
2023-09-21 12:57:35,11,12,5144,9316
2023-09-21 12:57:47,10,12,5144,9316
2023-09-21 12:57:56,11,12,5144,9316
2023-09-21 12:57:57,10,12,5144,9316
2023-09-21 12:57:58,11,12,5144,9316
2023-09-21 12:58:06,10,12,5144,9316
2023-09-21 12:58:29,11,12,5144,9316
2023-09-21 12:58:41,10,12,5144,9316
2023-09-21 12:58:42,11,12,5144,9316
2023-09-21 12:58:45,10,12,5144,9316
2023-09-21 12:58:55,11,12,5144,9316
2023-09-21 12:59:36,11,13,5144,9316
2023-09-21 13:00:57,12,13,5144,9316
2023-09-21 13:01:00,12,15,5169,9541
2023-09-21 13:01:01,12,14,5169,9541
2023-09-21 13:01:12,12,13,5169,9541
2023-09-21 13:01:13,11,13,5169,9541
2023-09-21 13:01:26,11,12,5169,9541
2023-09-21 13:01:41,11,13,5169,9541
2023-09-21 13:02:17,11,12,5169,9541
2023-09-21 13:02:34,10,12,5169,9541
2023-09-21 13:02:49,9,12,5169,9541
2023-09-21 13:02:49,9,11,5169,9541
2023-09-21 13:02:53,9,10,5169,9541
2023-09-21 13:02:57,9,11,5169,9541
2023-09-21 13:03:09,9,10,5169,9541
2023-09-21 13:05:16,9,11,5169,9541
2023-09-21 13:05:16,9,10,5169,9541
2023-09-21 13:05:29,8,10,5169,9541
2023-09-21 13:06:37,9,10,5169,9541
2023-09-21 13:06:41,9,11,5169,9541
2023-09-21 13:06:41,9,10,5169,9541
2023-09-21 13:06:42,8,10,5169,9541
2023-09-21 13:06:59,8,9,5169,9541
2023-09-21 13:07:08,8,9,5194,9566
2023-09-21 13:07:10,7,9,5194,9566
2023-09-21 13:07:37,7,8,5194,9566
2023-09-21 13:08:34,6,8,5194,9566
2023-09-21 13:08:36,6,7,5194,9566
2023-09-21 13:11:21,6,7,5319,9691
2023-09-21 13:11:25,5,6,5324,9696
2023-09-21 13:11:52,4,6,5524,9896
2023-09-21 13:12:13,4,5,5524,9896
2023-09-21 13:12:13,4,5,5524,9899
2023-09-21 13:12:18,4,5,5524,9919
2023-09-21 13:12:21,4,5,5524,9939
2023-09-21 13:12:25,4,5,5524,9959
2023-09-21 13:12:27,4,6,5524,9959
2023-09-21 13:12:36,5,6,5524,9959
2023-09-21 13:13:16,4,6,5524,9959
2023-09-21 13:13:28,5,6,5524,9959
2023-09-21 13:13:52,4,6,5524,9959
2023-09-21 13:13:53,5,6,5524,9959
2023-09-21 13:13:57,4,6,5524,9959
2023-09-21 13:14:03,5,6,5524,9959
2023-09-21 13:14:03,4,6,5524,9959
2023-09-21 13:14:06,5,6,5524,9959
2023-09-21 13:14:08,4,6,5524,9959
2023-09-21 13:14:21,5,6,5524,9959
2023-09-21 13:14:25,4,6,5524,9959
2023-09-21 13:14:37,5,6,5524,9959
2023-09-21 13:14:42,4,6,5524,9959
2023-09-21 13:14:56,4,5,5524,9959
2023-09-21 13:15:04,4,6,5524,9959
2023-09-21 13:15:04,4,5,5524,9959
2023-09-21 13:15:27,4,5,5574,10009
2023-09-21 13:15:32,4,5,5614,10049
2023-09-21 13:15:42,3,4,5774,10209
2023-09-21 13:15:53,3,5,5774,10209
2023-09-21 13:15:53,3,4,5774,10209
2023-09-21 13:15:56,3,4,5774,10249
2023-09-21 13:15:59,3,4,5734,10289
2023-09-21 13:16:04,3,4,5933,10488
2023-09-21 13:16:08,3,4,6134,10689
2023-09-21 13:16:24,3,4,6284,10839
2023-09-21 13:17:32,3,4,6309,10864
2023-09-21 13:24:01,3,5,6309,10864
2023-09-21 13:24:02,4,5,6309,10864
2023-09-21 13:24:31,3,5,6309,10864
2023-09-21 13:24:46,4,5,6309,10864
2023-09-21 13:24:57,3,5,6309,10864
2023-09-21 13:24:57,3,4,6309,10864
2023-09-21 13:25:09,3,4,6309,10869
2023-09-21 13:25:13,3,4,6309,10874
2023-09-21 13:25:16,3,4,6309,10879
2023-09-21 13:25:20,3,4,6309,10884
2023-09-21 13:25:22,3,4,6309,10889
2023-09-21 13:25:23,3,5,6309,10889
2023-09-21 13:25:23,3,4,6309,10889
2023-09-21 13:25:25,3,4,6309,10894
2023-09-21 13:25:29,3,4,6309,10899
2023-09-21 13:25:32,3,4,6309,10904
2023-09-21 13:25:34,3,4,6309,10909
2023-09-21 13:25:36,3,4,6309,10914
2023-09-21 13:25:39,3,4,6304,10919
2023-09-21 13:25:49,3,4,6299,10924
2023-09-21 13:25:50,3,4,6294,10929
2023-09-21 13:25:52,3,4,6289,10934
2023-09-21 13:25:56,3,4,6284,10939
2023-09-21 13:25:57,3,4,6279,10944
2023-09-21 13:26:01,3,4,6274,10949
2023-09-21 13:26:03,3,4,6234,10989
2023-09-21 13:26:06,3,4,6194,11029
2023-09-21 13:26:21,2,4,6194,11029
2023-09-21 13:26:21,2,3,6194,11029
2023-09-21 13:26:21,2,3,6194,11069
2023-09-21 13:26:33,2,4,6194,11069
2023-09-21 13:26:34,3,4,6194,11069
2023-09-21 13:26:51,2,4,6194,11069
2023-09-21 13:26:52,3,4,6194,11069
2023-09-21 13:27:20,3,4,6344,11219
2023-09-21 13:27:20,2,4,6344,11219
2023-09-21 13:27:49,3,4,6344,11219
2023-09-21 13:28:05,2,4,6344,11219
2023-09-21 13:28:12,3,4,6344,11219
2023-09-21 13:28:13,2,4,6344,11219
2023-09-21 13:28:15,3,4,6344,11219
2023-09-21 13:28:42,2,4,6344,11219
2023-09-21 13:29:52,3,4,6344,11219
2023-09-21 13:30:21,2,4,6344,11219
2023-09-21 13:31:18,2,3,6344,11219
2023-09-21 13:33:25,2,4,6344,11219
2023-09-21 13:33:29,2,3,6344,11219
2023-09-21 13:34:06,2,4,6344,11219
2023-09-21 13:34:08,2,3,6344,11219
2023-09-21 13:34:08,2,4,6344,11219
2023-09-21 13:34:10,2,3,6344,11219
2023-09-21 13:34:10,2,4,6344,11219
2023-09-21 13:34:12,2,3,6344,11219
2023-09-21 13:34:13,2,4,6344,11219
2023-09-21 13:34:13,2,3,6344,11219
2023-09-21 13:34:21,2,4,6344,11219
2023-09-21 13:34:22,2,3,6344,11219
2023-09-21 13:34:23,2,4,6344,11219
2023-09-21 13:34:24,2,3,6344,11219
2023-09-21 13:34:25,2,4,6344,11219
2023-09-21 13:34:26,2,3,6344,11219
2023-09-21 13:34:33,2,4,6344,11219
2023-09-21 13:34:43,3,4,6344,11219
2023-09-21 13:34:44,2,4,6344,11219
2023-09-21 13:35:01,3,4,6344,11219
2023-09-21 13:35:12,2,4,6344,11219
2023-09-21 13:35:34,3,4,6344,11219
2023-09-21 13:35:35,3,4,6344,11419
2023-09-21 13:35:35,2,4,6344,11419
2023-09-21 13:36:47,2,3,6344,11419
2023-09-21 13:36:58,1,3,6344,11419
2023-09-21 13:38:23,1,4,6344,11419
2023-09-21 13:39:59,2,4,6344,11419
2023-09-21 13:40:01,3,4,6344,11419
2023-09-21 13:40:05,2,4,6344,11419
2023-09-21 13:40:09,1,4,6344,11419
2023-09-21 13:41:11,1,3,6344,11419
2023-09-21 13:42:03,1,4,6344,11419
2023-09-21 13:42:12,1,3,6344,11419
2023-09-21 13:42:51,1,4,6344,11419
2023-09-21 13:43:47,2,4,6344,11419
2023-09-21 13:44:01,3,4,6344,11419
2023-09-21 13:44:10,3,5,6344,11419
2023-09-21 13:44:25,2,5,6344,11419
2023-09-21 13:44:31,2,4,6344,11419
2023-09-21 13:45:05,1,4,6344,11419
2023-09-21 13:45:07,2,4,6344,11419
2023-09-21 13:45:13,3,4,6344,11419
2023-09-21 13:45:26,2,4,6344,11419
2023-09-21 13:45:27,3,4,6344,11419
2023-09-21 13:45:28,2,4,6344,11419
2023-09-21 13:45:36,1,4,6344,11419
2023-09-21 13:56:16,2,4,6344,11419
2023-09-21 13:56:16,3,4,6344,11419
2023-09-21 13:56:43,2,4,6344,11419
2023-09-21 13:56:51,1,4,6344,11419
2023-09-21 13:56:53,2,4,6344,11419
2023-09-21 13:56:53,3,4,6344,11419
2023-09-21 13:57:02,2,4,6344,11419
2023-09-21 13:57:03,1,4,6344,11419
2023-09-21 13:57:12,2,4,6344,11419
2023-09-21 13:57:20,1,4,6344,11419
2023-09-21 13:57:23,2,4,6344,11419
2023-09-21 13:57:56,1,4,6344,11419
2023-09-21 14:00:25,2,4,6344,11419
2023-09-21 14:00:34,3,4,6344,11419
2023-09-21 14:00:37,3,5,6344,11419
2023-09-21 14:02:49,4,5,6344,11419
2023-09-21 14:05:49,3,5,6344,11419
2023-09-21 14:05:59,2,5,6344,11419
2023-09-21 14:06:05,2,4,6344,11419
2023-09-21 14:06:38,1,4,6344,11419
2023-09-21 14:07:31,2,4,6344,11419
2023-09-21 14:07:37,1,4,6344,11419
2023-09-21 14:07:46,2,4,6344,11419
2023-09-21 14:08:47,2,5,6344,11419
2023-09-21 14:08:48,3,5,6344,11419
2023-09-21 14:08:49,3,4,6344,11419
2023-09-21 14:08:51,3,5,6344,11419
2023-09-21 14:09:19,4,5,6344,11419
2023-09-21 14:09:20,3,5,6344,11419
2023-09-21 14:09:21,4,5,6344,11419
2023-09-21 14:09:23,3,5,6344,11419
2023-09-21 14:09:23,3,4,6344,11419
2023-09-21 14:09:24,4,5,6345,11420
2023-09-21 14:09:26,3,5,6345,11420
2023-09-21 14:09:28,4,5,6345,11420
2023-09-21 14:09:33,3,5,6345,11420
2023-09-21 14:09:36,4,5,6345,11420
2023-09-21 14:09:44,4,6,6426,11620
2023-09-21 14:10:08,3,6,6426,11620
2023-09-21 14:10:22,3,5,6426,11620
2023-09-21 14:10:23,3,6,6426,11620
2023-09-21 14:10:24,3,5,6426,11620
2023-09-21 14:10:51,2,5,6426,11620
2023-09-21 14:10:51,2,4,6426,11620
2023-09-21 14:10:57,2,5,6426,11620
2023-09-21 14:10:57,2,4,6426,11620
2023-09-21 14:11:01,2,5,6426,11620
2023-09-21 14:11:01,2,4,6426,11620
2023-09-21 14:11:09,2,5,6426,11620
2023-09-21 14:11:09,2,4,6426,11620
2023-09-21 14:11:26,2,5,6426,11620
2023-09-21 14:11:30,3,5,6426,11620
2023-09-21 14:11:41,2,5,6426,11620
2023-09-21 14:11:46,3,5,6426,11620
2023-09-21 14:12:03,2,5,6426,11620
2023-09-21 14:12:03,3,5,6426,11620
2023-09-21 14:12:04,2,5,6426,11620
2023-09-21 14:12:05,3,5,6426,11620
2023-09-21 14:12:06,2,5,6426,11620
2023-09-21 14:12:50,3,5,6426,11620
2023-09-21 14:12:54,2,5,6426,11620
2023-09-21 14:12:57,3,5,6426,11620
2023-09-21 14:12:58,2,5,6426,11620
2023-09-21 14:13:02,3,5,6426,11620
2023-09-21 14:13:29,3,6,6426,11620
2023-09-21 14:13:29,4,6,6426,11620
2023-09-21 14:16:08,5,6,6426,11620
2023-09-21 14:16:39,5,7,6426,11620
2023-09-21 14:17:08,5,6,6426,11620
2023-09-21 14:17:14,4,6,6426,11620
2023-09-21 14:18:17,4,5,6426,11620
2023-09-21 14:18:28,4,6,6426,11620
2023-09-21 14:18:28,4,5,6426,11620
2023-09-21 14:18:31,4,6,6426,11620
2023-09-21 14:18:44,4,5,6426,11620
2023-09-21 14:18:50,4,6,6426,11620
2023-09-21 14:19:15,5,6,6426,11620
2023-09-21 14:19:44,5,6,6427,11621
2023-09-21 14:20:41,5,7,6427,11621
2023-09-21 14:20:41,5,6,6427,11621
2023-09-21 14:20:49,5,7,6427,11621
2023-09-21 14:21:29,5,6,6427,11621
2023-09-21 14:21:32,5,7,6427,11621
2023-09-21 14:21:57,5,6,6427,11621
2023-09-21 14:22:07,5,6,6427,11721
2023-09-21 14:22:07,5,7,6427,11721
2023-09-21 14:22:08,5,6,6427,11721
2023-09-21 14:22:09,5,7,6427,11721
2023-09-21 14:22:35,5,6,6427,11721
2023-09-21 14:23:02,5,7,6427,11721
2023-09-21 14:23:05,5,6,6427,11721
2023-09-21 14:23:35,5,7,6427,11721
2023-09-21 14:25:39,6,7,6427,11721
2023-09-21 14:25:44,6,8,6427,11721
2023-09-21 14:25:52,7,8,6427,11721
2023-09-21 14:25:54,7,9,6427,11721
2023-09-21 14:26:04,8,9,6427,11721
2023-09-21 14:26:27,8,10,6427,11721
2023-09-21 14:27:13,8,9,6427,11721
2023-09-21 14:27:20,8,10,6427,11721
2023-09-21 14:27:23,8,9,6427,11721
2023-09-21 14:27:57,7,9,6427,11721
2023-09-21 14:28:48,8,9,6427,11721
2023-09-21 14:29:02,8,10,6427,11721
2023-09-21 14:29:07,8,9,6427,11721
2023-09-21 14:29:23,8,10,6427,11721
2023-09-21 14:29:46,9,10,6427,11721
2023-09-21 14:30:07,10,12,6346,11821
2023-09-21 14:30:11,10,11,6346,11821
2023-09-21 14:30:13,9,11,6346,11821
2023-09-21 14:30:15,8,11,6346,11821
2023-09-21 14:30:15,8,10,6346,11821
2023-09-21 14:30:31,8,9,6346,11821
2023-09-21 14:30:47,8,10,6346,11821
2023-09-21 14:31:09,8,11,6346,11821
2023-09-21 14:31:10,8,10,6346,11821
2023-09-21 14:31:13,8,11,6346,11821
2023-09-21 14:31:23,9,11,6346,11821
2023-09-21 14:31:32,9,12,6346,11821
2023-09-21 14:31:34,10,12,6346,11821
2023-09-21 14:31:45,10,13,6346,11821
2023-09-21 14:31:45,11,13,6346,11821
2023-09-21 14:32:01,11,12,6346,11821
2023-09-21 14:32:03,10,12,6346,11821
2023-09-21 14:32:07,10,11,6346,11821
2023-09-21 14:32:12,10,12,6346,11821
2023-09-21 14:32:39,10,11,6346,11821
2023-09-21 14:32:44,10,12,6346,11821
2023-09-21 14:32:51,11,12,6346,11821
2023-09-21 14:32:52,11,13,6346,11821
2023-09-21 14:32:54,11,12,6346,11821
2023-09-21 14:33:00,10,12,6346,11821
2023-09-21 14:34:15,10,11,6346,11821
2023-09-21 14:34:15,9,11,6346,11821
2023-09-21 14:34:16,8,11,6346,11821
2023-09-21 14:34:18,8,10,6346,11821
2023-09-21 14:34:21,8,11,6346,11821
2023-09-21 14:34:21,9,11,6346,11821
2023-09-21 14:34:26,8,11,6346,11821
2023-09-21 14:34:31,9,11,6346,11821
2023-09-21 14:34:32,8,11,6346,11821
2023-09-21 14:34:32,9,11,6346,11821
2023-09-21 14:35:04,9,12,6346,11821
2023-09-21 14:35:05,9,11,6346,11821
2023-09-21 14:35:11,8,11,6346,11821
2023-09-21 14:35:16,9,11,6346,11821
2023-09-21 14:35:21,8,11,6346,11821
2023-09-21 14:35:54,8,10,6346,11821
2023-09-21 14:35:57,7,10,6346,11821
2023-09-21 14:35:57,7,9,6346,11821
2023-09-21 14:36:05,8,9,6346,11821
2023-09-21 14:36:05,8,11,6346,11821
2023-09-21 14:36:11,8,10,6346,11821
2023-09-21 14:36:21,8,11,6346,11821
2023-09-21 14:36:26,9,11,6346,11821
2023-09-21 14:36:51,8,11,6346,11821
2023-09-21 14:36:55,8,10,6346,11821
2023-09-21 14:36:56,8,11,6346,11821
2023-09-21 14:37:00,9,11,6346,11821
2023-09-21 14:37:06,8,11,6346,11821
2023-09-21 14:37:06,8,10,6346,11821
2023-09-21 14:37:13,7,10,6346,11821
2023-09-21 14:37:13,8,10,6346,11821
2023-09-21 14:37:20,7,10,6346,11821
2023-09-21 14:37:51,7,9,6346,11821
2023-09-21 14:38:10,7,8,6346,11821
2023-09-21 14:38:13,6,8,6346,11821
2023-09-21 14:38:14,6,7,6346,11821
2023-09-21 14:38:41,6,8,6346,11821
2023-09-21 14:38:42,6,7,6346,11821
2023-09-21 14:39:13,5,7,6346,11821
2023-09-21 14:39:14,5,6,6346,11821
2023-09-21 14:39:40,5,6,6421,11896
2023-09-21 14:39:53,5,7,6421,11896
2023-09-21 14:40:05,5,6,6421,11896
2023-09-21 14:40:08,5,7,6421,11896
2023-09-21 14:40:21,5,6,6421,11896
2023-09-21 14:41:34,4,5,6426,11920
2023-09-21 14:42:52,4,5,6426,11925
2023-09-21 14:43:34,4,6,6426,11925
2023-09-21 14:45:17,4,5,6426,11925
2023-09-21 14:45:21,4,6,6426,11925
2023-09-21 14:46:22,4,5,6426,11925
2023-09-21 14:47:01,4,6,6426,11925
2023-09-21 14:47:13,5,6,6426,11925
2023-09-21 14:47:24,4,6,6426,11925
2023-09-21 14:47:26,5,6,6426,11925
2023-09-21 14:47:31,4,6,6426,11925
2023-09-21 14:47:34,5,6,6426,11925
2023-09-21 14:48:02,5,6,6436,11935
2023-09-21 14:49:06,4,6,6436,11935
2023-09-21 14:49:07,5,6,6436,11935
2023-09-21 14:49:18,4,6,6436,11935
2023-09-21 14:49:20,5,6,6436,11935
2023-09-21 14:49:36,4,6,6436,11935
2023-09-21 14:49:44,5,6,6436,11935
2023-09-21 14:50:18,5,6,6636,12135
2023-09-21 14:50:33,5,6,6969,12468
2023-09-21 14:50:48,5,6,7524,13023
2023-09-21 14:51:00,5,6,7724,13223
2023-09-21 14:51:02,5,6,7724,13226
2023-09-21 14:52:33,5,6,8124,13626
2023-09-21 14:52:33,5,6,8324,13826
2023-09-21 14:52:34,6,8,8433,13935
2023-09-21 14:52:53,7,8,8433,13935
2023-09-21 14:52:58,7,9,8433,13935
2023-09-21 14:53:09,8,9,8433,13935
2023-09-21 14:53:16,8,10,8433,13935
2023-09-21 14:53:19,9,10,8433,13935
2023-09-21 14:53:23,8,10,8433,13935
2023-09-21 14:53:24,9,10,8433,13935
2023-09-21 14:53:25,8,10,8433,13935
2023-09-21 14:53:46,8,9,8433,13935
2023-09-21 14:53:53,7,9,8433,13935
2023-09-21 14:53:55,8,9,8433,13935
2023-09-21 14:53:56,7,9,8433,13935
2023-09-21 14:54:05,8,9,8433,13935
2023-09-21 14:54:15,7,9,8433,13935
2023-09-21 14:54:24,7,8,8433,13935
2023-09-21 14:54:26,6,8,8433,13935
2023-09-21 14:54:31,6,9,8433,13935
2023-09-21 14:54:31,7,9,8433,13935
2023-09-21 14:54:39,7,8,8433,13935
2023-09-21 14:54:40,6,8,8433,13935
2023-09-21 14:54:43,6,7,8433,13935
2023-09-21 14:55:35,6,8,8433,13935
2023-09-21 14:55:35,7,8,8433,13935
2023-09-21 14:56:14,6,8,8433,13935
2023-09-21 14:56:17,6,7,8433,13935
2023-09-21 14:57:12,6,8,8433,13935
2023-09-21 14:57:15,6,7,8433,13935
2023-09-21 14:58:08,6,8,8433,13935
2023-09-21 14:58:09,6,7,8433,13935
2023-09-21 14:58:10,6,8,8433,13935
2023-09-21 14:58:25,7,8,8433,13935
2023-09-21 14:58:43,7,9,8433,13935
2023-09-21 14:58:57,7,8,8433,13935
2023-09-21 14:58:57,6,8,8433,13935
2023-09-21 14:59:00,7,8,8433,13935
2023-09-21 14:59:02,7,9,8433,13935
2023-09-21 14:59:35,6,9,8433,13935
2023-09-21 14:59:36,7,9,8433,13935
2023-09-21 14:59:39,6,9,8433,13935
2023-09-21 14:59:40,7,9,8433,13935
2023-09-21 15:00:23,7,10,8433,13935
2023-09-21 15:00:25,8,10,8433,13935
2023-09-21 15:00:34,9,10,8433,13935
2023-09-21 15:00:35,8,10,8433,13935
2023-09-21 15:01:03,9,10,8433,13935
2023-09-21 15:01:31,9,11,8433,13935
2023-09-21 15:02:20,8,11,8433,13935
2023-09-21 15:02:20,8,10,8433,13935
2023-09-21 15:02:27,8,9,8433,13935
2023-09-21 15:02:28,7,9,8433,13935
2023-09-21 15:02:30,6,9,8433,13935
2023-09-21 15:02:31,6,8,8433,13935
2023-09-21 15:02:45,6,7,8433,13935
2023-09-21 15:02:58,6,8,8433,13935
2023-09-21 15:03:19,6,7,8433,13935
2023-09-21 15:03:22,5,6,8358,14010
2023-09-21 15:03:22,5,6,8354,14014
2023-09-21 15:03:34,4,6,8354,14014
2023-09-21 15:03:48,4,5,8354,14014
2023-09-21 15:04:15,4,6,8354,14014
2023-09-21 15:04:53,5,6,8354,14014
2023-09-21 15:04:54,5,7,8354,14335
2023-09-21 15:05:05,4,7,8354,14335
2023-09-21 15:05:16,5,7,8354,14335
2023-09-21 15:05:25,5,8,8354,14335
2023-09-21 15:05:36,6,8,8354,14335
2023-09-21 15:05:37,6,9,8354,14335
2023-09-21 15:05:43,7,9,8354,14335
2023-09-21 15:05:45,7,10,8354,14335
2023-09-21 15:05:47,8,10,8354,14335
2023-09-21 15:05:49,8,11,8354,14335
2023-09-21 15:06:11,9,11,8354,14335
2023-09-21 15:06:44,9,12,8354,14335
2023-09-21 15:06:56,10,12,8354,14335
2023-09-21 15:07:07,9,12,8354,14335
2023-09-21 15:07:40,9,11,8354,14335
2023-09-21 15:07:53,9,12,8354,14335
2023-09-21 15:08:23,9,11,8354,14335
2023-09-21 15:08:27,8,11,8354,14335
2023-09-21 15:08:31,9,11,8354,14335
2023-09-21 15:08:37,9,12,8354,14335
2023-09-21 15:08:40,10,12,8354,14335
2023-09-21 15:09:07,10,13,8354,14335
2023-09-21 15:09:17,11,13,8354,14335
2023-09-21 15:09:18,10,13,8354,14335
2023-09-21 15:09:21,10,12,8354,14335
2023-09-21 15:09:21,9,12,8354,14335
2023-09-21 15:09:30,9,11,8354,14335
2023-09-21 15:09:30,8,11,8354,14335
2023-09-21 15:09:37,8,10,8354,14335
2023-09-21 15:09:37,7,10,8354,14335
2023-09-21 15:09:49,7,11,8354,14335
2023-09-21 15:09:49,8,11,8354,14335
2023-09-21 15:09:56,8,12,8354,14335
2023-09-21 15:09:56,9,12,8354,14335
2023-09-21 15:10:09,9,11,8354,14335
2023-09-21 15:10:11,9,12,8354,14335
2023-09-21 15:10:12,9,11,8354,14335
2023-09-21 15:10:15,8,11,8354,14335
2023-09-21 15:10:21,9,11,8354,14335
2023-09-21 15:10:21,9,12,8354,14335
2023-09-21 15:10:25,10,12,8354,14335
2023-09-21 15:10:28,9,12,8354,14335
2023-09-21 15:10:45,10,12,8354,14335
2023-09-21 15:10:46,10,13,8354,14335
2023-09-21 15:10:49,11,13,8354,14335
2023-09-21 15:11:01,11,14,8354,14335
2023-09-21 15:11:01,12,14,8354,14335
2023-09-21 15:11:12,12,13,8354,14335
2023-09-21 15:11:22,12,13,8354,14535
2023-09-21 15:11:24,13,15,8354,14656
2023-09-21 15:11:30,14,15,8354,14656
2023-09-21 15:11:31,13,15,8354,14656
2023-09-21 15:11:38,13,16,8354,14656
2023-09-21 15:11:38,14,16,8354,14656
2023-09-21 15:11:40,13,16,8354,14656
2023-09-21 15:11:48,14,16,8354,14656
2023-09-21 15:12:01,13,16,8354,14656
2023-09-21 15:12:02,14,16,8354,14656
2023-09-21 15:12:04,14,17,8354,14656
2023-09-21 15:12:08,15,17,8354,14656
2023-09-21 15:12:12,15,18,8354,14656
2023-09-21 15:12:12,16,18,8354,14656
2023-09-21 15:12:18,17,18,8354,14656
2023-09-21 15:12:18,17,19,8354,14656
2023-09-21 15:12:23,17,20,8354,14656
2023-09-21 15:12:29,18,20,8354,14656
2023-09-21 15:12:34,18,22,8354,14656
2023-09-21 15:12:34,19,22,8354,14656
2023-09-21 15:12:35,19,21,8354,14656
2023-09-21 15:12:37,18,21,8354,14656
2023-09-21 15:12:39,19,21,8354,14656
2023-09-21 15:12:50,19,22,8354,14656
2023-09-21 15:13:03,19,21,8354,14656
2023-09-21 15:13:23,18,21,8354,14656
2023-09-21 15:13:27,19,21,8354,14656
2023-09-21 15:13:29,19,21,8354,14756
2023-09-21 15:13:36,19,20,8354,14756
2023-09-21 15:13:44,19,22,8554,14956
2023-09-21 15:13:44,19,21,8554,14956
2023-09-21 15:13:49,19,22,8554,14956
2023-09-21 15:13:50,19,21,8554,14956
2023-09-21 15:14:10,18,21,8554,14956
2023-09-21 15:14:11,17,21,8554,14956
2023-09-21 15:14:14,17,20,8554,14956
2023-09-21 15:14:16,17,19,8554,14956
2023-09-21 15:14:20,17,21,8554,14956
2023-09-21 15:14:20,18,21,8554,14956
2023-09-21 15:14:21,18,20,8554,14956
2023-09-21 15:14:22,17,20,8554,14956
2023-09-21 15:14:24,18,20,8554,14956
2023-09-21 15:14:36,18,19,8554,14956
2023-09-21 15:14:39,17,19,8554,14956
2023-09-21 15:14:45,16,19,8554,14956
2023-09-21 15:14:45,15,19,8554,14956
2023-09-21 15:14:46,15,18,8554,14956
2023-09-21 15:14:54,15,17,8554,14956
2023-09-21 15:15:39,14,17,8554,14956
2023-09-21 15:15:40,14,16,8554,14956
2023-09-21 15:15:42,13,16,8554,14956
2023-09-21 15:15:45,13,15,8554,14956
2023-09-21 15:15:50,14,15,8554,14956
2023-09-21 15:15:51,14,16,8554,14956
2023-09-21 15:16:24,13,16,8554,14956
2023-09-21 15:16:26,14,16,8554,14956
2023-09-21 15:16:32,15,16,8554,14956
2023-09-21 15:16:33,15,20,8554,14956
2023-09-21 15:16:34,15,19,8554,14956
2023-09-21 15:16:34,15,18,8554,14956
2023-09-21 15:16:35,15,17,8554,14956
2023-09-21 15:16:36,15,18,8554,14956
2023-09-21 15:16:37,16,18,8554,14956
2023-09-21 15:16:40,16,20,8554,14956
2023-09-21 15:16:41,16,19,8554,14956
2023-09-21 15:16:42,17,19,8554,14956
2023-09-21 15:16:44,17,21,8554,14956
2023-09-21 15:16:45,17,20,8554,14956
2023-09-21 15:16:45,17,19,8554,14956
2023-09-21 15:16:47,17,21,8554,14956
2023-09-21 15:16:48,17,20,8554,14956
2023-09-21 15:16:48,18,20,8554,14956
2023-09-21 15:16:49,17,20,8554,14956
2023-09-21 15:16:49,17,19,8554,14956
2023-09-21 15:16:50,17,20,8554,14956
2023-09-21 15:16:50,17,18,8554,14956
2023-09-21 15:16:52,18,20,8674,15076
2023-09-21 15:16:52,18,22,8674,15076
2023-09-21 15:16:53,18,21,8674,15076
2023-09-21 15:16:53,19,21,8674,15076
2023-09-21 15:16:54,19,22,8674,15076
2023-09-21 15:16:54,20,22,8674,15076
2023-09-21 15:16:59,20,23,8674,15076
2023-09-21 15:17:00,21,23,8674,15076
2023-09-21 15:17:01,21,24,8674,15076
2023-09-21 15:17:01,22,24,8674,15076
2023-09-21 15:17:08,21,24,8674,15076
2023-09-21 15:17:09,21,23,8674,15076
2023-09-21 15:17:09,20,23,8674,15076
2023-09-21 15:17:09,20,22,8674,15076
2023-09-21 15:17:14,19,22,8674,15076
2023-09-21 15:17:15,19,21,8674,15076
2023-09-21 15:17:15,18,21,8674,15076
2023-09-21 15:17:15,18,20,8674,15076
2023-09-21 15:17:18,17,20,8674,15076
2023-09-21 15:17:20,17,19,8674,15076
2023-09-21 15:17:21,16,19,8674,15076
2023-09-21 15:17:22,16,18,8674,15076
2023-09-21 15:17:23,15,18,8674,15076
2023-09-21 15:17:28,15,17,8674,15076
2023-09-21 15:17:28,14,17,8674,15076
2023-09-21 15:17:29,14,16,8674,15076
2023-09-21 15:17:41,15,16,8674,15076
2023-09-21 15:17:43,15,17,8674,15076
2023-09-21 15:17:44,15,18,8674,15076
2023-09-21 15:17:46,15,17,8674,15076
2023-09-21 15:18:03,15,18,8674,15076
2023-09-21 15:18:04,16,18,8674,15076
2023-09-21 15:18:04,15,18,8674,15076
2023-09-21 15:18:04,15,19,8674,15076
2023-09-21 15:18:05,17,19,8674,15076
2023-09-21 15:18:09,17,20,8674,15076
2023-09-21 15:18:13,18,20,8674,15076
2023-09-21 15:18:17,18,19,8674,15076
2023-09-21 15:18:21,16,19,8674,15076
2023-09-21 15:18:23,16,19,8674,15087
2023-09-21 15:18:24,16,18,8674,15087
2023-09-21 15:18:25,16,17,8674,15087
2023-09-21 15:18:27,16,19,8674,15087
2023-09-21 15:18:28,16,18,8674,15087
2023-09-21 15:18:33,15,18,8674,15087
2023-09-21 15:18:36,15,17,8674,15087
2023-09-21 15:18:38,15,16,8674,15087
2023-09-21 15:18:42,14,16,8674,15087
2023-09-21 15:18:57,14,17,8674,15087
2023-09-21 15:18:58,15,17,8674,15087
2023-09-21 15:19:07,15,16,8674,15087
2023-09-21 15:19:08,14,16,8674,15087
2023-09-21 15:19:12,13,16,8674,15087
2023-09-21 15:19:12,13,15,8674,15087
2023-09-21 15:19:13,13,14,8674,15087
2023-09-21 15:19:15,13,16,8674,15087
2023-09-21 15:19:16,13,15,8674,15087
2023-09-21 15:19:16,14,15,8674,15087
2023-09-21 15:19:17,14,17,8674,15087
2023-09-21 15:19:17,14,16,8674,15087
2023-09-21 15:19:22,14,17,8674,15087
2023-09-21 15:19:23,15,17,8674,15087
2023-09-21 15:19:29,16,17,8674,15087
2023-09-21 15:19:31,16,19,8674,15087
2023-09-21 15:19:31,16,17,8674,15087
2023-09-21 15:19:38,15,17,8674,15087
2023-09-21 15:19:39,15,16,8674,15087
2023-09-21 15:19:56,15,17,8674,15087
2023-09-21 15:19:58,15,16,8674,15087
2023-09-21 15:20:10,15,17,8674,15087
2023-09-21 15:20:13,15,16,8674,15087
2023-09-21 15:20:19,13,16,8674,15087
2023-09-21 15:20:19,14,16,8674,15087
2023-09-21 15:20:20,14,15,8674,15087
2023-09-21 15:20:20,12,15,8674,15087
2023-09-21 15:20:20,13,15,8674,15087
2023-09-21 15:20:31,13,14,8674,15087
2023-09-21 15:20:33,12,14,8674,15087
2023-09-21 15:20:37,12,13,8674,15087
2023-09-21 15:20:38,11,13,8674,15087
2023-09-21 15:20:41,11,12,8674,15087
2023-09-21 15:20:43,11,13,8674,15087
2023-09-21 15:20:52,11,12,8674,15087
2023-09-21 15:20:56,11,13,8674,15087
2023-09-21 15:20:57,11,12,8674,15087
2023-09-21 15:20:59,11,13,8674,15087
2023-09-21 15:21:00,11,12,8674,15087
2023-09-21 15:21:01,10,12,8674,15087
2023-09-21 15:21:01,11,12,8674,15087
2023-09-21 15:21:05,10,11,8574,15187
2023-09-21 15:21:05,9,11,8574,15187
2023-09-21 15:21:05,10,11,8574,15187
2023-09-21 15:21:13,9,11,8574,15187
2023-09-21 15:21:15,9,10,8574,15187
2023-09-21 15:21:23,9,11,8574,15187
2023-09-21 15:21:31,10,11,8574,15187
2023-09-21 15:21:36,9,11,8574,15187
2023-09-21 15:21:39,10,11,8574,15187
2023-09-21 15:21:46,11,12,8574,15262
2023-09-21 15:21:51,10,12,8574,15337
2023-09-21 15:22:10,11,12,8574,15337
2023-09-21 15:22:10,11,13,8574,15337
2023-09-21 15:22:13,11,14,8574,15337
2023-09-21 15:22:20,11,14,8649,15437
2023-09-21 15:22:21,12,14,8649,15437
2023-09-21 15:22:23,12,13,8649,15437
2023-09-21 15:22:26,12,14,8649,15437
2023-09-21 15:22:38,12,16,8649,15712
2023-09-21 15:22:38,12,15,8649,15712
2023-09-21 15:22:43,13,15,8649,15712
2023-09-21 15:22:47,13,15,8664,15727
2023-09-21 15:22:54,13,14,8664,15727
2023-09-21 15:22:54,11,14,8664,15727
2023-09-21 15:22:56,11,15,8664,15727
2023-09-21 15:22:58,12,15,8664,15727
2023-09-21 15:23:12,12,14,8664,15727
2023-09-21 15:23:12,11,14,8664,15727
2023-09-21 15:23:16,10,14,8664,15727
2023-09-21 15:23:40,11,14,8664,15727
2023-09-21 15:23:47,10,14,8664,15727
2023-09-21 15:23:49,10,13,8664,15727
2023-09-21 15:24:05,10,12,8664,15727
2023-09-21 15:24:06,10,13,8664,15727
2023-09-21 15:24:09,11,13,8664,15727
2023-09-21 15:24:10,11,14,8664,15727
2023-09-21 15:24:13,11,13,8664,15727
2023-09-21 15:24:13,10,13,8664,15727
2023-09-21 15:24:19,11,13,8664,15727
2023-09-21 15:24:20,11,14,8664,15727
2023-09-21 15:24:32,11,13,8664,15727
2023-09-21 15:24:33,10,13,8664,15727
2023-09-21 15:24:39,10,12,8664,15727
2023-09-21 15:24:50,10,11,8664,15727
2023-09-21 15:24:50,9,11,8664,15727
2023-09-21 15:24:52,8,11,8664,15727
2023-09-21 15:24:53,8,10,8664,15727
2023-09-21 15:25:01,8,11,8664,15727
2023-09-21 15:25:05,8,10,8664,15727
2023-09-21 15:25:12,8,11,8664,15727
2023-09-21 15:25:17,8,10,8664,15727
2023-09-21 15:25:18,7,10,8664,15727
2023-09-21 15:25:51,7,9,8664,15727
2023-09-21 15:25:58,7,10,8664,15727
2023-09-21 15:26:00,8,10,8664,15727
2023-09-21 15:26:03,8,11,8664,15727
2023-09-21 15:26:06,9,11,8664,15727
2023-09-21 15:26:13,9,12,8664,15727
2023-09-21 15:26:17,8,12,8664,15727
2023-09-21 15:26:17,10,12,8664,15727
2023-09-21 15:26:19,10,14,8664,15727
2023-09-21 15:26:20,10,13,8664,15727
2023-09-21 15:26:20,11,13,8664,15727
2023-09-21 15:26:24,11,15,8749,16212
2023-09-21 15:26:24,12,15,8749,16212
2023-09-21 15:26:24,11,15,8749,16287
2023-09-21 15:26:24,11,14,8749,16287
2023-09-21 15:26:25,12,14,8749,16287
2023-09-21 15:26:26,12,13,8749,16287
2023-09-21 15:26:26,11,13,8949,16487
2023-09-21 15:26:29,11,14,8949,16487
2023-09-21 15:26:34,12,14,8949,16487
2023-09-21 15:26:34,13,14,8949,16487
2023-09-21 15:26:34,12,14,9024,16562
2023-09-21 15:26:37,11,14,9024,16562
2023-09-21 15:26:38,12,14,9024,16562
2023-09-21 15:26:40,11,14,9024,16562
2023-09-21 15:26:40,11,16,9024,16562
2023-09-21 15:26:40,11,15,9024,16562
2023-09-21 15:26:40,11,13,9024,16562
2023-09-21 15:26:45,11,15,9024,16637
2023-09-21 15:26:45,12,15,9024,16637
2023-09-21 15:26:50,12,16,9024,16637
2023-09-21 15:26:51,13,16,9024,16637
2023-09-21 15:27:05,13,15,9024,16637
2023-09-21 15:27:05,12,15,9024,16637
2023-09-21 15:27:15,13,15,9024,16637
2023-09-21 15:27:15,13,16,9024,16637
2023-09-21 15:27:17,12,16,9024,16637
2023-09-21 15:27:21,12,15,9024,16637
2023-09-21 15:27:39,13,15,9024,16637
2023-09-21 15:27:43,12,15,9024,16637
2023-09-21 15:28:01,12,16,9112,16925
2023-09-21 15:28:01,13,16,9112,16925
2023-09-21 15:28:03,13,17,9112,16925
2023-09-21 15:28:03,14,17,9112,16925
2023-09-21 15:28:03,13,17,9312,17125
2023-09-21 15:28:03,14,17,9312,17125
2023-09-21 15:28:04,14,16,9312,17125
2023-09-21 15:28:04,15,16,9312,17125
2023-09-21 15:28:06,15,18,9312,17125
2023-09-21 15:28:06,16,18,9312,17125
2023-09-21 15:28:08,16,18,9312,17160
2023-09-21 15:28:10,17,18,9312,17160
2023-09-21 15:28:10,16,18,9312,17200
2023-09-21 15:28:12,16,19,9312,17200
2023-09-21 15:28:16,17,19,9312,17200
2023-09-21 15:28:17,17,20,9312,17200
2023-09-21 15:28:19,17,21,9312,17200
2023-09-21 15:28:19,18,21,9312,17200
2023-09-21 15:28:22,18,22,9312,17200
2023-09-21 15:28:22,18,23,9312,17200
2023-09-21 15:28:24,19,22,9312,17200
2023-09-21 15:28:24,18,22,9312,17200
2023-09-21 15:28:29,18,19,9312,17200
2023-09-21 15:28:38,19,23,9312,17325
2023-09-21 15:28:39,19,22,9312,17325
2023-09-21 15:28:42,19,23,9312,17325
2023-09-21 15:28:50,19,22,9312,17325
2023-09-21 15:28:52,19,21,9312,17325
2023-09-21 15:28:52,18,21,9312,17325
2023-09-21 15:28:54,18,20,9312,17325
2023-09-21 15:28:54,17,20,9312,17325
2023-09-21 15:29:10,17,21,9312,17325
2023-09-21 15:29:12,18,21,9312,17325
2023-09-21 15:29:32,18,22,9312,17325
2023-09-21 15:29:33,21,22,9312,17325
2023-09-21 15:29:33,21,22,9431,17444
2023-09-21 15:29:34,18,21,9431,17525
2023-09-21 15:29:35,18,22,9431,17525
2023-09-21 15:29:42,18,21,9431,17525
2023-09-21 15:29:42,17,21,9431,17525
2023-09-21 15:29:44,17,20,9431,17525
2023-09-21 15:29:44,16,20,9431,17525
2023-09-21 15:29:45,16,19,9431,17525
2023-09-21 15:29:48,15,19,9431,17525
2023-09-21 15:29:51,16,19,9431,17525
2023-09-21 15:29:55,16,18,9431,17525
2023-09-21 15:29:55,15,18,9431,17525
2023-09-21 15:29:59,15,19,9431,17525
2023-09-21 15:30:00,16,19,9431,17525
2023-09-21 15:30:04,16,18,9431,17525
2023-09-21 15:30:04,15,18,9431,17525
2023-09-21 15:30:05,15,17,9431,17525
2023-09-21 15:30:06,15,18,9431,17525
2023-09-21 15:30:13,18,19,9444,17538
2023-09-21 15:30:13,15,19,9656,17750
2023-09-21 15:30:18,16,19,9656,17750
2023-09-21 15:30:19,16,20,9656,17750
2023-09-21 15:30:30,17,20,9656,17750
2023-09-21 15:30:35,17,21,9656,17750
2023-09-21 15:30:43,19,21,9656,17750
2023-09-21 15:30:43,19,22,9656,17750
2023-09-21 15:30:45,20,22,9656,17750
2023-09-21 15:30:51,21,22,9656,17750
2023-09-21 15:30:55,22,26,9656,17875
2023-09-21 15:30:56,21,26,9656,17875
2023-09-21 15:30:56,21,25,9656,17875
2023-09-21 15:30:57,22,25,9656,17875
2023-09-21 15:30:58,22,26,9656,17875
2023-09-21 15:31:00,23,26,9656,17875
2023-09-21 15:31:00,23,27,9656,17875
2023-09-21 15:31:03,24,27,9656,17875
2023-09-21 15:31:03,24,25,9656,17875
2023-09-21 15:31:04,23,25,9656,17875
2023-09-21 15:31:05,22,25,9656,17875
2023-09-21 15:31:05,21,25,9656,17875
2023-09-21 15:31:12,21,24,9656,17875
2023-09-21 15:31:12,19,24,9656,17875
2023-09-21 15:31:12,20,24,9656,17875
2023-09-21 15:31:19,20,23,9656,17875
2023-09-21 15:31:20,19,23,9656,17875
2023-09-21 15:31:22,19,24,9656,17875
2023-09-21 15:31:25,20,21,9656,17875
2023-09-21 15:31:28,19,21,9656,17875
2023-09-21 15:31:50,20,21,9656,17875
2023-09-21 15:32:06,20,25,9856,18075
2023-09-21 15:32:06,21,25,9856,18075
2023-09-21 15:32:08,22,25,9856,18075
2023-09-21 15:32:12,23,25,9856,18075
2023-09-21 15:32:15,23,25,9856,18275
2023-09-21 15:32:15,24,25,9856,18275
2023-09-21 15:32:16,24,25,9844,18287
2023-09-21 15:32:17,24,28,9844,18430
2023-09-21 15:32:17,25,28,9844,18430
2023-09-21 15:32:20,25,26,9844,18430
2023-09-21 15:32:23,25,29,9844,18530
2023-09-21 15:32:24,23,29,9844,18530
2023-09-21 15:32:24,26,29,9844,18530
2023-09-21 15:32:36,26,32,9844,18530
2023-09-21 15:32:36,26,31,9844,18530
2023-09-21 15:32:36,27,31,9844,18530
2023-09-21 15:32:37,27,32,9844,18530
2023-09-21 15:32:38,27,31,9844,18530
2023-09-21 15:32:39,26,31,9794,18730
2023-09-21 15:32:39,26,31,9794,18755
2023-09-21 15:32:39,26,28,9794,18755
2023-09-21 15:32:39,22,28,9794,18755
2023-09-21 15:32:39,22,26,9794,18755
2023-09-21 15:32:40,22,27,9794,18755
2023-09-21 15:32:40,22,24,9794,18755
2023-09-21 15:32:41,22,26,9794,18755
2023-09-21 15:32:42,22,27,9794,18755
2023-09-21 15:32:42,22,26,9794,18755
2023-09-21 15:32:42,22,25,9794,18755
2023-09-21 15:32:42,22,23,9794,18755
2023-09-21 15:32:44,22,25,9794,18755
2023-09-21 15:32:44,22,26,9794,18755
2023-09-21 15:32:44,22,24,9794,18755
2023-09-21 15:32:46,22,26,9794,18755
2023-09-21 15:32:46,22,25,9794,18755
2023-09-21 15:32:46,22,23,9794,18755
2023-09-21 15:32:48,22,26,9794,18755
2023-09-21 15:32:48,22,24,9794,18755
2023-09-21 15:32:49,23,24,9794,18755
2023-09-21 15:32:50,23,27,9794,18755
2023-09-21 15:32:50,23,25,9794,18755
2023-09-21 15:33:03,22,25,9794,18755
2023-09-21 15:33:03,22,26,9794,18755
2023-09-21 15:33:03,22,24,9794,18755
2023-09-21 15:33:04,21,24,9794,18755
2023-09-21 15:33:04,21,25,9794,18755
2023-09-21 15:33:04,20,25,9794,18755
2023-09-21 15:33:05,20,23,9794,18755
2023-09-21 15:33:06,20,21,9794,18755
2023-09-21 15:33:14,20,23,9794,18755
2023-09-21 15:33:14,20,24,9794,18755
2023-09-21 15:33:14,20,22,9794,18755
2023-09-21 15:33:17,20,23,9794,18755
2023-09-21 15:33:17,20,21,9794,18755
2023-09-21 15:33:30,20,24,9794,18755
2023-09-21 15:33:30,20,22,9794,18755
2023-09-21 15:33:35,20,24,9794,18755
2023-09-21 15:33:35,20,23,9794,18755
2023-09-21 15:33:35,20,21,9794,18755
2023-09-21 15:33:43,21,22,9794,18830
2023-09-21 15:33:43,21,22,9869,18905
2023-09-21 15:33:43,18,22,9909,19580
2023-09-21 15:33:43,18,21,9909,19580
2023-09-21 15:33:44,18,22,9909,19580
2023-09-21 15:33:44,18,21,9909,19580
2023-09-21 15:33:53,20,21,9909,19655
2023-09-21 15:33:59,18,20,9909,19835
2023-09-21 15:33:59,17,20,9909,19835
2023-09-21 15:34:00,17,21,9909,19835
2023-09-21 15:34:01,17,20,9909,19835
2023-09-21 15:34:03,17,21,9909,19835
2023-09-21 15:34:04,17,20,9909,19835
2023-09-21 15:34:05,16,20,9909,19835
2023-09-21 15:34:05,16,19,9909,19835
2023-09-21 15:34:05,15,19,9909,19835
2023-09-21 15:34:06,16,19,9909,19835
2023-09-21 15:34:06,16,20,9909,19835
2023-09-21 15:34:09,18,20,9909,19835
2023-09-21 15:34:10,18,19,9909,19835
2023-09-21 15:34:13,15,18,9794,19950
2023-09-21 15:34:16,14,18,9794,19950
2023-09-21 15:34:17,14,17,9794,19950
2023-09-21 15:34:20,14,16,9794,19950
2023-09-21 15:34:20,13,16,9794,19950
2023-09-21 15:34:21,13,15,9794,19950
2023-09-21 15:34:21,12,15,9794,19950
2023-09-21 15:34:23,12,14,9794,19950
2023-09-21 15:34:35,12,15,9794,19950
2023-09-21 15:34:36,12,16,9794,19950
2023-09-21 15:34:36,13,16,9794,19950
2023-09-21 15:34:36,13,17,9794,19950
2023-09-21 15:34:36,14,17,9794,19950
2023-09-21 15:34:38,14,18,9794,19950
2023-09-21 15:34:39,15,18,9794,19950
2023-09-21 15:34:48,16,18,9794,19950
2023-09-21 15:34:49,16,20,9794,19950
2023-09-21 15:34:50,17,20,9794,19950
2023-09-21 15:34:50,20,21,9869,20025
2023-09-21 15:34:52,20,21,9989,20145
2023-09-21 15:35:06,19,21,9989,20145
2023-09-21 15:35:10,17,21,9989,20145
2023-09-21 15:35:10,18,21,9989,20145
2023-09-21 15:35:13,18,20,9989,20145
2023-09-21 15:35:13,17,20,9989,20145
2023-09-21 15:35:13,16,20,9989,20145
2023-09-21 15:35:13,17,20,9989,20145
2023-09-21 15:35:15,17,19,9989,20145
2023-09-21 15:35:17,16,17,9914,20220
2023-09-21 15:35:17,15,17,9914,20220
2023-09-21 15:35:17,14,17,9914,20220
2023-09-21 15:35:25,14,18,9914,20220
2023-09-21 15:35:26,14,17,9914,20220
2023-09-21 15:35:36,14,16,9914,20220
2023-09-21 15:35:36,13,16,9914,20220
2023-09-21 15:35:38,13,15,9914,20220
2023-09-21 15:35:38,12,15,9914,20220
2023-09-21 15:35:40,12,14,9914,20220
2023-09-21 15:35:42,12,15,9914,20220
2023-09-21 15:35:47,12,16,9914,20220
2023-09-21 15:35:51,13,16,9914,20220
2023-09-21 15:35:53,12,16,9914,20220
2023-09-21 15:35:53,12,15,9914,20220
2023-09-21 15:35:57,13,15,9914,20220
2023-09-21 15:35:57,13,16,9914,20220
2023-09-21 15:36:03,16,17,10009,20515
2023-09-21 15:36:03,16,17,10084,20590
2023-09-21 15:36:05,16,17,10159,20665
2023-09-21 15:36:06,14,17,10269,20775
2023-09-21 15:36:07,14,16,10269,20775
2023-09-21 15:36:17,12,14,10194,20850
2023-09-21 15:36:17,11,14,10194,20850
2023-09-21 15:36:18,12,14,10194,20850
2023-09-21 15:36:18,12,13,10194,20850
2023-09-21 15:36:32,12,13,10194,20897
2023-09-21 15:36:33,11,13,10194,20897
2023-09-21 15:36:34,12,13,10194,20897
2023-09-21 15:36:34,12,14,10194,20925
2023-09-21 15:36:34,12,13,10194,20925
2023-09-21 15:36:38,12,13,10194,21000
2023-09-21 15:36:44,11,12,10191,21003
2023-09-21 15:36:44,10,12,10191,21003
2023-09-21 15:36:46,10,13,10191,21003
2023-09-21 15:36:48,11,13,10191,21003
2023-09-21 15:36:52,11,14,10191,21003
2023-09-21 15:36:59,12,14,10191,21003
2023-09-21 15:37:04,12,15,10191,21003
2023-09-21 15:37:11,13,15,10191,21003
2023-09-21 15:37:15,12,15,10191,21003
2023-09-21 15:37:17,12,14,10191,21003
2023-09-21 15:37:22,14,15,10266,21078
2023-09-21 15:37:25,12,15,10266,21128
2023-09-21 15:37:28,12,14,10266,21128
2023-09-21 15:37:28,10,14,10266,21128
2023-09-21 15:37:28,11,14,10266,21128
2023-09-21 15:37:31,11,15,10266,21128
2023-09-21 15:37:31,10,15,10266,21128
2023-09-21 15:37:31,12,15,10266,21128
2023-09-21 15:37:39,12,14,10266,21128
2023-09-21 15:37:41,10,14,10266,21128
2023-09-21 15:37:41,11,14,10266,21128
2023-09-21 15:37:54,11,13,10266,21128
2023-09-21 15:37:55,11,14,10266,21128
2023-09-21 15:37:56,11,13,10266,21128
2023-09-21 15:37:57,11,14,10266,21128
2023-09-21 15:38:00,11,13,10266,21128
2023-09-21 15:38:02,11,14,10266,21128
2023-09-21 15:38:05,10,14,10266,21128
2023-09-21 15:38:05,12,14,10266,21128
2023-09-21 15:38:08,10,14,10266,21128
2023-09-21 15:38:08,11,14,10266,21128
2023-09-21 15:38:10,11,13,10266,21128
2023-09-21 15:38:11,11,14,10266,21128
2023-09-21 15:38:20,10,14,10266,21128
2023-09-21 15:38:20,12,14,10266,21128
2023-09-21 15:38:23,12,15,10266,21128
2023-09-21 15:38:28,13,15,10266,21128
2023-09-21 15:38:37,11,15,10266,21128
2023-09-21 15:38:37,12,15,10266,21128
2023-09-21 15:38:38,12,14,10266,21128
2023-09-21 15:38:45,12,15,10320,21328
2023-09-21 15:38:57,12,14,10320,21328
2023-09-21 15:39:00,12,15,10320,21328
2023-09-21 15:39:03,12,14,10320,21328
2023-09-21 15:39:13,10,14,10320,21328
2023-09-21 15:39:13,11,14,10320,21328
2023-09-21 15:39:30,11,13,10320,21328
2023-09-21 15:39:31,11,14,10320,21328
2023-09-21 15:39:32,12,14,10320,21328
2023-09-21 15:39:40,12,13,10320,21328
2023-09-21 15:39:43,10,13,10320,21328
2023-09-21 15:39:43,11,13,10320,21328
2023-09-21 15:39:45,11,14,10320,21328
2023-09-21 15:39:45,10,14,10320,21328
2023-09-21 15:39:45,12,14,10320,21328
2023-09-21 15:39:47,12,15,10320,21328
2023-09-21 15:39:49,11,15,10320,21328
2023-09-21 15:39:49,13,15,10320,21328
2023-09-21 15:39:50,13,16,10320,21328
2023-09-21 15:39:50,13,17,10320,21328
2023-09-21 15:39:50,14,17,10320,21328
2023-09-21 15:39:51,14,18,10320,21328
2023-09-21 15:39:57,15,18,10320,21328
2023-09-21 15:39:59,17,18,10320,21328
2023-09-21 15:39:59,17,19,10320,21328
2023-09-21 15:40:00,17,20,10320,21328
2023-09-21 15:40:00,16,20,10266,21528
2023-09-21 15:40:01,16,19,10266,21528
2023-09-21 15:40:02,16,18,10266,21528
2023-09-21 15:40:03,16,17,10266,21528
2023-09-21 15:40:03,14,17,10266,21528
2023-09-21 15:40:03,13,17,10266,21528
2023-09-21 15:40:03,15,17,10266,21528
2023-09-21 15:40:04,15,16,10266,21528
2023-09-21 15:40:04,13,16,10266,21528
2023-09-21 15:40:04,14,16,10266,21528
2023-09-21 15:40:14,14,17,10266,21528
2023-09-21 15:40:17,13,17,10266,21528
2023-09-21 15:40:17,15,17,10266,21528
2023-09-21 15:40:22,15,17,10120,21728
2023-09-21 15:40:22,15,16,10120,21728
2023-09-21 15:40:22,13,16,10120,21728
2023-09-21 15:40:22,14,16,10120,21728
2023-09-21 15:40:24,14,17,10120,21728
2023-09-21 15:40:25,14,16,10120,21728
2023-09-21 15:40:26,14,17,10120,21728
2023-09-21 15:40:29,14,15,10120,21728
2023-09-21 15:40:29,12,15,10120,21728
2023-09-21 15:40:29,13,15,10120,21728
2023-09-21 15:40:35,13,14,10120,21728
2023-09-21 15:40:36,11,14,10120,21728
2023-09-21 15:40:36,10,14,10120,21728
2023-09-21 15:40:36,12,14,10120,21728
2023-09-21 15:40:45,12,15,10120,21728
2023-09-21 15:40:45,11,15,10120,21728
2023-09-21 15:40:45,13,15,10120,21728
2023-09-21 15:40:47,13,14,10120,21728
2023-09-21 15:40:54,13,15,10120,21728
2023-09-21 15:41:04,13,16,10120,21728
2023-09-21 15:41:04,11,16,10120,21728
2023-09-21 15:41:04,12,16,10120,21728
2023-09-21 15:41:04,14,16,10120,21728
2023-09-21 15:41:08,14,17,10120,21728
2023-09-21 15:41:09,13,17,10120,21728
2023-09-21 15:41:09,15,17,10120,21728
2023-09-21 15:41:15,15,19,10120,21728
2023-09-21 15:41:15,15,18,10120,21728
2023-09-21 15:41:16,16,18,10120,21728
2023-09-21 15:41:16,17,18,10120,21728
2023-09-21 15:41:16,17,18,10141,21803
2023-09-21 15:41:16,17,20,10141,21803
2023-09-21 15:41:18,18,20,10141,21803
2023-09-21 15:41:23,18,21,10141,21803
2023-09-21 15:41:25,19,21,10141,21803
2023-09-21 15:41:39,18,21,10341,22028
2023-09-21 15:41:40,17,21,10341,22028
2023-09-21 15:41:46,16,21,10341,22028
2023-09-21 15:41:47,16,19,10341,22028
2023-09-21 15:41:53,16,20,10341,22028
2023-09-21 15:42:01,18,20,10341,22028
2023-09-21 15:42:01,18,21,10341,22028
2023-09-21 15:42:09,16,21,10341,22028
2023-09-21 15:42:09,16,20,10341,22028
2023-09-21 15:42:10,17,20,10341,22028
2023-09-21 15:42:10,17,21,10341,22028
2023-09-21 15:42:12,16,21,10341,22028
2023-09-21 15:42:12,16,20,10341,22028
2023-09-21 15:42:22,17,20,10341,22028
2023-09-21 15:42:24,17,21,10341,22028
2023-09-21 15:42:25,18,21,10341,22028
2023-09-21 15:42:27,17,21,10341,22028
2023-09-21 15:42:28,18,21,10341,22028
2023-09-21 15:42:30,17,21,10341,22028
2023-09-21 15:42:32,18,21,10341,22028
2023-09-21 15:42:35,20,21,10341,22028
2023-09-21 15:42:41,20,21,10342,22228
2023-09-21 15:42:41,19,21,10342,22428
2023-09-21 15:42:52,17,21,10342,22503
2023-09-21 15:42:52,17,21,10142,22703
2023-09-21 15:42:52,17,19,10142,22703
2023-09-21 15:42:52,17,18,10142,22703
2023-09-21 15:42:52,14,18,10142,22703
2023-09-21 15:42:52,14,18,10067,22778
2023-09-21 15:42:52,13,18,10067,22778
2023-09-21 15:42:52,13,16,10067,22778
2023-09-21 15:42:53,13,17,10067,22778
2023-09-21 15:42:53,13,16,10067,22778
2023-09-21 15:42:54,13,15,10067,22778
2023-09-21 15:42:54,12,15,10067,22778
2023-09-21 15:42:55,12,14,10067,22778
2023-09-21 15:42:56,10,14,10067,22778
2023-09-21 15:42:56,11,14,10067,22778
2023-09-21 15:42:58,11,13,10067,22778
2023-09-21 15:43:03,10,13,10067,22778
2023-09-21 15:43:04,10,12,10067,22778
2023-09-21 15:43:04,10,12,9992,22853
2023-09-21 15:43:07,10,14,9992,22853
2023-09-21 15:43:07,10,13,9992,22853
2023-09-21 15:43:08,11,13,9992,22853
2023-09-21 15:43:10,11,14,9992,22853
2023-09-21 15:43:10,11,15,9992,22853
2023-09-21 15:43:10,11,14,9992,22853
2023-09-21 15:43:11,13,14,9992,22853
2023-09-21 15:43:11,14,17,9992,22928
2023-09-21 15:43:11,14,16,9992,22928
2023-09-21 15:43:14,13,16,9992,22928
2023-09-21 15:43:19,13,16,10067,23150
2023-09-21 15:43:19,14,16,10067,23150
2023-09-21 15:43:20,14,17,10067,23150
2023-09-21 15:43:20,14,16,10067,23150
2023-09-21 15:43:25,14,15,10067,23150
2023-09-21 15:43:25,12,15,10067,23150
2023-09-21 15:43:25,13,15,10067,23150
2023-09-21 15:43:26,13,14,10067,23150
2023-09-21 15:43:26,13,14,10047,23170
2023-09-21 15:43:29,11,14,10047,23170
2023-09-21 15:43:29,12,14,10047,23170
2023-09-21 15:43:33,12,13,10047,23170
2023-09-21 15:43:37,10,12,9972,23245
2023-09-21 15:43:39,9,12,9972,23245
2023-09-21 15:43:46,9,11,9972,23245
2023-09-21 15:43:46,9,11,9943,23410
2023-09-21 15:43:49,9,10,9943,23410
2023-09-21 15:43:49,8,10,9943,23410
2023-09-21 15:43:49,8,10,9943,23575
2023-09-21 15:43:53,7,10,9943,23575
2023-09-21 15:43:53,7,10,9943,23600
2023-09-21 15:44:01,8,10,9943,23600
2023-09-21 15:44:01,8,11,9943,23600
2023-09-21 15:44:04,9,11,9943,23600
2023-09-21 15:44:06,9,12,9943,23600
2023-09-21 15:44:09,11,12,9943,23600
2023-09-21 15:44:12,9,11,9945,23602
2023-09-21 15:44:12,8,11,9945,23602
2023-09-21 15:44:21,8,10,9945,23602
2023-09-21 15:44:21,7,10,9945,23602
2023-09-21 15:44:24,7,11,9945,23602
2023-09-21 15:44:36,9,11,9945,23602
2023-09-21 15:44:38,8,11,9945,23602
2023-09-21 15:44:49,10,11,9945,23602
2023-09-21 15:45:00,10,12,9745,23802
2023-09-21 15:45:00,10,13,9745,23802
2023-09-21 15:45:01,14,15,9745,23877
2023-09-21 15:45:01,14,16,9745,23877
2023-09-21 15:45:01,14,15,9745,23877
2023-09-21 15:45:01,13,15,9692,24002
2023-09-21 15:45:02,12,15,9692,24002
2023-09-21 15:45:02,13,15,9692,24002
2023-09-21 15:45:03,13,14,9692,24002
2023-09-21 15:45:03,12,14,9617,24077
2023-09-21 15:45:04,11,14,9617,24077
2023-09-21 15:45:10,11,12,9617,24077
2023-09-21 15:45:10,8,12,9617,24077
2023-09-21 15:45:10,10,12,9617,24077
2023-09-21 15:45:11,8,12,9617,24077
2023-09-21 15:45:11,9,12,9617,24077
2023-09-21 15:45:18,9,11,9617,24077
2023-09-21 15:45:18,7,11,9617,24077
2023-09-21 15:45:18,8,11,9617,24077
2023-09-21 15:45:19,8,10,9617,24077
2023-09-21 15:45:19,8,10,9592,24102
2023-09-21 15:45:20,8,11,9592,24102
2023-09-21 15:45:21,8,10,9592,24102
2023-09-21 15:45:26,7,10,9592,24102
2023-09-21 15:45:27,7,9,9592,24102
2023-09-21 15:45:33,7,8,9592,24102
2023-09-21 15:45:35,7,9,9592,24102
2023-09-21 15:45:39,7,8,9592,24102
2023-09-21 15:45:46,7,9,9592,24102
2023-09-21 15:45:52,7,8,9592,24102
2023-09-21 15:45:56,5,8,9592,24102
2023-09-21 15:46:06,6,9,9592,24102
2023-09-21 15:46:06,7,9,9592,24102
2023-09-21 15:46:07,7,10,9592,24102
2023-09-21 15:46:08,7,9,9592,24102
2023-09-21 15:46:10,7,10,9592,24102
2023-09-21 15:46:26,7,9,9592,24102
2023-09-21 15:46:28,7,10,9592,24102
2023-09-21 15:46:33,7,11,9592,24102
2023-09-21 15:46:33,8,11,9592,24102
2023-09-21 15:46:35,8,10,9592,24102
2023-09-21 15:46:35,7,10,9592,24102
2023-09-21 15:46:39,7,9,9592,24102
2023-09-21 15:46:49,7,10,9592,24102
2023-09-21 15:46:52,8,10,9592,24102
2023-09-21 15:46:52,8,12,9592,24102
2023-09-21 15:46:52,8,11,9592,24102
2023-09-21 15:46:56,8,10,9592,24102
2023-09-21 15:46:57,7,10,9592,24102
2023-09-21 15:46:58,7,9,9592,24102
2023-09-21 15:46:58,7,8,9592,24102
2023-09-21 15:46:58,6,8,9592,24102
2023-09-21 15:47:02,6,7,9592,24102
2023-09-21 15:47:02,5,7,9592,24102
2023-09-21 15:47:06,5,8,9592,24102
2023-09-21 15:47:08,5,7,9592,24102
2023-09-21 15:47:21,5,8,9592,24102
2023-09-21 15:47:21,6,8,9592,24102
2023-09-21 15:47:28,6,9,9592,24102
2023-09-21 15:47:29,6,8,9592,24102
2023-09-21 15:47:31,6,9,9592,24102
2023-09-21 15:47:33,6,10,9592,24102
2023-09-21 15:47:39,6,9,9592,24102
2023-09-21 15:47:42,6,8,9592,24102
2023-09-21 15:47:47,5,8,9592,24102
2023-09-21 15:47:48,5,7,9592,24102
2023-09-21 15:47:53,5,6,9592,24102
2023-09-21 15:47:53,4,6,9592,24102
2023-09-21 15:47:58,4,7,9592,24102
2023-09-21 15:48:02,5,7,9592,24102
2023-09-21 15:48:09,5,8,9592,24102
2023-09-21 15:48:19,6,8,9592,24102
2023-09-21 15:48:19,6,9,9592,24102
2023-09-21 15:48:19,6,10,9592,24102
2023-09-21 15:48:20,7,10,9592,24102
2023-09-21 15:48:22,7,12,9592,24102
2023-09-21 15:48:25,9,11,9592,24102
2023-09-21 15:48:29,10,11,9592,24102
2023-09-21 15:48:29,10,14,9592,24102
2023-09-21 15:48:30,9,12,9592,24102
2023-09-21 15:48:35,8,12,9592,24102
2023-09-21 15:48:35,8,11,9592,24102
2023-09-21 15:48:36,7,11,9592,24102
2023-09-21 15:48:37,7,10,9592,24102
2023-09-21 15:48:55,7,11,9592,24102
2023-09-21 15:48:57,7,10,9592,24102
2023-09-21 15:48:59,6,10,9592,24102
2023-09-21 15:49:01,6,9,9592,24102
2023-09-21 15:49:03,6,8,9592,24102
2023-09-21 15:49:06,6,9,9592,24102
2023-09-21 15:49:09,6,10,9592,24102
2023-09-21 15:49:09,7,10,9592,24102
2023-09-21 15:49:11,8,10,9592,24102
2023-09-21 15:49:11,8,12,9592,24102
2023-09-21 15:49:11,8,11,9592,24102
2023-09-21 15:49:19,9,11,9592,24102
2023-09-21 15:49:21,9,13,9592,24102
2023-09-21 15:49:23,9,13,9592,24102
2023-09-21 15:49:23,9,11,9592,24102
2023-09-21 15:49:24,8,11,9592,24102
2023-09-21 15:49:38,9,11,9592,24102
2023-09-21 15:49:40,10,11,9592,24102
2023-09-21 15:49:40,10,14,9592,24102
2023-09-21 15:49:40,10,12,9592,24102
2023-09-21 15:49:44,11,12,9592,24102
2023-09-21 15:49:44,11,13,9592,24102
2023-09-21 15:49:47,10,13,9592,24102
2023-09-21 15:49:51,11,13,9592,24102
2023-09-21 15:49:52,10,13,9592,24102
2023-09-21 15:49:53,11,13,9592,24102
2023-09-21 15:49:55,11,14,9592,24102
2023-09-21 15:49:59,12,14,9592,24102
2023-09-21 15:50:00,12,16,9667,24302
2023-09-21 15:50:00,12,16,9667,24502
2023-09-21 15:50:00,15,16,9667,24502
2023-09-21 15:50:00,15,20,9667,24502
2023-09-21 15:50:01,15,21,9667,24702
2023-09-21 15:50:01,20,21,9664,24705
2023-09-21 15:50:04,21,22,9664,24852
2023-09-21 15:50:05,14,22,9664,24852
2023-09-21 15:50:05,18,22,9664,24852
2023-09-21 15:50:06,18,21,9664,24852
2023-09-21 15:50:06,17,21,9664,24852
2023-09-21 15:50:07,17,20,9664,24852
2023-09-21 15:50:09,17,21,9664,24852
2023-09-21 15:50:10,17,19,9664,24852
2023-09-21 15:50:10,16,19,9664,24852
2023-09-21 15:50:11,13,16,9664,24927
2023-09-21 15:50:11,14,16,9664,24927
2023-09-21 15:50:11,13,16,9664,24927
2023-09-21 15:50:12,14,16,9664,24927
2023-09-21 15:50:12,14,17,9664,24927
2023-09-21 15:50:12,14,18,9664,24927
2023-09-21 15:50:12,14,17,9664,24927
2023-09-21 15:50:13,16,17,9664,24927
2023-09-21 15:50:13,16,18,9664,24927
2023-09-21 15:50:13,16,19,9664,24927
2023-09-21 15:50:13,16,18,9664,24927
2023-09-21 15:50:14,16,18,9739,25002
2023-09-21 15:50:15,17,18,9739,25002
2023-09-21 15:50:15,17,19,9739,25002
2023-09-21 15:50:15,17,21,9739,25002
2023-09-21 15:50:15,17,19,9739,25002
2023-09-21 15:50:20,16,19,9739,25002
2023-09-21 15:50:20,16,18,9739,25002
2023-09-21 15:50:22,16,19,9739,25002
2023-09-21 15:50:22,16,20,9739,25002
2023-09-21 15:50:22,16,19,9739,25002
2023-09-21 15:50:23,17,19,9739,25002
2023-09-21 15:50:23,17,20,9739,25002
2023-09-21 15:50:23,17,21,9739,25002
2023-09-21 15:50:23,17,20,9739,25002
2023-09-21 15:50:28,19,20,9739,25002
2023-09-21 15:50:28,19,21,9739,25002
2023-09-21 15:50:28,19,22,9739,25002
2023-09-21 15:50:28,19,21,9739,25002
2023-09-21 15:50:32,21,22,9739,25077
2023-09-21 15:50:33,19,22,9739,25077
2023-09-21 15:50:33,19,22,9739,25299
2023-09-21 15:50:35,18,22,9739,25299
2023-09-21 15:50:35,18,21,9739,25299
2023-09-21 15:50:36,16,21,9739,25299
2023-09-21 15:50:39,19,22,9739,25299
2023-09-21 15:50:40,20,22,9739,25299
2023-09-21 15:50:40,20,22,9739,25314
2023-09-21 15:50:43,21,22,9739,25314
2023-09-21 15:50:44,20,22,9739,25314
2023-09-21 15:50:49,20,21,9739,25314
2023-09-21 15:50:49,18,21,9739,25314
2023-09-21 15:50:50,18,20,9739,25314
2023-09-21 15:50:55,18,19,9739,25314
2023-09-21 15:51:01,16,18,9739,25389
2023-09-21 15:51:01,15,18,9739,25389
2023-09-21 15:51:02,15,17,9739,25389
2023-09-21 15:51:03,15,17,9664,25464
2023-09-21 15:51:03,14,17,9664,25464
2023-09-21 15:51:06,13,17,9664,25464
2023-09-21 15:51:07,15,19,9664,25464
2023-09-21 15:51:07,14,19,9664,25464
2023-09-21 15:51:07,16,19,9664,25464
2023-09-21 15:51:07,16,18,9664,25464
2023-09-21 15:51:08,16,19,9664,25464
2023-09-21 15:51:11,17,19,9664,25464
2023-09-21 15:51:12,16,19,9664,25464
2023-09-21 15:51:17,15,19,9664,25464
2023-09-21 15:51:17,15,18,9664,25464
2023-09-21 15:51:21,15,17,9664,25464
2023-09-21 15:51:21,14,17,9664,25464
2023-09-21 15:51:21,14,16,9664,25464
2023-09-21 15:51:24,14,19,9664,25464
2023-09-21 15:51:24,14,17,9664,25464
2023-09-21 15:51:29,15,17,9664,25464
2023-09-21 15:51:29,16,17,9664,25464
2023-09-21 15:51:30,16,19,9664,25464
2023-09-21 15:51:31,17,19,9664,25464
2023-09-21 15:51:35,18,19,9664,25464
2023-09-21 15:51:37,18,20,9739,25664
2023-09-21 15:51:37,19,20,9739,25664
2023-09-21 15:51:43,18,20,9739,25664
2023-09-21 15:51:48,19,20,9739,25664
2023-09-21 15:51:51,19,22,9739,25864
2023-09-21 15:51:51,21,22,9739,25864
2023-09-21 15:51:51,21,22,9735,25868
2023-09-21 15:51:57,20,22,9735,25868
2023-09-21 15:51:58,21,22,9735,25868
2023-09-21 15:52:01,20,22,9735,25868
2023-09-21 15:52:02,22,23,9735,25971
2023-09-21 15:52:03,21,23,9735,25971
2023-09-21 15:52:04,22,23,9735,25971
2023-09-21 15:52:04,22,23,9733,25973
2023-09-21 15:52:06,22,23,9673,26033
2023-09-21 15:52:08,22,25,9710,26233
2023-09-21 15:52:08,24,25,9710,26233
2023-09-21 15:52:09,24,25,9710,26368
2023-09-21 15:52:12,22,25,9710,26468
2023-09-21 15:52:12,24,25,9710,26468
2023-09-21 15:52:13,24,30,9813,26571
2023-09-21 15:52:18,25,28,9813,26571
2023-09-21 15:52:20,25,28,9788,26596
2023-09-21 15:52:21,22,25,9738,26646
2023-09-21 15:52:21,21,25,9738,26646
2023-09-21 15:52:22,21,27,9738,26646
2023-09-21 15:52:22,21,28,9738,26646
2023-09-21 15:52:24,21,25,9738,26646
2023-09-21 15:52:24,20,25,9738,26646
2023-09-21 15:52:34,21,25,9738,26646
2023-09-21 15:52:36,21,27,9738,26646
2023-09-21 15:52:36,21,28,9738,26646
2023-09-21 15:52:40,22,28,9738,26646
2023-09-21 15:52:44,23,28,9738,26646
2023-09-21 15:52:44,23,30,9738,26646
2023-09-21 15:52:45,25,30,9738,26646
2023-09-21 15:52:46,26,30,9738,26646
2023-09-21 15:52:46,26,27,9738,26646
2023-09-21 15:52:47,26,30,9683,26701
2023-09-21 15:52:48,28,30,9683,26701
2023-09-21 15:52:51,26,30,9683,26701
2023-09-21 15:52:55,25,30,9683,26701
2023-09-21 15:52:56,26,30,9683,26701
2023-09-21 15:52:58,25,30,9683,26701
2023-09-21 15:52:59,23,30,9683,26701
2023-09-21 15:53:00,23,25,9683,26701
2023-09-21 15:53:00,19,25,9683,26701
2023-09-21 15:53:02,21,25,9683,26701
2023-09-21 15:53:02,21,28,9683,26701
2023-09-21 15:53:02,21,27,9683,26701
2023-09-21 15:53:03,21,28,9683,26701
2023-09-21 15:53:05,22,28,9683,26701
2023-09-21 15:53:05,22,30,9683,26701
2023-09-21 15:53:05,22,29,9683,26701
2023-09-21 15:53:07,24,29,9683,26701
2023-09-21 15:53:07,24,30,9683,26701
2023-09-21 15:53:08,26,30,9683,26701
2023-09-21 15:53:12,26,28,9683,26701
2023-09-21 15:53:17,24,28,9683,26701
2023-09-21 15:53:20,25,28,9683,26701
2023-09-21 15:53:22,24,28,9683,26701
2023-09-21 15:53:22,27,28,9683,26701
2023-09-21 15:53:30,29,30,9683,26713
2023-09-21 15:53:31,27,30,9683,26713
2023-09-21 15:53:38,29,30,9683,26713
2023-09-21 15:53:40,29,31,9683,26728
2023-09-21 15:53:40,27,31,9683,26728
2023-09-21 15:53:46,25,31,9683,26728
2023-09-21 15:53:47,26,31,9683,26728
2023-09-21 15:53:50,25,31,9683,26728
2023-09-21 15:53:55,26,31,9683,26728
2023-09-21 15:53:57,25,31,9683,26728
2023-09-21 15:53:57,25,30,9683,26728
2023-09-21 15:53:57,25,29,9683,26728
2023-09-21 15:53:58,25,27,9683,26728
2023-09-21 15:53:58,25,26,9683,26728
2023-09-21 15:54:00,19,24,9683,26839
2023-09-21 15:54:00,17,24,9683,26839
2023-09-21 15:54:01,17,23,9683,26839
2023-09-21 15:54:01,17,21,9683,26839
2023-09-21 15:54:01,14,21,9683,26839
2023-09-21 15:54:01,14,20,9683,26839
2023-09-21 15:54:03,14,21,9683,26839
2023-09-21 15:54:04,14,17,9683,26839
2023-09-21 15:54:04,12,17,9683,26839
2023-09-21 15:54:05,11,17,9683,26839
2023-09-21 15:54:05,11,15,9683,26839
2023-09-21 15:54:05,10,15,9683,26839
2023-09-21 15:54:08,9,15,9683,26839
2023-09-21 15:54:09,9,14,9683,26839
2023-09-21 15:54:11,9,15,9683,26839
2023-09-21 15:54:14,11,15,9683,26839
2023-09-21 15:54:14,11,17,9683,26839
2023-09-21 15:54:14,11,16,9683,26839
2023-09-21 15:54:15,11,17,9683,26839
2023-09-21 15:54:16,12,17,9683,26839
2023-09-21 15:54:17,11,17,9683,26839
2023-09-21 15:54:18,12,17,9683,26839
2023-09-21 15:54:18,12,20,9683,26839
2023-09-21 15:54:18,12,19,9683,26839
2023-09-21 15:54:18,12,18,9683,26839
2023-09-21 15:54:20,14,18,9683,26839
2023-09-21 15:54:20,14,20,9683,26839
2023-09-21 15:54:20,14,19,9683,26839
2023-09-21 15:54:21,16,19,9683,26839
2023-09-21 15:54:21,16,22,9683,26839
2023-09-21 15:54:21,16,23,9683,26839
2023-09-21 15:54:21,16,22,9683,26839
2023-09-21 15:54:21,16,21,9683,26839
2023-09-21 15:54:22,16,22,9683,26839
2023-09-21 15:54:22,16,23,9683,26839
2023-09-21 15:54:24,17,23,9683,26839
2023-09-21 15:54:25,18,23,9683,26839
2023-09-21 15:54:25,18,24,9683,26839
2023-09-21 15:54:26,17,24,9683,26839
2023-09-21 15:54:27,17,23,9683,26839
2023-09-21 15:54:27,16,23,9683,26839
2023-09-21 15:54:28,16,21,9683,26839
2023-09-21 15:54:28,14,21,9683,26839
2023-09-21 15:54:30,19,21,9683,26839
2023-09-21 15:54:30,19,24,9683,26839
2023-09-21 15:54:30,19,25,9683,26839
2023-09-21 15:54:30,19,24,9683,26839
2023-09-21 15:54:31,19,25,9683,26839
2023-09-21 15:54:34,18,25,9683,26839
2023-09-21 15:54:34,16,25,9683,26839
2023-09-21 15:54:34,16,23,9683,26839
2023-09-21 15:54:36,18,23,9683,26839
2023-09-21 15:54:36,18,19,9683,26839
2023-09-21 15:54:36,18,25,9633,26889
2023-09-21 15:54:36,18,24,9633,26889
2023-09-21 15:54:37,18,25,9633,26889
2023-09-21 15:54:39,17,25,9633,26889
2023-09-21 15:54:39,16,25,9633,26889
2023-09-21 15:54:39,16,23,9633,26889
2023-09-21 15:54:40,23,25,9633,26986
2023-09-21 15:54:41,23,25,9633,27061
2023-09-21 15:54:41,14,25,9633,27061
2023-09-21 15:54:41,16,25,9633,27061
2023-09-21 15:54:41,16,22,9633,27061
2023-09-21 15:54:42,16,25,9633,27136
2023-09-21 15:54:42,17,25,9633,27136
2023-09-21 15:54:43,17,19,9633,27136
2023-09-21 15:54:44,18,19,9633,27136
2023-09-21 15:54:45,17,19,9633,27136
2023-09-21 15:54:50,20,23,9634,27137
2023-09-21 15:54:50,20,25,9634,27137
2023-09-21 15:54:51,23,25,9634,27137
2023-09-21 15:54:51,26,27,9745,27248
2023-09-21 15:54:51,26,31,9745,27248
2023-09-21 15:54:52,26,28,9745,27248
2023-09-21 15:54:52,22,28,9745,27248
2023-09-21 15:54:52,18,28,9745,27248
2023-09-21 15:54:52,19,28,9745,27248
2023-09-21 15:54:53,19,25,9745,27248
2023-09-21 15:54:53,17,25,9745,27248
2023-09-21 15:54:53,18,25,9745,27248
2023-09-21 15:54:54,18,27,9745,27248
2023-09-21 15:54:54,18,23,9745,27248
2023-09-21 15:54:54,17,23,9745,27248
2023-09-21 15:54:55,16,23,9745,27248
2023-09-21 15:54:56,16,20,9745,27248
2023-09-21 15:54:56,13,20,9745,27248
2023-09-21 15:54:58,14,17,9745,27248
2023-09-21 15:54:58,14,17,9682,27311
2023-09-21 15:54:58,12,17,9682,27311
2023-09-21 15:55:00,12,20,9682,27311
2023-09-21 15:55:00,13,20,9682,27311
2023-09-21 15:55:00,15,20,9682,27311
2023-09-21 15:55:00,15,23,9682,27311
2023-09-21 15:55:01,16,23,9682,27311
2023-09-21 15:55:05,17,23,9682,27311
2023-09-21 15:55:06,17,22,9682,27311
2023-09-21 15:55:06,15,22,9682,27311
2023-09-21 15:55:07,13,22,9682,27311
2023-09-21 15:55:07,14,22,9682,27311
2023-09-21 15:55:09,15,22,9682,27311
2023-09-21 15:55:10,15,23,9682,27311
2023-09-21 15:55:10,16,23,9682,27311
2023-09-21 15:55:11,16,21,9682,27311
2023-09-21 15:55:11,15,21,9682,27311
2023-09-21 15:55:12,13,21,9682,27311
2023-09-21 15:55:12,14,21,9682,27311
2023-09-21 15:55:13,14,18,9682,27311
2023-09-21 15:55:13,11,18,9682,27311
2023-09-21 15:55:13,13,18,9682,27311
2023-09-21 15:55:14,14,18,9682,27311
2023-09-21 15:55:16,14,21,9682,27311
2023-09-21 15:55:17,14,19,9682,27311
2023-09-21 15:55:19,14,21,9682,27311
2023-09-21 15:55:21,15,21,9682,27311
2023-09-21 15:55:21,16,21,9682,27311
2023-09-21 15:55:22,16,23,9682,27311
2023-09-21 15:55:23,17,23,9682,27311
2023-09-21 15:55:23,18,23,9682,27311
2023-09-21 15:55:26,18,26,9682,27311
2023-09-21 15:55:26,19,26,9682,27311
2023-09-21 15:55:26,20,28,9682,27311
2023-09-21 15:55:31,18,28,9682,27311
2023-09-21 15:55:32,18,24,9682,27311
2023-09-21 15:55:32,19,24,9682,27311
2023-09-21 15:55:36,19,27,9682,27311
2023-09-21 15:55:36,19,28,9682,27311
2023-09-21 15:55:36,19,27,9682,27311
2023-09-21 15:55:37,20,27,9682,27311
2023-09-21 15:55:37,21,27,9682,27311
2023-09-21 15:55:37,21,28,9682,27311
2023-09-21 15:55:42,22,28,9682,27311
2023-09-21 15:55:42,23,28,9682,27311
2023-09-21 15:55:44,24,28,9682,27311
2023-09-21 15:55:44,25,28,9682,27311
2023-09-21 15:55:46,21,28,9682,27311
2023-09-21 15:55:47,22,28,9682,27311
2023-09-21 15:55:48,22,27,9682,27311
2023-09-21 15:55:48,22,24,9682,27311
2023-09-21 15:55:49,18,24,9682,27311
2023-09-21 15:55:50,19,24,9682,27311
2023-09-21 15:55:51,19,27,9682,27311
2023-09-21 15:55:51,20,27,9682,27311
2023-09-21 15:55:51,21,27,9682,27311
2023-09-21 15:55:53,21,28,9682,27311
2023-09-21 15:56:00,22,28,9682,27311
2023-09-21 15:56:00,23,28,9682,27311
2023-09-21 15:56:02,24,28,9682,27311
2023-09-21 15:56:02,25,28,9682,27311
2023-09-21 15:56:02,25,28,9682,27314
2023-09-21 15:56:04,27,28,9682,27314
2023-09-21 15:56:06,27,28,9682,27319
2023-09-21 15:56:07,29,31,9694,27331
2023-09-21 15:56:08,29,36,9694,27431
2023-09-21 15:56:08,29,34,9694,27431
2023-09-21 15:56:08,27,34,9694,27431
2023-09-21 15:56:08,25,34,9694,27431
2023-09-21 15:56:10,25,37,9694,27431
2023-09-21 15:56:10,28,36,9694,27431
2023-09-21 15:56:12,28,39,9694,27431
2023-09-21 15:56:12,31,39,9694,27431
2023-09-21 15:56:12,31,40,9694,27431
2023-09-21 15:56:12,31,39,9694,27431
2023-09-21 15:56:13,28,39,9694,27631
2023-09-21 15:56:13,28,36,9694,27631
2023-09-21 15:56:15,29,36,9694,27631
2023-09-21 15:56:19,29,40,9694,27831
2023-09-21 15:56:19,29,38,9694,27831
2023-09-21 15:56:20,29,40,9694,27831
2023-09-21 15:56:20,29,42,9694,27831
2023-09-21 15:56:20,30,42,9694,27831
2023-09-21 15:56:20,33,41,9694,27831
2023-09-21 15:56:21,33,44,9694,27831
2023-09-21 15:56:22,33,41,9694,27831
2023-09-21 15:56:23,33,39,9694,27831
2023-09-21 15:56:23,30,39,9694,27831
2023-09-21 15:56:24,29,39,9694,27831
2023-09-21 15:56:24,32,39,9694,27831
2023-09-21 15:56:26,32,42,9694,27831
2023-09-21 15:56:26,32,41,9694,27831
2023-09-21 15:56:27,30,41,9694,27831
2023-09-21 15:56:27,30,39,9694,27831
2023-09-21 15:56:27,29,39,9694,27831
2023-09-21 15:56:28,28,39,9694,27831
2023-09-21 15:56:28,31,39,9694,27831
2023-09-21 15:56:29,31,32,9694,27831
2023-09-21 15:56:29,25,32,9694,27831
2023-09-21 15:56:30,25,30,9694,27831
2023-09-21 15:56:30,17,27,9694,27831
2023-09-21 15:56:30,20,27,9694,27831
2023-09-21 15:56:31,20,24,9694,27831
2023-09-21 15:56:31,20,24,9619,27906
2023-09-21 15:56:31,17,24,9619,27906
2023-09-21 15:56:32,17,24,9619,27906
2023-09-21 15:56:32,18,24,9619,27906
2023-09-21 15:56:33,18,27,9619,27906
2023-09-21 15:56:33,17,27,9619,27906
2023-09-21 15:56:33,19,27,9619,27906
2023-09-21 15:56:34,19,29,9619,27906
2023-09-21 15:56:34,21,29,9619,27906
2023-09-21 15:56:37,22,29,9619,27906
2023-09-21 15:56:38,22,33,9619,27906
2023-09-21 15:56:43,22,28,9619,27906
2023-09-21 15:56:43,20,28,9619,27906
2023-09-21 15:56:44,21,28,9619,27906
2023-09-21 15:56:45,19,28,9619,27906
2023-09-21 15:56:45,20,28,9619,27906
2023-09-21 15:56:46,19,28,9619,27906
2023-09-21 15:56:46,21,28,9619,27906
2023-09-21 15:56:47,21,31,9619,27906
2023-09-21 15:56:47,23,31,9619,27906
2023-09-21 15:56:48,23,35,9619,27906
2023-09-21 15:56:48,23,34,9619,27906
2023-09-21 15:56:49,25,33,9619,27906
2023-09-21 15:56:51,25,34,9619,27906
2023-09-21 15:56:53,25,32,9619,27906
2023-09-21 15:56:55,25,36,9619,27906
2023-09-21 15:56:55,25,35,9619,27906
2023-09-21 15:56:56,28,35,9619,27906
2023-09-21 15:56:56,28,36,9619,27906
2023-09-21 15:56:57,28,40,9619,27906
2023-09-21 15:56:57,36,44,9619,27906
2023-09-21 15:56:58,36,45,9619,27906
2023-09-21 15:56:58,39,47,9619,27906
2023-09-21 15:56:58,39,44,9619,27906
2023-09-21 15:56:59,36,44,9619,27906
2023-09-21 15:56:59,36,41,9619,27906
2023-09-21 15:56:59,34,41,9619,27906
2023-09-21 15:56:59,32,41,9619,27906
2023-09-21 15:57:00,31,41,9619,27906
2023-09-21 15:57:00,31,36,9604,27921
2023-09-21 15:57:00,28,36,9604,27921
2023-09-21 15:57:01,28,35,9604,27921
2023-09-21 15:57:01,27,35,9604,27921
2023-09-21 15:57:01,27,36,9604,28021
2023-09-21 15:57:03,27,30,9604,28021
2023-09-21 15:57:03,21,30,9604,28021
2023-09-21 15:57:03,23,30,9604,28021
2023-09-21 15:57:06,23,34,9604,28021
2023-09-21 15:57:06,23,36,9604,28021
2023-09-21 15:57:06,23,32,9604,28021
2023-09-21 15:57:06,24,32,9604,28021
2023-09-21 15:57:08,24,36,9604,28021
2023-09-21 15:57:08,26,36,9604,28021
2023-09-21 15:57:08,26,35,9604,28021
2023-09-21 15:57:09,26,34,9604,28021
2023-09-21 15:57:10,26,32,9604,28021
2023-09-21 15:57:10,23,32,9604,28021
2023-09-21 15:57:10,24,32,9604,28021
2023-09-21 15:57:11,24,29,9604,28021
2023-09-21 15:57:11,19,29,9604,28021
2023-09-21 15:57:11,22,29,9604,28021
2023-09-21 15:57:13,23,29,9604,28021
2023-09-21 15:57:16,23,34,9604,28021
2023-09-21 15:57:16,24,34,9604,28021
2023-09-21 15:57:16,25,34,9604,28021
2023-09-21 15:57:20,25,32,9604,28021
2023-09-21 15:57:21,25,36,9604,28021
2023-09-21 15:57:21,25,34,9604,28021
2023-09-21 15:57:26,25,32,9604,28021
2023-09-21 15:57:30,25,34,9604,28021
2023-09-21 15:57:31,25,36,9604,28021
2023-09-21 15:57:31,26,36,9604,28021
2023-09-21 15:57:31,27,36,9604,28021
2023-09-21 15:57:33,27,34,9604,28021
2023-09-21 15:57:34,27,38,9604,28021
2023-09-21 15:57:34,27,36,9604,28021
2023-09-21 15:57:40,27,36,9604,28026
2023-09-21 15:57:41,27,35,9604,28026
2023-09-21 15:57:46,27,36,9604,28026
2023-09-21 15:57:47,28,36,9604,28026
2023-09-21 15:57:47,29,36,9604,28026
2023-09-21 15:57:49,29,31,9604,28026
2023-09-21 15:57:49,23,31,9604,28026
2023-09-21 15:57:50,24,31,9604,28026
2023-09-21 15:57:50,24,34,9604,28226
2023-09-21 15:57:51,24,33,9604,28226
2023-09-21 15:57:52,24,34,9604,28226
2023-09-21 15:57:53,26,34,9604,28226
2023-09-21 15:57:53,27,34,9604,28226
