datetime,bid,ask,open_interest,volume
2023-03-16 09:30:56,17,26,319,531
2023-03-16 09:31:02,17,99,319,531
2023-03-16 09:31:03,17,27,319,531
2023-03-16 09:31:03,22,27,319,531
2023-03-16 09:31:03,22,26,319,531
2023-03-16 09:32:48,22,25,319,531
2023-03-16 09:33:51,21,25,319,531
2023-03-16 09:34:08,23,25,319,531
2023-03-16 09:38:04,23,24,319,531
2023-03-16 09:38:32,23,25,319,531
2023-03-16 09:39:54,23,24,319,531
2023-03-16 09:40:01,21,24,319,531
2023-03-16 09:41:04,21,22,319,531
2023-03-16 09:41:56,21,22,320,532
2023-03-16 09:44:45,21,22,327,539
2023-03-16 09:46:23,21,24,327,539
2023-03-16 09:46:27,23,24,334,546
2023-03-16 09:47:00,23,24,346,558
2023-03-16 09:49:25,23,24,361,573
2023-03-16 09:49:32,23,24,373,585
2023-03-16 09:49:37,23,24,388,600
2023-03-16 09:50:06,23,24,416,628
2023-03-16 09:50:08,23,24,457,669
2023-03-16 09:50:12,23,24,475,687
2023-03-16 09:50:17,23,24,490,702
2023-03-16 09:50:19,23,24,602,814
2023-03-16 09:50:20,23,24,802,1014
2023-03-16 09:50:22,23,24,1002,1214
2023-03-16 09:50:22,23,24,1017,1229
2023-03-16 09:50:25,22,23,1160,1372
2023-03-16 09:50:38,20,23,1160,1372
2023-03-16 09:50:39,22,23,1160,1372
2023-03-16 09:51:10,20,23,1160,1372
2023-03-16 09:51:12,21,23,1160,1372
2023-03-16 09:51:20,21,22,1160,1372
2023-03-16 09:51:20,20,22,1160,1379
2023-03-16 09:51:20,19,20,1160,1400
2023-03-16 09:51:20,19,22,1160,1407
2023-03-16 09:51:28,19,22,1160,1414
2023-03-16 09:51:37,19,23,1160,1414
2023-03-16 09:51:37,20,23,1160,1414
2023-03-16 09:51:45,20,22,1160,1414
2023-03-16 09:52:03,20,23,1160,1414
2023-03-16 09:52:03,20,22,1160,1414
2023-03-16 09:53:17,20,21,1160,1414
2023-03-16 09:53:46,20,22,1160,1414
2023-03-16 09:54:00,20,21,1160,1414
2023-03-16 09:54:15,20,22,1160,1414
2023-03-16 09:54:15,19,22,1160,1414
2023-03-16 09:54:15,19,23,1160,1414
2023-03-16 09:54:16,19,21,1160,1414
2023-03-16 09:54:46,19,23,1160,1414
2023-03-16 09:54:46,19,22,1160,1414
2023-03-16 09:54:51,19,21,1160,1414
2023-03-16 09:55:10,20,22,1160,1414
2023-03-16 09:55:23,19,22,1160,1414
2023-03-16 09:55:26,20,22,1160,1414
2023-03-16 09:56:15,20,21,1160,1414
2023-03-16 09:56:16,19,21,1160,1414
2023-03-16 09:56:29,19,22,1160,1414
2023-03-16 09:56:29,19,20,1160,1414
2023-03-16 09:56:40,19,20,1198,1452
2023-03-16 09:56:40,19,20,1228,1482
2023-03-16 09:56:45,19,22,1228,1482
2023-03-16 09:56:45,19,21,1228,1482
2023-03-16 09:56:47,19,20,1228,1482
2023-03-16 09:57:01,19,21,1228,1482
2023-03-16 09:57:01,19,20,1228,1482
2023-03-16 09:57:39,19,20,1235,1489
2023-03-16 09:57:44,19,21,1235,1489
2023-03-16 09:57:44,17,19,1271,1525
2023-03-16 09:57:57,17,21,1271,1525
2023-03-16 09:57:57,17,19,1271,1525
2023-03-16 09:57:58,17,19,1271,1532
2023-03-16 09:58:13,17,21,1271,1532
2023-03-16 09:58:13,17,19,1271,1532
2023-03-16 09:58:14,18,19,1271,1532
2023-03-16 09:58:26,18,20,1271,1532
2023-03-16 09:58:26,18,19,1271,1532
2023-03-16 09:58:30,17,19,1271,1532
2023-03-16 09:58:30,17,21,1271,1532
2023-03-16 09:58:30,17,20,1271,1532
2023-03-16 09:58:31,17,19,1271,1532
2023-03-16 09:58:47,18,19,1271,1532
2023-03-16 09:58:51,18,20,1271,1532
2023-03-16 09:58:51,18,19,1271,1532
2023-03-16 09:59:04,18,20,1271,1532
2023-03-16 09:59:17,17,20,1271,1532
2023-03-16 09:59:18,17,19,1271,1532
2023-03-16 10:00:13,17,18,1271,1532
2023-03-16 10:00:21,17,19,1271,1532
2023-03-16 10:00:21,17,18,1271,1532
2023-03-16 10:00:35,17,19,1271,1532
2023-03-16 10:00:43,17,20,1271,1532
2023-03-16 10:00:43,17,19,1271,1532
2023-03-16 10:00:57,17,18,1271,1532
2023-03-16 10:01:10,17,19,1271,1532
2023-03-16 10:01:11,17,18,1271,1532
2023-03-16 10:01:30,17,19,1271,1532
2023-03-16 10:01:30,17,18,1271,1532
2023-03-16 10:01:38,17,19,1271,1532
2023-03-16 10:01:38,17,18,1271,1532
2023-03-16 10:01:51,17,18,1329,1590
2023-03-16 10:01:53,16,17,1421,1682
2023-03-16 10:01:53,15,17,1421,1682
2023-03-16 10:01:53,16,17,1421,1682
2023-03-16 10:02:03,15,17,1421,1682
2023-03-16 10:02:08,16,17,1421,1682
2023-03-16 10:02:19,16,18,1421,1682
2023-03-16 10:02:26,17,18,1421,1682
2023-03-16 10:02:31,17,19,1421,1682
2023-03-16 10:02:32,17,18,1421,1682
2023-03-16 10:02:45,17,19,1421,1682
2023-03-16 10:02:45,17,18,1421,1682
2023-03-16 10:03:00,17,19,1421,1682
2023-03-16 10:03:13,16,19,1421,1682
2023-03-16 10:03:13,16,18,1421,1682
2023-03-16 10:03:18,17,18,1421,1682
2023-03-16 10:03:25,17,19,1421,1682
2023-03-16 10:03:32,16,19,1421,1682
2023-03-16 10:03:37,16,20,1421,1682
2023-03-16 10:03:37,16,19,1421,1682
2023-03-16 10:03:37,17,19,1421,1682
2023-03-16 10:03:53,18,19,1421,1682
2023-03-16 10:04:07,16,19,1421,1682
2023-03-16 10:04:07,17,19,1421,1682
2023-03-16 10:04:10,18,19,1421,1682
2023-03-16 10:04:13,18,20,1421,1682
2023-03-16 10:04:13,18,19,1421,1682
2023-03-16 10:04:25,17,19,1421,1682
2023-03-16 10:04:25,16,19,1421,1682
2023-03-16 10:04:25,16,20,1421,1682
2023-03-16 10:04:25,16,19,1421,1682
2023-03-16 10:04:26,17,19,1421,1682
2023-03-16 10:04:40,16,19,1421,1682
2023-03-16 10:04:43,17,19,1421,1682
2023-03-16 10:04:48,17,18,1421,1682
2023-03-16 10:04:55,17,19,1421,1682
2023-03-16 10:04:55,17,18,1421,1682
2023-03-16 10:04:58,16,18,1421,1682
2023-03-16 10:04:58,16,20,1421,1682
2023-03-16 10:04:58,17,20,1421,1682
2023-03-16 10:04:58,17,19,1421,1682
2023-03-16 10:05:00,18,19,1421,1682
2023-03-16 10:05:12,18,19,1496,1757
2023-03-16 10:05:12,18,20,1496,1757
2023-03-16 10:05:12,18,19,1496,1757
2023-03-16 10:05:14,17,19,1496,1757
2023-03-16 10:05:17,17,19,1503,1764
2023-03-16 10:05:23,17,21,1503,1764
2023-03-16 10:05:23,18,21,1503,1764
2023-03-16 10:05:23,18,20,1503,1764
2023-03-16 10:05:26,19,20,1503,1764
2023-03-16 10:05:31,18,20,1503,1764
2023-03-16 10:05:45,19,20,1503,1764
2023-03-16 10:05:48,19,22,1503,1764
2023-03-16 10:05:49,19,21,1503,1764
2023-03-16 10:06:07,18,21,1503,1764
2023-03-16 10:06:07,19,21,1503,1764
2023-03-16 10:06:12,20,21,1503,1764
2023-03-16 10:06:23,20,22,1503,1764
2023-03-16 10:06:28,20,21,1503,1764
2023-03-16 10:06:44,20,22,1503,1764
2023-03-16 10:06:44,20,21,1503,1764
2023-03-16 10:06:44,19,21,1503,1764
2023-03-16 10:06:44,21,23,1496,1771
2023-03-16 10:06:55,19,23,1496,1771
2023-03-16 10:06:55,20,23,1496,1771
2023-03-16 10:06:55,20,22,1496,1771
2023-03-16 10:06:59,20,23,1496,1771
2023-03-16 10:06:59,20,22,1496,1771
2023-03-16 10:07:16,20,23,1496,1771
2023-03-16 10:07:17,20,22,1496,1771
2023-03-16 10:07:33,20,23,1496,1771
2023-03-16 10:07:33,20,22,1496,1771
2023-03-16 10:07:58,20,21,1496,1771
2023-03-16 10:08:02,20,22,1496,1771
2023-03-16 10:08:16,19,22,1496,1771
2023-03-16 10:08:19,19,21,1496,1771
2023-03-16 10:08:51,20,21,1496,1771
2023-03-16 10:08:58,20,22,1496,1771
2023-03-16 10:09:27,19,22,1496,1771
2023-03-16 10:09:27,19,23,1496,1771
2023-03-16 10:09:27,20,23,1496,1771
2023-03-16 10:09:29,21,23,1496,1771
2023-03-16 10:09:42,19,23,1496,1771
2023-03-16 10:09:42,21,23,1496,1771
2023-03-16 10:10:18,20,23,1496,1771
2023-03-16 10:10:19,20,22,1496,1771
2023-03-16 10:10:48,20,22,1421,1846
2023-03-16 10:10:49,19,22,1421,1846
2023-03-16 10:10:49,20,22,1421,1846
2023-03-16 10:11:08,20,21,1421,1846
2023-03-16 10:11:20,19,21,1421,1846
2023-03-16 10:11:24,20,21,1421,1846
2023-03-16 10:11:29,20,22,1421,1846
2023-03-16 10:11:29,20,21,1421,1846
2023-03-16 10:11:36,20,22,1421,1846
2023-03-16 10:11:36,20,21,1421,1846
2023-03-16 10:11:38,19,21,1421,1846
2023-03-16 10:12:14,18,21,1421,1846
2023-03-16 10:12:14,18,22,1421,1846
2023-03-16 10:12:14,18,21,1421,1846
2023-03-16 10:12:18,19,21,1421,1846
2023-03-16 10:12:34,18,21,1421,1846
2023-03-16 10:12:34,18,20,1421,1846
2023-03-16 10:13:07,19,20,1421,1846
2023-03-16 10:13:11,19,21,1421,1846
2023-03-16 10:13:11,19,20,1421,1846
2023-03-16 10:13:21,18,20,1421,1846
2023-03-16 10:13:56,19,20,1421,1846
2023-03-16 10:14:02,19,21,1421,1846
2023-03-16 10:14:02,19,20,1421,1846
2023-03-16 10:14:25,19,21,1421,1846
2023-03-16 10:14:25,19,20,1421,1846
2023-03-16 10:14:28,18,20,1428,1853
2023-03-16 10:14:47,19,20,1428,1853
2023-03-16 10:15:25,19,21,1428,1853
2023-03-16 10:15:25,19,20,1428,1853
2023-03-16 10:15:42,19,21,1428,1853
2023-03-16 10:16:12,20,21,1428,1853
2023-03-16 10:16:13,20,22,1428,1853
2023-03-16 10:16:29,20,21,1428,1853
2023-03-16 10:16:43,19,22,1428,1853
2023-03-16 10:16:43,19,23,1428,1853
2023-03-16 10:16:43,19,21,1428,1853
2023-03-16 10:16:45,20,21,1428,1853
2023-03-16 10:16:53,20,22,1428,1853
2023-03-16 10:17:34,20,23,1428,1853
2023-03-16 10:17:35,20,22,1428,1853
2023-03-16 10:17:51,20,24,1428,1853
2023-03-16 10:17:51,20,22,1428,1853
2023-03-16 10:18:12,21,22,1428,1853
2023-03-16 10:18:18,21,23,1428,1853
2023-03-16 10:18:44,21,24,1428,1853
2023-03-16 10:18:45,21,23,1428,1853
2023-03-16 10:19:31,21,24,1428,1853
2023-03-16 10:19:32,21,23,1428,1853
2023-03-16 10:20:12,22,23,1428,1853
2023-03-16 10:20:24,22,24,1428,1853
2023-03-16 10:21:00,22,23,1428,1853
2023-03-16 10:21:17,22,23,1421,1860
2023-03-16 10:21:17,20,23,1421,1860
2023-03-16 10:21:17,20,24,1421,1860
2023-03-16 10:21:17,20,25,1421,1860
2023-03-16 10:21:17,21,25,1421,1860
2023-03-16 10:21:17,21,24,1421,1860
2023-03-16 10:21:26,20,24,1421,1860
2023-03-16 10:21:26,20,23,1421,1860
2023-03-16 10:21:33,21,23,1421,1860
2023-03-16 10:21:42,21,22,1421,1860
2023-03-16 10:21:48,20,22,1421,1860
2023-03-16 10:22:04,19,22,1421,1860
2023-03-16 10:22:04,19,23,1421,1860
2023-03-16 10:22:04,21,23,1421,1860
2023-03-16 10:22:05,21,22,1421,1860
2023-03-16 10:22:11,21,23,1421,1860
2023-03-16 10:22:11,21,22,1421,1860
2023-03-16 10:22:19,19,22,1421,1860
2023-03-16 10:22:19,19,23,1421,1860
2023-03-16 10:22:20,20,23,1421,1860
2023-03-16 10:22:20,20,22,1421,1860
2023-03-16 10:22:20,21,22,1421,1860
2023-03-16 10:22:33,21,23,1577,2390
2023-03-16 10:22:35,20,23,1577,2390
2023-03-16 10:22:36,20,22,1577,2390
2023-03-16 10:22:39,20,21,1577,2390
2023-03-16 10:22:52,20,21,1577,2397
2023-03-16 10:23:02,19,21,1577,2397
2023-03-16 10:23:07,19,22,1577,2397
2023-03-16 10:23:08,19,21,1577,2397
2023-03-16 10:23:11,20,21,1577,2397
2023-03-16 10:23:20,20,22,1577,2397
2023-03-16 10:23:20,20,21,1577,2397
2023-03-16 10:23:36,20,22,1727,2547
2023-03-16 10:23:39,20,21,1727,2547
2023-03-16 10:23:53,20,22,1727,2547
2023-03-16 10:23:54,20,21,1727,2547
2023-03-16 10:24:04,20,22,1727,2547
2023-03-16 10:24:04,20,21,1727,2547
2023-03-16 10:24:16,19,21,1727,2547
2023-03-16 10:24:16,19,22,1727,2547
2023-03-16 10:24:17,19,21,1727,2547
2023-03-16 10:24:18,20,21,1727,2547
2023-03-16 10:24:36,20,22,1727,2547
2023-03-16 10:24:36,20,21,1727,2547
2023-03-16 10:24:39,20,22,1727,2547
2023-03-16 10:24:39,20,21,1727,2547
2023-03-16 10:24:55,20,22,1727,2547
2023-03-16 10:24:55,20,21,1727,2547
2023-03-16 10:25:12,20,22,1727,2547
2023-03-16 10:25:12,20,21,1727,2547
2023-03-16 10:25:15,20,22,1727,2547
2023-03-16 10:25:15,19,20,1734,2554
2023-03-16 10:25:21,19,22,1734,2554
2023-03-16 10:25:21,19,21,1734,2554
2023-03-16 10:25:49,19,20,1734,2554
2023-03-16 10:25:51,19,21,1734,2554
2023-03-16 10:25:51,19,20,1734,2554
2023-03-16 10:26:02,19,22,1727,2621
2023-03-16 10:26:15,19,21,1727,2621
2023-03-16 10:26:20,19,20,1727,2621
2023-03-16 10:26:23,19,21,1727,2621
2023-03-16 10:26:23,19,20,1727,2621
2023-03-16 10:26:44,19,21,1727,2621
2023-03-16 10:26:44,19,20,1727,2621
2023-03-16 10:26:47,19,20,1734,2628
2023-03-16 10:26:49,19,22,1734,2628
2023-03-16 10:26:49,19,20,1734,2628
2023-03-16 10:27:01,19,22,1734,2628
2023-03-16 10:27:01,19,21,1734,2628
2023-03-16 10:27:14,19,20,1734,2628
2023-03-16 10:28:24,19,21,1734,2628
2023-03-16 10:28:24,19,20,1734,2628
2023-03-16 10:28:39,19,21,1734,2628
2023-03-16 10:28:40,19,20,1734,2628
2023-03-16 10:29:13,19,20,1764,2658
2023-03-16 10:29:16,19,21,1764,2658
2023-03-16 10:29:16,19,20,1764,2658
2023-03-16 10:29:48,19,21,1764,2658
2023-03-16 10:29:49,19,20,1764,2658
2023-03-16 10:31:03,19,21,1764,2658
2023-03-16 10:31:28,19,20,1764,2658
2023-03-16 10:31:42,18,19,1850,2744
2023-03-16 10:31:47,17,19,1850,2744
2023-03-16 10:32:02,18,19,1850,2744
2023-03-16 10:32:17,17,19,1850,2744
2023-03-16 10:32:34,18,19,1850,2744
2023-03-16 10:32:49,18,20,1850,2744
2023-03-16 10:33:07,18,21,1850,2744
2023-03-16 10:33:07,18,19,1850,2744
2023-03-16 10:33:23,18,20,1850,2744
2023-03-16 10:33:23,18,19,1850,2744
2023-03-16 10:33:35,19,20,1850,2759
2023-03-16 10:33:41,18,20,1850,2759
2023-03-16 10:33:55,19,20,1850,2759
2023-03-16 10:34:12,18,20,1850,2759
2023-03-16 10:34:29,18,21,1850,2759
2023-03-16 10:34:29,19,21,1850,2759
2023-03-16 10:34:32,19,20,1850,2759
2023-03-16 10:35:22,19,21,1850,2759
2023-03-16 10:35:35,19,20,1850,2759
2023-03-16 10:35:35,19,21,1850,2759
2023-03-16 10:35:36,19,20,1850,2759
2023-03-16 10:35:52,19,21,1850,2759
2023-03-16 10:35:52,19,20,1850,2759
2023-03-16 10:36:09,19,20,1850,2766
2023-03-16 10:36:09,19,20,1850,2781
2023-03-16 10:36:10,18,19,1850,2789
2023-03-16 10:36:23,17,19,1850,2789
2023-03-16 10:36:44,18,19,1850,2789
2023-03-16 10:36:48,17,19,1850,2789
2023-03-16 10:36:53,18,19,1850,2789
2023-03-16 10:37:17,19,20,1850,2811
2023-03-16 10:37:27,18,20,1850,2811
2023-03-16 10:37:33,18,19,1850,2811
2023-03-16 10:37:47,18,20,1850,2811
2023-03-16 10:38:11,18,19,1850,2811
2023-03-16 10:38:25,19,20,1850,2826
2023-03-16 10:38:36,18,20,1850,2826
2023-03-16 10:38:52,18,19,1850,2826
2023-03-16 10:39:03,17,19,1850,2826
2023-03-16 10:39:07,17,20,1850,2826
2023-03-16 10:39:07,17,19,1850,2826
2023-03-16 10:40:01,17,20,1850,2826
2023-03-16 10:40:01,17,19,1850,2826
2023-03-16 10:40:48,17,18,1850,2826
2023-03-16 10:40:49,17,18,1850,2833
2023-03-16 10:41:08,17,18,1865,2848
2023-03-16 10:41:19,17,18,1895,2878
2023-03-16 10:41:40,17,18,1940,2923
2023-03-16 10:41:45,16,18,1943,2926
2023-03-16 10:41:45,16,17,1943,2926
2023-03-16 10:41:46,15,17,1950,2933
2023-03-16 10:41:46,15,18,1950,2933
2023-03-16 10:41:46,15,17,1950,2933
2023-03-16 10:41:47,15,16,1950,2933
2023-03-16 10:41:47,14,15,1890,3262
2023-03-16 10:41:47,14,15,1890,3352
2023-03-16 10:41:54,13,15,1890,3352
2023-03-16 10:41:55,12,13,1897,3359
2023-03-16 10:41:59,13,14,1897,3427
2023-03-16 10:42:04,12,14,1897,3427
2023-03-16 10:42:05,12,13,1897,3427
2023-03-16 10:42:06,13,14,1897,3517
2023-03-16 10:42:09,13,14,1890,3524
2023-03-16 10:42:12,11,14,1890,3524
2023-03-16 10:42:27,12,14,1890,3524
2023-03-16 10:42:30,13,14,1890,3524
2023-03-16 10:42:32,14,15,1883,3681
2023-03-16 10:42:43,13,15,1883,3681
2023-03-16 10:42:45,14,15,1883,3681
2023-03-16 10:43:17,14,15,1883,3688
2023-03-16 10:43:21,14,15,1753,3888
2023-03-16 10:43:39,14,15,1910,4088
2023-03-16 10:43:49,14,15,1917,4095
2023-03-16 10:44:11,13,15,1917,4095
2023-03-16 10:44:17,13,14,1917,4095
2023-03-16 10:44:21,12,14,1917,4095
2023-03-16 10:44:21,12,13,1917,4095
2023-03-16 10:44:32,12,14,1910,4102
2023-03-16 10:44:37,12,13,1910,4102
2023-03-16 10:44:38,13,14,1910,4109
2023-03-16 10:44:39,13,15,1910,4109
2023-03-16 10:44:39,13,14,1910,4109
2023-03-16 10:44:46,12,14,1910,4109
2023-03-16 10:44:46,12,15,1910,4109
2023-03-16 10:44:54,14,15,1910,4109
2023-03-16 10:45:11,13,15,1910,4109
2023-03-16 10:45:11,14,15,1910,4109
2023-03-16 10:45:27,13,15,1910,4109
2023-03-16 10:45:28,13,14,1910,4109
2023-03-16 10:45:29,13,14,1917,4116
2023-03-16 10:45:32,12,14,1917,4116
2023-03-16 10:45:37,12,15,1917,4116
2023-03-16 10:45:37,13,15,1917,4116
2023-03-16 10:45:41,12,13,1917,4251
2023-03-16 10:46:16,12,13,1917,4281
2023-03-16 10:47:13,11,13,1917,4281
2023-03-16 10:47:13,11,13,1984,4348
2023-03-16 10:47:16,10,11,2174,4696
2023-03-16 10:47:19,9,11,2174,4696
2023-03-16 10:47:38,9,10,2174,4696
2023-03-16 10:47:43,10,11,2174,4703
2023-03-16 10:48:38,10,11,2174,4763
2023-03-16 10:48:39,9,11,2174,4763
2023-03-16 10:48:50,9,10,2174,4763
2023-03-16 10:49:12,9,10,2254,4843
2023-03-16 10:49:24,9,10,2269,4858
2023-03-16 10:49:24,9,10,2284,4873
2023-03-16 10:49:25,9,10,2299,4888
2023-03-16 10:49:34,9,10,2299,4895
2023-03-16 10:49:36,9,12,2299,4895
2023-03-16 10:49:36,9,11,2299,4895
2023-03-16 10:49:36,9,12,2299,4895
2023-03-16 10:49:40,9,10,2299,4895
2023-03-16 10:49:45,9,10,2449,5045
2023-03-16 10:49:45,9,12,2449,5045
2023-03-16 10:49:45,9,12,2473,5069
2023-03-16 10:49:50,9,10,2473,5069
2023-03-16 10:49:54,9,12,2473,5076
2023-03-16 10:50:06,10,13,2473,5076
2023-03-16 10:50:06,10,13,2473,5083
2023-03-16 10:50:07,10,13,2473,5108
2023-03-16 10:50:08,9,10,2364,5217
2023-03-16 10:50:10,8,10,2389,5242
2023-03-16 10:50:14,8,13,2389,5242
2023-03-16 10:50:21,5,13,2389,5242
2023-03-16 10:50:23,8,13,2389,5242
2023-03-16 10:50:23,8,10,2389,5242
2023-03-16 10:50:41,9,13,2389,5242
2023-03-16 10:50:41,9,11,2389,5242
2023-03-16 10:50:58,9,13,2389,5242
2023-03-16 10:50:58,9,11,2389,5242
2023-03-16 10:51:14,9,13,2389,5242
2023-03-16 10:51:14,9,12,2389,5242
2023-03-16 10:51:15,9,11,2389,5242
2023-03-16 10:51:31,10,12,2389,5242
2023-03-16 10:51:32,9,10,2382,5249
2023-03-16 10:51:46,9,12,2382,5249
2023-03-16 10:51:47,9,11,2382,5249
2023-03-16 10:52:03,9,12,2382,5249
2023-03-16 10:52:03,9,10,2382,5249
2023-03-16 10:52:18,9,12,2382,5249
2023-03-16 10:52:18,9,10,2382,5249
2023-03-16 10:52:22,8,9,2409,5381
2023-03-16 10:52:34,8,11,2409,5381
2023-03-16 10:52:35,8,10,2409,5381
2023-03-16 10:52:46,7,8,2409,5388
2023-03-16 10:52:51,7,9,2409,5388
2023-03-16 10:53:07,7,11,2409,5388
2023-03-16 10:53:07,7,8,2409,5388
2023-03-16 10:53:25,7,11,2409,5388
2023-03-16 10:53:25,7,8,2409,5388
2023-03-16 10:53:41,7,10,2409,5388
2023-03-16 10:53:42,7,11,2409,5388
2023-03-16 10:53:43,7,10,2409,5388
2023-03-16 10:53:43,7,8,2409,5388
2023-03-16 10:53:59,7,11,2409,5388
2023-03-16 10:53:59,7,8,2409,5388
2023-03-16 10:54:07,6,8,2409,5388
2023-03-16 10:54:15,6,7,2409,5388
2023-03-16 10:54:31,6,8,2409,5388
2023-03-16 10:54:31,6,7,2409,5388
2023-03-16 10:54:47,6,9,2409,5388
2023-03-16 10:54:48,6,7,2409,5388
2023-03-16 10:55:03,6,9,2409,5388
2023-03-16 10:55:03,6,7,2409,5388
2023-03-16 10:55:19,6,9,2409,5388
2023-03-16 10:55:19,6,7,2409,5388
2023-03-16 10:55:31,5,6,2535,5514
2023-03-16 10:55:35,4,5,2535,5514
2023-03-16 10:55:37,4,6,2535,5514
2023-03-16 10:56:01,4,6,2542,5566
2023-03-16 10:56:03,3,6,2542,5566
2023-03-16 10:56:04,4,6,2542,5566
2023-03-16 10:56:06,4,6,2542,5656
2023-03-16 10:56:09,3,6,2542,5656
2023-03-16 10:56:09,3,7,2542,5656
2023-03-16 10:56:09,4,7,2542,5656
2023-03-16 10:56:09,4,6,2542,5656
2023-03-16 10:56:10,4,5,2542,5656
2023-03-16 10:56:20,5,6,2535,5663
2023-03-16 10:56:23,5,6,2535,5664
2023-03-16 10:56:25,4,6,2535,5664
2023-03-16 10:56:25,4,5,2535,5664
2023-03-16 10:56:26,5,6,2651,5856
2023-03-16 10:56:26,5,7,2651,5856
2023-03-16 10:56:26,5,6,2651,5856
2023-03-16 10:56:53,5,7,2651,5856
2023-03-16 10:57:27,5,6,2651,5856
2023-03-16 10:57:36,4,6,2658,5893
2023-03-16 10:57:43,4,7,2658,5893
2023-03-16 10:57:43,4,6,2658,5893
2023-03-16 10:58:35,4,7,2658,5893
2023-03-16 10:58:35,4,6,2658,5893
2023-03-16 11:00:14,4,7,2658,5893
2023-03-16 11:00:15,4,6,2658,5893
2023-03-16 11:00:16,4,5,2658,5893
2023-03-16 11:00:31,4,6,2658,5893
2023-03-16 11:00:32,4,5,2658,5893
2023-03-16 11:00:48,4,6,2658,5893
2023-03-16 11:00:48,4,5,2658,5893
2023-03-16 11:01:04,4,6,2658,5893
2023-03-16 11:01:04,4,5,2658,5893
2023-03-16 11:01:20,4,6,2658,5893
2023-03-16 11:01:56,5,6,2658,5893
2023-03-16 11:02:00,5,7,2658,5893
2023-03-16 11:02:01,5,6,2658,5893
2023-03-16 11:02:43,5,7,2658,5893
2023-03-16 11:02:43,5,6,2658,5893
2023-03-16 11:03:14,5,7,2658,5893
2023-03-16 11:03:14,5,6,2658,5893
2023-03-16 11:03:22,5,7,2658,5893
2023-03-16 11:03:26,5,6,2658,5893
2023-03-16 11:03:30,5,7,2658,5893
2023-03-16 11:03:34,5,6,2658,5893
2023-03-16 11:03:45,5,7,2658,5893
2023-03-16 11:04:03,5,6,2658,5893
2023-03-16 11:04:19,5,7,2658,5893
2023-03-16 11:04:20,5,6,2658,5893
2023-03-16 11:04:36,5,7,2658,5893
2023-03-16 11:04:36,5,8,2658,5893
2023-03-16 11:04:36,5,7,2658,5893
2023-03-16 11:04:36,5,6,2658,5893
2023-03-16 11:05:13,5,7,2658,5893
2023-03-16 11:05:13,5,6,2658,5893
2023-03-16 11:05:30,5,7,2658,5893
2023-03-16 11:05:30,5,6,2658,5893
2023-03-16 11:05:35,5,7,2658,5893
2023-03-16 11:05:35,5,6,2658,5893
2023-03-16 11:05:38,5,7,2658,5893
2023-03-16 11:05:38,5,6,2658,5893
2023-03-16 11:05:49,5,7,2658,5893
2023-03-16 11:05:49,5,6,2658,5893
2023-03-16 11:06:39,5,6,2708,5943
2023-03-16 11:06:39,4,6,2708,5943
2023-03-16 11:07:02,4,5,2708,5943
2023-03-16 11:07:06,4,6,2708,5943
2023-03-16 11:07:07,4,5,2708,5943
2023-03-16 11:07:17,3,5,2708,5943
2023-03-16 11:08:02,4,5,2708,5943
2023-03-16 11:08:09,4,5,2708,5967
2023-03-16 11:08:14,3,4,2708,5968
2023-03-16 11:08:28,3,5,2708,5968
2023-03-16 11:08:30,3,5,2709,5975
2023-03-16 11:09:01,3,4,2709,5975
2023-03-16 11:09:18,3,5,2709,5975
2023-03-16 11:10:41,3,4,2709,5975
2023-03-16 11:10:57,3,5,2709,5975
2023-03-16 11:11:13,3,4,2709,5975
2023-03-16 11:11:29,3,5,2709,5975
2023-03-16 11:11:29,3,4,2709,5975
2023-03-16 11:11:45,3,5,2709,5975
2023-03-16 11:11:45,3,4,2709,5975
2023-03-16 11:12:01,3,5,2709,5975
2023-03-16 11:12:01,3,4,2709,5975
2023-03-16 11:12:17,3,5,2709,5975
2023-03-16 11:12:17,3,4,2709,5975
2023-03-16 11:12:32,3,5,2709,5975
2023-03-16 11:12:36,3,4,2709,5975
2023-03-16 11:12:53,3,5,2709,5975
2023-03-16 11:13:41,3,6,2709,5975
2023-03-16 11:13:41,3,5,2709,5975
2023-03-16 11:13:57,3,6,2709,5975
2023-03-16 11:13:57,3,5,2709,5975
2023-03-16 11:14:13,3,6,2709,5975
2023-03-16 11:14:13,3,5,2709,5975
2023-03-16 11:15:37,3,4,2709,5975
2023-03-16 11:15:53,3,5,2709,5975
2023-03-16 11:15:53,3,4,2709,5975
2023-03-16 11:16:07,3,5,2709,5975
2023-03-16 11:16:09,3,4,2709,5975
2023-03-16 11:16:25,3,5,2709,5975
2023-03-16 11:16:25,3,4,2709,5975
2023-03-16 11:16:41,3,5,2709,5975
2023-03-16 11:16:41,3,4,2709,5975
2023-03-16 11:16:57,3,5,2709,5975
2023-03-16 11:16:57,3,4,2709,5975
2023-03-16 11:17:13,3,5,2709,5975
2023-03-16 11:17:13,3,4,2709,5975
2023-03-16 11:17:29,3,5,2709,5975
2023-03-16 11:17:29,3,4,2709,5975
2023-03-16 11:17:45,3,5,2709,5975
2023-03-16 11:17:45,3,4,2709,5975
2023-03-16 11:18:01,3,5,2709,5975
2023-03-16 11:18:01,3,4,2709,5975
2023-03-16 11:18:53,3,5,2709,5975
2023-03-16 11:18:53,3,4,2709,5975
2023-03-16 11:19:09,3,5,2709,5975
2023-03-16 11:19:09,3,4,2709,5975
2023-03-16 11:19:25,3,5,2709,5975
2023-03-16 11:19:25,3,4,2709,5975
2023-03-16 11:19:41,3,5,2709,5975
2023-03-16 11:19:41,3,4,2709,5975
2023-03-16 11:19:56,3,5,2709,5975
2023-03-16 11:19:57,3,4,2709,5975
2023-03-16 11:20:13,3,5,2709,5975
2023-03-16 11:20:13,3,4,2709,5975
2023-03-16 11:20:29,3,5,2709,5975
2023-03-16 11:20:29,3,5,2716,5982
2023-03-16 11:20:32,3,4,2716,5982
2023-03-16 11:21:05,3,5,2716,5982
2023-03-16 11:21:48,5,6,2723,6129
2023-03-16 11:21:52,5,6,2730,6136
2023-03-16 11:22:07,5,6,2737,6143
2023-03-16 11:22:07,5,6,2744,6150
2023-03-16 11:22:07,5,6,2751,6157
2023-03-16 11:22:11,5,6,2875,6281
2023-03-16 11:23:41,5,6,2879,6285
2023-03-16 11:23:41,5,6,2886,6292
2023-03-16 11:23:42,5,6,2890,6296
2023-03-16 11:24:10,5,6,2890,6321
2023-03-16 11:24:34,5,6,2897,6328
2023-03-16 11:24:51,5,6,2904,6335
2023-03-16 11:25:07,5,6,2911,6342
2023-03-16 11:25:21,5,6,2911,6403
2023-03-16 11:25:28,5,6,2918,6410
2023-03-16 11:25:28,5,6,2925,6417
2023-03-16 11:25:28,5,6,2982,6474
2023-03-16 11:26:07,5,6,3063,6563
2023-03-16 11:26:10,5,6,3110,6610
2023-03-16 11:26:10,5,6,3157,6657
2023-03-16 11:26:10,5,6,3170,6670
2023-03-16 11:26:15,5,6,3177,6677
2023-03-16 11:26:18,5,6,3213,6713
2023-03-16 11:26:19,5,6,3249,6749
2023-03-16 11:26:26,5,6,3279,6779
2023-03-16 11:26:42,4,6,3482,6982
2023-03-16 11:26:45,3,6,3482,6982
2023-03-16 11:26:47,4,6,3482,6982
2023-03-16 11:27:09,3,6,3482,6989
2023-03-16 11:27:19,4,6,3482,6989
2023-03-16 11:27:36,3,6,3482,6989
2023-03-16 11:27:36,3,5,3482,6989
2023-03-16 11:27:51,3,6,3482,6989
2023-03-16 11:27:51,3,5,3482,6989
2023-03-16 11:28:08,3,6,3482,6989
2023-03-16 11:28:08,3,5,3482,6989
2023-03-16 11:28:23,3,6,3482,6989
2023-03-16 11:28:24,3,5,3482,6989
2023-03-16 11:28:39,3,6,3482,6989
2023-03-16 11:28:40,3,5,3482,6989
2023-03-16 11:28:58,3,6,3482,6989
2023-03-16 11:28:58,3,5,3482,6989
2023-03-16 11:29:15,3,6,3482,6989
2023-03-16 11:29:15,3,5,3482,6989
2023-03-16 11:29:31,3,6,3482,6989
2023-03-16 11:29:31,3,5,3482,6989
2023-03-16 11:29:47,3,6,3482,6989
2023-03-16 11:29:47,3,5,3482,6989
2023-03-16 11:30:02,3,4,3482,6989
2023-03-16 11:31:41,2,4,3752,7375
2023-03-16 11:31:41,3,4,3752,7375
2023-03-16 11:32:11,3,5,3752,7375
2023-03-16 11:34:42,4,5,3752,7375
2023-03-16 11:35:30,3,5,3752,7375
2023-03-16 11:36:35,3,4,3752,7375
2023-03-16 11:40:57,2,4,3752,7375
2023-03-16 11:40:57,3,4,3752,7375
2023-03-16 11:42:41,2,4,3752,7382
2023-03-16 11:42:41,2,3,3752,7382
2023-03-16 11:42:50,2,4,3752,7382
2023-03-16 11:42:50,2,4,3752,7389
2023-03-16 11:42:52,3,4,3752,7389
2023-03-16 11:43:09,2,4,3752,7389
2023-03-16 11:43:28,2,3,3752,7389
2023-03-16 11:44:59,1,3,3752,7389
2023-03-16 11:45:00,2,3,3752,7389
2023-03-16 11:45:59,2,4,3752,7389
2023-03-16 11:48:59,2,4,3749,7392
2023-03-16 11:49:07,1,4,3749,7392
2023-03-16 11:49:08,1,3,3749,7392
2023-03-16 11:49:23,1,4,3749,7392
2023-03-16 11:49:24,1,3,3749,7392
2023-03-16 11:58:09,1,2,3749,7392
2023-03-16 11:58:11,1,3,3749,7392
2023-03-16 11:58:11,1,3,3756,7399
2023-03-16 11:58:12,1,2,3756,7399
2023-03-16 11:58:12,1,3,3756,7399
2023-03-16 11:58:12,1,2,3756,7399
2023-03-16 11:58:12,1,3,3756,7399
2023-03-16 11:58:30,1,3,3789,7432
2023-03-16 11:58:36,1,3,3796,7439
2023-03-16 11:59:49,0,3,3796,7446
2023-03-16 11:59:49,0,2,3796,7446
2023-03-16 11:59:49,0,3,3796,7446
2023-03-16 12:00:51,0,2,3796,7446
2023-03-16 12:00:53,0,3,3796,7446
2023-03-16 12:01:06,0,2,3796,7446
2023-03-16 12:01:11,0,3,3796,7446
2023-03-16 12:05:39,0,4,3926,7576
2023-03-16 12:05:40,1,4,3926,7576
2023-03-16 12:05:46,1,3,3926,7576
2023-03-16 12:06:01,1,4,3926,7576
2023-03-16 12:06:02,1,3,3926,7576
2023-03-16 12:06:34,1,99,3926,7576
2023-03-16 12:06:34,1,3,3926,7576
2023-03-16 12:06:48,1,99,3926,7576
2023-03-16 12:06:50,1,3,3926,7576
2023-03-16 12:07:03,1,99,3926,7576
2023-03-16 12:07:09,1,3,3926,7576
2023-03-16 12:07:22,1,99,3926,7576
2023-03-16 12:07:25,1,3,3926,7576
2023-03-16 12:07:39,1,99,3926,7576
2023-03-16 12:07:41,1,3,3926,7576
2023-03-16 12:07:55,1,99,3926,7576
2023-03-16 12:07:57,1,3,3926,7576
2023-03-16 12:08:11,1,99,3926,7576
2023-03-16 12:08:13,1,3,3926,7576
2023-03-16 12:08:27,1,99,3926,7576
2023-03-16 12:08:29,1,3,3926,7576
2023-03-16 12:08:43,1,99,3926,7576
2023-03-16 12:08:45,1,3,3926,7576
2023-03-16 12:08:59,1,99,3926,7576
2023-03-16 12:09:01,1,3,3926,7576
2023-03-16 12:09:11,2,3,3926,7576
2023-03-16 12:09:20,2,3,3926,7583
2023-03-16 12:09:33,2,4,3926,7583
2023-03-16 12:09:33,2,3,3926,7583
2023-03-16 12:09:51,2,4,3926,7583
2023-03-16 12:09:51,2,3,3926,7583
2023-03-16 12:10:08,2,4,3926,7583
2023-03-16 12:10:08,2,3,3926,7583
2023-03-16 12:10:23,2,4,3926,7584
2023-03-16 12:10:24,2,3,3926,7584
2023-03-16 12:10:40,2,4,3926,7584
2023-03-16 12:10:40,2,3,3926,7584
2023-03-16 12:10:56,2,4,3926,7584
2023-03-16 12:10:56,2,3,3926,7584
2023-03-16 12:11:12,2,4,3926,7584
2023-03-16 12:11:12,2,3,3926,7584
2023-03-16 12:11:28,2,4,3926,7584
2023-03-16 12:11:28,2,3,3926,7584
2023-03-16 12:11:44,2,3,3926,7591
2023-03-16 12:11:44,2,4,3926,7591
2023-03-16 12:11:44,2,3,3926,7591
2023-03-16 12:11:51,2,3,3926,7672
2023-03-16 12:11:57,1,3,3926,7672
2023-03-16 12:12:00,1,4,3926,7672
2023-03-16 12:12:00,1,3,3926,7672
2023-03-16 12:12:16,1,4,3926,7672
2023-03-16 12:12:16,1,3,3926,7672
2023-03-16 12:12:34,1,4,3926,7672
2023-03-16 12:12:34,1,3,3926,7672
2023-03-16 12:12:37,2,3,3926,7672
2023-03-16 12:12:37,2,3,3926,7679
2023-03-16 12:12:38,2,3,3926,7686
2023-03-16 12:12:50,2,4,3926,7686
2023-03-16 12:12:51,2,3,3926,7686
2023-03-16 12:13:07,2,4,3926,7686
2023-03-16 12:13:07,2,3,3926,7686
2023-03-16 12:13:22,2,4,3926,7687
2023-03-16 12:13:23,2,3,3926,7687
2023-03-16 12:13:34,2,3,3926,7694
2023-03-16 12:13:38,2,3,3926,7701
2023-03-16 12:13:38,2,4,3926,7701
2023-03-16 12:13:39,2,3,3926,7701
2023-03-16 12:13:54,2,4,3926,7701
2023-03-16 12:13:55,2,3,3926,7701
2023-03-16 12:14:11,2,4,3926,7701
2023-03-16 12:14:11,2,3,3926,7701
2023-03-16 12:14:26,2,4,3926,7701
2023-03-16 12:14:27,2,3,3926,7701
2023-03-16 12:14:42,2,4,3926,7701
2023-03-16 12:14:43,2,3,3926,7701
2023-03-16 12:14:57,2,4,3926,7701
2023-03-16 12:14:59,2,3,3926,7701
2023-03-16 12:15:23,2,3,3926,7708
2023-03-16 12:15:23,2,3,3926,7715
2023-03-16 12:15:38,1,3,3926,7715
2023-03-16 12:15:39,1,3,3926,7722
2023-03-16 12:15:50,1,4,3926,7722
2023-03-16 12:15:50,1,3,3926,7722
2023-03-16 12:16:38,1,3,3926,7729
2023-03-16 12:16:38,1,3,3926,7736
2023-03-16 12:16:54,1,4,3926,7736
2023-03-16 12:16:54,1,3,3926,7736
2023-03-16 12:17:41,1,3,3926,7743
2023-03-16 12:17:41,1,4,3926,7743
2023-03-16 12:17:41,1,3,3926,7743
2023-03-16 12:17:52,1,2,3926,7743
2023-03-16 12:17:52,1,2,3926,7750
2023-03-16 12:17:52,1,3,3926,7750
2023-03-16 12:18:00,1,4,3926,7750
2023-03-16 12:18:01,1,3,3926,7757
2023-03-16 12:18:17,1,4,3926,7757
2023-03-16 12:18:17,1,3,3926,7757
2023-03-16 12:18:33,1,4,3926,7757
2023-03-16 12:18:33,1,3,3926,7757
2023-03-16 12:19:05,1,4,3926,7757
2023-03-16 12:19:05,1,3,3926,7757
2023-03-16 12:19:53,1,4,3926,7757
2023-03-16 12:19:53,1,3,3926,7757
2023-03-16 12:20:09,1,4,3926,7757
2023-03-16 12:20:09,1,3,3926,7757
2023-03-16 12:20:58,1,3,3926,7764
2023-03-16 12:20:58,1,4,3926,7764
2023-03-16 12:21:00,1,3,3926,7764
2023-03-16 12:21:30,1,4,3926,7764
2023-03-16 12:21:32,1,3,3926,7764
2023-03-16 12:21:48,1,4,3926,7764
2023-03-16 12:21:48,1,3,3926,7764
2023-03-16 12:22:04,1,4,3926,7764
2023-03-16 12:22:04,1,3,3926,7764
2023-03-16 12:22:20,1,4,3926,7764
2023-03-16 12:22:20,1,3,3926,7764
2023-03-16 12:22:36,1,4,3926,7764
2023-03-16 12:22:36,1,3,3926,7764
2023-03-16 12:22:52,1,4,3926,7764
2023-03-16 12:22:52,1,3,3926,7764
2023-03-16 12:23:08,1,4,3926,7764
2023-03-16 12:23:08,1,3,3926,7764
2023-03-16 12:23:26,1,4,3926,7764
2023-03-16 12:23:26,1,3,3926,7764
2023-03-16 12:23:42,1,4,3926,7764
2023-03-16 12:23:43,1,3,3926,7764
2023-03-16 12:23:58,1,4,3926,7764
2023-03-16 12:23:59,1,3,3926,7764
2023-03-16 12:24:15,1,4,3926,7764
2023-03-16 12:24:15,1,3,3926,7764
2023-03-16 12:24:30,1,4,3926,7764
2023-03-16 12:24:31,1,3,3926,7764
2023-03-16 12:24:47,1,4,3926,7764
2023-03-16 12:24:48,1,3,3926,7764
2023-03-16 12:25:02,1,4,3926,7764
2023-03-16 12:25:03,1,3,3926,7764
2023-03-16 12:25:19,1,4,3926,7764
2023-03-16 12:25:19,1,3,3926,7764
2023-03-16 12:25:34,1,4,3926,7764
2023-03-16 12:25:35,1,3,3926,7764
2023-03-16 12:25:50,1,4,3926,7764
2023-03-16 12:25:51,1,3,3926,7764
2023-03-16 12:26:09,1,4,3926,7764
2023-03-16 12:26:09,1,3,3926,7764
2023-03-16 12:35:09,1,2,3926,7764
2023-03-16 12:35:19,1,3,3926,7764
2023-03-16 12:39:42,0,2,3926,7764
2023-03-16 12:39:43,0,3,3926,7764
2023-03-16 12:39:44,1,3,3926,7764
2023-03-16 12:50:02,1,2,3926,7764
2023-03-16 12:50:02,1,3,3926,7764
2023-03-16 12:50:08,1,2,3926,7764
2023-03-16 12:50:10,1,3,3926,7764
2023-03-16 12:50:39,1,2,3926,7764
2023-03-16 12:50:41,1,3,3926,7764
2023-03-16 12:50:50,0,2,3926,7764
2023-03-16 12:50:50,0,3,3926,7764
2023-03-16 12:50:52,1,3,3926,7764
2023-03-16 12:51:03,1,2,3926,7764
2023-03-16 12:51:07,0,3,3926,7764
2023-03-16 12:51:08,1,3,3926,7764
2023-03-16 12:51:25,0,3,3926,7771
2023-03-16 12:51:25,0,2,3926,7771
2023-03-16 12:51:25,0,3,3926,7771
2023-03-16 12:51:25,0,2,3926,7771
2023-03-16 12:51:28,0,3,3926,7771
2023-03-16 12:56:15,0,99,3926,7771
2023-03-16 12:56:17,0,3,3926,7771
2023-03-16 12:56:30,0,99,3926,7771
2023-03-16 12:56:32,0,3,3926,7771
2023-03-16 12:56:46,0,99,3926,7771
2023-03-16 12:56:49,0,3,3926,7771
2023-03-16 12:57:02,0,99,3926,7771
2023-03-16 12:57:05,0,3,3926,7771
2023-03-16 12:57:19,0,99,3926,7771
2023-03-16 12:57:21,0,3,3926,7771
2023-03-16 12:57:35,0,99,3926,7771
2023-03-16 12:57:37,0,3,3926,7771
2023-03-16 12:57:51,0,99,3926,7771
2023-03-16 12:57:53,0,3,3926,7771
2023-03-16 12:58:07,0,99,3926,7771
2023-03-16 12:58:09,0,3,3926,7771
2023-03-16 12:58:23,0,99,3926,7771
2023-03-16 12:58:25,0,3,3926,7771
2023-03-16 12:58:39,0,99,3926,7771
2023-03-16 12:58:43,0,3,3926,7771
2023-03-16 12:58:57,0,99,3926,7771
2023-03-16 12:58:59,0,3,3926,7771
2023-03-16 12:59:13,0,99,3926,7771
2023-03-16 12:59:15,0,3,3926,7771
2023-03-16 12:59:29,0,99,3926,7771
2023-03-16 12:59:31,0,3,3926,7771
2023-03-16 12:59:45,0,99,3926,7771
2023-03-16 12:59:47,0,3,3926,7771
2023-03-16 13:00:01,0,99,3926,7771
2023-03-16 13:00:03,0,3,3926,7771
2023-03-16 13:00:17,0,99,3926,7771
2023-03-16 13:00:19,0,3,3926,7771
2023-03-16 13:00:33,0,99,3926,7771
2023-03-16 13:00:35,0,3,3926,7771
2023-03-16 13:00:49,0,99,3926,7771
2023-03-16 13:00:51,0,3,3926,7771
2023-03-16 13:01:05,0,99,3926,7771
2023-03-16 13:01:07,0,3,3926,7771
2023-03-16 13:01:21,0,99,3926,7771
2023-03-16 13:01:26,0,3,3926,7771
2023-03-16 13:01:40,0,99,3926,7771
2023-03-16 13:01:42,0,3,3926,7771
2023-03-16 13:01:56,0,99,3926,7771
2023-03-16 13:01:58,0,3,3926,7771
2023-03-16 13:02:12,0,99,3926,7771
2023-03-16 13:02:14,0,3,3926,7771
2023-03-16 13:02:28,0,99,3926,7771
2023-03-16 13:02:30,0,3,3926,7771
2023-03-16 13:02:44,0,99,3926,7771
2023-03-16 13:02:46,0,3,3926,7771
2023-03-16 13:03:00,0,99,3926,7771
2023-03-16 13:03:02,0,3,3926,7771
2023-03-16 13:03:16,0,99,3926,7771
2023-03-16 13:03:18,0,3,3926,7771
2023-03-16 13:03:32,0,99,3926,7771
2023-03-16 13:03:34,0,3,3926,7771
2023-03-16 13:03:48,0,99,3926,7771
2023-03-16 13:03:50,0,3,3926,7771
2023-03-16 13:04:04,0,99,3926,7771
2023-03-16 13:04:09,0,3,3926,7771
2023-03-16 13:04:23,0,99,3926,7771
2023-03-16 13:04:25,0,3,3926,7771
2023-03-16 13:04:39,0,99,3926,7771
2023-03-16 13:05:30,0,3,3926,7771
2023-03-16 13:05:44,0,99,3926,7771
2023-03-16 13:05:45,0,3,3926,7771
2023-03-16 13:05:59,0,99,3926,7771
2023-03-16 13:06:02,0,3,3926,7771
2023-03-16 13:06:15,0,99,3926,7771
2023-03-16 13:06:18,0,3,3926,7771
2023-03-16 13:06:31,0,99,3926,7771
2023-03-16 13:06:33,0,3,3926,7771
2023-03-16 13:06:47,0,99,3926,7771
2023-03-16 13:07:08,0,3,3926,7771
2023-03-16 13:07:22,0,99,3926,7771
2023-03-16 13:07:24,0,3,3926,7771
2023-03-16 13:07:38,0,99,3926,7771
2023-03-16 13:07:40,0,3,3926,7771
2023-03-16 13:07:54,0,99,3926,7771
2023-03-16 13:07:56,0,3,3926,7771
2023-03-16 13:08:10,0,99,3926,7771
2023-03-16 13:08:12,0,3,3926,7771
2023-03-16 13:08:26,0,99,3926,7771
2023-03-16 13:08:28,0,3,3926,7771
2023-03-16 13:08:42,0,99,3926,7771
2023-03-16 13:08:44,0,3,3926,7771
2023-03-16 13:08:58,0,99,3926,7771
2023-03-16 13:09:00,0,3,3926,7771
2023-03-16 13:09:14,0,99,3926,7771
2023-03-16 13:09:16,0,3,3926,7771
2023-03-16 13:09:30,0,99,3926,7771
2023-03-16 13:09:34,0,3,3926,7771
2023-03-16 13:09:48,0,99,3926,7771
2023-03-16 13:09:51,0,3,3926,7771
2023-03-16 13:10:04,0,99,3926,7771
2023-03-16 13:10:07,0,3,3926,7771
2023-03-16 13:10:21,0,99,3926,7771
2023-03-16 13:10:23,0,3,3926,7771
2023-03-16 13:10:37,0,99,3926,7771
2023-03-16 13:10:39,0,3,3926,7771
2023-03-16 13:10:52,0,99,3926,7771
2023-03-16 13:10:55,0,3,3926,7771
2023-03-16 13:11:09,0,99,3926,7771
2023-03-16 13:11:11,0,3,3926,7771
2023-03-16 13:11:24,0,99,3926,7771
2023-03-16 13:11:27,0,3,3926,7771
2023-03-16 13:11:40,0,99,3926,7771
2023-03-16 13:11:42,0,3,3926,7771
2023-03-16 13:11:57,0,99,3926,7771
2023-03-16 13:11:59,0,3,3926,7771
2023-03-16 13:12:14,0,99,3926,7771
2023-03-16 13:12:17,0,3,3926,7771
2023-03-16 13:12:31,0,99,3926,7771
2023-03-16 13:12:33,0,3,3926,7771
2023-03-16 13:12:47,0,99,3926,7771
2023-03-16 13:12:49,0,3,3926,7771
2023-03-16 13:13:03,0,99,3926,7771
2023-03-16 13:13:06,0,3,3926,7771
2023-03-16 13:13:19,0,99,3926,7771
2023-03-16 13:13:21,0,3,3926,7771
2023-03-16 13:13:35,0,99,3926,7771
2023-03-16 13:13:37,0,3,3926,7771
2023-03-16 13:13:51,0,99,3926,7771
2023-03-16 13:13:53,0,3,3926,7771
2023-03-16 13:14:07,0,99,3926,7771
2023-03-16 13:14:10,0,3,3926,7771
2023-03-16 13:14:23,0,99,3926,7771
2023-03-16 13:14:25,0,3,3926,7771
2023-03-16 13:14:39,0,99,3926,7771
2023-03-16 13:14:41,0,3,3926,7771
2023-03-16 13:14:56,0,99,3926,7771
2023-03-16 13:15:00,0,3,3926,7771
2023-03-16 13:15:14,0,99,3926,7771
2023-03-16 13:15:16,0,3,3926,7771
2023-03-16 13:15:30,0,99,3926,7771
2023-03-16 13:15:32,0,3,3926,7771
2023-03-16 13:15:46,0,99,3926,7771
2023-03-16 13:15:48,0,3,3926,7771
2023-03-16 13:16:02,0,99,3926,7771
2023-03-16 13:16:04,0,3,3926,7771
2023-03-16 13:16:18,0,99,3926,7771
2023-03-16 13:16:21,0,3,3926,7771
2023-03-16 13:16:34,0,99,3926,7771
2023-03-16 13:16:37,0,3,3926,7771
2023-03-16 13:16:50,0,99,3926,7771
2023-03-16 13:16:52,0,3,3926,7771
2023-03-16 13:17:06,0,99,3926,7771
2023-03-16 13:17:09,0,3,3926,7771
2023-03-16 13:17:22,0,99,3926,7771
2023-03-16 13:17:24,0,3,3926,7771
2023-03-16 13:17:38,0,99,3926,7771
2023-03-16 13:17:43,0,3,3926,7771
2023-03-16 13:17:57,0,99,3926,7771
2023-03-16 13:17:59,0,3,3926,7771
2023-03-16 13:18:13,0,99,3926,7771
2023-03-16 13:18:15,0,3,3926,7771
2023-03-16 13:18:29,0,99,3926,7771
2023-03-16 13:18:31,0,3,3926,7771
2023-03-16 13:18:45,0,99,3926,7771
2023-03-16 13:18:47,0,3,3926,7771
2023-03-16 13:19:01,0,99,3926,7771
2023-03-16 13:19:03,0,3,3926,7771
2023-03-16 13:19:17,0,99,3926,7771
2023-03-16 13:19:19,0,3,3926,7771
2023-03-16 13:19:33,0,99,3926,7771
2023-03-16 13:19:35,0,3,3926,7771
2023-03-16 13:19:49,0,99,3926,7771
2023-03-16 13:19:51,0,3,3926,7771
2023-03-16 13:20:05,0,99,3926,7771
2023-03-16 13:20:08,0,3,3926,7771
2023-03-16 13:20:22,0,99,3926,7771
2023-03-16 13:20:26,0,3,3926,7771
2023-03-16 13:20:40,0,99,3926,7771
2023-03-16 13:20:42,0,3,3926,7771
2023-03-16 13:20:42,0,2,3926,7771
2023-03-16 13:20:54,0,3,3926,7771
2023-03-16 13:20:56,0,99,3926,7771
2023-03-16 13:20:58,0,3,3926,7771
2023-03-16 13:21:12,0,99,3926,7771
2023-03-16 13:21:14,0,3,3926,7771
2023-03-16 13:21:28,0,99,3926,7771
2023-03-16 13:21:30,0,3,3926,7771
2023-03-16 13:21:30,0,2,3926,7771
2023-03-16 13:21:35,0,3,3926,7771
2023-03-16 13:21:36,0,2,3926,7771
2023-03-16 13:21:36,0,3,3926,7771
2023-03-16 13:21:44,0,99,3926,7771
2023-03-16 13:21:46,0,3,3926,7771
2023-03-16 13:22:00,0,99,3926,7771
2023-03-16 13:22:02,0,3,3926,7771
2023-03-16 13:22:16,0,99,3926,7771
2023-03-16 13:22:18,0,3,3926,7771
2023-03-16 13:22:32,0,99,3926,7771
2023-03-16 13:22:34,0,3,3926,7771
2023-03-16 13:22:42,0,2,3926,7771
2023-03-16 13:22:42,0,3,3926,7771
2023-03-16 13:22:48,0,99,3926,7771
2023-03-16 13:22:50,0,3,3926,7771
2023-03-16 13:23:04,0,99,3926,7771
2023-03-16 13:23:08,0,3,3926,7771
2023-03-16 13:23:22,0,99,3926,7771
2023-03-16 13:23:25,0,3,3926,7771
2023-03-16 13:23:38,0,99,3926,7771
2023-03-16 13:23:41,0,3,3926,7771
2023-03-16 13:23:54,0,99,3926,7771
2023-03-16 13:23:57,0,3,3926,7771
2023-03-16 13:24:11,0,99,3926,7771
2023-03-16 13:24:13,0,3,3926,7771
2023-03-16 13:24:27,0,99,3926,7771
2023-03-16 13:24:29,0,3,3926,7771
2023-03-16 13:24:43,0,99,3926,7771
2023-03-16 13:24:46,0,3,3926,7771
2023-03-16 13:24:59,0,99,3926,7771
2023-03-16 13:25:51,0,3,3926,7771
2023-03-16 13:26:05,0,99,3926,7771
2023-03-16 13:26:08,0,3,3926,7771
2023-03-16 13:26:21,0,99,3926,7771
2023-03-16 13:26:23,0,3,3926,7771
2023-03-16 13:26:37,0,99,3926,7771
2023-03-16 13:26:41,0,1,3926,7771
2023-03-16 15:58:25,0,1,3926,7774
