datetime,bid,ask,open_interest,volume
2023-11-01 09:30:03,2,29,305,306
2023-11-01 09:30:31,1,29,305,306
2023-11-01 09:30:31,2,29,305,306
2023-11-01 09:31:00,2,23,305,306
2023-11-01 09:31:00,19,23,305,306
2023-11-01 09:31:00,20,23,305,306
2023-11-01 09:31:19,20,23,555,556
2023-11-01 09:31:19,21,23,555,556
2023-11-01 09:31:54,21,23,555,574
2023-11-01 09:31:56,21,24,1505,1524
2023-11-01 09:32:39,21,23,1505,1524
2023-11-01 09:32:39,21,23,1505,1693
2023-11-01 09:32:46,21,24,1505,1693
2023-11-01 09:32:46,21,22,1505,1693
2023-11-01 09:32:56,21,24,1505,1693
2023-11-01 09:32:56,21,23,1505,1693
2023-11-01 09:33:20,21,24,1505,1693
2023-11-01 09:33:21,21,23,1505,1693
2023-11-01 09:33:54,21,24,1505,1693
2023-11-01 09:33:54,21,23,1505,1693
2023-11-01 09:34:27,21,22,1505,1693
2023-11-01 09:34:28,21,23,1505,1693
2023-11-01 09:34:28,21,22,1505,1693
2023-11-01 09:34:47,21,23,1505,1693
2023-11-01 09:34:47,21,22,1505,1693
2023-11-01 09:34:56,21,23,1613,1801
2023-11-01 09:34:56,21,22,1613,1801
2023-11-01 09:35:01,21,22,1613,1819
2023-11-01 09:35:14,21,23,1613,1819
2023-11-01 09:35:14,21,22,1613,1819
2023-11-01 09:36:00,21,24,1613,1819
2023-11-01 09:36:00,21,22,1613,1819
2023-11-01 09:36:03,21,24,1849,2055
2023-11-01 09:36:03,21,23,1849,2055
2023-11-01 09:36:22,22,23,1849,2055
2023-11-01 09:36:41,22,23,1975,2181
2023-11-01 09:37:17,21,23,2049,2255
2023-11-01 09:37:26,21,24,2186,2392
2023-11-01 09:37:26,21,23,2186,2392
2023-11-01 09:37:52,21,24,2186,2392
2023-11-01 09:37:53,21,23,2186,2392
2023-11-01 09:38:12,21,24,2186,2392
2023-11-01 09:38:13,21,23,2186,2392
2023-11-01 09:39:09,21,24,2186,2392
2023-11-01 09:39:09,21,23,2186,2392
2023-11-01 09:39:34,21,24,2186,2392
2023-11-01 09:39:34,21,22,2186,2392
2023-11-01 09:39:58,21,24,2186,2392
2023-11-01 09:39:58,21,23,2186,2392
2023-11-01 09:40:31,22,23,2186,2392
2023-11-01 09:41:19,22,24,2186,2392
2023-11-01 09:41:19,22,23,2186,2392
2023-11-01 09:41:39,22,24,2186,2392
2023-11-01 09:41:39,22,23,2186,2392
2023-11-01 09:42:16,22,24,2186,2392
2023-11-01 09:42:16,22,23,2186,2392
2023-11-01 09:42:37,22,24,2186,2392
2023-11-01 09:42:37,22,23,2186,2392
2023-11-01 09:42:57,22,24,2186,2392
2023-11-01 09:42:58,22,23,2186,2392
2023-11-01 09:43:12,22,23,2186,2411
2023-11-01 09:43:14,22,23,2186,2421
2023-11-01 09:43:15,22,23,2186,2529
2023-11-01 09:43:17,22,23,2186,2592
2023-11-01 09:43:19,22,23,2186,2676
2023-11-01 09:43:22,22,23,2186,2689
2023-11-01 09:43:29,22,23,2186,2784
2023-11-01 09:43:31,22,23,2186,2862
2023-11-01 09:43:32,22,24,2186,2862
2023-11-01 09:43:32,22,23,2186,2862
2023-11-01 09:43:32,21,23,2186,2992
2023-11-01 09:43:33,21,22,2186,2992
2023-11-01 09:43:54,21,23,2186,2992
2023-11-01 09:45:20,22,23,2186,2992
2023-11-01 09:45:20,22,23,2186,3192
2023-11-01 09:45:32,22,24,2186,3192
2023-11-01 09:45:40,23,24,2186,3192
2023-11-01 09:45:40,22,24,2186,3192
2023-11-01 09:45:41,23,24,2186,3192
2023-11-01 09:45:41,22,24,2186,3391
2023-11-01 09:45:41,23,24,2186,3391
2023-11-01 09:45:46,23,24,2186,3403
2023-11-01 09:45:48,23,24,2204,3491
2023-11-01 09:45:49,23,24,2278,3565
2023-11-01 09:45:51,23,24,2295,3582
2023-11-01 09:45:53,23,24,2312,3599
2023-11-01 09:45:54,23,24,2325,3612
2023-11-01 09:45:58,22,24,2325,3612
2023-11-01 09:46:29,22,23,2325,3612
2023-11-01 09:46:39,21,23,2325,3612
2023-11-01 09:46:58,21,24,2325,3612
2023-11-01 09:46:58,21,23,2325,3612
2023-11-01 09:47:01,21,22,2325,3612
2023-11-01 09:47:14,21,24,2325,3612
2023-11-01 09:47:14,21,23,2325,3612
2023-11-01 09:47:19,21,22,2325,3612
2023-11-01 09:47:26,21,23,2325,3612
2023-11-01 09:47:40,21,24,2325,3612
2023-11-01 09:47:40,21,23,2325,3612
2023-11-01 09:47:40,21,24,2325,3612
2023-11-01 09:47:44,22,24,2325,3612
2023-11-01 09:47:56,21,24,2325,3612
2023-11-01 09:47:57,21,23,2325,3612
2023-11-01 09:48:40,21,22,2325,3612
2023-11-01 09:48:46,21,23,2325,3612
2023-11-01 09:48:46,21,22,2325,3612
2023-11-01 09:49:01,21,23,2325,3612
2023-11-01 09:49:29,21,22,2325,3612
2023-11-01 09:49:55,21,23,2325,3612
2023-11-01 09:49:55,21,22,2325,3612
2023-11-01 09:50:23,21,23,2325,3612
2023-11-01 09:50:39,21,22,2325,3612
2023-11-01 09:50:49,21,23,2325,3612
2023-11-01 09:50:49,21,22,2325,3612
2023-11-01 09:51:02,21,23,2335,3761
2023-11-01 09:51:03,21,22,2335,3761
2023-11-01 09:51:39,21,23,2335,3761
2023-11-01 09:51:41,21,22,2335,3761
2023-11-01 09:52:22,21,23,2335,3761
2023-11-01 09:52:22,21,22,2335,3761
2023-11-01 09:52:39,21,22,2335,3792
2023-11-01 09:52:40,21,22,2335,3823
2023-11-01 09:52:41,21,22,2335,3854
2023-11-01 09:52:53,21,23,2335,3854
2023-11-01 09:52:53,21,22,2335,3854
2023-11-01 09:52:55,21,23,2335,3854
2023-11-01 09:52:55,21,22,2335,3854
2023-11-01 09:53:28,21,23,2335,3854
2023-11-01 09:53:28,21,22,2335,3854
2023-11-01 09:53:29,21,23,2335,3854
2023-11-01 09:53:30,21,22,2335,3854
2023-11-01 09:53:30,21,23,2335,3854
2023-11-01 09:53:30,21,22,2335,3854
2023-11-01 09:53:44,21,23,2537,4056
2023-11-01 09:53:44,21,22,2537,4056
2023-11-01 09:54:13,21,23,2746,4265
2023-11-01 09:54:13,21,22,2746,4265
2023-11-01 09:54:18,21,23,2746,4265
2023-11-01 09:54:19,21,22,2746,4265
2023-11-01 09:54:32,21,23,2746,4265
2023-11-01 09:54:32,21,22,2746,4265
2023-11-01 09:55:03,21,23,2746,4265
2023-11-01 09:55:31,22,23,2746,4265
2023-11-01 09:56:24,22,24,2746,4265
2023-11-01 09:56:24,22,23,2746,4265
2023-11-01 09:58:49,22,24,2746,4265
2023-11-01 09:58:49,22,23,2746,4265
2023-11-01 09:59:17,22,24,2746,4265
2023-11-01 09:59:17,22,23,2746,4265
2023-11-01 09:59:18,22,24,2746,4265
2023-11-01 09:59:18,22,23,2746,4265
2023-11-01 09:59:23,22,24,2746,4265
2023-11-01 09:59:24,22,23,2746,4265
2023-11-01 09:59:32,22,24,2746,4265
2023-11-01 09:59:32,22,23,2746,4265
2023-11-01 09:59:49,22,24,2746,4265
2023-11-01 09:59:49,22,23,2746,4265
2023-11-01 10:00:01,21,23,2746,4265
2023-11-01 10:00:04,21,22,2746,4265
2023-11-01 10:00:06,21,22,2746,4465
2023-11-01 10:00:10,22,23,2746,4563
2023-11-01 10:00:17,22,24,2746,4563
2023-11-01 10:00:28,23,24,2746,4563
2023-11-01 10:00:28,22,24,2746,4563
2023-11-01 10:00:29,23,24,2746,4563
2023-11-01 10:00:49,22,24,2746,4563
2023-11-01 10:00:49,23,24,2746,4563
2023-11-01 10:00:50,22,24,2746,4563
2023-11-01 10:01:10,22,23,2746,4563
2023-11-01 10:01:11,22,24,2746,4563
2023-11-01 10:01:11,22,23,2746,4563
2023-11-01 10:01:29,22,24,2746,4563
2023-11-01 10:01:29,22,23,2746,4563
2023-11-01 10:01:32,22,23,2758,4579
2023-11-01 10:01:33,21,23,2758,4579
2023-11-01 10:01:50,21,24,2758,4579
2023-11-01 10:01:50,21,23,2758,4579
2023-11-01 10:02:47,21,24,2758,4579
2023-11-01 10:02:49,22,24,2758,4579
2023-11-01 10:02:52,21,24,2758,4579
2023-11-01 10:02:53,22,24,2758,4579
2023-11-01 10:03:02,21,24,2758,4579
2023-11-01 10:03:02,22,24,2758,4579
2023-11-01 10:03:03,21,24,2758,4579
2023-11-01 10:03:03,22,24,2758,4579
2023-11-01 10:03:10,21,24,2758,4579
2023-11-01 10:03:11,21,23,2758,4579
2023-11-01 10:03:20,21,24,2758,4579
2023-11-01 10:03:20,21,23,2758,4579
2023-11-01 10:03:46,22,23,2758,4579
2023-11-01 10:03:46,22,24,2758,4579
2023-11-01 10:04:27,22,23,2758,4579
2023-11-01 10:04:30,22,24,2758,4579
2023-11-01 10:06:33,22,25,2758,4579
2023-11-01 10:06:33,22,24,2758,4579
2023-11-01 10:06:34,22,25,2758,4579
2023-11-01 10:06:34,22,24,2758,4579
2023-11-01 10:06:43,22,25,2758,4579
2023-11-01 10:06:43,22,24,2758,4579
2023-11-01 10:06:47,22,25,2758,4579
2023-11-01 10:06:47,22,24,2758,4579
2023-11-01 10:07:06,22,23,2758,4579
2023-11-01 10:07:06,22,24,2758,4579
2023-11-01 10:07:39,23,24,2758,4579
2023-11-01 10:07:48,22,24,2758,4579
2023-11-01 10:08:10,22,25,2758,4579
2023-11-01 10:08:10,22,24,2758,4579
2023-11-01 10:09:30,22,23,2758,4579
2023-11-01 10:10:09,22,24,2758,4579
2023-11-01 10:14:21,23,24,2758,4579
2023-11-01 10:14:22,22,24,2758,4579
2023-11-01 10:14:22,23,24,2758,4579
2023-11-01 10:14:28,22,24,2758,4579
2023-11-01 10:14:28,23,24,2758,4579
2023-11-01 10:14:35,22,24,2758,4579
2023-11-01 10:14:54,23,24,2758,4579
2023-11-01 10:14:54,22,24,2758,4579
2023-11-01 10:14:54,23,24,2758,4579
2023-11-01 10:15:09,22,24,2758,4579
2023-11-01 10:17:14,22,23,2758,4579
2023-11-01 10:17:14,22,24,2758,4579
2023-11-01 10:17:14,22,23,2758,4579
2023-11-01 10:17:28,22,24,2758,4579
2023-11-01 10:17:31,22,23,2758,4579
2023-11-01 10:17:32,22,24,2758,4579
2023-11-01 10:17:32,22,23,2758,4579
2023-11-01 10:17:33,22,24,2758,4579
2023-11-01 10:17:34,22,23,2758,4579
2023-11-01 10:17:45,22,24,2758,4579
2023-11-01 10:17:45,22,23,2758,4579
2023-11-01 10:18:02,22,24,2758,4579
2023-11-01 10:19:19,22,23,2758,4579
2023-11-01 10:19:20,22,24,2758,4579
2023-11-01 10:19:20,22,23,2758,4579
2023-11-01 10:19:36,22,24,2758,4579
2023-11-01 10:19:36,22,23,2758,4579
2023-11-01 10:19:38,22,24,2758,4579
2023-11-01 10:20:12,22,23,2758,4579
2023-11-01 10:20:28,22,24,2758,4579
2023-11-01 10:20:29,22,23,2758,4579
2023-11-01 10:20:35,21,23,2758,4579
2023-11-01 10:20:35,22,23,2758,4579
2023-11-01 10:20:43,22,24,2758,4579
2023-11-01 10:20:43,22,23,2758,4579
2023-11-01 10:20:50,21,23,2758,4579
2023-11-01 10:20:50,22,23,2758,4579
2023-11-01 10:21:04,22,24,2758,4579
2023-11-01 10:21:04,22,23,2758,4579
2023-11-01 10:21:25,22,24,2758,4579
2023-11-01 10:21:25,22,23,2758,4579
2023-11-01 10:21:26,22,24,2758,4579
2023-11-01 10:21:26,22,23,2758,4579
2023-11-01 10:21:31,22,24,2758,4579
2023-11-01 10:21:32,22,23,2758,4579
2023-11-01 10:21:37,22,24,2758,4579
2023-11-01 10:21:39,22,23,2758,4579
2023-11-01 10:22:15,22,24,2758,4579
2023-11-01 10:22:15,22,23,2758,4579
2023-11-01 10:22:41,21,23,2758,4579
2023-11-01 10:22:41,21,22,2758,4579
2023-11-01 10:23:27,21,22,2772,4593
2023-11-01 10:23:29,21,22,2788,4609
2023-11-01 10:23:52,21,22,2788,4746
2023-11-01 10:24:10,21,22,2800,4758
2023-11-01 10:24:16,21,22,2814,4772
2023-11-01 10:24:18,21,22,2830,4788
2023-11-01 10:24:19,21,22,2840,4798
2023-11-01 10:24:21,21,22,2854,4812
2023-11-01 10:24:23,21,22,2871,4829
2023-11-01 10:24:24,21,22,2886,4844
2023-11-01 10:24:27,21,22,2897,4855
2023-11-01 10:24:29,20,22,2897,4855
2023-11-01 10:24:29,20,21,2897,4855
2023-11-01 10:25:14,20,22,2897,4855
2023-11-01 10:25:14,20,21,2897,4855
2023-11-01 10:25:54,20,22,2897,4855
2023-11-01 10:25:54,20,21,2897,4855
2023-11-01 10:26:01,20,21,2972,4930
2023-11-01 10:27:39,20,21,3022,4980
2023-11-01 10:27:40,20,21,3072,5030
2023-11-01 10:27:40,20,21,3122,5080
2023-11-01 10:27:51,20,21,3172,5130
2023-11-01 10:27:54,20,21,3222,5180
2023-11-01 10:28:55,20,22,3222,5180
2023-11-01 10:28:55,20,21,3222,5180
2023-11-01 10:28:56,20,22,3222,5180
2023-11-01 10:28:56,20,21,3222,5180
2023-11-01 10:29:06,20,22,3222,5180
2023-11-01 10:29:06,20,21,3222,5180
2023-11-01 10:29:12,20,22,3222,5180
2023-11-01 10:29:12,20,21,3222,5180
2023-11-01 10:29:20,20,21,3243,5201
2023-11-01 10:29:22,20,21,3257,5215
2023-11-01 10:29:23,20,21,3269,5227
2023-11-01 10:29:25,20,21,3286,5244
2023-11-01 10:29:27,20,21,3305,5263
2023-11-01 10:29:29,20,21,3317,5275
2023-11-01 10:29:32,20,21,3335,5293
2023-11-01 10:29:33,20,21,3347,5305
2023-11-01 10:29:35,20,21,3358,5316
2023-11-01 10:29:37,20,21,3370,5328
2023-11-01 10:29:41,20,21,3387,5345
2023-11-01 10:29:53,20,21,3399,5357
2023-11-01 10:30:35,19,21,3399,5357
2023-11-01 10:30:35,19,20,3399,5357
2023-11-01 10:31:09,19,21,3399,5357
2023-11-01 10:31:09,19,20,3399,5357
2023-11-01 10:31:13,19,21,3399,5357
2023-11-01 10:31:13,19,20,3399,5357
2023-11-01 10:31:32,19,21,3399,5357
2023-11-01 10:31:33,19,22,3399,5357
2023-11-01 10:31:33,19,20,3399,5357
2023-11-01 10:31:34,19,22,3399,5357
2023-11-01 10:31:34,19,21,3399,5357
2023-11-01 10:31:45,20,21,3399,5357
2023-11-01 10:31:51,20,22,3399,5357
2023-11-01 10:31:52,20,21,3399,5357
2023-11-01 10:32:52,19,21,3399,5357
2023-11-01 10:32:52,19,20,3399,5357
2023-11-01 10:33:01,19,21,3399,5357
2023-11-01 10:33:01,19,20,3399,5357
2023-11-01 10:33:01,19,21,3399,5357
2023-11-01 10:33:02,19,20,3399,5357
2023-11-01 10:33:07,19,21,3399,5357
2023-11-01 10:33:07,19,20,3399,5357
2023-11-01 10:33:13,19,21,3399,5357
2023-11-01 10:33:13,19,20,3399,5357
2023-11-01 10:33:51,19,21,3399,5357
2023-11-01 10:33:51,19,20,3399,5357
2023-11-01 10:34:29,19,21,3399,5357
2023-11-01 10:34:29,19,20,3399,5357
2023-11-01 10:35:20,19,21,3399,5357
2023-11-01 10:35:20,19,20,3399,5357
2023-11-01 10:35:26,19,21,3399,5357
2023-11-01 10:35:29,19,20,3399,5357
2023-11-01 10:35:29,19,21,3399,5357
2023-11-01 10:35:30,19,20,3399,5357
2023-11-01 10:35:31,19,21,3399,5357
2023-11-01 10:35:32,19,20,3399,5357
2023-11-01 10:35:45,19,21,3399,5357
2023-11-01 10:35:56,20,21,3399,5357
2023-11-01 10:36:09,19,21,3399,5357
2023-11-01 10:36:09,19,20,3399,5357
2023-11-01 10:36:12,19,21,3399,5357
2023-11-01 10:36:12,19,20,3399,5357
2023-11-01 10:36:26,19,21,3399,5357
2023-11-01 10:36:26,19,20,3399,5357
2023-11-01 10:36:53,19,21,3399,5357
2023-11-01 10:36:54,19,20,3399,5357
2023-11-01 10:37:45,19,21,3399,5357
2023-11-01 10:37:45,19,20,3399,5357
2023-11-01 10:38:19,19,21,3399,5357
2023-11-01 10:38:20,19,20,3399,5357
2023-11-01 10:38:41,19,21,3399,5357
2023-11-01 10:38:41,19,20,3399,5357
2023-11-01 10:39:06,19,21,3399,5357
2023-11-01 10:39:07,19,20,3399,5357
2023-11-01 10:39:17,19,20,3649,5607
2023-11-01 10:39:28,19,20,3849,5807
2023-11-01 10:40:55,19,21,3849,5807
2023-11-01 10:40:55,19,20,3849,5807
2023-11-01 10:41:32,19,21,3849,5807
2023-11-01 10:41:32,19,20,3849,5807
2023-11-01 10:44:18,18,20,3849,5807
2023-11-01 10:44:18,18,19,3849,5807
2023-11-01 10:45:03,18,19,3879,5837
2023-11-01 10:45:53,18,20,3879,5837
2023-11-01 10:45:54,18,19,3879,5837
2023-11-01 10:46:20,18,20,3879,5837
2023-11-01 10:46:21,18,19,3879,5837
2023-11-01 10:46:36,18,20,3879,5837
2023-11-01 10:46:51,18,19,3879,5837
2023-11-01 10:47:09,18,20,4095,6053
2023-11-01 10:47:09,18,19,4095,6053
2023-11-01 10:47:12,18,19,4345,6303
2023-11-01 10:47:13,18,20,4345,6303
2023-11-01 10:47:26,19,20,4345,6303
2023-11-01 10:47:46,19,21,4345,6303
2023-11-01 10:47:46,19,20,4345,6303
2023-11-01 10:48:48,19,21,4345,6303
2023-11-01 10:48:48,19,20,4345,6303
2023-11-01 10:49:01,19,21,4345,6303
2023-11-01 10:49:02,19,20,4345,6303
2023-11-01 10:49:02,19,21,4345,6303
2023-11-01 10:49:09,19,20,4345,6303
2023-11-01 10:49:10,19,21,4345,6303
2023-11-01 10:49:11,19,20,4345,6303
2023-11-01 10:49:12,19,21,4345,6303
2023-11-01 10:49:13,19,20,4345,6303
2023-11-01 10:49:17,19,21,4592,6550
2023-11-01 10:49:18,19,20,4592,6550
2023-11-01 10:49:19,19,21,4592,6550
2023-11-01 10:49:41,19,22,4592,6550
2023-11-01 10:49:41,19,21,4592,6550
2023-11-01 10:49:50,19,20,4592,6550
2023-11-01 10:49:55,19,22,4592,6550
2023-11-01 10:49:55,19,21,4592,6550
2023-11-01 10:49:59,19,22,4592,6550
2023-11-01 10:49:59,19,21,4592,6550
2023-11-01 10:50:10,19,22,4592,6550
2023-11-01 10:50:10,19,21,4592,6550
2023-11-01 10:51:22,19,20,4592,6550
2023-11-01 10:51:34,19,22,4592,6550
2023-11-01 10:51:34,19,21,4592,6550
2023-11-01 10:51:52,19,22,4592,6550
2023-11-01 10:51:52,19,21,4592,6550
2023-11-01 10:51:53,19,22,4592,6550
2023-11-01 10:51:53,19,21,4592,6550
2023-11-01 10:52:01,19,22,4592,6550
2023-11-01 10:52:01,19,21,4592,6550
2023-11-01 10:52:46,19,20,4592,6550
2023-11-01 10:52:49,19,22,4747,6705
2023-11-01 10:52:50,19,21,4747,6705
2023-11-01 10:53:10,19,22,4747,6705
2023-11-01 10:53:10,19,21,4747,6705
2023-11-01 10:53:58,19,22,4747,6705
2023-11-01 10:53:59,19,21,4747,6705
2023-11-01 10:54:05,19,20,4747,6705
2023-11-01 10:54:20,19,21,4747,6705
2023-11-01 10:54:24,19,20,4747,6705
2023-11-01 10:54:27,19,21,4747,6705
2023-11-01 10:54:49,19,22,4747,6705
2023-11-01 10:54:53,20,22,4747,6705
2023-11-01 10:54:53,20,21,4747,6705
2023-11-01 10:55:00,19,21,4747,6705
2023-11-01 10:55:18,19,22,4747,6705
2023-11-01 10:55:18,19,21,4747,6705
2023-11-01 10:55:36,19,20,4747,6705
2023-11-01 10:55:37,19,21,4747,6705
2023-11-01 10:55:37,19,20,4747,6705
2023-11-01 10:55:39,19,21,4747,6705
2023-11-01 10:55:39,19,20,4747,6705
2023-11-01 10:55:41,19,21,4747,6705
2023-11-01 10:55:47,19,20,4747,6705
2023-11-01 10:55:47,19,21,4747,6705
2023-11-01 10:56:13,19,20,4747,6705
2023-11-01 10:56:24,19,21,4747,6705
2023-11-01 10:56:33,19,20,4747,6705
2023-11-01 10:56:37,19,21,4747,6705
2023-11-01 10:56:37,19,20,4747,6705
2023-11-01 10:56:47,19,21,4747,6705
2023-11-01 10:56:48,19,20,4747,6705
2023-11-01 10:56:56,19,21,4747,6705
2023-11-01 10:56:56,19,20,4747,6705
2023-11-01 10:57:04,19,21,4747,6705
2023-11-01 10:57:20,19,22,4747,6705
2023-11-01 10:57:20,19,21,4747,6705
2023-11-01 10:57:24,19,22,4747,6705
2023-11-01 10:57:24,19,21,4747,6705
2023-11-01 10:58:12,20,21,4747,6705
2023-11-01 10:58:14,20,22,4747,6705
2023-11-01 10:58:19,19,22,4747,6705
2023-11-01 10:58:19,19,21,4747,6705
2023-11-01 10:58:28,20,21,4747,6705
2023-11-01 10:58:30,19,21,4747,6705
2023-11-01 10:58:31,20,21,4747,6705
2023-11-01 10:58:37,19,21,4747,6705
2023-11-01 10:58:52,19,22,4747,6705
2023-11-01 10:58:52,19,21,4747,6705
2023-11-01 10:59:22,19,22,4747,6705
2023-11-01 10:59:22,19,21,4747,6705
2023-11-01 10:59:38,20,21,4747,6705
2023-11-01 10:59:39,20,22,4747,6705
2023-11-01 10:59:40,20,21,4747,6705
2023-11-01 10:59:42,20,22,4747,6705
2023-11-01 10:59:49,20,21,4747,6705
2023-11-01 10:59:49,20,22,4747,6705
2023-11-01 10:59:52,20,21,4747,6705
2023-11-01 10:59:59,19,21,4747,6705
2023-11-01 11:00:05,19,22,4747,6705
2023-11-01 11:00:05,19,21,4747,6705
2023-11-01 11:00:11,20,21,4747,6705
2023-11-01 11:00:11,20,22,4747,6705
2023-11-01 11:00:12,20,21,4747,6705
2023-11-01 11:00:20,20,22,4747,6705
2023-11-01 11:00:22,19,22,4747,6705
2023-11-01 11:00:23,20,22,4747,6705
2023-11-01 11:00:30,19,22,4747,6705
2023-11-01 11:00:31,19,21,4747,6705
2023-11-01 11:00:42,19,22,4747,6705
2023-11-01 11:00:42,19,21,4747,6705
2023-11-01 11:00:43,19,22,4747,6705
2023-11-01 11:00:44,19,21,4747,6705
2023-11-01 11:00:52,19,22,4747,6705
2023-11-01 11:00:54,20,22,4747,6705
2023-11-01 11:01:08,19,22,4747,6705
2023-11-01 11:01:18,19,21,4747,6705
2023-11-01 11:01:25,19,22,4747,6705
2023-11-01 11:01:25,19,21,4747,6705
2023-11-01 11:01:35,19,22,4747,6705
2023-11-01 11:01:36,19,21,4747,6705
2023-11-01 11:02:13,19,20,4747,6705
2023-11-01 11:03:26,19,21,4747,6705
2023-11-01 11:03:26,19,20,4747,6705
2023-11-01 11:04:19,18,20,4747,6705
2023-11-01 11:04:19,18,19,4747,6705
2023-11-01 11:04:28,18,20,4747,6705
2023-11-01 11:04:29,18,19,4747,6705
2023-11-01 11:04:30,18,20,4747,6705
2023-11-01 11:04:32,18,19,4747,6705
2023-11-01 11:04:35,18,20,4747,6705
2023-11-01 11:05:18,19,20,4747,6705
2023-11-01 11:05:43,18,20,4747,6705
2023-11-01 11:05:47,18,19,4747,6705
2023-11-01 11:05:52,18,20,4747,6705
2023-11-01 11:06:41,18,21,4747,6705
2023-11-01 11:06:41,18,20,4747,6705
2023-11-01 11:07:05,19,20,4747,6705
2023-11-01 11:07:10,19,21,4747,6705
2023-11-01 11:07:10,19,21,4871,6829
2023-11-01 11:07:14,19,20,4871,6829
2023-11-01 11:07:23,19,21,4871,6829
2023-11-01 11:07:23,19,20,4871,6829
2023-11-01 11:07:24,19,21,4871,6829
2023-11-01 11:07:24,19,20,4871,6829
2023-11-01 11:07:38,19,20,4876,6834
2023-11-01 11:08:18,19,21,4876,6834
2023-11-01 11:08:18,19,20,4876,6834
2023-11-01 11:08:19,19,21,4876,6834
2023-11-01 11:08:21,19,20,4876,6834
2023-11-01 11:08:22,19,21,4876,6834
2023-11-01 11:08:22,19,20,4876,6834
2023-11-01 11:08:22,19,21,4876,6834
2023-11-01 11:08:30,19,20,4876,6834
2023-11-01 11:08:50,19,21,4876,6834
2023-11-01 11:08:50,19,20,4876,6834
2023-11-01 11:08:52,18,20,4876,6834
2023-11-01 11:10:25,18,19,4876,6834
2023-11-01 11:10:30,18,20,4876,6834
2023-11-01 11:10:33,18,21,4876,6834
2023-11-01 11:10:33,18,20,4876,6834
2023-11-01 11:10:34,18,21,4876,6834
2023-11-01 11:10:34,18,20,4876,6834
2023-11-01 11:10:35,18,21,4876,6834
2023-11-01 11:10:35,18,20,4876,6834
2023-11-01 11:10:49,18,20,4879,6837
2023-11-01 11:11:00,19,20,4879,6837
2023-11-01 11:11:05,19,21,4879,6837
2023-11-01 11:11:06,19,20,4879,6837
2023-11-01 11:11:42,19,22,4879,6837
2023-11-01 11:11:42,19,21,4879,6837
2023-11-01 11:12:01,20,21,4879,6837
2023-11-01 11:12:04,20,22,4879,6837
2023-11-01 11:12:05,20,21,4879,6837
2023-11-01 11:12:17,20,22,4879,6837
2023-11-01 11:12:17,20,21,4879,6837
2023-11-01 11:12:24,20,22,4879,6837
2023-11-01 11:12:25,20,21,4879,6837
2023-11-01 11:12:27,20,22,4879,6837
2023-11-01 11:12:43,21,22,4879,6837
2023-11-01 11:13:09,20,22,4879,6837
2023-11-01 11:13:09,21,22,4879,6837
2023-11-01 11:14:22,20,22,4879,6837
2023-11-01 11:14:25,21,22,4879,6837
2023-11-01 11:14:26,20,22,4879,6837
2023-11-01 11:14:26,21,22,4879,6837
2023-11-01 11:14:29,20,22,4879,6837
2023-11-01 11:14:49,21,22,4879,6837
2023-11-01 11:15:05,20,22,4879,6837
2023-11-01 11:15:05,21,22,4879,6837
2023-11-01 11:15:42,21,22,4879,6897
2023-11-01 11:15:43,20,22,4879,6897
2023-11-01 11:15:43,21,22,4879,6897
2023-11-01 11:15:53,21,22,4879,6914
2023-11-01 11:16:23,21,22,4879,6974
2023-11-01 11:16:25,21,22,4879,7034
2023-11-01 11:16:53,20,22,4879,7034
2023-11-01 11:16:54,21,22,4879,7034
2023-11-01 11:20:08,21,23,5013,7168
2023-11-01 11:20:08,22,23,5013,7168
2023-11-01 11:20:08,22,23,5013,7317
2023-11-01 11:20:10,21,23,5148,7461
2023-11-01 11:20:10,22,23,5148,7461
2023-11-01 11:20:11,22,23,5148,7521
2023-11-01 11:20:29,21,23,5148,7521
2023-11-01 11:20:29,22,23,5148,7521
2023-11-01 11:32:32,22,24,5148,7521
2023-11-01 11:32:32,23,24,5148,7521
2023-11-01 11:33:27,22,24,5148,7521
2023-11-01 11:33:28,23,24,5148,7521
2023-11-01 11:33:45,23,24,5148,7600
2023-11-01 11:33:59,22,24,5148,7600
2023-11-01 11:33:59,23,24,5148,7600
2023-11-01 11:35:07,22,24,5148,7600
2023-11-01 11:35:07,23,24,5148,7600
2023-11-01 11:35:51,22,24,5148,7600
2023-11-01 11:35:51,23,24,5148,7600
2023-11-01 11:36:00,22,24,5148,7600
2023-11-01 11:36:00,23,24,5148,7600
2023-11-01 11:36:31,22,24,5148,7600
2023-11-01 11:36:31,23,24,5148,7600
2023-11-01 11:36:34,22,24,5148,7600
2023-11-01 11:36:59,23,24,5148,7600
2023-11-01 11:38:01,22,24,5148,7600
2023-11-01 11:38:01,23,24,5148,7600
2023-11-01 11:38:07,22,24,5148,7600
2023-11-01 11:38:07,23,24,5148,7600
2023-11-01 11:40:23,22,24,5148,7600
2023-11-01 11:40:23,23,24,5148,7600
2023-11-01 11:40:24,22,24,5148,7600
2023-11-01 11:40:24,23,24,5148,7600
2023-11-01 11:40:54,22,24,5148,7600
2023-11-01 11:40:54,23,24,5148,7600
2023-11-01 11:41:07,22,24,5148,7600
2023-11-01 11:41:07,23,24,5148,7600
2023-11-01 11:41:12,22,24,5148,7600
2023-11-01 11:41:13,23,24,5148,7600
2023-11-01 11:41:15,22,24,5148,7600
2023-11-01 11:41:15,23,24,5148,7600
2023-11-01 11:41:16,22,24,5148,7600
2023-11-01 11:41:16,23,24,5148,7600
2023-11-01 11:41:17,22,24,5148,7600
2023-11-01 11:41:18,23,24,5148,7600
2023-11-01 11:41:28,22,24,5148,7600
2023-11-01 11:41:28,23,24,5148,7600
2023-11-01 11:42:20,22,24,5148,7600
2023-11-01 11:42:20,23,24,5148,7600
2023-11-01 11:42:22,22,24,5148,7600
2023-11-01 11:42:22,23,24,5148,7600
2023-11-01 11:44:04,22,24,5148,7600
2023-11-01 11:44:04,23,24,5148,7600
2023-11-01 11:45:00,22,24,5148,7600
2023-11-01 11:45:01,23,24,5148,7600
2023-11-01 11:45:18,22,24,5148,7600
2023-11-01 11:45:18,23,24,5148,7600
2023-11-01 11:45:25,22,24,5148,7600
2023-11-01 11:45:25,23,24,5148,7600
2023-11-01 11:45:30,22,24,5148,7600
2023-11-01 11:46:20,23,24,5148,7600
2023-11-01 11:46:28,22,24,5148,7600
2023-11-01 11:46:29,23,24,5148,7600
2023-11-01 11:46:30,22,24,5148,7600
2023-11-01 11:46:31,23,24,5148,7600
2023-11-01 11:46:32,22,24,5148,7600
2023-11-01 11:46:45,23,24,5148,7600
2023-11-01 11:46:50,23,24,5148,7790
2023-11-01 11:47:09,22,24,5148,7790
2023-11-01 11:47:10,23,24,5148,7790
2023-11-01 11:47:10,22,24,5148,7790
2023-11-01 11:47:10,23,24,5148,7790
2023-11-01 11:47:19,22,24,5148,7790
2023-11-01 11:47:19,23,24,5148,7790
2023-11-01 11:47:50,22,24,5148,7790
2023-11-01 11:48:04,23,24,5148,7790
2023-11-01 11:48:16,22,24,5148,7790
2023-11-01 11:48:39,23,24,5148,7790
2023-11-01 11:48:45,22,24,5148,7790
2023-11-01 11:48:46,23,24,5148,7790
2023-11-01 11:48:51,22,24,5148,7790
2023-11-01 11:48:51,23,24,5148,7790
2023-11-01 11:49:09,22,24,5148,7790
2023-11-01 11:49:10,23,24,5148,7790
2023-11-01 11:49:18,22,24,5148,7790
2023-11-01 11:49:18,23,24,5148,7790
2023-11-01 11:49:30,22,24,5148,7790
2023-11-01 11:49:30,23,24,5148,7790
2023-11-01 11:49:55,22,24,5148,7790
2023-11-01 11:49:56,23,24,5148,7790
2023-11-01 11:50:18,22,24,5148,7790
2023-11-01 11:50:55,23,24,5148,7790
2023-11-01 11:51:51,22,24,5148,7790
2023-11-01 11:51:52,23,24,5148,7790
2023-11-01 11:51:53,23,24,5148,7890
2023-11-01 11:52:04,22,24,5148,7890
2023-11-01 11:52:05,23,24,5148,7890
2023-11-01 11:52:38,22,24,5148,7890
2023-11-01 11:53:25,22,23,5148,7890
2023-11-01 11:53:26,22,24,5148,7890
2023-11-01 11:53:54,23,24,5148,7890
2023-11-01 11:54:04,22,24,5148,7890
2023-11-01 11:54:05,23,24,5148,7890
2023-11-01 11:54:05,22,24,5148,7890
2023-11-01 11:54:44,23,24,5148,7890
2023-11-01 11:54:58,22,24,5148,7890
2023-11-01 11:55:02,23,24,5148,7890
2023-11-01 11:55:12,22,24,5148,7890
2023-11-01 11:55:24,22,23,5148,7890
2023-11-01 11:58:43,22,23,5276,8088
2023-11-01 11:58:49,21,23,5276,8088
2023-11-01 11:58:50,22,23,5276,8088
2023-11-01 11:58:59,21,23,5276,8088
2023-11-01 11:59:00,22,23,5276,8088
2023-11-01 11:59:09,21,23,5276,8088
2023-11-01 11:59:28,22,23,5276,8088
2023-11-01 11:59:29,21,23,5276,8088
2023-11-01 11:59:29,22,23,5276,8088
2023-11-01 12:00:11,22,24,5276,8088
2023-11-01 12:00:45,22,23,5276,8088
2023-11-01 12:00:46,22,24,5276,8088
2023-11-01 12:00:47,22,23,5276,8088
2023-11-01 12:00:47,22,24,5276,8088
2023-11-01 12:00:48,22,23,5276,8088
2023-11-01 12:00:56,22,24,5276,8088
2023-11-01 12:01:11,23,24,5276,8088
2023-11-01 12:01:18,23,24,5276,8242
2023-11-01 12:01:23,23,24,5276,8293
2023-11-01 12:01:37,22,24,5276,8293
2023-11-01 12:01:37,23,24,5276,8293
2023-11-01 12:02:24,22,24,5276,8293
2023-11-01 12:02:26,23,24,5276,8293
2023-11-01 12:02:30,22,24,5276,8293
2023-11-01 12:03:58,22,23,5276,8293
2023-11-01 12:04:07,22,24,5276,8293
2023-11-01 12:05:34,23,24,5276,8293
2023-11-01 12:05:58,22,24,5276,8293
2023-11-01 12:05:59,23,24,5276,8293
2023-11-01 12:06:00,22,24,5276,8293
2023-11-01 12:06:00,23,24,5276,8293
2023-11-01 12:06:07,22,24,5276,8293
2023-11-01 12:06:11,23,24,5276,8293
2023-11-01 12:06:31,22,24,5276,8293
2023-11-01 12:06:39,23,24,5276,8293
2023-11-01 12:06:41,22,24,5276,8293
2023-11-01 12:07:19,23,24,5276,8293
2023-11-01 12:07:24,22,24,5276,8293
2023-11-01 12:07:24,23,24,5276,8293
2023-11-01 12:07:27,22,24,5276,8293
2023-11-01 12:07:27,23,24,5276,8293
2023-11-01 12:07:36,22,24,5276,8447
2023-11-01 12:07:37,23,24,5276,8447
2023-11-01 12:07:38,23,24,5276,8497
2023-11-01 12:08:00,22,24,5276,8497
2023-11-01 12:08:35,23,24,5276,8497
2023-11-01 12:09:15,22,24,5276,8497
2023-11-01 12:09:16,23,24,5276,8497
2023-11-01 12:09:23,22,24,5276,8497
2023-11-01 12:09:27,23,24,5276,8497
2023-11-01 12:09:29,22,24,5276,8497
2023-11-01 12:09:29,23,24,5276,8497
2023-11-01 12:09:41,23,24,5276,9397
2023-11-01 12:10:04,22,24,5276,9397
2023-11-01 12:10:04,23,24,5276,9397
2023-11-01 12:10:27,22,24,5276,9397
2023-11-01 12:10:27,22,23,5276,9397
2023-11-01 12:10:32,22,24,5276,9397
2023-11-01 12:11:03,22,23,5276,9397
2023-11-01 12:11:17,22,24,5276,9397
2023-11-01 12:11:22,22,23,5276,9397
2023-11-01 12:11:31,22,24,5276,9397
2023-11-01 12:11:36,23,24,5276,9397
2023-11-01 12:11:39,23,25,5276,9397
2023-11-01 12:11:42,23,24,5276,9397
2023-11-01 12:11:47,23,25,5276,9397
2023-11-01 12:11:47,23,24,5276,9397
2023-11-01 12:11:48,23,25,5276,9397
2023-11-01 12:12:07,23,24,5276,9397
2023-11-01 12:12:15,23,25,5276,9397
2023-11-01 12:12:16,23,24,5276,9397
2023-11-01 12:12:53,23,25,5276,9397
2023-11-01 12:12:53,23,24,5276,9397
2023-11-01 12:13:33,23,25,5276,9397
2023-11-01 12:13:33,23,24,5276,9397
2023-11-01 12:13:37,23,25,5276,9397
2023-11-01 12:13:44,23,24,5276,9397
2023-11-01 12:14:56,23,25,5276,9397
2023-11-01 12:14:56,23,24,5276,9397
2023-11-01 12:15:23,23,25,5453,9574
2023-11-01 12:15:37,24,25,5453,9574
2023-11-01 12:15:38,24,25,5626,9747
2023-11-01 12:15:39,23,25,5626,9747
2023-11-01 12:15:41,24,25,5626,9747
2023-11-01 12:15:42,24,25,5626,9901
2023-11-01 12:15:50,23,25,5626,9901
2023-11-01 12:15:50,24,25,5626,9901
2023-11-01 12:15:58,23,25,5626,9901
2023-11-01 12:16:35,24,25,5626,9901
2023-11-01 12:16:37,23,25,5626,9901
2023-11-01 12:16:37,24,25,5626,9901
2023-11-01 12:16:57,23,25,5626,10091
2023-11-01 12:16:57,24,25,5626,10091
2023-11-01 12:17:00,24,25,5626,10291
2023-11-01 12:18:55,24,26,5626,10291
2023-11-01 12:19:44,24,25,5626,10291
2023-11-01 12:20:18,24,26,5626,10291
2023-11-01 12:21:11,24,25,5626,10291
2023-11-01 12:21:15,24,26,5626,10291
2023-11-01 12:21:15,24,25,5626,10291
2023-11-01 12:22:12,24,26,5626,10291
2023-11-01 12:22:12,24,25,5626,10291
2023-11-01 12:22:33,24,26,5626,10291
2023-11-01 12:26:04,25,26,5626,10291
2023-11-01 12:27:44,24,26,5626,10291
2023-11-01 12:27:50,24,25,5626,10291
2023-11-01 12:27:52,24,26,5626,10291
2023-11-01 12:27:53,24,25,5626,10291
2023-11-01 12:27:59,24,26,5626,10291
2023-11-01 12:32:22,24,25,5626,10291
2023-11-01 12:33:21,23,25,5626,10291
2023-11-01 12:34:50,23,26,5626,10291
2023-11-01 12:34:58,24,26,5626,10291
2023-11-01 12:39:03,24,26,5626,10301
2023-11-01 12:40:35,24,27,5626,10301
2023-11-01 12:40:42,26,27,5626,10301
2023-11-01 12:40:45,26,27,5676,10351
2023-11-01 12:40:49,26,27,5676,10361
2023-11-01 12:41:13,25,27,5876,10561
2023-11-01 12:42:47,26,27,5876,10561
2023-11-01 12:43:18,25,27,5876,10561
2023-11-01 12:43:18,26,27,5876,10561
2023-11-01 12:43:47,25,27,5876,10561
2023-11-01 12:43:48,26,27,5876,10561
2023-11-01 12:44:11,25,27,5876,10561
2023-11-01 12:44:11,26,27,5876,10561
2023-11-01 12:44:57,25,27,5876,10561
2023-11-01 12:45:19,26,27,5876,10561
2023-11-01 12:45:20,25,27,5876,10561
2023-11-01 12:45:21,26,27,5876,10561
2023-11-01 12:46:13,25,27,5876,10561
2023-11-01 12:46:13,26,27,5876,10561
2023-11-01 12:46:28,25,27,5876,10561
2023-11-01 12:46:28,26,27,5876,10561
2023-11-01 12:47:31,25,27,5876,10561
2023-11-01 12:47:32,26,27,5876,10561
2023-11-01 12:47:34,25,27,5876,10561
2023-11-01 12:47:35,26,27,5876,10561
2023-11-01 12:47:49,25,27,5876,10561
2023-11-01 12:47:49,26,27,5876,10561
2023-11-01 12:47:50,25,27,5876,10561
2023-11-01 12:47:50,26,27,5876,10561
2023-11-01 12:47:55,25,27,5876,10561
2023-11-01 12:47:56,26,27,5876,10561
2023-11-01 12:47:57,25,27,5876,10561
2023-11-01 12:48:24,26,27,5876,10561
2023-11-01 12:48:53,25,27,5876,10561
2023-11-01 12:48:53,26,27,5876,10561
2023-11-01 12:49:04,25,27,5876,10561
2023-11-01 12:49:59,26,27,5876,10561
2023-11-01 12:50:00,25,27,5876,10561
2023-11-01 12:50:00,26,27,5876,10561
2023-11-01 12:50:14,25,27,5876,10561
2023-11-01 12:51:24,26,27,5876,10561
2023-11-01 12:51:24,25,27,5876,10561
2023-11-01 12:52:14,26,27,5876,10561
2023-11-01 12:52:16,25,27,5876,10561
2023-11-01 12:52:16,26,27,5876,10561
2023-11-01 12:52:16,25,27,5876,10561
2023-11-01 12:52:17,26,27,5876,10561
2023-11-01 12:52:35,25,27,5876,10561
2023-11-01 12:52:35,26,27,5876,10561
2023-11-01 12:52:53,25,27,5876,10561
2023-11-01 12:54:26,26,27,5876,10561
2023-11-01 12:54:38,25,27,5876,10561
2023-11-01 12:55:31,26,27,5876,10561
2023-11-01 12:55:40,25,27,5876,10561
2023-11-01 12:56:57,25,27,5889,10574
2023-11-01 12:57:31,26,27,5889,10574
2023-11-01 12:57:31,26,27,5889,10730
2023-11-01 12:57:31,25,27,5889,10730
2023-11-01 12:57:58,25,26,5889,10730
2023-11-01 12:58:20,25,27,5889,10730
2023-11-01 12:58:20,25,26,5889,10730
2023-11-01 12:58:27,25,27,5889,10730
2023-11-01 12:58:27,25,26,5889,10730
2023-11-01 12:58:30,25,27,5889,10730
2023-11-01 12:58:31,25,26,5889,10730
2023-11-01 12:58:37,25,27,5889,10730
2023-11-01 12:59:01,25,26,5889,10730
2023-11-01 12:59:04,25,27,5889,10730
2023-11-01 12:59:04,25,26,5889,10730
2023-11-01 12:59:31,25,27,5889,10730
2023-11-01 13:03:41,26,27,5889,10730
2023-11-01 13:03:42,25,27,5889,10730
2023-11-01 13:03:42,26,27,5889,10730
2023-11-01 13:04:47,25,27,5889,10730
2023-11-01 13:04:48,26,27,5889,10730
2023-11-01 13:04:58,25,27,5889,10730
2023-11-01 13:04:59,26,27,5889,10730
2023-11-01 13:05:02,25,27,5889,10730
2023-11-01 13:05:03,26,27,5889,10730
2023-11-01 13:05:38,25,27,5889,10730
2023-11-01 13:05:38,26,27,5889,10730
2023-11-01 13:05:49,25,27,5889,10730
2023-11-01 13:05:50,26,27,5889,10730
2023-11-01 13:05:56,25,27,5889,10730
2023-11-01 13:06:05,26,27,5889,10730
2023-11-01 13:06:53,25,27,5889,10730
2023-11-01 13:06:53,26,27,5889,10730
2023-11-01 13:06:54,25,27,5889,10730
2023-11-01 13:06:55,26,27,5889,10730
2023-11-01 13:06:56,25,27,5889,10730
2023-11-01 13:07:42,25,26,5889,10730
2023-11-01 13:07:43,24,26,5889,10730
2023-11-01 13:07:44,25,26,5889,10730
2023-11-01 13:07:51,25,27,5889,10730
2023-11-01 13:07:51,25,26,5889,10730
2023-11-01 13:07:51,25,27,5889,10730
2023-11-01 13:07:53,25,26,5889,10730
2023-11-01 13:08:03,25,27,5889,10730
2023-11-01 13:08:03,25,26,5889,10730
2023-11-01 13:08:03,25,27,5889,10730
2023-11-01 13:08:40,25,26,5889,10730
2023-11-01 13:08:41,24,26,5889,10730
2023-11-01 13:08:42,24,27,5889,10730
2023-11-01 13:08:43,24,26,5889,10730
2023-11-01 13:08:55,24,27,5889,10730
2023-11-01 13:08:55,24,26,5889,10730
2023-11-01 13:08:56,24,27,5889,10730
2023-11-01 13:08:58,25,27,5889,10730
2023-11-01 13:09:08,24,27,5889,10730
2023-11-01 13:09:08,25,27,5889,10730
2023-11-01 13:09:48,24,27,5889,10730
2023-11-01 13:09:49,25,27,5889,10730
2023-11-01 13:10:19,24,27,5889,10730
2023-11-01 13:10:19,25,27,5889,10730
2023-11-01 13:10:22,24,27,5889,10730
2023-11-01 13:10:23,25,27,5889,10730
2023-11-01 13:10:26,25,26,5889,10730
2023-11-01 13:10:26,24,26,5889,10730
2023-11-01 13:10:27,25,26,5889,10730
2023-11-01 13:10:35,24,26,5889,10730
2023-11-01 13:10:52,24,25,5889,10730
2023-11-01 13:10:57,24,26,5889,10730
2023-11-01 13:10:58,24,25,5889,10730
2023-11-01 13:10:59,24,26,5889,10730
2023-11-01 13:12:01,24,25,5889,10730
2023-11-01 13:12:41,24,25,5906,10747
2023-11-01 13:12:43,24,25,5920,10761
2023-11-01 13:12:48,24,25,5936,10777
2023-11-01 13:12:50,24,25,5953,10794
2023-11-01 13:12:52,24,25,5969,10810
2023-11-01 13:12:57,24,25,6029,10870
2023-11-01 13:12:58,23,25,6029,10870
2023-11-01 13:13:26,23,24,6029,10870
2023-11-01 13:13:46,23,25,6029,10870
2023-11-01 13:13:47,23,24,6029,10870
2023-11-01 13:13:47,23,25,6029,10870
2023-11-01 13:13:48,23,24,6029,10870
2023-11-01 13:13:50,23,24,6029,10970
2023-11-01 13:13:50,23,25,6029,10970
2023-11-01 13:13:50,23,24,6029,10970
2023-11-01 13:14:14,23,25,6029,11070
2023-11-01 13:15:13,23,24,6029,11070
2023-11-01 13:15:27,23,25,6029,11070
2023-11-01 13:16:02,23,26,6029,11070
2023-11-01 13:16:07,24,26,6029,11070
2023-11-01 13:16:44,24,25,6029,11070
2023-11-01 13:16:49,24,26,6029,11070
2023-11-01 13:17:05,24,25,6029,11070
2023-11-01 13:17:05,24,26,6029,11070
2023-11-01 13:17:33,24,25,6029,11070
2023-11-01 13:17:36,24,26,6029,11070
2023-11-01 13:17:51,24,25,6029,11070
2023-11-01 13:18:05,24,26,6029,11070
2023-11-01 13:18:07,24,25,6029,11070
2023-11-01 13:20:43,24,26,6029,11070
2023-11-01 13:20:44,24,25,6029,11070
2023-11-01 13:21:10,24,25,6042,11083
2023-11-01 13:21:17,24,25,6052,11093
2023-11-01 13:21:27,24,25,6059,11100
2023-11-01 13:21:33,24,25,6071,11112
2023-11-01 13:21:40,24,25,6083,11124
2023-11-01 13:21:42,23,25,6229,11270
2023-11-01 13:21:45,23,24,6229,11270
2023-11-01 13:21:48,23,25,6229,11270
2023-11-01 13:22:07,23,26,6229,11270
2023-11-01 13:22:07,23,25,6229,11270
2023-11-01 13:22:15,23,26,6229,11270
2023-11-01 13:22:15,23,25,6229,11270
2023-11-01 13:23:10,24,25,6229,11270
2023-11-01 13:23:10,24,25,6248,11289
2023-11-01 13:23:11,24,26,6248,11289
2023-11-01 13:23:11,24,26,6629,11670
2023-11-01 13:23:12,23,26,6629,11670
2023-11-01 13:23:15,24,26,6629,11670
2023-11-01 13:23:18,23,26,6629,11670
2023-11-01 13:23:19,24,26,6629,11670
2023-11-01 13:23:24,23,26,6629,11670
2023-11-01 13:23:28,23,25,6629,11670
2023-11-01 13:23:29,24,25,6629,11670
2023-11-01 13:23:32,23,25,6629,11670
2023-11-01 13:23:32,23,26,6629,11670
2023-11-01 13:23:32,23,25,6629,11670
2023-11-01 13:23:55,23,26,6629,11670
2023-11-01 13:23:56,24,26,6629,11670
2023-11-01 13:25:29,24,25,6629,11670
2023-11-01 13:25:30,24,26,6794,11835
2023-11-01 13:25:31,24,25,6794,11835
2023-11-01 13:25:31,24,26,6928,11969
2023-11-01 13:25:32,24,25,6928,11969
2023-11-01 13:25:32,24,26,7111,12152
2023-11-01 13:25:34,24,25,7111,12152
2023-11-01 13:25:45,24,26,7111,12152
2023-11-01 13:26:10,25,26,7111,12152
2023-11-01 13:26:14,25,27,7111,12152
2023-11-01 13:26:17,25,26,7111,12152
2023-11-01 13:26:20,25,27,7111,12152
2023-11-01 13:26:25,25,26,7111,12152
2023-11-01 13:26:27,25,27,7111,12152
2023-11-01 13:26:29,24,27,7111,12152
2023-11-01 13:26:29,24,26,7111,12152
2023-11-01 13:26:29,25,26,7111,12152
2023-11-01 13:26:30,24,26,7111,12152
2023-11-01 13:27:15,25,26,7111,12152
2023-11-01 13:27:15,24,26,7111,12152
2023-11-01 13:27:53,25,26,7111,12152
2023-11-01 13:27:54,24,26,7111,12152
2023-11-01 13:27:56,25,26,7111,12152
2023-11-01 13:28:09,24,26,7111,12152
2023-11-01 13:28:40,24,25,7111,12152
2023-11-01 13:28:43,24,26,7111,12152
2023-11-01 13:29:16,24,26,7111,12202
2023-11-01 13:29:54,24,26,7122,12213
2023-11-01 13:29:58,24,26,7138,12229
2023-11-01 13:30:31,25,26,7138,12229
2023-11-01 13:30:39,24,26,7138,12229
2023-11-01 13:31:38,25,26,7138,12229
2023-11-01 13:31:50,24,26,7138,12229
2023-11-01 13:31:59,25,26,7138,12229
2023-11-01 13:32:19,25,26,7138,12289
2023-11-01 13:32:21,25,27,7138,12289
2023-11-01 13:32:56,25,27,7138,12439
2023-11-01 13:33:02,26,27,7138,12439
2023-11-01 13:33:02,26,27,7138,12682
2023-11-01 13:33:02,25,27,7138,12682
2023-11-01 13:33:04,25,27,7138,12742
2023-11-01 13:33:07,26,27,7138,12742
2023-11-01 13:33:10,26,27,7138,12770
2023-11-01 13:33:11,25,27,7138,12770
2023-11-01 13:33:17,26,27,7138,12770
2023-11-01 13:33:17,26,27,7138,12862
2023-11-01 13:33:17,25,27,7138,12862
2023-11-01 13:33:18,26,27,7138,12862
2023-11-01 13:33:21,25,27,7177,12968
2023-11-01 13:33:21,26,27,7177,12968
2023-11-01 13:33:25,26,27,7327,13118
2023-11-01 13:33:26,25,27,7327,13118
2023-11-01 13:36:25,25,26,7327,13118
2023-11-01 13:37:10,25,27,7327,13118
2023-11-01 13:37:11,25,26,7327,13118
2023-11-01 13:37:50,25,27,7327,13118
2023-11-01 13:37:50,25,26,7327,13118
2023-11-01 13:38:00,25,26,7327,13168
2023-11-01 13:40:38,25,26,7516,13357
2023-11-01 13:40:39,24,26,7516,13357
2023-11-01 13:41:13,24,25,7516,13357
2023-11-01 13:41:53,23,25,7516,13357
2023-11-01 13:42:31,24,25,7516,13357
2023-11-01 13:42:36,23,25,7516,13357
2023-11-01 13:42:36,24,25,7516,13357
2023-11-01 13:42:42,23,25,7516,13357
2023-11-01 13:43:52,23,24,7516,13357
2023-11-01 13:43:56,23,25,7516,13357
2023-11-01 13:43:56,23,24,7516,13357
2023-11-01 13:44:09,23,25,7516,13357
2023-11-01 13:44:09,23,24,7516,13357
2023-11-01 13:44:10,23,25,7516,13357
2023-11-01 13:45:25,24,25,7516,13357
2023-11-01 13:45:42,24,26,7516,13357
2023-11-01 13:45:43,24,25,7516,13357
2023-11-01 13:45:59,24,26,7516,13557
2023-11-01 13:46:16,24,25,7516,13557
2023-11-01 13:46:19,24,26,7541,13721
2023-11-01 13:47:12,25,26,7541,13721
2023-11-01 13:47:13,24,26,7541,13721
2023-11-01 13:47:16,25,26,7541,13721
2023-11-01 13:47:16,24,26,7541,13721
2023-11-01 13:47:17,25,26,7541,13721
2023-11-01 13:47:32,24,26,7541,13721
2023-11-01 13:47:49,25,26,7541,13721
2023-11-01 13:47:50,24,26,7541,13721
2023-11-01 13:47:50,25,26,7541,13721
2023-11-01 13:48:03,24,26,7541,13721
2023-11-01 13:48:04,25,26,7541,13721
2023-11-01 13:48:12,24,26,7541,13721
2023-11-01 13:48:25,25,26,7541,13721
2023-11-01 13:48:25,24,26,7541,13721
2023-11-01 13:49:55,24,26,7542,13722
2023-11-01 13:49:55,24,25,7542,13722
2023-11-01 13:51:38,24,25,7733,13913
2023-11-01 13:51:39,23,25,7733,13913
2023-11-01 13:51:49,23,24,7733,13913
2023-11-01 13:53:58,23,25,7737,13918
2023-11-01 13:54:37,23,24,7737,13918
2023-11-01 13:54:54,23,25,7832,14013
2023-11-01 13:56:40,23,24,7832,14013
2023-11-01 13:57:07,23,25,8032,14213
2023-11-01 13:58:12,23,24,8032,14213
2023-11-01 13:58:40,23,24,8056,14237
2023-11-01 14:00:06,22,24,8056,14237
2023-11-01 14:00:07,21,24,8056,14237
2023-11-01 14:00:15,21,23,8056,14237
2023-11-01 14:00:17,21,22,8056,14237
2023-11-01 14:00:32,20,22,8056,14237
2023-11-01 14:00:34,20,21,8056,14237
2023-11-01 14:00:34,19,21,8056,14237
2023-11-01 14:00:37,19,22,8056,14237
2023-11-01 14:00:43,20,22,8056,14237
2023-11-01 14:00:46,20,21,8056,14237
2023-11-01 14:00:51,19,21,8056,14237
2023-11-01 14:01:04,20,21,8056,14237
2023-11-01 14:01:05,21,23,8162,14343
2023-11-01 14:01:12,21,24,8162,14343
2023-11-01 14:01:12,22,24,8162,14343
2023-11-01 14:01:26,22,25,8162,14343
2023-11-01 14:01:26,22,24,8162,14343
2023-11-01 14:01:26,23,24,8162,14343
2023-11-01 14:01:27,23,25,8162,14343
2023-11-01 14:01:27,23,24,8162,14343
2023-11-01 14:01:32,22,24,8162,14343
2023-11-01 14:01:33,23,24,8162,14343
2023-11-01 14:01:39,22,24,8162,14343
2023-11-01 14:01:44,22,25,8162,14343
2023-11-01 14:01:51,23,25,8162,14343
2023-11-01 14:01:55,24,25,8162,14343
2023-11-01 14:02:00,24,25,8162,14363
2023-11-01 14:02:06,23,25,8162,14363
2023-11-01 14:02:19,23,24,8162,14363
2023-11-01 14:02:46,22,24,8162,14363
2023-11-01 14:03:12,22,23,8162,14363
2023-11-01 14:03:19,22,25,8264,14465
2023-11-01 14:03:25,22,24,8264,14465
2023-11-01 14:03:32,21,24,8264,14465
2023-11-01 14:03:54,21,23,8264,14465
2023-11-01 14:04:01,22,23,8264,14465
2023-11-01 14:04:06,22,24,8414,14615
2023-11-01 14:04:09,23,24,8414,14615
2023-11-01 14:04:42,23,25,8464,14665
2023-11-01 14:04:44,24,25,8464,14665
2023-11-01 14:04:47,23,25,8464,14665
2023-11-01 14:05:00,24,25,8464,14665
2023-11-01 14:05:01,23,25,8464,14665
2023-11-01 14:05:01,24,25,8464,14665
2023-11-01 14:05:07,23,25,8464,14665
2023-11-01 14:05:12,23,24,8464,14665
2023-11-01 14:06:04,23,25,8514,14715
2023-11-01 14:06:20,24,25,8514,14715
2023-11-01 14:06:36,24,25,8555,14761
2023-11-01 14:06:37,23,25,8555,14761
2023-11-01 14:07:04,24,25,8555,14761
2023-11-01 14:07:05,24,26,8555,14761
2023-11-01 14:07:11,25,26,8555,14761
2023-11-01 14:07:23,24,26,8555,14761
2023-11-01 14:07:36,25,26,8555,14761
2023-11-01 14:07:45,24,26,8555,14761
2023-11-01 14:07:45,25,26,8555,14761
2023-11-01 14:08:07,24,26,8555,14761
2023-11-01 14:08:10,23,26,8555,14761
2023-11-01 14:08:11,24,26,8555,14761
2023-11-01 14:08:27,23,26,8555,14761
2023-11-01 14:08:29,24,26,8555,14761
2023-11-01 14:08:42,24,25,8555,14761
2023-11-01 14:08:50,24,26,8555,14761
2023-11-01 14:08:58,25,26,8555,14761
2023-11-01 14:08:59,24,26,8555,14761
2023-11-01 14:08:59,25,26,8555,14761
2023-11-01 14:09:15,25,26,8555,15011
2023-11-01 14:13:25,25,26,8555,15039
2023-11-01 14:13:37,25,27,8555,15161
2023-11-01 14:14:09,26,27,8555,15161
2023-11-01 14:14:16,25,27,8555,15161
2023-11-01 14:14:20,26,27,8555,15161
2023-11-01 14:14:21,25,27,8555,15161
2023-11-01 14:14:21,26,27,8555,15161
2023-11-01 14:14:29,25,27,8555,15161
2023-11-01 14:14:41,26,27,8555,15161
2023-11-01 14:14:55,26,27,8615,15221
2023-11-01 14:15:01,26,27,8777,15383
2023-11-01 14:15:12,26,28,8777,15383
2023-11-01 14:15:12,27,28,8777,15383
2023-11-01 14:15:13,27,28,8957,15563
2023-11-01 14:15:14,27,28,9077,15683
2023-11-01 14:15:15,26,28,9077,15683
2023-11-01 14:15:15,27,28,9077,15683
2023-11-01 14:15:16,27,28,9152,15758
2023-11-01 14:15:18,27,28,9283,15889
2023-11-01 14:15:20,27,28,9313,15919
2023-11-01 14:15:21,27,28,9370,15976
2023-11-01 14:15:22,26,28,9370,15976
2023-11-01 14:15:44,26,27,9370,15976
2023-11-01 14:15:49,25,27,9370,15976
2023-11-01 14:15:55,25,28,9370,15976
2023-11-01 14:15:55,26,28,9370,15976
2023-11-01 14:16:00,27,28,9370,15976
2023-11-01 14:16:00,27,28,9377,15983
2023-11-01 14:16:03,27,28,9390,15996
2023-11-01 14:16:53,26,28,9390,15996
2023-11-01 14:16:53,25,28,9390,15996
2023-11-01 14:16:53,26,28,9390,15996
2023-11-01 14:16:53,26,27,9390,15996
2023-11-01 14:16:54,25,27,9390,15996
2023-11-01 14:16:57,26,27,9390,15996
2023-11-01 14:17:14,25,27,9390,15996
2023-11-01 14:17:16,25,26,9390,15996
2023-11-01 14:21:06,24,26,9390,15996
2023-11-01 14:21:06,23,26,9390,15996
2023-11-01 14:21:07,23,25,9390,15996
2023-11-01 14:21:10,24,25,9390,15996
2023-11-01 14:21:32,24,26,9390,16036
2023-11-01 14:21:43,24,27,9390,16036
2023-11-01 14:21:44,25,27,9390,16036
2023-11-01 14:21:44,24,27,9390,16036
2023-11-01 14:21:45,25,27,9390,16036
2023-11-01 14:21:46,25,26,9390,16036
2023-11-01 14:21:47,24,26,9390,16036
2023-11-01 14:21:53,24,27,9390,16036
2023-11-01 14:21:54,24,26,9390,16036
2023-11-01 14:21:54,24,27,9390,16036
2023-11-01 14:21:55,24,26,9390,16036
2023-11-01 14:21:56,25,26,9390,16036
2023-11-01 14:21:59,25,27,9390,16036
2023-11-01 14:22:01,25,26,9390,16036
2023-11-01 14:22:03,24,26,9390,16036
2023-11-01 14:22:04,25,26,9390,16036
2023-11-01 14:22:09,25,27,9390,16036
2023-11-01 14:22:24,25,26,9390,16036
2023-11-01 14:22:29,25,27,9390,16036
2023-11-01 14:22:29,25,26,9390,16036
2023-11-01 14:22:37,25,27,9390,16036
2023-11-01 14:22:37,25,26,9390,16036
2023-11-01 14:22:53,25,27,9390,16036
2023-11-01 14:22:53,25,26,9390,16036
2023-11-01 14:22:58,24,26,9390,16036
2023-11-01 14:23:04,24,25,9390,16036
2023-11-01 14:23:09,24,26,9390,16036
2023-11-01 14:23:43,24,25,9390,16036
2023-11-01 14:23:52,24,26,9390,16036
2023-11-01 14:24:45,25,26,9390,16036
2023-11-01 14:24:51,24,26,9390,16036
2023-11-01 14:25:47,24,27,9390,16036
2023-11-01 14:25:47,24,26,9390,16036
2023-11-01 14:25:53,24,27,9390,16036
2023-11-01 14:25:54,25,27,9390,16036
2023-11-01 14:25:58,24,27,9390,16036
2023-11-01 14:25:58,24,26,9390,16036
2023-11-01 14:26:50,24,27,9390,16036
2023-11-01 14:26:54,25,27,9390,16036
2023-11-01 14:27:08,25,26,9390,16036
2023-11-01 14:27:11,24,26,9390,16036
2023-11-01 14:27:32,24,25,9390,16036
2023-11-01 14:28:07,23,25,9390,16036
2023-11-01 14:28:55,23,24,9390,16036
2023-11-01 14:29:12,23,25,9390,16036
2023-11-01 14:29:15,23,24,9390,16036
2023-11-01 14:29:20,23,24,9390,16164
2023-11-01 14:29:28,23,25,9390,16164
2023-11-01 14:30:15,23,24,9390,16164
2023-11-01 14:30:22,23,25,9390,16164
2023-11-01 14:30:23,23,24,9390,16164
2023-11-01 14:30:23,23,25,9390,16164
2023-11-01 14:30:24,23,24,9390,16164
2023-11-01 14:30:47,22,24,9390,16164
2023-11-01 14:31:15,22,23,9390,16164
2023-11-01 14:31:28,21,23,9390,16164
2023-11-01 14:31:32,21,22,9390,16164
2023-11-01 14:31:38,20,22,9390,16164
2023-11-01 14:31:41,20,21,9390,16164
2023-11-01 14:31:42,19,21,9390,16164
2023-11-01 14:31:45,19,20,9390,16164
2023-11-01 14:31:50,19,21,9390,16164
2023-11-01 14:31:52,19,20,9390,16164
2023-11-01 14:31:56,19,20,9390,16414
2023-11-01 14:32:00,19,21,9390,16430
2023-11-01 14:32:00,19,20,9390,16430
2023-11-01 14:32:04,19,21,9390,16430
2023-11-01 14:32:06,19,20,9390,16430
2023-11-01 14:32:09,19,21,9390,16647
2023-11-01 14:32:27,19,20,9390,16647
2023-11-01 14:33:00,19,21,9390,16647
2023-11-01 14:33:04,19,20,9390,16647
2023-11-01 14:33:05,19,21,9390,16647
2023-11-01 14:33:05,19,20,9390,16647
2023-11-01 14:33:50,18,20,9390,16647
2023-11-01 14:33:53,18,19,9390,16647
2023-11-01 14:34:06,18,19,9391,16648
2023-11-01 14:34:19,17,19,9391,16648
2023-11-01 14:34:31,17,18,9391,16648
2023-11-01 14:34:33,17,18,9391,16848
2023-11-01 14:34:33,17,18,9511,16968
2023-11-01 14:34:41,17,19,9511,16968
2023-11-01 14:34:41,17,18,9511,16968
2023-11-01 14:34:42,17,19,9511,16968
2023-11-01 14:34:46,17,20,9511,16968
2023-11-01 14:34:49,17,19,9511,16968
2023-11-01 14:34:57,17,18,9511,16968
2023-11-01 14:35:09,17,19,9511,16968
2023-11-01 14:35:09,17,18,9511,16968
2023-11-01 14:35:33,16,17,9511,17011
2023-11-01 14:35:34,16,18,9511,17011
2023-11-01 14:35:36,16,17,9511,17011
2023-11-01 14:35:38,15,17,9511,17011
2023-11-01 14:35:38,14,16,9511,17011
2023-11-01 14:35:41,14,17,9511,17011
2023-11-01 14:35:41,15,17,9511,17011
2023-11-01 14:35:43,14,17,9511,17011
2023-11-01 14:35:48,15,17,9511,17011
2023-11-01 14:35:51,15,18,9511,17011
2023-11-01 14:35:51,16,18,9511,17011
2023-11-01 14:35:52,15,18,9511,17011
2023-11-01 14:35:52,17,18,9511,17011
2023-11-01 14:35:53,17,19,9511,17011
2023-11-01 14:35:54,17,20,9511,17011
2023-11-01 14:35:54,19,20,9511,17011
2023-11-01 14:35:57,18,20,9511,17011
2023-11-01 14:36:06,19,20,9511,17011
2023-11-01 14:36:09,18,20,9511,17161
2023-11-01 14:36:09,17,19,9511,17161
2023-11-01 14:36:13,17,20,9511,17161
2023-11-01 14:36:13,17,19,9511,17161
2023-11-01 14:36:15,17,20,9511,17161
2023-11-01 14:36:16,18,20,9511,17161
2023-11-01 14:36:30,17,20,9511,17161
2023-11-01 14:36:37,17,19,9511,17161
2023-11-01 14:36:57,17,18,9511,17161
2023-11-01 14:36:58,16,18,9511,17161
2023-11-01 14:36:58,16,17,9511,17161
2023-11-01 14:36:58,15,17,9511,17161
2023-11-01 14:37:01,15,16,9511,17161
2023-11-01 14:37:15,15,17,9511,17161
2023-11-01 14:37:33,15,16,9511,17161
2023-11-01 14:37:34,14,16,9511,17161
2023-11-01 14:37:50,14,17,9511,17161
2023-11-01 14:37:50,15,17,9511,17161
2023-11-01 14:37:53,15,18,9511,17161
2023-11-01 14:37:53,16,18,9511,17161
2023-11-01 14:38:18,15,18,9511,17161
2023-11-01 14:38:18,15,17,9511,17161
2023-11-01 14:38:25,15,18,9511,17161
2023-11-01 14:38:33,16,18,9511,17161
2023-11-01 14:38:35,16,19,9511,17161
2023-11-01 14:38:35,17,19,9511,17161
2023-11-01 14:38:36,18,19,9511,17161
2023-11-01 14:38:36,18,20,9511,17161
2023-11-01 14:38:38,18,20,9511,17411
2023-11-01 14:38:43,18,20,9511,17661
2023-11-01 14:38:46,18,20,9511,17911
2023-11-01 14:38:47,19,20,9511,17911
2023-11-01 14:38:47,19,21,9511,17937
2023-11-01 14:38:48,20,21,9511,17937
2023-11-01 14:38:49,20,22,9512,17938
2023-11-01 14:38:51,21,22,9512,17938
2023-11-01 14:38:52,21,23,9512,17938
2023-11-01 14:38:52,21,24,9512,17938
2023-11-01 14:38:53,22,24,9512,17938
2023-11-01 14:39:02,22,24,9514,18188
2023-11-01 14:39:02,22,25,9514,18188
2023-11-01 14:39:02,19,25,9514,18188
2023-11-01 14:39:02,24,25,9514,18188
2023-11-01 14:39:03,24,25,9594,18388
2023-11-01 14:39:03,24,25,9794,18588
2023-11-01 14:39:12,24,25,9796,18590
2023-11-01 14:39:15,23,25,9796,18590
2023-11-01 14:39:27,24,25,9796,18590
2023-11-01 14:39:30,24,26,9796,18590
2023-11-01 14:39:31,24,27,9796,18590
2023-11-01 14:39:31,25,27,9796,18590
2023-11-01 14:39:39,24,27,9796,18590
2023-11-01 14:39:39,24,26,9796,18590
2023-11-01 14:39:46,24,25,9796,18590
2023-11-01 14:39:47,23,25,9796,18590
2023-11-01 14:39:48,23,26,9796,18590
2023-11-01 14:39:48,23,25,9796,18590
2023-11-01 14:39:51,24,25,9796,18590
2023-11-01 14:39:55,24,27,9796,18590
2023-11-01 14:40:03,24,26,9796,18590
2023-11-01 14:40:05,24,27,9796,18590
2023-11-01 14:40:17,24,26,9796,18590
2023-11-01 14:40:20,24,27,9796,18590
2023-11-01 14:40:23,24,26,9796,18590
2023-11-01 14:40:23,24,25,9796,18590
2023-11-01 14:40:24,24,25,9796,18840
2023-11-01 14:40:33,24,27,9796,18840
2023-11-01 14:40:33,24,26,9796,18840
2023-11-01 14:40:34,25,26,9796,18840
2023-11-01 14:40:34,25,26,9996,19040
2023-11-01 14:40:34,25,27,9996,19094
2023-11-01 14:40:36,25,28,9996,19094
2023-11-01 14:40:36,26,28,9996,19094
2023-11-01 14:40:36,27,28,9996,19094
2023-11-01 14:40:37,27,29,9996,19094
2023-11-01 14:40:44,28,29,9996,19094
2023-11-01 14:40:44,28,30,9996,19125
2023-11-01 14:41:05,29,30,9996,19125
2023-11-01 14:41:05,29,30,9796,19325
2023-11-01 14:41:06,29,31,9796,19325
2023-11-01 14:41:08,30,31,9796,19325
2023-11-01 14:41:12,29,31,9796,19325
2023-11-01 14:41:12,30,31,9796,19325
2023-11-01 14:41:13,29,31,9796,19325
2023-11-01 14:41:30,29,30,9796,19325
2023-11-01 14:41:35,29,31,9796,19325
2023-11-01 14:41:35,29,30,9796,19325
2023-11-01 14:41:39,28,30,9796,19325
2023-11-01 14:41:39,28,29,9796,19325
2023-11-01 14:41:41,28,30,9796,19325
2023-11-01 14:41:41,28,29,9796,19325
2023-11-01 14:41:48,28,31,9796,19325
2023-11-01 14:41:48,28,30,9796,19325
2023-11-01 14:41:50,29,30,9796,19325
2023-11-01 14:41:53,29,31,9796,19325
2023-11-01 14:41:59,30,31,9796,19325
2023-11-01 14:42:02,30,32,9796,19325
2023-11-01 14:42:12,30,33,9796,19325
2023-11-01 14:42:15,31,33,9796,19325
2023-11-01 14:42:16,32,33,9796,19325
2023-11-01 14:42:31,32,34,9796,19325
2023-11-01 14:42:31,33,34,9796,19325
2023-11-01 14:42:32,32,34,9796,19325
2023-11-01 14:42:32,33,34,9796,19325
2023-11-01 14:42:36,33,34,9796,19329
2023-11-01 14:42:42,32,34,9796,19329
2023-11-01 14:42:42,33,34,9796,19329
2023-11-01 14:42:45,32,34,9796,19329
2023-11-01 14:42:47,33,34,9796,19329
2023-11-01 14:42:53,32,33,9796,19330
2023-11-01 14:43:04,32,34,9796,19330
2023-11-01 14:43:05,32,33,9796,19330
2023-11-01 14:43:06,31,33,9796,19330
2023-11-01 14:43:07,31,32,9796,19330
2023-11-01 14:43:18,30,32,9796,19330
2023-11-01 14:43:18,30,31,9796,19330
2023-11-01 14:43:18,30,32,9796,19330
2023-11-01 14:43:26,30,31,9796,19330
2023-11-01 14:43:26,29,31,9796,19330
2023-11-01 14:43:51,30,31,9796,19330
2023-11-01 14:43:52,30,32,9796,19330
2023-11-01 14:44:05,30,31,9796,19330
2023-11-01 14:44:05,29,31,9796,19330
2023-11-01 14:44:12,29,32,9796,19330
2023-11-01 14:44:13,30,32,9796,19330
2023-11-01 14:44:17,31,32,9796,19330
2023-11-01 14:44:20,32,33,9796,19332
2023-11-01 14:44:21,32,34,9796,19332
2023-11-01 14:44:27,33,34,9796,19332
2023-11-01 14:44:28,32,33,9529,19599
2023-11-01 14:44:30,32,34,9529,19599
2023-11-01 14:44:36,33,34,9529,19599
2023-11-01 14:44:49,32,34,9529,19599
2023-11-01 14:44:49,33,34,9529,19599
2023-11-01 14:44:51,32,34,9529,19599
2023-11-01 14:44:52,33,34,9529,19599
2023-11-01 14:44:53,32,34,9529,19599
2023-11-01 14:44:55,33,34,9529,19599
2023-11-01 14:45:11,32,34,9529,19599
2023-11-01 14:45:11,33,34,9529,19599
2023-11-01 14:45:14,32,34,9529,19599
2023-11-01 14:45:24,32,33,9529,19599
2023-11-01 14:45:24,31,33,9529,19599
2023-11-01 14:45:45,31,32,9529,19599
2023-11-01 14:45:48,30,32,9529,19599
2023-11-01 14:45:52,30,31,9529,19599
2023-11-01 14:46:01,29,31,9529,19599
2023-11-01 14:46:02,29,30,9529,19599
2023-11-01 14:46:32,29,31,9529,19599
2023-11-01 14:46:52,29,32,9529,19599
2023-11-01 14:46:56,29,31,9529,19599
2023-11-01 14:47:00,29,32,9529,19599
2023-11-01 14:47:01,31,32,9529,19599
2023-11-01 14:47:01,31,33,9529,19599
2023-11-01 14:47:16,31,32,9529,19599
2023-11-01 14:47:17,31,33,9529,19599
2023-11-01 14:47:18,31,32,9529,19599
2023-11-01 14:47:19,30,32,9529,19599
2023-11-01 14:47:29,30,33,9529,19599
2023-11-01 14:47:33,31,33,9529,19599
2023-11-01 14:47:34,31,33,9530,19600
2023-11-01 14:47:43,31,34,9530,19600
2023-11-01 14:47:44,32,34,9530,19600
2023-11-01 14:47:51,32,34,9530,19650
2023-11-01 14:48:04,32,33,9530,19650
2023-11-01 14:48:04,31,33,9530,19650
2023-11-01 14:48:22,31,32,9530,19650
2023-11-01 14:48:23,31,33,9530,19650
2023-11-01 14:48:25,31,34,9530,19650
2023-11-01 14:48:27,32,34,9530,19650
2023-11-01 14:48:40,32,33,9530,19650
2023-11-01 14:48:42,31,33,9530,19650
2023-11-01 14:48:43,32,33,9530,19650
2023-11-01 14:48:43,32,34,9530,19650
2023-11-01 14:48:44,33,34,9530,19650
2023-11-01 14:48:44,33,35,9530,19650
2023-11-01 14:48:45,34,35,9530,19650
2023-11-01 14:48:46,34,36,9530,19650
2023-11-01 14:48:48,35,36,9530,19650
2023-11-01 14:48:55,34,36,9530,19650
2023-11-01 14:48:55,35,36,9530,19650
2023-11-01 14:49:01,36,37,9530,19651
2023-11-01 14:49:11,36,37,9480,19701
2023-11-01 14:49:12,36,37,9430,19751
2023-11-01 14:49:12,36,37,9380,19801
2023-11-01 14:49:12,36,38,9330,19851
2023-11-01 14:49:12,37,38,9330,19851
2023-11-01 14:49:18,36,38,9330,19851
2023-11-01 14:49:19,36,37,9330,19851
2023-11-01 14:49:22,35,37,9330,19851
2023-11-01 14:49:26,34,37,9330,19851
2023-11-01 14:49:26,35,37,9330,19851
2023-11-01 14:49:27,34,37,9330,19851
2023-11-01 14:49:27,35,37,9330,19851
2023-11-01 14:49:27,35,37,9134,20047
2023-11-01 14:49:30,35,37,8990,20191
2023-11-01 14:49:32,35,37,8859,20322
2023-11-01 14:49:33,35,38,8859,20322
2023-11-01 14:49:34,36,38,8859,20322
2023-11-01 14:49:35,35,38,8859,20322
2023-11-01 14:49:36,35,38,8771,20410
2023-11-01 14:49:36,36,38,8771,20410
2023-11-01 14:49:49,35,38,8771,20410
2023-11-01 14:49:51,35,38,8598,20583
2023-11-01 14:49:51,36,38,8598,20583
2023-11-01 14:49:52,36,38,8584,20597
2023-11-01 14:49:54,35,38,8584,20597
2023-11-01 14:49:54,35,37,8584,20597
2023-11-01 14:49:55,35,36,8584,20597
2023-11-01 14:49:55,34,36,8584,20597
2023-11-01 14:49:57,33,36,8584,20597
2023-11-01 14:49:57,33,35,8584,20597
2023-11-01 14:50:01,33,34,8584,20597
2023-11-01 14:50:19,33,35,8584,20597
2023-11-01 14:50:21,33,34,8584,20597
2023-11-01 14:50:32,33,34,8644,20657
2023-11-01 14:50:33,32,34,8644,20657
2023-11-01 14:50:35,32,33,8644,20657
2023-11-01 14:50:37,31,33,8644,20657
2023-11-01 14:50:37,31,32,8644,20657
2023-11-01 14:50:41,30,32,8644,20657
2023-11-01 14:50:41,29,31,8644,20657
2023-11-01 14:50:42,29,30,8644,20657
2023-11-01 14:50:43,29,33,8644,20657
2023-11-01 14:50:43,29,31,8644,20657
2023-11-01 14:50:44,29,30,8644,20657
2023-11-01 14:50:53,27,30,8644,20657
2023-11-01 14:50:53,27,29,8644,20657
2023-11-01 14:50:59,27,28,8694,20707
2023-11-01 14:50:59,27,28,8744,20757
2023-11-01 14:50:59,27,28,8794,20807
2023-11-01 14:50:59,26,28,8844,20857
2023-11-01 14:51:00,26,27,8844,20857
2023-11-01 14:51:10,26,27,8894,20907
2023-11-01 14:51:10,26,27,8944,20957
2023-11-01 14:51:10,26,27,8994,21007
2023-11-01 14:51:11,25,27,9044,21057
2023-11-01 14:51:11,25,26,9044,21057
2023-11-01 14:51:11,25,26,9044,21117
2023-11-01 14:51:16,25,28,9044,21270
2023-11-01 14:51:16,25,27,9044,21270
2023-11-01 14:51:18,25,28,9044,21270
2023-11-01 14:51:18,25,27,9044,21270
2023-11-01 14:51:18,25,26,9044,21270
2023-11-01 14:51:18,25,26,9044,21317
2023-11-01 14:51:19,25,28,9044,21317
2023-11-01 14:51:19,25,27,9044,21317
2023-11-01 14:51:19,26,27,9044,21317
2023-11-01 14:51:20,26,27,9294,21567
2023-11-01 14:51:24,26,27,9294,21627
2023-11-01 14:51:27,26,27,9494,21827
2023-11-01 14:51:27,26,28,9494,21827
2023-11-01 14:51:28,26,27,9494,21827
2023-11-01 14:51:30,26,27,9744,22077
2023-11-01 14:51:31,26,27,9994,22327
2023-11-01 14:51:32,26,27,9994,22387
2023-11-01 14:51:33,26,28,9994,22387
2023-11-01 14:51:34,26,27,9994,22387
2023-11-01 14:51:38,26,28,9994,22387
2023-11-01 14:51:39,26,27,9994,22387
2023-11-01 14:51:42,25,27,9994,22387
2023-11-01 14:51:48,25,28,9994,22387
2023-11-01 14:51:48,25,26,9994,22387
2023-11-01 14:51:49,25,28,10236,22629
2023-11-01 14:51:49,25,27,10236,22629
2023-11-01 14:51:50,26,27,10236,22629
2023-11-01 14:51:54,26,28,10236,22629
2023-11-01 14:52:00,26,28,10436,22829
2023-11-01 14:52:00,27,30,10436,22829
2023-11-01 14:52:00,27,28,10436,22829
2023-11-01 14:52:00,27,30,10436,22829
2023-11-01 14:52:00,28,30,10436,22829
2023-11-01 14:52:04,28,29,10436,22829
2023-11-01 14:52:12,28,30,10436,22829
2023-11-01 14:52:13,28,31,10436,22829
2023-11-01 14:52:13,28,31,10336,22929
2023-11-01 14:52:14,29,31,10336,22929
2023-11-01 14:52:18,29,30,10336,22929
2023-11-01 14:52:18,29,31,10336,22929
2023-11-01 14:52:19,29,30,10336,22929
2023-11-01 14:52:25,29,30,10586,23179
2023-11-01 14:52:25,29,31,10586,23179
2023-11-01 14:52:25,29,30,10586,23179
2023-11-01 14:52:28,29,31,10586,23179
2023-11-01 14:52:38,29,30,10586,23179
2023-11-01 14:52:38,29,30,10836,23429
2023-11-01 14:52:39,29,31,10836,23429
2023-11-01 14:52:46,28,31,10836,23429
2023-11-01 14:52:48,28,30,10836,23429
2023-11-01 14:53:00,28,29,10836,23429
2023-11-01 14:53:02,27,29,10796,23469
2023-11-01 14:53:08,26,29,10796,23469
2023-11-01 14:53:08,26,28,10796,23469
2023-11-01 14:53:11,26,27,10796,23469
2023-11-01 14:53:12,26,28,10796,23469
2023-11-01 14:53:13,26,27,10796,23469
2023-11-01 14:53:15,25,27,10796,23469
2023-11-01 14:54:14,25,28,10796,23469
2023-11-01 14:54:15,25,27,10796,23469
2023-11-01 14:54:30,25,28,10796,23469
2023-11-01 14:54:33,26,28,10796,23469
2023-11-01 14:54:34,26,29,10796,23469
2023-11-01 14:54:38,27,29,10796,23469
2023-11-01 14:54:43,27,30,10796,23469
2023-11-01 14:54:44,28,30,10796,23469
2023-11-01 14:55:05,28,29,10796,23469
2023-11-01 14:55:06,27,29,10796,23469
2023-11-01 14:55:18,26,29,10796,23469
2023-11-01 14:55:18,26,28,10796,23469
2023-11-01 14:55:25,26,27,10796,23469
2023-11-01 14:55:25,26,27,10815,23488
2023-11-01 14:55:28,25,27,10815,23488
2023-11-01 14:55:50,25,26,10815,23488
2023-11-01 14:55:50,24,26,10815,23488
2023-11-01 14:56:01,24,25,10815,23488
2023-11-01 14:56:02,23,25,10815,23488
2023-11-01 14:56:02,23,24,10815,23488
2023-11-01 14:56:02,22,23,10815,23563
2023-11-01 14:56:03,22,24,10815,23563
2023-11-01 14:56:03,22,23,10815,23563
2023-11-01 14:56:04,22,24,10815,23638
2023-11-01 14:56:07,22,25,10815,23638
2023-11-01 14:56:08,22,24,10815,23638
2023-11-01 14:56:16,22,23,10815,23638
2023-11-01 14:56:16,21,23,10834,23657
2023-11-01 14:56:17,21,22,10834,23657
2023-11-01 14:56:23,20,22,10834,23657
2023-11-01 14:56:25,20,21,10834,23657
2023-11-01 14:56:29,19,21,10834,23657
2023-11-01 14:56:30,18,19,10834,23732
2023-11-01 14:56:31,18,19,10894,23792
2023-11-01 14:56:32,17,19,10894,23792
2023-11-01 14:56:36,17,19,11094,23992
2023-11-01 14:56:50,17,18,11094,23992
2023-11-01 14:56:52,16,18,11094,23992
2023-11-01 14:56:55,17,18,11094,23992
2023-11-01 14:56:59,16,18,11094,23992
2023-11-01 14:56:59,17,18,11094,23992
2023-11-01 14:57:01,16,17,10799,24287
2023-11-01 14:57:01,15,17,10799,24287
2023-11-01 14:57:13,16,17,10799,24287
2023-11-01 14:57:15,16,18,10799,24287
2023-11-01 14:57:21,16,17,10799,24287
2023-11-01 14:57:21,15,17,10799,24287
2023-11-01 14:57:22,16,17,10799,24287
2023-11-01 14:57:31,15,17,10799,24287
2023-11-01 14:57:33,15,16,10799,24287
2023-11-01 14:57:34,14,16,10799,24287
2023-11-01 14:57:37,14,15,10799,24287
2023-11-01 14:57:39,14,15,10399,24687
2023-11-01 14:57:39,13,15,10399,24687
2023-11-01 14:57:39,13,14,10399,24687
2023-11-01 14:57:51,12,14,10399,24687
2023-11-01 14:57:54,12,13,10399,24687
2023-11-01 14:58:02,12,14,10399,24687
2023-11-01 14:58:05,13,14,10399,24687
2023-11-01 14:58:21,12,14,10399,24687
2023-11-01 14:58:24,12,13,10399,24687
2023-11-01 14:58:28,12,14,10399,24687
2023-11-01 14:58:34,13,14,10399,24687
2023-11-01 14:58:39,12,13,10399,24837
2023-11-01 14:58:51,11,13,10399,24837
2023-11-01 14:58:51,12,13,10399,24837
2023-11-01 14:58:57,12,13,10199,25037
2023-11-01 14:58:57,11,13,10199,25037
2023-11-01 14:58:57,11,12,10199,25037
2023-11-01 14:58:58,11,12,10199,25097
2023-11-01 14:58:58,10,12,10199,25097
2023-11-01 14:58:58,10,11,10199,25097
2023-11-01 14:59:04,10,13,10199,25097
2023-11-01 14:59:04,11,13,10199,25097
2023-11-01 14:59:04,11,12,10199,25097
2023-11-01 14:59:29,11,13,10199,25097
2023-11-01 14:59:29,12,13,10199,25097
2023-11-01 14:59:30,11,13,10199,25097
2023-11-01 14:59:30,12,13,10199,25097
2023-11-01 14:59:32,12,15,10199,25097
2023-11-01 14:59:32,12,14,10199,25097
2023-11-01 14:59:33,13,14,10199,25097
2023-11-01 14:59:50,11,14,10199,25097
2023-11-01 14:59:50,12,14,10199,25097
2023-11-01 14:59:50,12,13,10199,25097
2023-11-01 14:59:52,11,13,10199,25097
2023-11-01 14:59:52,12,13,10199,25097
2023-11-01 14:59:53,12,13,10199,25522
2023-11-01 15:00:05,10,13,10199,25522
2023-11-01 15:00:05,11,13,10199,25522
2023-11-01 15:00:05,11,12,10199,25522
2023-11-01 15:00:13,11,13,10199,25522
2023-11-01 15:00:13,12,13,10199,25522
2023-11-01 15:00:19,11,13,10199,25522
2023-11-01 15:00:20,12,13,10199,25522
2023-11-01 15:00:30,12,13,10008,25922
2023-11-01 15:00:30,10,11,10008,26129
2023-11-01 15:00:31,10,11,10008,26369
2023-11-01 15:00:32,10,11,9933,26444
2023-11-01 15:00:33,9,11,9933,26444
2023-11-01 15:00:34,8,11,9933,26444
2023-11-01 15:00:34,8,10,9933,26444
2023-11-01 15:00:36,8,9,9933,26444
2023-11-01 15:00:36,7,9,9933,26551
2023-11-01 15:00:38,8,9,9933,26551
2023-11-01 15:00:38,7,9,9933,26731
2023-11-01 15:00:39,8,9,9933,26731
2023-11-01 15:00:40,7,9,9933,26731
2023-11-01 15:00:40,8,9,9933,26731
2023-11-01 15:00:42,7,9,9933,26731
2023-11-01 15:00:43,8,9,9933,26731
2023-11-01 15:00:59,7,9,9933,26731
2023-11-01 15:01:00,8,9,9933,26731
2023-11-01 15:01:02,8,9,9933,26931
2023-11-01 15:01:02,7,9,9933,26931
2023-11-01 15:01:03,7,8,9933,26931
2023-11-01 15:01:05,6,8,9933,26931
2023-11-01 15:01:06,6,7,9933,26931
2023-11-01 15:01:26,6,7,9933,27217
2023-11-01 15:01:26,5,7,9933,27217
2023-11-01 15:01:27,5,6,9933,27217
2023-11-01 15:01:38,5,6,9928,27222
2023-11-01 15:01:59,5,6,9928,27223
2023-11-01 15:02:03,4,6,9928,27223
2023-11-01 15:02:03,5,6,9928,27223
2023-11-01 15:02:07,4,6,9928,27223
2023-11-01 15:02:08,5,6,9928,27223
2023-11-01 15:02:26,4,6,9928,27223
2023-11-01 15:02:27,5,6,9928,27223
2023-11-01 15:02:32,5,6,9928,27265
2023-11-01 15:02:34,5,6,10150,27665
2023-11-01 15:02:34,4,6,10150,27665
2023-11-01 15:02:37,5,6,10150,27665
2023-11-01 15:02:41,4,6,10150,27665
2023-11-01 15:02:42,4,5,10150,27665
2023-11-01 15:02:55,3,5,10150,27665
2023-11-01 15:02:55,4,5,10150,27665
2023-11-01 15:03:11,4,5,10151,27666
2023-11-01 15:03:11,4,5,10152,27667
2023-11-01 15:03:12,3,5,10152,27667
2023-11-01 15:03:12,4,5,10152,27667
2023-11-01 15:03:19,4,5,10153,27668
2023-11-01 15:03:28,4,5,10154,27669
2023-11-01 15:03:34,3,5,10154,27669
2023-11-01 15:03:34,4,5,10154,27669
2023-11-01 15:03:36,4,5,10155,27670
2023-11-01 15:04:12,3,5,10155,27670
2023-11-01 15:04:12,4,5,10155,27670
2023-11-01 15:04:51,3,5,10155,27670
2023-11-01 15:04:51,4,5,10155,27670
2023-11-01 15:04:59,4,6,10155,27670
2023-11-01 15:04:59,5,6,10155,27670
2023-11-01 15:05:02,4,6,10155,27670
2023-11-01 15:05:02,5,6,10155,27670
2023-11-01 15:05:03,4,6,10155,27670
2023-11-01 15:05:03,5,6,10155,27670
2023-11-01 15:06:31,5,6,10355,27870
2023-11-01 15:06:35,3,6,10355,27870
2023-11-01 15:06:35,5,6,10355,27870
2023-11-01 15:06:46,5,6,10562,28077
2023-11-01 15:06:46,3,6,10562,28077
2023-11-01 15:06:46,4,6,10562,28077
2023-11-01 15:06:47,4,5,10562,28077
2023-11-01 15:07:17,3,5,10562,28077
2023-11-01 15:07:18,4,5,10562,28077
2023-11-01 15:07:31,3,5,10562,28077
2023-11-01 15:07:35,4,5,10562,28077
2023-11-01 15:08:04,4,6,10776,28291
2023-11-01 15:08:08,5,6,10776,28291
2023-11-01 15:08:22,3,6,10776,28291
2023-11-01 15:08:22,5,6,10776,28291
2023-11-01 15:08:26,3,6,10776,28291
2023-11-01 15:08:26,4,6,10776,28291
2023-11-01 15:08:27,3,6,10776,28291
2023-11-01 15:08:27,5,6,10776,28291
2023-11-01 15:08:32,4,5,10938,28453
2023-11-01 15:08:33,4,6,10938,28453
2023-11-01 15:08:53,3,6,10938,28453
2023-11-01 15:08:54,3,5,10938,28453
2023-11-01 15:08:57,3,4,10938,28453
2023-11-01 15:09:39,3,6,11338,28853
2023-11-01 15:09:40,4,6,11338,28853
2023-11-01 15:09:55,4,6,11339,28854
2023-11-01 15:09:57,3,6,11339,29304
2023-11-01 15:09:58,3,5,11339,29304
2023-11-01 15:10:08,3,4,11339,29304
2023-11-01 15:11:01,3,4,11175,29468
2023-11-01 15:12:37,3,4,11175,29588
2023-11-01 15:12:46,3,4,11175,29596
2023-11-01 15:12:54,3,4,11175,29696
2023-11-01 15:12:54,3,4,11175,29796
2023-11-01 15:12:55,3,4,11175,29854
2023-11-01 15:12:55,3,4,11175,29896
2023-11-01 15:13:18,2,4,11175,29896
2023-11-01 15:13:37,2,3,11175,29896
2023-11-01 15:13:39,3,4,11006,30065
2023-11-01 15:14:00,2,4,11006,30150
2023-11-01 15:14:00,2,3,11006,30150
2023-11-01 15:14:13,2,4,11006,30150
2023-11-01 15:14:16,2,3,11006,30150
2023-11-01 15:14:18,2,4,11006,30150
2023-11-01 15:14:29,2,4,11006,30153
2023-11-01 15:14:29,2,4,11006,30156
2023-11-01 15:14:30,2,4,11206,30356
2023-11-01 15:15:02,3,4,11206,30356
2023-11-01 15:15:08,2,4,11206,30356
2023-11-01 15:15:11,3,4,11206,30356
2023-11-01 15:15:15,2,4,11206,30356
2023-11-01 15:15:16,3,4,11206,30356
2023-11-01 15:15:20,2,4,11206,30356
2023-11-01 15:15:22,3,4,11206,30356
2023-11-01 15:15:25,3,4,11206,30416
2023-11-01 15:15:32,2,4,11206,30416
2023-11-01 15:16:40,2,3,11206,30416
2023-11-01 15:16:40,2,3,11206,30464
2023-11-01 15:16:50,2,3,11206,30653
2023-11-01 15:21:30,2,3,11291,30743
2023-11-01 15:22:13,1,3,11291,30743
2023-11-01 15:22:58,0,3,13124,32876
2023-11-01 15:23:03,1,3,13124,32876
2023-11-01 15:23:04,0,3,13124,32876
2023-11-01 15:23:05,1,3,13124,32876
2023-11-01 15:23:06,0,3,13124,32876
2023-11-01 15:23:12,0,2,13124,32876
2023-11-01 15:23:42,0,2,13124,33176
2023-11-01 15:23:46,1,2,13124,33176
2023-11-01 15:23:51,1,3,13124,33176
2023-11-01 15:25:21,0,1,13224,33276
2023-11-01 15:25:50,0,1,13224,33286
2023-11-01 15:26:04,0,1,13224,33328
2023-11-01 15:26:05,0,1,13224,33411
2023-11-01 15:26:16,0,3,13224,33411
2023-11-01 15:32:12,0,1,13224,33411
