datetime,bid,ask,open_interest,volume
2023-03-08 09:30:10,29,32,452,456
2023-03-08 09:30:42,23,32,456,460
2023-03-08 09:31:03,28,32,456,460
2023-03-08 09:31:12,28,32,460,464
2023-03-08 09:31:42,28,32,463,467
2023-03-08 09:32:12,28,32,466,470
2023-03-08 09:32:42,28,32,469,473
2023-03-08 09:33:02,30,32,469,473
2023-03-08 09:33:08,28,32,469,473
2023-03-08 09:33:12,28,32,472,476
2023-03-08 09:33:19,30,32,472,476
2023-03-08 09:33:22,28,32,472,476
2023-03-08 09:33:34,30,32,472,476
2023-03-08 09:33:37,28,32,472,476
2023-03-08 09:33:41,30,32,472,476
2023-03-08 09:33:42,30,32,475,479
2023-03-08 09:34:12,30,32,478,482
2023-03-08 09:34:42,30,32,481,485
2023-03-08 09:35:12,30,32,484,488
2023-03-08 09:35:42,30,32,487,491
2023-03-08 09:36:12,30,32,490,494
2023-03-08 09:36:42,30,32,493,497
2023-03-08 09:37:05,32,34,543,547
2023-03-08 09:37:06,32,36,543,547
2023-03-08 09:37:10,32,37,543,547
2023-03-08 09:37:13,32,35,546,550
2023-03-08 09:37:19,32,35,787,791
2023-03-08 09:37:19,32,34,787,791
2023-03-08 09:37:19,32,34,859,863
2023-03-08 09:37:28,32,35,859,863
2023-03-08 09:37:29,32,34,859,863
2023-03-08 09:37:29,32,34,1067,1071
2023-03-08 09:37:29,29,30,1086,1090
2023-03-08 09:37:37,29,34,1086,1090
2023-03-08 09:37:37,30,34,1086,1090
2023-03-08 09:37:37,30,32,1086,1090
2023-03-08 09:37:42,30,32,1086,1093
2023-03-08 09:37:49,29,32,1086,1093
2023-03-08 09:37:49,29,34,1086,1093
2023-03-08 09:37:49,30,34,1086,1093
2023-03-08 09:37:49,30,32,1086,1093
2023-03-08 09:37:57,29,32,1086,1093
2023-03-08 09:37:57,30,32,1086,1093
2023-03-08 09:38:12,30,32,1086,1095
2023-03-08 09:38:19,29,32,1086,1095
2023-03-08 09:38:20,29,35,1086,1095
2023-03-08 09:38:20,30,35,1086,1095
2023-03-08 09:38:20,32,35,1086,1095
2023-03-08 09:38:20,32,34,1086,1095
2023-03-08 09:38:37,32,33,1086,1095
2023-03-08 09:38:42,32,33,1086,1097
2023-03-08 09:38:56,31,33,1086,1097
2023-03-08 09:38:56,32,33,1086,1097
2023-03-08 09:39:12,32,33,1086,1099
2023-03-08 09:39:14,32,34,1086,1099
2023-03-08 09:39:19,29,34,1086,1099
2023-03-08 09:39:19,29,35,1086,1099
2023-03-08 09:39:20,31,35,1086,1099
2023-03-08 09:39:20,31,33,1086,1099
2023-03-08 09:39:38,29,33,1086,1099
2023-03-08 09:39:38,29,34,1086,1099
2023-03-08 09:39:38,31,34,1086,1099
2023-03-08 09:39:38,31,33,1086,1099
2023-03-08 09:39:43,31,33,1086,1101
2023-03-08 09:40:13,31,33,1086,1103
2023-03-08 09:40:29,29,33,1086,1103
2023-03-08 09:40:30,29,34,1086,1103
2023-03-08 09:40:30,31,34,1086,1103
2023-03-08 09:40:30,31,33,1086,1103
2023-03-08 09:40:38,29,33,1086,1103
2023-03-08 09:40:38,29,34,1086,1103
2023-03-08 09:40:38,31,34,1086,1103
2023-03-08 09:40:38,31,33,1086,1103
2023-03-08 09:40:42,31,33,1086,1105
2023-03-08 09:40:45,29,33,1086,1105
2023-03-08 09:40:45,29,34,1086,1105
2023-03-08 09:40:45,31,34,1086,1105
2023-03-08 09:40:45,31,33,1086,1105
2023-03-08 09:41:04,29,33,1086,1105
2023-03-08 09:41:04,29,34,1086,1105
2023-03-08 09:41:04,31,34,1086,1105
2023-03-08 09:41:04,31,33,1086,1105
2023-03-08 09:41:12,31,33,1086,1107
2023-03-08 09:41:30,28,33,1086,1107
2023-03-08 09:41:30,28,34,1086,1107
2023-03-08 09:41:31,30,34,1086,1107
2023-03-08 09:41:31,30,32,1086,1107
2023-03-08 09:41:42,30,32,1086,1109
2023-03-08 09:41:45,28,32,1086,1109
2023-03-08 09:41:45,28,34,1086,1109
2023-03-08 09:41:45,30,34,1086,1109
2023-03-08 09:41:45,30,32,1086,1109
2023-03-08 09:41:59,30,34,1086,1109
2023-03-08 09:42:00,30,32,1086,1109
2023-03-08 09:42:12,30,32,1086,1111
2023-03-08 09:42:42,30,32,1086,1113
2023-03-08 09:42:43,28,32,1086,1113
2023-03-08 09:42:43,30,32,1086,1113
2023-03-08 09:42:52,28,32,1086,1113
2023-03-08 09:42:52,28,34,1086,1113
2023-03-08 09:42:53,30,34,1086,1113
2023-03-08 09:42:53,30,32,1086,1113
2023-03-08 09:43:12,30,32,1086,1115
2023-03-08 09:43:42,30,32,1086,1117
2023-03-08 09:44:12,30,32,1086,1119
2023-03-08 09:44:43,30,32,1086,1121
2023-03-08 09:44:51,28,32,1086,1121
2023-03-08 09:44:52,28,34,1086,1121
2023-03-08 09:44:52,30,34,1086,1121
2023-03-08 09:44:52,30,32,1086,1121
2023-03-08 09:45:12,28,32,1086,1121
2023-03-08 09:45:12,28,34,1086,1121
2023-03-08 09:45:12,30,34,1086,1121
2023-03-08 09:45:12,30,32,1086,1121
2023-03-08 09:45:13,30,32,1086,1123
2023-03-08 09:45:28,28,32,1086,1123
2023-03-08 09:45:28,28,34,1086,1123
2023-03-08 09:45:29,30,34,1086,1123
2023-03-08 09:45:29,30,32,1086,1123
2023-03-08 09:45:41,28,32,1086,1123
2023-03-08 09:45:41,28,34,1086,1123
2023-03-08 09:45:41,30,34,1086,1123
2023-03-08 09:45:41,30,32,1086,1123
2023-03-08 09:45:42,30,32,1086,1125
2023-03-08 09:45:59,30,34,1086,1125
2023-03-08 09:46:00,30,32,1086,1125
2023-03-08 09:46:12,30,32,1086,1127
2023-03-08 09:46:24,28,32,1086,1127
2023-03-08 09:46:24,28,34,1086,1127
2023-03-08 09:46:24,30,34,1086,1127
2023-03-08 09:46:24,30,32,1086,1127
2023-03-08 09:46:34,28,32,1086,1127
2023-03-08 09:46:34,28,34,1086,1127
2023-03-08 09:46:34,30,34,1086,1127
2023-03-08 09:46:34,30,32,1086,1127
2023-03-08 09:46:42,30,32,1086,1129
2023-03-08 09:47:07,28,32,1086,1129
2023-03-08 09:47:07,28,34,1086,1129
2023-03-08 09:47:08,30,34,1086,1129
2023-03-08 09:47:08,30,32,1086,1129
2023-03-08 09:47:12,30,32,1086,1131
2023-03-08 09:47:28,28,32,1086,1131
2023-03-08 09:47:28,28,34,1086,1131
2023-03-08 09:47:28,30,34,1086,1131
2023-03-08 09:47:28,30,32,1086,1131
2023-03-08 09:47:42,30,32,1086,1133
2023-03-08 09:48:04,28,32,1086,1133
2023-03-08 09:48:04,30,32,1086,1133
2023-03-08 09:48:13,30,31,1086,1133
2023-03-08 09:48:42,30,31,1086,1135
2023-03-08 09:48:46,29,31,1086,1135
2023-03-08 09:48:47,28,34,1086,1135
2023-03-08 09:48:47,28,31,1086,1135
2023-03-08 09:48:56,28,33,1107,1156
2023-03-08 09:49:05,28,31,1107,1156
2023-03-08 09:49:10,28,33,1107,1156
2023-03-08 09:49:10,28,34,1107,1156
2023-03-08 09:49:10,28,32,1107,1156
2023-03-08 09:49:12,28,30,1107,1156
2023-03-08 09:49:45,28,32,1157,1206
2023-03-08 09:49:45,28,31,1157,1206
2023-03-08 09:50:13,30,31,1157,1206
2023-03-08 09:50:33,30,32,1157,1206
2023-03-08 09:50:43,30,31,1157,1206
2023-03-08 09:51:13,30,31,1157,1207
2023-03-08 09:51:42,30,32,1157,1207
2023-03-08 09:51:43,30,31,1157,1207
2023-03-08 09:52:13,30,31,1157,1208
2023-03-08 09:52:21,30,32,1157,1208
2023-03-08 09:52:43,30,31,1157,1208
2023-03-08 09:53:31,30,32,1157,1208
2023-03-08 09:53:42,30,31,1157,1208
2023-03-08 09:54:24,30,32,1157,1208
2023-03-08 09:54:43,30,31,1157,1208
2023-03-08 09:55:19,30,32,1157,1208
2023-03-08 09:55:43,30,31,1157,1208
2023-03-08 09:56:13,30,31,1157,1209
2023-03-08 09:56:40,30,32,1157,1209
2023-03-08 09:56:43,30,32,1157,1210
2023-03-08 09:57:13,30,32,1157,1211
2023-03-08 09:57:43,30,32,1157,1212
2023-03-08 09:57:53,28,32,1157,1212
2023-03-08 09:57:53,30,32,1157,1212
2023-03-08 09:58:13,30,32,1157,1213
2023-03-08 09:58:43,30,32,1157,1214
2023-03-08 09:59:13,30,32,1157,1215
2023-03-08 09:59:43,30,32,1157,1216
2023-03-08 09:59:44,28,32,1157,1216
2023-03-08 09:59:44,30,32,1157,1216
2023-03-08 09:59:58,30,31,1157,1216
2023-03-08 10:00:01,30,32,1157,1216
2023-03-08 10:00:10,34,36,1590,1649
2023-03-08 10:00:11,34,36,1761,1820
2023-03-08 10:00:14,30,32,1760,1821
2023-03-08 10:00:23,28,32,1760,1821
2023-03-08 10:00:24,30,32,1760,1821
2023-03-08 10:00:42,30,32,1759,1822
2023-03-08 10:00:52,30,32,1656,1925
2023-03-08 10:00:57,31,32,1656,1925
2023-03-08 10:01:00,30,32,1656,1925
2023-03-08 10:01:11,31,32,1656,1925
2023-03-08 10:01:12,31,32,1655,1926
2023-03-08 10:01:28,29,32,1655,1926
2023-03-08 10:01:28,30,32,1655,1926
2023-03-08 10:01:28,30,32,1638,1943
2023-03-08 10:01:32,29,30,1463,2118
2023-03-08 10:01:42,29,30,1462,2119
2023-03-08 10:01:52,29,30,1434,2147
2023-03-08 10:01:54,29,30,1176,2405
2023-03-08 10:01:59,30,32,1157,2424
2023-03-08 10:02:10,30,33,1157,2424
2023-03-08 10:02:10,30,32,1157,2424
2023-03-08 10:02:12,30,32,1157,2425
2023-03-08 10:02:29,28,32,1157,2425
2023-03-08 10:02:29,28,34,1157,2425
2023-03-08 10:02:30,28,33,1157,2425
2023-03-08 10:02:30,28,31,1157,2425
2023-03-08 10:02:42,28,31,1157,2426
2023-03-08 10:02:47,28,33,1157,2426
2023-03-08 10:02:47,28,31,1157,2426
2023-03-08 10:02:52,29,31,1157,2426
2023-03-08 10:02:56,29,33,1157,2426
2023-03-08 10:02:56,29,31,1157,2426
2023-03-08 10:03:01,30,31,1157,2426
2023-03-08 10:03:13,30,31,1157,2427
2023-03-08 10:03:27,30,33,1157,2427
2023-03-08 10:03:28,30,32,1157,2427
2023-03-08 10:03:42,30,33,1157,2427
2023-03-08 10:03:42,30,32,1157,2427
2023-03-08 10:03:42,30,32,1157,2428
2023-03-08 10:04:12,30,32,1157,2429
2023-03-08 10:04:22,30,34,1157,2429
2023-03-08 10:04:22,30,32,1157,2429
2023-03-08 10:04:41,30,34,1157,2429
2023-03-08 10:04:41,30,32,1157,2429
2023-03-08 10:04:43,30,32,1157,2430
2023-03-08 10:05:13,31,32,1157,2430
2023-03-08 10:05:24,31,33,1157,2430
2023-03-08 10:05:24,31,32,1157,2430
2023-03-08 10:05:52,30,32,1157,2430
2023-03-08 10:06:13,31,32,1157,2430
2023-03-08 10:06:48,30,32,1157,2431
2023-03-08 10:07:16,31,32,1157,2431
2023-03-08 10:07:24,31,33,1157,2431
2023-03-08 10:07:24,30,31,1157,2432
2023-03-08 10:07:38,30,33,1157,2432
2023-03-08 10:07:38,30,31,1157,2432
2023-03-08 10:07:56,30,32,1157,2432
2023-03-08 10:07:57,30,31,1157,2432
2023-03-08 10:08:13,30,31,1157,2433
2023-03-08 10:08:43,30,31,1157,2434
2023-03-08 10:09:13,30,31,1157,2435
2023-03-08 10:09:26,30,33,1157,2435
2023-03-08 10:09:26,30,31,1157,2435
2023-03-08 10:09:43,30,31,1158,2436
2023-03-08 10:09:45,32,33,1219,2497
2023-03-08 10:09:45,32,33,1245,2523
2023-03-08 10:09:57,30,33,1245,2523
2023-03-08 10:10:00,30,32,1245,2523
2023-03-08 10:10:14,30,32,1245,2524
2023-03-08 10:10:27,30,34,1245,2524
2023-03-08 10:10:27,30,33,1245,2524
2023-03-08 10:10:43,32,33,1245,2524
2023-03-08 10:10:43,32,33,1246,2525
2023-03-08 10:10:48,30,33,1246,2525
2023-03-08 10:11:02,30,34,1246,2525
2023-03-08 10:11:02,30,32,1246,2525
2023-03-08 10:11:14,30,32,1246,2526
2023-03-08 10:11:25,30,33,1246,2526
2023-03-08 10:11:25,30,32,1246,2526
2023-03-08 10:11:41,30,33,1246,2526
2023-03-08 10:11:41,30,32,1246,2526
2023-03-08 10:11:43,30,32,1246,2527
2023-03-08 10:11:56,30,33,1246,2527
2023-03-08 10:12:14,30,33,1246,2528
2023-03-08 10:12:43,30,34,1246,2528
2023-03-08 10:12:43,30,33,1246,2528
2023-03-08 10:12:43,30,33,1246,2529
2023-03-08 10:13:07,30,34,1246,2529
2023-03-08 10:13:07,30,33,1246,2529
2023-03-08 10:13:13,30,33,1246,2530
2023-03-08 10:13:28,30,34,1246,2530
2023-03-08 10:13:28,30,33,1246,2530
2023-03-08 10:13:42,30,34,1246,2530
2023-03-08 10:13:42,31,34,1246,2530
2023-03-08 10:13:42,31,33,1246,2530
2023-03-08 10:13:43,31,33,1246,2531
2023-03-08 10:14:13,31,33,1246,2532
2023-03-08 10:14:14,30,33,1246,2532
2023-03-08 10:14:26,30,34,1246,2532
2023-03-08 10:14:26,31,34,1246,2532
2023-03-08 10:14:26,31,33,1246,2532
2023-03-08 10:14:43,31,33,1246,2533
2023-03-08 10:14:45,30,33,1246,2533
2023-03-08 10:14:45,30,34,1246,2533
2023-03-08 10:14:45,31,34,1246,2533
2023-03-08 10:14:45,31,33,1246,2533
2023-03-08 10:14:55,31,33,1291,2578
2023-03-08 10:15:05,31,34,1291,2578
2023-03-08 10:15:06,31,33,1291,2578
2023-03-08 10:15:11,30,33,1291,2578
2023-03-08 10:15:11,30,34,1291,2578
2023-03-08 10:15:11,31,34,1291,2578
2023-03-08 10:15:11,31,33,1291,2578
2023-03-08 10:15:14,31,32,1291,2578
2023-03-08 10:15:59,32,34,1292,2579
2023-03-08 10:16:43,32,33,1292,2579
2023-03-08 10:17:22,33,34,1293,2580
2023-03-08 10:17:43,33,34,1294,2581
2023-03-08 10:17:58,33,35,1294,2581
2023-03-08 10:17:58,33,34,1294,2581
2023-03-08 10:18:13,33,34,1295,2582
2023-03-08 10:18:19,33,35,1295,2582
2023-03-08 10:18:19,33,34,1295,2582
2023-03-08 10:18:36,33,35,1295,2582
2023-03-08 10:18:36,33,34,1295,2582
2023-03-08 10:19:13,33,34,1295,2583
2023-03-08 10:19:19,33,35,1295,2583
2023-03-08 10:19:19,33,34,1295,2583
2023-03-08 10:19:58,33,35,1295,2583
2023-03-08 10:19:58,33,34,1295,2583
2023-03-08 10:20:27,33,35,1295,2583
2023-03-08 10:20:28,33,34,1295,2583
2023-03-08 10:20:39,33,35,1295,2583
2023-03-08 10:20:39,33,34,1295,2583
2023-03-08 10:20:57,33,35,1295,2583
2023-03-08 10:21:13,33,35,1295,2584
2023-03-08 10:21:18,33,36,1295,2584
2023-03-08 10:21:18,33,34,1295,2584
2023-03-08 10:21:22,32,34,1295,2584
2023-03-08 10:21:37,32,35,1295,2584
2023-03-08 10:21:38,32,34,1295,2584
2023-03-08 10:21:42,32,34,1295,2585
2023-03-08 10:21:59,32,35,1295,2585
2023-03-08 10:21:59,32,34,1295,2585
2023-03-08 10:22:13,32,34,1295,2586
2023-03-08 10:22:24,34,35,1341,2632
2023-03-08 10:22:27,34,36,1341,2632
2023-03-08 10:22:34,31,36,1341,2632
2023-03-08 10:22:34,32,36,1341,2632
2023-03-08 10:22:34,33,36,1341,2632
2023-03-08 10:22:34,33,35,1341,2632
2023-03-08 10:22:44,32,35,1341,2632
2023-03-08 10:22:44,32,36,1341,2632
2023-03-08 10:22:44,33,36,1341,2632
2023-03-08 10:22:44,33,35,1341,2632
2023-03-08 10:22:44,33,35,1341,2633
2023-03-08 10:23:14,33,35,1341,2634
2023-03-08 10:23:18,32,35,1341,2634
2023-03-08 10:23:18,32,36,1341,2634
2023-03-08 10:23:18,33,36,1341,2634
2023-03-08 10:23:26,35,36,1341,2634
2023-03-08 10:23:31,34,36,1341,2634
2023-03-08 10:23:44,34,36,1341,2635
2023-03-08 10:23:48,33,36,1341,2635
2023-03-08 10:23:49,34,36,1341,2635
2023-03-08 10:23:58,33,36,1341,2635
2023-03-08 10:23:59,34,36,1341,2635
2023-03-08 10:23:59,34,35,1341,2635
2023-03-08 10:24:01,34,36,1341,2635
2023-03-08 10:24:02,33,36,1341,2653
2023-03-08 10:24:06,33,35,1341,2653
2023-03-08 10:24:14,33,34,1341,2653
2023-03-08 10:24:14,33,34,1341,2654
2023-03-08 10:24:28,31,34,1341,2654
2023-03-08 10:24:28,33,34,1341,2654
2023-03-08 10:24:34,33,35,1341,2654
2023-03-08 10:24:37,33,34,1341,2654
2023-03-08 10:24:40,31,34,1341,2654
2023-03-08 10:24:40,33,34,1341,2654
2023-03-08 10:24:43,33,35,1341,2654
2023-03-08 10:24:44,33,34,1341,2654
2023-03-08 10:24:44,33,34,1341,2655
2023-03-08 10:24:47,31,34,1341,2713
2023-03-08 10:24:59,32,34,1341,2713
2023-03-08 10:25:09,32,35,1341,2713
2023-03-08 10:25:14,31,35,1341,2713
2023-03-08 10:25:14,32,35,1341,2713
2023-03-08 10:25:15,32,34,1341,2713
2023-03-08 10:25:15,32,34,1341,2714
2023-03-08 10:25:26,31,34,1341,2714
2023-03-08 10:25:26,32,34,1341,2714
2023-03-08 10:25:26,32,34,1306,2749
2023-03-08 10:25:36,32,35,1306,2749
2023-03-08 10:25:44,32,35,1306,2750
2023-03-08 10:25:49,32,39,1936,4111
2023-03-08 10:25:49,36,39,1936,4111
2023-03-08 10:25:50,36,37,1936,4111
2023-03-08 10:25:50,36,37,1936,4164
2023-03-08 10:25:51,34,37,1936,4164
2023-03-08 10:25:51,34,37,1936,4382
2023-03-08 10:26:02,33,37,1936,4382
2023-03-08 10:26:09,33,39,1936,4382
2023-03-08 10:26:09,34,39,1936,4382
2023-03-08 10:26:09,34,38,1936,4382
2023-03-08 10:26:09,34,36,1936,4382
2023-03-08 10:26:14,34,36,1936,4383
2023-03-08 10:26:22,35,36,1936,4383
2023-03-08 10:26:25,35,36,2124,4583
2023-03-08 10:26:27,35,38,2548,5127
2023-03-08 10:26:28,35,37,2548,5127
2023-03-08 10:26:31,35,37,2748,5327
2023-03-08 10:26:35,35,37,2943,5527
2023-03-08 10:26:40,34,35,2943,5590
2023-03-08 10:26:44,34,37,2943,5590
2023-03-08 10:26:44,34,37,2944,5591
2023-03-08 10:26:44,34,38,2944,5591
2023-03-08 10:26:44,37,38,2944,5591
2023-03-08 10:26:49,35,37,2944,5706
2023-03-08 10:26:53,35,38,2944,5906
2023-03-08 10:26:57,34,35,2944,5936
2023-03-08 10:27:12,37,38,2944,5936
2023-03-08 10:27:12,37,38,2944,5937
2023-03-08 10:27:14,37,38,2944,5938
2023-03-08 10:27:16,35,37,2944,6051
2023-03-08 10:27:21,35,38,2944,6051
2023-03-08 10:27:23,35,37,2944,6051
2023-03-08 10:27:26,35,38,2944,6051
2023-03-08 10:27:28,34,38,2944,6051
2023-03-08 10:27:28,34,37,2944,6051
2023-03-08 10:27:28,34,35,2944,6051
2023-03-08 10:27:37,34,37,2944,6070
2023-03-08 10:27:37,35,37,2944,6070
2023-03-08 10:27:44,35,37,2945,6071
2023-03-08 10:27:47,35,37,3024,6150
2023-03-08 10:28:07,34,35,3029,6155
2023-03-08 10:28:10,35,37,3029,6211
2023-03-08 10:28:14,34,37,3029,6211
2023-03-08 10:28:14,34,37,3030,6212
2023-03-08 10:28:25,34,38,3030,6212
2023-03-08 10:28:25,34,36,3030,6212
2023-03-08 10:28:33,35,36,3030,6212
2023-03-08 10:28:36,36,38,3071,6253
2023-03-08 10:28:44,36,38,3072,6254
2023-03-08 10:28:46,36,39,3072,6254
2023-03-08 10:28:47,36,37,3072,6254
2023-03-08 10:29:05,35,36,3098,6280
2023-03-08 10:29:08,34,36,3098,6280
2023-03-08 10:29:12,34,37,3098,6280
2023-03-08 10:29:14,34,37,3098,6281
2023-03-08 10:29:31,33,37,3098,6281
2023-03-08 10:29:31,33,38,3098,6281
2023-03-08 10:29:31,34,38,3098,6281
2023-03-08 10:29:31,34,37,3098,6281
2023-03-08 10:29:44,34,37,3098,6282
2023-03-08 10:29:46,33,37,3098,6282
2023-03-08 10:29:46,33,38,3098,6282
2023-03-08 10:29:46,35,38,3098,6282
2023-03-08 10:29:46,35,37,3098,6282
2023-03-08 10:30:03,33,37,3098,6282
2023-03-08 10:30:03,35,37,3098,6282
2023-03-08 10:30:14,35,37,3098,6283
2023-03-08 10:30:30,33,37,3098,6283
2023-03-08 10:30:30,33,39,3098,6283
2023-03-08 10:30:30,35,39,3098,6283
2023-03-08 10:30:30,35,38,3098,6283
2023-03-08 10:30:44,35,38,3098,6284
2023-03-08 10:30:44,33,38,3098,6284
2023-03-08 10:30:44,33,39,3098,6284
2023-03-08 10:30:45,35,39,3098,6284
2023-03-08 10:30:45,35,37,3098,6284
2023-03-08 10:30:58,33,37,3098,6284
2023-03-08 10:30:58,33,39,3098,6284
2023-03-08 10:30:59,35,39,3098,6284
2023-03-08 10:30:59,35,37,3098,6284
2023-03-08 10:31:13,35,36,3098,6284
2023-03-08 10:31:14,33,36,3098,6284
2023-03-08 10:31:14,35,36,3098,6284
2023-03-08 10:31:14,33,36,3098,6324
2023-03-08 10:31:15,33,36,3098,6325
2023-03-08 10:31:18,33,35,3098,6325
2023-03-08 10:31:22,33,36,3098,6325
2023-03-08 10:31:25,33,37,3098,6325
2023-03-08 10:31:25,33,36,3098,6325
2023-03-08 10:31:28,33,37,3098,6325
2023-03-08 10:31:28,31,37,3098,6325
2023-03-08 10:31:29,34,37,3098,6325
2023-03-08 10:31:29,34,36,3098,6325
2023-03-08 10:31:44,34,36,3098,6326
2023-03-08 10:32:08,34,37,3098,6326
2023-03-08 10:32:08,31,37,3098,6326
2023-03-08 10:32:09,34,37,3098,6326
2023-03-08 10:32:09,34,36,3098,6326
2023-03-08 10:32:14,34,36,3098,6327
2023-03-08 10:32:25,32,36,3098,6327
2023-03-08 10:32:25,31,36,3098,6327
2023-03-08 10:32:25,31,37,3098,6327
2023-03-08 10:32:25,33,37,3098,6327
2023-03-08 10:32:25,33,35,3098,6327
2023-03-08 10:32:37,34,35,3098,6327
2023-03-08 10:32:38,33,35,3098,6327
2023-03-08 10:32:42,31,35,3098,6327
2023-03-08 10:32:42,31,37,3098,6327
2023-03-08 10:32:42,33,37,3098,6327
2023-03-08 10:32:42,33,35,3098,6327
2023-03-08 10:32:44,33,35,3098,6328
2023-03-08 10:33:00,31,35,3098,6328
2023-03-08 10:33:00,31,37,3098,6328
2023-03-08 10:33:00,33,37,3098,6328
2023-03-08 10:33:00,33,35,3098,6328
2023-03-08 10:33:03,34,35,3098,6328
2023-03-08 10:33:03,33,35,3098,6328
2023-03-08 10:33:11,31,35,3098,6328
2023-03-08 10:33:11,31,37,3098,6328
2023-03-08 10:33:11,33,37,3098,6328
2023-03-08 10:33:11,33,35,3098,6328
2023-03-08 10:33:14,33,35,3098,6329
2023-03-08 10:33:35,33,36,3098,6329
2023-03-08 10:33:35,33,35,3098,6329
2023-03-08 10:33:39,32,35,3098,6329
2023-03-08 10:33:43,30,35,3098,6329
2023-03-08 10:33:43,32,35,3098,6329
2023-03-08 10:33:43,32,34,3098,6329
2023-03-08 10:33:44,32,34,3098,6330
2023-03-08 10:34:05,30,34,3098,6330
2023-03-08 10:34:05,30,36,3098,6330
2023-03-08 10:34:06,31,36,3098,6330
2023-03-08 10:34:06,31,34,3098,6330
2023-03-08 10:34:14,31,34,3098,6331
2023-03-08 10:34:39,30,34,3098,6331
2023-03-08 10:34:39,30,36,3098,6331
2023-03-08 10:34:39,31,36,3098,6331
2023-03-08 10:34:39,31,35,3098,6331
2023-03-08 10:34:39,31,33,3098,6331
2023-03-08 10:34:44,31,33,3098,6332
2023-03-08 10:34:54,32,33,3098,6332
2023-03-08 10:34:57,32,36,3098,6332
2023-03-08 10:34:57,32,34,3098,6332
2023-03-08 10:34:58,31,34,3098,6332
2023-03-08 10:35:15,31,34,3099,6333
2023-03-08 10:35:27,30,34,3099,6333
2023-03-08 10:35:27,32,34,3099,6333
2023-03-08 10:35:44,32,34,3099,6334
2023-03-08 10:35:50,30,34,3099,6334
2023-03-08 10:35:50,32,34,3099,6334
2023-03-08 10:36:08,30,34,3099,6334
2023-03-08 10:36:08,32,34,3099,6334
2023-03-08 10:36:15,32,34,3099,6335
2023-03-08 10:36:30,31,34,3099,6335
2023-03-08 10:36:31,31,33,3099,6335
2023-03-08 10:36:37,33,34,3099,6374
2023-03-08 10:36:39,32,34,3099,6374
2023-03-08 10:36:44,32,34,3099,6375
2023-03-08 10:36:45,32,33,3099,6375
2023-03-08 10:36:52,31,33,3099,6375
2023-03-08 10:37:03,30,33,3099,6375
2023-03-08 10:37:03,30,34,3099,6375
2023-03-08 10:37:04,31,34,3099,6375
2023-03-08 10:37:14,31,34,3099,6376
2023-03-08 10:37:40,32,34,3099,6376
2023-03-08 10:37:44,31,34,3099,6376
2023-03-08 10:37:44,31,34,3100,6377
2023-03-08 10:37:47,32,34,3100,6377
2023-03-08 10:38:05,31,34,3100,6377
2023-03-08 10:38:05,30,34,3100,6377
2023-03-08 10:38:05,31,34,3100,6377
2023-03-08 10:38:05,31,33,3100,6377
2023-03-08 10:38:14,31,33,3100,6378
2023-03-08 10:38:15,32,33,3100,6378
2023-03-08 10:38:23,32,34,3100,6378
2023-03-08 10:38:29,31,34,3100,6378
2023-03-08 10:38:37,30,34,3100,6378
2023-03-08 10:38:37,32,34,3100,6378
2023-03-08 10:38:44,32,34,3100,6379
2023-03-08 10:39:01,32,34,3098,6381
2023-03-08 10:39:06,29,34,3098,6381
2023-03-08 10:39:06,29,35,3098,6381
2023-03-08 10:39:06,31,35,3098,6381
2023-03-08 10:39:06,31,34,3098,6381
2023-03-08 10:39:10,32,34,3098,6381
2023-03-08 10:39:14,32,34,3098,6382
2023-03-08 10:39:30,32,36,3098,6382
2023-03-08 10:39:30,31,36,3098,6382
2023-03-08 10:39:30,31,34,3098,6382
2023-03-08 10:39:40,30,34,3098,6382
2023-03-08 10:39:40,30,37,3098,6382
2023-03-08 10:39:40,32,37,3098,6382
2023-03-08 10:39:40,32,36,3098,6382
2023-03-08 10:39:40,32,34,3098,6382
2023-03-08 10:39:45,32,34,3098,6383
2023-03-08 10:39:57,32,36,3098,6383
2023-03-08 10:39:57,32,34,3098,6383
2023-03-08 10:40:14,32,34,3098,6384
2023-03-08 10:40:19,33,34,3098,6384
2023-03-08 10:40:33,33,36,3098,6384
2023-03-08 10:40:33,33,34,3098,6384
2023-03-08 10:40:42,32,34,3098,6384
2023-03-08 10:40:44,32,34,3098,6385
2023-03-08 10:40:49,31,34,3098,6385
2023-03-08 10:40:49,31,36,3098,6385
2023-03-08 10:40:49,31,37,3098,6385
2023-03-08 10:40:50,33,37,3098,6385
2023-03-08 10:40:50,33,35,3098,6385
2023-03-08 10:40:59,34,35,3098,6385
2023-03-08 10:41:15,34,35,3098,6386
2023-03-08 10:41:34,34,37,3098,6386
2023-03-08 10:41:34,34,36,3098,6386
2023-03-08 10:41:44,34,36,3098,6387
2023-03-08 10:42:00,34,37,3098,6387
2023-03-08 10:42:00,34,36,3098,6387
2023-03-08 10:42:06,33,36,3098,6387
2023-03-08 10:42:10,32,36,3098,6387
2023-03-08 10:42:10,32,37,3098,6387
2023-03-08 10:42:10,34,37,3098,6387
2023-03-08 10:42:10,34,36,3098,6387
2023-03-08 10:42:15,34,36,3098,6388
2023-03-08 10:42:31,31,36,3098,6388
2023-03-08 10:42:31,31,37,3098,6388
2023-03-08 10:42:31,33,37,3098,6388
2023-03-08 10:42:31,33,35,3098,6388
2023-03-08 10:42:44,33,35,3098,6389
2023-03-08 10:42:54,33,37,3098,6389
2023-03-08 10:42:54,33,35,3098,6389
2023-03-08 10:43:06,34,35,3098,6389
2023-03-08 10:43:10,34,37,3098,6389
2023-03-08 10:43:10,34,38,3098,6389
2023-03-08 10:43:10,34,35,3098,6389
2023-03-08 10:43:14,34,35,3098,6390
2023-03-08 10:43:16,34,38,3098,6390
2023-03-08 10:43:16,34,36,3098,6390
2023-03-08 10:43:44,34,36,3098,6391
2023-03-08 10:43:55,32,36,3098,6391
2023-03-08 10:43:55,32,38,3098,6391
2023-03-08 10:43:55,33,38,3098,6391
2023-03-08 10:43:55,33,36,3098,6391
2023-03-08 10:44:05,33,36,3133,6426
2023-03-08 10:44:14,33,36,3133,6427
2023-03-08 10:44:21,32,36,3133,6427
2023-03-08 10:44:21,34,36,3133,6427
2023-03-08 10:44:28,32,36,3133,6427
2023-03-08 10:44:29,32,38,3133,6427
2023-03-08 10:44:29,33,38,3133,6427
2023-03-08 10:44:29,33,36,3133,6427
2023-03-08 10:44:41,32,36,3133,6427
2023-03-08 10:44:41,32,38,3133,6427
2023-03-08 10:44:41,34,38,3133,6427
2023-03-08 10:44:41,34,36,3133,6427
2023-03-08 10:44:44,34,36,3133,6428
2023-03-08 10:44:57,32,36,3133,6428
2023-03-08 10:44:57,32,38,3133,6428
2023-03-08 10:44:57,34,38,3133,6428
2023-03-08 10:44:57,34,36,3133,6428
2023-03-08 10:45:14,34,36,3133,6429
2023-03-08 10:45:37,33,36,3133,6429
2023-03-08 10:45:37,33,38,3133,6429
2023-03-08 10:45:38,34,38,3133,6429
2023-03-08 10:45:38,34,37,3133,6429
2023-03-08 10:45:44,34,37,3133,6430
2023-03-08 10:46:15,34,37,3133,6431
2023-03-08 10:46:29,33,37,3133,6431
2023-03-08 10:46:29,33,38,3133,6431
2023-03-08 10:46:30,34,38,3133,6431
2023-03-08 10:46:30,34,37,3133,6431
2023-03-08 10:46:44,33,37,3133,6431
2023-03-08 10:46:44,33,38,3133,6431
2023-03-08 10:46:44,33,34,3133,6431
2023-03-08 10:46:44,34,38,3133,6432
2023-03-08 10:46:44,34,36,3133,6432
2023-03-08 10:47:05,33,36,3133,6432
2023-03-08 10:47:05,33,38,3133,6432
2023-03-08 10:47:05,34,38,3133,6432
2023-03-08 10:47:06,34,37,3133,6432
2023-03-08 10:47:15,34,37,3133,6433
2023-03-08 10:47:19,34,38,3133,6433
2023-03-08 10:47:19,34,36,3133,6433
2023-03-08 10:47:38,35,36,3133,6433
2023-03-08 10:47:43,35,38,3133,6433
2023-03-08 10:47:43,35,36,3133,6433
2023-03-08 10:47:45,35,36,3133,6434
2023-03-08 10:47:55,35,39,3133,6434
2023-03-08 10:47:55,35,37,3133,6434
2023-03-08 10:48:14,35,36,3133,6434
2023-03-08 10:49:08,35,38,3133,6435
2023-03-08 10:49:14,35,37,3133,6435
2023-03-08 10:49:43,36,37,3133,6435
2023-03-08 10:49:53,36,38,3133,6435
2023-03-08 10:50:14,37,38,3133,6435
2023-03-08 10:50:29,37,39,3133,6435
2023-03-08 10:51:11,36,39,3133,6435
2023-03-08 10:51:14,36,37,3133,6435
2023-03-08 10:51:55,36,38,3133,6435
2023-03-08 10:52:00,37,38,3133,6435
2023-03-08 10:52:02,36,38,3133,6435
2023-03-08 10:52:14,36,37,3133,6435
2023-03-08 10:52:22,37,39,3133,6436
2023-03-08 10:52:32,36,39,3133,6436
2023-03-08 10:52:32,36,41,3133,6436
2023-03-08 10:52:33,37,41,3133,6436
2023-03-08 10:52:33,37,39,3133,6436
2023-03-08 10:52:44,37,41,3133,6436
2023-03-08 10:52:44,37,39,3133,6436
2023-03-08 10:52:44,37,38,3133,6436
2023-03-08 10:53:39,36,38,3133,6436
2023-03-08 10:53:39,37,38,3133,6436
2023-03-08 10:53:44,37,38,3133,6437
2023-03-08 10:54:14,37,39,3133,6437
2023-03-08 10:54:14,37,39,3133,6438
2023-03-08 10:54:30,36,39,3133,6438
2023-03-08 10:54:30,36,41,3133,6438
2023-03-08 10:54:31,36,39,3133,6438
2023-03-08 10:54:41,36,41,3133,6438
2023-03-08 10:54:41,36,39,3133,6438
2023-03-08 10:54:44,36,39,3133,6439
2023-03-08 10:54:52,36,41,3133,6439
2023-03-08 10:54:53,36,39,3133,6439
2023-03-08 10:55:14,36,37,3133,6439
2023-03-08 10:57:04,37,38,3133,6440
2023-03-08 10:57:14,36,38,3133,6440
2023-03-08 10:57:17,37,38,3133,6440
2023-03-08 10:57:40,37,38,3132,6441
2023-03-08 10:57:51,36,38,3132,6441
2023-03-08 10:57:51,37,38,3132,6441
2023-03-08 10:58:14,37,38,3132,6442
2023-03-08 10:58:19,36,38,3132,6442
2023-03-08 10:58:19,36,41,3132,6442
2023-03-08 10:58:19,36,38,3132,6442
2023-03-08 10:58:35,36,40,3132,6442
2023-03-08 10:58:35,36,38,3132,6442
2023-03-08 10:58:44,36,40,3132,6442
2023-03-08 10:58:44,36,37,3132,6442
2023-03-08 11:00:15,36,37,3132,6443
2023-03-08 11:00:22,36,38,3132,6443
2023-03-08 11:00:22,36,40,3132,6443
2023-03-08 11:00:22,36,41,3132,6443
2023-03-08 11:00:23,36,38,3132,6443
2023-03-08 11:00:39,36,40,3132,6443
2023-03-08 11:00:39,36,41,3132,6443
2023-03-08 11:00:40,36,38,3132,6443
2023-03-08 11:00:45,36,37,3132,6443
2023-03-08 11:01:20,36,38,3132,6444
2023-03-08 11:01:29,36,41,3132,6444
2023-03-08 11:01:30,36,40,3132,6444
2023-03-08 11:01:30,36,38,3132,6444
2023-03-08 11:01:44,36,37,3132,6444
2023-03-08 11:02:12,36,38,3132,6445
2023-03-08 11:02:15,36,37,3132,6445
2023-03-08 11:02:50,36,38,3132,6445
2023-03-08 11:03:15,36,37,3132,6445
2023-03-08 11:03:36,35,37,3132,6445
2023-03-08 11:03:45,35,36,3132,6445
2023-03-08 11:05:45,35,36,3132,6446
2023-03-08 11:05:49,34,36,3132,6446
2023-03-08 11:06:11,33,36,3132,6446
2023-03-08 11:06:11,33,38,3132,6446
2023-03-08 11:06:11,34,38,3132,6446
2023-03-08 11:06:11,34,36,3132,6446
2023-03-08 11:06:15,34,35,3132,6446
2023-03-08 11:06:35,33,35,3132,6446
2023-03-08 11:06:35,33,34,3132,6446
2023-03-08 11:06:51,33,35,3132,6446
2023-03-08 11:06:52,33,34,3132,6446
2023-03-08 11:07:21,33,35,3132,6446
2023-03-08 11:07:22,33,34,3132,6446
2023-03-08 11:07:47,33,35,3132,6446
2023-03-08 11:07:48,33,34,3132,6446
2023-03-08 11:07:59,33,35,3132,6446
2023-03-08 11:08:00,31,33,3132,6447
2023-03-08 11:08:15,32,33,3132,6447
2023-03-08 11:08:37,32,34,3132,6447
2023-03-08 11:08:38,32,33,3132,6447
2023-03-08 11:09:03,32,34,3132,6447
2023-03-08 11:09:04,32,33,3132,6447
2023-03-08 11:09:26,33,34,3132,6488
2023-03-08 11:09:26,32,34,3132,6488
2023-03-08 11:09:45,33,34,3132,6488
2023-03-08 11:10:08,33,35,3132,6488
2023-03-08 11:10:08,33,34,3132,6488
2023-03-08 11:10:22,32,34,3132,6488
2023-03-08 11:10:51,32,33,3132,6488
2023-03-08 11:11:09,32,34,3132,6488
2023-03-08 11:11:09,32,33,3132,6488
2023-03-08 11:11:35,32,34,3132,6488
2023-03-08 11:12:15,33,34,3132,6488
2023-03-08 11:12:27,33,34,3237,6593
2023-03-08 11:12:28,33,35,3237,6702
2023-03-08 11:12:49,34,35,3237,6702
2023-03-08 11:12:57,34,36,3237,6703
2023-03-08 11:13:15,34,35,3237,6703
2023-03-08 11:13:24,33,35,3237,6703
2023-03-08 11:14:41,34,35,3237,6703
2023-03-08 11:15:20,33,35,3237,6703
2023-03-08 11:15:33,34,35,3237,6703
2023-03-08 11:15:46,33,35,3237,6703
2023-03-08 11:16:12,33,34,3237,6703
2023-03-08 11:16:14,33,35,3237,6703
2023-03-08 11:16:32,31,35,3237,6703
2023-03-08 11:16:32,33,35,3237,6703
2023-03-08 11:16:43,31,35,3237,6703
2023-03-08 11:16:44,33,35,3237,6703
2023-03-08 11:16:45,33,36,3237,6703
2023-03-08 11:17:22,33,37,3237,6703
2023-03-08 11:17:22,34,37,3237,6703
2023-03-08 11:17:22,34,36,3237,6703
2023-03-08 11:17:50,33,36,3237,6703
2023-03-08 11:17:50,33,37,3237,6703
2023-03-08 11:17:50,34,37,3237,6703
2023-03-08 11:17:50,34,36,3237,6703
2023-03-08 11:18:01,33,36,3237,6703
2023-03-08 11:18:01,34,36,3237,6703
2023-03-08 11:18:26,33,36,3237,6703
2023-03-08 11:18:26,33,37,3237,6703
2023-03-08 11:18:26,35,37,3237,6703
2023-03-08 11:18:26,35,36,3237,6703
2023-03-08 11:18:30,35,37,3237,6703
2023-03-08 11:18:43,33,37,3237,6703
2023-03-08 11:18:43,35,37,3237,6703
2023-03-08 11:18:54,33,37,3237,6703
2023-03-08 11:18:55,34,37,3237,6703
2023-03-08 11:18:55,34,36,3237,6703
2023-03-08 11:19:30,33,36,3237,6703
2023-03-08 11:19:30,34,36,3237,6703
2023-03-08 11:19:52,34,36,3237,6704
2023-03-08 11:19:54,33,36,3237,6704
2023-03-08 11:19:55,35,36,3237,6704
2023-03-08 11:20:00,35,37,3237,6704
2023-03-08 11:20:22,35,37,3237,6705
2023-03-08 11:20:35,33,37,3237,6705
2023-03-08 11:20:35,35,37,3237,6705
2023-03-08 11:20:52,35,37,3237,6706
2023-03-08 11:20:56,35,38,3237,6706
2023-03-08 11:20:56,35,37,3237,6706
2023-03-08 11:21:07,33,37,3237,6706
2023-03-08 11:21:08,35,37,3237,6706
2023-03-08 11:21:09,35,36,3237,6706
2023-03-08 11:21:12,35,37,3237,6706
2023-03-08 11:21:22,35,37,3237,6707
2023-03-08 11:21:22,35,36,3237,6707
2023-03-08 11:21:25,35,37,3237,6707
2023-03-08 11:21:38,33,37,3237,6707
2023-03-08 11:21:39,34,37,3237,6707
2023-03-08 11:21:39,34,36,3237,6707
2023-03-08 11:21:46,34,37,3237,6824
2023-03-08 11:21:46,33,37,3237,6824
2023-03-08 11:21:46,34,37,3237,6824
2023-03-08 11:21:52,34,37,3237,6826
2023-03-08 11:22:03,34,36,3237,6826
2023-03-08 11:22:14,34,37,3237,6826
2023-03-08 11:22:22,34,37,3237,6828
2023-03-08 11:22:24,33,37,3237,6828
2023-03-08 11:22:25,34,37,3237,6828
2023-03-08 11:22:40,33,37,3237,6828
2023-03-08 11:22:40,35,37,3237,6828
2023-03-08 11:22:52,35,37,3237,6830
2023-03-08 11:22:56,33,37,3237,6830
2023-03-08 11:22:57,35,37,3237,6830
2023-03-08 11:22:57,35,36,3237,6830
2023-03-08 11:22:59,35,37,3237,6830
2023-03-08 11:23:22,35,37,3237,6832
2023-03-08 11:23:42,33,37,3237,6832
2023-03-08 11:23:42,34,37,3237,6832
2023-03-08 11:23:52,34,37,3237,6834
2023-03-08 11:24:22,34,37,3237,6836
2023-03-08 11:24:23,35,37,3237,6836
2023-03-08 11:24:26,35,36,3237,6836
2023-03-08 11:24:44,35,37,3237,6836
2023-03-08 11:24:52,35,37,3237,6838
2023-03-08 11:25:05,35,38,3237,6838
2023-03-08 11:25:06,35,37,3237,6838
2023-03-08 11:25:22,35,37,3237,6840
2023-03-08 11:25:26,35,38,3237,6840
2023-03-08 11:25:52,35,38,3235,6842
2023-03-08 11:26:01,35,37,3235,6842
2023-03-08 11:26:22,35,37,3235,6844
2023-03-08 11:26:24,35,36,3235,6844
2023-03-08 11:26:49,35,37,3235,6844
2023-03-08 11:26:52,35,37,3235,6846
2023-03-08 11:27:08,35,38,3235,6846
2023-03-08 11:27:08,35,37,3235,6846
2023-03-08 11:27:22,35,37,3235,6848
2023-03-08 11:27:35,35,38,3235,6848
2023-03-08 11:27:35,35,37,3235,6848
2023-03-08 11:27:45,35,38,3235,6848
2023-03-08 11:27:46,35,37,3235,6848
2023-03-08 11:27:52,35,37,3235,6850
2023-03-08 11:28:02,35,38,3235,6850
2023-03-08 11:28:02,35,36,3235,6850
2023-03-08 11:28:22,35,36,3235,6852
2023-03-08 11:28:36,35,38,3235,6852
2023-03-08 11:28:36,35,37,3235,6852
2023-03-08 11:28:51,35,37,3235,6854
2023-03-08 11:28:55,35,38,3235,6854
2023-03-08 11:28:56,36,38,3235,6854
2023-03-08 11:29:05,35,38,3235,6854
2023-03-08 11:29:06,36,38,3235,6854
2023-03-08 11:29:20,37,38,3235,6854
2023-03-08 11:29:22,37,38,3235,6856
2023-03-08 11:29:22,37,38,3237,6858
2023-03-08 11:29:27,37,40,3237,6858
2023-03-08 11:29:27,37,39,3237,6858
2023-03-08 11:29:37,37,40,3237,6858
2023-03-08 11:29:38,37,39,3237,6858
2023-03-08 11:29:52,37,40,3237,6858
2023-03-08 11:29:52,37,40,3237,6860
2023-03-08 11:30:22,37,40,3237,6862
2023-03-08 11:30:29,38,40,3237,6862
2023-03-08 11:30:42,37,40,3237,6862
2023-03-08 11:30:42,37,41,3237,6862
2023-03-08 11:30:42,39,41,3237,6862
2023-03-08 11:30:52,39,41,3237,6864
2023-03-08 11:31:17,39,42,3237,6864
2023-03-08 11:31:21,40,42,3237,6864
2023-03-08 11:31:22,40,42,3235,6866
2023-03-08 11:31:37,39,42,3235,6866
2023-03-08 11:31:37,40,42,3235,6866
2023-03-08 11:31:52,40,42,3236,6868
2023-03-08 11:32:21,41,42,3236,6868
2023-03-08 11:32:22,41,42,3238,6870
2023-03-08 11:32:43,40,42,3238,6870
2023-03-08 11:32:52,40,42,3240,6872
2023-03-08 11:32:52,39,42,3240,6872
2023-03-08 11:32:52,40,42,3240,6872
2023-03-08 11:33:01,41,42,3240,6872
2023-03-08 11:33:22,41,42,3242,6874
2023-03-08 11:33:52,41,42,3244,6876
2023-03-08 11:34:12,41,43,3244,6876
2023-03-08 11:34:12,41,44,3244,6876
2023-03-08 11:34:20,42,44,3244,6876
2023-03-08 11:34:22,42,44,3246,6878
2023-03-08 11:34:27,42,45,3246,6878
2023-03-08 11:34:27,42,44,3246,6878
2023-03-08 11:34:52,42,44,3248,6880
2023-03-08 11:35:16,43,44,3248,6880
2023-03-08 11:35:22,43,44,3250,6882
2023-03-08 11:35:33,42,44,3250,6882
2023-03-08 11:35:52,42,44,3252,6884
2023-03-08 11:35:55,43,44,3252,6884
2023-03-08 11:36:00,43,46,3252,6884
2023-03-08 11:36:00,43,44,3252,6884
2023-03-08 11:36:22,43,44,3254,6886
2023-03-08 11:36:52,43,44,3254,6888
2023-03-08 11:37:22,43,44,3255,6890
2023-03-08 11:37:23,42,44,3255,6890
2023-03-08 11:37:39,41,44,3255,6890
2023-03-08 11:37:52,41,44,3257,6892
2023-03-08 11:38:07,41,45,3257,6892
2023-03-08 11:38:07,41,44,3257,6892
2023-03-08 11:38:22,41,44,3259,6894
2023-03-08 11:38:23,41,45,3259,6894
2023-03-08 11:38:23,41,44,3259,6894
2023-03-08 11:38:36,41,45,3259,6894
2023-03-08 11:38:36,41,44,3259,6894
2023-03-08 11:38:41,41,45,3505,7144
2023-03-08 11:38:52,41,45,3507,7146
2023-03-08 11:38:55,42,45,3507,7146
2023-03-08 11:39:01,42,44,3507,7146
2023-03-08 11:39:22,42,44,3509,7148
2023-03-08 11:39:23,41,44,3509,7148
2023-03-08 11:39:30,42,44,3509,7148
2023-03-08 11:39:46,42,43,3509,7148
2023-03-08 11:39:47,42,44,3509,7148
2023-03-08 11:39:49,40,44,3509,7148
2023-03-08 11:39:49,41,44,3509,7148
2023-03-08 11:39:52,41,44,3509,7150
2023-03-08 11:40:01,41,43,3509,7150
2023-03-08 11:40:22,41,43,3509,7152
2023-03-08 11:40:35,41,42,3509,7152
2023-03-08 11:40:38,40,42,3509,7152
2023-03-08 11:40:38,41,42,3509,7152
2023-03-08 11:40:38,41,43,3509,7152
2023-03-08 11:40:51,40,43,3509,7152
2023-03-08 11:40:52,40,44,3509,7154
2023-03-08 11:40:56,40,42,3509,7154
2023-03-08 11:41:11,40,42,3416,7247
2023-03-08 11:41:12,38,42,3416,7247
2023-03-08 11:41:12,40,42,3416,7247
2023-03-08 11:41:24,40,41,3416,7247
2023-03-08 11:41:42,40,42,3416,7247
2023-03-08 11:41:43,40,41,3416,7247
2023-03-08 11:41:54,40,42,3416,7247
2023-03-08 11:41:54,40,41,3416,7247
2023-03-08 11:41:54,40,42,3416,7247
2023-03-08 11:41:55,40,41,3416,7247
2023-03-08 11:42:17,38,41,3418,7249
2023-03-08 11:42:18,37,41,3418,7249
2023-03-08 11:42:18,37,42,3418,7249
2023-03-08 11:42:18,38,42,3418,7249
2023-03-08 11:42:18,38,40,3418,7249
2023-03-08 11:43:16,38,39,3418,7249
2023-03-08 11:43:17,38,40,3418,7249
2023-03-08 11:43:19,38,39,3418,7249
2023-03-08 11:43:28,37,39,3418,7249
2023-03-08 11:43:28,37,41,3418,7249
2023-03-08 11:43:29,37,39,3418,7249
2023-03-08 11:43:46,36,39,3418,7249
2023-03-08 11:43:46,37,39,3418,7249
2023-03-08 11:43:53,37,38,3418,7249
2023-03-08 11:43:54,36,38,3418,7249
2023-03-08 11:43:55,37,38,3418,7249
2023-03-08 11:44:17,36,38,3418,7249
2023-03-08 11:44:26,37,38,3418,7249
2023-03-08 11:44:27,37,40,3418,7249
2023-03-08 11:44:46,36,40,3418,7249
2023-03-08 11:44:47,37,40,3418,7249
2023-03-08 11:44:47,37,39,3418,7249
2023-03-08 11:45:23,37,38,3418,7249
2023-03-08 11:45:30,36,38,3418,7249
2023-03-08 11:46:04,37,38,3418,7249
2023-03-08 11:46:23,37,38,3416,7251
2023-03-08 11:46:32,37,39,3416,7251
2023-03-08 11:46:42,35,39,3416,7251
2023-03-08 11:46:43,36,39,3416,7251
2023-03-08 11:46:43,36,38,3416,7251
2023-03-08 11:46:53,35,38,3416,7251
2023-03-08 11:46:53,35,39,3416,7251
2023-03-08 11:46:53,35,39,3416,7253
2023-03-08 11:46:53,36,39,3416,7253
2023-03-08 11:46:53,36,38,3416,7253
2023-03-08 11:47:23,36,37,3416,7253
2023-03-08 11:47:31,35,37,3416,7253
2023-03-08 11:47:32,36,37,3416,7253
2023-03-08 11:47:40,35,37,3416,7253
2023-03-08 11:47:40,36,37,3416,7253
2023-03-08 11:47:55,35,37,3416,7253
2023-03-08 11:47:55,36,37,3416,7253
2023-03-08 11:48:05,35,37,3416,7253
2023-03-08 11:48:05,36,37,3416,7253
2023-03-08 11:48:23,36,37,3414,7255
2023-03-08 11:48:29,36,38,3414,7255
2023-03-08 11:48:39,35,38,3414,7255
2023-03-08 11:48:39,35,37,3414,7255
2023-03-08 11:48:40,35,36,3414,7255
2023-03-08 11:48:41,34,35,3245,7425
2023-03-08 11:48:42,33,35,2788,7885
2023-03-08 11:48:42,33,34,2788,7885
2023-03-08 11:48:47,33,34,2788,7935
2023-03-08 11:48:47,32,33,2788,7979
2023-03-08 11:48:48,33,35,2788,7985
2023-03-08 11:48:48,33,35,2788,8111
2023-03-08 11:48:50,33,35,2788,8261
2023-03-08 11:48:53,33,35,2786,8263
2023-03-08 11:49:02,33,34,2786,8263
2023-03-08 11:49:04,32,34,2786,8263
2023-03-08 11:49:13,31,34,2786,8263
2023-03-08 11:49:15,31,33,2786,8263
2023-03-08 11:49:16,30,31,2786,8390
2023-03-08 11:49:17,30,33,2786,8390
2023-03-08 11:49:17,26,30,2786,8516
2023-03-08 11:49:17,26,28,2786,8516
2023-03-08 11:49:23,26,28,2786,8518
2023-03-08 11:49:24,26,30,2786,8543
2023-03-08 11:49:24,27,30,2786,8543
2023-03-08 11:49:29,28,30,2786,8543
2023-03-08 11:49:36,28,31,2786,8543
2023-03-08 11:49:36,28,29,2786,8543
2023-03-08 11:49:37,28,29,2811,8568
2023-03-08 11:49:38,28,29,2811,8771
2023-03-08 11:49:47,28,31,2811,8771
2023-03-08 11:49:47,28,31,2890,8850
2023-03-08 11:49:47,28,30,2890,8850
2023-03-08 11:49:53,28,30,2890,8852
2023-03-08 11:50:05,28,30,2929,8891
2023-03-08 11:50:13,28,31,2929,8891
2023-03-08 11:50:13,28,29,2929,8891
2023-03-08 11:50:23,28,29,2929,8893
2023-03-08 11:50:27,28,29,2929,8993
2023-03-08 11:50:37,28,31,2929,8993
2023-03-08 11:50:37,28,32,2929,8993
2023-03-08 11:50:37,28,30,2929,8993
2023-03-08 11:50:50,28,32,2929,8993
2023-03-08 11:50:50,28,31,2929,8993
2023-03-08 11:50:53,28,31,2929,8995
2023-03-08 11:51:00,28,30,2929,8995
2023-03-08 11:51:08,28,31,2929,8995
2023-03-08 11:51:23,28,31,2929,8997
2023-03-08 11:51:46,28,30,2929,8997
2023-03-08 11:51:47,28,29,2929,8997
2023-03-08 11:51:54,28,29,2927,8999
2023-03-08 11:52:00,28,29,2927,9082
2023-03-08 11:52:05,26,29,2927,9082
2023-03-08 11:52:06,28,29,2927,9082
2023-03-08 11:52:23,26,29,2927,9082
2023-03-08 11:52:23,28,29,2927,9082
2023-03-08 11:52:23,28,29,2925,9084
2023-03-08 11:52:27,28,30,2925,9084
2023-03-08 11:52:35,27,30,2925,9084
2023-03-08 11:52:35,27,31,2925,9084
2023-03-08 11:52:35,27,30,2925,9084
2023-03-08 11:52:49,28,30,2925,9084
2023-03-08 11:52:53,28,30,2927,9086
2023-03-08 11:52:53,28,30,2927,9088
2023-03-08 11:52:56,28,31,2927,9088
2023-03-08 11:52:56,28,30,2927,9088
2023-03-08 11:53:13,28,29,2927,9088
2023-03-08 11:53:18,28,30,2927,9088
2023-03-08 11:53:23,28,30,2925,9090
2023-03-08 11:53:35,27,30,2925,9090
2023-03-08 11:53:35,27,31,2925,9090
2023-03-08 11:53:35,27,29,2925,9090
2023-03-08 11:53:53,27,29,2925,9092
2023-03-08 11:53:53,26,29,2925,9092
2023-03-08 11:53:53,26,30,2925,9092
2023-03-08 11:53:53,27,30,2925,9092
2023-03-08 11:54:08,27,29,2925,9092
2023-03-08 11:54:19,28,29,2925,9092
2023-03-08 11:54:35,27,29,2925,9092
2023-03-08 11:54:53,27,28,2925,9092
2023-03-08 11:55:22,28,29,2925,9094
2023-03-08 11:56:16,28,30,2923,9096
2023-03-08 11:56:23,28,29,2923,9096
2023-03-08 11:56:30,27,29,2923,9096
2023-03-08 11:56:40,28,29,2923,9096
2023-03-08 11:56:50,27,29,2923,9096
2023-03-08 11:56:53,27,28,2923,9096
2023-03-08 11:57:05,27,29,2921,9098
2023-03-08 11:57:09,27,31,2921,9098
2023-03-08 11:57:09,27,30,2921,9098
2023-03-08 11:57:23,28,30,2921,9098
2023-03-08 11:57:26,28,29,2921,9098
2023-03-08 11:57:59,27,29,2921,9098
2023-03-08 11:58:18,28,29,2921,9098
2023-03-08 11:58:42,28,30,2921,9098
2023-03-08 11:58:43,29,30,2921,9098
2023-03-08 11:58:45,29,31,2921,9098
2023-03-08 11:58:45,29,30,2921,9098
2023-03-08 11:58:53,29,31,2921,9098
2023-03-08 11:59:06,30,31,2921,9098
2023-03-08 11:59:18,29,31,2921,9098
2023-03-08 11:59:22,29,32,2921,9098
2023-03-08 11:59:23,29,31,2921,9098
2023-03-08 11:59:23,29,31,2923,9100
2023-03-08 11:59:23,30,31,2923,9100
2023-03-08 11:59:24,29,31,2923,9100
2023-03-08 11:59:34,30,31,2923,9100
2023-03-08 11:59:41,29,31,2923,9100
2023-03-08 11:59:45,28,31,2923,9100
2023-03-08 11:59:47,29,31,2923,9100
2023-03-08 11:59:49,29,32,2923,9100
2023-03-08 11:59:49,29,31,2923,9100
2023-03-08 11:59:53,29,30,2923,9100
2023-03-08 11:59:54,28,30,2923,9100
2023-03-08 12:00:24,28,30,2921,9102
2023-03-08 12:00:33,27,30,2921,9102
2023-03-08 12:00:52,27,29,2921,9102
2023-03-08 12:00:53,27,28,2921,9102
2023-03-08 12:01:19,27,29,2919,9104
2023-03-08 12:01:23,27,28,2919,9104
2023-03-08 12:02:05,27,29,2919,9104
2023-03-08 12:02:23,28,29,2919,9104
2023-03-08 12:02:37,28,30,2919,9104
2023-03-08 12:02:57,29,30,2919,9104
2023-03-08 12:03:23,29,30,2921,9106
2023-03-08 12:03:36,29,32,2921,9106
2023-03-08 12:03:37,29,31,2921,9106
2023-03-08 12:03:40,30,31,2921,9106
2023-03-08 12:03:51,31,32,3012,9197
2023-03-08 12:04:00,31,33,3012,9197
2023-03-08 12:04:00,31,32,3012,9197
2023-03-08 12:04:01,31,33,3012,9197
2023-03-08 12:04:09,31,32,3012,9197
2023-03-08 12:04:13,31,32,3016,9201
2023-03-08 12:04:18,31,32,3020,9205
2023-03-08 12:04:23,31,32,3022,9207
2023-03-08 12:04:30,31,32,3026,9211
2023-03-08 12:04:32,30,32,3026,9211
2023-03-08 12:04:33,31,32,3030,9215
2023-03-08 12:04:34,31,33,3030,9215
2023-03-08 12:04:37,32,33,3030,9215
2023-03-08 12:04:39,31,33,3030,9215
2023-03-08 12:04:49,32,33,3030,9215
2023-03-08 12:04:53,32,33,3032,9217
2023-03-08 12:04:53,31,33,3032,9217
2023-03-08 12:04:58,32,33,3032,9217
2023-03-08 12:05:00,31,33,3032,9217
2023-03-08 12:05:02,32,33,3032,9217
2023-03-08 12:05:03,31,33,3032,9217
2023-03-08 12:05:46,32,33,3032,9217
2023-03-08 12:05:48,31,33,3032,9217
2023-03-08 12:05:53,32,33,3032,9217
2023-03-08 12:06:17,33,34,3224,9409
2023-03-08 12:06:23,33,34,3226,9411
2023-03-08 12:06:23,33,34,3273,9458
2023-03-08 12:06:29,33,35,3273,9458
2023-03-08 12:06:29,34,35,3273,9458
2023-03-08 12:06:33,34,36,3273,9458
2023-03-08 12:06:33,33,34,3277,9462
2023-03-08 12:06:36,33,36,3277,9743
2023-03-08 12:06:48,33,34,3277,9743
2023-03-08 12:06:59,33,34,3279,9745
2023-03-08 12:07:02,33,36,3279,9745
2023-03-08 12:07:03,33,35,3279,9745
2023-03-08 12:07:04,35,36,3325,9791
2023-03-08 12:07:04,35,37,3325,9791
2023-03-08 12:07:10,35,36,3325,9791
2023-03-08 12:07:24,35,37,3325,9791
2023-03-08 12:07:26,35,37,3327,9793
2023-03-08 12:07:47,35,37,3400,9866
2023-03-08 12:07:53,35,37,3402,9868
2023-03-08 12:07:57,35,38,3402,9868
2023-03-08 12:07:58,36,38,3402,9868
2023-03-08 12:08:09,36,37,3402,9868
2023-03-08 12:08:23,36,37,3404,9870
2023-03-08 12:08:26,36,38,3404,9870
2023-03-08 12:08:38,35,38,3404,9870
2023-03-08 12:08:38,35,39,3404,9870
2023-03-08 12:08:38,36,39,3404,9870
2023-03-08 12:08:53,36,39,3406,9872
2023-03-08 12:08:55,37,39,3406,9872
2023-03-08 12:09:23,37,39,3408,9874
2023-03-08 12:09:36,35,39,3408,9874
2023-03-08 12:09:36,37,39,3408,9874
2023-03-08 12:09:53,37,39,3410,9876
2023-03-08 12:10:07,35,39,3410,9876
2023-03-08 12:10:07,35,40,3410,9876
2023-03-08 12:10:07,37,40,3410,9876
2023-03-08 12:10:23,38,40,3410,9876
2023-03-08 12:10:35,38,39,3410,9876
2023-03-08 12:10:45,38,40,3410,9876
2023-03-08 12:11:03,37,40,3410,9876
2023-03-08 12:11:07,36,40,3410,9876
2023-03-08 12:11:07,37,40,3410,9876
2023-03-08 12:11:07,37,39,3410,9876
2023-03-08 12:11:23,36,39,3410,9876
2023-03-08 12:11:23,36,40,3410,9876
2023-03-08 12:11:23,37,40,3410,9876
2023-03-08 12:11:26,37,40,3412,9878
2023-03-08 12:11:52,38,40,3412,9878
2023-03-08 12:11:56,38,40,3414,9880
2023-03-08 12:12:17,37,40,3414,9880
2023-03-08 12:12:18,38,40,3414,9880
2023-03-08 12:12:26,38,40,3416,9882
2023-03-08 12:12:40,39,40,3416,9882
2023-03-08 12:12:45,39,43,3416,9882
2023-03-08 12:12:45,39,44,3416,9882
2023-03-08 12:12:45,39,41,3416,9882
2023-03-08 12:12:46,40,41,3416,9882
2023-03-08 12:12:56,40,41,3418,9884
2023-03-08 12:13:10,40,45,3418,9884
2023-03-08 12:13:10,40,46,3418,9884
2023-03-08 12:13:11,40,44,3418,9884
2023-03-08 12:13:26,40,44,3420,9886
2023-03-08 12:13:36,41,44,3420,9886
2023-03-08 12:13:56,43,44,3420,9886
2023-03-08 12:13:57,41,44,3422,9888
2023-03-08 12:14:04,39,44,3422,9888
2023-03-08 12:14:05,40,44,3422,9888
2023-03-08 12:14:19,41,44,3422,9888
2023-03-08 12:14:26,41,44,3424,9890
2023-03-08 12:14:27,41,43,3424,9890
2023-03-08 12:14:39,40,43,3424,9890
2023-03-08 12:14:39,41,43,3424,9890
2023-03-08 12:14:56,41,43,3426,9892
2023-03-08 12:15:27,42,43,3426,9892
2023-03-08 12:15:56,42,43,3428,9894
2023-03-08 12:16:15,41,44,3428,9894
2023-03-08 12:16:26,41,44,3430,9896
2023-03-08 12:16:29,40,44,3430,9896
2023-03-08 12:16:30,41,44,3430,9896
2023-03-08 12:16:37,41,44,3455,9921
2023-03-08 12:16:39,40,44,3455,9921
2023-03-08 12:16:40,41,44,3455,9921
2023-03-08 12:16:56,43,44,3455,9921
2023-03-08 12:17:26,43,44,3457,9923
2023-03-08 12:17:33,41,44,3457,9923
2023-03-08 12:17:56,42,44,3457,9923
2023-03-08 12:18:27,42,43,3457,9923
2023-03-08 12:18:32,41,43,3457,9923
2023-03-08 12:18:57,41,42,3457,9923
2023-03-08 12:19:06,40,42,3457,9923
2023-03-08 12:19:22,40,41,3457,9923
2023-03-08 12:19:30,40,42,3457,9923
2023-03-08 12:19:36,39,42,3457,9923
2023-03-08 12:19:49,38,42,3457,9923
2023-03-08 12:19:50,39,42,3457,9923
2023-03-08 12:19:50,39,41,3457,9923
2023-03-08 12:20:26,39,41,3459,9925
2023-03-08 12:20:44,39,43,3459,9925
2023-03-08 12:20:57,39,41,3459,9925
2023-03-08 12:22:17,40,41,3459,9925
2023-03-08 12:22:27,40,41,3461,9927
2023-03-08 12:22:38,40,43,3461,9927
2023-03-08 12:22:57,41,43,3461,9927
2023-03-08 12:22:58,41,44,3907,10377
2023-03-08 12:22:59,41,43,3907,10377
2023-03-08 12:23:09,41,45,3907,10377
2023-03-08 12:23:09,41,44,3907,10377
2023-03-08 12:23:26,41,45,3907,10377
2023-03-08 12:23:26,41,44,3907,10377
2023-03-08 12:23:26,42,44,3907,10377
2023-03-08 12:23:57,42,43,3907,10377
2023-03-08 12:24:19,41,43,3907,10377
2023-03-08 12:24:27,41,43,3905,10379
2023-03-08 12:24:36,41,44,3905,10379
2023-03-08 12:24:36,40,44,3905,10379
2023-03-08 12:24:36,40,45,3905,10379
2023-03-08 12:24:36,40,44,3905,10379
2023-03-08 12:24:52,40,45,3905,10379
2023-03-08 12:24:52,40,44,3905,10379
2023-03-08 12:24:57,40,41,3905,10379
2023-03-08 12:25:21,41,45,3903,10381
2023-03-08 12:25:21,41,44,3903,10381
2023-03-08 12:25:27,41,42,3903,10381
2023-03-08 12:25:44,40,42,3903,10381
2023-03-08 12:26:02,41,42,3903,10381
2023-03-08 12:26:12,42,44,3901,10383
2023-03-08 12:26:16,41,44,3901,10383
2023-03-08 12:26:27,43,44,3901,10383
2023-03-08 12:26:39,43,45,3901,10383
2023-03-08 12:26:39,43,44,3901,10383
2023-03-08 12:26:51,43,45,3901,10383
2023-03-08 12:26:52,43,44,3901,10383
2023-03-08 12:27:21,43,45,3901,10383
2023-03-08 12:27:21,43,44,3901,10383
2023-03-08 12:27:27,43,44,3903,10385
2023-03-08 12:27:34,41,44,3903,10385
2023-03-08 12:27:34,41,46,3903,10385
2023-03-08 12:27:35,42,46,3903,10385
2023-03-08 12:27:35,42,44,3903,10385
2023-03-08 12:27:57,42,46,3903,10385
2023-03-08 12:27:57,42,44,3903,10385
2023-03-08 12:27:57,42,43,3903,10385
2023-03-08 12:28:14,43,44,3901,10387
2023-03-08 12:28:15,42,44,3901,10387
2023-03-08 12:28:27,42,44,3903,10389
2023-03-08 12:28:27,42,46,3903,10389
2023-03-08 12:28:27,42,44,3903,10389
2023-03-08 12:28:30,43,44,3903,10389
2023-03-08 12:28:31,43,44,3903,10529
2023-03-08 12:28:41,43,44,3983,10609
2023-03-08 12:28:48,43,47,3983,10609
2023-03-08 12:28:48,43,46,3983,10609
2023-03-08 12:28:56,44,46,3983,10609
2023-03-08 12:28:56,45,46,3983,10609
2023-03-08 12:28:57,45,46,3985,10611
2023-03-08 12:29:01,44,46,3985,10611
2023-03-08 12:29:02,43,46,3985,10611
2023-03-08 12:29:04,43,48,3985,10611
2023-03-08 12:29:04,44,48,3985,10611
2023-03-08 12:29:04,44,46,3985,10611
2023-03-08 12:29:24,43,46,3985,10611
2023-03-08 12:29:24,43,48,3985,10611
2023-03-08 12:29:24,43,49,3985,10611
2023-03-08 12:29:25,46,49,3985,10611
2023-03-08 12:29:25,46,48,3985,10611
2023-03-08 12:29:25,46,47,3985,10611
2023-03-08 12:29:27,46,47,3985,10613
2023-03-08 12:29:44,44,47,3985,10613
2023-03-08 12:29:44,43,47,3985,10613
2023-03-08 12:29:44,45,47,3985,10613
2023-03-08 12:29:44,45,47,3907,10757
2023-03-08 12:29:44,45,49,3907,10757
2023-03-08 12:29:57,48,49,3907,10757
2023-03-08 12:30:27,48,49,3909,10759
2023-03-08 12:30:43,47,49,3909,10759
2023-03-08 12:30:53,45,49,3909,10759
2023-03-08 12:30:53,47,49,3909,10759
2023-03-08 12:30:57,48,49,3909,10759
2023-03-08 12:31:17,48,50,3909,10759
2023-03-08 12:31:27,48,50,3911,10761
2023-03-08 12:31:32,47,50,3911,10761
2023-03-08 12:31:48,48,50,3911,10761
2023-03-08 12:31:53,47,50,3911,10761
2023-03-08 12:31:54,47,52,3911,10761
2023-03-08 12:31:54,47,51,3911,10761
2023-03-08 12:31:54,47,52,3911,10761
2023-03-08 12:31:54,49,52,3911,10761
2023-03-08 12:31:55,49,51,3911,10761
2023-03-08 12:31:57,49,51,3913,10763
2023-03-08 12:32:12,47,51,3913,10763
2023-03-08 12:32:12,48,51,3913,10763
2023-03-08 12:32:27,48,52,3913,10763
2023-03-08 12:32:27,48,52,3915,10765
2023-03-08 12:32:27,48,51,3915,10765
2023-03-08 12:32:52,48,52,3915,10765
2023-03-08 12:32:52,49,52,3915,10765
2023-03-08 12:32:52,49,51,3915,10765
2023-03-08 12:32:57,49,51,3917,10767
2023-03-08 12:33:27,50,51,3917,10767
2023-03-08 12:34:08,48,50,3919,10769
2023-03-08 12:34:22,47,50,3919,10769
2023-03-08 12:34:22,47,51,3919,10769
2023-03-08 12:34:23,47,49,3919,10769
2023-03-08 12:34:27,47,49,3921,10771
2023-03-08 12:34:50,47,51,3921,10771
2023-03-08 12:34:50,47,50,3921,10771
2023-03-08 12:34:50,47,48,3921,10771
2023-03-08 12:34:57,47,48,3923,10773
2023-03-08 12:35:14,47,48,4001,10851
2023-03-08 12:35:27,47,48,4003,10853
2023-03-08 12:35:28,47,50,4003,10853
2023-03-08 12:35:28,47,48,4003,10853
2023-03-08 12:35:46,46,48,4003,10853
2023-03-08 12:35:50,45,48,4003,10853
2023-03-08 12:35:50,45,50,4003,10853
2023-03-08 12:35:50,46,50,4003,10853
2023-03-08 12:35:50,46,48,4003,10853
2023-03-08 12:35:57,47,48,4003,10853
2023-03-08 12:36:05,47,49,4003,10853
2023-03-08 12:36:05,47,48,4003,10853
2023-03-08 12:36:17,45,47,4005,10855
2023-03-08 12:36:57,45,46,4005,10855
2023-03-08 12:37:09,44,46,4005,10855
2023-03-08 12:37:27,44,45,4005,10855
2023-03-08 12:38:28,45,46,4003,10857
2023-03-08 12:38:29,44,46,4003,10857
2023-03-08 12:38:57,44,45,4003,10857
2023-03-08 12:39:27,43,45,4003,10857
2023-03-08 12:39:27,43,44,4003,10857
2023-03-08 12:39:32,43,46,4001,10859
2023-03-08 12:39:54,43,48,4001,10859
2023-03-08 12:39:54,44,48,4001,10859
2023-03-08 12:39:54,44,46,4001,10859
2023-03-08 12:39:57,45,46,4001,10859
2023-03-08 12:40:03,45,47,4001,10859
2023-03-08 12:40:04,45,46,4001,10859
2023-03-08 12:40:09,45,47,4001,10859
2023-03-08 12:40:32,44,47,4001,10859
2023-03-08 12:40:37,44,47,4001,10859
2023-03-08 12:40:40,44,46,4001,10859
2023-03-08 12:40:44,44,46,3923,10937
2023-03-08 12:40:46,44,47,3923,10937
2023-03-08 12:40:47,43,47,3923,10937
2023-03-08 12:40:47,43,46,3923,10937
2023-03-08 12:40:57,43,46,3921,10939
2023-03-08 12:41:07,41,46,3921,10939
2023-03-08 12:41:07,41,47,3921,10939
2023-03-08 12:41:07,43,47,3921,10939
2023-03-08 12:41:07,43,45,3921,10939
2023-03-08 12:41:27,43,45,3919,10941
2023-03-08 12:41:35,41,45,3919,10941
2023-03-08 12:41:35,41,47,3919,10941
2023-03-08 12:41:35,42,47,3919,10941
2023-03-08 12:41:35,42,45,3919,10941
2023-03-08 12:41:54,42,48,3919,10941
2023-03-08 12:41:54,42,47,3919,10941
2023-03-08 12:41:54,42,48,3919,10941
2023-03-08 12:41:54,43,48,3919,10941
2023-03-08 12:41:54,43,47,3919,10941
2023-03-08 12:41:54,43,45,3919,10941
2023-03-08 12:41:57,43,44,3919,10941
2023-03-08 12:42:28,43,44,3917,10943
2023-03-08 12:42:43,43,45,3917,10943
2023-03-08 12:42:47,41,45,3917,10943
2023-03-08 12:42:47,41,47,3917,10943
2023-03-08 12:42:47,42,47,3917,10943
2023-03-08 12:42:47,42,45,3917,10943
2023-03-08 12:42:57,42,45,3915,10945
2023-03-08 12:42:59,41,45,3915,10945
2023-03-08 12:42:59,41,47,3915,10945
2023-03-08 12:42:59,42,47,3915,10945
2023-03-08 12:42:59,42,45,3915,10945
2023-03-08 12:43:28,42,44,3915,10945
2023-03-08 12:43:58,42,43,3915,10945
2023-03-08 12:44:33,42,44,3915,10945
2023-03-08 12:44:58,42,43,3915,10945
2023-03-08 12:45:26,41,43,3915,10945
2023-03-08 12:45:27,42,43,3915,10945
2023-03-08 12:45:36,41,43,3915,10945
2023-03-08 12:45:36,42,43,3915,10945
2023-03-08 12:45:41,41,43,3915,10945
2023-03-08 12:45:42,42,43,3915,10945
2023-03-08 12:45:58,42,43,3913,10947
2023-03-08 12:46:20,42,44,3913,10947
2023-03-08 12:46:25,41,44,3913,10947
2023-03-08 12:46:25,41,46,3913,10947
2023-03-08 12:46:25,42,46,3913,10947
2023-03-08 12:46:25,42,45,3913,10947
2023-03-08 12:46:28,42,43,3913,10947
2023-03-08 12:46:41,41,43,3913,10947
2023-03-08 12:46:41,42,43,3913,10947
2023-03-08 12:46:58,41,43,3913,10947
2023-03-08 12:46:59,42,43,3913,10947
2023-03-08 12:47:22,42,45,3911,10949
2023-03-08 12:47:28,42,43,3911,10949
2023-03-08 12:47:47,42,44,3909,10951
2023-03-08 12:47:54,42,47,3909,10951
2023-03-08 12:47:54,42,45,3909,10951
2023-03-08 12:47:58,43,45,3909,10951
2023-03-08 12:48:17,43,47,3907,11187
2023-03-08 12:48:27,44,47,3907,11187
2023-03-08 12:48:28,44,48,3907,11187
2023-03-08 12:48:28,47,48,3907,11187
2023-03-08 12:48:28,44,46,3909,11189
2023-03-08 12:48:29,45,46,3909,11189
2023-03-08 12:49:01,45,47,3909,11189
2023-03-08 12:49:01,46,47,3909,11189
2023-03-08 12:49:15,45,47,3909,11189
2023-03-08 12:49:15,46,47,3909,11189
2023-03-08 12:49:28,46,47,3907,11191
2023-03-08 12:49:32,45,47,3907,11191
2023-03-08 12:49:32,45,49,3907,11191
2023-03-08 12:49:32,45,48,3907,11191
2023-03-08 12:49:58,45,46,3907,11191
2023-03-08 12:50:27,44,46,3907,11191
2023-03-08 12:50:28,45,46,3907,11191
2023-03-08 12:50:47,45,47,3907,11191
2023-03-08 12:51:28,46,47,3907,11191
2023-03-08 12:51:45,46,48,3907,11191
2023-03-08 12:52:58,47,48,3907,11191
2023-03-08 12:53:21,47,49,3907,11191
2023-03-08 12:53:21,47,48,3907,11191
2023-03-08 12:53:46,47,49,3907,11191
2023-03-08 12:53:47,47,48,3907,11191
2023-03-08 12:53:57,47,48,3909,11193
2023-03-08 12:54:02,46,48,3909,11193
2023-03-08 12:54:05,44,48,3909,11193
2023-03-08 12:54:05,44,50,3909,11193
2023-03-08 12:54:05,46,50,3909,11193
2023-03-08 12:54:05,46,48,3909,11193
2023-03-08 12:54:27,46,50,3909,11193
2023-03-08 12:54:28,49,50,3909,11193
2023-03-08 12:54:40,49,51,3909,11193
2023-03-08 12:54:41,47,49,3911,11195
2023-03-08 12:55:28,47,49,3913,11197
2023-03-08 12:55:36,46,50,3913,11197
2023-03-08 12:55:36,46,51,3913,11197
2023-03-08 12:55:36,48,51,3913,11197
2023-03-08 12:55:36,48,50,3913,11197
2023-03-08 12:55:58,48,50,3915,11199
2023-03-08 12:56:05,47,50,3915,11199
2023-03-08 12:56:05,47,51,3915,11199
2023-03-08 12:56:05,48,51,3915,11199
2023-03-08 12:56:05,48,50,3915,11199
2023-03-08 12:56:28,48,50,3917,11201
2023-03-08 12:56:35,48,52,3917,11201
2023-03-08 12:56:35,48,53,3917,11201
2023-03-08 12:56:35,48,51,3917,11201
2023-03-08 12:56:55,48,53,3917,11201
2023-03-08 12:56:55,49,53,3917,11201
2023-03-08 12:56:55,49,51,3917,11201
2023-03-08 12:56:58,50,51,3917,11201
2023-03-08 12:57:09,50,52,3917,11201
2023-03-08 12:57:09,50,51,3917,11201
2023-03-08 12:57:13,50,51,3942,11226
2023-03-08 12:57:18,50,52,3942,11226
2023-03-08 12:57:18,50,51,3942,11226
2023-03-08 12:57:38,49,51,3942,11226
2023-03-08 12:57:55,49,51,3967,11251
2023-03-08 12:57:58,49,50,3967,11251
2023-03-08 12:58:08,48,50,3967,11251
2023-03-08 12:58:28,49,50,3967,11251
2023-03-08 12:59:23,49,51,3967,11251
2023-03-08 12:59:23,49,50,3967,11251
2023-03-08 12:59:28,49,50,3969,11253
2023-03-08 12:59:34,48,50,3969,11253
2023-03-08 12:59:41,47,50,3969,11253
2023-03-08 12:59:41,47,52,3969,11253
2023-03-08 12:59:41,48,52,3969,11253
2023-03-08 12:59:41,48,50,3969,11253
2023-03-08 12:59:54,48,50,3994,11278
2023-03-08 12:59:56,48,52,3994,11278
2023-03-08 12:59:56,48,50,3994,11278
2023-03-08 13:00:28,49,50,3994,11278
2023-03-08 13:00:57,49,51,3994,11278
2023-03-08 13:00:57,46,48,3996,11280
2023-03-08 13:01:06,46,48,3927,11351
2023-03-08 13:01:14,44,48,3927,11351
2023-03-08 13:01:14,46,48,3927,11351
2023-03-08 13:01:28,46,48,3926,11352
2023-03-08 13:01:30,44,48,3926,11352
2023-03-08 13:01:31,44,47,3926,11352
2023-03-08 13:01:45,46,47,3926,11352
2023-03-08 13:01:46,46,50,3926,11352
2023-03-08 13:01:46,46,48,3926,11352
2023-03-08 13:01:46,46,48,4008,11434
2023-03-08 13:01:58,47,48,4008,11434
2023-03-08 13:01:59,47,49,4008,11434
2023-03-08 13:01:59,46,47,4009,11435
2023-03-08 13:02:05,46,47,4388,11814
2023-03-08 13:02:05,48,49,4519,11945
2023-03-08 13:02:05,48,49,4647,12073
2023-03-08 13:02:06,48,49,4603,12117
2023-03-08 13:02:06,43,49,4603,12117
2023-03-08 13:02:07,43,46,4603,12117
2023-03-08 13:02:08,45,46,4603,12117
2023-03-08 13:02:09,46,47,4557,12163
2023-03-08 13:02:16,45,47,4557,12163
2023-03-08 13:02:17,45,49,4557,12295
2023-03-08 13:02:24,45,49,4556,12628
2023-03-08 13:02:24,49,51,4556,12738
2023-03-08 13:02:25,45,51,4556,12738
2023-03-08 13:02:25,40,51,4556,12738
2023-03-08 13:02:25,40,52,4556,12738
2023-03-08 13:02:25,47,52,4556,12738
2023-03-08 13:02:25,47,51,4556,12738
2023-03-08 13:02:25,47,49,4556,12738
2023-03-08 13:02:28,47,49,4557,12739
2023-03-08 13:02:31,47,51,4557,12805
2023-03-08 13:02:31,48,51,4557,12805
2023-03-08 13:02:42,48,54,4557,12805
2023-03-08 13:02:42,49,54,4557,12805
2023-03-08 13:02:42,49,53,4557,12805
2023-03-08 13:02:42,49,52,4557,12805
2023-03-08 13:02:56,51,52,4557,12805
2023-03-08 13:02:58,51,52,4558,12806
2023-03-08 13:03:23,49,52,4558,12806
2023-03-08 13:03:23,51,52,4558,12806
2023-03-08 13:03:28,51,52,4559,12807
2023-03-08 13:03:41,51,54,4559,12807
2023-03-08 13:03:41,51,53,4559,12807
2023-03-08 13:03:41,51,52,4559,12807
2023-03-08 13:03:42,51,53,4559,12807
2023-03-08 13:03:55,48,53,4559,12807
2023-03-08 13:03:55,50,53,4559,12807
2023-03-08 13:03:55,50,52,4559,12807
2023-03-08 13:03:58,51,52,4559,12807
2023-03-08 13:04:28,51,52,4560,12808
2023-03-08 13:04:31,51,53,4560,12808
2023-03-08 13:04:31,48,51,4561,12809
2023-03-08 13:04:33,48,51,4561,12990
2023-03-08 13:04:48,48,54,4561,12990
2023-03-08 13:04:48,48,50,4561,12990
2023-03-08 13:04:55,49,50,4561,12990
2023-03-08 13:04:55,50,52,4561,13026
2023-03-08 13:04:57,49,52,4561,13026
2023-03-08 13:04:58,49,52,4562,13027
2023-03-08 13:05:12,49,54,4562,13027
2023-03-08 13:05:12,49,51,4562,13027
2023-03-08 13:05:19,49,53,4562,13027
2023-03-08 13:05:19,49,51,4562,13027
2023-03-08 13:05:29,49,51,4563,13028
2023-03-08 13:05:36,49,53,4563,13028
2023-03-08 13:05:36,49,51,4563,13028
2023-03-08 13:05:50,49,53,4563,13028
2023-03-08 13:05:51,49,51,4563,13028
2023-03-08 13:05:54,50,51,4563,13028
2023-03-08 13:05:58,50,51,4564,13029
2023-03-08 13:06:26,51,53,4564,13118
2023-03-08 13:06:27,50,53,4564,13118
2023-03-08 13:06:31,50,54,4564,13118
2023-03-08 13:06:31,50,52,4564,13118
2023-03-08 13:06:38,49,52,4564,13118
2023-03-08 13:06:38,49,52,4565,13119
2023-03-08 13:06:41,49,54,4565,13119
2023-03-08 13:06:41,49,53,4565,13119
2023-03-08 13:06:42,49,51,4565,13119
2023-03-08 13:07:01,50,51,4565,13119
2023-03-08 13:07:06,50,52,4565,13119
2023-03-08 13:07:25,50,51,4565,13119
2023-03-08 13:07:47,50,52,4565,13119
2023-03-08 13:07:47,50,51,4565,13119
2023-03-08 13:07:58,50,51,4566,13120
2023-03-08 13:08:05,49,51,4566,13120
2023-03-08 13:08:23,49,52,4566,13120
2023-03-08 13:08:28,51,52,4566,13120
2023-03-08 13:08:34,51,53,4566,13120
2023-03-08 13:08:34,51,52,4566,13120
2023-03-08 13:08:59,51,52,4567,13121
2023-03-08 13:09:07,50,52,4567,13121
2023-03-08 13:09:09,50,54,4567,13121
2023-03-08 13:09:09,50,52,4567,13121
2023-03-08 13:09:28,50,52,4568,13122
2023-03-08 13:09:29,49,52,4568,13122
2023-03-08 13:09:29,49,54,4568,13122
2023-03-08 13:09:29,50,54,4568,13122
2023-03-08 13:09:29,50,53,4568,13122
2023-03-08 13:09:51,50,54,4568,13122
2023-03-08 13:09:51,51,54,4568,13122
2023-03-08 13:09:51,51,53,4568,13122
2023-03-08 13:09:58,52,53,4568,13122
2023-03-08 13:10:07,52,54,4568,13122
2023-03-08 13:10:07,52,53,4568,13122
2023-03-08 13:10:42,52,54,4568,13122
2023-03-08 13:11:58,53,54,4568,13122
2023-03-08 13:12:08,53,55,4568,13122
2023-03-08 13:12:29,53,54,4568,13122
2023-03-08 13:12:34,52,54,4568,13122
2023-03-08 13:12:58,53,54,4568,13122
2023-03-08 13:13:32,53,55,4568,13122
2023-03-08 13:13:32,53,54,4568,13122
2023-03-08 13:13:56,53,55,4568,13122
2023-03-08 13:13:57,53,54,4568,13122
2023-03-08 13:14:03,52,54,4568,13122
2023-03-08 13:14:12,52,53,4568,13122
2023-03-08 13:14:21,52,54,4568,13122
2023-03-08 13:14:41,52,53,4568,13122
2023-03-08 13:14:55,52,54,4568,13122
2023-03-08 13:14:56,52,53,4568,13122
2023-03-08 13:15:18,52,54,4568,13122
2023-03-08 13:15:18,52,53,4568,13122
2023-03-08 13:15:29,52,53,4569,13123
2023-03-08 13:15:33,51,53,4569,13123
2023-03-08 13:15:33,51,55,4569,13123
2023-03-08 13:15:33,52,55,4569,13123
2023-03-08 13:15:33,52,54,4569,13123
2023-03-08 13:15:45,51,54,4569,13123
2023-03-08 13:15:45,51,55,4569,13123
2023-03-08 13:15:46,52,55,4569,13123
2023-03-08 13:15:46,52,54,4569,13123
2023-03-08 13:16:01,52,53,4569,13123
2023-03-08 13:16:03,52,54,4569,13123
2023-03-08 13:16:29,53,54,4569,13123
2023-03-08 13:16:55,53,55,4569,13123
2023-03-08 13:16:56,53,54,4569,13123
2023-03-08 13:17:42,53,55,4569,13123
2023-03-08 13:17:42,53,54,4569,13123
2023-03-08 13:18:01,53,55,4569,13123
2023-03-08 13:18:02,53,54,4569,13123
2023-03-08 13:18:28,53,55,4569,13123
2023-03-08 13:18:28,53,54,4569,13123
2023-03-08 13:18:48,53,55,4569,13123
2023-03-08 13:18:48,53,54,4569,13123
2023-03-08 13:19:31,53,55,4569,13123
2023-03-08 13:19:31,53,54,4569,13123
2023-03-08 13:19:56,53,55,4569,13123
2023-03-08 13:19:56,53,54,4569,13123
2023-03-08 13:20:32,53,55,4569,13123
2023-03-08 13:21:29,54,55,4569,13123
2023-03-08 13:21:43,54,56,4569,13123
2023-03-08 13:21:43,54,55,4569,13123
2023-03-08 13:22:37,53,55,4569,13123
2023-03-08 13:22:46,53,54,4569,13123
2023-03-08 13:23:36,53,55,4569,13123
2023-03-08 13:24:29,53,54,4569,13123
2023-03-08 13:24:33,52,54,4569,13123
2023-03-08 13:24:48,53,54,4569,13123
2023-03-08 13:25:05,53,55,4569,13123
2023-03-08 13:25:29,54,55,4569,13123
2023-03-08 13:25:34,54,56,4569,13123
2023-03-08 13:27:29,55,56,4569,13123
2023-03-08 13:27:50,55,57,4569,13123
2023-03-08 13:28:58,55,56,4569,13123
2023-03-08 13:30:25,55,56,4726,13280
2023-03-08 13:30:36,55,56,4843,13397
2023-03-08 13:30:49,55,56,4880,13434
2023-03-08 13:30:59,55,56,4880,13435
2023-03-08 13:31:05,55,56,4917,13472
2023-03-08 13:31:29,55,56,4917,13473
2023-03-08 13:31:52,55,57,4917,13473
2023-03-08 13:32:26,56,57,4917,13473
2023-03-08 13:33:35,55,57,4917,13473
2023-03-08 13:33:36,56,57,4917,13473
2023-03-08 13:33:54,55,57,4917,13473
2023-03-08 13:33:54,56,57,4917,13473
2023-03-08 13:35:05,56,58,4917,13473
2023-03-08 13:36:01,56,58,5045,13602
2023-03-08 13:36:59,56,57,5045,13602
2023-03-08 13:37:13,55,57,5045,13602
2023-03-08 13:37:13,56,57,5045,13602
2023-03-08 13:37:24,55,57,5045,13602
2023-03-08 13:37:25,56,57,5045,13602
2023-03-08 13:37:52,55,57,5045,13602
2023-03-08 13:37:52,56,57,5045,13602
2023-03-08 13:37:59,56,57,5044,13603
2023-03-08 13:38:07,56,59,5044,13603
2023-03-08 13:38:22,55,59,5044,13603
2023-03-08 13:38:23,55,58,5044,13603
2023-03-08 13:38:30,55,57,5044,13603
2023-03-08 13:39:29,56,57,5044,13603
2023-03-08 13:39:57,56,58,5044,13603
2023-03-08 13:39:59,56,57,5044,13603
2023-03-08 13:40:11,57,58,5044,13604
2023-03-08 13:40:16,55,56,5044,13628
2023-03-08 13:40:24,55,56,4544,14128
2023-03-08 13:41:29,55,56,4544,14129
2023-03-08 13:41:34,55,57,4544,14129
2023-03-08 13:41:41,55,58,4544,14129
2023-03-08 13:41:59,55,58,4544,14131
2023-03-08 13:42:21,55,57,4544,14131
2023-03-08 13:42:29,55,56,4544,14131
2023-03-08 13:43:22,55,57,4544,14131
2023-03-08 13:43:29,55,56,4544,14131
2023-03-08 13:44:02,56,58,4544,14135
2023-03-08 13:44:02,56,57,4544,14135
2023-03-08 13:44:26,56,59,4544,14135
2023-03-08 13:44:26,56,58,4544,14135
2023-03-08 13:44:29,57,58,4544,14135
2023-03-08 13:44:42,57,59,4544,14135
2023-03-08 13:44:42,57,58,4544,14135
2023-03-08 13:44:42,57,59,4544,14135
2023-03-08 13:44:56,57,59,4438,14369
2023-03-08 13:44:58,57,60,4438,14369
2023-03-08 13:44:59,57,59,4438,14369
2023-03-08 13:45:01,57,58,4438,14369
2023-03-08 13:45:02,57,59,4438,14369
2023-03-08 13:45:04,57,58,4438,14369
2023-03-08 13:45:15,57,58,4440,14394
2023-03-08 13:45:15,57,58,4440,14419
2023-03-08 13:45:22,57,59,4440,14419
2023-03-08 13:45:22,57,58,4440,14419
2023-03-08 13:45:22,57,59,4440,14419
2023-03-08 13:45:52,57,58,4440,14419
2023-03-08 13:46:53,57,59,4440,14419
2023-03-08 13:46:59,58,59,4440,14419
2023-03-08 13:47:18,58,60,4440,14419
2023-03-08 13:47:18,58,59,4440,14419
2023-03-08 13:47:34,57,59,4440,14419
2023-03-08 13:48:29,58,59,4440,14419
2023-03-08 13:48:58,58,60,4440,14419
2023-03-08 13:48:59,58,59,4440,14419
2023-03-08 13:49:42,57,59,4440,14419
2023-03-08 13:50:30,57,58,4440,14419
2023-03-08 13:50:35,56,58,4440,14419
2023-03-08 13:50:43,57,58,4440,14419
2023-03-08 13:51:29,58,60,4473,14454
2023-03-08 13:51:29,58,59,4473,14454
2023-03-08 13:52:26,58,60,4473,14454
2023-03-08 13:52:26,58,59,4473,14454
2023-03-08 13:52:56,59,60,4507,14488
2023-03-08 13:53:02,58,60,4507,14488
2023-03-08 13:53:11,58,59,4507,14488
2023-03-08 13:53:14,58,60,4507,14488
2023-03-08 13:53:17,59,60,4507,14488
2023-03-08 13:53:29,59,60,4509,14490
2023-03-08 13:53:32,59,62,4566,14549
2023-03-08 13:53:35,61,62,4715,14698
2023-03-08 13:53:49,61,63,4715,14698
2023-03-08 13:53:49,61,62,4715,14698
2023-03-08 13:53:55,60,61,4835,14818
2023-03-08 13:53:59,60,61,4837,14820
2023-03-08 13:54:09,60,63,4837,14820
2023-03-08 13:54:09,60,61,4837,14820
2023-03-08 13:54:24,60,63,4837,14820
2023-03-08 13:54:24,60,62,4837,14820
2023-03-08 13:54:29,61,62,4837,14820
2023-03-08 13:54:52,61,62,4840,14823
2023-03-08 13:54:53,61,63,4840,14823
2023-03-08 13:54:53,61,62,4840,14823
2023-03-08 13:55:29,61,62,4842,14825
2023-03-08 13:56:03,61,63,4842,14825
2023-03-08 13:56:03,61,62,4842,14825
2023-03-08 13:56:59,61,63,4842,14825
2023-03-08 13:56:59,61,62,4842,14825
2023-03-08 13:57:23,61,63,4842,14825
2023-03-08 13:57:24,61,62,4842,14825
2023-03-08 13:57:26,61,63,4842,14916
2023-03-08 13:57:30,61,63,4842,14918
2023-03-08 13:57:32,61,62,4842,14918
2023-03-08 13:57:39,60,62,4842,14918
2023-03-08 13:57:39,60,63,4842,14918
2023-03-08 13:57:39,60,62,4842,14918
2023-03-08 13:57:39,60,63,4842,14918
2023-03-08 13:57:39,60,61,4842,14918
2023-03-08 13:58:35,60,62,4842,14918
2023-03-08 13:59:09,59,63,4842,14918
2023-03-08 13:59:09,60,63,4842,14918
2023-03-08 13:59:21,60,64,4765,15183
2023-03-08 13:59:28,60,66,4765,15183
2023-03-08 13:59:30,60,62,4765,15183
2023-03-08 14:00:00,61,62,4765,15183
2023-03-08 14:00:22,61,63,4765,15183
2023-03-08 14:00:23,61,63,4857,15275
2023-03-08 14:00:23,61,63,4872,15290
2023-03-08 14:00:24,61,62,4872,15290
2023-03-08 14:00:29,61,62,4874,15292
2023-03-08 14:00:30,61,62,4977,15395
2023-03-08 14:00:30,61,63,4977,15395
2023-03-08 14:00:32,61,63,5038,15456
2023-03-08 14:00:39,61,62,5038,15456
2023-03-08 14:00:40,61,62,5038,15578
2023-03-08 14:00:50,61,63,5038,15578
2023-03-08 14:00:50,61,62,5038,15578
2023-03-08 14:00:59,61,62,5040,15580
2023-03-08 14:00:59,61,62,5042,15582
2023-03-08 14:01:00,61,63,5042,15582
2023-03-08 14:01:00,61,62,5042,15582
2023-03-08 14:01:22,61,64,5042,15582
2023-03-08 14:01:22,61,63,5042,15582
2023-03-08 14:01:24,62,63,5042,15582
2023-03-08 14:01:31,61,63,5042,15582
2023-03-08 14:02:01,62,63,5042,15582
2023-03-08 14:02:02,61,63,5042,15582
2023-03-08 14:02:06,62,63,5042,15582
2023-03-08 14:02:37,62,64,5042,15582
2023-03-08 14:02:50,62,63,5042,15582
2023-03-08 14:03:25,62,64,5042,15582
2023-03-08 14:03:25,62,63,5042,15582
2023-03-08 14:03:52,62,63,5077,15617
2023-03-08 14:04:08,62,64,5077,15617
2023-03-08 14:04:08,62,63,5077,15617
2023-03-08 14:04:28,62,63,5097,15637
2023-03-08 14:04:30,62,64,5097,15637
2023-03-08 14:04:37,62,63,5097,15637
2023-03-08 14:04:47,62,64,5097,15637
2023-03-08 14:05:29,62,63,5097,15637
2023-03-08 14:05:30,62,64,5097,15637
2023-03-08 14:05:38,62,64,5097,15637
2023-03-08 14:06:05,62,63,5097,15637
2023-03-08 14:06:18,62,64,5125,15667
2023-03-08 14:06:24,62,65,5125,15667
2023-03-08 14:06:24,62,64,5125,15667
2023-03-08 14:07:01,63,64,5125,15667
2023-03-08 14:07:18,63,65,5125,15667
2023-03-08 14:07:18,63,64,5125,15667
2023-03-08 14:07:57,63,65,5125,15667
2023-03-08 14:08:30,63,64,5125,15667
2023-03-08 14:09:07,63,65,5125,15667
2023-03-08 14:09:18,63,64,5125,15667
2023-03-08 14:09:19,63,65,5125,15667
2023-03-08 14:09:27,64,65,5125,15667
2023-03-08 14:09:29,64,66,5125,15667
2023-03-08 14:09:30,64,65,5125,15667
2023-03-08 14:10:00,64,66,5125,15667
2023-03-08 14:10:00,64,65,5125,15667
2023-03-08 14:10:19,63,65,5125,15667
2023-03-08 14:10:30,63,65,5125,15669
2023-03-08 14:10:33,62,63,5393,15937
2023-03-08 14:10:34,63,65,5393,15939
2023-03-08 14:10:54,62,66,5393,15939
2023-03-08 14:11:00,63,66,5393,15939
2023-03-08 14:11:00,63,65,5393,15939
2023-03-08 14:11:26,63,64,5393,15939
2023-03-08 14:11:26,60,64,5395,15941
2023-03-08 14:11:29,61,64,5395,15941
2023-03-08 14:11:30,61,63,5395,15941
2023-03-08 14:12:08,62,65,5395,15941
2023-03-08 14:12:09,62,66,5395,15941
2023-03-08 14:12:10,62,65,5395,15941
2023-03-08 14:12:14,62,63,5395,15941
2023-03-08 14:12:14,59,63,5395,15941
2023-03-08 14:12:31,59,61,5395,15941
2023-03-08 14:12:32,59,63,5393,15943
2023-03-08 14:12:34,60,63,5393,15943
2023-03-08 14:12:39,59,63,5393,15943
2023-03-08 14:12:47,61,63,5393,15943
2023-03-08 14:12:48,61,64,5393,15943
2023-03-08 14:12:51,61,63,5393,15943
2023-03-08 14:12:57,59,64,5393,15943
2023-03-08 14:13:01,59,61,5393,15943
2023-03-08 14:13:19,61,63,5391,15945
2023-03-08 14:13:20,59,63,5391,15945
2023-03-08 14:13:21,59,62,5391,15945
2023-03-08 14:13:21,61,62,5391,15945
2023-03-08 14:13:28,61,65,5391,15945
2023-03-08 14:13:28,61,64,5391,15945
2023-03-08 14:13:30,61,63,5391,15945
2023-03-08 14:13:40,62,63,5391,15945
2023-03-08 14:14:06,62,64,5391,15945
2023-03-08 14:14:17,63,64,5391,15945
2023-03-08 14:14:45,63,66,5391,15945
2023-03-08 14:15:00,64,66,5391,15945
2023-03-08 14:15:30,65,66,5391,15945
2023-03-08 14:15:37,65,67,5391,15945
2023-03-08 14:15:37,65,66,5391,15945
2023-03-08 14:15:43,65,67,5391,15945
2023-03-08 14:15:45,65,66,5391,15945
2023-03-08 14:15:47,65,67,5391,15945
2023-03-08 14:15:48,65,66,5391,15945
2023-03-08 14:15:57,65,67,5391,15945
2023-03-08 14:15:57,63,65,5393,15947
2023-03-08 14:15:58,63,64,5393,15947
2023-03-08 14:16:04,63,65,5393,15947
2023-03-08 14:16:09,63,64,5393,15947
2023-03-08 14:16:22,63,65,5393,15947
2023-03-08 14:16:25,64,65,5393,15947
2023-03-08 14:16:34,63,65,5393,15947
2023-03-08 14:16:57,63,64,5393,15947
2023-03-08 14:16:57,63,64,5482,16036
2023-03-08 14:16:58,62,64,5484,16120
2023-03-08 14:16:59,63,64,5484,16120
2023-03-08 14:16:59,63,65,5484,16120
2023-03-08 14:17:00,63,64,5484,16120
2023-03-08 14:17:00,63,64,5486,16122
2023-03-08 14:17:04,63,65,5486,16249
2023-03-08 14:17:04,63,64,5486,16249
2023-03-08 14:17:04,63,65,5486,16249
2023-03-08 14:17:06,61,65,5486,16249
2023-03-08 14:17:06,52,65,5486,16249
2023-03-08 14:17:06,52,66,5486,16249
2023-03-08 14:17:06,57,66,5486,16249
2023-03-08 14:17:06,62,66,5486,16249
2023-03-08 14:17:06,62,65,5486,16249
2023-03-08 14:17:11,62,65,5606,16369
2023-03-08 14:17:16,52,65,5606,16369
2023-03-08 14:17:16,52,66,5606,16369
2023-03-08 14:17:17,63,66,5606,16369
2023-03-08 14:17:17,63,65,5606,16369
2023-03-08 14:17:27,61,65,5606,16369
2023-03-08 14:17:27,52,65,5606,16369
2023-03-08 14:17:27,52,66,5606,16369
2023-03-08 14:17:27,63,66,5606,16369
2023-03-08 14:17:30,63,65,5606,16369
2023-03-08 14:17:32,64,65,5606,16369
2023-03-08 14:18:21,63,65,5606,16369
2023-03-08 14:18:21,64,65,5606,16369
2023-03-08 14:18:33,63,65,5606,16369
2023-03-08 14:18:33,64,65,5606,16369
2023-03-08 14:19:04,65,66,5604,16371
2023-03-08 14:19:39,64,66,5604,16371
2023-03-08 14:19:40,65,66,5604,16371
2023-03-08 14:20:08,64,66,5604,16371
2023-03-08 14:20:29,65,66,5604,16371
2023-03-08 14:20:30,64,66,5604,16371
2023-03-08 14:20:37,65,66,5604,16371
2023-03-08 14:20:50,64,66,5604,16371
2023-03-08 14:21:00,64,66,5602,16373
2023-03-08 14:21:01,62,66,5604,16423
2023-03-08 14:21:04,63,66,5604,16423
2023-03-08 14:21:05,62,66,5604,16423
2023-03-08 14:21:05,64,66,5604,16423
2023-03-08 14:21:09,64,65,5604,16423
2023-03-08 14:21:14,62,65,5604,16423
2023-03-08 14:21:14,63,65,5604,16423
2023-03-08 14:21:18,63,64,5604,16423
2023-03-08 14:21:20,63,65,5604,16423
2023-03-08 14:21:21,63,64,5604,16423
2023-03-08 14:21:29,62,64,5604,16524
2023-03-08 14:21:29,62,63,5604,16524
2023-03-08 14:21:36,61,64,5604,16524
2023-03-08 14:21:36,61,63,5604,16524
2023-03-08 14:21:37,61,64,5604,16524
2023-03-08 14:21:37,62,64,5604,16524
2023-03-08 14:21:46,62,63,5604,16524
2023-03-08 14:21:58,60,63,5604,16524
2023-03-08 14:21:59,60,62,5604,16524
2023-03-08 14:22:00,60,62,5602,16526
2023-03-08 14:22:01,61,62,5602,16526
2023-03-08 14:22:03,61,63,5602,16604
2023-03-08 14:22:03,61,64,5602,16604
2023-03-08 14:22:04,61,63,5602,16604
2023-03-08 14:22:05,61,64,5602,16604
2023-03-08 14:22:11,61,63,5602,16604
2023-03-08 14:22:16,61,64,5602,16604
2023-03-08 14:22:19,60,64,5602,16604
2023-03-08 14:22:26,58,64,5602,16604
2023-03-08 14:22:27,60,64,5602,16604
2023-03-08 14:22:27,60,63,5602,16604
2023-03-08 14:22:27,60,62,5602,16604
2023-03-08 14:22:27,60,63,5602,16604
2023-03-08 14:22:30,61,63,5602,16604
2023-03-08 14:22:37,59,61,5604,16606
2023-03-08 14:22:39,59,63,5604,16656
2023-03-08 14:22:39,60,63,5604,16656
2023-03-08 14:23:00,61,63,5604,16656
2023-03-08 14:23:00,61,62,5604,16656
2023-03-08 14:23:18,62,63,5604,16761
2023-03-08 14:23:20,61,63,5604,16761
2023-03-08 14:23:23,61,62,5604,16761
2023-03-08 14:23:30,61,62,5606,16763
2023-03-08 14:23:38,61,64,5606,16763
2023-03-08 14:23:38,61,63,5606,16763
2023-03-08 14:23:50,61,64,5606,16763
2023-03-08 14:23:50,61,63,5606,16763
2023-03-08 14:24:00,61,62,5606,16763
2023-03-08 14:24:48,61,63,5606,16763
2023-03-08 14:25:00,62,63,5606,16763
2023-03-08 14:25:06,62,64,5606,16763
2023-03-08 14:25:28,62,63,5606,16763
2023-03-08 14:25:39,61,63,5606,16763
2023-03-08 14:26:22,61,62,5606,16763
2023-03-08 14:26:35,60,62,5606,16763
2023-03-08 14:27:00,60,62,5604,16765
2023-03-08 14:27:12,60,61,5604,16765
2023-03-08 14:27:12,60,62,5604,16765
2023-03-08 14:27:28,59,62,5604,16765
2023-03-08 14:27:28,60,62,5604,16765
2023-03-08 14:27:30,60,62,5602,16767
2023-03-08 14:27:34,60,61,5602,16767
2023-03-08 14:27:36,58,61,5602,16789
2023-03-08 14:27:41,58,62,5602,16789
2023-03-08 14:27:44,60,62,5602,16789
2023-03-08 14:27:50,60,61,5602,16789
2023-03-08 14:27:58,58,60,5578,16813
2023-03-08 14:28:01,59,60,5578,16813
2023-03-08 14:28:09,58,60,5578,16813
2023-03-08 14:28:09,59,60,5578,16813
2023-03-08 14:28:19,58,60,5578,16836
2023-03-08 14:28:31,58,60,5576,16838
2023-03-08 14:28:31,58,59,5576,16838
2023-03-08 14:28:36,56,59,5576,16838
2023-03-08 14:28:47,55,58,5576,16838
2023-03-08 14:28:47,56,58,5576,16838
2023-03-08 14:28:51,56,59,5576,16838
2023-03-08 14:29:00,56,59,5576,16840
2023-03-08 14:29:05,58,59,5576,16840
2023-03-08 14:29:07,57,59,5576,16840
2023-03-08 14:29:24,57,61,5576,16840
2023-03-08 14:29:24,57,60,5576,16840
2023-03-08 14:29:30,58,60,5576,16840
2023-03-08 14:30:01,58,60,5576,16842
2023-03-08 14:30:03,58,59,5576,16842
2023-03-08 14:30:06,58,60,5576,16842
2023-03-08 14:30:06,57,60,5576,16842
2023-03-08 14:30:13,56,60,5576,16842
2023-03-08 14:30:21,58,60,5576,16842
2023-03-08 14:30:23,58,59,5576,16842
2023-03-08 14:30:27,56,59,5576,16842
2023-03-08 14:30:30,57,59,5576,16842
2023-03-08 14:30:51,58,59,5576,16842
2023-03-08 14:31:19,58,60,5576,16842
2023-03-08 14:32:01,58,60,5578,16844
2023-03-08 14:32:06,58,61,5578,16844
2023-03-08 14:32:15,58,60,5578,16844
2023-03-08 14:32:28,57,60,5578,16844
2023-03-08 14:32:28,57,58,5578,16844
2023-03-08 14:32:31,57,58,5576,16846
2023-03-08 14:32:39,57,60,5576,16846
2023-03-08 14:32:41,57,59,5576,16846
2023-03-08 14:32:51,56,59,5576,16997
2023-03-08 14:33:01,56,59,5574,16999
2023-03-08 14:33:20,56,59,5598,17023
2023-03-08 14:33:22,56,60,5598,17068
2023-03-08 14:33:23,56,61,5598,17068
2023-03-08 14:33:23,56,60,5598,17068
2023-03-08 14:33:23,56,61,5598,17068
2023-03-08 14:33:24,55,61,5598,17068
2023-03-08 14:33:24,55,63,5598,17068
2023-03-08 14:33:24,56,63,5598,17068
2023-03-08 14:33:24,57,63,5598,17068
2023-03-08 14:33:24,57,62,5598,17068
2023-03-08 14:33:24,57,60,5598,17068
2023-03-08 14:33:26,59,60,5598,17068
2023-03-08 14:33:27,59,62,5609,17137
2023-03-08 14:33:30,59,62,5611,17139
2023-03-08 14:33:39,57,62,5611,17139
2023-03-08 14:33:39,55,62,5611,17139
2023-03-08 14:33:39,55,64,5611,17139
2023-03-08 14:33:39,55,63,5611,17139
2023-03-08 14:33:39,56,63,5611,17139
2023-03-08 14:33:39,59,63,5611,17139
2023-03-08 14:33:39,61,63,5611,17139
2023-03-08 14:33:56,59,63,5611,17139
2023-03-08 14:33:56,55,63,5611,17139
2023-03-08 14:33:56,55,64,5611,17139
2023-03-08 14:33:56,60,64,5611,17139
2023-03-08 14:33:56,62,64,5611,17139
2023-03-08 14:33:57,62,63,5611,17139
2023-03-08 14:34:02,61,63,5611,17139
2023-03-08 14:34:03,62,63,5611,17139
2023-03-08 14:34:07,61,62,5600,17178
2023-03-08 14:34:11,61,63,5600,17178
2023-03-08 14:34:30,61,63,5602,17180
2023-03-08 14:34:36,59,63,5602,17180
2023-03-08 14:34:36,58,63,5602,17180
2023-03-08 14:34:36,60,63,5602,17180
2023-03-08 14:34:36,62,63,5602,17180
2023-03-08 14:34:49,60,63,5602,17180
2023-03-08 14:34:49,62,63,5602,17180
2023-03-08 14:35:01,61,63,5602,17180
2023-03-08 14:35:29,62,63,5602,17180
2023-03-08 14:35:38,61,63,5602,17180
2023-03-08 14:35:38,62,63,5602,17180
2023-03-08 14:35:49,61,63,5602,17180
2023-03-08 14:35:49,62,63,5602,17180
2023-03-08 14:35:51,61,63,5602,17246
2023-03-08 14:35:58,62,63,5602,17246
2023-03-08 14:35:58,61,62,5580,17268
2023-03-08 14:36:01,61,62,5578,17270
2023-03-08 14:36:05,60,61,5578,17272
2023-03-08 14:36:10,58,61,5578,17492
2023-03-08 14:36:11,58,60,5578,17492
2023-03-08 14:36:12,58,60,5465,17605
2023-03-08 14:36:12,59,60,5465,17605
2023-03-08 14:36:20,58,60,5465,17605
2023-03-08 14:36:35,57,60,5465,17605
2023-03-08 14:36:35,57,61,5465,17605
2023-03-08 14:36:35,58,61,5465,17605
2023-03-08 14:36:39,59,61,5465,17605
2023-03-08 14:36:44,59,62,5465,17605
2023-03-08 14:36:44,59,61,5465,17605
2023-03-08 14:36:51,58,61,5465,17605
2023-03-08 14:36:52,58,61,5484,17624
2023-03-08 14:36:52,58,60,5484,17624
2023-03-08 14:36:52,58,59,5484,17624
2023-03-08 14:36:52,57,59,5484,17624
2023-03-08 14:36:54,57,60,5484,17624
2023-03-08 14:37:01,58,60,5484,17624
2023-03-08 14:37:04,57,58,5486,17626
2023-03-08 14:37:07,56,58,5486,17626
2023-03-08 14:37:22,54,56,5428,17684
2023-03-08 14:37:24,52,56,5428,17684
2023-03-08 14:37:24,53,56,5428,17684
2023-03-08 14:37:24,55,56,5428,17684
2023-03-08 14:37:27,55,57,5428,17684
2023-03-08 14:37:30,55,56,5428,17684
2023-03-08 14:37:32,55,56,5426,17686
2023-03-08 14:37:32,53,55,5407,17705
2023-03-08 14:37:34,52,55,5407,17705
2023-03-08 14:37:45,52,54,5407,17705
2023-03-08 14:37:49,52,55,5407,17705
2023-03-08 14:37:51,53,55,5407,17705
2023-03-08 14:37:51,53,56,5407,17705
2023-03-08 14:38:00,54,56,5407,17705
2023-03-08 14:38:01,54,56,5405,17707
2023-03-08 14:38:15,53,56,5405,17707
2023-03-08 14:38:15,52,56,5405,17707
2023-03-08 14:38:18,52,56,5405,17707
2023-03-08 14:38:19,52,55,5405,17707
2023-03-08 14:38:26,52,54,5405,17707
2023-03-08 14:38:29,51,54,5405,17707
2023-03-08 14:38:29,51,53,5405,17707
2023-03-08 14:38:30,49,53,5405,17885
2023-03-08 14:38:30,50,53,5405,17885
2023-03-08 14:38:31,50,53,5403,17887
2023-03-08 14:38:35,51,53,5403,17887
2023-03-08 14:38:35,51,54,5403,17887
2023-03-08 14:38:47,51,55,5403,17887
2023-03-08 14:38:52,50,55,5350,17959
2023-03-08 14:38:52,50,56,5350,17959
2023-03-08 14:39:00,51,56,5350,17959
2023-03-08 14:39:00,51,53,5350,17959
2023-03-08 14:39:12,51,56,5348,17961
2023-03-08 14:39:12,52,56,5348,17961
2023-03-08 14:39:31,52,53,5348,17961
2023-03-08 14:39:39,53,56,5346,17963
2023-03-08 14:39:47,53,57,5346,17963
2023-03-08 14:39:47,53,56,5346,17963
2023-03-08 14:39:47,53,57,5346,17963
2023-03-08 14:39:47,53,56,5346,17963
2023-03-08 14:39:47,53,57,5346,17963
2023-03-08 14:39:57,55,57,5346,17963
2023-03-08 14:40:01,55,56,5346,17963
2023-03-08 14:40:31,55,56,5344,17965
2023-03-08 14:40:34,54,56,5344,17965
2023-03-08 14:40:34,54,55,5344,17965
2023-03-08 14:40:50,52,55,5344,17965
2023-03-08 14:40:50,53,55,5344,17965
2023-03-08 14:40:58,52,55,5344,17965
2023-03-08 14:40:58,53,55,5344,17965
2023-03-08 14:41:01,53,54,5344,17965
2023-03-08 14:41:10,54,55,5342,17967
2023-03-08 14:41:14,53,55,5342,17967
2023-03-08 14:41:21,53,57,5342,17967
2023-03-08 14:41:21,55,57,5342,17967
2023-03-08 14:41:21,55,56,5342,17967
2023-03-08 14:41:28,53,56,5342,17967
2023-03-08 14:41:29,56,57,5342,17970
2023-03-08 14:41:30,56,58,5342,17970
2023-03-08 14:41:31,57,58,5342,17970
2023-03-08 14:41:53,57,59,5342,17970
2023-03-08 14:42:00,57,59,5342,17972
2023-03-08 14:42:07,58,59,5342,17972
2023-03-08 14:42:09,58,61,5365,18030
2023-03-08 14:42:09,58,60,5365,18030
2023-03-08 14:42:09,58,61,5365,18030
2023-03-08 14:42:09,58,60,5365,18030
2023-03-08 14:42:12,58,61,5365,18030
2023-03-08 14:42:16,58,60,5365,18030
2023-03-08 14:42:17,57,60,5365,18030
2023-03-08 14:42:17,57,60,5367,18032
2023-03-08 14:42:23,59,60,5367,18032
2023-03-08 14:42:31,59,60,5369,18034
2023-03-08 14:42:36,59,63,5369,18034
2023-03-08 14:42:36,59,62,5369,18034
2023-03-08 14:42:49,59,63,5369,18034
2023-03-08 14:42:49,60,63,5369,18034
2023-03-08 14:42:49,60,62,5369,18034
2023-03-08 14:42:55,61,62,5369,18034
2023-03-08 14:42:56,60,62,5369,18044
2023-03-08 14:43:01,61,62,5369,18044
2023-03-08 14:43:31,61,62,5369,18046
2023-03-08 14:43:43,60,61,5369,18056
2023-03-08 14:43:59,60,62,5369,18056
2023-03-08 14:44:01,61,62,5369,18056
2023-03-08 14:44:08,61,63,5369,18056
2023-03-08 14:44:16,61,62,5369,18056
2023-03-08 14:44:31,61,63,5369,18056
2023-03-08 14:44:31,61,63,5371,18058
2023-03-08 14:44:35,61,62,5371,18058
2023-03-08 14:44:36,61,63,5371,18058
2023-03-08 14:44:42,60,63,5371,18058
2023-03-08 14:44:42,62,63,5371,18058
2023-03-08 14:44:43,62,64,5371,18058
2023-03-08 14:45:01,62,64,5372,18060
2023-03-08 14:45:02,60,64,5372,18060
2023-03-08 14:45:02,62,64,5372,18060
2023-03-08 14:45:17,62,63,5372,18060
2023-03-08 14:45:19,60,62,5372,18099
2023-03-08 14:45:20,60,63,5372,18099
2023-03-08 14:45:20,60,62,5372,18099
2023-03-08 14:45:22,60,63,5372,18099
2023-03-08 14:45:22,61,63,5372,18099
2023-03-08 14:45:31,62,63,5372,18099
2023-03-08 14:45:45,62,64,5372,18099
2023-03-08 14:45:46,62,63,5372,18099
2023-03-08 14:46:01,62,64,5372,18099
2023-03-08 14:46:01,62,64,5374,18101
2023-03-08 14:46:22,61,64,5374,18101
2023-03-08 14:46:22,61,65,5374,18101
2023-03-08 14:46:22,63,65,5374,18101
2023-03-08 14:46:31,63,65,5376,18103
2023-03-08 14:46:32,61,65,5376,18103
2023-03-08 14:46:32,63,65,5376,18103
2023-03-08 14:46:48,61,65,5376,18103
2023-03-08 14:46:48,63,65,5376,18103
2023-03-08 14:47:01,63,65,5378,18105
2023-03-08 14:47:02,62,65,5378,18105
2023-03-08 14:47:02,63,65,5378,18105
2023-03-08 14:47:07,62,63,5378,18225
2023-03-08 14:47:08,62,64,5378,18225
2023-03-08 14:47:16,62,63,5378,18225
2023-03-08 14:47:36,62,64,5378,18225
2023-03-08 14:47:36,62,63,5378,18225
2023-03-08 14:47:50,62,64,5378,18225
2023-03-08 14:48:04,62,63,5378,18225
2023-03-08 14:48:24,62,64,5378,18225
2023-03-08 14:48:25,62,63,5378,18225
2023-03-08 14:49:23,62,64,5378,18225
2023-03-08 14:49:31,62,63,5378,18225
2023-03-08 14:49:47,62,64,5378,18225
2023-03-08 14:49:48,62,63,5378,18225
2023-03-08 14:49:55,62,64,5378,18225
2023-03-08 14:50:01,63,64,5378,18225
2023-03-08 14:50:26,63,65,5378,18225
2023-03-08 14:50:31,63,65,5378,18227
2023-03-08 14:50:39,64,65,5378,18227
2023-03-08 14:50:43,64,65,5370,18341
2023-03-08 14:50:47,64,67,5370,18341
2023-03-08 14:50:47,64,66,5370,18341
2023-03-08 14:50:47,64,65,5370,18341
2023-03-08 14:50:58,64,67,5370,18341
2023-03-08 14:50:58,64,66,5370,18341
2023-03-08 14:51:01,64,66,5372,18343
2023-03-08 14:51:02,64,67,5372,18343
2023-03-08 14:51:21,64,67,5519,18490
2023-03-08 14:51:26,64,69,5519,18490
2023-03-08 14:51:26,64,68,5519,18490
2023-03-08 14:51:26,67,68,5519,18490
2023-03-08 14:51:26,67,69,5519,18490
2023-03-08 14:51:31,67,69,5521,18492
2023-03-08 14:51:43,65,69,5521,18492
2023-03-08 14:51:43,67,69,5521,18492
2023-03-08 14:51:56,65,69,5521,18492
2023-03-08 14:51:56,66,69,5521,18492
2023-03-08 14:51:56,68,69,5521,18492
2023-03-08 14:52:24,68,69,5521,18527
2023-03-08 14:52:28,68,70,5521,18527
2023-03-08 14:52:31,69,70,5521,18527
2023-03-08 14:53:04,68,69,5526,18586
2023-03-08 14:53:07,68,70,5526,18586
2023-03-08 14:53:31,68,69,5526,18586
2023-03-08 14:53:47,69,70,5526,18588
2023-03-08 14:53:59,67,69,5527,18589
2023-03-08 14:54:24,67,68,5527,18589
2023-03-08 14:54:26,66,67,5527,18601
2023-03-08 14:54:31,66,67,5527,18603
2023-03-08 14:55:32,66,68,5525,18605
2023-03-08 14:55:33,66,69,5525,18605
2023-03-08 14:55:33,66,68,5525,18605
2023-03-08 14:55:49,66,69,5525,18605
2023-03-08 14:55:50,66,68,5525,18605
2023-03-08 14:56:00,66,69,5525,18605
2023-03-08 14:56:00,66,68,5525,18605
2023-03-08 14:56:02,67,68,5525,18605
2023-03-08 14:56:23,67,69,5525,18605
2023-03-08 14:56:31,68,69,5525,18605
2023-03-08 14:56:45,68,70,5525,18605
2023-03-08 14:56:45,68,69,5525,18605
2023-03-08 14:56:45,68,70,5525,18605
2023-03-08 14:57:01,69,70,5525,18605
2023-03-08 14:57:18,69,71,5525,18605
2023-03-08 14:57:18,69,70,5525,18605
2023-03-08 14:58:01,69,70,5527,18607
2023-03-08 14:58:22,67,70,5527,18607
2023-03-08 14:58:22,67,71,5527,18607
2023-03-08 14:58:22,67,70,5527,18607
2023-03-08 14:58:22,68,70,5527,18607
2023-03-08 14:58:27,67,70,5527,18607
2023-03-08 14:58:28,67,71,5527,18607
2023-03-08 14:58:28,69,71,5527,18607
2023-03-08 14:58:31,69,71,5529,18609
2023-03-08 14:58:35,69,72,5529,18609
2023-03-08 14:58:35,69,71,5529,18609
2023-03-08 14:58:37,69,72,5529,18609
2023-03-08 14:59:01,69,72,5531,18611
2023-03-08 14:59:01,70,72,5531,18611
2023-03-08 14:59:23,69,72,5531,18611
2023-03-08 14:59:23,70,72,5531,18611
2023-03-08 14:59:23,68,72,5299,18961
2023-03-08 14:59:29,67,72,5299,18961
2023-03-08 14:59:29,68,72,5299,18961
2023-03-08 14:59:29,70,72,5299,18961
2023-03-08 14:59:31,71,72,5299,18961
2023-03-08 14:59:32,70,72,5299,18963
2023-03-08 14:59:39,68,72,5235,19027
2023-03-08 14:59:39,70,72,5235,19027
2023-03-08 14:59:52,66,72,5235,19027
2023-03-08 14:59:52,67,72,5235,19027
2023-03-08 14:59:52,69,72,5235,19027
2023-03-08 14:59:59,69,71,5235,19027
2023-03-08 15:00:02,70,71,5235,19027
2023-03-08 15:00:03,69,70,5235,19029
2023-03-08 15:00:04,69,71,5235,19029
2023-03-08 15:00:20,66,71,5235,19029
2023-03-08 15:00:21,68,71,5235,19029
2023-03-08 15:00:31,68,70,5235,19029
2023-03-08 15:00:37,69,70,5235,19029
2023-03-08 15:00:49,68,70,5235,19029
2023-03-08 15:00:50,69,70,5235,19029
2023-03-08 15:00:54,68,69,5197,19091
2023-03-08 15:00:59,68,70,5197,19091
2023-03-08 15:01:06,66,70,5197,19091
2023-03-08 15:01:06,68,70,5197,19091
2023-03-08 15:01:29,66,70,5197,19091
2023-03-08 15:01:29,66,71,5197,19091
2023-03-08 15:01:29,67,71,5197,19091
2023-03-08 15:01:29,67,70,5197,19091
2023-03-08 15:01:31,69,70,5197,19091
2023-03-08 15:01:43,69,71,5197,19091
2023-03-08 15:01:58,71,73,5195,19093
2023-03-08 15:02:20,72,73,5195,19093
2023-03-08 15:02:39,72,74,5195,19093
2023-03-08 15:03:27,73,74,5195,19093
2023-03-08 15:03:28,72,73,5195,19124
2023-03-08 15:03:31,73,74,5195,19124
2023-03-08 15:03:50,72,74,5197,19147
2023-03-08 15:03:50,72,73,5197,19147
2023-03-08 15:03:57,69,73,5197,19147
2023-03-08 15:03:58,71,73,5197,19147
2023-03-08 15:04:01,71,72,5197,19147
2023-03-08 15:04:24,70,72,5197,19147
2023-03-08 15:04:25,71,72,5197,19147
2023-03-08 15:04:49,71,73,5197,19147
2023-03-08 15:04:49,71,72,5197,19147
2023-03-08 15:04:58,73,74,5243,19195
2023-03-08 15:04:59,73,76,5243,19195
2023-03-08 15:04:59,73,75,5243,19195
2023-03-08 15:04:59,73,75,5331,19283
2023-03-08 15:05:09,73,74,5331,19283
2023-03-08 15:05:16,73,75,5331,19283
2023-03-08 15:05:16,73,74,5331,19283
2023-03-08 15:05:25,73,75,5331,19283
2023-03-08 15:05:32,74,75,5331,19283
2023-03-08 15:05:50,76,78,5459,19413
2023-03-08 15:06:02,76,77,5459,19413
2023-03-08 15:07:24,77,78,5459,19415
2023-03-08 15:07:41,76,78,5459,19415
2023-03-08 15:08:16,77,78,5459,19415
2023-03-08 15:09:22,77,78,5459,19427
2023-03-08 15:09:41,78,80,5543,19513
2023-03-08 15:09:49,78,79,5543,19513
2023-03-08 15:09:49,78,79,5567,19537
2023-03-08 15:09:51,78,79,5577,19547
2023-03-08 15:09:56,78,80,5577,19547
2023-03-08 15:09:56,78,80,5617,19587
2023-03-08 15:09:56,78,79,5617,19587
2023-03-08 15:10:02,78,79,5617,19589
2023-03-08 15:10:06,78,80,5617,19589
2023-03-08 15:10:06,78,80,5712,19684
2023-03-08 15:10:06,78,79,5712,19684
2023-03-08 15:10:23,78,81,5712,19684
2023-03-08 15:10:23,78,80,5712,19684
2023-03-08 15:10:23,78,80,5765,19737
2023-03-08 15:10:28,78,79,5765,19737
2023-03-08 15:10:31,78,79,5775,19747
2023-03-08 15:11:19,78,80,5775,19747
2023-03-08 15:11:19,78,79,5775,19747
2023-03-08 15:11:33,78,80,5775,19747
2023-03-08 15:11:33,78,79,5775,19747
2023-03-08 15:11:48,78,80,5775,19747
2023-03-08 15:12:58,79,80,5775,19747
2023-03-08 15:13:34,78,80,5775,19747
2023-03-08 15:13:34,79,80,5775,19747
2023-03-08 15:14:03,78,80,5775,19747
2023-03-08 15:14:34,79,80,5775,19747
2023-03-08 15:15:12,79,81,5775,19747
2023-03-08 15:15:21,80,81,5775,19747
2023-03-08 15:16:38,80,82,5773,19749
2023-03-08 15:17:01,80,81,5773,19749
2023-03-08 15:17:03,80,82,5771,19751
2023-03-08 15:17:31,80,81,5771,19751
2023-03-08 15:17:32,80,82,5769,19753
2023-03-08 15:17:45,81,82,5769,19753
2023-03-08 15:17:54,80,82,5769,19753
2023-03-08 15:17:57,80,82,5769,19758
2023-03-08 15:18:46,81,82,5769,19758
2023-03-08 15:18:53,80,82,5769,19758
2023-03-08 15:18:53,81,82,5769,19758
2023-03-08 15:19:14,82,83,5769,19758
2023-03-08 15:19:15,81,83,5769,19758
2023-03-08 15:20:14,81,83,5700,19827
2023-03-08 15:20:21,82,83,5700,19827
2023-03-08 15:20:28,81,83,5700,19827
2023-03-08 15:20:28,82,83,5700,19827
2023-03-08 15:20:28,82,84,5700,19827
2023-03-08 15:20:31,82,83,5700,19827
2023-03-08 15:20:36,81,83,5700,19827
2023-03-08 15:20:36,82,83,5700,19827
2023-03-08 15:20:37,83,84,5698,19829
2023-03-08 15:20:39,82,84,5698,19829
2023-03-08 15:20:42,81,84,5698,19829
2023-03-08 15:20:42,81,83,5698,19829
2023-03-08 15:20:44,81,84,5698,19839
2023-03-08 15:20:44,82,84,5698,19839
2023-03-08 15:21:15,83,84,5698,19839
2023-03-08 15:21:32,83,84,5696,19841
2023-03-08 15:21:34,83,84,5696,19888
2023-03-08 15:21:53,83,84,5696,19906
2023-03-08 15:22:41,83,84,5679,19967
2023-03-08 15:22:52,83,85,5679,20078
2023-03-08 15:22:55,83,87,5679,20078
2023-03-08 15:22:55,83,86,5679,20078
2023-03-08 15:22:55,83,85,5679,20078
2023-03-08 15:23:17,83,85,5689,20088
2023-03-08 15:23:54,84,85,5689,20088
2023-03-08 15:24:21,83,85,5689,20088
2023-03-08 15:24:21,84,85,5689,20088
2023-03-08 15:24:34,83,85,5689,20088
2023-03-08 15:24:34,84,85,5689,20088
2023-03-08 15:24:43,83,85,5689,20088
2023-03-08 15:24:43,83,85,5671,20106
2023-03-08 15:24:53,83,85,5643,20134
2023-03-08 15:24:53,84,85,5643,20134
2023-03-08 15:25:12,84,89,5908,20589
2023-03-08 15:25:12,84,87,5908,20589
2023-03-08 15:25:17,85,87,5908,20589
2023-03-08 15:25:17,86,87,5908,20589
2023-03-08 15:25:19,84,87,5728,20789
2023-03-08 15:25:20,84,88,5728,20789
2023-03-08 15:25:23,85,88,5728,20789
2023-03-08 15:25:23,85,87,5728,20789
2023-03-08 15:25:31,85,86,5728,20789
2023-03-08 15:25:32,84,85,5728,20849
2023-03-08 15:25:49,84,85,5728,20917
2023-03-08 15:26:16,84,85,5828,21017
2023-03-08 15:26:20,84,86,5828,21017
2023-03-08 15:26:25,85,86,5828,21017
2023-03-08 15:26:25,86,87,5825,21054
2023-03-08 15:26:30,84,87,5825,21054
2023-03-08 15:26:31,84,86,5825,21054
2023-03-08 15:26:38,86,87,5825,21057
2023-03-08 15:26:57,86,88,5825,21057
2023-03-08 15:26:57,86,87,5825,21057
2023-03-08 15:27:35,86,87,5842,21077
2023-03-08 15:27:42,86,87,5843,21078
2023-03-08 15:27:58,87,88,5867,21105
2023-03-08 15:28:27,87,88,5922,21160
2023-03-08 15:28:43,88,89,5938,21179
2023-03-08 15:28:47,87,88,5939,21180
2023-03-08 15:29:01,87,88,5942,21183
2023-03-08 15:29:14,86,88,5942,21183
2023-03-08 15:29:29,86,89,5942,21183
2023-03-08 15:29:29,86,88,5942,21183
2023-03-08 15:29:32,87,88,5942,21183
2023-03-08 15:29:35,87,89,5942,21183
2023-03-08 15:29:35,87,88,5942,21183
2023-03-08 15:29:42,87,89,5942,21183
2023-03-08 15:29:42,87,88,5942,21183
2023-03-08 15:29:50,87,88,5952,21193
2023-03-08 15:29:50,87,88,5967,21208
2023-03-08 15:29:52,87,89,5967,21208
2023-03-08 15:29:52,87,88,5967,21208
2023-03-08 15:29:59,87,89,5967,21208
2023-03-08 15:29:59,87,88,5967,21208
2023-03-08 15:30:48,87,88,5967,21238
2023-03-08 15:31:22,87,89,5967,21238
2023-03-08 15:31:22,87,88,5967,21238
2023-03-08 15:31:29,87,89,5967,21238
2023-03-08 15:31:29,87,88,5967,21238
2023-03-08 15:31:29,87,88,5986,21274
2023-03-08 15:31:31,87,88,5996,21284
2023-03-08 15:31:36,86,88,5996,21284
2023-03-08 15:31:36,85,87,5996,21284
2023-03-08 15:31:48,85,88,5996,21284
2023-03-08 15:31:48,86,88,5996,21284
2023-03-08 15:31:48,86,88,6053,21341
2023-03-08 15:31:48,86,87,6053,21341
2023-03-08 15:31:56,86,87,6095,21383
2023-03-08 15:31:56,85,86,6124,21412
2023-03-08 15:32:01,85,86,6127,21415
2023-03-08 15:32:06,86,87,6166,21454
2023-03-08 15:32:07,85,87,6166,21454
2023-03-08 15:32:10,85,87,6176,21464
2023-03-08 15:32:24,85,88,6176,21464
2023-03-08 15:32:24,85,87,6176,21464
2023-03-08 15:32:30,84,87,6304,21613
2023-03-08 15:32:31,85,87,6304,21613
2023-03-08 15:32:59,86,87,6304,21613
2023-03-08 15:33:21,85,87,6304,21613
2023-03-08 15:35:07,86,87,6304,21613
2023-03-08 15:35:13,85,87,6304,21613
2023-03-08 15:35:23,86,87,6304,21613
2023-03-08 15:35:24,86,87,6251,21666
2023-03-08 15:35:32,86,87,6248,21669
2023-03-08 15:35:32,85,86,6245,21672
2023-03-08 15:35:33,85,87,6245,21672
2023-03-08 15:35:34,84,85,6245,21749
2023-03-08 15:35:38,83,84,6248,21752
2023-03-08 15:35:42,82,83,6248,21820
2023-03-08 15:35:43,81,83,6248,21820
2023-03-08 15:35:43,82,83,6248,21820
2023-03-08 15:35:48,82,84,6248,21820
2023-03-08 15:35:53,81,84,6248,21820
2023-03-08 15:35:53,81,85,6248,21820
2023-03-08 15:35:53,81,83,6248,21820
2023-03-08 15:36:00,81,85,6248,21820
2023-03-08 15:36:00,81,84,6248,21820
2023-03-08 15:36:00,81,83,6248,21820
2023-03-08 15:36:02,81,83,6248,21823
2023-03-08 15:36:05,80,83,6248,21823
2023-03-08 15:36:13,79,83,6212,21859
2023-03-08 15:36:14,79,82,6212,21859
2023-03-08 15:36:15,79,80,6212,21859
2023-03-08 15:36:19,77,80,6152,21922
2023-03-08 15:36:19,77,78,6152,21922
2023-03-08 15:36:21,77,80,6152,21922
2023-03-08 15:36:21,77,79,6152,21922
2023-03-08 15:36:22,77,78,6152,21922
2023-03-08 15:36:23,75,78,6152,21922
2023-03-08 15:36:23,75,78,6141,21933
2023-03-08 15:36:23,76,78,6141,21933
2023-03-08 15:36:25,76,80,6141,21933
2023-03-08 15:36:25,76,79,6141,21933
2023-03-08 15:36:32,76,79,6138,21936
2023-03-08 15:36:33,76,77,6138,21936
2023-03-08 15:36:33,75,77,6138,21936
2023-03-08 15:36:46,74,75,6148,21962
2023-03-08 15:36:55,74,76,6148,21962
2023-03-08 15:36:55,74,77,6148,21962
2023-03-08 15:36:55,74,75,6148,21962
2023-03-08 15:36:56,73,74,6151,21965
2023-03-08 15:37:00,72,73,6162,21976
2023-03-08 15:37:02,72,73,6159,21979
2023-03-08 15:37:05,72,74,6159,21979
2023-03-08 15:37:05,70,71,6133,22005
2023-03-08 15:37:08,70,71,6104,22034
2023-03-08 15:37:08,68,69,6045,22096
2023-03-08 15:37:14,68,69,6045,22237
2023-03-08 15:37:14,68,69,6045,22378
2023-03-08 15:37:14,68,71,6045,22378
2023-03-08 15:37:15,67,71,6045,22378
2023-03-08 15:37:15,69,71,6045,22378
2023-03-08 15:37:21,69,72,5896,22527
2023-03-08 15:37:22,67,72,5879,22656
2023-03-08 15:37:22,67,71,5879,22656
2023-03-08 15:37:22,67,69,5879,22656
2023-03-08 15:37:32,67,68,5879,22656
2023-03-08 15:37:32,66,68,5879,22656
2023-03-08 15:37:32,66,68,5852,22683
2023-03-08 15:37:32,66,67,5852,22683
2023-03-08 15:37:33,66,68,5852,22683
2023-03-08 15:37:33,66,67,5852,22683
2023-03-08 15:37:37,65,66,5860,22691
2023-03-08 15:37:37,65,66,5860,22723
2023-03-08 15:37:38,66,67,5882,22745
2023-03-08 15:38:02,66,67,5882,23107
2023-03-08 15:38:03,65,67,5882,23107
2023-03-08 15:38:03,65,66,5882,23107
2023-03-08 15:38:07,62,64,5882,23110
2023-03-08 15:38:07,61,64,5882,23110
2023-03-08 15:38:20,61,62,5882,23110
2023-03-08 15:38:33,61,62,5882,23113
2023-03-08 15:38:34,61,64,5882,23113
2023-03-08 15:38:42,60,64,5882,23113
2023-03-08 15:38:45,60,67,5882,23113
2023-03-08 15:38:45,59,66,5882,23113
2023-03-08 15:38:56,65,66,5882,23113
2023-03-08 15:39:01,65,66,5884,23115
2023-03-08 15:39:03,65,66,5884,23118
2023-03-08 15:39:05,63,66,5884,23118
2023-03-08 15:39:09,64,66,5884,23118
2023-03-08 15:39:10,64,67,5884,23118
2023-03-08 15:39:10,66,67,5884,23118
2023-03-08 15:39:12,66,68,5884,23118
2023-03-08 15:39:13,64,69,5884,23118
2023-03-08 15:39:13,63,69,5884,23118
2023-03-08 15:39:21,66,68,5884,23118
2023-03-08 15:39:23,64,67,5884,23118
2023-03-08 15:39:24,64,66,5884,23118
2023-03-08 15:39:25,64,67,5884,23118
2023-03-08 15:39:30,64,66,5884,23118
2023-03-08 15:39:31,63,66,5884,23118
2023-03-08 15:39:33,63,66,5884,23121
2023-03-08 15:39:38,62,67,5884,23124
2023-03-08 15:39:38,63,67,5884,23124
2023-03-08 15:39:41,64,67,5884,23124
2023-03-08 15:39:41,64,68,5884,23124
2023-03-08 15:39:42,67,68,5884,23124
2023-03-08 15:39:42,67,69,5884,23124
2023-03-08 15:39:45,67,69,5884,23124
2023-03-08 15:39:45,60,69,5884,23124
2023-03-08 15:39:48,65,67,5884,23124
2023-03-08 15:39:48,63,67,5884,23124
2023-03-08 15:39:53,63,69,5884,23124
2023-03-08 15:39:53,63,68,5884,23124
2023-03-08 15:39:54,63,69,5884,23124
2023-03-08 15:39:54,65,69,5884,23124
2023-03-08 15:39:57,65,68,5884,23124
2023-03-08 15:40:01,65,67,5884,23124
2023-03-08 15:40:02,63,66,5884,23124
2023-03-08 15:40:03,64,66,5884,23124
2023-03-08 15:40:03,64,65,5884,23124
2023-03-08 15:40:10,61,64,5884,23127
2023-03-08 15:40:12,61,62,5884,23127
2023-03-08 15:40:12,59,62,5884,23127
2023-03-08 15:40:13,58,62,5884,23127
