datetime,bid,ask,open_interest,volume
2023-02-14 09:31:24,28,58,1027,1036
2023-02-14 09:31:24,28,40,1027,1036
2023-02-14 09:31:24,31,40,1027,1036
2023-02-14 09:31:25,31,37,1027,1036
2023-02-14 09:31:29,33,37,1027,1036
2023-02-14 09:31:31,33,39,1027,1036
2023-02-14 09:31:49,33,37,1027,1036
2023-02-14 09:31:50,31,37,1027,1036
2023-02-14 09:32:02,31,39,1027,1036
2023-02-14 09:32:06,31,37,1027,1036
2023-02-14 09:32:09,31,39,1027,1036
2023-02-14 09:32:16,31,37,1027,1036
2023-02-14 09:32:27,31,37,1028,1037
2023-02-14 09:32:28,32,37,1028,1037
2023-02-14 09:32:32,32,35,1028,1037
2023-02-14 09:32:42,33,35,1028,1037
2023-02-14 09:32:42,33,38,1028,1037
2023-02-14 09:32:52,34,37,1028,1037
2023-02-14 09:32:55,34,35,1028,1037
2023-02-14 09:32:57,33,35,1028,1037
2023-02-14 09:33:00,34,35,1028,1037
2023-02-14 09:33:11,33,35,1028,1037
2023-02-14 09:33:17,34,35,1028,1037
2023-02-14 09:33:30,33,35,1028,1037
2023-02-14 09:33:31,34,35,1028,1037
2023-02-14 09:33:32,33,35,1028,1037
2023-02-14 09:33:33,34,35,1028,1037
2023-02-14 09:33:34,33,35,1028,1037
2023-02-14 09:33:44,32,35,1028,1037
2023-02-14 09:33:47,33,35,1028,1037
2023-02-14 09:33:58,34,35,1028,1037
2023-02-14 09:34:03,33,35,1028,1037
2023-02-14 09:34:04,33,37,1028,1037
2023-02-14 09:34:16,33,36,1028,1037
2023-02-14 09:34:16,32,36,1028,1037
2023-02-14 09:34:25,32,35,1028,1037
2023-02-14 09:34:26,32,36,1028,1037
2023-02-14 09:34:32,32,35,1028,1037
2023-02-14 09:34:40,29,35,1028,1038
2023-02-14 09:34:40,29,34,1028,1038
2023-02-14 09:34:42,29,35,1028,1038
2023-02-14 09:34:49,29,36,1028,1038
2023-02-14 09:34:53,29,35,1028,1038
2023-02-14 09:35:11,29,34,1028,1038
2023-02-14 09:35:29,29,35,1028,1038
2023-02-14 09:35:30,29,34,1028,1038
2023-02-14 09:35:31,29,35,1028,1038
2023-02-14 09:35:39,29,36,1028,1038
2023-02-14 09:35:40,29,35,1028,1038
2023-02-14 09:35:42,29,36,1028,1038
2023-02-14 09:35:49,29,35,1028,1038
2023-02-14 09:35:49,29,36,1028,1038
2023-02-14 09:35:51,29,35,1028,1038
2023-02-14 09:35:53,29,36,1028,1038
2023-02-14 09:36:04,29,35,1028,1038
2023-02-14 09:36:15,29,36,1028,1038
2023-02-14 09:36:23,29,35,1028,1038
2023-02-14 09:36:26,29,36,1028,1038
2023-02-14 09:36:41,29,35,1028,1038
2023-02-14 09:36:44,29,34,1028,1038
2023-02-14 09:36:55,29,33,1028,1038
2023-02-14 09:36:56,27,33,1028,1038
2023-02-14 09:37:01,27,32,1028,1038
2023-02-14 09:37:04,27,33,1028,1038
2023-02-14 09:37:05,27,32,1028,1038
2023-02-14 09:37:12,27,33,1028,1038
2023-02-14 09:37:20,28,33,1028,1038
2023-02-14 09:37:21,28,34,1028,1038
2023-02-14 09:37:40,28,35,1028,1038
2023-02-14 09:37:40,29,35,1028,1038
2023-02-14 09:37:42,29,34,1028,1038
2023-02-14 09:37:42,28,34,1028,1038
2023-02-14 09:37:49,27,34,1028,1038
2023-02-14 09:37:49,27,33,1028,1038
2023-02-14 09:37:58,27,31,1028,1038
2023-02-14 09:38:03,28,31,1028,1038
2023-02-14 09:38:08,29,31,1028,1038
2023-02-14 09:38:19,30,31,1028,1038
2023-02-14 09:38:20,29,31,1028,1038
2023-02-14 09:38:35,28,31,1028,1038
2023-02-14 09:38:39,27,31,1028,1038
2023-02-14 09:38:50,28,31,1028,1038
2023-02-14 09:38:59,29,31,1028,1038
2023-02-14 09:39:01,30,31,1028,1038
2023-02-14 09:39:03,29,31,1028,1038
2023-02-14 09:39:10,28,31,1028,1038
2023-02-14 09:39:19,29,31,1028,1038
2023-02-14 09:39:39,28,31,1028,1038
2023-02-14 09:39:47,27,31,1028,1038
2023-02-14 09:39:55,27,30,1028,1038
2023-02-14 09:39:56,27,29,1028,1038
2023-02-14 09:40:28,28,29,1028,1038
2023-02-14 09:40:28,27,29,1028,1038
2023-02-14 09:40:40,28,29,1028,1038
2023-02-14 09:40:43,27,29,1028,1038
2023-02-14 09:40:54,28,29,1028,1038
2023-02-14 09:41:41,28,30,1028,1038
2023-02-14 09:41:41,28,31,1028,1038
2023-02-14 09:41:44,28,30,1028,1038
2023-02-14 09:41:47,28,29,1028,1038
2023-02-14 09:41:47,26,29,1028,1038
2023-02-14 09:42:12,26,30,1028,1038
2023-02-14 09:42:19,24,30,1028,1038
2023-02-14 09:42:19,24,29,1028,1038
2023-02-14 09:42:48,25,29,1028,1038
2023-02-14 09:43:20,25,31,1028,1038
2023-02-14 09:43:20,25,30,1028,1038
2023-02-14 09:43:33,26,30,1028,1038
2023-02-14 09:43:41,27,30,1028,1038
2023-02-14 09:43:47,26,30,1028,1038
2023-02-14 09:44:02,25,30,1028,1038
2023-02-14 09:44:10,25,29,1028,1038
2023-02-14 09:44:21,24,29,1028,1038
2023-02-14 09:44:23,26,29,1028,1038
2023-02-14 09:44:31,26,30,1028,1038
2023-02-14 09:44:33,26,29,1028,1038
2023-02-14 09:44:35,24,29,1235,1245
2023-02-14 09:44:43,24,30,1235,1245
2023-02-14 09:44:44,24,29,1235,1245
2023-02-14 09:44:50,24,30,1235,1245
2023-02-14 09:44:52,24,29,1235,1245
2023-02-14 09:44:54,24,27,1235,1245
2023-02-14 09:45:03,23,27,1235,1245
2023-02-14 09:45:07,22,27,1235,1245
2023-02-14 09:45:13,22,26,1235,1245
2023-02-14 09:45:15,22,27,1235,1245
2023-02-14 09:45:17,22,26,1235,1245
2023-02-14 09:45:23,21,26,1235,1245
2023-02-14 09:45:23,23,26,1235,1245
2023-02-14 09:45:29,23,27,1235,1245
2023-02-14 09:45:42,23,26,1235,1245
2023-02-14 09:45:43,23,25,1235,1245
2023-02-14 09:45:48,23,24,1235,1245
2023-02-14 09:45:50,21,24,1235,1245
2023-02-14 09:46:05,21,23,1235,1245
2023-02-14 09:46:05,21,22,1235,1245
2023-02-14 09:46:07,20,22,1457,1467
2023-02-14 09:46:36,20,22,1457,1472
2023-02-14 09:46:50,20,21,1457,1472
2023-02-14 09:47:11,20,21,1457,1477
2023-02-14 09:47:15,20,21,1477,1497
2023-02-14 09:47:17,20,21,1477,1525
2023-02-14 09:47:37,19,21,1513,1561
2023-02-14 09:47:38,19,20,1513,1561
2023-02-14 09:47:53,19,20,1523,1571
2023-02-14 09:50:59,18,20,1765,1813
2023-02-14 09:51:00,18,19,1765,1813
2023-02-14 09:51:12,18,20,1765,1813
2023-02-14 09:51:12,18,21,1765,1813
2023-02-14 09:51:13,18,20,1765,1813
2023-02-14 09:51:13,17,20,1765,1813
2023-02-14 09:51:17,16,20,1765,1813
2023-02-14 09:51:19,16,19,1765,1813
2023-02-14 09:51:55,17,19,1765,1813
2023-02-14 09:53:14,18,19,1765,1813
2023-02-14 09:53:40,18,19,1735,1843
2023-02-14 09:53:44,19,20,1681,1897
2023-02-14 09:53:54,18,20,1681,1897
2023-02-14 09:54:15,19,20,1681,1897
2023-02-14 09:54:37,18,20,1681,1897
2023-02-14 09:54:38,17,20,1681,1897
2023-02-14 09:54:38,17,21,1681,1897
2023-02-14 09:55:03,17,19,1681,1897
2023-02-14 09:55:16,17,21,1711,1948
2023-02-14 09:55:28,15,21,1711,1948
2023-02-14 09:55:29,15,19,1711,1948
2023-02-14 09:56:03,14,19,1711,1948
2023-02-14 09:56:04,14,18,1711,1948
2023-02-14 09:56:32,13,18,1711,1948
2023-02-14 09:56:32,12,18,1711,1948
2023-02-14 09:56:33,12,16,1711,1948
2023-02-14 09:57:02,12,18,1711,1948
2023-02-14 09:57:02,12,19,1711,1948
2023-02-14 09:57:02,12,17,1711,1948
2023-02-14 09:57:29,12,16,1711,1948
2023-02-14 09:58:06,12,15,1711,1948
2023-02-14 09:58:18,11,15,2011,2248
2023-02-14 09:58:19,11,13,2011,2248
2023-02-14 09:59:55,11,14,2011,2248
2023-02-14 10:01:04,11,13,2011,2248
2023-02-14 10:01:52,11,12,2011,2248
2023-02-14 10:02:20,10,12,2495,2732
2023-02-14 10:02:32,10,11,2495,2732
2023-02-14 10:02:43,10,12,2495,2732
2023-02-14 10:02:43,8,12,2495,2732
2023-02-14 10:02:46,8,11,2495,2732
2023-02-14 10:02:47,7,11,2495,2732
2023-02-14 10:03:50,6,11,2495,2732
2023-02-14 10:03:51,6,10,2495,2732
2023-02-14 10:03:58,6,10,2495,2760
2023-02-14 10:03:59,8,10,2495,2760
2023-02-14 10:04:16,6,10,2495,2760
2023-02-14 10:04:19,6,11,2495,2760
2023-02-14 10:04:20,7,11,2495,2760
2023-02-14 10:05:24,7,12,2495,2760
2023-02-14 10:05:25,7,11,2495,2760
2023-02-14 10:06:50,7,10,2495,2760
2023-02-14 10:10:31,8,10,2495,2760
2023-02-14 10:11:13,8,9,2495,2760
2023-02-14 10:11:24,7,9,2523,2788
2023-02-14 10:11:51,7,8,2523,2788
2023-02-14 10:12:17,6,7,2523,2900
2023-02-14 10:13:50,6,8,2523,2900
2023-02-14 10:16:47,6,9,2523,2900
2023-02-14 10:17:16,6,8,2523,2900
2023-02-14 10:17:51,6,7,2523,2900
2023-02-14 10:18:18,6,8,2523,2900
2023-02-14 10:19:49,6,9,2523,2900
2023-02-14 10:19:59,6,10,2523,3498
2023-02-14 10:20:21,6,9,2523,3498
2023-02-14 10:20:27,7,9,2523,3498
2023-02-14 10:20:54,7,10,2523,3498
2023-02-14 10:21:03,7,9,2523,3498
2023-02-14 10:21:06,7,10,2523,3498
2023-02-14 10:21:31,7,9,2523,3498
2023-02-14 10:21:59,7,9,2523,3508
2023-02-14 10:24:39,7,9,2523,3536
2023-02-14 10:24:40,7,8,2523,3536
2023-02-14 10:25:39,8,9,2523,3564
2023-02-14 10:27:27,8,9,2523,3592
2023-02-14 10:27:28,8,9,2523,3620
2023-02-14 10:27:28,7,9,2523,3648
2023-02-14 10:27:28,7,8,2523,3648
2023-02-14 10:27:29,7,8,2523,3676
2023-02-14 10:27:29,7,8,2523,3704
2023-02-14 10:27:30,7,8,2523,3732
2023-02-14 10:27:41,7,9,2523,3732
2023-02-14 10:28:17,7,10,2523,3732
2023-02-14 10:29:12,8,10,2523,3732
2023-02-14 10:30:27,9,10,2523,3732
2023-02-14 10:30:58,9,11,2411,3844
2023-02-14 10:31:22,9,12,2411,3844
2023-02-14 10:31:22,9,13,2411,3844
2023-02-14 10:31:22,11,13,2411,3844
2023-02-14 10:31:27,9,13,2411,3844
2023-02-14 10:31:49,10,13,2411,3844
2023-02-14 10:31:51,10,14,2411,3844
2023-02-14 10:31:52,10,13,2411,3844
2023-02-14 10:31:55,10,14,2383,3872
2023-02-14 10:32:19,10,15,2383,3872
2023-02-14 10:32:31,11,15,2383,3872
2023-02-14 10:32:31,11,14,2383,3872
2023-02-14 10:32:41,11,14,2383,3877
2023-02-14 10:33:12,11,15,2383,3877
2023-02-14 10:33:18,12,15,2383,3877
2023-02-14 10:33:44,12,14,2383,3877
2023-02-14 10:33:48,11,14,2383,3877
2023-02-14 10:33:54,11,15,2383,3877
2023-02-14 10:33:56,12,15,2383,3877
2023-02-14 10:33:56,12,16,2383,3877
2023-02-14 10:34:12,11,16,2383,3877
2023-02-14 10:34:12,11,14,2383,3877
2023-02-14 10:34:19,12,14,2383,3877
2023-02-14 10:34:38,12,16,2383,3877
2023-02-14 10:34:38,12,15,2383,3877
2023-02-14 10:34:41,12,14,2383,3877
2023-02-14 10:34:43,12,15,2383,3877
2023-02-14 10:34:48,11,15,2383,3877
2023-02-14 10:34:52,12,15,2383,3877
2023-02-14 10:34:55,11,15,2383,3877
2023-02-14 10:35:02,12,15,2383,3877
2023-02-14 10:35:06,13,15,2383,3877
2023-02-14 10:35:11,14,15,2383,3877
2023-02-14 10:35:13,14,15,2383,3905
2023-02-14 10:35:17,14,15,2383,3933
2023-02-14 10:35:18,15,17,2081,4235
2023-02-14 10:35:34,16,17,2081,4235
2023-02-14 10:35:41,15,17,2081,4235
2023-02-14 10:35:44,16,17,2081,4235
2023-02-14 10:35:47,15,17,2081,4235
2023-02-14 10:35:49,15,18,2081,4235
2023-02-14 10:36:00,16,18,2081,4235
2023-02-14 10:36:01,16,19,2081,4235
2023-02-14 10:36:07,15,19,2081,4235
2023-02-14 10:36:07,17,19,2081,4235
2023-02-14 10:36:10,18,19,2081,4235
2023-02-14 10:36:16,18,19,2051,4265
2023-02-14 10:36:22,18,21,1794,4522
2023-02-14 10:36:50,20,21,1794,4522
2023-02-14 10:37:17,20,22,1651,4690
2023-02-14 10:37:25,20,22,1651,4790
2023-02-14 10:37:31,22,23,1719,4858
2023-02-14 10:37:34,22,25,1719,4858
2023-02-14 10:37:35,21,24,1719,4858
2023-02-14 10:37:36,23,24,1719,4858
2023-02-14 10:37:42,21,24,1719,4858
2023-02-14 10:37:44,20,24,1719,4858
2023-02-14 10:37:50,21,24,1719,4858
2023-02-14 10:37:50,22,24,1719,4858
2023-02-14 10:37:59,22,27,1719,4970
2023-02-14 10:38:04,22,23,1719,4970
2023-02-14 10:38:18,20,23,1719,4970
2023-02-14 10:38:19,23,24,1803,5054
2023-02-14 10:38:47,21,24,1803,5054
2023-02-14 10:38:48,22,24,1803,5054
2023-02-14 10:38:48,23,24,1803,5054
2023-02-14 10:38:51,24,25,1831,5082
2023-02-14 10:38:57,23,25,1831,5082
2023-02-14 10:39:06,25,27,1859,5110
2023-02-14 10:39:11,23,27,1859,5110
2023-02-14 10:39:18,23,29,1859,5110
2023-02-14 10:39:18,24,29,1859,5110
2023-02-14 10:39:26,24,27,1859,5110
2023-02-14 10:39:34,24,28,1859,5110
2023-02-14 10:39:51,24,29,1859,5110
2023-02-14 10:39:51,25,29,1859,5110
2023-02-14 10:39:57,26,29,1859,5110
2023-02-14 10:40:02,27,29,1859,5110
2023-02-14 10:40:04,28,29,1859,5110
2023-02-14 10:40:08,28,29,1859,5140
2023-02-14 10:40:10,29,31,1569,5430
2023-02-14 10:40:12,29,30,1569,5430
2023-02-14 10:40:19,29,30,1569,5458
2023-02-14 10:40:20,25,29,1567,5460
2023-02-14 10:40:26,26,29,1567,5460
2023-02-14 10:40:42,27,29,1567,5460
2023-02-14 10:40:44,26,29,1567,5460
2023-02-14 10:40:45,27,29,1567,5460
2023-02-14 10:40:45,27,30,1567,5460
2023-02-14 10:40:47,26,30,1567,5460
2023-02-14 10:40:53,27,30,1567,5460
2023-02-14 10:41:04,27,31,1567,5460
2023-02-14 10:41:05,28,31,1567,5460
2023-02-14 10:41:20,28,31,1557,5470
2023-02-14 10:41:32,29,31,1557,5470
2023-02-14 10:42:31,29,32,1557,5470
2023-02-14 10:42:31,29,31,1557,5470
2023-02-14 10:42:48,28,31,1557,5470
2023-02-14 10:44:13,27,31,1914,5855
2023-02-14 10:44:13,27,30,1914,5855
2023-02-14 10:44:17,28,30,1914,5855
2023-02-14 10:44:28,28,29,1914,5855
2023-02-14 10:44:29,26,29,1938,5879
2023-02-14 10:44:40,26,28,1938,5879
2023-02-14 10:44:46,26,29,1938,5879
2023-02-14 10:44:49,27,29,1938,5879
2023-02-14 10:45:02,27,30,1938,5879
2023-02-14 10:45:02,27,31,1938,5879
2023-02-14 10:45:04,27,30,1938,5879
2023-02-14 10:45:07,27,31,1938,5879
2023-02-14 10:45:10,28,31,1938,5879
2023-02-14 10:45:13,28,32,1938,5879
2023-02-14 10:45:13,29,32,1938,5879
2023-02-14 10:45:21,29,30,1938,5879
2023-02-14 10:45:27,29,32,1596,6221
2023-02-14 10:45:28,30,32,1596,6221
2023-02-14 10:45:36,31,32,1596,6221
2023-02-14 10:45:38,30,32,1596,6221
2023-02-14 10:45:41,31,32,1596,6221
2023-02-14 10:46:00,31,32,1598,6223
2023-02-14 10:46:00,32,33,1598,6333
2023-02-14 10:46:09,32,35,2025,6906
2023-02-14 10:46:09,33,35,2025,6906
2023-02-14 10:46:10,32,35,2025,6906
2023-02-14 10:46:10,32,35,2075,6956
2023-02-14 10:46:12,32,35,2075,6984
2023-02-14 10:46:14,32,36,2075,6984
2023-02-14 10:46:15,32,36,2075,7012
2023-02-14 10:46:17,32,36,2075,7040
2023-02-14 10:46:18,35,36,2075,7040
2023-02-14 10:46:20,35,39,2502,7467
2023-02-14 10:46:20,35,37,2502,7467
2023-02-14 10:46:31,35,36,2502,7467
2023-02-14 10:46:32,34,35,2474,7495
2023-02-14 10:46:34,34,40,2422,7687
2023-02-14 10:46:38,34,37,2422,7687
2023-02-14 10:46:47,34,36,2422,7687
2023-02-14 10:46:58,34,35,2422,7687
2023-02-14 10:47:15,33,35,2422,7963
2023-02-14 10:47:16,33,34,2422,7963
2023-02-14 10:47:23,35,36,2422,8159
2023-02-14 10:47:36,33,36,2422,8213
2023-02-14 10:47:38,33,37,2422,8213
2023-02-14 10:47:46,33,36,2422,8213
2023-02-14 10:47:53,32,36,2422,8213
2023-02-14 10:47:59,32,35,2422,8213
2023-02-14 10:48:02,32,34,2422,8213
2023-02-14 10:48:19,32,34,2322,8313
2023-02-14 10:48:21,32,33,2322,8313
2023-02-14 10:48:22,29,33,2322,8313
2023-02-14 10:48:23,29,34,2322,8313
2023-02-14 10:48:25,29,33,2322,8313
2023-02-14 10:48:31,29,32,2322,8313
2023-02-14 10:48:36,29,33,2322,8313
2023-02-14 10:48:42,29,32,2322,8313
2023-02-14 10:48:46,29,33,2322,8313
2023-02-14 10:48:47,29,32,2322,8313
2023-02-14 10:48:51,29,30,2322,8313
2023-02-14 10:48:52,27,30,2322,8313
2023-02-14 10:49:04,27,32,2322,8313
2023-02-14 10:49:09,27,31,2322,8313
2023-02-14 10:49:21,26,31,2322,8313
2023-02-14 10:49:22,26,30,2322,8313
2023-02-14 10:49:40,26,31,2322,8313
2023-02-14 10:49:41,26,31,2347,8338
2023-02-14 10:49:41,26,30,2347,8338
2023-02-14 10:49:43,26,31,2347,8338
2023-02-14 10:49:43,27,31,2347,8338
2023-02-14 10:49:48,27,32,2347,8338
2023-02-14 10:49:48,27,30,2347,8338
2023-02-14 10:50:02,26,30,2347,8338
2023-02-14 10:50:02,28,30,2347,8338
2023-02-14 10:50:19,28,30,2347,8738
2023-02-14 10:50:21,30,32,2392,8783
2023-02-14 10:50:23,30,32,2432,8823
2023-02-14 10:50:48,30,34,2432,8823
2023-02-14 10:50:49,30,31,2432,8823
2023-02-14 10:51:21,30,34,2432,8823
2023-02-14 10:51:21,30,32,2432,8823
2023-02-14 10:51:28,30,34,2432,8823
2023-02-14 10:51:28,30,33,2432,8823
2023-02-14 10:51:28,31,33,2432,8823
2023-02-14 10:51:30,31,34,2432,8823
2023-02-14 10:51:31,33,34,2432,8823
2023-02-14 10:51:32,31,33,2432,8847
2023-02-14 10:51:36,31,34,2432,8847
2023-02-14 10:51:39,32,34,2432,8847
2023-02-14 10:51:41,31,34,2432,8847
2023-02-14 10:51:41,33,34,2432,8847
2023-02-14 10:51:49,32,34,2432,8847
2023-02-14 10:51:49,31,34,2432,8847
2023-02-14 10:51:58,31,33,2432,8847
2023-02-14 10:52:02,31,34,2432,8847
2023-02-14 10:52:12,32,34,2432,8847
2023-02-14 10:52:19,32,34,2432,9591
2023-02-14 10:52:22,31,34,2432,9591
2023-02-14 10:52:34,31,36,2432,9591
2023-02-14 10:52:39,31,34,2432,9591
2023-02-14 10:52:39,32,34,2432,9591
2023-02-14 10:52:42,31,34,2460,9619
2023-02-14 10:52:44,33,34,2460,9619
2023-02-14 10:52:45,33,34,2462,9647
2023-02-14 10:52:45,33,34,2462,9675
2023-02-14 10:52:45,33,34,2462,9703
2023-02-14 10:52:45,33,34,2462,9731
2023-02-14 10:52:45,33,34,2462,9759
2023-02-14 10:52:45,33,34,2462,9787
2023-02-14 10:52:45,33,34,2462,9815
2023-02-14 10:52:45,33,34,2462,9843
2023-02-14 10:52:45,33,34,2462,9871
2023-02-14 10:52:45,33,34,2462,9899
2023-02-14 10:52:45,33,34,2469,9927
2023-02-14 10:52:46,33,34,2485,9955
2023-02-14 10:52:46,33,34,2485,9983
2023-02-14 10:52:46,33,36,2485,10011
2023-02-14 10:52:46,33,36,2485,10039
2023-02-14 10:52:47,33,36,2477,10047
2023-02-14 10:52:47,33,35,2477,10047
2023-02-14 10:52:52,33,35,2477,10075
2023-02-14 10:52:52,33,35,2477,10103
2023-02-14 10:52:54,33,34,2477,10109
2023-02-14 10:53:05,33,34,2477,10137
2023-02-14 10:53:05,33,34,2449,10165
2023-02-14 10:53:06,33,34,2447,10193
2023-02-14 10:53:07,33,34,2447,10219
2023-02-14 10:53:13,33,34,2475,10247
2023-02-14 10:53:13,33,34,2477,10275
2023-02-14 10:53:13,33,34,2477,10303
2023-02-14 10:53:13,33,34,2477,10331
2023-02-14 10:53:14,33,34,2477,10359
2023-02-14 10:53:48,33,36,2477,10361
2023-02-14 10:53:50,34,36,2477,10361
2023-02-14 10:53:53,34,37,2477,10361
2023-02-14 10:53:55,34,36,2477,10361
2023-02-14 10:53:57,33,36,2477,10361
2023-02-14 10:53:57,33,37,2477,10361
2023-02-14 10:54:17,33,38,2477,10361
2023-02-14 10:54:45,33,37,2477,10361
2023-02-14 10:54:48,33,36,2477,10361
2023-02-14 10:54:49,34,36,2477,10361
2023-02-14 10:55:07,34,36,2726,10617
2023-02-14 10:55:19,33,36,2726,10617
2023-02-14 10:55:48,34,36,2726,10617
2023-02-14 10:56:01,34,35,2726,10617
2023-02-14 10:56:13,34,35,2738,10629
2023-02-14 10:56:13,34,35,2738,10659
2023-02-14 10:56:13,34,35,2750,10671
2023-02-14 10:56:15,34,35,2762,10683
2023-02-14 10:56:19,32,35,2762,10683
2023-02-14 10:56:19,30,35,2762,10683
2023-02-14 10:56:19,30,34,2762,10683
2023-02-14 10:56:20,31,34,2762,10683
2023-02-14 10:56:20,33,34,2762,10683
2023-02-14 10:56:23,33,36,2762,10683
2023-02-14 10:56:28,33,34,2762,10683
2023-02-14 10:56:31,33,34,2838,10783
2023-02-14 10:56:31,33,36,2838,10783
2023-02-14 10:56:47,31,36,2838,10783
2023-02-14 10:56:48,31,33,2838,10783
2023-02-14 10:56:50,28,33,2838,10783
2023-02-14 10:58:19,28,32,2838,10783
2023-02-14 10:59:00,27,32,2838,10783
2023-02-14 10:59:20,26,32,2838,10783
2023-02-14 10:59:20,26,31,2838,10783
2023-02-14 10:59:50,28,31,2838,10783
2023-02-14 11:00:27,28,33,2838,10783
2023-02-14 11:00:33,28,32,2838,10783
2023-02-14 11:00:36,28,30,2838,10783
2023-02-14 11:00:40,28,32,2838,10783
2023-02-14 11:00:40,28,31,2838,10783
2023-02-14 11:00:41,28,31,2868,10813
2023-02-14 11:00:47,26,31,2868,10813
2023-02-14 11:00:48,26,28,2868,10813
2023-02-14 11:00:48,27,28,2868,10813
2023-02-14 11:00:52,25,28,3333,11278
2023-02-14 11:01:06,23,28,3740,11685
2023-02-14 11:01:11,23,25,3740,11685
2023-02-14 11:01:17,22,25,4174,12119
2023-02-14 11:01:20,22,23,4174,12119
2023-02-14 11:01:20,22,24,4174,12119
2023-02-14 11:01:20,22,25,4174,12119
2023-02-14 11:01:43,21,25,4174,12131
2023-02-14 11:01:44,21,24,4174,12131
2023-02-14 11:01:50,21,23,4174,12131
2023-02-14 11:02:04,20,23,4174,12131
2023-02-14 11:02:07,21,23,4174,12131
2023-02-14 11:02:17,20,21,4144,12161
2023-02-14 11:02:18,21,23,4068,12241
2023-02-14 11:02:19,21,23,4068,12266
2023-02-14 11:02:35,18,23,4068,12266
2023-02-14 11:02:52,18,21,4068,12266
2023-02-14 11:03:13,18,23,3951,12383
2023-02-14 11:03:21,18,22,3951,12383
2023-02-14 11:03:22,18,20,3951,12383
2023-02-14 11:03:23,18,20,3951,12483
2023-02-14 11:03:26,20,22,3951,12536
2023-02-14 11:03:35,18,22,3918,12569
2023-02-14 11:03:46,18,24,3756,12731
2023-02-14 11:03:46,20,24,3756,12731
2023-02-14 11:03:46,20,23,3756,12731
2023-02-14 11:03:49,20,21,3756,12731
2023-02-14 11:03:57,20,21,3656,12831
2023-02-14 11:04:10,20,21,3625,12862
2023-02-14 11:04:11,21,23,3625,12925
2023-02-14 11:04:19,20,23,3625,12925
2023-02-14 11:04:21,20,24,3625,12925
2023-02-14 11:04:21,20,22,3625,12925
2023-02-14 11:05:15,20,22,3625,13258
2023-02-14 11:05:49,20,24,3625,13258
2023-02-14 11:05:52,20,23,3625,13258
2023-02-14 11:07:17,20,21,3625,13258
2023-02-14 11:07:34,19,21,3625,13318
2023-02-14 11:07:47,19,20,3625,13318
2023-02-14 11:08:17,19,21,3625,13318
2023-02-14 11:08:45,21,22,3149,13806
2023-02-14 11:08:49,19,22,3149,13806
2023-02-14 11:09:38,19,23,3001,14189
2023-02-14 11:09:44,20,23,3001,14189
2023-02-14 11:09:49,21,23,3001,14189
2023-02-14 11:09:50,23,24,3001,14261
2023-02-14 11:09:51,21,23,3001,14291
2023-02-14 11:09:59,22,23,3001,14291
2023-02-14 11:09:59,22,23,3101,14391
2023-02-14 11:10:04,22,23,3201,14491
2023-02-14 11:10:28,22,24,3304,14594
2023-02-14 11:10:48,22,24,3304,14606
2023-02-14 11:10:48,22,24,3304,14618
2023-02-14 11:10:48,22,24,3304,14624
2023-02-14 11:10:48,22,24,3304,14636
2023-02-14 11:10:48,22,24,3304,14648
2023-02-14 11:10:49,22,24,3304,14660
2023-02-14 11:10:49,22,24,3304,14672
2023-02-14 11:10:49,22,24,3304,14684
2023-02-14 11:10:49,22,24,3304,14696
2023-02-14 11:10:49,22,24,3304,14708
2023-02-14 11:10:49,22,24,3304,14720
2023-02-14 11:10:49,22,24,3304,14732
2023-02-14 11:10:49,22,24,3304,14744
2023-02-14 11:10:49,22,24,3304,14756
2023-02-14 11:10:49,22,24,3304,14768
2023-02-14 11:10:49,22,24,3304,14780
2023-02-14 11:10:49,22,24,3304,14792
2023-02-14 11:10:49,22,24,3304,14804
2023-02-14 11:10:49,22,24,3304,14816
2023-02-14 11:10:50,22,24,3304,14828
2023-02-14 11:10:50,22,24,3304,14840
2023-02-14 11:10:51,22,24,3304,14852
2023-02-14 11:10:51,22,23,3304,14852
2023-02-14 11:10:51,22,23,3304,14864
2023-02-14 11:10:56,22,23,3304,14888
2023-02-14 11:10:56,22,23,3304,14900
2023-02-14 11:10:56,22,23,3304,14912
2023-02-14 11:10:56,22,23,3304,14924
2023-02-14 11:10:56,22,23,3304,14936
2023-02-14 11:10:57,22,23,3304,14948
2023-02-14 11:10:57,22,23,3304,14960
2023-02-14 11:10:57,22,23,3304,14972
2023-02-14 11:10:57,22,23,3304,14984
2023-02-14 11:10:57,22,23,3304,14996
2023-02-14 11:10:57,22,23,3304,14999
2023-02-14 11:10:58,22,23,3304,15011
2023-02-14 11:10:58,22,23,3304,15023
2023-02-14 11:11:04,23,24,3328,15047
2023-02-14 11:11:05,23,24,3328,15059
2023-02-14 11:11:05,23,24,3328,15071
2023-02-14 11:11:05,23,24,3328,15083
2023-02-14 11:11:05,23,24,3328,15095
2023-02-14 11:11:05,23,24,3328,15107
2023-02-14 11:11:05,23,24,3328,15137
2023-02-14 11:11:05,23,24,3328,15149
2023-02-14 11:11:05,23,24,3328,15161
2023-02-14 11:11:05,23,24,3328,15173
2023-02-14 11:11:05,23,24,3328,15197
2023-02-14 11:11:06,23,24,3328,15209
2023-02-14 11:11:06,23,24,3328,15223
2023-02-14 11:11:07,23,24,3328,15235
2023-02-14 11:11:12,23,24,3328,15247
2023-02-14 11:11:12,23,24,3328,15259
2023-02-14 11:11:19,23,26,3328,15259
2023-02-14 11:11:23,23,27,3328,15259
2023-02-14 11:11:24,23,26,3328,15259
2023-02-14 11:11:36,23,25,3328,15259
2023-02-14 11:11:42,22,25,3328,15749
2023-02-14 11:11:48,22,24,3328,15749
2023-02-14 11:11:50,24,25,3328,15753
2023-02-14 11:11:52,24,26,3328,15753
2023-02-14 11:11:53,24,25,3328,15753
2023-02-14 11:11:57,24,25,3328,15757
2023-02-14 11:11:58,22,24,3328,16115
2023-02-14 11:12:06,22,23,3328,16115
2023-02-14 11:12:49,20,23,3328,16115
2023-02-14 11:12:59,20,25,3328,16115
2023-02-14 11:12:59,21,25,3328,16115
2023-02-14 11:13:11,21,24,3328,16115
2023-02-14 11:13:12,21,25,3328,16115
2023-02-14 11:13:18,22,25,3328,16115
2023-02-14 11:13:32,23,25,3328,16115
2023-02-14 11:13:32,23,26,3328,16115
2023-02-14 11:16:02,23,25,3328,16115
2023-02-14 11:16:03,23,24,3328,16115
2023-02-14 11:16:06,23,24,3328,16117
2023-02-14 11:16:07,22,23,3629,16525
2023-02-14 11:16:22,22,24,3629,16525
2023-02-14 11:17:01,21,24,3629,16525
2023-02-14 11:17:03,22,24,3629,16525
2023-02-14 11:17:09,22,24,3617,16537
2023-02-14 11:17:09,22,24,3605,16549
2023-02-14 11:17:09,22,24,3593,16561
2023-02-14 11:17:09,22,24,3581,16573
2023-02-14 11:17:09,22,24,3569,16585
2023-02-14 11:17:09,22,24,3557,16597
2023-02-14 11:17:09,22,24,3545,16609
2023-02-14 11:17:09,22,24,3533,16621
2023-02-14 11:17:09,22,24,3521,16633
2023-02-14 11:17:09,22,24,3509,16645
2023-02-14 11:17:09,22,24,3497,16657
2023-02-14 11:17:09,22,24,3485,16669
2023-02-14 11:17:09,22,24,3473,16681
2023-02-14 11:17:09,22,24,3461,16693
2023-02-14 11:17:09,22,24,3437,16717
2023-02-14 11:17:09,22,24,3425,16729
2023-02-14 11:17:09,22,24,3413,16741
2023-02-14 11:17:09,22,24,3401,16753
2023-02-14 11:17:09,22,24,3389,16765
2023-02-14 11:17:09,22,24,3377,16777
2023-02-14 11:17:09,22,24,3365,16789
2023-02-14 11:17:10,25,26,3355,16799
2023-02-14 11:17:10,25,26,3351,16811
2023-02-14 11:17:10,25,26,3339,16823
2023-02-14 11:17:10,25,26,3328,16835
2023-02-14 11:17:10,25,26,3328,16847
2023-02-14 11:17:10,25,26,3328,16859
2023-02-14 11:17:10,25,26,3328,16871
2023-02-14 11:17:11,25,26,3328,16883
2023-02-14 11:17:11,25,26,3328,16895
2023-02-14 11:17:11,25,26,3328,16907
2023-02-14 11:17:15,24,26,3328,16907
2023-02-14 11:17:16,22,26,3328,16907
2023-02-14 11:17:17,25,26,3328,16907
2023-02-14 11:17:17,25,26,3328,16919
2023-02-14 11:17:17,25,26,3328,16931
2023-02-14 11:17:17,25,26,3328,16943
2023-02-14 11:17:17,25,26,3328,16955
2023-02-14 11:17:17,25,26,3328,16967
2023-02-14 11:17:17,25,26,3328,16979
2023-02-14 11:17:17,25,26,3328,16991
2023-02-14 11:17:17,25,26,3328,17003
2023-02-14 11:17:17,25,26,3328,17015
2023-02-14 11:17:17,25,26,3328,17027
2023-02-14 11:17:17,25,26,3328,17039
2023-02-14 11:17:17,25,26,3328,17051
2023-02-14 11:17:17,25,26,3328,17063
2023-02-14 11:17:17,25,26,3328,17075
2023-02-14 11:17:17,25,26,3328,17087
2023-02-14 11:17:17,25,26,3328,17099
2023-02-14 11:17:17,25,26,3328,17111
2023-02-14 11:17:17,25,26,3328,17123
2023-02-14 11:17:17,25,26,3328,17135
2023-02-14 11:17:17,25,26,3328,17147
2023-02-14 11:17:17,25,26,3328,17159
2023-02-14 11:17:17,25,26,3328,17171
2023-02-14 11:17:17,26,28,3328,17183
2023-02-14 11:17:17,26,28,3328,17195
2023-02-14 11:17:17,26,28,3328,17207
2023-02-14 11:17:18,26,28,3328,17219
2023-02-14 11:17:18,26,28,3328,17231
2023-02-14 11:17:18,26,28,3328,17243
2023-02-14 11:17:18,27,28,3328,17243
2023-02-14 11:17:18,27,28,3328,17255
2023-02-14 11:17:18,27,28,3328,17267
2023-02-14 11:17:18,27,28,3328,17279
2023-02-14 11:17:18,26,27,3328,17303
2023-02-14 11:17:18,24,25,3328,17435
2023-02-14 11:17:18,24,25,3328,17447
2023-02-14 11:17:18,24,25,3328,17459
2023-02-14 11:17:18,24,25,3328,17471
2023-02-14 11:17:18,24,25,3328,17483
2023-02-14 11:17:19,24,25,3328,17495
2023-02-14 11:17:19,24,25,3340,17507
2023-02-14 11:17:19,24,25,3352,17519
2023-02-14 11:17:19,24,25,3364,17531
2023-02-14 11:17:19,24,25,3376,17543
2023-02-14 11:17:48,24,26,3376,17543
2023-02-14 11:18:18,24,27,3376,17543
2023-02-14 11:18:19,24,26,3376,17543
2023-02-14 11:18:19,24,26,3388,17555
2023-02-14 11:18:21,24,25,3388,17555
2023-02-14 11:18:22,22,25,3388,18020
2023-02-14 11:19:01,22,24,3388,18020
2023-02-14 11:19:09,21,24,3400,18032
2023-02-14 11:19:16,21,23,3400,18032
2023-02-14 11:19:28,20,23,3436,18068
2023-02-14 11:19:47,18,23,3436,18068
2023-02-14 11:19:48,19,23,3436,18068
2023-02-14 11:19:51,19,20,3436,18068
2023-02-14 11:19:56,19,23,3436,18068
2023-02-14 11:20:29,19,24,3436,18068
2023-02-14 11:20:54,20,24,3436,18068
2023-02-14 11:21:02,20,23,3436,18068
2023-02-14 11:21:21,20,24,3436,18068
2023-02-14 11:21:52,18,24,3436,18068
2023-02-14 11:21:53,20,24,3436,18068
2023-02-14 11:21:59,20,23,3436,18068
2023-02-14 11:22:14,20,23,3448,18080
2023-02-14 11:22:14,20,22,3448,18080
2023-02-14 11:22:14,20,22,3460,18092
2023-02-14 11:22:14,20,22,3472,18104
2023-02-14 11:22:14,20,22,3484,18116
2023-02-14 11:22:15,20,22,3496,18128
2023-02-14 11:22:15,20,22,3508,18140
2023-02-14 11:22:15,20,22,3520,18152
2023-02-14 11:22:15,20,22,3532,18164
2023-02-14 11:22:16,20,22,3544,18176
2023-02-14 11:22:16,20,22,3556,18188
2023-02-14 11:22:16,20,21,3556,18188
2023-02-14 11:22:17,20,21,3568,18200
2023-02-14 11:22:17,20,21,3580,18212
2023-02-14 11:22:17,20,21,3592,18224
2023-02-14 11:22:18,20,21,3604,18236
2023-02-14 11:22:18,20,21,3616,18248
2023-02-14 11:22:18,19,21,3616,18248
2023-02-14 11:22:18,19,21,3628,18260
2023-02-14 11:22:18,19,21,3640,18272
2023-02-14 11:22:18,19,21,3652,18284
2023-02-14 11:22:19,19,21,3664,18296
2023-02-14 11:22:19,19,21,3676,18308
2023-02-14 11:22:19,19,21,3688,18320
2023-02-14 11:22:19,19,21,3700,18332
2023-02-14 11:22:19,19,21,3712,18344
2023-02-14 11:22:19,19,21,3724,18356
2023-02-14 11:22:19,19,21,3736,18368
2023-02-14 11:22:19,19,21,3748,18380
2023-02-14 11:22:19,19,21,3760,18392
2023-02-14 11:22:19,19,21,3772,18404
2023-02-14 11:22:19,19,21,3784,18416
2023-02-14 11:22:19,19,21,3796,18428
2023-02-14 11:22:19,19,21,3808,18440
2023-02-14 11:22:19,19,21,3820,18452
2023-02-14 11:22:19,19,21,3832,18464
2023-02-14 11:22:19,19,21,3844,18476
2023-02-14 11:22:19,19,21,3856,18488
2023-02-14 11:22:19,19,21,3868,18500
2023-02-14 11:22:19,19,21,3880,18512
2023-02-14 11:22:19,19,21,3892,18524
2023-02-14 11:22:19,19,21,3904,18536
2023-02-14 11:22:19,19,21,3916,18548
2023-02-14 11:22:19,19,21,3928,18560
2023-02-14 11:22:20,19,21,3940,18572
2023-02-14 11:22:20,19,21,3952,18584
2023-02-14 11:22:20,19,21,3964,18596
2023-02-14 11:22:20,19,21,3976,18608
2023-02-14 11:22:20,19,21,3988,18620
2023-02-14 11:22:20,19,21,4000,18632
2023-02-14 11:22:20,19,21,4012,18644
2023-02-14 11:22:20,19,21,4024,18656
2023-02-14 11:22:20,19,21,4036,18668
2023-02-14 11:22:20,19,21,4048,18680
2023-02-14 11:22:20,19,21,4060,18692
2023-02-14 11:22:20,19,21,4072,18704
2023-02-14 11:22:20,19,21,4084,18716
2023-02-14 11:22:20,19,21,4096,18728
2023-02-14 11:22:20,19,21,4108,18740
2023-02-14 11:22:20,19,21,4120,18752
2023-02-14 11:22:20,19,21,4132,18764
2023-02-14 11:22:20,19,21,4144,18776
2023-02-14 11:22:20,19,21,4156,18788
2023-02-14 11:22:20,19,21,4168,18800
2023-02-14 11:22:20,19,21,4180,18812
2023-02-14 11:22:21,19,21,4192,18824
2023-02-14 11:22:21,19,21,4204,18836
2023-02-14 11:22:21,19,21,4216,18848
2023-02-14 11:22:21,19,21,4228,18860
2023-02-14 11:22:21,19,21,4240,18872
2023-02-14 11:22:22,19,21,4252,18884
2023-02-14 11:22:22,19,21,4264,18896
2023-02-14 11:22:22,19,21,4276,18908
2023-02-14 11:22:25,19,21,4288,18920
2023-02-14 11:22:25,19,21,4300,18932
2023-02-14 11:22:26,19,21,4312,18944
2023-02-14 11:22:26,19,21,4324,18956
2023-02-14 11:22:26,19,21,4336,18968
2023-02-14 11:22:26,19,21,4348,18980
2023-02-14 11:22:26,19,21,4360,18992
2023-02-14 11:22:26,19,21,4372,19004
2023-02-14 11:22:26,19,21,4384,19016
2023-02-14 11:22:26,19,21,4396,19028
2023-02-14 11:22:26,19,21,4408,19040
2023-02-14 11:22:26,19,21,4420,19052
2023-02-14 11:22:26,19,21,4432,19064
2023-02-14 11:22:26,19,21,4444,19076
2023-02-14 11:22:26,19,21,4456,19088
2023-02-14 11:22:27,19,21,4462,19094
2023-02-14 11:22:27,19,21,4474,19106
2023-02-14 11:22:33,19,21,4486,19118
2023-02-14 11:22:33,19,21,4498,19130
2023-02-14 11:22:33,19,21,4510,19142
2023-02-14 11:22:34,19,21,4522,19154
2023-02-14 11:22:34,19,21,4534,19166
2023-02-14 11:22:34,19,21,4546,19178
2023-02-14 11:22:34,19,21,4558,19190
2023-02-14 11:22:34,19,21,4570,19202
2023-02-14 11:22:34,19,21,4582,19214
2023-02-14 11:22:34,19,21,4594,19226
2023-02-14 11:22:34,19,21,4606,19238
2023-02-14 11:22:34,19,21,4618,19250
2023-02-14 11:22:34,19,21,4630,19262
2023-02-14 11:22:34,19,21,4642,19274
2023-02-14 11:22:34,19,21,4654,19286
2023-02-14 11:22:34,19,21,4666,19298
2023-02-14 11:22:34,19,21,4678,19310
2023-02-14 11:22:34,19,21,4690,19322
2023-02-14 11:22:35,19,21,4702,19334
2023-02-14 11:22:35,19,21,4714,19346
2023-02-14 11:22:35,19,21,4726,19358
2023-02-14 11:22:35,19,21,4738,19370
2023-02-14 11:22:36,19,21,4688,19420
2023-02-14 11:22:37,19,21,4700,19432
2023-02-14 11:22:37,19,21,4700,19532
2023-02-14 11:22:38,19,21,4688,19544
2023-02-14 11:22:48,19,22,4514,19718
2023-02-14 11:22:49,20,22,4514,19718
2023-02-14 11:23:02,20,22,4514,19768
2023-02-14 11:23:22,22,23,4478,19804
2023-02-14 11:23:24,22,25,4478,19804
2023-02-14 11:23:37,20,25,4478,20265
2023-02-14 11:23:41,20,23,4478,20265
2023-02-14 11:23:48,22,23,4478,20265
2023-02-14 11:24:32,20,22,4478,20705
2023-02-14 11:24:50,18,20,4478,21125
2023-02-14 11:25:25,20,21,4478,21235
2023-02-14 11:25:42,20,23,4478,21235
2023-02-14 11:25:51,18,23,4478,21235
2023-02-14 11:25:51,18,22,4478,21235
2023-02-14 11:26:10,18,22,4515,21272
2023-02-14 11:26:10,19,22,4515,21272
2023-02-14 11:26:15,20,22,4515,21272
2023-02-14 11:26:16,20,24,4515,21563
2023-02-14 11:26:26,21,25,4515,21563
2023-02-14 11:26:31,22,25,4515,21563
2023-02-14 11:26:32,23,25,4515,21563
2023-02-14 11:26:33,23,25,4515,21593
2023-02-14 11:26:42,23,27,4515,21892
2023-02-14 11:26:42,21,27,4515,21892
2023-02-14 11:26:43,25,27,4515,21892
2023-02-14 11:26:46,25,29,4515,22230
2023-02-14 11:26:49,25,28,4515,22230
2023-02-14 11:26:58,25,29,4515,22637
2023-02-14 11:27:04,25,30,4515,22637
2023-02-14 11:27:07,25,29,4515,22637
2023-02-14 11:27:07,27,29,4515,22637
2023-02-14 11:27:10,27,29,4515,22638
2023-02-14 11:27:16,24,29,4515,22667
2023-02-14 11:27:16,24,30,4487,22695
2023-02-14 11:27:19,30,31,4486,22696
2023-02-14 11:27:27,30,31,4458,22724
2023-02-14 11:27:34,28,31,4213,22969
2023-02-14 11:27:37,28,30,4213,22969
2023-02-14 11:27:38,28,33,4184,23007
2023-02-14 11:27:39,28,29,4184,23007
2023-02-14 11:27:47,26,29,4184,23007
2023-02-14 11:27:47,31,33,4156,23065
2023-02-14 11:27:54,29,33,3986,23235
2023-02-14 11:27:55,29,32,3986,23235
2023-02-14 11:27:59,29,32,3958,23263
2023-02-14 11:28:11,29,33,3958,23263
2023-02-14 11:28:20,29,33,3930,23291
2023-02-14 11:28:27,29,34,3930,23291
2023-02-14 11:28:40,29,34,3902,23319
2023-02-14 11:28:41,30,34,3902,23319
2023-02-14 11:28:42,29,34,3902,23319
2023-02-14 11:28:46,29,36,3902,23319
2023-02-14 11:28:46,30,36,3902,23319
2023-02-14 11:28:46,30,35,3902,23319
2023-02-14 11:28:51,31,35,3902,23319
2023-02-14 11:28:53,30,35,3902,23319
2023-02-14 11:28:53,32,35,3902,23319
2023-02-14 11:28:55,32,35,3877,23344
2023-02-14 11:28:56,32,37,3877,23713
2023-02-14 11:28:56,32,36,3877,23713
2023-02-14 11:28:58,33,36,3877,23713
2023-02-14 11:28:59,33,37,3877,23713
2023-02-14 11:29:01,33,36,3877,23713
2023-02-14 11:29:01,34,36,3877,23713
2023-02-14 11:29:06,35,36,3877,23713
2023-02-14 11:29:12,34,36,3877,23713
2023-02-14 11:29:12,35,36,3877,23713
2023-02-14 11:29:15,35,37,3877,23713
2023-02-14 11:29:17,36,37,3877,23718
2023-02-14 11:29:18,35,37,3877,23718
2023-02-14 11:29:19,35,38,3877,23718
2023-02-14 11:29:29,34,38,3877,23723
2023-02-14 11:29:30,35,38,3877,23723
2023-02-14 11:29:32,34,38,3877,23723
2023-02-14 11:29:38,33,38,3877,23728
2023-02-14 11:29:39,33,37,3877,23728
2023-02-14 11:29:40,34,37,3877,23728
2023-02-14 11:29:40,34,38,3877,23728
2023-02-14 11:29:41,33,38,3877,23728
2023-02-14 11:29:41,33,37,3877,23728
2023-02-14 11:29:50,34,37,3877,23728
2023-02-14 11:29:50,36,37,3877,23728
2023-02-14 11:29:56,36,38,3877,23728
2023-02-14 11:30:02,36,38,3690,23915
2023-02-14 11:30:04,36,39,3690,23915
2023-02-14 11:30:11,38,39,3690,23915
2023-02-14 11:30:20,38,42,3690,23915
2023-02-14 11:30:20,40,42,3690,23915
2023-02-14 11:30:22,38,39,3690,23935
2023-02-14 11:30:27,36,39,3690,23935
2023-02-14 11:30:42,36,40,3690,23935
2023-02-14 11:30:52,38,40,3690,23935
2023-02-14 11:30:52,38,42,3690,23935
2023-02-14 11:30:56,38,41,3690,23935
2023-02-14 11:30:56,39,41,3690,23935
2023-02-14 11:31:13,39,45,3700,23945
2023-02-14 11:31:18,41,45,3700,23945
2023-02-14 11:31:21,41,46,3700,23945
2023-02-14 11:31:31,41,45,3700,23945
2023-02-14 11:31:36,41,44,3700,23945
2023-02-14 11:31:47,39,44,3700,23945
2023-02-14 11:31:48,42,44,3700,23945
2023-02-14 11:31:50,42,46,3705,23980
2023-02-14 11:31:52,42,48,3705,23980
2023-02-14 11:31:52,44,48,3705,23980
2023-02-14 11:32:04,44,46,3705,23980
2023-02-14 11:32:05,42,46,3705,23980
2023-02-14 11:32:07,42,48,3705,23980
2023-02-14 11:32:07,43,48,3705,23980
2023-02-14 11:32:09,42,48,3705,23980
2023-02-14 11:32:09,44,48,3705,23980
2023-02-14 11:32:14,42,48,3677,24008
2023-02-14 11:32:15,42,48,3649,24036
2023-02-14 11:32:30,43,48,3649,24036
2023-02-14 11:32:33,44,48,3649,24036
2023-02-14 11:32:37,43,48,3649,24036
2023-02-14 11:32:37,44,48,3649,24036
2023-02-14 11:32:41,43,48,3649,24036
2023-02-14 11:32:49,44,48,3649,24036
2023-02-14 11:33:07,43,48,3649,24036
2023-02-14 11:33:13,44,48,3649,24036
2023-02-14 11:33:19,44,49,3649,24036
2023-02-14 11:33:32,44,48,3649,24036
2023-02-14 11:33:41,44,49,3649,24036
2023-02-14 11:33:48,44,50,3649,24036
2023-02-14 11:33:55,45,50,3649,24036
2023-02-14 11:34:01,46,50,3649,24036
2023-02-14 11:34:07,45,50,3649,24036
2023-02-14 11:34:09,46,50,3649,24036
2023-02-14 11:34:17,45,50,3649,24036
2023-02-14 11:34:39,44,50,3674,24061
2023-02-14 11:34:40,44,48,3674,24061
2023-02-14 11:34:43,44,47,3674,24061
2023-02-14 11:34:55,42,47,3674,24424
2023-02-14 11:34:59,44,47,3674,24424
2023-02-14 11:35:00,44,48,3674,24424
2023-02-14 11:35:05,42,48,3674,24424
2023-02-14 11:35:05,42,47,3674,24424
2023-02-14 11:35:06,42,48,3674,24424
2023-02-14 11:35:07,44,48,3674,24424
2023-02-14 11:35:13,42,48,3674,24424
2023-02-14 11:35:14,42,47,3674,24424
2023-02-14 11:35:15,42,48,3674,24424
2023-02-14 11:35:15,44,48,3674,24424
2023-02-14 11:35:17,42,48,3674,24424
2023-02-14 11:35:17,42,47,3674,24424
2023-02-14 11:35:25,42,46,3674,24424
2023-02-14 11:35:28,42,47,3674,24424
2023-02-14 11:35:28,42,45,3674,24424
2023-02-14 11:35:29,42,44,3674,24424
2023-02-14 11:35:29,41,44,3674,24424
2023-02-14 11:35:37,41,42,3674,24424
2023-02-14 11:35:42,40,42,3674,24829
2023-02-14 11:35:50,39,42,3674,24829
2023-02-14 11:35:52,40,43,3674,24829
2023-02-14 11:35:54,39,43,3674,24829
2023-02-14 11:35:55,40,43,3674,24829
2023-02-14 11:35:56,39,43,3674,24829
2023-02-14 11:36:09,40,43,3674,24829
2023-02-14 11:36:15,40,45,3674,24829
2023-02-14 11:36:19,40,42,3674,24829
2023-02-14 11:37:03,38,42,3674,24829
2023-02-14 11:37:16,37,42,3674,24834
2023-02-14 11:37:16,37,41,3674,24834
2023-02-14 11:37:40,38,41,3674,24834
2023-02-14 11:37:49,37,41,3674,24839
2023-02-14 11:38:17,39,41,3674,24839
2023-02-14 11:38:17,39,42,4164,25329
2023-02-14 11:38:29,36,42,4164,25374
2023-02-14 11:38:33,36,43,4664,25902
2023-02-14 11:38:41,36,42,4664,25902
2023-02-14 11:38:47,37,42,4664,25902
2023-02-14 11:38:48,39,42,4664,25902
2023-02-14 11:38:49,39,42,4664,25912
2023-02-14 11:39:01,39,43,4664,25912
2023-02-14 11:39:01,39,41,4664,25912
2023-02-14 11:39:10,39,43,4664,25940
2023-02-14 11:39:21,39,41,4664,25940
2023-02-14 11:39:22,41,43,4636,25968
2023-02-14 11:39:25,41,42,4636,25968
2023-02-14 11:39:41,41,42,4483,26121
2023-02-14 11:39:42,41,42,4483,26149
2023-02-14 11:39:44,41,43,4483,26149
2023-02-14 11:39:49,39,43,4483,26149
2023-02-14 11:40:02,39,41,4483,26149
2023-02-14 11:40:08,39,43,4511,26177
2023-02-14 11:40:10,39,44,4511,26177
2023-02-14 11:40:11,39,43,4511,26177
2023-02-14 11:40:12,39,44,4511,26177
2023-02-14 11:40:27,41,44,4511,26177
2023-02-14 11:40:27,41,45,4511,26197
2023-02-14 11:40:48,40,45,4511,26197
2023-02-14 11:41:19,41,45,4511,26197
2023-02-14 11:41:22,41,43,4511,26197
2023-02-14 11:41:51,40,43,4511,26197
2023-02-14 11:42:03,40,45,4511,26197
2023-02-14 11:42:05,40,43,4511,26197
2023-02-14 11:42:08,40,45,4511,26197
2023-02-14 11:42:21,40,44,4511,26197
2023-02-14 11:42:37,42,44,4511,26197
2023-02-14 11:42:41,40,44,4511,26197
2023-02-14 11:42:42,40,44,4531,26217
2023-02-14 11:42:42,43,44,4531,26217
2023-02-14 11:42:43,40,44,4531,26217
2023-02-14 11:42:47,40,46,4531,26217
2023-02-14 11:42:47,41,46,4531,26217
2023-02-14 11:43:22,43,46,4531,26217
2023-02-14 11:43:42,43,48,4531,26217
2023-02-14 11:43:42,43,47,4531,26217
2023-02-14 11:43:53,40,47,4531,26217
2023-02-14 11:43:53,42,47,4531,26217
2023-02-14 11:44:22,40,47,4531,26217
2023-02-14 11:44:23,43,47,4531,26217
2023-02-14 11:44:27,43,46,4531,26217
2023-02-14 11:44:48,41,46,4531,26217
2023-02-14 11:44:49,40,46,4531,26217
2023-02-14 11:44:49,42,46,4531,26217
2023-02-14 11:45:03,42,47,4531,26217
2023-02-14 11:45:11,42,46,4531,26217
2023-02-14 11:45:14,42,47,4531,26217
2023-02-14 11:45:15,42,46,4531,26217
2023-02-14 11:45:25,42,45,4531,26217
2023-02-14 11:45:50,40,45,4531,26217
2023-02-14 11:45:50,43,45,4531,26217
2023-02-14 11:46:25,43,44,4531,26217
2023-02-14 11:46:29,43,44,4511,26237
2023-02-14 11:46:40,43,44,4481,26267
2023-02-14 11:46:50,40,44,4481,26267
2023-02-14 11:46:58,40,46,4481,26267
2023-02-14 11:47:03,40,45,4481,26267
2023-02-14 11:47:27,41,45,4481,26267
2023-02-14 11:47:52,41,47,4481,26267
2023-02-14 11:47:52,41,46,4481,26267
2023-02-14 11:48:24,40,46,4481,26267
2023-02-14 11:48:56,40,45,4481,26267
2023-02-14 11:49:11,40,44,4481,26267
2023-02-14 11:49:13,40,45,4481,26267
2023-02-14 11:49:13,40,43,4481,26267
2023-02-14 11:49:22,40,42,4481,26267
2023-02-14 11:49:25,40,41,4481,26267
2023-02-14 11:49:30,40,42,4481,26267
2023-02-14 11:49:53,40,41,4481,26267
2023-02-14 11:50:26,40,43,4481,26267
2023-02-14 11:50:50,40,44,4481,26267
2023-02-14 11:51:21,40,45,4481,26267
2023-02-14 11:51:53,40,46,4481,26267
2023-02-14 11:51:54,41,46,4481,26267
2023-02-14 11:52:18,40,46,4481,26267
2023-02-14 11:52:18,41,46,4481,26267
2023-02-14 11:53:29,42,46,4481,26267
2023-02-14 11:53:35,43,46,4481,26267
2023-02-14 11:53:39,44,46,4481,26267
2023-02-14 11:53:40,45,46,4481,26267
2023-02-14 11:53:43,45,46,4511,26297
2023-02-14 11:53:49,45,50,4511,26297
2023-02-14 11:53:50,45,47,4511,26297
2023-02-14 11:54:12,42,47,4511,26297
2023-02-14 11:54:12,43,47,4511,26297
2023-02-14 11:54:17,43,48,4511,26297
2023-02-14 11:54:18,45,48,4511,26297
2023-02-14 11:54:42,45,46,4511,26297
2023-02-14 11:54:50,45,46,4481,26327
2023-02-14 11:55:04,45,50,4481,26327
2023-02-14 11:55:04,45,48,4481,26327
2023-02-14 11:55:05,45,47,4481,26327
2023-02-14 11:55:17,45,49,4481,26327
2023-02-14 11:55:24,43,49,4481,26327
2023-02-14 11:55:42,43,48,4481,26327
2023-02-14 11:55:58,43,47,4481,26327
2023-02-14 11:56:07,43,46,4481,26327
2023-02-14 11:56:10,43,47,4481,26327
2023-02-14 11:56:10,43,45,4481,26327
2023-02-14 11:56:14,43,47,4481,26327
2023-02-14 11:56:14,43,44,4481,26327
2023-02-14 11:56:23,41,44,4481,26327
2023-02-14 11:56:23,40,44,4481,26327
2023-02-14 11:56:23,42,44,4481,26327
2023-02-14 11:56:51,40,44,4481,26327
2023-02-14 11:57:17,41,44,4481,26327
2023-02-14 11:57:20,41,46,4481,26327
2023-02-14 11:57:21,41,45,4481,26327
2023-02-14 11:57:47,42,45,4481,26327
2023-02-14 11:57:48,42,47,4481,26327
2023-02-14 11:58:18,42,49,4481,26327
2023-02-14 11:58:20,42,48,4481,26327
2023-02-14 11:58:43,42,47,4481,26327
2023-02-14 11:58:48,43,47,4481,26327
2023-02-14 11:58:54,43,46,4481,26327
2023-02-14 11:58:56,43,47,4481,26327
2023-02-14 11:59:00,43,46,4481,26327
2023-02-14 11:59:19,41,46,4481,26327
2023-02-14 11:59:29,41,47,4481,26327
2023-02-14 11:59:43,41,44,4481,26327
2023-02-14 11:59:49,41,43,4481,26327
2023-02-14 11:59:52,41,42,4481,26327
2023-02-14 11:59:52,41,42,4451,26357
2023-02-14 11:59:52,41,44,4451,26357
2023-02-14 12:00:00,41,44,4351,26457
2023-02-14 12:00:11,41,46,4351,26457
2023-02-14 12:00:14,41,45,4351,26457
2023-02-14 12:00:26,40,45,4351,26457
2023-02-14 12:00:27,40,41,4351,26457
2023-02-14 12:00:51,40,44,4351,26457
2023-02-14 12:00:51,40,42,4351,26457
2023-02-14 12:01:49,40,43,4351,26457
2023-02-14 12:01:50,40,41,4351,26457
2023-02-14 12:01:54,37,40,4295,26513
2023-02-14 12:01:56,35,40,4295,26513
2023-02-14 12:02:00,35,41,4295,26513
2023-02-14 12:02:00,35,38,4295,26513
2023-02-14 12:02:40,35,40,4295,26513
2023-02-14 12:02:45,36,40,4295,26513
2023-02-14 12:02:49,36,38,4295,26513
2023-02-14 12:02:54,36,40,4295,26941
2023-02-14 12:03:19,36,41,4295,26941
2023-02-14 12:03:41,36,41,4280,26956
2023-02-14 12:05:23,37,41,4280,26956
2023-02-14 12:05:49,37,43,4280,26956
2023-02-14 12:05:49,37,42,4280,26956
2023-02-14 12:05:51,37,41,4280,26956
2023-02-14 12:06:18,35,41,4280,26956
2023-02-14 12:06:18,36,41,4280,26956
2023-02-14 12:07:17,37,41,4280,26956
2023-02-14 12:07:46,35,41,4280,26956
2023-02-14 12:08:18,35,39,4280,26956
2023-02-14 12:08:19,35,41,4280,26956
2023-02-14 12:08:21,35,39,4280,26956
2023-02-14 12:08:47,33,39,4280,26956
2023-02-14 12:08:48,34,39,4280,26956
2023-02-14 12:09:04,34,40,4280,26956
2023-02-14 12:09:11,34,39,4280,26956
2023-02-14 12:10:16,34,36,4280,26956
2023-02-14 12:10:17,34,36,4280,26986
2023-02-14 12:10:20,34,36,4180,27086
2023-02-14 12:10:21,34,35,4180,27086
2023-02-14 12:10:28,34,35,4080,27186
2023-02-14 12:10:29,34,35,4080,27216
2023-02-14 12:10:33,34,35,3992,27316
2023-02-14 12:10:37,34,35,3992,27416
2023-02-14 12:10:40,32,34,3992,27438
2023-02-14 12:10:49,32,35,3992,27438
2023-02-14 12:10:50,30,35,3992,27438
2023-02-14 12:10:50,30,31,3992,27438
2023-02-14 12:11:16,30,33,3992,27438
2023-02-14 12:11:17,30,32,3992,27438
2023-02-14 12:11:20,30,32,3992,27468
2023-02-14 12:11:46,28,32,3992,27468
2023-02-14 12:11:47,28,35,3992,27468
2023-02-14 12:11:48,29,35,3992,27468
2023-02-14 12:11:48,29,33,3992,27468
2023-02-14 12:12:45,28,33,3992,27468
2023-02-14 12:12:47,28,35,3992,27468
2023-02-14 12:12:48,28,33,3992,27468
2023-02-14 12:13:11,27,33,3992,27468
2023-02-14 12:13:17,27,32,3992,27468
2023-02-14 12:13:17,26,32,3992,27468
2023-02-14 12:13:21,27,32,3992,27468
2023-02-14 12:13:25,26,32,3992,27468
2023-02-14 12:13:27,27,32,3992,27468
2023-02-14 12:13:31,27,32,3982,27478
2023-02-14 12:13:32,27,31,3982,27478
2023-02-14 12:13:48,27,30,3982,27478
2023-02-14 12:14:16,27,31,3982,27478
2023-02-14 12:15:21,27,30,3982,27478
2023-02-14 12:15:29,25,30,3982,27478
2023-02-14 12:15:29,25,29,3982,27478
2023-02-14 12:15:34,26,29,3982,27478
2023-02-14 12:15:35,26,30,3982,27478
2023-02-14 12:15:38,26,29,3982,27478
2023-02-14 12:15:53,26,30,3982,27478
2023-02-14 12:15:54,26,29,3982,27478
2023-02-14 12:15:55,26,30,3982,27478
2023-02-14 12:16:07,26,29,3982,27478
2023-02-14 12:16:08,26,30,3982,27478
2023-02-14 12:16:10,25,30,3982,27478
2023-02-14 12:16:10,27,30,3982,27478
2023-02-14 12:16:18,27,29,3982,27478
2023-02-14 12:16:23,28,29,3982,27478
2023-02-14 12:16:24,27,29,3982,27478
2023-02-14 12:16:25,27,29,3982,27498
2023-02-14 12:16:26,27,29,3982,27598
2023-02-14 12:16:30,27,31,4217,27833
2023-02-14 12:16:45,24,31,4217,27833
2023-02-14 12:16:48,24,27,4217,27833
2023-02-14 12:16:49,25,27,4217,27833
2023-02-14 12:16:49,27,31,4207,27843
2023-02-14 12:16:56,27,31,4197,27853
2023-02-14 12:17:10,27,29,4197,27853
2023-02-14 12:17:17,26,29,4197,27853
2023-02-14 12:17:19,26,31,4197,27853
2023-02-14 12:17:26,26,29,4197,27853
2023-02-14 12:17:29,26,31,4197,27853
2023-02-14 12:17:47,26,30,4197,27853
2023-02-14 12:17:47,24,30,4197,27853
2023-02-14 12:17:48,25,30,4197,27853
2023-02-14 12:18:01,26,30,4197,27853
2023-02-14 12:18:10,26,32,4197,28163
2023-02-14 12:18:19,26,31,4197,28163
2023-02-14 12:18:37,26,30,4197,28163
2023-02-14 12:18:40,26,31,4197,28163
2023-02-14 12:18:49,27,31,4197,28163
2023-02-14 12:18:49,27,32,4197,28163
2023-02-14 12:19:18,29,32,4197,28163
2023-02-14 12:19:29,29,31,4197,28163
2023-02-14 12:19:39,29,30,4197,28163
2023-02-14 12:19:40,29,31,4197,28163
2023-02-14 12:19:42,29,30,4197,28163
2023-02-14 12:19:43,29,31,4197,28163
2023-02-14 12:19:47,27,31,4197,28163
2023-02-14 12:19:47,24,31,4197,28163
2023-02-14 12:19:47,26,31,4197,28163
2023-02-14 12:19:48,28,31,4197,28163
2023-02-14 12:19:52,28,30,4197,28163
2023-02-14 12:19:52,28,31,4197,28163
2023-02-14 12:19:56,28,30,4197,28163
2023-02-14 12:20:13,28,31,4197,28163
2023-02-14 12:20:23,28,30,4197,28163
2023-02-14 12:20:23,28,30,4197,28188
2023-02-14 12:20:28,24,30,4197,28188
2023-02-14 12:20:28,25,30,4197,28188
2023-02-14 12:20:29,27,30,4197,28188
2023-02-14 12:20:37,27,29,4197,28188
2023-02-14 12:20:38,27,30,4197,28188
2023-02-14 12:20:40,27,29,4197,28188
2023-02-14 12:21:01,27,29,4197,28218
2023-02-14 12:21:07,27,28,4197,28218
2023-02-14 12:21:18,27,29,4197,28218
2023-02-14 12:21:18,24,29,4197,28218
2023-02-14 12:21:18,26,29,4197,28218
2023-02-14 12:21:24,26,30,4197,28218
2023-02-14 12:21:39,26,31,4197,28218
2023-02-14 12:21:46,25,31,4197,28218
2023-02-14 12:21:47,25,30,4197,28218
2023-02-14 12:21:48,26,30,4197,28218
2023-02-14 12:22:14,25,30,4197,28218
2023-02-14 12:22:14,27,30,4197,28218
2023-02-14 12:22:15,28,30,4197,28218
2023-02-14 12:22:18,28,32,4197,28218
2023-02-14 12:22:35,27,32,4197,28218
2023-02-14 12:22:35,29,32,4197,28218
2023-02-14 12:22:47,27,32,4197,28218
2023-02-14 12:22:49,27,34,4197,28218
2023-02-14 12:22:49,27,33,4197,28218
2023-02-14 12:22:49,28,33,4197,28218
2023-02-14 12:23:04,28,33,4197,28243
2023-02-14 12:23:46,27,33,4197,28243
2023-02-14 12:23:47,27,32,4197,28243
2023-02-14 12:24:17,28,32,4197,28243
2023-02-14 12:24:46,29,32,4197,28243
2023-02-14 12:24:47,29,34,4197,28243
2023-02-14 12:25:02,30,34,4197,28243
2023-02-14 12:25:20,30,35,4197,28243
2023-02-14 12:25:42,30,34,4197,28243
2023-02-14 12:25:46,28,34,4197,28243
2023-02-14 12:25:46,29,34,4197,28243
2023-02-14 12:25:48,29,32,4197,28243
2023-02-14 12:26:18,27,32,4197,28243
2023-02-14 12:26:18,25,32,4197,28243
2023-02-14 12:26:19,24,32,4197,28243
2023-02-14 12:26:19,26,32,4197,28243
2023-02-14 12:26:20,26,31,4197,28243
2023-02-14 12:26:37,26,30,4197,28243
2023-02-14 12:26:46,24,30,4197,28243
2023-02-14 12:26:46,25,30,4197,28243
2023-02-14 12:27:11,25,31,4197,28243
2023-02-14 12:27:12,25,28,4197,28243
2023-02-14 12:27:46,23,28,4197,28243
2023-02-14 12:28:48,25,28,4197,28243
2023-02-14 12:28:48,25,30,4197,28243
2023-02-14 12:29:44,26,30,4197,28243
2023-02-14 12:29:47,25,30,4197,28243
2023-02-14 12:29:55,26,30,4197,28243
2023-02-14 12:30:09,25,30,4197,28243
2023-02-14 12:30:09,27,30,4197,28243
2023-02-14 12:30:18,27,32,4514,28560
2023-02-14 12:30:24,27,34,4514,28560
2023-02-14 12:30:24,27,32,4514,28560
2023-02-14 12:30:49,25,32,4514,28560
2023-02-14 12:30:49,25,31,4514,28560
2023-02-14 12:30:49,26,31,4514,28560
2023-02-14 12:31:17,25,31,4514,28560
2023-02-14 12:31:17,25,32,4514,28560
2023-02-14 12:31:17,27,32,4514,28560
2023-02-14 12:31:19,27,30,4514,28560
2023-02-14 12:31:48,25,30,4514,28560
2023-02-14 12:33:28,25,28,4514,28560
2023-02-14 12:33:50,22,28,4514,28560
2023-02-14 12:33:51,23,28,4514,28560
2023-02-14 12:33:53,24,28,4514,28560
2023-02-14 12:34:05,24,26,4514,28560
2023-02-14 12:34:18,23,26,4514,28560
2023-02-14 12:36:22,23,28,4514,28560
2023-02-14 12:36:50,25,28,4514,28560
2023-02-14 12:37:16,22,28,4514,28560
2023-02-14 12:37:17,24,28,4514,28560
2023-02-14 12:37:32,24,29,4514,28560
2023-02-14 12:38:17,24,30,4514,28560
2023-02-14 12:38:17,25,30,4514,28560
2023-02-14 12:38:47,26,30,4514,28560
2023-02-14 12:38:59,26,31,4514,28560
2023-02-14 12:39:17,25,31,4514,28560
2023-02-14 12:39:18,25,32,4514,28560
2023-02-14 12:39:19,27,32,4514,28560
2023-02-14 12:39:39,27,32,4514,28585
2023-02-14 12:40:22,27,30,4514,28585
2023-02-14 12:40:23,25,30,4514,28585
2023-02-14 12:40:23,26,30,4514,28585
2023-02-14 12:40:47,26,32,4514,28585
2023-02-14 12:40:47,26,28,4514,28585
2023-02-14 12:40:49,25,28,4514,28585
2023-02-14 12:40:49,27,28,4514,28585
2023-02-14 12:41:19,23,28,4514,28585
2023-02-14 12:41:19,22,28,4514,28585
2023-02-14 12:41:19,24,28,4514,28585
2023-02-14 12:41:45,22,28,4514,28585
2023-02-14 12:41:46,25,28,4514,28585
2023-02-14 12:41:54,25,30,4514,28585
2023-02-14 12:42:07,25,28,4514,28585
2023-02-14 12:42:17,26,28,4514,28585
2023-02-14 12:42:45,24,26,4514,28911
2023-02-14 12:42:50,22,26,4514,28911
2023-02-14 12:42:50,25,26,4514,28911
2023-02-14 12:43:17,23,26,4514,28911
2023-02-14 12:43:47,23,28,4514,28911
2023-02-14 12:44:06,24,28,4514,28911
2023-02-14 12:44:18,24,30,4514,28911
2023-02-14 12:44:18,24,29,4514,28911
2023-02-14 12:44:48,23,29,4514,28911
2023-02-14 12:44:48,25,29,4514,28911
2023-02-14 12:44:48,25,30,4514,28911
2023-02-14 12:45:47,25,32,4514,28911
2023-02-14 12:45:49,25,31,4514,28911
2023-02-14 12:45:52,25,30,4514,28911
2023-02-14 12:45:52,26,30,4514,28911
2023-02-14 12:46:18,22,30,4514,28911
2023-02-14 12:46:18,23,30,4514,28911
2023-02-14 12:46:18,25,30,4514,28911
2023-02-14 12:46:49,23,30,4514,28911
2023-02-14 12:46:49,23,29,4514,28911
2023-02-14 12:46:49,24,29,4514,28911
2023-02-14 12:46:57,24,28,4514,28911
2023-02-14 12:47:18,22,28,4514,28911
2023-02-14 12:47:18,23,28,4514,28911
2023-02-14 12:47:19,23,26,4514,28911
2023-02-14 12:47:49,21,26,4514,28911
2023-02-14 12:48:09,22,26,4514,28911
2023-02-14 12:48:19,23,26,4514,28911
2023-02-14 12:48:21,23,28,4514,28911
2023-02-14 12:48:21,22,28,4514,28911
2023-02-14 12:48:22,22,29,4514,28911
2023-02-14 12:48:22,22,27,4514,28911
2023-02-14 12:48:31,23,27,4514,28911
2023-02-14 12:48:38,22,27,4514,28911
2023-02-14 12:48:48,22,28,4514,28911
2023-02-14 12:48:49,24,28,4514,28911
2023-02-14 12:49:18,22,28,4514,28911
2023-02-14 12:49:18,21,28,4514,28911
2023-02-14 12:49:21,23,28,4514,28911
2023-02-14 12:49:22,23,26,4514,28911
2023-02-14 12:49:42,23,28,4514,28911
2023-02-14 12:49:48,22,28,4514,28911
2023-02-14 12:49:52,22,27,4514,28911
2023-02-14 12:50:13,23,27,4514,28911
2023-02-14 12:50:20,24,27,4514,28911
2023-02-14 12:50:24,24,30,4514,28911
2023-02-14 12:50:24,24,28,4514,28911
2023-02-14 12:50:40,23,28,4514,28911
2023-02-14 12:50:40,25,28,4514,28911
2023-02-14 12:50:49,25,30,4514,28911
2023-02-14 12:51:15,26,30,4514,28911
2023-02-14 12:51:17,26,31,4514,28911
2023-02-14 12:51:24,26,32,4514,29352
2023-02-14 12:52:07,26,30,4514,29352
2023-02-14 12:52:19,24,30,4514,29352
2023-02-14 12:52:21,26,30,4514,29352
2023-02-14 12:52:47,24,30,4514,29352
2023-02-14 12:52:48,25,30,4514,29352
2023-02-14 12:53:04,25,28,4514,29352
2023-02-14 12:53:15,26,28,4514,29352
2023-02-14 12:53:15,26,28,4514,29609
2023-02-14 12:53:17,25,28,4514,29609
2023-02-14 12:53:17,26,28,4514,29609
2023-02-14 12:53:38,26,31,5257,30352
2023-02-14 12:53:39,27,31,5257,30352
2023-02-14 12:53:48,27,33,5257,30352
2023-02-14 12:54:06,27,32,5257,30352
2023-02-14 12:54:19,25,32,5257,30352
2023-02-14 12:54:22,28,32,5257,30352
2023-02-14 12:54:48,26,32,5257,30352
2023-02-14 12:54:48,25,32,5257,30352
2023-02-14 12:54:49,27,32,5257,30352
2023-02-14 12:55:04,27,30,5257,30352
2023-02-14 12:55:20,27,29,5257,30352
2023-02-14 12:55:24,26,29,5257,30352
2023-02-14 12:55:48,24,26,5257,30713
2023-02-14 12:56:18,23,26,5257,30713
2023-02-14 12:56:19,25,26,5257,30713
2023-02-14 12:56:28,25,26,5257,30763
2023-02-14 12:56:42,23,26,4879,31141
2023-02-14 12:56:49,21,26,4879,31141
2023-02-14 12:56:49,20,26,4879,31141
2023-02-14 12:56:51,20,24,4879,31141
2023-02-14 12:57:07,19,24,4879,31141
2023-02-14 12:57:17,20,24,4879,31141
2023-02-14 12:57:17,20,26,4879,31141
2023-02-14 12:57:17,20,27,4879,31141
2023-02-14 12:57:17,20,25,4879,31141
2023-02-14 12:57:46,20,24,4879,31141
2023-02-14 12:57:47,19,24,4879,31141
2023-02-14 12:57:51,20,24,4879,31141
2023-02-14 12:58:03,20,23,4879,31141
2023-02-14 12:58:05,21,23,4879,31141
2023-02-14 12:58:17,20,23,4879,31141
2023-02-14 12:59:46,20,24,5186,31448
2023-02-14 13:00:03,21,24,5186,31448
2023-02-14 13:00:20,20,24,5186,31448
2023-02-14 13:00:22,21,24,5186,31448
2023-02-14 13:00:23,20,24,5186,31448
2023-02-14 13:00:59,19,24,5186,31448
2023-02-14 13:01:19,19,22,5186,31448
2023-02-14 13:01:20,18,22,5186,31448
2023-02-14 13:01:21,18,19,5186,31448
2023-02-14 13:01:30,18,19,4821,31813
2023-02-14 13:01:34,16,19,4821,31833
2023-02-14 13:01:37,16,22,4821,31833
2023-02-14 13:01:48,14,22,4821,31833
2023-02-14 13:01:49,14,19,4821,31833
2023-02-14 13:01:53,15,19,4821,31833
2023-02-14 13:01:54,14,19,4821,32437
2023-02-14 13:01:57,13,19,4832,32456
2023-02-14 13:02:18,13,21,4832,32456
2023-02-14 13:02:19,13,15,4832,32456
2023-02-14 13:02:19,13,14,4832,32456
2023-02-14 13:02:20,9,14,4832,32456
2023-02-14 13:02:48,8,14,4832,32456
2023-02-14 13:02:49,8,15,4832,32456
2023-02-14 13:02:49,8,12,4832,32456
2023-02-14 13:02:49,8,10,4832,32456
2023-02-14 13:02:53,9,10,4832,32456
2023-02-14 13:03:05,9,10,4821,32506
2023-02-14 13:03:28,9,11,5137,32822
2023-02-14 13:03:46,9,12,5137,32822
2023-02-14 13:04:18,9,13,5137,32822
2023-02-14 13:04:22,9,12,5137,32822
2023-02-14 13:04:49,9,11,5137,32822
2023-02-14 13:04:52,7,11,5137,32822
2023-02-14 13:04:53,8,11,5137,32822
2023-02-14 13:05:49,8,10,5137,32822
2023-02-14 13:06:49,8,9,5137,32822
2023-02-14 13:07:13,8,9,5147,32832
2023-02-14 13:07:46,8,10,5147,32832
2023-02-14 13:07:46,8,9,5147,32832
2023-02-14 13:08:23,8,10,5147,32832
2023-02-14 13:09:49,8,11,5147,32832
2023-02-14 13:09:50,8,10,5147,32832
2023-02-14 13:10:30,8,11,5147,32832
2023-02-14 13:11:51,9,11,5147,32832
2023-02-14 13:11:53,9,12,5147,32832
2023-02-14 13:12:28,9,13,5668,33353
2023-02-14 13:12:48,9,12,5668,33353
2023-02-14 13:13:19,9,13,5668,33353
2023-02-14 13:13:51,9,12,5668,33353
2023-02-14 13:14:18,9,11,5668,33353
2023-02-14 13:14:51,7,11,5668,33353
2023-02-14 13:14:52,8,11,5668,33353
2023-02-14 13:15:20,8,10,5668,33353
2023-02-14 13:15:39,7,10,5746,33431
2023-02-14 13:16:20,7,9,5746,33431
2023-02-14 13:16:48,7,10,5746,33431
2023-02-14 13:17:20,7,9,5746,33431
2023-02-14 13:18:18,7,8,5746,33431
2023-02-14 13:18:48,6,7,5874,33559
2023-02-14 13:19:18,6,7,5884,33569
2023-02-14 13:19:48,6,8,5884,33569
2023-02-14 13:21:17,6,7,5884,33569
2023-02-14 13:22:19,6,8,5884,33569
2023-02-14 13:23:18,6,9,5884,33569
2023-02-14 13:23:18,6,8,5884,33569
2023-02-14 13:24:18,6,10,5884,33569
2023-02-14 13:24:19,6,9,5884,33569
2023-02-14 13:24:46,6,10,5884,33569
2023-02-14 13:24:49,7,10,5884,33569
2023-02-14 13:25:23,6,10,5884,33569
2023-02-14 13:26:18,6,11,5884,33569
2023-02-14 13:26:18,6,10,5884,33569
2023-02-14 13:27:46,6,11,5884,33569
2023-02-14 13:27:47,7,11,5884,33569
2023-02-14 13:28:47,6,11,5884,33569
2023-02-14 13:28:47,6,10,5884,33569
2023-02-14 13:29:17,6,9,5884,33569
2023-02-14 13:30:24,6,10,5884,33569
2023-02-14 13:30:45,5,10,6134,34375
2023-02-14 13:30:49,5,9,6134,34375
2023-02-14 13:31:48,5,8,6134,34375
2023-02-14 13:33:49,5,10,6134,34375
2023-02-14 13:33:49,5,9,6134,34375
2023-02-14 13:34:18,5,8,6134,34375
2023-02-14 13:34:19,4,8,6134,34375
2023-02-14 13:35:49,4,7,6134,34375
2023-02-14 13:36:00,4,7,6534,34775
2023-02-14 13:36:10,4,8,6552,34793
2023-02-14 13:36:33,5,8,6552,34793
2023-02-14 13:37:12,4,8,6634,34875
2023-02-14 13:37:28,5,8,6634,34875
2023-02-14 13:37:34,6,8,6634,34875
2023-02-14 13:37:47,6,10,6634,34875
2023-02-14 13:37:47,6,9,6634,34875
2023-02-14 13:38:07,5,9,6634,34875
2023-02-14 13:38:17,5,10,6634,34875
2023-02-14 13:38:17,6,10,6634,34875
2023-02-14 13:38:46,5,10,6634,34875
2023-02-14 13:38:46,5,8,6634,34875
2023-02-14 13:38:46,5,8,6734,34975
2023-02-14 13:39:47,4,8,6734,34975
2023-02-14 13:39:47,4,9,6734,34975
2023-02-14 13:39:47,3,9,6734,34975
2023-02-14 13:39:47,3,8,6734,34975
2023-02-14 13:39:47,4,8,6734,34975
2023-02-14 13:40:01,4,8,6774,35015
2023-02-14 13:41:21,4,7,6774,35015
2023-02-14 13:41:43,5,7,6774,35015
2023-02-14 13:41:49,5,8,6774,35015
2023-02-14 13:41:54,5,9,6774,35015
2023-02-14 13:42:17,6,9,6774,35015
2023-02-14 13:42:17,7,9,6774,35015
2023-02-14 13:42:18,7,10,6774,35015
2023-02-14 13:42:46,6,10,6774,35015
2023-02-14 13:43:17,5,10,6774,35015
2023-02-14 13:43:18,5,9,6774,35015
2023-02-14 13:44:18,6,9,6774,35015
2023-02-14 13:44:31,6,9,6974,35215
2023-02-14 13:44:48,6,10,6974,35215
2023-02-14 13:44:48,6,11,6974,35215
2023-02-14 13:44:49,7,11,6974,35215
2023-02-14 13:45:21,7,12,6974,35215
2023-02-14 13:45:21,8,12,6974,35215
2023-02-14 13:45:48,7,12,6974,35215
2023-02-14 13:45:48,7,10,6974,35215
2023-02-14 13:46:16,6,10,6974,35215
2023-02-14 13:46:46,6,11,6974,35215
2023-02-14 13:46:46,6,10,6974,35215
2023-02-14 13:47:19,6,8,6974,35215
2023-02-14 13:47:19,5,8,6974,35215
2023-02-14 13:48:17,4,8,6974,35215
2023-02-14 13:50:48,4,7,6974,35215
2023-02-14 13:51:15,4,8,6974,35215
2023-02-14 13:51:46,5,8,6974,35215
2023-02-14 13:52:18,4,8,6974,35215
2023-02-14 13:52:47,4,9,6974,35215
2023-02-14 13:52:47,4,8,6974,35215
2023-02-14 13:52:58,4,8,6949,35240
2023-02-14 13:53:17,4,7,6949,35240
2023-02-14 13:54:16,3,7,6949,35240
2023-02-14 13:55:49,3,6,6949,35240
2023-02-14 13:58:29,4,6,6949,35240
2023-02-14 13:58:35,4,6,6999,35290
2023-02-14 13:58:42,3,6,6999,35290
2023-02-14 13:58:45,3,7,6999,35290
2023-02-14 13:58:45,4,7,6999,35290
2023-02-14 13:58:54,3,7,6999,35290
2023-02-14 13:58:56,4,7,6999,35290
2023-02-14 13:59:13,3,7,6999,35290
2023-02-14 13:59:17,4,7,6999,35290
2023-02-14 13:59:17,4,8,6999,35290
2023-02-14 13:59:47,4,7,6999,35290
2023-02-14 13:59:48,3,7,6999,35290
2023-02-14 14:00:05,4,7,6999,35290
2023-02-14 14:00:12,3,7,6999,35290
2023-02-14 14:00:13,4,7,6999,35290
2023-02-14 14:00:43,5,7,6999,35290
2023-02-14 14:01:25,4,7,6999,35290
2023-02-14 14:01:48,4,6,6999,35290
2023-02-14 14:02:01,3,6,6999,35290
2023-02-14 14:02:18,3,7,6999,35290
2023-02-14 14:02:50,3,6,6999,35290
2023-02-14 14:03:49,3,4,6999,35290
2023-02-14 14:04:18,3,6,6999,35290
2023-02-14 14:04:18,3,8,6999,35290
2023-02-14 14:05:06,3,13,6999,35290
2023-02-14 14:05:06,3,10,6999,35290
2023-02-14 14:05:10,5,10,6999,35290
2023-02-14 14:05:11,5,12,6999,35290
2023-02-14 14:05:13,3,12,6999,35290
2023-02-14 14:05:13,6,12,6999,35290
2023-02-14 14:05:20,6,7,6999,35290
2023-02-14 14:05:21,3,6,6999,35320
2023-02-14 14:05:25,3,6,7065,35420
2023-02-14 14:05:27,3,6,7115,35470
2023-02-14 14:05:28,3,6,7215,35570
2023-02-14 14:05:31,3,6,7265,35620
2023-02-14 14:05:31,5,6,7265,35620
2023-02-14 14:05:32,5,6,7365,35720
2023-02-14 14:05:36,5,10,7365,36531
2023-02-14 14:05:42,5,14,7365,36611
2023-02-14 14:05:43,10,14,7365,36611
2023-02-14 14:05:43,10,19,7365,36611
2023-02-14 14:05:51,10,11,7365,36611
2023-02-14 14:05:52,7,10,7365,36661
2023-02-14 14:06:18,7,13,7365,36661
2023-02-14 14:06:26,7,12,7365,36661
2023-02-14 14:06:32,7,13,7365,36661
2023-02-14 14:07:12,7,15,7365,36661
2023-02-14 14:07:12,8,15,7365,36661
2023-02-14 14:07:33,9,15,7365,36661
2023-02-14 14:07:51,7,15,7365,36661
2023-02-14 14:07:51,10,15,7365,36661
2023-02-14 14:07:51,10,16,7365,36661
2023-02-14 14:07:52,11,16,7365,36661
2023-02-14 14:07:55,11,17,7365,36661
2023-02-14 14:08:02,10,17,7365,36661
2023-02-14 14:08:04,11,17,7365,36661
2023-02-14 14:08:06,10,17,7365,36661
2023-02-14 14:08:33,10,25,7365,36661
2023-02-14 14:08:33,7,25,7365,36661
2023-02-14 14:08:33,8,25,7365,36661
2023-02-14 14:08:33,8,15,7365,36661
2023-02-14 14:08:37,9,15,7365,36661
2023-02-14 14:09:04,15,25,7415,36711
2023-02-14 14:09:16,15,25,7415,36811
2023-02-14 14:09:17,10,25,7415,37661
2023-02-14 14:09:22,11,25,7415,37661
2023-02-14 14:09:23,10,25,7415,37661
2023-02-14 14:09:25,11,25,7415,37661
2023-02-14 14:09:27,10,25,7415,37661
2023-02-14 14:09:50,10,24,7415,37661
2023-02-14 14:09:54,10,23,7415,37661
2023-02-14 14:09:54,10,22,7415,37661
2023-02-14 14:09:58,10,19,7415,37661
2023-02-14 14:10:02,10,18,7415,37661
2023-02-14 14:10:23,8,18,7415,37661
2023-02-14 14:10:23,9,18,7415,37661
2023-02-14 14:10:26,8,18,7415,37661
2023-02-14 14:10:32,8,19,7415,37661
2023-02-14 14:10:33,8,18,7415,37661
2023-02-14 14:10:51,8,9,7415,37661
2023-02-14 14:11:03,8,9,7415,37691
2023-02-14 14:11:04,8,9,7425,37701
2023-02-14 14:11:49,8,11,7425,37701
2023-02-14 14:11:50,8,9,7425,37701
2023-02-14 14:12:50,5,8,7425,37721
2023-02-14 14:14:46,5,7,7425,37721
2023-02-14 14:15:15,4,7,7425,37721
2023-02-14 14:15:27,4,6,7425,37721
2023-02-14 14:15:38,4,7,7425,37721
2023-02-14 14:16:11,3,7,7425,37721
2023-02-14 14:16:21,3,6,7425,37721
2023-02-14 14:16:41,5,6,7425,37721
2023-02-14 14:16:46,5,6,7630,37926
2023-02-14 14:17:18,5,6,7971,38267
2023-02-14 14:18:17,5,6,8332,38628
2023-02-14 14:18:47,3,5,8425,38721
2023-02-14 14:19:19,3,4,8425,38721
2023-02-14 14:19:48,3,6,8425,38721
2023-02-14 14:19:48,3,7,8425,38721
2023-02-14 14:21:21,3,5,8425,38721
2023-02-14 14:21:50,3,7,8425,38721
2023-02-14 14:22:16,5,7,8425,38721
2023-02-14 14:22:42,6,7,8425,38721
2023-02-14 14:23:17,6,7,8712,39008
2023-02-14 14:23:18,5,6,8925,39221
2023-02-14 14:23:26,3,6,8925,39221
2023-02-14 14:23:48,3,5,8925,39221
2023-02-14 14:24:47,3,6,8925,39221
2023-02-14 14:24:48,3,5,8925,39221
2023-02-14 14:26:37,3,5,9275,39571
2023-02-14 14:27:03,3,5,9425,39721
2023-02-14 14:27:19,3,6,9425,39721
2023-02-14 14:27:48,3,5,9425,39721
2023-02-14 14:29:47,3,6,9425,39721
2023-02-14 14:29:47,3,5,9425,39721
2023-02-14 14:31:49,3,4,9425,39721
2023-02-14 14:32:20,3,5,9425,39721
2023-02-14 14:32:56,1,5,9925,40221
2023-02-14 14:33:17,2,5,9925,40221
2023-02-14 14:35:17,1,5,9925,40221
2023-02-14 14:49:56,1,3,9925,40221
2023-02-14 14:52:20,1,3,9937,40233
2023-02-14 14:53:26,2,3,9937,40233
2023-02-14 14:56:08,2,3,9977,40273
2023-02-14 15:09:20,1,3,9977,40351
2023-02-14 15:10:15,1,3,10977,41351
2023-02-14 15:10:25,1,5,10977,41351
2023-02-14 15:10:37,1,4,10977,41351
2023-02-14 15:13:07,1,3,10977,41351
2023-02-14 15:13:55,1,2,10977,41351
2023-02-14 15:18:29,1,2,11477,41851
2023-02-14 15:21:05,1,2,11587,41961
2023-02-14 15:24:22,0,2,11965,42339
2023-02-14 15:24:28,0,1,11965,42339
