datetime,bid,ask,open_interest,volume
2023-03-15 09:31:03,20,28,448,844
2023-03-15 09:31:03,20,24,448,844
2023-03-15 09:31:46,21,24,448,844
2023-03-15 09:32:47,21,23,448,844
2023-03-15 09:32:48,21,24,448,844
2023-03-15 09:33:16,21,24,473,869
2023-03-15 09:33:37,21,23,473,869
2023-03-15 09:33:42,21,23,548,944
2023-03-15 09:33:42,21,24,548,944
2023-03-15 09:34:16,21,23,548,944
2023-03-15 09:34:28,21,23,564,960
2023-03-15 09:34:28,20,21,573,969
2023-03-15 09:34:53,20,21,689,1085
2023-03-15 09:34:53,20,21,773,1169
2023-03-15 09:37:30,20,21,848,1244
2023-03-15 09:39:26,20,23,855,1251
2023-03-15 09:39:27,20,24,855,1251
2023-03-15 09:39:27,20,22,855,1251
2023-03-15 09:39:30,20,22,857,1253
2023-03-15 09:39:35,20,24,857,1253
2023-03-15 09:39:36,20,22,857,1253
2023-03-15 09:40:08,21,22,857,1253
2023-03-15 09:40:22,21,24,857,1253
2023-03-15 09:41:12,22,24,857,1253
2023-03-15 09:41:21,21,24,857,1253
2023-03-15 09:41:21,22,24,857,1253
2023-03-15 09:41:32,21,24,857,1253
2023-03-15 09:41:32,22,24,857,1253
2023-03-15 09:41:46,21,24,857,1253
2023-03-15 09:41:46,22,24,857,1253
2023-03-15 09:41:54,21,24,857,1253
2023-03-15 09:41:55,22,24,857,1253
2023-03-15 09:42:11,21,22,930,1378
2023-03-15 09:42:13,20,22,930,1378
2023-03-15 09:42:15,21,24,930,1378
2023-03-15 09:42:15,21,23,930,1378
2023-03-15 09:42:20,21,24,930,1378
2023-03-15 09:42:21,21,23,930,1378
2023-03-15 09:42:21,21,23,959,1407
2023-03-15 09:42:21,21,23,988,1436
2023-03-15 09:42:22,21,24,988,1436
2023-03-15 09:42:22,21,23,988,1436
2023-03-15 09:42:26,21,22,988,1436
2023-03-15 09:42:27,21,22,1043,1491
2023-03-15 09:42:27,21,22,1098,1546
2023-03-15 09:42:27,21,23,1098,1546
2023-03-15 09:42:27,20,23,1098,1546
2023-03-15 09:42:28,20,21,1098,1546
2023-03-15 09:42:28,20,21,1121,1569
2023-03-15 09:42:34,20,23,1121,1569
2023-03-15 09:42:35,20,22,1121,1569
2023-03-15 09:42:41,20,23,1121,1569
2023-03-15 09:42:42,20,21,1121,1569
2023-03-15 09:42:49,20,21,1134,1582
2023-03-15 09:42:49,20,23,1134,1582
2023-03-15 09:42:49,20,22,1134,1582
2023-03-15 09:42:49,20,21,1134,1582
2023-03-15 09:42:52,20,21,1171,1619
2023-03-15 09:42:53,20,22,1171,1619
2023-03-15 09:43:22,20,21,1171,1619
2023-03-15 09:43:22,20,21,1217,1665
2023-03-15 09:43:22,20,22,1217,1665
2023-03-15 09:43:25,20,21,1217,1665
2023-03-15 09:43:26,20,22,1217,1665
2023-03-15 09:43:27,20,23,1217,1665
2023-03-15 09:43:27,20,22,1217,1665
2023-03-15 09:43:33,20,23,1217,1665
2023-03-15 09:43:33,20,22,1217,1665
2023-03-15 09:43:40,20,23,1217,1665
2023-03-15 09:43:40,20,22,1217,1665
2023-03-15 09:43:47,20,23,1217,1665
2023-03-15 09:43:47,20,22,1217,1665
2023-03-15 09:44:13,20,23,1217,1665
2023-03-15 09:44:13,20,22,1217,1665
2023-03-15 09:44:16,20,21,1217,1665
2023-03-15 09:44:18,20,22,1217,1665
2023-03-15 09:44:18,20,21,1217,1665
2023-03-15 09:44:20,20,24,1217,1665
2023-03-15 09:44:20,20,23,1217,1665
2023-03-15 09:44:27,20,22,1217,1665
2023-03-15 09:44:43,20,24,1217,1665
2023-03-15 09:44:43,20,23,1217,1665
2023-03-15 09:45:20,20,23,1217,1730
2023-03-15 09:45:20,20,22,1217,1730
2023-03-15 09:45:21,20,21,1217,1730
2023-03-15 09:45:28,20,22,1217,1730
2023-03-15 09:45:28,20,23,1217,1730
2023-03-15 09:45:29,20,21,1217,1730
2023-03-15 09:45:40,20,23,1217,1730
2023-03-15 09:45:40,20,21,1217,1730
2023-03-15 09:45:48,20,23,1217,1730
2023-03-15 09:45:48,20,24,1217,1730
2023-03-15 09:45:49,20,21,1217,1730
2023-03-15 09:46:18,20,23,1217,1730
2023-03-15 09:46:18,20,24,1217,1730
2023-03-15 09:46:19,20,22,1217,1730
2023-03-15 09:46:27,22,24,1259,1921
2023-03-15 09:46:29,20,24,1330,1992
2023-03-15 09:46:30,20,23,1330,1992
2023-03-15 09:46:31,20,24,1330,1992
2023-03-15 09:46:31,20,22,1330,1992
2023-03-15 09:46:36,20,24,1330,1992
2023-03-15 09:46:36,21,24,1330,1992
2023-03-15 09:46:36,21,23,1330,1992
2023-03-15 09:46:43,20,23,1330,1992
2023-03-15 09:46:50,20,24,1330,1992
2023-03-15 09:46:51,20,23,1330,1992
2023-03-15 09:47:18,20,24,1330,1992
2023-03-15 09:47:19,20,22,1330,1992
2023-03-15 09:47:31,20,24,1330,1992
2023-03-15 09:47:31,21,24,1330,1992
2023-03-15 09:47:31,21,23,1330,1992
2023-03-15 09:47:39,20,23,1330,1992
2023-03-15 09:47:39,21,23,1330,1992
2023-03-15 09:47:48,20,23,1330,1992
2023-03-15 09:47:48,20,24,1330,1992
2023-03-15 09:47:49,20,22,1330,1992
2023-03-15 09:48:23,20,24,1330,1992
2023-03-15 09:48:23,20,22,1330,1992
2023-03-15 09:48:30,20,24,1330,1992
2023-03-15 09:48:30,20,22,1330,1992
2023-03-15 09:48:42,20,24,1330,1992
2023-03-15 09:48:42,20,22,1330,1992
2023-03-15 09:48:49,20,24,1330,1992
2023-03-15 09:48:49,20,22,1330,1992
2023-03-15 09:49:30,20,24,1330,1992
2023-03-15 09:49:30,20,22,1330,1992
2023-03-15 09:49:37,20,24,1330,1992
2023-03-15 09:49:37,20,22,1330,1992
2023-03-15 09:49:47,20,24,1330,1992
2023-03-15 09:49:47,20,22,1330,1992
2023-03-15 09:50:12,20,24,1330,1992
2023-03-15 09:50:12,20,22,1330,1992
2023-03-15 09:50:23,20,24,1330,1992
2023-03-15 09:50:23,20,25,1330,1992
2023-03-15 09:50:23,21,25,1330,1992
2023-03-15 09:50:24,21,23,1330,1992
2023-03-15 09:50:31,21,25,1330,1992
2023-03-15 09:50:31,21,23,1330,1992
2023-03-15 09:50:52,21,25,1330,1992
2023-03-15 09:50:52,21,23,1330,1992
2023-03-15 09:51:04,21,25,1330,1992
2023-03-15 09:51:04,21,23,1330,1992
2023-03-15 09:51:17,21,25,1330,1992
2023-03-15 09:51:18,21,23,1330,1992
2023-03-15 09:51:37,21,25,1330,1992
2023-03-15 09:51:38,21,23,1330,1992
2023-03-15 09:51:54,21,25,1330,1992
2023-03-15 09:51:54,21,23,1330,1992
2023-03-15 09:52:07,22,23,1330,1992
2023-03-15 09:52:19,22,25,1330,1992
2023-03-15 09:52:20,22,24,1330,1992
2023-03-15 09:52:35,22,25,1330,1992
2023-03-15 09:52:36,22,24,1330,1992
2023-03-15 09:52:46,22,25,1330,1992
2023-03-15 09:52:47,22,23,1330,1992
2023-03-15 09:53:17,22,25,1330,1992
2023-03-15 09:53:17,22,24,1330,1992
2023-03-15 09:53:31,22,25,1330,1992
2023-03-15 09:53:31,22,24,1330,1992
2023-03-15 09:53:39,22,25,1330,1992
2023-03-15 09:53:39,22,24,1330,1992
2023-03-15 09:53:48,22,25,1330,1992
2023-03-15 09:53:48,22,24,1330,1992
2023-03-15 09:54:54,22,25,1330,1992
2023-03-15 09:54:55,22,24,1330,1992
2023-03-15 09:55:22,22,25,1330,1992
2023-03-15 09:55:22,22,23,1330,1992
2023-03-15 09:55:38,22,25,1330,1992
2023-03-15 09:55:38,22,23,1330,1992
2023-03-15 09:55:48,22,23,1331,1993
2023-03-15 09:55:49,22,25,1331,1993
2023-03-15 09:55:50,22,23,1331,1993
2023-03-15 09:56:27,22,25,1331,1993
2023-03-15 09:56:27,22,24,1331,1993
2023-03-15 09:56:33,22,25,1331,1993
2023-03-15 09:56:33,22,24,1331,1993
2023-03-15 09:56:40,22,25,1331,1993
2023-03-15 09:56:40,22,24,1331,1993
2023-03-15 09:57:17,22,25,1331,1993
2023-03-15 09:57:17,22,24,1331,1993
2023-03-15 09:57:29,22,25,1331,1993
2023-03-15 09:57:30,22,24,1331,1993
2023-03-15 09:57:42,22,25,1331,1993
2023-03-15 09:57:42,22,24,1331,1993
2023-03-15 09:57:57,22,25,1331,1993
2023-03-15 09:57:57,22,24,1331,1993
2023-03-15 09:58:17,22,25,1331,1993
2023-03-15 09:58:17,22,24,1331,1993
2023-03-15 09:59:22,22,25,1331,1993
2023-03-15 09:59:22,22,24,1331,1993
2023-03-15 09:59:49,22,25,1331,1993
2023-03-15 09:59:49,22,24,1331,1993
2023-03-15 10:00:24,22,25,1331,1993
2023-03-15 10:00:24,22,24,1331,1993
2023-03-15 10:00:49,22,25,1331,1993
2023-03-15 10:02:30,22,24,1331,1993
2023-03-15 10:02:36,22,25,1331,1993
2023-03-15 10:02:37,22,24,1331,1993
2023-03-15 10:02:46,22,25,1331,1993
2023-03-15 10:02:46,22,24,1331,1993
2023-03-15 10:02:51,22,25,1331,1993
2023-03-15 10:02:51,22,24,1331,1993
2023-03-15 10:03:17,22,25,1331,1993
2023-03-15 10:03:17,22,24,1331,1993
2023-03-15 10:03:31,22,25,1331,1993
2023-03-15 10:03:31,22,24,1331,1993
2023-03-15 10:03:50,22,25,1331,1993
2023-03-15 10:03:50,22,24,1331,1993
2023-03-15 10:04:20,22,25,1331,1993
2023-03-15 10:04:21,22,24,1331,1993
2023-03-15 10:04:29,22,25,1331,1993
2023-03-15 10:04:29,22,23,1331,1993
2023-03-15 10:04:50,22,25,1331,1993
2023-03-15 10:04:50,22,23,1331,1993
2023-03-15 10:05:04,21,23,1331,1993
2023-03-15 10:05:21,21,25,1331,1993
2023-03-15 10:05:21,21,22,1331,1993
2023-03-15 10:05:30,21,24,1331,1993
2023-03-15 10:05:30,21,22,1331,1993
2023-03-15 10:05:35,21,24,1331,1993
2023-03-15 10:05:36,21,22,1331,1993
2023-03-15 10:05:48,21,24,1331,1993
2023-03-15 10:05:48,21,25,1331,1993
2023-03-15 10:05:49,21,23,1331,1993
2023-03-15 10:06:20,21,25,1331,1993
2023-03-15 10:06:21,21,23,1331,1993
2023-03-15 10:06:27,21,22,1331,1993
2023-03-15 10:06:41,21,23,1331,1993
2023-03-15 10:06:41,21,25,1331,1993
2023-03-15 10:06:42,21,23,1331,1993
2023-03-15 10:06:50,21,25,1331,1993
2023-03-15 10:06:50,21,23,1331,1993
2023-03-15 10:07:18,21,25,1331,1993
2023-03-15 10:07:18,21,22,1331,1993
2023-03-15 10:07:29,21,25,1331,1993
2023-03-15 10:07:30,21,23,1331,1993
2023-03-15 10:07:38,21,25,1331,1993
2023-03-15 10:07:38,21,23,1331,1993
2023-03-15 10:07:41,20,23,1331,1993
2023-03-15 10:07:46,20,25,1331,1993
2023-03-15 10:07:47,20,24,1331,1993
2023-03-15 10:07:47,20,23,1331,1993
2023-03-15 10:07:47,20,21,1331,1993
2023-03-15 10:08:22,20,23,1331,1993
2023-03-15 10:08:22,20,21,1331,1993
2023-03-15 10:08:29,20,24,1331,1993
2023-03-15 10:08:30,20,22,1331,1993
2023-03-15 10:08:31,21,22,1331,1993
2023-03-15 10:08:52,21,24,1331,1993
2023-03-15 10:08:52,21,22,1331,1993
2023-03-15 10:09:21,21,24,1331,1993
2023-03-15 10:09:21,21,25,1331,1993
2023-03-15 10:09:22,21,23,1331,1993
2023-03-15 10:09:31,21,25,1331,1993
2023-03-15 10:09:31,21,22,1331,1993
2023-03-15 10:09:48,21,25,1331,1993
2023-03-15 10:09:49,21,23,1331,1993
2023-03-15 10:10:22,21,25,1331,1993
2023-03-15 10:10:23,21,23,1331,1993
2023-03-15 10:10:31,21,25,1331,1993
2023-03-15 10:10:31,21,22,1331,1993
2023-03-15 10:11:16,21,25,1331,1993
2023-03-15 10:11:17,21,23,1331,1993
2023-03-15 10:11:52,21,25,1331,1993
2023-03-15 10:11:53,21,23,1331,1993
2023-03-15 10:12:06,22,23,1331,1993
2023-03-15 10:12:17,22,23,1335,1997
2023-03-15 10:12:21,22,25,1335,1997
2023-03-15 10:12:22,22,23,1335,1997
2023-03-15 10:12:30,22,25,1335,1997
2023-03-15 10:12:31,22,23,1335,1997
2023-03-15 10:12:44,22,25,1335,1997
2023-03-15 10:12:44,22,23,1335,1997
2023-03-15 10:12:51,22,23,1339,2001
2023-03-15 10:12:56,22,25,1339,2001
2023-03-15 10:12:56,22,23,1339,2001
2023-03-15 10:13:35,22,25,1339,2001
2023-03-15 10:13:36,22,23,1339,2001
2023-03-15 10:13:44,22,23,1339,2002
2023-03-15 10:13:51,22,24,1339,2002
2023-03-15 10:13:51,22,23,1339,2002
2023-03-15 10:14:20,22,24,1339,2002
2023-03-15 10:14:26,22,25,1339,2002
2023-03-15 10:14:26,22,24,1339,2002
2023-03-15 10:14:32,23,24,1339,2002
2023-03-15 10:14:51,22,24,1339,2002
2023-03-15 10:14:51,22,25,1339,2002
2023-03-15 10:14:51,22,24,1339,2002
2023-03-15 10:14:56,23,24,1339,2002
2023-03-15 10:15:43,23,25,1339,2002
2023-03-15 10:15:44,23,24,1339,2002
2023-03-15 10:15:52,22,24,1339,2002
2023-03-15 10:15:52,22,25,1339,2002
2023-03-15 10:15:52,22,24,1339,2002
2023-03-15 10:15:55,23,24,1339,2002
2023-03-15 10:16:15,22,24,1339,2002
2023-03-15 10:16:16,23,24,1339,2002
2023-03-15 10:16:19,23,25,1339,2002
2023-03-15 10:16:19,23,24,1339,2002
2023-03-15 10:16:44,23,25,1339,2002
2023-03-15 10:16:44,23,24,1339,2002
2023-03-15 10:16:50,23,25,1339,2002
2023-03-15 10:16:50,23,24,1339,2002
2023-03-15 10:17:20,23,25,1339,2002
2023-03-15 10:17:50,22,25,1339,2002
2023-03-15 10:17:50,22,24,1339,2002
2023-03-15 10:17:55,23,24,1339,2002
2023-03-15 10:18:15,22,24,1339,2002
2023-03-15 10:18:20,22,23,1339,2002
2023-03-15 10:18:25,22,24,1339,2002
2023-03-15 10:18:25,22,23,1339,2002
2023-03-15 10:18:25,22,23,1361,2024
2023-03-15 10:18:25,22,24,1361,2024
2023-03-15 10:18:25,22,24,1371,2034
2023-03-15 10:18:32,22,25,1371,2034
2023-03-15 10:18:32,22,24,1371,2034
2023-03-15 10:18:55,23,24,1371,2034
2023-03-15 10:19:03,23,25,1371,2034
2023-03-15 10:19:03,23,24,1371,2034
2023-03-15 10:19:11,22,24,1371,2034
2023-03-15 10:19:15,22,24,1375,2038
2023-03-15 10:19:18,22,25,1375,2038
2023-03-15 10:19:18,23,25,1375,2038
2023-03-15 10:19:38,23,24,1375,2038
2023-03-15 10:19:40,22,24,1375,2038
2023-03-15 10:19:56,22,23,1375,2038
2023-03-15 10:20:16,22,24,1375,2038
2023-03-15 10:20:17,22,23,1375,2038
2023-03-15 10:20:33,22,24,1375,2038
2023-03-15 10:20:33,22,25,1375,2038
2023-03-15 10:20:33,22,24,1375,2038
2023-03-15 10:20:37,22,23,1375,2038
2023-03-15 10:20:57,22,24,1375,2038
2023-03-15 10:20:57,22,23,1375,2038
2023-03-15 10:21:16,22,24,1375,2038
2023-03-15 10:21:17,22,24,1375,2042
2023-03-15 10:21:21,22,25,1375,2042
2023-03-15 10:21:21,22,24,1375,2042
2023-03-15 10:21:27,22,25,1375,2042
2023-03-15 10:21:27,22,24,1375,2042
2023-03-15 10:22:59,22,23,1375,2042
2023-03-15 10:23:18,22,24,1375,2042
2023-03-15 10:23:18,22,23,1375,2042
2023-03-15 10:23:37,22,24,1375,2042
2023-03-15 10:24:56,22,25,1375,2042
2023-03-15 10:25:28,23,25,1375,2042
2023-03-15 10:25:50,22,25,1375,2042
2023-03-15 10:26:16,22,25,1379,2046
2023-03-15 10:26:20,22,27,1379,2046
2023-03-15 10:26:20,23,27,1379,2046
2023-03-15 10:26:20,23,25,1379,2046
2023-03-15 10:26:50,22,25,1379,2046
2023-03-15 10:26:50,22,27,1379,2046
2023-03-15 10:26:51,23,27,1379,2046
2023-03-15 10:26:51,23,25,1379,2046
2023-03-15 10:27:50,23,25,1379,2047
2023-03-15 10:28:30,23,27,1379,2047
2023-03-15 10:28:30,23,25,1379,2047
2023-03-15 10:28:35,23,24,1379,2047
2023-03-15 10:28:39,22,24,1379,2047
2023-03-15 10:28:40,23,24,1379,2047
2023-03-15 10:28:47,22,24,1379,2047
2023-03-15 10:28:53,22,25,1379,2047
2023-03-15 10:28:53,22,27,1379,2047
2023-03-15 10:28:53,22,24,1379,2047
2023-03-15 10:29:37,22,25,1379,2047
2023-03-15 10:29:37,22,24,1379,2047
2023-03-15 10:29:52,22,25,1379,2047
2023-03-15 10:29:56,22,24,1379,2047
2023-03-15 10:30:16,22,25,1379,2047
2023-03-15 10:30:16,22,24,1379,2047
2023-03-15 10:30:20,23,24,1379,2047
2023-03-15 10:30:33,23,25,1379,2047
2023-03-15 10:30:33,22,25,1379,2047
2023-03-15 10:30:34,22,27,1379,2047
2023-03-15 10:30:34,23,27,1379,2047
2023-03-15 10:30:34,23,25,1379,2047
2023-03-15 10:30:36,23,24,1379,2047
2023-03-15 10:30:55,23,25,1379,2047
2023-03-15 10:30:56,23,24,1379,2047
2023-03-15 10:31:16,23,25,1379,2047
2023-03-15 10:31:16,23,24,1379,2047
2023-03-15 10:31:31,23,25,1379,2047
2023-03-15 10:31:33,23,24,1379,2047
2023-03-15 10:31:33,23,24,1379,2071
2023-03-15 10:31:37,23,24,1379,2095
2023-03-15 10:31:54,23,25,1379,2095
2023-03-15 10:31:56,23,24,1379,2095
2023-03-15 10:32:16,23,25,1379,2095
2023-03-15 10:32:16,23,24,1379,2095
2023-03-15 10:32:36,23,25,1379,2095
2023-03-15 10:32:52,23,27,1379,2095
2023-03-15 10:32:52,23,25,1379,2095
2023-03-15 10:33:17,23,24,1379,2095
2023-03-15 10:33:36,23,25,1379,2095
2023-03-15 10:33:37,23,24,1379,2095
2023-03-15 10:33:51,23,25,1379,2095
2023-03-15 10:33:56,23,24,1379,2095
2023-03-15 10:34:16,23,25,1379,2095
2023-03-15 10:34:17,23,24,1379,2095
2023-03-15 10:34:36,23,25,1379,2095
2023-03-15 10:34:37,23,24,1379,2095
2023-03-15 10:34:54,23,25,1379,2095
2023-03-15 10:34:54,23,27,1379,2095
2023-03-15 10:34:54,23,25,1379,2095
2023-03-15 10:35:13,23,27,1379,2095
2023-03-15 10:35:14,23,25,1379,2095
2023-03-15 10:35:33,23,27,1379,2095
2023-03-15 10:35:34,23,26,1379,2095
2023-03-15 10:35:37,23,25,1379,2095
2023-03-15 10:35:55,23,26,1379,2095
2023-03-15 10:35:55,23,25,1379,2095
2023-03-15 10:36:03,23,24,1379,2095
2023-03-15 10:36:05,23,24,1459,2175
2023-03-15 10:36:06,23,25,1459,2175
2023-03-15 10:36:20,23,24,1459,2175
2023-03-15 10:36:38,23,25,1459,2175
2023-03-15 10:36:38,23,24,1459,2175
2023-03-15 10:36:58,23,25,1459,2175
2023-03-15 10:36:58,23,24,1459,2175
2023-03-15 10:37:18,23,25,1459,2175
2023-03-15 10:37:18,23,24,1459,2175
2023-03-15 10:37:38,23,25,1459,2175
2023-03-15 10:37:38,23,24,1459,2175
2023-03-15 10:37:56,23,25,1459,2175
2023-03-15 10:37:58,23,24,1459,2175
2023-03-15 10:38:15,23,25,1459,2175
2023-03-15 10:38:18,23,24,1459,2175
2023-03-15 10:38:38,23,25,1459,2175
2023-03-15 10:38:38,23,24,1459,2175
2023-03-15 10:38:53,23,25,1459,2175
2023-03-15 10:38:58,23,24,1459,2175
2023-03-15 10:39:13,23,25,1459,2175
2023-03-15 10:39:18,23,24,1459,2175
2023-03-15 10:39:36,23,25,1459,2175
2023-03-15 10:39:40,23,24,1459,2175
2023-03-15 10:39:56,23,25,1459,2175
2023-03-15 10:39:59,23,24,1459,2175
2023-03-15 10:40:19,23,25,1459,2175
2023-03-15 10:40:19,23,24,1459,2175
2023-03-15 10:40:39,23,25,1459,2175
2023-03-15 10:40:39,23,24,1459,2175
2023-03-15 10:40:59,23,25,1459,2175
2023-03-15 10:40:59,23,24,1459,2175
2023-03-15 10:41:19,23,25,1459,2175
2023-03-15 10:41:19,23,24,1459,2175
2023-03-15 10:41:37,23,26,1459,2175
2023-03-15 10:41:39,23,24,1459,2175
2023-03-15 10:41:54,23,27,1459,2175
2023-03-15 10:41:54,23,26,1459,2175
2023-03-15 10:41:59,23,24,1459,2175
2023-03-15 10:42:18,23,26,1459,2175
2023-03-15 10:42:18,23,27,1459,2175
2023-03-15 10:42:19,23,26,1459,2175
2023-03-15 10:42:19,23,24,1459,2175
2023-03-15 10:42:39,23,26,1459,2175
2023-03-15 10:42:39,23,24,1459,2175
2023-03-15 10:43:01,23,26,1459,2175
2023-03-15 10:43:01,23,24,1459,2175
2023-03-15 10:43:19,23,26,1459,2175
2023-03-15 10:43:20,23,24,1459,2175
2023-03-15 10:43:30,24,27,1455,2179
2023-03-15 10:43:30,24,26,1455,2179
2023-03-15 10:43:39,24,25,1455,2179
2023-03-15 10:43:58,24,26,1455,2179
2023-03-15 10:43:58,24,27,1455,2179
2023-03-15 10:43:58,24,26,1455,2179
2023-03-15 10:44:00,24,25,1455,2179
2023-03-15 10:44:19,24,26,1455,2179
2023-03-15 10:44:20,24,25,1455,2179
2023-03-15 10:44:39,24,26,1455,2179
2023-03-15 10:44:39,23,26,1455,2179
2023-03-15 10:44:39,24,26,1455,2179
2023-03-15 10:44:40,24,25,1455,2179
2023-03-15 10:44:46,23,25,1455,2179
2023-03-15 10:44:47,24,25,1455,2179
2023-03-15 10:44:55,24,28,1455,2179
2023-03-15 10:44:55,24,26,1455,2179
2023-03-15 10:44:59,24,25,1455,2179
2023-03-15 10:45:18,23,26,1455,2179
2023-03-15 10:45:18,23,28,1455,2179
2023-03-15 10:45:19,24,28,1455,2179
2023-03-15 10:45:19,24,26,1455,2179
2023-03-15 10:45:20,24,25,1455,2179
2023-03-15 10:45:40,24,26,1455,2179
2023-03-15 10:45:40,24,25,1455,2179
2023-03-15 10:45:44,23,25,1455,2179
2023-03-15 10:45:44,24,25,1455,2179
2023-03-15 10:45:51,23,25,1455,2179
2023-03-15 10:45:51,24,25,1455,2179
2023-03-15 10:46:00,24,26,1455,2179
2023-03-15 10:46:00,24,25,1455,2179
2023-03-15 10:46:22,24,26,1455,2179
2023-03-15 10:46:22,24,28,1455,2179
2023-03-15 10:46:22,24,25,1455,2179
2023-03-15 10:46:37,24,28,1455,2179
2023-03-15 10:46:37,24,26,1455,2179
2023-03-15 10:46:41,24,26,1451,2183
2023-03-15 10:46:57,24,28,1451,2183
2023-03-15 10:46:57,24,26,1451,2183
2023-03-15 10:47:36,24,28,1451,2183
2023-03-15 10:47:36,24,26,1451,2183
2023-03-15 10:47:58,23,26,1451,2183
2023-03-15 10:47:58,23,28,1451,2183
2023-03-15 10:47:58,24,28,1451,2183
2023-03-15 10:47:58,24,26,1451,2183
2023-03-15 10:48:59,24,27,1451,2183
2023-03-15 10:49:01,24,26,1451,2183
2023-03-15 10:49:19,24,27,1451,2183
2023-03-15 10:49:19,24,28,1451,2183
2023-03-15 10:49:19,24,27,1451,2183
2023-03-15 10:49:21,24,26,1451,2183
2023-03-15 10:49:43,24,27,1451,2183
2023-03-15 10:49:43,24,26,1451,2183
2023-03-15 10:50:01,24,27,1451,2183
2023-03-15 10:50:02,24,26,1451,2183
2023-03-15 10:50:21,24,27,1451,2183
2023-03-15 10:50:21,23,27,1451,2183
2023-03-15 10:50:21,23,28,1451,2183
2023-03-15 10:50:22,24,28,1451,2183
2023-03-15 10:50:22,24,27,1451,2183
2023-03-15 10:50:22,24,26,1451,2183
2023-03-15 10:50:39,24,27,1451,2183
2023-03-15 10:50:40,24,26,1451,2183
2023-03-15 10:51:00,24,27,1451,2183
2023-03-15 10:51:01,24,27,1451,2183
2023-03-15 10:51:17,24,27,1451,2183
2023-03-15 10:51:17,23,27,1451,2183
2023-03-15 10:51:18,24,27,1451,2183
2023-03-15 10:51:18,24,26,1451,2183
2023-03-15 10:51:21,24,27,1451,2183
2023-03-15 10:51:21,24,26,1451,2183
2023-03-15 10:51:21,24,27,1451,2183
2023-03-15 10:51:22,24,26,1451,2183
2023-03-15 10:51:41,24,27,1451,2183
2023-03-15 10:51:42,24,26,1451,2183
2023-03-15 10:52:01,24,27,1451,2183
2023-03-15 10:52:02,24,26,1451,2183
2023-03-15 10:52:16,23,27,1451,2183
2023-03-15 10:52:16,24,27,1451,2183
2023-03-15 10:52:22,24,26,1451,2183
2023-03-15 10:52:41,24,27,1451,2183
2023-03-15 10:52:41,24,26,1451,2183
2023-03-15 10:52:58,24,27,1451,2183
2023-03-15 10:53:04,24,26,1451,2183
2023-03-15 10:53:22,24,27,1451,2183
2023-03-15 10:53:23,24,26,1451,2183
2023-03-15 10:53:25,25,26,1451,2183
2023-03-15 10:53:31,24,26,1451,2183
2023-03-15 10:53:32,25,26,1451,2183
2023-03-15 10:53:42,25,27,1451,2183
2023-03-15 10:53:42,25,26,1451,2183
2023-03-15 10:53:48,24,26,1451,2183
2023-03-15 10:53:48,25,26,1451,2183
2023-03-15 10:53:59,25,27,1451,2183
2023-03-15 10:53:59,25,28,1451,2183
2023-03-15 10:54:00,25,27,1451,2183
2023-03-15 10:54:02,25,28,1451,2183
2023-03-15 10:54:03,25,26,1451,2183
2023-03-15 10:54:18,25,27,1451,2183
2023-03-15 10:54:20,25,28,1451,2183
2023-03-15 10:54:20,24,28,1451,2183
2023-03-15 10:54:21,25,28,1451,2183
2023-03-15 10:54:23,25,26,1451,2183
2023-03-15 10:54:42,25,28,1451,2183
2023-03-15 10:54:43,25,28,1447,2187
2023-03-15 10:54:49,23,28,1447,2187
2023-03-15 10:54:50,25,28,1447,2187
2023-03-15 10:54:50,25,27,1447,2187
2023-03-15 10:55:03,25,26,1447,2187
2023-03-15 10:55:23,25,27,1447,2187
2023-03-15 10:55:23,25,26,1447,2187
2023-03-15 10:55:26,24,26,1447,2187
2023-03-15 10:55:26,25,26,1447,2187
2023-03-15 10:55:32,24,26,1447,2187
2023-03-15 10:55:33,25,26,1447,2187
2023-03-15 10:55:42,25,27,1447,2187
2023-03-15 10:56:58,23,27,1447,2187
2023-03-15 10:56:59,25,27,1447,2187
2023-03-15 10:57:03,25,26,1447,2187
2023-03-15 10:57:19,23,27,1447,2187
2023-03-15 10:57:19,25,27,1447,2187
2023-03-15 10:57:24,25,26,1447,2187
2023-03-15 10:57:29,24,26,1447,2187
2023-03-15 10:57:29,25,26,1447,2187
2023-03-15 10:57:43,25,27,1447,2187
2023-03-15 10:57:43,25,26,1447,2187
2023-03-15 10:58:03,25,27,1447,2187
2023-03-15 10:58:03,25,26,1447,2187
2023-03-15 10:58:17,24,26,1447,2187
2023-03-15 10:58:18,23,26,1447,2187
2023-03-15 10:58:18,25,26,1447,2187
2023-03-15 10:58:23,25,26,1447,2191
2023-03-15 10:58:33,23,26,1447,2191
2023-03-15 10:58:33,24,26,1447,2191
2023-03-15 10:59:03,25,26,1447,2191
2023-03-15 10:59:21,24,26,1447,2191
2023-03-15 10:59:21,22,26,1447,2191
2023-03-15 10:59:21,24,26,1447,2191
2023-03-15 10:59:46,22,26,1447,2191
2023-03-15 10:59:46,24,26,1447,2191
2023-03-15 11:00:04,22,26,1447,2191
2023-03-15 11:00:05,24,26,1447,2191
2023-03-15 11:00:34,24,25,1447,2191
2023-03-15 11:00:36,24,26,1447,2191
2023-03-15 11:00:45,25,26,1447,2191
2023-03-15 11:01:00,24,25,1447,2191
2023-03-15 11:01:05,24,25,1447,2195
2023-03-15 11:01:05,24,26,1447,2195
2023-03-15 11:01:05,24,25,1447,2195
2023-03-15 11:01:18,24,26,1447,2195
2023-03-15 11:01:20,22,26,1447,2195
2023-03-15 11:01:20,22,27,1447,2195
2023-03-15 11:01:20,25,27,1447,2195
2023-03-15 11:01:24,25,26,1447,2195
2023-03-15 11:01:26,25,26,1447,2199
2023-03-15 11:01:28,25,26,1463,2216
2023-03-15 11:01:28,24,25,1475,2228
2023-03-15 11:01:49,25,26,1480,2233
2023-03-15 11:02:05,25,27,1480,2233
2023-03-15 11:02:05,25,26,1480,2233
2023-03-15 11:02:25,25,27,1480,2233
2023-03-15 11:02:25,25,26,1480,2233
2023-03-15 11:02:29,24,26,1480,2233
2023-03-15 11:02:30,25,26,1480,2233
2023-03-15 11:02:36,24,26,1480,2233
2023-03-15 11:02:36,25,26,1480,2233
2023-03-15 11:02:42,25,27,1480,2233
2023-03-15 11:02:45,25,26,1480,2233
2023-03-15 11:02:51,24,26,1480,2233
2023-03-15 11:02:52,25,26,1480,2233
2023-03-15 11:03:42,24,26,1480,2233
2023-03-15 11:04:27,24,25,1480,2233
2023-03-15 11:04:31,23,25,1480,2233
2023-03-15 11:04:32,24,25,1480,2233
2023-03-15 11:04:38,23,25,1480,2233
2023-03-15 11:04:39,24,25,1480,2233
2023-03-15 11:04:47,24,26,1480,2233
2023-03-15 11:04:47,24,25,1480,2233
2023-03-15 11:05:06,24,26,1480,2233
2023-03-15 11:05:19,25,26,1480,2233
2023-03-15 11:05:28,24,26,1480,2233
2023-03-15 11:05:28,25,26,1480,2233
2023-03-15 11:06:19,24,26,1480,2233
2023-03-15 11:06:29,24,25,1480,2233
2023-03-15 11:06:39,23,25,1480,2233
2023-03-15 11:06:40,24,25,1480,2233
2023-03-15 11:06:47,24,26,1480,2233
2023-03-15 11:06:48,24,25,1480,2233
2023-03-15 11:07:05,24,26,1480,2233
2023-03-15 11:07:08,24,25,1480,2233
2023-03-15 11:07:15,23,25,1480,2233
2023-03-15 11:07:29,23,24,1480,2233
2023-03-15 11:07:29,22,24,1480,2233
2023-03-15 11:07:30,23,24,1480,2233
2023-03-15 11:07:47,23,25,1480,2233
2023-03-15 11:07:48,23,24,1480,2233
2023-03-15 11:07:52,22,24,1480,2233
2023-03-15 11:07:52,23,24,1480,2233
2023-03-15 11:08:08,23,25,1480,2233
2023-03-15 11:08:08,23,24,1480,2233
2023-03-15 11:08:21,22,24,1480,2233
2023-03-15 11:08:21,23,24,1480,2233
2023-03-15 11:08:27,23,25,1480,2233
2023-03-15 11:08:45,21,25,1480,2233
2023-03-15 11:08:46,23,25,1480,2233
2023-03-15 11:08:52,24,25,1480,2233
2023-03-15 11:09:06,24,26,1480,2233
2023-03-15 11:09:08,24,25,1480,2233
2023-03-15 11:09:22,24,26,1480,2233
2023-03-15 11:09:22,22,26,1480,2233
2023-03-15 11:09:22,24,26,1480,2233
2023-03-15 11:11:09,24,25,1480,2233
2023-03-15 11:11:29,24,26,1480,2233
2023-03-15 11:11:29,24,25,1480,2233
2023-03-15 11:11:48,24,26,1480,2233
2023-03-15 11:11:49,24,25,1480,2233
2023-03-15 11:13:12,24,25,1484,2237
2023-03-15 11:14:44,24,25,1485,2241
2023-03-15 11:14:50,23,25,1485,2241
2023-03-15 11:15:16,23,24,1485,2241
2023-03-15 11:15:20,23,25,1485,2241
2023-03-15 11:15:20,23,24,1485,2241
2023-03-15 11:15:31,23,25,1485,2241
2023-03-15 11:15:31,23,24,1485,2241
2023-03-15 11:15:50,23,25,1485,2241
2023-03-15 11:17:17,24,25,1485,2241
2023-03-15 11:17:28,23,25,1485,2241
2023-03-15 11:17:29,24,25,1485,2241
2023-03-15 11:17:48,23,25,1485,2241
2023-03-15 11:17:48,24,25,1485,2241
2023-03-15 11:18:20,23,25,1485,2241
2023-03-15 11:19:40,23,24,1485,2241
2023-03-15 11:19:40,23,25,1485,2241
2023-03-15 11:19:40,23,24,1485,2241
2023-03-15 11:21:02,23,24,1285,2441
2023-03-15 11:21:09,24,25,1285,2441
2023-03-15 11:21:13,23,25,1285,2441
2023-03-15 11:21:39,24,25,1285,2441
2023-03-15 11:21:40,25,26,1285,2445
2023-03-15 11:21:41,24,26,1285,2445
2023-03-15 11:21:49,24,30,1285,2445
2023-03-15 11:21:50,24,29,1285,2445
2023-03-15 11:21:50,24,28,1285,2445
2023-03-15 11:21:50,24,26,1285,2445
2023-03-15 11:22:12,25,27,1285,2445
2023-03-15 11:22:17,25,26,1285,2445
2023-03-15 11:22:31,24,26,1285,2445
2023-03-15 11:22:31,25,26,1285,2445
2023-03-15 11:22:42,25,27,1285,2445
2023-03-15 11:22:43,25,26,1285,2445
2023-03-15 11:22:49,24,26,1285,2445
2023-03-15 11:22:49,23,26,1285,2445
2023-03-15 11:22:49,23,28,1285,2445
2023-03-15 11:22:49,24,28,1285,2445
2023-03-15 11:22:49,24,26,1285,2445
2023-03-15 11:22:52,25,26,1285,2445
2023-03-15 11:23:16,25,27,1285,2445
2023-03-15 11:23:17,25,26,1285,2445
2023-03-15 11:23:32,24,26,1285,2445
2023-03-15 11:23:32,24,28,1285,2445
2023-03-15 11:23:32,24,27,1285,2445
2023-03-15 11:23:32,24,26,1285,2445
2023-03-15 11:23:35,25,26,1285,2445
2023-03-15 11:23:38,25,27,1285,2445
2023-03-15 11:23:39,25,26,1285,2445
2023-03-15 11:23:50,24,26,1285,2445
2023-03-15 11:23:51,24,28,1285,2445
2023-03-15 11:23:51,24,27,1285,2445
2023-03-15 11:23:51,25,27,1285,2445
2023-03-15 11:23:53,25,27,1289,2449
2023-03-15 11:24:13,25,28,1289,2449
2023-03-15 11:24:13,25,27,1289,2449
2023-03-15 11:24:13,26,27,1289,2449
2023-03-15 11:24:24,26,28,1289,2449
2023-03-15 11:24:25,26,27,1289,2449
2023-03-15 11:24:33,25,27,1289,2449
2023-03-15 11:24:51,25,29,1289,2449
2023-03-15 11:24:51,25,27,1289,2449
2023-03-15 11:24:54,26,27,1289,2449
2023-03-15 11:25:10,25,26,1289,2449
2023-03-15 11:25:11,25,27,1289,2449
2023-03-15 11:25:31,24,27,1289,2449
2023-03-15 11:25:31,24,28,1289,2449
2023-03-15 11:25:31,24,27,1289,2449
2023-03-15 11:25:31,25,27,1289,2449
2023-03-15 11:25:48,25,26,1289,2449
2023-03-15 11:25:51,25,27,1289,2449
2023-03-15 11:25:51,25,26,1289,2449
2023-03-15 11:25:51,25,27,1289,2449
2023-03-15 11:25:51,25,26,1289,2449
2023-03-15 11:25:52,25,26,1293,2453
2023-03-15 11:25:52,25,26,1305,2465
2023-03-15 11:25:52,25,27,1305,2465
2023-03-15 11:25:53,25,26,1305,2465
2023-03-15 11:25:59,24,26,1305,2465
2023-03-15 11:25:59,25,26,1305,2465
2023-03-15 11:26:13,24,26,1305,2465
2023-03-15 11:26:13,24,27,1305,2465
2023-03-15 11:26:13,24,26,1305,2465
2023-03-15 11:26:30,24,28,1305,2465
2023-03-15 11:26:30,24,26,1305,2465
2023-03-15 11:26:36,25,26,1305,2465
2023-03-15 11:26:44,25,27,1305,2465
2023-03-15 11:26:44,25,26,1305,2465
2023-03-15 11:26:50,23,26,1305,2465
2023-03-15 11:26:50,23,27,1305,2465
2023-03-15 11:26:51,24,28,1305,2465
2023-03-15 11:26:51,24,26,1305,2465
2023-03-15 11:26:53,25,26,1305,2465
2023-03-15 11:27:14,24,26,1305,2465
2023-03-15 11:27:53,23,26,1305,2465
2023-03-15 11:27:54,24,26,1305,2465
2023-03-15 11:28:14,25,26,1305,2465
2023-03-15 11:28:21,25,27,1305,2465
2023-03-15 11:28:33,26,27,1305,2465
2023-03-15 11:28:42,26,28,1305,2465
2023-03-15 11:28:42,26,27,1305,2465
2023-03-15 11:28:51,24,27,1305,2465
2023-03-15 11:28:52,25,27,1305,2465
2023-03-15 11:29:30,24,27,1305,2465
2023-03-15 11:29:30,24,26,1305,2465
2023-03-15 11:29:33,25,26,1305,2465
2023-03-15 11:29:42,25,27,1305,2465
2023-03-15 11:29:42,25,26,1305,2465
2023-03-15 11:29:51,24,26,1305,2465
2023-03-15 11:29:52,24,27,1305,2465
2023-03-15 11:29:52,24,26,1305,2465
2023-03-15 11:29:56,25,26,1305,2465
2023-03-15 11:30:19,25,27,1305,2465
2023-03-15 11:30:54,24,27,1305,2465
2023-03-15 11:30:54,24,26,1305,2465
2023-03-15 11:31:14,24,27,1305,2465
2023-03-15 11:31:14,24,26,1305,2465
2023-03-15 11:31:29,23,27,1305,2465
2023-03-15 11:31:29,23,26,1305,2465
2023-03-15 11:31:34,24,26,1305,2465
2023-03-15 11:31:34,24,27,1305,2465
2023-03-15 11:31:34,24,26,1305,2465
2023-03-15 11:31:54,23,26,1305,2465
2023-03-15 11:31:55,23,25,1305,2465
2023-03-15 11:32:14,24,25,1305,2465
2023-03-15 11:32:22,25,26,1277,2638
2023-03-15 11:32:28,24,26,1277,2638
2023-03-15 11:32:30,23,26,1277,2638
2023-03-15 11:32:34,25,26,1277,2638
2023-03-15 11:32:37,25,27,1277,2638
2023-03-15 11:32:37,25,26,1277,2638
2023-03-15 11:32:55,25,27,1277,2638
2023-03-15 11:33:15,24,27,1277,2638
2023-03-15 11:33:15,24,28,1277,2638
2023-03-15 11:33:16,25,28,1277,2638
2023-03-15 11:33:17,25,27,1277,2638
2023-03-15 11:33:33,25,28,1277,2638
2023-03-15 11:33:33,25,27,1277,2638
2023-03-15 11:33:51,24,27,1277,2638
2023-03-15 11:33:51,24,28,1277,2638
2023-03-15 11:33:51,25,28,1277,2638
2023-03-15 11:33:55,25,27,1277,2638
2023-03-15 11:34:15,25,28,1277,2638
2023-03-15 11:34:15,25,27,1277,2638
2023-03-15 11:36:14,24,27,1277,2638
2023-03-15 11:36:14,24,28,1277,2638
2023-03-15 11:36:14,25,28,1277,2638
2023-03-15 11:36:15,25,27,1277,2638
2023-03-15 11:36:34,24,27,1277,2638
2023-03-15 11:36:34,25,27,1277,2638
2023-03-15 11:36:37,26,27,1277,2638
2023-03-15 11:36:40,26,28,1277,2638
2023-03-15 11:36:52,25,28,1277,2638
2023-03-15 11:36:56,25,27,1277,2638
2023-03-15 11:37:15,25,28,1277,2638
2023-03-15 11:37:16,25,27,1277,2638
2023-03-15 11:37:31,25,28,1277,2638
2023-03-15 11:37:31,24,28,1277,2638
2023-03-15 11:37:32,25,28,1277,2638
2023-03-15 11:37:35,26,28,1277,2638
2023-03-15 11:37:51,25,28,1277,2638
2023-03-15 11:37:52,26,28,1277,2638
2023-03-15 11:38:16,25,28,1277,2638
2023-03-15 11:38:16,24,28,1277,2638
2023-03-15 11:38:16,26,28,1277,2638
2023-03-15 11:38:30,25,28,1277,2638
2023-03-15 11:38:30,25,27,1277,2638
2023-03-15 11:39:23,25,26,1277,2638
2023-03-15 11:39:32,23,26,1277,2638
2023-03-15 11:39:32,23,27,1277,2638
2023-03-15 11:39:32,25,27,1277,2638
2023-03-15 11:39:32,25,26,1277,2638
2023-03-15 11:39:40,25,27,1277,2638
2023-03-15 11:39:49,26,27,1277,2638
2023-03-15 11:39:58,26,28,1277,2638
2023-03-15 11:40:32,25,28,1277,2638
2023-03-15 11:40:43,25,27,1277,2638
2023-03-15 11:41:02,25,26,1277,2638
2023-03-15 11:41:04,24,26,1277,2704
2023-03-15 11:41:04,24,25,1277,2704
2023-03-15 11:41:05,25,26,1277,2708
2023-03-15 11:41:05,24,26,1272,2770
2023-03-15 11:41:21,24,25,1272,2770
2023-03-15 11:41:26,24,25,1276,2774
2023-03-15 11:41:33,23,25,1276,2774
2023-03-15 11:41:33,23,24,1276,2774
2023-03-15 11:41:43,23,25,1276,2774
2023-03-15 11:41:43,23,24,1276,2774
2023-03-15 11:41:56,23,25,1276,2774
2023-03-15 11:41:57,23,24,1276,2774
2023-03-15 11:41:57,23,25,1276,2774
2023-03-15 11:41:57,21,23,1276,2779
2023-03-15 11:42:01,21,23,1272,2783
2023-03-15 11:42:19,20,23,1272,2783
2023-03-15 11:42:19,20,24,1272,2783
2023-03-15 11:42:19,21,24,1272,2783
2023-03-15 11:42:21,23,24,1272,2783
2023-03-15 11:42:39,21,24,1272,2783
2023-03-15 11:42:41,20,24,1272,2783
2023-03-15 11:42:41,20,25,1272,2783
2023-03-15 11:42:41,23,25,1272,2783
2023-03-15 11:42:41,23,24,1272,2783
2023-03-15 11:43:17,21,24,1272,2783
2023-03-15 11:43:24,22,24,1272,2783
2023-03-15 11:43:34,22,23,1272,2783
2023-03-15 11:43:42,21,23,1268,2787
2023-03-15 11:43:42,23,25,1327,2849
2023-03-15 11:43:42,23,24,1327,2849
2023-03-15 11:43:44,23,25,1327,2849
2023-03-15 11:43:44,23,24,1327,2849
2023-03-15 11:43:47,21,23,1327,2849
2023-03-15 11:43:50,21,24,1327,2849
2023-03-15 11:43:50,23,24,1327,2849
2023-03-15 11:43:51,23,24,1364,2886
2023-03-15 11:44:02,22,24,1364,2886
2023-03-15 11:44:18,21,24,1364,2886
2023-03-15 11:44:18,21,25,1364,2886
2023-03-15 11:44:18,21,24,1364,2886
2023-03-15 11:44:18,21,25,1364,2886
2023-03-15 11:44:19,21,24,1364,2886
2023-03-15 11:44:19,22,24,1364,2886
2023-03-15 11:44:41,22,25,1364,2886
2023-03-15 11:44:41,22,24,1364,2886
2023-03-15 11:45:21,21,24,1364,2886
2023-03-15 11:45:22,21,23,1364,2886
2023-03-15 11:45:37,19,23,1364,2886
2023-03-15 11:45:37,19,24,1364,2886
2023-03-15 11:45:37,20,24,1364,2886
2023-03-15 11:45:37,20,23,1364,2886
2023-03-15 11:45:42,21,23,1364,2886
2023-03-15 11:46:02,20,23,1364,2886
2023-03-15 11:46:02,20,22,1364,2886
2023-03-15 11:46:18,19,23,1364,2886
2023-03-15 11:46:18,20,23,1364,2886
2023-03-15 11:46:18,20,22,1364,2886
2023-03-15 11:46:22,21,22,1364,2886
2023-03-15 11:46:37,20,22,1364,2886
2023-03-15 11:46:43,19,22,1364,2886
2023-03-15 11:46:43,19,24,1364,2886
2023-03-15 11:46:44,19,23,1364,2886
2023-03-15 11:46:44,20,23,1364,2886
2023-03-15 11:46:44,20,22,1364,2886
2023-03-15 11:46:44,21,22,1364,2886
2023-03-15 11:46:55,21,23,1364,2886
2023-03-15 11:46:59,20,22,1364,2886
2023-03-15 11:47:01,20,23,1364,2886
2023-03-15 11:47:01,20,22,1364,2886
2023-03-15 11:47:01,20,22,1404,2985
2023-03-15 11:47:09,20,22,1495,3077
2023-03-15 11:47:09,20,22,1587,3169
2023-03-15 11:47:14,19,22,1587,3169
2023-03-15 11:47:22,19,20,1587,3169
2023-03-15 11:47:42,19,20,1588,3173
2023-03-15 11:47:44,19,21,1588,3173
2023-03-15 11:47:44,17,19,1588,3194
2023-03-15 11:47:59,17,21,1588,3194
2023-03-15 11:48:00,17,19,1588,3194
2023-03-15 11:48:03,17,18,1588,3194
2023-03-15 11:48:06,18,19,1592,3198
2023-03-15 11:48:09,19,21,1596,3387
2023-03-15 11:48:10,18,19,1596,3398
2023-03-15 11:48:16,17,19,1596,3398
2023-03-15 11:48:20,17,19,1793,3598
2023-03-15 11:48:22,17,19,1793,3602
2023-03-15 11:48:26,19,21,1794,3603
2023-03-15 11:48:26,19,20,1794,3603
2023-03-15 11:48:27,19,22,1794,3603
2023-03-15 11:48:28,19,21,1794,3603
2023-03-15 11:48:28,19,21,1828,3637
2023-03-15 11:48:28,19,20,1828,3637
2023-03-15 11:48:29,19,21,1828,3637
2023-03-15 11:48:36,18,21,1828,3637
2023-03-15 11:48:42,18,20,1828,3637
2023-03-15 11:48:43,19,20,1828,3637
2023-03-15 11:48:55,20,21,1832,3641
2023-03-15 11:48:56,20,23,1832,3641
2023-03-15 11:48:56,20,21,1832,3641
2023-03-15 11:49:18,18,21,1832,3641
2023-03-15 11:49:18,18,23,1832,3641
2023-03-15 11:49:19,19,23,1832,3641
2023-03-15 11:49:19,19,22,1832,3641
2023-03-15 11:49:22,19,21,1832,3641
2023-03-15 11:49:22,20,21,1832,3641
2023-03-15 11:50:02,19,21,1832,3641
2023-03-15 11:50:05,20,21,1832,3641
2023-03-15 11:50:21,19,21,1832,3641
2023-03-15 11:50:23,19,21,1832,3645
2023-03-15 11:50:30,19,23,1832,3645
2023-03-15 11:50:30,20,23,1832,3645
2023-03-15 11:50:30,20,22,1832,3645
2023-03-15 11:50:31,21,22,1832,3645
2023-03-15 11:50:35,20,23,1896,3709
2023-03-15 11:50:39,20,24,1896,3709
2023-03-15 11:50:42,19,24,1896,3709
2023-03-15 11:50:42,21,24,1896,3709
2023-03-15 11:50:42,21,23,1896,3709
2023-03-15 11:51:03,21,22,1896,3709
2023-03-15 11:51:19,21,23,1896,3709
2023-03-15 11:51:19,20,23,1896,3709
2023-03-15 11:51:19,20,24,1896,3709
2023-03-15 11:51:19,21,24,1896,3709
2023-03-15 11:51:23,21,22,1896,3709
2023-03-15 11:51:42,21,24,1896,3709
2023-03-15 11:51:42,20,24,1896,3709
2023-03-15 11:51:42,21,24,1896,3709
2023-03-15 11:51:43,21,23,1896,3709
2023-03-15 11:51:58,21,24,1896,3709
2023-03-15 11:51:58,20,24,1896,3709
2023-03-15 11:51:58,22,24,1896,3709
2023-03-15 11:52:03,22,23,1896,3709
2023-03-15 11:52:23,22,24,1896,3709
2023-03-15 11:52:23,22,23,1896,3709
2023-03-15 11:52:35,21,23,1896,3709
2023-03-15 11:52:35,22,23,1896,3709
2023-03-15 11:52:41,22,24,1896,3709
2023-03-15 11:53:03,22,23,1896,3709
2023-03-15 11:53:18,21,25,1896,3709
2023-03-15 11:53:19,22,25,1896,3709
2023-03-15 11:53:19,22,24,1896,3709
2023-03-15 11:53:25,22,23,1896,3709
2023-03-15 11:53:35,21,23,1896,3709
2023-03-15 11:53:35,22,23,1896,3709
2023-03-15 11:53:43,22,24,1896,3709
2023-03-15 11:53:43,22,23,1896,3709
2023-03-15 11:53:52,21,23,1896,3709
2023-03-15 11:53:52,22,23,1896,3709
2023-03-15 11:54:03,23,25,1896,3709
2023-03-15 11:54:15,24,25,1896,3709
2023-03-15 11:54:23,24,26,1896,3709
2023-03-15 11:54:23,24,26,1896,3713
2023-03-15 11:54:32,22,26,1896,3713
2023-03-15 11:54:33,23,26,1896,3713
2023-03-15 11:54:33,23,25,1896,3713
2023-03-15 11:54:38,22,25,1896,3713
2023-03-15 11:54:38,22,26,1896,3713
2023-03-15 11:54:38,23,26,1896,3713
2023-03-15 11:54:43,24,26,1896,3713
2023-03-15 11:55:03,24,27,1896,3713
2023-03-15 11:55:04,24,26,1896,3713
2023-03-15 11:55:06,25,26,1896,3713
2023-03-15 11:55:18,23,27,1896,3713
2023-03-15 11:55:18,24,27,1896,3713
2023-03-15 11:55:23,24,26,1896,3713
2023-03-15 11:55:43,24,27,1896,3713
2023-03-15 11:55:43,23,27,1896,3713
2023-03-15 11:55:43,24,27,1896,3713
2023-03-15 11:55:43,24,26,1896,3713
2023-03-15 11:56:03,24,27,1896,3713
2023-03-15 11:56:03,24,26,1896,3713
2023-03-15 11:56:23,24,27,1896,3713
2023-03-15 11:56:23,24,26,1896,3713
2023-03-15 11:57:04,24,27,1896,3713
2023-03-15 11:57:04,24,26,1896,3713
2023-03-15 11:57:22,23,27,1896,3713
2023-03-15 11:57:22,24,27,1896,3713
2023-03-15 11:57:22,24,26,1896,3713
2023-03-15 11:57:40,23,26,1896,3713
2023-03-15 11:57:40,23,27,1896,3713
2023-03-15 11:57:40,24,27,1896,3713
2023-03-15 11:57:43,24,26,1896,3713
2023-03-15 11:58:32,24,25,1896,3713
2023-03-15 11:58:46,24,25,1896,3759
2023-03-15 11:58:46,24,25,1896,3805
2023-03-15 11:58:50,24,26,1896,3805
2023-03-15 11:58:50,24,25,1896,3805
2023-03-15 11:58:51,24,26,1896,3805
2023-03-15 11:58:58,24,25,1896,3805
2023-03-15 11:59:01,24,26,1896,3805
2023-03-15 11:59:08,24,25,1896,3805
2023-03-15 11:59:12,24,26,1896,3805
2023-03-15 11:59:43,24,27,1896,3805
2023-03-15 11:59:43,24,26,1896,3805
2023-03-15 11:59:46,25,26,1896,3805
2023-03-15 12:00:05,25,27,1896,3805
2023-03-15 12:00:06,25,26,1896,3805
2023-03-15 12:00:27,24,25,1859,3842
2023-03-15 12:00:37,24,26,1859,3842
2023-03-15 12:00:44,25,26,1859,3842
2023-03-15 12:01:04,24,26,1859,3842
2023-03-15 12:02:24,24,25,1859,3842
2023-03-15 12:02:31,23,25,1859,3842
2023-03-15 12:02:32,24,25,1859,3842
2023-03-15 12:02:39,24,26,1859,3842
2023-03-15 12:03:19,23,26,1859,3842
2023-03-15 12:03:27,23,25,1859,3842
2023-03-15 12:03:44,24,26,1859,3842
2023-03-15 12:04:25,24,26,1859,3846
2023-03-15 12:04:25,25,26,1859,3846
2023-03-15 12:04:41,25,27,1859,3846
2023-03-15 12:04:42,25,29,1859,3846
2023-03-15 12:04:42,25,28,1859,3846
2023-03-15 12:04:42,25,29,1859,3846
2023-03-15 12:04:42,26,29,1859,3846
2023-03-15 12:04:42,26,28,1859,3846
2023-03-15 12:04:53,26,27,1859,3846
2023-03-15 12:05:04,26,27,1859,3850
2023-03-15 12:05:04,26,28,1859,3850
2023-03-15 12:05:14,27,28,1859,3850
2023-03-15 12:05:15,27,28,1885,3921
2023-03-15 12:05:16,26,28,1944,3980
2023-03-15 12:05:16,26,27,1944,3980
2023-03-15 12:05:20,26,28,1944,3980
2023-03-15 12:05:20,27,28,1944,3980
2023-03-15 12:05:27,27,28,1944,4030
2023-03-15 12:05:34,27,29,1944,4030
2023-03-15 12:05:35,28,29,1944,4030
2023-03-15 12:05:38,28,29,1944,4058
2023-03-15 12:05:44,26,29,1944,4058
2023-03-15 12:05:45,26,28,1944,4058
2023-03-15 12:05:45,28,29,1944,4062
2023-03-15 12:05:53,26,29,1944,4062
2023-03-15 12:05:53,26,28,1944,4062
2023-03-15 12:05:53,26,28,1944,4098
2023-03-15 12:05:54,26,29,1944,4098
2023-03-15 12:05:54,26,28,1944,4098
2023-03-15 12:06:03,26,29,1944,4098
2023-03-15 12:06:03,26,28,1944,4098
2023-03-15 12:06:04,25,28,1944,4098
2023-03-15 12:06:04,25,29,1944,4098
2023-03-15 12:06:04,27,29,1944,4098
2023-03-15 12:06:04,27,28,1944,4098
2023-03-15 12:06:04,27,28,1944,4102
2023-03-15 12:06:05,27,29,1944,4102
2023-03-15 12:06:05,27,28,1944,4102
2023-03-15 12:06:19,27,29,1944,4102
2023-03-15 12:06:23,27,28,1944,4102
2023-03-15 12:06:23,27,29,1944,4102
2023-03-15 12:06:23,27,28,1944,4102
2023-03-15 12:06:31,27,29,1944,4102
2023-03-15 12:06:31,28,29,1944,4102
2023-03-15 12:06:33,27,29,1944,4138
2023-03-15 12:06:34,27,28,1944,4138
2023-03-15 12:06:38,27,29,1944,4138
2023-03-15 12:06:41,26,29,1944,4138
2023-03-15 12:06:41,25,29,1944,4138
2023-03-15 12:06:41,26,29,1944,4138
2023-03-15 12:06:41,28,29,1944,4138
2023-03-15 12:06:55,27,29,1944,4138
2023-03-15 12:06:56,28,29,1944,4138
2023-03-15 12:07:17,27,29,1944,4138
2023-03-15 12:07:17,28,29,1944,4138
2023-03-15 12:07:25,28,29,2010,4221
2023-03-15 12:07:25,26,28,2073,4284
2023-03-15 12:07:25,27,28,2073,4284
2023-03-15 12:07:37,28,29,2093,4304
2023-03-15 12:07:45,28,30,2093,4304
2023-03-15 12:07:45,28,29,2093,4304
2023-03-15 12:07:48,27,29,2093,4304
2023-03-15 12:07:48,28,29,2093,4304
2023-03-15 12:08:19,26,29,2173,4385
2023-03-15 12:08:21,26,30,2173,4385
2023-03-15 12:08:22,28,30,2173,4385
2023-03-15 12:08:45,28,29,2173,4385
2023-03-15 12:08:46,27,29,2173,4385
2023-03-15 12:08:46,28,29,2173,4385
2023-03-15 12:08:56,27,29,2173,4385
2023-03-15 12:08:56,28,29,2173,4385
2023-03-15 12:09:05,28,30,2173,4385
2023-03-15 12:09:05,28,29,2173,4385
2023-03-15 12:09:24,28,30,2173,4385
2023-03-15 12:09:25,28,29,2173,4385
2023-03-15 12:09:41,28,30,2173,4385
2023-03-15 12:09:41,27,30,2173,4385
2023-03-15 12:09:41,28,30,2173,4385
2023-03-15 12:09:45,28,29,2173,4385
2023-03-15 12:10:06,28,30,2173,4385
2023-03-15 12:10:46,28,29,2173,4385
2023-03-15 12:11:01,28,30,2173,4385
2023-03-15 12:11:24,27,30,2173,4385
2023-03-15 12:11:24,28,30,2173,4385
2023-03-15 12:13:06,28,31,2173,4479
2023-03-15 12:13:06,28,30,2173,4479
2023-03-15 12:13:26,28,31,2173,4479
2023-03-15 12:13:28,28,30,2173,4479
2023-03-15 12:13:46,28,31,2173,4479
2023-03-15 12:13:46,28,30,2173,4479
2023-03-15 12:14:02,28,31,2173,4479
2023-03-15 12:14:07,28,30,2173,4479
2023-03-15 12:14:26,28,31,2173,4479
2023-03-15 12:14:27,28,30,2173,4479
2023-03-15 12:14:41,28,31,2173,4479
2023-03-15 12:14:41,28,30,2173,4479
2023-03-15 12:14:42,28,31,2173,4479
2023-03-15 12:14:46,28,29,2173,4479
2023-03-15 12:15:01,28,30,2173,4479
2023-03-15 12:15:05,28,31,2173,4479
2023-03-15 12:15:06,28,30,2173,4479
2023-03-15 12:15:06,28,29,2173,4479
2023-03-15 12:15:21,28,30,2173,4479
2023-03-15 12:15:45,28,31,2173,4479
2023-03-15 12:15:46,28,29,2173,4479
2023-03-15 12:16:01,28,30,2173,4479
2023-03-15 12:16:05,28,31,2173,4479
2023-03-15 12:16:05,28,32,2173,4479
2023-03-15 12:16:05,28,31,2173,4479
2023-03-15 12:16:07,28,31,2174,4483
2023-03-15 12:16:21,28,32,2174,4483
2023-03-15 12:16:21,28,31,2174,4483
2023-03-15 12:16:21,28,30,2174,4483
2023-03-15 12:16:21,28,29,2174,4483
2023-03-15 12:16:21,28,29,2196,4505
2023-03-15 12:16:25,28,30,2196,4505
2023-03-15 12:16:27,28,29,2196,4505
2023-03-15 12:16:32,27,29,2196,4505
2023-03-15 12:16:42,27,28,2196,4505
2023-03-15 12:16:42,27,30,2196,4505
2023-03-15 12:16:42,27,29,2196,4505
2023-03-15 12:18:21,28,29,2196,4505
2023-03-15 12:18:42,27,29,2196,4505
2023-03-15 12:18:42,27,31,2196,4505
2023-03-15 12:18:43,28,31,2196,4505
2023-03-15 12:18:43,28,30,2196,4505
2023-03-15 12:18:43,28,29,2196,4505
2023-03-15 12:18:48,28,30,2196,4505
2023-03-15 12:18:48,28,29,2196,4505
2023-03-15 12:18:50,28,30,2196,4505
2023-03-15 12:18:51,28,29,2196,4505
2023-03-15 12:19:04,28,30,2196,4505
2023-03-15 12:19:05,28,29,2196,4505
2023-03-15 12:19:05,28,30,2196,4505
2023-03-15 12:19:06,28,29,2196,4505
2023-03-15 12:19:08,28,30,2196,4505
2023-03-15 12:19:46,28,31,2196,4505
2023-03-15 12:19:46,28,30,2196,4505
2023-03-15 12:19:50,28,29,2196,4505
2023-03-15 12:20:09,28,30,2196,4505
2023-03-15 12:20:09,28,29,2196,4505
2023-03-15 12:20:11,28,30,2196,4505
2023-03-15 12:20:25,28,29,2196,4505
2023-03-15 12:20:29,28,30,2196,4505
2023-03-15 12:20:46,28,31,2196,4505
2023-03-15 12:20:46,28,32,2196,4505
2023-03-15 12:20:47,28,30,2196,4505
2023-03-15 12:20:48,28,29,2196,4505
2023-03-15 12:21:28,28,30,2196,4505
2023-03-15 12:21:28,28,29,2196,4505
2023-03-15 12:21:48,28,30,2196,4505
2023-03-15 12:21:48,28,29,2196,4505
2023-03-15 12:22:03,27,29,2196,4505
2023-03-15 12:22:03,28,30,2196,4505
2023-03-15 12:22:08,28,29,2196,4505
2023-03-15 12:22:20,27,29,2196,4505
2023-03-15 12:22:21,28,29,2196,4505
2023-03-15 12:22:26,27,30,2196,4505
2023-03-15 12:22:26,27,31,2196,4505
2023-03-15 12:22:26,28,31,2196,4505
2023-03-15 12:22:26,28,30,2196,4505
2023-03-15 12:23:07,28,31,2196,4505
2023-03-15 12:23:07,28,30,2196,4505
2023-03-15 12:23:28,28,32,2196,4505
2023-03-15 12:23:29,28,31,2196,4505
2023-03-15 12:23:30,29,31,2196,4505
2023-03-15 12:23:46,28,31,2196,4505
2023-03-15 12:23:46,28,32,2196,4505
2023-03-15 12:23:47,28,31,2196,4505
2023-03-15 12:23:48,29,31,2196,4505
2023-03-15 12:24:04,28,31,2196,4505
2023-03-15 12:24:08,29,31,2196,4505
2023-03-15 12:24:23,28,32,2196,4505
2023-03-15 12:24:24,28,31,2196,4505
2023-03-15 12:24:25,28,32,2196,4505
2023-03-15 12:24:28,29,31,2196,4505
2023-03-15 12:24:43,28,32,2196,4505
2023-03-15 12:24:44,28,31,2196,4505
2023-03-15 12:24:49,29,31,2196,4505
2023-03-15 12:25:05,28,31,2196,4505
2023-03-15 12:25:08,29,31,2196,4505
2023-03-15 12:25:20,30,31,2196,4505
2023-03-15 12:25:28,29,31,2196,4505
2023-03-15 12:25:28,29,33,2196,4505
2023-03-15 12:25:28,30,33,2196,4505
2023-03-15 12:25:28,30,32,2196,4505
2023-03-15 12:25:28,30,31,2196,4505
2023-03-15 12:25:40,29,31,2196,4505
2023-03-15 12:25:40,30,31,2196,4505
2023-03-15 12:25:47,30,32,2196,4505
2023-03-15 12:25:56,30,31,2231,4540
2023-03-15 12:26:08,30,32,2231,4540
2023-03-15 12:26:20,30,31,2231,4540
2023-03-15 12:26:38,30,32,2231,4540
2023-03-15 12:26:39,30,31,2231,4540
2023-03-15 12:26:46,30,32,2231,4540
2023-03-15 12:26:46,30,31,2231,4540
2023-03-15 12:26:49,30,32,2231,4540
2023-03-15 12:26:56,30,31,2231,4540
2023-03-15 12:27:07,30,32,2231,4540
2023-03-15 12:27:07,30,31,2231,4540
2023-03-15 12:27:19,30,32,2231,4540
2023-03-15 12:27:22,30,31,2231,4540
2023-03-15 12:27:27,30,33,2231,4540
2023-03-15 12:27:28,30,32,2231,4540
2023-03-15 12:27:42,30,31,2231,4540
2023-03-15 12:27:47,30,32,2231,4540
2023-03-15 12:27:52,30,31,2231,4540
2023-03-15 12:27:52,30,32,2231,4540
2023-03-15 12:27:52,30,31,2231,4540
2023-03-15 12:28:17,30,32,2231,4540
2023-03-15 12:28:20,30,31,2231,4540
2023-03-15 12:28:27,30,32,2231,4540
2023-03-15 12:28:27,30,31,2231,4540
2023-03-15 12:28:27,29,31,2231,4540
2023-03-15 12:28:27,30,31,2231,4540
2023-03-15 12:28:50,30,32,2231,4540
2023-03-15 12:29:00,30,32,2312,4622
2023-03-15 12:29:00,30,32,2394,4704
2023-03-15 12:29:00,30,31,2394,4704
2023-03-15 12:29:07,30,33,2394,4704
2023-03-15 12:29:07,30,31,2394,4704
2023-03-15 12:29:07,30,33,2394,4704
2023-03-15 12:29:07,30,32,2394,4704
2023-03-15 12:29:08,30,32,2398,4708
2023-03-15 12:29:08,30,33,2398,4708
2023-03-15 12:29:08,30,32,2398,4708
2023-03-15 12:29:09,30,31,2398,4708
2023-03-15 12:29:09,30,31,2474,4784
2023-03-15 12:29:16,29,31,2474,4784
2023-03-15 12:29:23,29,32,2474,4784
2023-03-15 12:29:23,30,32,2474,4784
2023-03-15 12:29:28,30,32,2475,4788
2023-03-15 12:29:31,30,31,2475,4788
2023-03-15 12:29:37,30,32,2475,4788
2023-03-15 12:29:41,29,30,2475,4848
2023-03-15 12:29:45,29,31,2475,4848
2023-03-15 12:29:48,29,30,2475,4848
2023-03-15 12:30:18,28,30,2475,4848
2023-03-15 12:30:29,28,31,2475,4848
2023-03-15 12:30:29,28,30,2475,4848
2023-03-15 12:30:45,28,32,2475,4848
2023-03-15 12:30:45,28,31,2475,4848
2023-03-15 12:30:46,28,30,2475,4848
2023-03-15 12:30:47,28,31,2475,4848
2023-03-15 12:30:49,28,30,2475,4848
2023-03-15 12:30:53,28,29,2475,4848
2023-03-15 12:31:00,28,30,2475,4848
2023-03-15 12:31:20,28,29,2475,4848
2023-03-15 12:31:33,28,30,2475,4848
2023-03-15 12:31:46,28,31,2475,4848
2023-03-15 12:31:47,28,30,2475,4848
2023-03-15 12:31:49,28,29,2475,4848
2023-03-15 12:32:04,28,30,2475,4848
2023-03-15 12:32:05,28,31,2475,4848
2023-03-15 12:32:09,28,31,2479,4852
2023-03-15 12:32:18,27,28,2479,4886
2023-03-15 12:32:21,26,28,2479,4886
2023-03-15 12:32:22,26,28,2479,4949
2023-03-15 12:32:29,27,30,2479,4949
2023-03-15 12:32:29,27,29,2479,4949
2023-03-15 12:32:32,28,29,2479,4949
2023-03-15 12:32:49,28,30,2479,4949
2023-03-15 12:32:50,28,29,2479,4949
2023-03-15 12:32:56,27,29,2479,4949
2023-03-15 12:32:56,28,29,2479,4949
2023-03-15 12:33:06,28,30,2479,4949
2023-03-15 12:33:49,28,31,2479,4949
2023-03-15 12:33:50,28,30,2479,4949
2023-03-15 12:34:45,28,31,2479,4949
2023-03-15 12:34:46,28,30,2479,4949
2023-03-15 12:35:44,28,29,2479,4949
2023-03-15 12:35:49,28,30,2479,4949
2023-03-15 12:35:49,28,31,2479,4949
2023-03-15 12:35:49,28,30,2479,4949
2023-03-15 12:36:28,28,32,2479,4949
2023-03-15 12:36:28,28,31,2479,4949
2023-03-15 12:36:29,28,30,2479,4949
2023-03-15 12:36:29,29,30,2479,4949
2023-03-15 12:36:32,29,31,2517,4987
2023-03-15 12:36:33,29,30,2517,4987
2023-03-15 12:36:33,29,31,2517,4987
2023-03-15 12:36:42,29,30,2517,4987
2023-03-15 12:36:51,28,31,2517,4987
2023-03-15 12:36:52,29,31,2517,4987
2023-03-15 12:37:28,28,31,2517,4987
2023-03-15 12:37:28,28,32,2517,4987
2023-03-15 12:37:29,28,31,2517,4987
2023-03-15 12:37:30,29,31,2517,4987
2023-03-15 12:38:30,30,31,2517,4987
2023-03-15 12:38:31,30,32,2517,4987
2023-03-15 12:38:52,30,31,2517,4987
2023-03-15 12:39:01,30,32,2517,4987
2023-03-15 12:39:09,29,32,2517,4987
2023-03-15 12:39:09,29,33,2517,4987
2023-03-15 12:39:09,30,33,2517,4987
2023-03-15 12:39:09,30,32,2517,4987
2023-03-15 12:39:26,29,32,2517,4987
2023-03-15 12:39:26,29,33,2517,4987
2023-03-15 12:39:26,30,33,2517,4987
2023-03-15 12:39:26,30,32,2517,4987
2023-03-15 12:39:37,30,32,2517,5042
2023-03-15 12:39:45,30,33,2517,5042
2023-03-15 12:39:50,30,32,2517,5042
2023-03-15 12:40:12,30,33,2517,5042
2023-03-15 12:40:13,30,32,2517,5042
2023-03-15 12:40:30,30,33,2517,5042
2023-03-15 12:40:30,30,32,2517,5042
2023-03-15 12:40:45,29,33,2517,5042
2023-03-15 12:40:45,31,33,2517,5042
2023-03-15 12:41:46,30,34,2517,5042
2023-03-15 12:41:46,31,34,2517,5042
2023-03-15 12:41:46,31,33,2517,5042
2023-03-15 12:42:30,31,34,2517,5042
2023-03-15 12:42:30,31,33,2517,5042
2023-03-15 12:44:16,32,33,2517,5042
2023-03-15 12:44:19,31,32,2517,5108
2023-03-15 12:44:30,31,33,2517,5108
2023-03-15 12:45:30,31,32,2517,5108
2023-03-15 12:45:38,30,32,2517,5108
2023-03-15 12:45:38,31,32,2517,5108
2023-03-15 12:45:39,30,31,2517,5220
2023-03-15 12:45:47,29,33,2517,5220
2023-03-15 12:45:48,31,33,2517,5220
2023-03-15 12:45:50,29,31,2517,5294
2023-03-15 12:45:50,30,31,2517,5294
2023-03-15 12:45:58,30,32,2517,5294
2023-03-15 12:46:46,29,32,2517,5294
2023-03-15 12:46:47,29,33,2517,5294
2023-03-15 12:46:47,29,32,2517,5294
2023-03-15 12:46:53,30,32,2517,5294
2023-03-15 12:47:45,29,32,2591,5368
2023-03-15 12:47:50,29,31,2591,5368
2023-03-15 12:48:10,30,31,2591,5368
2023-03-15 12:48:23,30,32,2591,5368
2023-03-15 12:48:23,30,31,2591,5368
2023-03-15 12:48:48,29,31,2591,5368
2023-03-15 12:48:50,30,31,2591,5368
2023-03-15 12:49:23,30,32,2591,5368
2023-03-15 12:49:23,30,31,2591,5368
2023-03-15 12:50:07,29,31,2591,5368
2023-03-15 12:50:31,30,31,2591,5368
2023-03-15 12:50:47,29,31,2591,5368
2023-03-15 12:50:47,29,33,2591,5368
2023-03-15 12:50:48,29,31,2591,5368
2023-03-15 12:50:51,30,31,2591,5368
2023-03-15 12:50:57,30,32,2591,5368
2023-03-15 12:50:58,30,31,2591,5368
2023-03-15 12:51:05,29,31,2591,5368
2023-03-15 12:51:11,29,31,2587,5372
2023-03-15 12:51:13,29,31,2587,5427
2023-03-15 12:51:22,29,32,2587,5471
2023-03-15 12:51:23,30,32,2587,5471
2023-03-15 12:51:31,31,32,2587,5471
2023-03-15 12:51:50,30,32,2587,5471
2023-03-15 12:51:50,30,31,2587,5471
2023-03-15 12:51:55,29,31,2587,5471
2023-03-15 12:51:57,30,31,2587,5471
2023-03-15 12:52:06,30,32,2587,5471
2023-03-15 12:52:25,29,32,2587,5471
2023-03-15 12:52:25,31,32,2587,5471
2023-03-15 12:52:26,31,33,2587,5471
2023-03-15 12:52:31,31,32,2587,5471
2023-03-15 12:52:50,31,33,2587,5471
2023-03-15 12:52:51,31,32,2587,5471
2023-03-15 12:52:55,32,34,2591,5475
2023-03-15 12:52:55,32,33,2591,5475
2023-03-15 12:53:02,32,34,2591,5475
2023-03-15 12:53:03,32,33,2591,5475
2023-03-15 12:53:04,32,34,2591,5475
2023-03-15 12:53:31,31,34,2591,5475
2023-03-15 12:53:31,32,34,2591,5475
2023-03-15 12:53:33,32,33,2591,5475
2023-03-15 12:53:44,31,33,2591,5475
2023-03-15 12:53:44,32,33,2591,5475
2023-03-15 12:53:50,32,34,2591,5475
2023-03-15 12:54:11,32,33,2591,5475
2023-03-15 12:54:26,31,34,2591,5475
2023-03-15 12:54:26,32,34,2591,5475
2023-03-15 12:54:50,32,33,2591,5475
2023-03-15 12:55:10,32,34,2591,5475
2023-03-15 12:56:11,33,34,2591,5475
2023-03-15 12:56:13,32,33,2587,5479
2023-03-15 12:56:18,31,34,2587,5479
2023-03-15 12:56:18,33,34,2587,5479
2023-03-15 12:56:29,31,33,2587,5553
2023-03-15 12:56:30,31,33,2651,5660
2023-03-15 12:56:31,32,33,2651,5660
2023-03-15 12:56:40,32,34,2651,5660
2023-03-15 12:56:49,33,34,2651,5660
2023-03-15 12:57:29,32,34,2651,5660
2023-03-15 12:57:29,33,34,2651,5660
2023-03-15 12:57:52,33,34,2670,5679
2023-03-15 12:58:30,32,34,2670,5679
2023-03-15 12:58:39,32,36,2674,5736
2023-03-15 12:58:39,32,35,2674,5736
2023-03-15 12:58:46,32,36,2674,5736
2023-03-15 12:58:46,32,34,2674,5736
2023-03-15 12:58:51,33,34,2674,5736
2023-03-15 12:58:53,33,35,2674,5736
2023-03-15 12:58:53,33,34,2674,5736
2023-03-15 12:58:55,32,33,2674,5740
2023-03-15 12:59:02,32,34,2674,5740
2023-03-15 12:59:11,33,34,2674,5740
2023-03-15 12:59:14,32,33,2677,5744
2023-03-15 12:59:21,32,34,2677,5744
2023-03-15 12:59:21,32,35,2677,5744
2023-03-15 12:59:21,32,34,2677,5744
2023-03-15 12:59:31,32,33,2677,5744
2023-03-15 12:59:51,32,34,2677,5744
2023-03-15 12:59:51,32,33,2677,5744
2023-03-15 13:00:14,32,34,2677,5744
2023-03-15 13:00:14,32,33,2677,5744
2023-03-15 13:00:31,32,34,2677,5744
2023-03-15 13:00:31,32,33,2677,5744
2023-03-15 13:00:51,32,34,2677,5744
2023-03-15 13:00:51,32,33,2677,5744
2023-03-15 13:01:12,32,34,2677,5744
2023-03-15 13:01:12,32,33,2677,5744
2023-03-15 13:01:31,32,36,2677,5744
2023-03-15 13:01:31,32,35,2677,5744
2023-03-15 13:01:32,32,33,2677,5744
2023-03-15 13:01:47,32,34,2677,5744
2023-03-15 13:01:52,32,33,2677,5744
2023-03-15 13:02:12,32,34,2677,5744
2023-03-15 13:02:12,32,33,2677,5744
2023-03-15 13:02:31,32,34,2677,5744
2023-03-15 13:02:32,32,33,2677,5744
2023-03-15 13:02:51,32,34,2677,5744
2023-03-15 13:02:51,32,36,2677,5744
2023-03-15 13:02:52,32,33,2677,5744
2023-03-15 13:03:12,32,34,2677,5744
2023-03-15 13:03:12,32,33,2677,5744
2023-03-15 13:03:18,33,34,2678,5748
2023-03-15 13:03:31,33,35,2678,5786
2023-03-15 13:03:31,33,34,2678,5786
2023-03-15 13:03:35,33,34,2682,5790
2023-03-15 13:03:46,33,35,2746,5854
2023-03-15 13:03:46,33,34,2746,5854
2023-03-15 13:03:53,33,34,2778,5886
2023-03-15 13:03:53,33,35,2778,5886
2023-03-15 13:03:53,33,34,2778,5886
2023-03-15 13:03:54,33,35,2778,5886
2023-03-15 13:03:54,33,34,2778,5886
2023-03-15 13:03:54,33,35,2778,5886
2023-03-15 13:03:55,33,36,2778,5886
2023-03-15 13:03:55,33,37,2778,5886
2023-03-15 13:03:55,33,35,2778,5886
2023-03-15 13:03:55,33,37,2778,5886
2023-03-15 13:03:55,33,36,2778,5886
2023-03-15 13:03:55,33,37,2778,5886
2023-03-15 13:03:56,33,35,2778,5886
2023-03-15 13:03:57,33,34,2778,5886
2023-03-15 13:04:06,33,37,2778,5886
2023-03-15 13:04:06,33,35,2778,5886
2023-03-15 13:04:06,33,34,2778,5886
2023-03-15 13:04:12,33,34,2778,5890
2023-03-15 13:04:12,33,35,2778,5890
2023-03-15 13:04:12,33,34,2778,5890
2023-03-15 13:04:23,33,35,2778,5890
2023-03-15 13:04:32,33,35,2774,5894
2023-03-15 13:04:49,33,37,2774,5894
2023-03-15 13:04:50,33,36,2774,5894
2023-03-15 13:04:50,33,37,2774,5894
2023-03-15 13:04:50,33,35,2774,5894
2023-03-15 13:05:06,33,35,2856,5976
2023-03-15 13:05:12,33,34,2856,5976
2023-03-15 13:05:13,32,33,3001,6121
2023-03-15 13:05:13,33,34,3056,6176
2023-03-15 13:05:18,32,33,3074,6194
2023-03-15 13:05:24,31,32,3116,6237
2023-03-15 13:05:30,31,34,3116,6237
2023-03-15 13:05:31,31,32,3116,6237
2023-03-15 13:05:33,31,32,3123,6244
2023-03-15 13:05:33,31,32,3127,6248
2023-03-15 13:05:41,31,32,3185,6306
2023-03-15 13:05:42,31,33,3186,6329
2023-03-15 13:05:42,31,32,3186,6329
2023-03-15 13:05:43,31,32,3268,6411
2023-03-15 13:05:44,31,33,3268,6411
2023-03-15 13:05:55,30,33,3267,6450
2023-03-15 13:05:55,30,31,3267,6450
2023-03-15 13:06:02,30,31,3267,6569
2023-03-15 13:06:22,30,32,3267,6569
2023-03-15 13:06:22,29,32,3267,6669
2023-03-15 13:06:22,29,31,3267,6669
2023-03-15 13:06:23,29,30,3267,6669
2023-03-15 13:06:23,27,30,3267,6669
2023-03-15 13:06:23,27,29,3267,6669
2023-03-15 13:06:32,29,31,3267,6701
2023-03-15 13:06:34,29,30,3267,6701
2023-03-15 13:06:54,28,30,3267,6701
2023-03-15 13:07:12,28,31,3267,6701
2023-03-15 13:07:13,28,30,3267,6701
2023-03-15 13:07:32,28,32,3267,6701
2023-03-15 13:07:32,28,30,3267,6701
2023-03-15 13:07:33,30,32,3267,6705
2023-03-15 13:07:40,28,32,3267,6705
2023-03-15 13:07:40,28,33,3267,6705
2023-03-15 13:07:41,30,33,3267,6705
2023-03-15 13:07:41,30,32,3267,6705
2023-03-15 13:07:52,30,31,3267,6705
2023-03-15 13:08:12,30,32,3267,6705
2023-03-15 13:08:24,32,33,3268,6818
2023-03-15 13:08:27,31,33,3268,6818
2023-03-15 13:08:32,31,32,3268,6818
2023-03-15 13:08:47,31,33,3268,6818
2023-03-15 13:08:47,28,33,3268,6818
2023-03-15 13:08:47,28,34,3268,6818
2023-03-15 13:08:48,31,34,3268,6818
2023-03-15 13:08:48,31,33,3268,6818
2023-03-15 13:08:57,32,33,3268,6818
2023-03-15 13:09:08,30,34,3268,6887
2023-03-15 13:09:12,31,34,3268,6887
2023-03-15 13:09:12,31,32,3268,6887
2023-03-15 13:09:18,30,32,3268,6887
2023-03-15 13:09:19,31,32,3268,6887
2023-03-15 13:09:30,28,33,3268,6887
2023-03-15 13:09:30,28,34,3268,6887
2023-03-15 13:09:30,30,34,3268,6887
2023-03-15 13:09:30,30,33,3268,6887
2023-03-15 13:09:32,30,32,3268,6887
2023-03-15 13:09:36,31,32,3268,6887
2023-03-15 13:09:48,31,33,3268,6887
2023-03-15 13:09:50,29,33,3268,6887
2023-03-15 13:09:50,31,33,3268,6887
2023-03-15 13:10:32,31,32,3268,6887
2023-03-15 13:10:41,30,32,3268,6887
2023-03-15 13:10:41,31,32,3268,6887
2023-03-15 13:10:51,29,33,3268,6887
2023-03-15 13:10:51,31,33,3268,6887
2023-03-15 13:10:52,31,32,3268,6887
2023-03-15 13:11:11,28,32,3376,6995
2023-03-15 13:11:12,29,32,3376,6995
2023-03-15 13:11:12,29,31,3376,6995
2023-03-15 13:11:16,30,31,3376,6995
2023-03-15 13:11:32,30,32,3376,6995
2023-03-15 13:11:32,30,31,3376,6995
2023-03-15 13:11:34,29,31,3376,6995
2023-03-15 13:11:52,28,31,3376,6995
2023-03-15 13:11:52,27,31,3376,6995
2023-03-15 13:11:52,29,31,3376,6995
2023-03-15 13:11:52,29,30,3376,6995
2023-03-15 13:12:05,28,30,3375,6999
2023-03-15 13:12:11,28,31,3375,6999
2023-03-15 13:12:12,28,29,3375,6999
2023-03-15 13:12:32,28,29,3376,7003
2023-03-15 13:12:42,27,29,3376,7003
2023-03-15 13:12:42,26,29,3376,7003
2023-03-15 13:12:43,27,29,3376,7003
2023-03-15 13:12:52,28,29,3376,7003
2023-03-15 13:13:00,28,30,3376,7003
2023-03-15 13:13:01,28,29,3376,7003
2023-03-15 13:13:09,27,29,3376,7003
2023-03-15 13:13:30,26,29,3376,7003
2023-03-15 13:13:30,27,29,3376,7003
2023-03-15 13:14:29,26,29,3376,7003
2023-03-15 13:14:30,27,29,3376,7003
2023-03-15 13:15:13,27,28,3376,7003
2023-03-15 13:15:18,26,28,3376,7003
2023-03-15 13:15:32,27,28,3376,7003
2023-03-15 13:15:47,27,29,3376,7003
2023-03-15 13:15:53,27,28,3376,7003
2023-03-15 13:16:13,27,28,3380,7007
2023-03-15 13:16:18,26,28,3380,7007
2023-03-15 13:16:31,24,28,3380,7163
2023-03-15 13:16:32,23,28,3380,7163
2023-03-15 13:16:32,24,28,3380,7163
2023-03-15 13:16:32,26,28,3380,7163
2023-03-15 13:16:32,26,27,3380,7163
2023-03-15 13:16:33,26,27,3384,7167
2023-03-15 13:16:45,24,27,3384,7247
2023-03-15 13:16:50,22,27,3384,7247
2023-03-15 13:16:51,24,27,3384,7247
2023-03-15 13:16:51,24,26,3384,7247
2023-03-15 13:16:55,25,26,3384,7247
2023-03-15 13:17:06,25,27,3384,7247
2023-03-15 13:17:06,25,26,3384,7247
2023-03-15 13:17:13,24,26,3380,7251
2023-03-15 13:17:21,24,28,3380,7251
2023-03-15 13:17:22,24,26,3380,7251
2023-03-15 13:17:31,24,28,3380,7251
2023-03-15 13:17:32,25,28,3380,7251
2023-03-15 13:17:32,25,27,3380,7251
2023-03-15 13:17:52,25,29,3380,7251
2023-03-15 13:17:52,25,28,3380,7251
2023-03-15 13:17:53,26,28,3380,7251
2023-03-15 13:18:12,27,28,3380,7251
2023-03-15 13:18:28,26,28,3380,7251
2023-03-15 13:18:32,27,28,3380,7251
2023-03-15 13:18:48,26,28,3380,7251
2023-03-15 13:18:48,25,28,3380,7251
2023-03-15 13:18:49,25,30,3380,7251
2023-03-15 13:18:49,26,30,3380,7251
2023-03-15 13:18:49,26,29,3380,7251
2023-03-15 13:18:52,27,29,3380,7251
2023-03-15 13:19:13,27,28,3380,7251
2023-03-15 13:19:18,26,28,3380,7251
2023-03-15 13:19:49,25,28,3380,7251
2023-03-15 13:19:49,25,30,3380,7251
2023-03-15 13:19:49,27,30,3380,7251
2023-03-15 13:19:49,27,29,3380,7251
2023-03-15 13:19:52,27,28,3380,7251
2023-03-15 13:20:11,27,29,3380,7251
2023-03-15 13:20:16,27,28,3380,7251
2023-03-15 13:20:21,26,28,3380,7251
2023-03-15 13:20:21,27,28,3380,7251
2023-03-15 13:20:33,28,29,3380,7251
2023-03-15 13:20:42,28,30,3380,7251
2023-03-15 13:20:50,26,30,3380,7251
2023-03-15 13:20:50,28,30,3380,7251
2023-03-15 13:21:29,25,30,3380,7251
2023-03-15 13:21:29,27,30,3380,7251
2023-03-15 13:21:30,27,29,3380,7251
2023-03-15 13:21:33,27,28,3380,7251
2023-03-15 13:21:53,27,29,3380,7251
2023-03-15 13:21:54,27,28,3380,7251
2023-03-15 13:22:13,28,29,3380,7251
2023-03-15 13:22:20,28,30,3380,7251
2023-03-15 13:22:51,26,30,3380,7251
2023-03-15 13:22:51,26,31,3380,7251
2023-03-15 13:22:52,28,31,3380,7251
2023-03-15 13:22:52,28,30,3380,7251
2023-03-15 13:22:53,28,29,3380,7251
2023-03-15 13:23:13,28,30,3380,7251
2023-03-15 13:23:13,28,29,3380,7251
2023-03-15 13:23:20,27,29,3380,7251
2023-03-15 13:23:34,27,28,3380,7251
2023-03-15 13:23:35,25,28,3380,7251
2023-03-15 13:23:35,26,28,3380,7251
2023-03-15 13:24:13,26,27,3380,7251
2023-03-15 13:24:23,25,27,3380,7251
2023-03-15 13:24:33,25,28,3380,7251
2023-03-15 13:24:33,25,27,3380,7251
2023-03-15 13:24:33,25,28,3384,7276
2023-03-15 13:24:34,25,27,3384,7276
2023-03-15 13:24:53,25,27,3380,7280
2023-03-15 13:25:03,25,28,3380,7280
2023-03-15 13:25:03,25,29,3380,7280
2023-03-15 13:25:04,27,29,3380,7280
2023-03-15 13:25:30,27,29,3380,7344
2023-03-15 13:25:34,27,29,3384,7348
2023-03-15 13:25:37,25,29,3384,7348
2023-03-15 13:25:37,25,30,3384,7348
2023-03-15 13:25:37,26,30,3384,7348
2023-03-15 13:25:37,26,29,3384,7348
2023-03-15 13:25:44,26,28,3384,7348
2023-03-15 13:25:53,26,27,3384,7348
2023-03-15 13:25:59,25,27,3384,7348
2023-03-15 13:25:59,26,27,3384,7348
2023-03-15 13:26:11,26,28,3384,7348
2023-03-15 13:26:13,27,28,3384,7348
2023-03-15 13:26:21,27,29,3384,7348
2023-03-15 13:26:21,27,28,3384,7348
2023-03-15 13:26:28,24,27,3384,7348
2023-03-15 13:26:33,25,27,3384,7348
2023-03-15 13:26:45,24,27,3384,7352
2023-03-15 13:26:46,24,26,3384,7352
2023-03-15 13:26:51,23,26,3384,7352
2023-03-15 13:26:51,23,27,3384,7352
2023-03-15 13:26:51,24,27,3384,7352
2023-03-15 13:26:51,24,26,3384,7352
2023-03-15 13:26:56,25,26,3384,7352
2023-03-15 13:27:18,25,27,3384,7352
2023-03-15 13:27:29,24,27,3384,7352
2023-03-15 13:27:29,24,28,3384,7352
2023-03-15 13:27:29,25,28,3384,7352
2023-03-15 13:27:29,25,27,3384,7352
2023-03-15 13:27:33,26,27,3384,7352
2023-03-15 13:27:50,25,27,3384,7352
2023-03-15 13:27:50,24,27,3384,7352
2023-03-15 13:27:50,24,29,3384,7352
2023-03-15 13:27:50,26,29,3384,7352
2023-03-15 13:27:50,26,28,3384,7352
2023-03-15 13:27:53,26,27,3384,7352
2023-03-15 13:28:07,25,27,3402,7382
2023-03-15 13:28:09,24,28,3402,7382
2023-03-15 13:28:18,24,25,3402,7382
2023-03-15 13:28:27,22,25,3398,7386
2023-03-15 13:28:34,23,25,3398,7386
2023-03-15 13:28:34,23,24,3398,7386
2023-03-15 13:28:49,22,24,3398,7386
2023-03-15 13:29:14,22,23,3398,7386
2023-03-15 13:29:24,23,24,3398,7390
2023-03-15 13:29:27,22,24,3398,7390
2023-03-15 13:29:33,22,23,3398,7390
2023-03-15 13:29:46,23,24,3398,7394
2023-03-15 13:29:51,22,24,3398,7394
2023-03-15 13:29:54,22,23,3398,7394
2023-03-15 13:30:00,23,24,3398,7398
2023-03-15 13:30:05,22,24,3398,7398
2023-03-15 13:30:12,22,24,3198,7598
2023-03-15 13:30:16,23,24,3198,7598
2023-03-15 13:30:20,23,24,3109,7998
2023-03-15 13:30:21,23,25,3109,7998
2023-03-15 13:30:22,24,25,3109,7998
2023-03-15 13:30:28,25,26,3113,8002
2023-03-15 13:30:28,24,25,3113,8024
2023-03-15 13:30:33,24,25,3109,8028
2023-03-15 13:30:35,23,25,3109,8028
2023-03-15 13:30:35,23,25,3109,8215
2023-03-15 13:30:41,24,25,3109,8215
2023-03-15 13:30:41,24,25,3109,8241
2023-03-15 13:30:50,23,25,3109,8241
2023-03-15 13:30:51,26,27,3109,8352
2023-03-15 13:30:53,26,27,3105,8356
2023-03-15 13:30:56,24,26,3105,8423
2023-03-15 13:31:01,24,27,3105,8423
2023-03-15 13:31:01,25,27,3105,8423
2023-03-15 13:31:07,25,28,3105,8423
2023-03-15 13:31:13,26,28,3105,8423
2023-03-15 13:31:15,25,26,3101,8427
2023-03-15 13:31:18,25,28,3101,8623
2023-03-15 13:31:19,26,28,3101,8623
2023-03-15 13:31:21,26,27,3101,8623
2023-03-15 13:31:23,25,26,3146,8712
2023-03-15 13:31:27,24,26,3146,8712
2023-03-15 13:31:27,24,27,3146,8712
2023-03-15 13:31:27,25,27,3146,8712
2023-03-15 13:31:31,24,25,3324,8890
2023-03-15 13:31:33,25,26,3346,8912
2023-03-15 13:31:51,24,26,3346,8912
2023-03-15 13:31:51,24,28,3346,8912
2023-03-15 13:31:51,24,26,3346,8912
2023-03-15 13:32:04,25,26,3346,8912
2023-03-15 13:32:06,25,26,3346,8916
2023-03-15 13:32:07,24,26,3346,8916
2023-03-15 13:32:13,24,26,3342,8920
2023-03-15 13:32:22,24,28,3342,8920
2023-03-15 13:32:22,25,28,3342,8920
2023-03-15 13:32:22,25,27,3342,8920
2023-03-15 13:32:49,24,27,3342,8920
2023-03-15 13:32:49,24,29,3342,8920
2023-03-15 13:32:49,25,29,3342,8920
2023-03-15 13:32:49,25,28,3342,8920
2023-03-15 13:32:53,25,27,3342,8920
2023-03-15 13:33:03,25,28,3342,8924
2023-03-15 13:33:04,26,28,3342,8924
2023-03-15 13:33:31,26,30,3342,8924
2023-03-15 13:33:31,26,28,3342,8924
2023-03-15 13:33:53,26,27,3342,8924
2023-03-15 13:33:56,25,27,3342,8924
2023-03-15 13:34:08,25,28,3342,8924
2023-03-15 13:34:14,25,27,3342,8924
2023-03-15 13:34:37,25,26,3342,8924
2023-03-15 13:34:55,23,24,3572,9158
2023-03-15 13:34:57,22,24,3572,9158
2023-03-15 13:34:58,24,26,3572,9172
2023-03-15 13:34:58,24,25,3572,9172
2023-03-15 13:35:00,24,26,3572,9172
2023-03-15 13:35:00,24,25,3572,9172
2023-03-15 13:35:08,22,25,3664,9264
2023-03-15 13:35:08,24,25,3664,9264
2023-03-15 13:35:12,24,25,3689,9289
2023-03-15 13:35:12,24,25,3693,9293
2023-03-15 13:35:14,24,25,3697,9297
2023-03-15 13:35:26,24,25,3717,9317
2023-03-15 13:35:33,24,25,3721,9321
2023-03-15 13:35:35,23,25,3721,9321
2023-03-15 13:35:35,23,24,3721,9321
2023-03-15 13:35:55,22,24,3721,9474
2023-03-15 13:35:56,20,22,3717,9503
2023-03-15 13:36:03,22,24,3551,9669
2023-03-15 13:36:03,22,23,3551,9669
2023-03-15 13:36:07,20,23,3551,9669
2023-03-15 13:36:07,20,22,3551,9669
2023-03-15 13:36:13,22,24,3486,9808
2023-03-15 13:36:14,23,24,3486,9808
2023-03-15 13:36:20,20,22,3482,9812
2023-03-15 13:36:20,21,22,3482,9812
2023-03-15 13:36:29,22,24,3482,9889
2023-03-15 13:36:29,22,23,3482,9889
2023-03-15 13:36:33,23,24,3533,9940
2023-03-15 13:36:33,23,24,3584,9991
2023-03-15 13:36:33,21,22,3584,10089
2023-03-15 13:36:33,21,22,3583,10093
2023-03-15 13:36:43,22,24,3583,10127
2023-03-15 13:36:47,21,24,3583,10127
2023-03-15 13:36:47,21,22,3583,10127
2023-03-15 13:36:50,22,24,3583,10317
2023-03-15 13:36:56,21,24,3583,10317
2023-03-15 13:36:56,22,24,3583,10317
2023-03-15 13:36:56,22,25,3583,10317
2023-03-15 13:36:56,22,24,3583,10317
2023-03-15 13:36:57,22,23,3583,10317
2023-03-15 13:36:57,21,23,3569,10377
2023-03-15 13:37:08,21,24,3569,10377
2023-03-15 13:37:08,21,22,3569,10377
2023-03-15 13:37:14,21,22,3569,10381
2023-03-15 13:37:15,21,22,3569,10581
2023-03-15 13:37:18,21,24,3569,10591
2023-03-15 13:37:19,21,25,3569,10591
2023-03-15 13:37:20,23,25,3569,10591
2023-03-15 13:37:20,23,24,3569,10591
2023-03-15 13:37:23,23,25,3569,10591
2023-03-15 13:37:26,23,24,3569,10591
2023-03-15 13:37:33,23,25,3594,10616
2023-03-15 13:37:33,23,24,3594,10616
2023-03-15 13:37:33,23,25,3594,10616
2023-03-15 13:37:34,23,24,3594,10616
2023-03-15 13:37:40,23,25,3595,10620
2023-03-15 13:37:53,23,24,3595,10620
2023-03-15 13:38:01,23,25,3599,10624
2023-03-15 13:38:02,23,27,3599,10624
2023-03-15 13:38:04,25,27,3599,10624
2023-03-15 13:38:14,25,26,3599,10624
2023-03-15 13:38:21,26,27,3603,10628
2023-03-15 13:38:22,24,25,3603,10675
2023-03-15 13:38:31,24,27,3603,10675
2023-03-15 13:38:31,25,27,3603,10675
2023-03-15 13:38:39,27,28,3607,10679
2023-03-15 13:38:45,25,27,3607,10702
2023-03-15 13:38:49,25,27,3607,10810
2023-03-15 13:38:53,26,28,3607,10810
2023-03-15 13:39:05,26,28,3607,10921
2023-03-15 13:39:10,26,29,3607,10921
2023-03-15 13:39:11,27,29,3607,10921
2023-03-15 13:39:13,28,29,3607,10921
2023-03-15 13:39:17,27,28,3603,10925
2023-03-15 13:39:22,27,29,3603,10925
2023-03-15 13:39:28,28,29,3603,10925
2023-03-15 13:39:34,28,29,3599,10929
2023-03-15 13:39:44,27,28,3599,11066
2023-03-15 13:39:49,28,29,3599,11066
2023-03-15 13:39:52,27,28,3599,11182
2023-03-15 13:39:53,27,28,3595,11186
2023-03-15 13:40:16,27,29,3595,11186
2023-03-15 13:40:16,27,28,3595,11186
2023-03-15 13:40:33,27,29,3595,11186
2023-03-15 13:40:34,27,28,3595,11186
2023-03-15 13:40:54,27,29,3595,11186
2023-03-15 13:41:09,29,30,3595,11186
2023-03-15 13:41:17,29,31,3595,11331
2023-03-15 13:41:21,30,31,3595,11331
2023-03-15 13:41:31,31,33,3595,11331
2023-03-15 13:41:34,31,33,3599,11335
2023-03-15 13:41:36,30,31,3599,11377
2023-03-15 13:41:39,29,31,3599,11377
2023-03-15 13:41:39,29,31,3599,11423
2023-03-15 13:41:45,29,33,3599,11423
2023-03-15 13:41:46,30,33,3599,11423
2023-03-15 13:41:46,30,32,3599,11423
2023-03-15 13:41:53,30,33,3599,11423
2023-03-15 13:41:53,30,32,3599,11423
2023-03-15 13:41:53,30,33,3599,11423
2023-03-15 13:41:53,30,34,3599,11423
2023-03-15 13:41:54,31,34,3599,11423
2023-03-15 13:41:54,31,33,3599,11423
2023-03-15 13:41:54,31,32,3599,11423
2023-03-15 13:42:14,31,33,3599,11423
2023-03-15 13:42:14,31,32,3599,11423
2023-03-15 13:42:18,31,32,3599,11623
2023-03-15 13:42:22,30,31,3707,11779
2023-03-15 13:42:27,31,32,3707,11779
2023-03-15 13:42:33,31,33,3707,11779
2023-03-15 13:42:34,31,32,3707,11779
2023-03-15 13:42:39,30,31,3825,11897
2023-03-15 13:42:41,31,32,3907,11979
2023-03-15 13:42:51,31,33,3907,11979
2023-03-15 13:42:51,29,33,3907,11979
2023-03-15 13:42:51,29,34,3907,11979
2023-03-15 13:42:51,30,34,3907,11979
2023-03-15 13:42:51,30,32,3907,11979
2023-03-15 13:43:21,30,31,3907,11979
2023-03-15 13:43:35,29,31,3907,11979
2023-03-15 13:43:36,30,31,3907,11979
2023-03-15 13:43:41,29,30,3903,11983
2023-03-15 13:43:53,29,30,3902,11987
2023-03-15 13:44:00,29,32,3902,11987
2023-03-15 13:44:01,29,30,3902,11987
2023-03-15 13:44:50,29,33,3902,11987
2023-03-15 13:44:51,29,32,3902,11987
2023-03-15 13:44:54,29,31,3902,11987
2023-03-15 13:44:58,30,31,3902,11987
2023-03-15 13:45:10,30,32,3902,11987
2023-03-15 13:45:14,30,32,3903,11991
2023-03-15 13:45:34,30,31,3903,11991
2023-03-15 13:45:51,30,32,3903,11991
2023-03-15 13:45:54,30,31,3903,11991
2023-03-15 13:46:08,30,32,3903,11991
2023-03-15 13:46:12,31,32,3903,11991
2023-03-15 13:46:26,31,33,3903,12016
2023-03-15 13:46:29,32,33,3903,12016
2023-03-15 13:46:34,32,33,3907,12020
2023-03-15 13:46:56,32,33,3911,12024
2023-03-15 13:47:02,31,33,3911,12024
2023-03-15 13:47:03,31,35,3911,12024
2023-03-15 13:47:03,31,34,3911,12024
2023-03-15 13:47:13,32,34,3911,12024
2023-03-15 13:47:20,32,33,3911,12024
2023-03-15 13:47:30,31,33,3911,12024
2023-03-15 13:47:30,30,33,3911,12024
2023-03-15 13:47:31,31,33,3911,12024
2023-03-15 13:47:34,32,33,3911,12024
2023-03-15 13:47:42,31,32,3911,12028
2023-03-15 13:47:52,31,33,3911,12028
2023-03-15 13:48:13,32,33,3911,12028
2023-03-15 13:48:17,32,34,3911,12028
2023-03-15 13:48:18,32,33,3911,12028
2023-03-15 13:48:28,31,33,3911,12028
2023-03-15 13:48:30,31,34,3911,12028
2023-03-15 13:48:34,31,33,3911,12028
2023-03-15 13:48:53,31,35,3911,12028
2023-03-15 13:48:54,32,35,3911,12028
2023-03-15 13:48:54,32,34,3911,12028
2023-03-15 13:49:14,32,33,3911,12028
2023-03-15 13:49:21,31,33,3911,12028
2023-03-15 13:50:16,31,32,3911,12028
2023-03-15 13:50:28,30,32,3911,12028
2023-03-15 13:50:31,30,33,3911,12028
2023-03-15 13:50:34,30,31,3911,12028
2023-03-15 13:50:40,29,31,3911,12028
2023-03-15 13:50:54,29,30,3911,12028
2023-03-15 13:50:54,28,30,3911,12028
2023-03-15 13:51:14,29,31,3911,12028
2023-03-15 13:51:14,29,31,3911,12148
2023-03-15 13:51:22,29,30,3911,12148
2023-03-15 13:51:27,29,31,3911,12148
2023-03-15 13:51:30,27,28,3911,12173
2023-03-15 13:51:32,27,28,3911,12221
2023-03-15 13:51:36,27,28,3911,12443
2023-03-15 13:51:39,27,28,3911,12467
2023-03-15 13:51:40,26,28,3907,12501
2023-03-15 13:51:48,26,28,3907,12723
2023-03-15 13:51:52,27,28,3907,12723
2023-03-15 13:52:23,27,29,3907,12723
2023-03-15 13:52:34,27,28,3907,12723
2023-03-15 13:52:34,27,28,3911,12727
2023-03-15 13:52:39,25,28,3911,12798
2023-03-15 13:52:42,25,26,3911,12798
2023-03-15 13:52:43,26,28,3761,12948
2023-03-15 13:52:49,25,28,3761,12948
2023-03-15 13:52:49,25,26,3761,12948
2023-03-15 13:52:51,26,28,3686,13023
2023-03-15 13:52:55,26,28,3611,13098
2023-03-15 13:53:00,26,27,3611,13098
2023-03-15 13:53:01,27,28,3599,13198
2023-03-15 13:53:06,26,28,3599,13198
2023-03-15 13:53:15,26,27,3599,13198
2023-03-15 13:53:29,25,27,3599,13198
2023-03-15 13:53:30,25,29,3599,13198
2023-03-15 13:53:30,25,28,3599,13198
2023-03-15 13:53:36,26,28,3599,13198
2023-03-15 13:53:38,26,27,3599,13198
2023-03-15 13:54:14,25,27,3599,13198
2023-03-15 13:54:19,25,26,3599,13198
2023-03-15 13:54:34,24,26,3599,13198
2023-03-15 13:54:40,24,25,3599,13198
2023-03-15 13:54:46,24,25,3595,13202
2023-03-15 13:54:49,23,24,3595,13250
2023-03-15 13:55:14,23,24,3594,13254
2023-03-15 13:55:19,24,25,3594,13404
2023-03-15 13:55:24,23,25,3594,13404
2023-03-15 13:55:25,22,25,3594,13404
2023-03-15 13:55:25,22,26,3594,13404
2023-03-15 13:55:26,24,26,3594,13404
2023-03-15 13:55:28,24,25,3594,13404
2023-03-15 13:55:30,22,25,3594,13428
2023-03-15 13:55:31,22,24,3594,13428
2023-03-15 13:55:32,23,24,3594,13428
2023-03-15 13:55:33,23,24,3598,13432
2023-03-15 13:55:34,23,24,3599,13436
2023-03-15 13:55:36,22,23,3599,13477
2023-03-15 13:55:41,22,24,3599,13477
2023-03-15 13:55:41,21,24,3599,13477
2023-03-15 13:55:41,20,24,3599,13477
2023-03-15 13:55:42,21,24,3599,13477
2023-03-15 13:55:42,21,23,3599,13477
2023-03-15 13:55:53,19,23,3599,13477
2023-03-15 13:55:53,19,24,3599,13477
2023-03-15 13:55:53,20,24,3599,13477
2023-03-15 13:55:53,20,23,3599,13477
2023-03-15 13:55:54,20,21,3599,13477
2023-03-15 13:55:56,21,23,3603,13481
2023-03-15 13:56:01,20,23,3603,13481
2023-03-15 13:56:04,20,22,3603,13481
2023-03-15 13:56:11,20,22,3603,13592
2023-03-15 13:56:14,20,21,3603,13592
2023-03-15 13:56:18,19,21,3603,13592
2023-03-15 13:56:23,19,20,3603,13592
2023-03-15 13:56:37,18,20,3603,13688
2023-03-15 13:57:15,18,20,3603,13888
2023-03-15 13:57:19,18,24,3603,13888
2023-03-15 13:57:19,18,23,3603,13888
2023-03-15 13:57:19,19,23,3603,13888
2023-03-15 13:57:19,19,22,3603,13888
2023-03-15 13:57:21,20,22,3603,13888
2023-03-15 13:57:27,18,22,3603,13888
2023-03-15 13:57:27,18,24,3603,13888
2023-03-15 13:57:27,18,23,3603,13888
2023-03-15 13:57:27,19,23,3603,13888
2023-03-15 13:57:27,19,21,3603,13888
2023-03-15 13:57:31,20,21,3603,13888
2023-03-15 13:57:33,21,23,3603,13953
2023-03-15 13:57:33,21,22,3603,13953
2023-03-15 13:57:35,21,23,3603,13953
2023-03-15 13:57:40,20,23,3603,13953
2023-03-15 13:57:40,20,24,3603,13953
2023-03-15 13:57:40,21,24,3603,13953
2023-03-15 13:57:40,21,23,3603,13953
2023-03-15 13:57:53,20,23,3603,13953
2023-03-15 13:57:53,20,24,3603,13953
2023-03-15 13:57:54,20,23,3603,13953
2023-03-15 13:57:54,21,23,3603,13953
2023-03-15 13:58:23,21,26,3603,13953
2023-03-15 13:58:23,21,25,3603,13953
2023-03-15 13:58:23,22,25,3603,13953
2023-03-15 13:58:23,22,24,3603,13953
2023-03-15 13:58:28,23,24,3603,13953
2023-03-15 13:58:41,23,25,3603,13953
2023-03-15 13:59:19,21,25,3603,13953
2023-03-15 13:59:19,22,25,3603,13953
2023-03-15 13:59:48,21,25,3603,13953
2023-03-15 13:59:49,22,25,3603,13953
2023-03-15 13:59:49,22,24,3603,13953
2023-03-15 14:00:22,20,24,3603,13953
2023-03-15 14:00:22,20,25,3603,13953
2023-03-15 14:00:23,21,25,3603,13953
2023-03-15 14:00:23,21,23,3603,13953
2023-03-15 14:00:33,20,23,3603,13953
2023-03-15 14:00:33,20,25,3603,13953
2023-03-15 14:00:33,22,25,3603,13953
2023-03-15 14:00:33,22,24,3603,13953
2023-03-15 14:00:45,23,24,3603,13953
2023-03-15 14:01:18,23,25,3603,13953
2023-03-15 14:01:19,23,24,3603,13953
2023-03-15 14:01:26,22,24,3603,13953
2023-03-15 14:01:33,22,26,3603,13953
2023-03-15 14:01:33,22,25,3603,13953
2023-03-15 14:01:44,24,25,3603,13953
2023-03-15 14:01:45,24,27,3603,13953
2023-03-15 14:01:45,24,25,3603,13953
2023-03-15 14:01:51,24,28,3603,13953
2023-03-15 14:01:51,24,27,3603,13953
2023-03-15 14:02:01,24,29,3603,14087
2023-03-15 14:02:01,24,28,3603,14087
2023-03-15 14:02:05,25,28,3603,14087
2023-03-15 14:02:05,25,29,3603,14087
2023-03-15 14:02:05,25,28,3603,14087
2023-03-15 14:02:16,26,28,3603,14087
2023-03-15 14:02:34,26,30,3603,14242
2023-03-15 14:02:34,26,29,3603,14242
2023-03-15 14:02:38,26,30,3603,14242
2023-03-15 14:02:38,27,30,3603,14242
2023-03-15 14:02:38,27,29,3603,14242
2023-03-15 14:02:53,26,29,3603,14242
2023-03-15 14:02:53,27,29,3603,14242
2023-03-15 14:03:08,27,28,3603,14242
2023-03-15 14:03:17,25,27,3603,14290
2023-03-15 14:03:19,26,27,3603,14290
2023-03-15 14:03:21,26,29,3603,14290
2023-03-15 14:03:27,25,29,3603,14290
2023-03-15 14:03:27,27,29,3603,14290
2023-03-15 14:03:42,25,29,3603,14290
2023-03-15 14:03:42,25,30,3603,14290
2023-03-15 14:03:42,26,30,3603,14290
2023-03-15 14:03:42,26,28,3603,14290
2023-03-15 14:04:17,25,28,3603,14290
2023-03-15 14:04:17,26,28,3603,14290
2023-03-15 14:04:40,25,28,3603,14290
2023-03-15 14:04:41,26,28,3603,14290
2023-03-15 14:05:20,25,28,3603,14290
2023-03-15 14:05:20,25,30,3603,14290
2023-03-15 14:05:20,25,29,3603,14290
2023-03-15 14:05:20,25,30,3603,14290
2023-03-15 14:05:20,27,30,3603,14290
2023-03-15 14:05:20,27,29,3603,14290
2023-03-15 14:05:32,25,29,3603,14290
2023-03-15 14:05:32,25,30,3603,14290
2023-03-15 14:05:32,27,30,3603,14290
2023-03-15 14:05:32,27,29,3603,14290
2023-03-15 14:05:55,26,29,3603,14290
2023-03-15 14:05:55,26,30,3603,14290
2023-03-15 14:05:55,27,30,3603,14290
2023-03-15 14:06:16,25,30,3603,14290
2023-03-15 14:06:16,25,29,3603,14290
2023-03-15 14:06:17,27,29,3603,14290
2023-03-15 14:06:27,25,29,3603,14290
2023-03-15 14:06:27,25,30,3603,14290
2023-03-15 14:06:27,26,30,3603,14290
2023-03-15 14:06:27,26,29,3603,14290
2023-03-15 14:06:44,25,29,3603,14290
2023-03-15 14:06:44,27,29,3603,14290
2023-03-15 14:06:48,25,27,3603,14313
2023-03-15 14:06:50,24,27,3603,14313
2023-03-15 14:06:50,26,27,3603,14313
2023-03-15 14:06:55,24,28,3603,14313
2023-03-15 14:06:55,26,28,3603,14313
2023-03-15 14:06:57,24,26,3649,14359
2023-03-15 14:07:04,25,26,3649,14359
2023-03-15 14:07:06,25,27,3649,14359
2023-03-15 14:07:10,23,27,3649,14359
2023-03-15 14:07:10,25,27,3649,14359
2023-03-15 14:07:15,23,27,3649,14359
2023-03-15 14:07:15,25,27,3649,14359
2023-03-15 14:07:29,23,27,3649,14359
2023-03-15 14:07:29,24,27,3649,14359
2023-03-15 14:07:38,24,26,3649,14359
2023-03-15 14:07:40,22,26,3649,14359
2023-03-15 14:07:40,24,26,3649,14359
2023-03-15 14:07:51,22,26,3649,14359
2023-03-15 14:07:51,23,26,3649,14359
2023-03-15 14:07:51,23,25,3649,14359
2023-03-15 14:08:18,22,25,3649,14359
2023-03-15 14:08:18,23,25,3649,14359
2023-03-15 14:08:28,22,25,3649,14359
2023-03-15 14:08:28,23,25,3649,14359
2023-03-15 14:09:17,22,25,3649,14359
2023-03-15 14:09:17,23,25,3649,14359
2023-03-15 14:09:23,25,26,3649,14464
2023-03-15 14:09:28,24,26,3649,14464
2023-03-15 14:09:33,24,28,3649,14464
2023-03-15 14:09:33,24,29,3649,14464
2023-03-15 14:09:34,25,29,3649,14464
2023-03-15 14:09:34,25,28,3649,14464
2023-03-15 14:09:41,24,28,3649,14464
2023-03-15 14:09:41,24,30,3649,14464
2023-03-15 14:09:41,24,29,3649,14464
2023-03-15 14:09:41,26,29,3649,14464
2023-03-15 14:09:41,26,28,3649,14464
2023-03-15 14:09:48,25,28,3649,14464
2023-03-15 14:09:48,25,30,3649,14464
2023-03-15 14:09:49,25,29,3649,14464
2023-03-15 14:09:49,26,29,3649,14464
2023-03-15 14:10:17,26,27,3649,14464
2023-03-15 14:10:22,24,27,3649,14464
2023-03-15 14:10:22,25,27,3649,14464
2023-03-15 14:10:41,23,27,3649,14464
2023-03-15 14:10:41,23,28,3649,14464
2023-03-15 14:10:42,25,28,3649,14464
2023-03-15 14:11:18,24,28,3649,14464
2023-03-15 14:11:18,26,28,3649,14464
2023-03-15 14:11:35,26,27,3649,14464
2023-03-15 14:11:42,24,27,3649,14464
2023-03-15 14:11:42,23,27,3649,14464
2023-03-15 14:11:42,25,27,3649,14464
2023-03-15 14:11:43,25,26,3649,14464
2023-03-15 14:11:50,25,27,3649,14464
2023-03-15 14:11:50,25,26,3649,14464
2023-03-15 14:12:04,24,26,3649,14464
2023-03-15 14:12:25,24,28,3649,14464
2023-03-15 14:12:25,24,27,3649,14464
2023-03-15 14:12:25,25,27,3649,14464
2023-03-15 14:12:32,24,27,3649,14464
2023-03-15 14:12:32,25,27,3649,14464
2023-03-15 14:12:38,23,27,3649,14464
2023-03-15 14:12:38,24,27,3649,14464
2023-03-15 14:12:38,24,26,3649,14464
2023-03-15 14:12:40,24,25,3649,14464
2023-03-15 14:12:43,24,26,3649,14464
2023-03-15 14:12:50,23,26,3649,14464
2023-03-15 14:12:50,23,27,3649,14464
2023-03-15 14:12:51,24,27,3649,14464
2023-03-15 14:12:51,24,26,3649,14464
2023-03-15 14:13:17,23,26,3649,14464
2023-03-15 14:13:17,23,28,3649,14464
2023-03-15 14:13:17,25,28,3649,14464
2023-03-15 14:13:17,25,27,3649,14464
2023-03-15 14:13:27,25,26,3649,14464
2023-03-15 14:13:30,23,26,3649,14464
2023-03-15 14:13:30,24,26,3649,14464
2023-03-15 14:13:41,23,26,3649,14464
2023-03-15 14:13:41,24,26,3649,14464
2023-03-15 14:13:47,23,26,3649,14464
2023-03-15 14:13:47,24,26,3649,14464
2023-03-15 14:14:21,24,25,3649,14464
2023-03-15 14:14:30,24,26,3649,14464
2023-03-15 14:14:31,23,26,3649,14464
2023-03-15 14:14:31,24,26,3649,14464
2023-03-15 14:14:43,23,26,3649,14464
2023-03-15 14:14:43,24,26,3649,14464
2023-03-15 14:15:05,24,28,3689,14548
2023-03-15 14:15:12,26,28,3689,14548
2023-03-15 14:15:14,27,28,3689,14548
2023-03-15 14:15:15,27,31,3689,14548
2023-03-15 14:15:15,27,29,3689,14548
2023-03-15 14:15:15,26,27,3689,14672
2023-03-15 14:15:17,27,29,3689,14680
2023-03-15 14:15:21,26,29,3689,14680
2023-03-15 14:15:21,28,29,3689,14680
2023-03-15 14:15:21,26,29,3733,14724
2023-03-15 14:15:21,26,28,3733,14724
2023-03-15 14:15:29,26,28,3777,14768
2023-03-15 14:15:29,26,30,3777,14768
2023-03-15 14:15:29,26,30,3777,14768
2023-03-15 14:15:29,26,30,3777,14768
2023-03-15 14:15:29,28,30,3777,14768
2023-03-15 14:15:33,28,31,3777,14768
2023-03-15 14:15:34,27,31,3777,14768
2023-03-15 14:15:34,27,30,3777,14768
2023-03-15 14:15:41,27,31,3777,14768
2023-03-15 14:15:41,30,31,3777,14768
2023-03-15 14:16:19,27,31,3777,14768
2023-03-15 14:16:19,28,31,3777,14768
2023-03-15 14:16:30,26,31,3777,14768
2023-03-15 14:16:31,27,31,3777,14768
2023-03-15 14:16:31,28,31,3777,14768
2023-03-15 14:17:19,26,31,3777,14768
2023-03-15 14:17:20,27,31,3777,14768
2023-03-15 14:17:20,28,31,3777,14768
2023-03-15 14:17:24,28,30,3777,14768
2023-03-15 14:17:25,27,30,3777,14789
2023-03-15 14:17:29,24,30,3777,14789
2023-03-15 14:17:29,25,30,3777,14789
2023-03-15 14:17:29,27,30,3777,14789
2023-03-15 14:17:30,27,29,3777,14789
2023-03-15 14:17:36,25,29,3777,14789
2023-03-15 14:17:36,27,29,3777,14789
2023-03-15 14:18:17,26,29,3777,14789
2023-03-15 14:18:17,28,29,3777,14789
2023-03-15 14:18:29,26,29,3777,14789
2023-03-15 14:18:30,27,29,3777,14789
2023-03-15 14:18:40,28,29,3777,14789
2023-03-15 14:18:45,27,29,3777,14830
2023-03-15 14:18:51,27,29,3777,14996
2023-03-15 14:18:51,27,28,3777,14996
2023-03-15 14:18:52,25,27,3777,15106
2023-03-15 14:18:54,25,27,3777,15215
2023-03-15 14:18:55,25,27,4127,15696
2023-03-15 14:18:56,24,27,4277,15858
2023-03-15 14:19:00,25,27,4277,15858
2023-03-15 14:19:00,23,24,4237,15919
2023-03-15 14:19:04,23,24,4237,16119
2023-03-15 14:19:05,23,27,4237,16119
2023-03-15 14:19:05,23,25,4237,16119
2023-03-15 14:19:05,23,24,4237,16119
2023-03-15 14:19:09,23,24,4237,16319
2023-03-15 14:19:11,23,24,4325,16407
2023-03-15 14:19:12,22,24,4325,16407
2023-03-15 14:19:12,20,24,4325,16407
2023-03-15 14:19:13,20,23,4325,16407
2023-03-15 14:19:13,20,21,4325,16407
2023-03-15 14:19:14,19,21,4325,16407
2023-03-15 14:19:19,19,25,4325,16407
2023-03-15 14:19:20,20,25,4325,16407
2023-03-15 14:19:20,20,24,4325,16407
2023-03-15 14:19:20,20,22,4325,16407
2023-03-15 14:19:21,21,22,4325,16407
2023-03-15 14:19:25,21,24,4313,16419
2023-03-15 14:19:25,21,23,4313,16419
2023-03-15 14:19:26,21,24,4313,16419
2023-03-15 14:19:27,21,25,4313,16419
2023-03-15 14:19:27,21,25,4249,16483
2023-03-15 14:19:27,21,25,4185,16547
2023-03-15 14:19:27,20,25,4128,16604
2023-03-15 14:19:27,19,25,4128,16604
2023-03-15 14:19:27,19,25,4128,16604
2023-03-15 14:19:32,21,25,4084,16648
2023-03-15 14:19:32,21,23,4084,16648
2023-03-15 14:19:38,21,24,4084,16648
2023-03-15 14:19:38,21,24,4040,16692
2023-03-15 14:19:38,21,24,3976,16756
2023-03-15 14:19:38,21,24,3912,16820
2023-03-15 14:19:45,19,24,3912,16820
2023-03-15 14:19:45,19,23,3912,16820
2023-03-15 14:19:45,19,21,3912,16820
2023-03-15 14:19:53,19,23,3912,16820
2023-03-15 14:19:53,19,22,3912,16820
2023-03-15 14:19:53,19,20,3912,16820
2023-03-15 14:19:53,19,20,3818,16936
2023-03-15 14:19:57,19,20,3737,17045
2023-03-15 14:19:57,20,21,3737,17130
2023-03-15 14:19:59,19,21,3737,17130
2023-03-15 14:19:59,19,21,3737,17285
2023-03-15 14:20:00,19,21,3737,17485
2023-03-15 14:20:02,20,21,3737,17485
2023-03-15 14:20:04,21,22,3737,17673
2023-03-15 14:20:07,21,23,3737,17673
2023-03-15 14:20:07,21,22,3737,17673
2023-03-15 14:20:11,22,24,3737,17750
2023-03-15 14:20:15,21,24,3737,17750
2023-03-15 14:20:15,21,23,3737,17750
2023-03-15 14:20:30,21,24,3737,17750
2023-03-15 14:20:42,21,23,3737,17750
2023-03-15 14:21:00,19,23,3737,17750
2023-03-15 14:21:01,19,22,3737,17750
2023-03-15 14:21:04,19,23,3737,17750
2023-03-15 14:21:04,18,23,3737,17750
2023-03-15 14:21:04,18,21,3737,17750
2023-03-15 14:21:05,18,20,3737,17750
2023-03-15 14:21:05,17,18,3737,17900
2023-03-15 14:21:06,16,18,3737,17900
2023-03-15 14:21:09,16,17,3737,17900
2023-03-15 14:21:35,16,18,3737,17900
2023-03-15 14:21:40,16,19,3737,17900
2023-03-15 14:21:41,16,20,3737,17900
2023-03-15 14:21:42,16,19,3737,17900
2023-03-15 14:21:52,16,20,3737,17900
2023-03-15 14:21:59,16,19,3737,17900
2023-03-15 14:22:12,16,20,3737,17900
2023-03-15 14:22:29,16,19,3737,17900
2023-03-15 14:23:20,16,20,3737,17900
2023-03-15 14:23:20,16,18,3737,17900
2023-03-15 14:23:39,16,19,3737,17900
2023-03-15 14:23:39,16,18,3737,17900
2023-03-15 14:23:50,16,17,3737,17900
2023-03-15 14:24:08,16,17,3788,17979
2023-03-15 14:24:23,15,16,3788,18050
2023-03-15 14:24:25,14,16,3793,18055
2023-03-15 14:24:25,14,15,3793,18055
2023-03-15 14:24:26,14,15,3843,18105
2023-03-15 14:24:26,14,15,3893,18155
2023-03-15 14:24:26,14,16,3893,18155
2023-03-15 14:24:26,14,15,3893,18155
2023-03-15 14:24:28,13,15,3950,18212
2023-03-15 14:24:30,14,15,3950,18212
2023-03-15 14:24:33,13,15,4004,18266
2023-03-15 14:24:33,13,16,4004,18266
2023-03-15 14:24:33,13,14,4004,18266
2023-03-15 14:24:39,13,14,4201,18463
2023-03-15 14:24:39,11,12,4535,18909
2023-03-15 14:24:49,11,12,4535,18959
2023-03-15 14:24:49,11,12,4535,18985
2023-03-15 14:25:22,10,12,4535,18985
2023-03-15 14:25:22,10,11,4535,18985
2023-03-15 14:25:30,10,11,4535,19013
2023-03-15 14:25:37,10,12,4535,19013
2023-03-15 14:25:38,10,11,4535,19013
2023-03-15 14:25:44,10,11,4427,19121
2023-03-15 14:25:46,10,11,4527,19221
2023-03-15 14:26:15,10,11,4577,19271
2023-03-15 14:26:15,9,10,4633,19327
2023-03-15 14:26:19,8,10,4633,19445
2023-03-15 14:26:22,8,9,4633,19445
2023-03-15 14:26:38,8,10,4633,19445
2023-03-15 14:26:38,8,9,4633,19445
2023-03-15 14:26:40,8,9,4633,19595
2023-03-15 14:26:50,8,10,4633,19755
2023-03-15 14:26:51,8,9,4633,19755
2023-03-15 14:27:01,7,9,4633,19755
2023-03-15 14:27:06,7,10,4633,19755
2023-03-15 14:27:07,7,9,4633,19755
2023-03-15 14:27:12,8,9,4633,19755
2023-03-15 14:27:17,7,8,4633,19897
2023-03-15 14:27:18,7,8,4651,19915
2023-03-15 14:27:20,7,10,4651,19915
2023-03-15 14:27:20,7,10,4894,20215
2023-03-15 14:27:20,7,9,4894,20215
2023-03-15 14:27:20,7,9,4923,20244
2023-03-15 14:27:20,7,9,4952,20273
2023-03-15 14:27:20,7,10,4952,20273
2023-03-15 14:27:24,6,7,4952,20345
2023-03-15 14:27:26,6,7,5125,20603
2023-03-15 14:27:26,7,10,5125,20731
2023-03-15 14:27:26,6,10,5383,20989
2023-03-15 14:27:26,6,10,5395,21001
2023-03-15 14:27:27,6,10,5407,21013
2023-03-15 14:27:28,3,6,5407,21049
2023-03-15 14:27:42,3,12,5407,21049
2023-03-15 14:27:43,3,15,5407,21049
2023-03-15 14:27:43,3,14,5407,21049
2023-03-15 14:27:43,3,15,5407,21049
2023-03-15 14:27:51,3,14,5407,21049
2023-03-15 14:27:51,3,15,5407,21049
2023-03-15 14:27:56,3,14,5407,21049
2023-03-15 14:28:02,6,14,5407,21049
2023-03-15 14:28:02,6,8,5407,21049
2023-03-15 14:28:03,6,15,5407,21049
2023-03-15 14:28:03,6,14,5407,21049
2023-03-15 14:28:05,6,15,5407,21049
2023-03-15 14:28:05,6,13,5407,21049
2023-03-15 14:28:05,6,15,5407,21049
2023-03-15 14:28:06,6,15,5407,21049
2023-03-15 14:28:10,5,15,5407,21049
2023-03-15 14:28:17,7,15,5407,21049
2023-03-15 14:28:17,7,10,5407,21049
2023-03-15 14:28:23,5,10,5407,21049
2023-03-15 14:28:29,3,10,5407,21049
2023-03-15 14:28:31,3,9,5407,21049
2023-03-15 14:28:41,3,10,5407,21049
2023-03-15 14:28:43,5,10,5407,21049
2023-03-15 14:28:44,5,8,5407,21049
2023-03-15 14:28:51,3,8,5407,21049
2023-03-15 14:28:53,3,10,5407,21049
2023-03-15 14:28:54,5,10,5407,21049
2023-03-15 14:28:59,5,9,5407,21049
2023-03-15 14:29:01,5,10,5407,21049
2023-03-15 14:29:13,7,10,5407,21049
2023-03-15 14:29:14,7,13,5407,21049
2023-03-15 14:29:14,8,13,5407,21049
2023-03-15 14:29:14,8,11,5407,21049
2023-03-15 14:29:23,8,11,5407,21050
2023-03-15 14:29:26,8,10,5407,21050
2023-03-15 14:29:27,8,11,5407,21050
2023-03-15 14:29:29,8,10,5407,21050
2023-03-15 14:29:31,8,11,5407,21050
2023-03-15 14:29:32,8,10,5407,21050
2023-03-15 14:29:35,8,11,5407,21050
2023-03-15 14:29:35,8,10,5407,21050
2023-03-15 14:29:37,8,11,5407,21050
2023-03-15 14:30:14,8,10,5407,21050
2023-03-15 14:30:39,8,11,5407,21050
2023-03-15 14:30:54,8,11,5457,21127
2023-03-15 14:30:54,8,11,5457,21204
2023-03-15 14:30:54,8,10,5457,21204
2023-03-15 14:30:59,5,10,5457,21204
2023-03-15 14:30:59,5,11,5457,21204
2023-03-15 14:31:07,5,7,5457,21204
2023-03-15 14:31:48,6,7,5457,21204
2023-03-15 14:31:48,6,11,5457,21204
2023-03-15 14:31:48,6,8,5457,21204
2023-03-15 14:31:52,5,8,5457,21204
2023-03-15 14:32:06,5,7,5457,21204
2023-03-15 14:32:06,5,8,5457,21204
2023-03-15 14:32:13,6,8,5457,21204
2023-03-15 14:32:17,6,11,5457,21204
2023-03-15 14:32:17,5,11,5457,21204
2023-03-15 14:32:22,5,11,5457,21205
2023-03-15 14:32:23,5,10,5457,21205
2023-03-15 14:32:48,5,8,5457,21205
2023-03-15 14:32:58,5,10,5457,21205
2023-03-15 14:33:08,7,10,5457,21205
2023-03-15 14:33:15,7,9,5457,21205
2023-03-15 14:33:19,7,10,5457,21205
2023-03-15 14:33:26,7,11,5457,21205
2023-03-15 14:33:52,7,10,5457,21205
2023-03-15 14:34:01,3,10,5457,21205
2023-03-15 14:34:01,5,10,5457,21205
2023-03-15 14:34:04,5,6,5457,21205
2023-03-15 14:34:05,6,10,5461,21209
2023-03-15 14:34:18,6,8,5461,21209
2023-03-15 14:34:22,6,7,5461,21209
2023-03-15 14:34:41,6,8,5461,21209
2023-03-15 14:34:42,6,7,5461,21209
2023-03-15 14:35:02,6,8,5461,21209
2023-03-15 14:35:02,6,7,5461,21209
2023-03-15 14:35:22,6,9,5461,21209
2023-03-15 14:35:22,6,8,5461,21209
2023-03-15 14:35:41,6,9,5461,21209
2023-03-15 14:35:42,6,8,5461,21209
2023-03-15 14:35:55,7,8,5461,21209
2023-03-15 14:35:56,7,9,5461,21287
2023-03-15 14:36:20,7,10,5461,21287
2023-03-15 14:36:23,7,10,5461,21291
2023-03-15 14:36:23,7,9,5461,21291
2023-03-15 14:36:40,7,9,5461,21295
2023-03-15 14:36:41,7,8,5461,21295
2023-03-15 14:36:44,7,21,6470,22795
2023-03-15 14:36:44,7,14,6470,22795
2023-03-15 14:36:44,7,10,6470,22795
2023-03-15 14:37:01,7,8,6470,22795
2023-03-15 14:37:01,7,14,6470,22803
2023-03-15 14:37:01,7,13,6470,22803
2023-03-15 14:37:03,6,13,6470,22803
2023-03-15 14:37:03,6,14,6470,22803
2023-03-15 14:37:03,6,14,6470,22803
2023-03-15 14:37:03,6,13,6470,22803
2023-03-15 14:37:04,12,13,6470,22803
2023-03-15 14:37:04,12,13,6470,22913
2023-03-15 14:37:04,12,14,6470,22913
2023-03-15 14:37:04,12,13,6470,22913
2023-03-15 14:37:06,12,14,6470,22913
2023-03-15 14:37:06,12,14,6470,22958
2023-03-15 14:37:06,12,14,6470,22958
2023-03-15 14:37:06,6,12,6470,22981
2023-03-15 14:37:18,6,14,6470,22981
2023-03-15 14:37:42,6,13,6470,22981
2023-03-15 14:38:21,6,7,6470,22981
2023-03-15 14:38:21,4,6,6470,23106
2023-03-15 14:38:22,4,7,6448,23128
2023-03-15 14:38:22,4,7,6437,23139
2023-03-15 14:38:27,4,6,6437,23139
2023-03-15 14:38:27,4,5,6437,23139
2023-03-15 14:38:28,5,6,6392,23283
2023-03-15 14:38:28,5,7,6074,23601
2023-03-15 14:38:31,5,6,6074,23601
2023-03-15 14:38:33,4,6,6074,23601
2023-03-15 14:38:34,4,7,6046,23636
2023-03-15 14:38:36,4,6,6046,23636
2023-03-15 14:38:38,6,7,6099,23689
2023-03-15 14:38:38,6,7,6152,23742
2023-03-15 14:38:39,6,7,6108,23786
2023-03-15 14:38:40,4,5,6108,23880
2023-03-15 14:38:43,5,6,6108,23886
2023-03-15 14:39:03,3,6,6361,24226
2023-03-15 14:39:04,3,6,6297,24290
2023-03-15 14:39:06,3,5,6297,24290
2023-03-15 14:39:08,3,5,6290,24297
2023-03-15 14:39:09,3,6,6269,24318
2023-03-15 14:39:11,3,7,6269,24318
2023-03-15 14:39:11,4,7,6269,24318
2023-03-15 14:39:11,4,6,6269,24318
2023-03-15 14:39:16,3,6,6269,24318
2023-03-15 14:39:16,4,6,6269,24318
2023-03-15 14:39:21,3,6,6269,24318
2023-03-15 14:39:22,3,6,6270,24319
2023-03-15 14:39:27,4,6,6270,24319
2023-03-15 14:39:30,4,6,6213,24376
2023-03-15 14:39:36,4,6,6194,24395
2023-03-15 14:39:39,6,7,6201,24469
2023-03-15 14:39:45,4,7,6201,24469
2023-03-15 14:39:46,4,6,6201,24469
2023-03-15 14:39:48,4,6,6194,24476
2023-03-15 14:39:51,4,7,6194,24476
2023-03-15 14:39:52,5,7,6194,24476
2023-03-15 14:40:03,5,7,6161,24509
2023-03-15 14:40:08,6,7,6161,24509
2023-03-15 14:40:11,6,7,6161,24709
2023-03-15 14:40:11,6,8,6161,24709
2023-03-15 14:40:12,6,7,6161,24709
2023-03-15 14:40:29,5,7,6161,24709
2023-03-15 14:40:47,5,6,6161,24709
2023-03-15 14:41:17,4,6,6161,24709
2023-03-15 14:42:22,5,6,6161,24709
2023-03-15 14:42:27,5,7,6161,24709
2023-03-15 14:42:27,5,8,6161,24709
2023-03-15 14:42:27,5,9,6161,24709
2023-03-15 14:42:27,5,7,6161,24709
2023-03-15 14:42:45,5,8,6161,24709
2023-03-15 14:42:45,5,9,6161,24709
2023-03-15 14:42:45,5,7,6161,24709
2023-03-15 14:43:07,5,8,6161,24709
2023-03-15 14:43:07,5,9,6161,24709
2023-03-15 14:43:07,5,7,6161,24709
2023-03-15 14:43:10,5,6,6161,24709
2023-03-15 14:43:43,5,9,6161,24709
2023-03-15 14:43:43,5,8,6161,24709
2023-03-15 14:43:43,5,7,6161,24709
2023-03-15 14:44:39,5,6,6161,24709
2023-03-15 14:45:16,5,7,6161,24709
2023-03-15 14:45:17,5,6,6161,24709
2023-03-15 14:45:28,5,6,6154,24716
2023-03-15 14:45:48,5,6,6147,24723
2023-03-15 14:45:51,6,7,6147,24779
2023-03-15 14:46:00,5,7,6147,24779
2023-03-15 14:46:08,6,7,6147,24779
2023-03-15 14:46:16,6,8,6147,24779
2023-03-15 14:46:17,6,7,6147,24779
2023-03-15 14:46:28,6,7,6154,24786
2023-03-15 14:46:39,6,8,6154,24786
2023-03-15 14:46:40,6,7,6154,24786
2023-03-15 14:46:48,6,7,6161,24793
2023-03-15 14:47:08,6,7,6168,24800
2023-03-15 14:47:15,5,7,6168,24800
2023-03-15 14:47:15,5,9,6168,24800
2023-03-15 14:47:16,5,8,6168,24800
2023-03-15 14:47:16,5,7,6168,24800
2023-03-15 14:47:29,6,7,6168,24800
2023-03-15 14:47:32,6,8,6168,24800
2023-03-15 14:47:32,6,7,6168,24800
2023-03-15 14:47:43,5,7,6168,24800
2023-03-15 14:47:48,5,7,6161,24807
2023-03-15 14:47:48,5,8,6161,24807
2023-03-15 14:47:48,5,9,6161,24807
2023-03-15 14:47:48,6,9,6161,24807
2023-03-15 14:47:48,6,8,6161,24807
2023-03-15 14:48:29,5,8,6161,24807
2023-03-15 14:48:29,5,9,6161,24807
2023-03-15 14:48:29,6,9,6161,24807
2023-03-15 14:48:29,6,8,6161,24807
2023-03-15 14:48:45,5,8,6161,24807
2023-03-15 14:48:45,5,9,6161,24807
2023-03-15 14:48:46,6,9,6161,24807
2023-03-15 14:48:46,6,8,6161,24807
2023-03-15 14:48:49,6,7,6161,24807
2023-03-15 14:48:53,5,7,6161,24807
2023-03-15 14:49:23,5,7,6161,24808
2023-03-15 14:49:28,5,7,6154,24815
2023-03-15 14:49:32,5,7,6154,25015
2023-03-15 14:49:39,6,7,6154,25015
2023-03-15 14:49:55,7,8,5920,25249
2023-03-15 14:50:08,7,9,5920,25249
2023-03-15 14:50:08,7,10,5920,25249
2023-03-15 14:50:08,7,9,5920,25249
2023-03-15 14:50:28,7,8,5920,25249
2023-03-15 14:50:33,8,10,5927,25256
2023-03-15 14:50:42,10,11,5745,25438
2023-03-15 14:50:43,10,11,5745,25525
2023-03-15 14:50:44,10,11,5745,25725
2023-03-15 14:50:51,11,12,5745,25889
2023-03-15 14:50:52,12,13,5752,25896
2023-03-15 14:50:53,11,13,5761,25905
2023-03-15 14:50:55,11,14,5761,25905
2023-03-15 14:50:58,11,13,5761,25905
2023-03-15 14:50:59,12,13,5761,25905
2023-03-15 14:50:59,12,13,5802,25946
2023-03-15 14:51:00,11,13,5885,26029
2023-03-15 14:51:09,11,13,5892,26036
2023-03-15 14:51:11,12,13,5892,26036
2023-03-15 14:51:28,12,13,5899,26043
2023-03-15 14:51:29,12,13,5954,26098
2023-03-15 14:51:31,11,12,5967,26111
2023-03-15 14:51:45,10,11,6058,26202
2023-03-15 14:51:51,10,11,6065,26209
2023-03-15 14:51:56,8,11,6065,26209
2023-03-15 14:51:57,9,11,6065,26209
2023-03-15 14:52:02,9,10,6065,26209
2023-03-15 14:52:08,9,10,6065,26216
2023-03-15 14:52:09,8,10,6065,26216
2023-03-15 14:52:09,7,10,6065,26216
2023-03-15 14:52:09,9,10,6065,26216
2023-03-15 14:52:18,7,10,6065,26216
2023-03-15 14:52:18,7,9,6065,26216
2023-03-15 14:52:28,7,9,6058,26223
2023-03-15 14:52:37,7,8,6058,26223
2023-03-15 14:52:48,7,8,6051,26230
2023-03-15 14:52:50,6,8,6051,26230
2023-03-15 14:53:08,6,8,6044,26237
2023-03-15 14:53:19,6,9,6044,26237
2023-03-15 14:53:20,6,8,6044,26237
2023-03-15 14:53:28,6,7,6044,26237
2023-03-15 14:53:48,6,8,6044,26237
2023-03-15 14:53:48,6,7,6044,26237
2023-03-15 14:54:32,5,7,6044,26237
2023-03-15 14:54:48,5,6,6044,26237
2023-03-15 14:54:53,4,6,6044,26237
2023-03-15 14:55:22,4,6,6045,26238
2023-03-15 14:55:40,4,5,6045,26238
2023-03-15 14:55:40,4,5,6015,26268
2023-03-15 14:55:53,4,6,6015,26268
2023-03-15 14:55:53,4,5,6015,26268
2023-03-15 14:56:17,4,6,6015,26268
2023-03-15 14:56:18,4,5,6015,26268
2023-03-15 14:56:30,4,6,6015,26268
2023-03-15 14:56:30,4,5,6015,26268
2023-03-15 14:56:37,4,6,6015,26268
2023-03-15 14:56:37,4,5,6015,26268
2023-03-15 14:56:47,4,6,6015,26268
2023-03-15 14:56:47,4,5,6015,26268
2023-03-15 14:57:07,4,5,5948,26335
2023-03-15 14:57:07,4,6,5948,26335
2023-03-15 14:57:07,4,5,5948,26335
2023-03-15 14:57:08,4,5,5941,26342
2023-03-15 14:57:48,4,6,5941,26342
2023-03-15 14:58:09,4,5,5941,26342
2023-03-15 14:58:24,4,6,5941,26342
2023-03-15 14:58:31,4,5,5941,26342
2023-03-15 14:58:33,3,4,6040,26617
