datetime,bid,ask,open_interest,volume
2023-03-15 09:31:03,16,19,587,1287
2023-03-15 09:32:09,16,18,587,1287
2023-03-15 09:32:33,16,19,587,1287
2023-03-15 09:32:47,16,18,587,1287
2023-03-15 09:32:48,16,19,587,1287
2023-03-15 09:33:16,16,19,612,1312
2023-03-15 09:33:34,16,17,612,1312
2023-03-15 09:33:42,14,17,687,1387
2023-03-15 09:34:16,14,16,687,1387
2023-03-15 09:34:28,14,16,703,1403
2023-03-15 09:34:28,14,16,719,1419
2023-03-15 09:34:29,14,17,719,1419
2023-03-15 09:34:29,14,16,719,1419
2023-03-15 09:34:33,14,17,719,1419
2023-03-15 09:34:40,14,16,719,1419
2023-03-15 09:34:53,14,16,835,1535
2023-03-15 09:34:53,14,16,919,1619
2023-03-15 09:35:15,14,15,919,1619
2023-03-15 09:35:22,14,16,919,1619
2023-03-15 09:35:32,14,17,919,1619
2023-03-15 09:35:32,14,16,919,1619
2023-03-15 09:36:30,14,17,919,1619
2023-03-15 09:37:08,15,16,919,1619
2023-03-15 09:37:15,15,17,919,1619
2023-03-15 09:37:23,15,17,924,1702
2023-03-15 09:37:23,14,17,1007,1785
2023-03-15 09:37:23,14,17,1040,1818
2023-03-15 09:37:27,14,16,1040,1818
2023-03-15 09:37:30,14,16,1056,1834
2023-03-15 09:37:30,13,14,1115,1893
2023-03-15 09:37:30,13,14,1190,1968
2023-03-15 09:37:32,14,15,1190,1992
2023-03-15 09:37:36,15,18,1273,2075
2023-03-15 09:37:36,15,17,1273,2075
2023-03-15 09:37:44,15,18,1273,2075
2023-03-15 09:37:44,15,16,1273,2075
2023-03-15 09:37:52,15,18,1273,2075
2023-03-15 09:37:52,15,17,1273,2075
2023-03-15 09:38:03,15,16,1273,2075
2023-03-15 09:38:17,14,16,1273,2075
2023-03-15 09:38:17,13,16,1273,2075
2023-03-15 09:38:18,15,16,1273,2075
2023-03-15 09:38:33,15,17,1273,2075
2023-03-15 09:38:45,16,17,1273,2075
2023-03-15 09:38:56,15,17,1273,2075
2023-03-15 09:38:56,16,17,1273,2075
2023-03-15 09:38:56,16,17,1258,2090
2023-03-15 09:39:04,15,17,1258,2090
2023-03-15 09:39:06,15,18,1258,2090
2023-03-15 09:39:17,17,18,1258,2090
2023-03-15 09:39:21,15,17,1258,2121
2023-03-15 09:39:27,15,18,1258,2121
2023-03-15 09:39:27,16,18,1258,2121
2023-03-15 09:39:38,16,17,1258,2121
2023-03-15 09:39:48,16,18,1258,2121
2023-03-15 09:40:22,15,18,1258,2121
2023-03-15 09:40:22,15,19,1258,2121
2023-03-15 09:40:23,18,19,1258,2121
2023-03-15 09:40:31,16,19,1258,2121
2023-03-15 09:40:31,17,19,1258,2121
2023-03-15 09:40:49,16,19,1258,2121
2023-03-15 09:40:49,15,19,1258,2121
2023-03-15 09:40:49,15,19,1231,2148
2023-03-15 09:40:49,17,19,1231,2148
2023-03-15 09:40:49,17,18,1231,2148
2023-03-15 09:40:55,16,18,1231,2148
2023-03-15 09:40:55,16,18,1149,2230
2023-03-15 09:41:01,15,18,1149,2230
2023-03-15 09:41:02,17,18,1149,2230
2023-03-15 09:41:06,15,17,1149,2303
2023-03-15 09:41:07,15,17,1149,2367
2023-03-15 09:41:12,15,18,1149,2367
2023-03-15 09:41:12,16,18,1149,2367
2023-03-15 09:41:21,15,18,1149,2367
2023-03-15 09:41:21,15,17,1149,2367
2023-03-15 09:41:32,15,18,1149,2367
2023-03-15 09:41:32,16,18,1149,2367
2023-03-15 09:41:46,15,18,1149,2367
2023-03-15 09:41:46,15,17,1149,2367
2023-03-15 09:41:54,15,18,1149,2367
2023-03-15 09:41:54,15,17,1149,2367
2023-03-15 09:42:15,14,17,1149,2367
2023-03-15 09:42:15,15,17,1149,2367
2023-03-15 09:42:15,15,16,1149,2367
2023-03-15 09:42:20,14,16,1149,2367
2023-03-15 09:42:21,14,16,1174,2396
2023-03-15 09:42:22,14,16,1196,2425
2023-03-15 09:42:23,14,15,1196,2425
2023-03-15 09:42:25,14,16,1196,2425
2023-03-15 09:42:26,14,15,1196,2425
2023-03-15 09:42:27,13,15,1251,2480
2023-03-15 09:42:27,13,14,1251,2480
2023-03-15 09:42:27,11,14,1251,2480
2023-03-15 09:42:28,12,14,1251,2480
2023-03-15 09:42:35,11,14,1251,2480
2023-03-15 09:42:35,12,14,1251,2480
2023-03-15 09:42:41,11,14,1251,2480
2023-03-15 09:42:42,11,13,1251,2480
2023-03-15 09:42:43,11,12,1251,2480
2023-03-15 09:42:49,11,12,1264,2493
2023-03-15 09:42:49,11,13,1264,2493
2023-03-15 09:42:49,12,14,1264,2493
2023-03-15 09:42:49,12,13,1264,2493
2023-03-15 09:42:52,12,13,1301,2530
2023-03-15 09:42:53,12,14,1301,2530
2023-03-15 09:42:57,11,13,1301,2530
2023-03-15 09:42:57,11,14,1301,2530
2023-03-15 09:43:07,12,14,1301,2530
2023-03-15 09:43:22,13,14,1301,2530
2023-03-15 09:43:22,13,14,1347,2576
2023-03-15 09:45:20,13,14,1347,2624
2023-03-15 09:45:39,14,15,1347,2679
2023-03-15 09:45:40,14,16,1347,2679
2023-03-15 09:45:40,14,15,1347,2679
2023-03-15 09:45:44,13,15,1347,2679
2023-03-15 09:45:48,13,16,1347,2679
2023-03-15 09:45:49,13,15,1347,2679
2023-03-15 09:46:18,13,17,1347,2679
2023-03-15 09:46:18,14,17,1347,2679
2023-03-15 09:46:19,14,16,1347,2679
2023-03-15 09:46:27,15,16,1347,2679
2023-03-15 09:46:29,15,16,1418,2750
2023-03-15 09:46:31,15,18,1418,2750
2023-03-15 09:46:31,15,16,1418,2750
2023-03-15 09:46:43,15,18,1418,2750
2023-03-15 09:46:43,15,16,1418,2750
2023-03-15 09:46:50,15,18,1418,2750
2023-03-15 09:46:51,15,16,1418,2750
2023-03-15 09:46:52,14,16,1418,2750
2023-03-15 09:47:18,13,16,1418,2750
2023-03-15 09:47:18,13,17,1418,2750
2023-03-15 09:47:19,13,16,1418,2750
2023-03-15 09:47:22,15,16,1418,2750
2023-03-15 09:47:31,15,17,1418,2750
2023-03-15 09:47:39,15,16,1418,2750
2023-03-15 09:47:39,14,16,1418,2750
2023-03-15 09:47:48,13,16,1418,2750
2023-03-15 09:47:49,13,15,1418,2750
2023-03-15 09:48:23,13,16,1418,2750
2023-03-15 09:48:23,13,15,1418,2750
2023-03-15 09:48:30,13,16,1418,2750
2023-03-15 09:48:30,13,15,1418,2750
2023-03-15 09:48:42,13,16,1418,2750
2023-03-15 09:48:43,13,15,1418,2750
2023-03-15 09:48:49,13,17,1418,2750
2023-03-15 09:48:49,13,15,1418,2750
2023-03-15 09:48:57,13,15,1418,2812
2023-03-15 09:49:01,13,17,1418,2812
2023-03-15 09:49:01,13,16,1418,2812
2023-03-15 09:49:19,13,17,1418,2812
2023-03-15 09:49:19,13,16,1418,2812
2023-03-15 09:49:30,13,17,1418,2812
2023-03-15 09:49:30,13,15,1418,2812
2023-03-15 09:49:37,13,17,1418,2812
2023-03-15 09:49:37,13,16,1418,2812
2023-03-15 09:49:47,13,15,1418,2812
2023-03-15 09:50:23,15,17,1519,2917
2023-03-15 09:50:23,15,18,1519,2917
2023-03-15 09:50:23,15,16,1519,2917
2023-03-15 09:50:31,15,18,1519,2917
2023-03-15 09:50:31,15,17,1519,2917
2023-03-15 09:50:46,15,18,1519,2917
2023-03-15 09:50:47,15,17,1519,2917
2023-03-15 09:50:52,15,18,1519,2917
2023-03-15 09:50:52,15,17,1519,2917
2023-03-15 09:51:17,15,18,1519,2917
2023-03-15 09:51:18,15,16,1519,2917
2023-03-15 09:51:30,15,18,1519,2917
2023-03-15 09:51:30,15,17,1519,2917
2023-03-15 09:51:37,15,18,1519,2917
2023-03-15 09:51:38,15,17,1519,2917
2023-03-15 09:51:49,15,17,1519,2927
2023-03-15 09:51:54,15,18,1519,2927
2023-03-15 09:51:54,15,17,1519,2927
2023-03-15 09:52:19,15,19,1519,2927
2023-03-15 09:52:20,16,19,1519,2927
2023-03-15 09:52:29,16,18,1519,2927
2023-03-15 09:52:35,15,18,1519,2927
2023-03-15 09:52:36,16,18,1519,2927
2023-03-15 09:52:46,15,18,1519,2927
2023-03-15 09:52:46,15,17,1519,2927
2023-03-15 09:53:04,15,18,1519,2927
2023-03-15 09:53:05,15,17,1519,2927
2023-03-15 09:53:17,15,18,1519,2927
2023-03-15 09:53:18,16,18,1519,2927
2023-03-15 09:53:39,15,18,1519,2927
2023-03-15 09:53:39,15,19,1519,2927
2023-03-15 09:53:39,16,19,1519,2927
2023-03-15 09:53:39,16,18,1519,2927
2023-03-15 09:53:48,15,18,1519,2927
2023-03-15 09:53:48,15,19,1519,2927
2023-03-15 09:53:48,16,19,1519,2927
2023-03-15 09:53:48,16,18,1519,2927
2023-03-15 09:54:24,15,18,1519,2927
2023-03-15 09:54:24,15,19,1519,2927
2023-03-15 09:54:25,16,19,1519,2927
2023-03-15 09:54:25,16,18,1519,2927
2023-03-15 09:54:32,15,18,1519,2927
2023-03-15 09:54:32,16,18,1519,2927
2023-03-15 09:54:54,15,18,1519,2927
2023-03-15 09:55:22,15,17,1519,2927
2023-03-15 09:55:38,15,18,1519,2927
2023-03-15 09:55:38,15,17,1519,2927
2023-03-15 09:55:49,15,18,1519,2927
2023-03-15 09:55:50,15,17,1519,2927
2023-03-15 09:56:27,15,19,1519,2927
2023-03-15 09:56:27,15,17,1519,2927
2023-03-15 09:56:32,15,19,1519,2927
2023-03-15 09:56:33,17,19,1519,2927
2023-03-15 09:56:40,15,19,1519,2927
2023-03-15 09:56:40,16,19,1519,2927
2023-03-15 09:56:50,15,19,1519,2927
2023-03-15 09:56:50,16,19,1519,2927
2023-03-15 09:56:50,16,18,1519,2927
2023-03-15 09:57:17,15,18,1519,2927
2023-03-15 09:57:17,15,19,1519,2927
2023-03-15 09:57:17,16,19,1519,2927
2023-03-15 09:57:17,16,18,1519,2927
2023-03-15 09:57:29,15,18,1519,2927
2023-03-15 09:57:29,15,19,1519,2927
2023-03-15 09:57:30,16,19,1519,2927
2023-03-15 09:57:31,17,19,1519,2927
2023-03-15 09:57:42,17,20,1519,2927
2023-03-15 09:57:42,17,19,1519,2927
2023-03-15 09:57:57,17,20,1519,2927
2023-03-15 09:57:57,17,19,1519,2927
2023-03-15 09:58:17,17,20,1519,2927
2023-03-15 09:58:17,17,19,1519,2927
2023-03-15 09:58:28,17,20,1519,2927
2023-03-15 09:58:28,17,19,1519,2927
2023-03-15 09:59:22,17,18,1519,2927
2023-03-15 09:59:41,17,19,1519,2927
2023-03-15 09:59:41,17,18,1519,2927
2023-03-15 09:59:49,17,19,1519,2927
2023-03-15 10:00:23,17,20,1519,2927
2023-03-15 10:00:24,17,19,1519,2927
2023-03-15 10:00:31,17,20,1519,2927
2023-03-15 10:00:31,17,19,1519,2927
2023-03-15 10:00:49,17,20,1519,2927
2023-03-15 10:00:49,17,19,1519,2927
2023-03-15 10:01:19,17,20,1519,2927
2023-03-15 10:01:19,17,19,1519,2927
2023-03-15 10:01:29,17,20,1519,2927
2023-03-15 10:01:41,17,21,1519,2927
2023-03-15 10:01:41,18,21,1519,2927
2023-03-15 10:01:41,18,20,1519,2927
2023-03-15 10:01:46,17,20,1519,2927
2023-03-15 10:01:46,17,21,1519,2927
2023-03-15 10:01:46,17,20,1519,2927
2023-03-15 10:02:18,17,21,1519,2927
2023-03-15 10:02:19,18,21,1519,2927
2023-03-15 10:02:19,18,20,1519,2927
2023-03-15 10:02:23,18,19,1519,2927
2023-03-15 10:02:25,16,19,1519,2927
2023-03-15 10:02:25,18,19,1519,2927
2023-03-15 10:02:27,16,18,1519,2996
2023-03-15 10:02:37,16,19,1519,2996
2023-03-15 10:02:37,16,18,1519,2996
2023-03-15 10:02:43,17,18,1519,2996
2023-03-15 10:02:46,17,20,1519,2996
2023-03-15 10:02:46,17,18,1519,2996
2023-03-15 10:02:51,17,20,1519,2996
2023-03-15 10:02:51,17,19,1519,2996
2023-03-15 10:03:16,17,20,1519,2996
2023-03-15 10:03:17,17,19,1519,2996
2023-03-15 10:03:31,17,20,1519,2996
2023-03-15 10:03:31,17,19,1519,2996
2023-03-15 10:03:37,17,20,1519,2996
2023-03-15 10:03:37,17,19,1519,2996
2023-03-15 10:03:50,17,20,1519,2996
2023-03-15 10:03:50,17,19,1519,2996
2023-03-15 10:04:13,16,19,1519,2996
2023-03-15 10:04:20,15,19,1519,2996
2023-03-15 10:04:21,16,19,1519,2996
2023-03-15 10:04:21,16,18,1519,2996
2023-03-15 10:04:29,15,18,1519,2996
2023-03-15 10:04:29,15,19,1519,2996
2023-03-15 10:04:29,15,17,1519,2996
2023-03-15 10:04:36,15,18,1519,2996
2023-03-15 10:04:36,15,17,1519,2996
2023-03-15 10:04:50,15,18,1519,2996
2023-03-15 10:04:50,15,16,1519,2996
2023-03-15 10:05:02,14,16,1519,2996
2023-03-15 10:05:20,13,16,1519,2996
2023-03-15 10:05:21,13,15,1519,2996
2023-03-15 10:05:30,13,17,1519,2996
2023-03-15 10:05:30,13,16,1519,2996
2023-03-15 10:05:30,13,15,1519,2996
2023-03-15 10:05:35,13,17,1519,2996
2023-03-15 10:05:36,13,15,1519,2996
2023-03-15 10:05:36,14,15,1519,2996
2023-03-15 10:05:41,14,17,1519,2996
2023-03-15 10:05:42,14,16,1519,2996
2023-03-15 10:05:48,14,17,1519,2996
2023-03-15 10:05:49,14,16,1519,2996
2023-03-15 10:06:20,13,16,1519,2996
2023-03-15 10:06:20,13,17,1519,2996
2023-03-15 10:06:21,13,16,1519,2996
2023-03-15 10:06:27,13,15,1519,2996
2023-03-15 10:06:41,13,17,1519,2996
2023-03-15 10:06:41,14,17,1519,2996
2023-03-15 10:06:41,14,16,1519,2996
2023-03-15 10:06:50,13,16,1519,2996
2023-03-15 10:06:50,13,17,1519,2996
2023-03-15 10:06:50,14,17,1519,2996
2023-03-15 10:06:50,14,16,1519,2996
2023-03-15 10:07:18,13,16,1519,2996
2023-03-15 10:07:18,13,17,1519,2996
2023-03-15 10:07:18,13,16,1519,2996
2023-03-15 10:07:18,13,15,1519,2996
2023-03-15 10:07:29,13,16,1519,2996
2023-03-15 10:07:29,13,17,1519,2996
2023-03-15 10:07:30,13,15,1519,2996
2023-03-15 10:07:46,12,15,1519,2996
2023-03-15 10:07:46,11,15,1519,2996
2023-03-15 10:07:47,12,15,1519,2996
2023-03-15 10:07:47,12,14,1519,2996
2023-03-15 10:08:22,11,14,1519,2996
2023-03-15 10:08:22,11,15,1519,2996
2023-03-15 10:08:22,12,15,1519,2996
2023-03-15 10:08:22,12,14,1519,2996
2023-03-15 10:08:29,12,15,1519,2996
2023-03-15 10:08:30,12,14,1519,2996
2023-03-15 10:08:32,13,14,1519,2996
2023-03-15 10:08:36,14,15,1519,3026
2023-03-15 10:08:41,13,15,1519,3026
2023-03-15 10:08:41,13,16,1519,3026
2023-03-15 10:08:41,13,15,1519,3026
2023-03-15 10:08:42,13,16,1519,3026
2023-03-15 10:08:43,13,15,1519,3026
2023-03-15 10:09:21,13,16,1519,3026
2023-03-15 10:09:21,13,17,1519,3026
2023-03-15 10:09:22,14,17,1519,3026
2023-03-15 10:09:22,14,16,1519,3026
2023-03-15 10:09:30,13,16,1519,3026
2023-03-15 10:09:30,13,17,1519,3026
2023-03-15 10:09:31,14,17,1519,3026
2023-03-15 10:09:31,14,16,1519,3026
2023-03-15 10:09:48,13,16,1519,3026
2023-03-15 10:09:48,13,17,1519,3026
2023-03-15 10:09:48,14,17,1519,3026
2023-03-15 10:09:48,14,16,1519,3026
2023-03-15 10:10:22,14,17,1519,3026
2023-03-15 10:10:23,14,16,1519,3026
2023-03-15 10:10:31,13,16,1519,3026
2023-03-15 10:10:38,13,15,1519,3026
2023-03-15 10:10:56,14,15,1519,3026
2023-03-15 10:11:15,14,17,1519,3026
2023-03-15 10:11:17,14,16,1519,3026
2023-03-15 10:11:38,14,17,1519,3026
2023-03-15 10:11:38,14,16,1519,3026
2023-03-15 10:11:52,14,17,1519,3026
2023-03-15 10:11:53,14,16,1519,3026
2023-03-15 10:12:04,15,16,1519,3026
2023-03-15 10:12:21,15,17,1519,3026
2023-03-15 10:12:31,15,16,1519,3026
2023-03-15 10:12:44,15,18,1519,3026
2023-03-15 10:12:44,15,17,1519,3026
2023-03-15 10:12:49,15,18,1519,3026
2023-03-15 10:12:49,15,17,1519,3026
2023-03-15 10:12:52,15,16,1519,3026
2023-03-15 10:13:18,15,17,1519,3026
2023-03-15 10:13:18,15,18,1519,3026
2023-03-15 10:13:19,15,17,1519,3026
2023-03-15 10:13:36,15,18,1519,3026
2023-03-15 10:13:36,15,17,1519,3026
2023-03-15 10:14:08,15,16,1519,3026
2023-03-15 10:14:20,16,17,1519,3030
2023-03-15 10:14:26,15,17,1519,3030
2023-03-15 10:14:26,15,18,1519,3030
2023-03-15 10:14:26,15,17,1519,3030
2023-03-15 10:14:33,16,17,1519,3030
2023-03-15 10:14:37,16,18,1519,3030
2023-03-15 10:14:51,16,19,1519,3030
2023-03-15 10:14:51,17,19,1519,3030
2023-03-15 10:14:51,17,18,1519,3030
2023-03-15 10:14:56,17,18,1519,3034
2023-03-15 10:15:43,17,19,1519,3034
2023-03-15 10:15:52,17,18,1519,3034
2023-03-15 10:16:19,17,19,1519,3034
2023-03-15 10:16:19,17,18,1519,3034
2023-03-15 10:17:15,17,18,1523,3038
2023-03-15 10:17:20,17,20,1523,3038
2023-03-15 10:17:35,17,19,1523,3038
2023-03-15 10:17:55,17,19,1523,3042
2023-03-15 10:18:07,17,18,1523,3042
2023-03-15 10:18:11,15,17,1540,3139
2023-03-15 10:18:13,17,18,1643,3242
2023-03-15 10:18:16,17,18,1647,3246
2023-03-15 10:18:25,15,18,1669,3268
2023-03-15 10:18:25,15,17,1669,3268
2023-03-15 10:18:31,15,18,1669,3268
2023-03-15 10:18:32,15,17,1669,3268
2023-03-15 10:18:36,16,17,1669,3268
2023-03-15 10:18:38,16,18,1669,3268
2023-03-15 10:18:38,16,17,1669,3268
2023-03-15 10:18:42,17,18,1669,3353
2023-03-15 10:18:46,17,18,1670,3415
2023-03-15 10:18:52,17,19,1670,3415
2023-03-15 10:18:52,17,20,1670,3415
2023-03-15 10:18:52,17,18,1670,3415
2023-03-15 10:18:55,17,18,1670,3419
2023-03-15 10:19:09,17,18,1670,3619
2023-03-15 10:19:11,17,20,1670,3619
2023-03-15 10:19:11,17,18,1670,3619
2023-03-15 10:19:15,17,18,1670,3819
2023-03-15 10:19:15,17,18,1674,3823
2023-03-15 10:19:18,17,21,1674,3823
2023-03-15 10:19:18,18,21,1674,3823
2023-03-15 10:19:18,18,20,1674,3823
2023-03-15 10:19:25,19,20,1674,3823
2023-03-15 10:19:38,19,20,1670,3827
2023-03-15 10:19:40,18,20,1670,3827
2023-03-15 10:19:40,18,21,1670,3827
2023-03-15 10:19:41,18,20,1670,3827
2023-03-15 10:19:49,18,21,1670,3827
2023-03-15 10:19:49,18,20,1670,3827
2023-03-15 10:19:57,18,20,1674,3831
2023-03-15 10:19:57,18,19,1674,3831
2023-03-15 10:20:08,17,18,1674,3962
2023-03-15 10:20:17,17,19,1674,3962
2023-03-15 10:20:33,15,19,1674,3962
2023-03-15 10:20:33,17,19,1674,3962
2023-03-15 10:20:37,17,18,1674,3962
2023-03-15 10:20:40,16,18,1674,3962
2023-03-15 10:20:41,16,17,1674,3962
2023-03-15 10:20:43,16,18,1674,3962
2023-03-15 10:21:17,16,17,1674,3962
2023-03-15 10:21:21,15,17,1674,3962
2023-03-15 10:21:37,16,17,1674,3962
2023-03-15 10:21:39,16,18,1674,3962
2023-03-15 10:21:39,16,17,1674,3962
2023-03-15 10:21:47,16,18,1674,3962
2023-03-15 10:21:48,16,17,1674,3962
2023-03-15 10:22:17,15,17,1674,3962
2023-03-15 10:22:17,15,18,1674,3962
2023-03-15 10:22:17,16,18,1674,3962
2023-03-15 10:22:17,16,17,1674,3962
2023-03-15 10:22:26,16,18,1674,3962
2023-03-15 10:22:27,16,17,1674,3962
2023-03-15 10:22:59,15,17,1674,3962
2023-03-15 10:23:18,16,17,1674,3962
2023-03-15 10:23:19,16,18,1674,3962
2023-03-15 10:23:34,15,18,1674,3962
2023-03-15 10:23:34,15,19,1674,3962
2023-03-15 10:23:34,16,19,1674,3962
2023-03-15 10:23:34,16,18,1674,3962
2023-03-15 10:23:38,17,18,1674,3962
2023-03-15 10:23:48,17,19,1674,3962
2023-03-15 10:23:58,17,18,1674,3962
2023-03-15 10:24:19,17,19,1674,3962
2023-03-15 10:24:38,18,19,1674,3962
2023-03-15 10:24:45,18,20,1674,3962
2023-03-15 10:24:45,18,19,1674,3962
2023-03-15 10:24:51,18,20,1674,3962
2023-03-15 10:24:51,18,19,1674,3962
2023-03-15 10:24:56,17,19,1674,3962
2023-03-15 10:25:20,17,20,1674,3962
2023-03-15 10:25:21,17,19,1674,3962
2023-03-15 10:25:28,17,20,1674,3962
2023-03-15 10:25:50,17,19,1674,3962
2023-03-15 10:26:17,18,19,1674,3962
2023-03-15 10:26:20,18,20,1674,3962
2023-03-15 10:26:39,18,19,1674,3962
2023-03-15 10:26:46,18,19,1709,3997
2023-03-15 10:26:50,17,19,1709,3997
2023-03-15 10:26:50,17,20,1709,3997
2023-03-15 10:26:55,18,20,1709,3997
2023-03-15 10:27:35,19,20,1709,3997
2023-03-15 10:27:40,19,21,1709,3997
2023-03-15 10:28:15,18,21,1709,3997
2023-03-15 10:28:15,18,20,1709,3997
2023-03-15 10:28:30,17,21,1709,3997
2023-03-15 10:28:30,18,21,1709,3997
2023-03-15 10:28:30,18,20,1709,3997
2023-03-15 10:28:35,18,19,1709,3997
2023-03-15 10:28:39,17,19,1709,3997
2023-03-15 10:28:44,15,19,1709,4082
2023-03-15 10:28:47,17,19,1709,4082
2023-03-15 10:28:53,15,19,1709,4082
2023-03-15 10:28:53,15,18,1709,4082
2023-03-15 10:28:55,15,17,1709,4082
2023-03-15 10:29:15,15,18,1709,4082
2023-03-15 10:29:15,15,17,1709,4082
2023-03-15 10:29:18,16,17,1709,4082
2023-03-15 10:29:30,16,18,1709,4082
2023-03-15 10:29:30,15,18,1709,4082
2023-03-15 10:29:31,16,18,1709,4082
2023-03-15 10:29:38,16,17,1709,4082
2023-03-15 10:29:52,15,17,1709,4082
2023-03-15 10:29:53,15,19,1709,4082
2023-03-15 10:29:53,16,19,1709,4082
2023-03-15 10:29:53,16,18,1709,4082
2023-03-15 10:30:01,17,18,1709,4082
2023-03-15 10:30:20,17,19,1709,4082
2023-03-15 10:30:36,17,18,1709,4082
2023-03-15 10:31:33,17,18,1733,4106
2023-03-15 10:31:37,17,18,1757,4130
2023-03-15 10:31:44,17,19,1757,4130
2023-03-15 10:31:56,17,18,1757,4130
2023-03-15 10:32:11,17,19,1757,4130
2023-03-15 10:32:16,17,19,1757,4134
2023-03-15 10:32:20,15,19,1757,4134
2023-03-15 10:32:21,16,19,1757,4134
2023-03-15 10:32:21,16,18,1757,4134
2023-03-15 10:32:31,17,18,1757,4134
2023-03-15 10:32:36,17,20,1757,4134
2023-03-15 10:32:36,18,20,1757,4134
2023-03-15 10:32:51,17,20,1757,4134
2023-03-15 10:32:52,17,19,1757,4134
2023-03-15 10:32:58,17,19,1757,4138
2023-03-15 10:33:17,18,19,1757,4138
2023-03-15 10:33:20,18,20,1757,4138
2023-03-15 10:33:57,18,19,1757,4138
2023-03-15 10:34:17,18,20,1757,4138
2023-03-15 10:34:17,18,19,1757,4138
2023-03-15 10:34:27,17,19,1757,4138
2023-03-15 10:34:27,18,19,1757,4138
2023-03-15 10:34:37,18,20,1757,4138
2023-03-15 10:34:46,19,20,1757,4138
2023-03-15 10:34:54,19,21,1757,4138
2023-03-15 10:35:00,19,21,1830,4211
2023-03-15 10:35:13,19,23,1830,4211
2023-03-15 10:35:14,19,21,1830,4211
2023-03-15 10:35:17,20,21,1830,4211
2023-03-15 10:35:33,19,21,1830,4211
2023-03-15 10:35:33,19,23,1830,4211
2023-03-15 10:35:33,19,22,1830,4211
2023-03-15 10:35:33,19,23,1830,4211
2023-03-15 10:35:34,20,23,1830,4211
2023-03-15 10:35:34,20,22,1830,4211
2023-03-15 10:35:57,20,21,1830,4211
2023-03-15 10:36:05,20,21,1830,4291
2023-03-15 10:36:06,19,21,1808,4313
2023-03-15 10:36:09,19,20,1808,4313
2023-03-15 10:36:18,19,21,1808,4313
2023-03-15 10:36:18,19,20,1808,4313
2023-03-15 10:36:20,19,20,1808,4317
2023-03-15 10:36:31,17,20,1808,4317
2023-03-15 10:36:31,17,21,1808,4317
2023-03-15 10:36:32,18,21,1808,4317
2023-03-15 10:36:32,18,20,1808,4317
2023-03-15 10:36:38,19,20,1808,4317
2023-03-15 10:36:40,19,21,1808,4317
2023-03-15 10:36:40,19,20,1808,4317
2023-03-15 10:36:51,18,19,1808,4321
2023-03-15 10:37:18,17,19,1812,4325
2023-03-15 10:37:22,18,19,1812,4325
2023-03-15 10:37:38,18,19,1816,4329
2023-03-15 10:37:41,18,21,1816,4329
2023-03-15 10:37:42,18,20,1816,4329
2023-03-15 10:37:58,18,20,1816,4333
2023-03-15 10:38:02,18,21,1816,4333
2023-03-15 10:38:15,19,21,1816,4333
2023-03-15 10:38:19,19,21,1812,4337
2023-03-15 10:38:38,18,21,1812,4337
2023-03-15 10:38:39,18,20,1812,4337
2023-03-15 10:38:40,19,20,1812,4337
2023-03-15 10:38:53,19,21,1812,4337
2023-03-15 10:39:41,19,20,1812,4337
2023-03-15 10:39:42,18,20,1812,4337
2023-03-15 10:39:56,18,21,1812,4337
2023-03-15 10:39:59,18,20,1812,4337
2023-03-15 10:40:19,18,21,1812,4337
2023-03-15 10:40:19,18,20,1812,4337
2023-03-15 10:40:32,19,20,1812,4337
2023-03-15 10:40:39,19,21,1812,4337
2023-03-15 10:40:40,19,20,1812,4337
2023-03-15 10:40:46,18,20,1812,4337
2023-03-15 10:40:47,19,20,1812,4337
2023-03-15 10:40:59,19,21,1812,4337
2023-03-15 10:41:19,19,20,1812,4337
2023-03-15 10:41:37,18,21,1812,4337
2023-03-15 10:41:37,19,21,1812,4337
2023-03-15 10:41:39,19,20,1812,4337
2023-03-15 10:41:52,18,20,1812,4337
2023-03-15 10:41:54,18,21,1812,4337
2023-03-15 10:41:54,19,21,1812,4337
2023-03-15 10:41:59,19,20,1812,4337
2023-03-15 10:42:18,19,21,1812,4337
2023-03-15 10:42:18,18,21,1812,4337
2023-03-15 10:42:18,18,22,1812,4337
2023-03-15 10:42:19,20,22,1812,4337
2023-03-15 10:42:19,20,21,1812,4337
2023-03-15 10:42:39,20,21,1812,4341
2023-03-15 10:42:48,19,21,1812,4341
2023-03-15 10:43:31,20,21,1812,4341
2023-03-15 10:43:37,20,22,1812,4341
2023-03-15 10:43:37,19,22,1812,4341
2023-03-15 10:43:40,20,22,1812,4341
2023-03-15 10:43:55,19,22,1812,4341
2023-03-15 10:43:58,20,22,1812,4341
2023-03-15 10:44:00,21,22,1812,4341
2023-03-15 10:44:30,21,23,1812,4341
2023-03-15 10:44:30,21,22,1812,4341
2023-03-15 10:44:46,21,23,1812,4341
2023-03-15 10:44:49,22,23,1812,4341
2023-03-15 10:44:52,21,23,1812,4341
2023-03-15 10:44:54,21,22,1812,4341
2023-03-15 10:44:55,18,22,1812,4341
2023-03-15 10:44:55,20,22,1812,4341
2023-03-15 10:45:00,20,23,1812,4341
2023-03-15 10:45:00,20,22,1812,4341
2023-03-15 10:45:18,20,23,1812,4341
2023-03-15 10:45:18,17,23,1812,4341
2023-03-15 10:45:18,17,24,1812,4341
2023-03-15 10:45:19,19,24,1812,4341
2023-03-15 10:45:19,19,22,1812,4341
2023-03-15 10:45:20,20,22,1812,4341
2023-03-15 10:45:40,19,22,1812,4341
2023-03-15 10:45:40,20,22,1812,4341
2023-03-15 10:45:51,20,21,1812,4341
2023-03-15 10:46:00,19,21,1812,4341
2023-03-15 10:46:22,17,21,1812,4341
2023-03-15 10:46:22,17,22,1812,4341
2023-03-15 10:46:23,19,22,1812,4341
2023-03-15 10:46:23,19,21,1812,4341
2023-03-15 10:46:57,19,22,1812,4341
2023-03-15 10:46:57,19,21,1812,4341
2023-03-15 10:47:01,20,21,1812,4341
2023-03-15 10:47:35,20,22,1812,4341
2023-03-15 10:47:58,18,22,1812,4341
2023-03-15 10:47:58,20,22,1812,4341
2023-03-15 10:49:01,21,22,1812,4341
2023-03-15 10:49:16,20,22,1812,4341
2023-03-15 10:49:19,19,22,1812,4341
2023-03-15 10:49:19,19,23,1812,4341
2023-03-15 10:49:19,20,23,1812,4341
2023-03-15 10:49:21,21,23,1812,4341
2023-03-15 10:49:42,19,23,1812,4341
2023-03-15 10:49:42,21,23,1812,4341
2023-03-15 10:50:21,19,23,1812,4341
2023-03-15 10:50:22,21,23,1812,4341
2023-03-15 10:50:39,20,23,1812,4341
2023-03-15 10:50:39,20,24,1812,4341
2023-03-15 10:50:39,22,24,1812,4341
2023-03-15 10:50:40,22,23,1812,4341
2023-03-15 10:50:47,22,24,1812,4341
2023-03-15 10:50:48,22,23,1812,4341
2023-03-15 10:50:53,22,24,1812,4341
2023-03-15 10:51:17,21,24,1812,4341
2023-03-15 10:51:17,20,24,1812,4341
2023-03-15 10:51:18,22,24,1812,4341
2023-03-15 10:53:23,22,23,1812,4341
2023-03-15 10:53:25,21,23,1812,4341
2023-03-15 10:53:32,22,23,1812,4341
2023-03-15 10:53:43,22,24,1812,4341
2023-03-15 10:53:43,22,23,1812,4341
2023-03-15 10:53:59,19,23,1812,4341
2023-03-15 10:53:59,21,23,1812,4341
2023-03-15 10:54:03,21,22,1812,4341
2023-03-15 10:54:20,19,22,1812,4341
2023-03-15 10:54:21,21,22,1812,4341
2023-03-15 10:54:38,19,22,1781,4372
2023-03-15 10:54:43,19,20,1781,4372
2023-03-15 10:54:50,18,20,1781,4372
2023-03-15 10:54:50,19,20,1781,4372
2023-03-15 10:54:50,19,21,1785,4376
2023-03-15 10:55:03,20,21,1785,4376
2023-03-15 10:55:42,19,21,1785,4376
2023-03-15 10:55:42,16,21,1785,4376
2023-03-15 10:55:42,17,21,1785,4376
2023-03-15 10:55:42,19,21,1785,4376
2023-03-15 10:55:43,20,21,1785,4376
2023-03-15 10:56:25,19,21,1785,4376
2023-03-15 10:56:25,17,21,1785,4376
2023-03-15 10:56:25,18,21,1785,4376
2023-03-15 10:56:25,20,21,1785,4376
2023-03-15 10:56:58,17,21,1785,4376
2023-03-15 10:56:59,18,21,1785,4376
2023-03-15 10:56:59,18,20,1785,4376
2023-03-15 10:57:03,19,20,1785,4376
2023-03-15 10:57:17,18,20,1781,4380
2023-03-15 10:57:19,17,20,1781,4380
2023-03-15 10:57:19,17,21,1781,4380
2023-03-15 10:57:19,18,21,1781,4380
2023-03-15 10:57:19,18,20,1781,4380
2023-03-15 10:57:24,19,20,1781,4380
2023-03-15 10:57:29,19,21,1781,4380
2023-03-15 10:57:29,19,20,1781,4380
2023-03-15 10:57:42,18,20,1781,4380
2023-03-15 10:58:15,18,19,1781,4380
2023-03-15 10:58:18,17,19,1781,4380
2023-03-15 10:58:24,17,18,1781,4380
2023-03-15 10:58:33,16,18,1781,4380
2023-03-15 10:58:42,15,18,1781,4380
2023-03-15 10:58:42,15,17,1781,4380
2023-03-15 10:58:44,16,17,1781,4380
2023-03-15 10:58:57,16,18,1781,4380
2023-03-15 10:59:02,15,17,1781,4380
2023-03-15 10:59:03,15,18,1781,4380
2023-03-15 10:59:04,16,18,1781,4380
2023-03-15 10:59:21,15,18,1781,4380
2023-03-15 10:59:21,14,18,1781,4380
2023-03-15 10:59:21,15,18,1781,4380
2023-03-15 10:59:21,15,17,1781,4380
2023-03-15 10:59:46,14,17,1781,4380
2023-03-15 10:59:46,15,17,1781,4380
2023-03-15 11:00:04,14,17,1781,4380
2023-03-15 11:00:04,15,17,1781,4380
2023-03-15 11:00:25,16,17,1781,4380
2023-03-15 11:00:29,16,18,1781,4380
2023-03-15 11:00:29,16,17,1781,4380
2023-03-15 11:00:30,16,18,1781,4380
2023-03-15 11:00:34,17,18,1781,4380
2023-03-15 11:00:36,16,18,1781,4380
2023-03-15 11:00:36,16,17,1781,4380
2023-03-15 11:01:05,16,17,1781,4384
2023-03-15 11:01:20,16,18,1781,4384
2023-03-15 11:01:20,15,18,1781,4384
2023-03-15 11:01:20,16,18,1781,4384
2023-03-15 11:01:24,16,17,1781,4384
2023-03-15 11:01:26,16,17,1781,4388
2023-03-15 11:01:26,16,18,1781,4388
2023-03-15 11:01:28,17,18,1781,4405
2023-03-15 11:01:28,17,18,1781,4422
2023-03-15 11:01:40,16,18,1781,4422
2023-03-15 11:02:05,16,19,1781,4422
2023-03-15 11:02:05,16,18,1781,4422
2023-03-15 11:02:05,17,18,1781,4422
2023-03-15 11:02:26,17,19,1781,4422
2023-03-15 11:02:26,17,18,1781,4422
2023-03-15 11:02:35,16,18,1781,4422
2023-03-15 11:02:45,16,19,1781,4422
2023-03-15 11:02:45,16,18,1781,4422
2023-03-15 11:03:08,16,17,1781,4422
2023-03-15 11:03:27,16,18,1781,4422
2023-03-15 11:03:27,16,17,1781,4422
2023-03-15 11:03:42,16,18,1781,4422
2023-03-15 11:03:42,15,18,1781,4422
2023-03-15 11:03:42,14,18,1781,4422
2023-03-15 11:03:43,15,18,1781,4422
2023-03-15 11:03:48,15,17,1781,4422
2023-03-15 11:03:55,16,17,1781,4422
2023-03-15 11:04:07,16,18,1781,4422
2023-03-15 11:04:07,16,17,1781,4422
2023-03-15 11:04:17,15,17,1781,4422
2023-03-15 11:04:17,16,17,1781,4422
2023-03-15 11:04:31,15,17,1781,4422
2023-03-15 11:04:47,15,16,1781,4422
2023-03-15 11:04:55,14,16,1781,4422
2023-03-15 11:04:55,15,16,1781,4422
2023-03-15 11:04:58,16,17,1781,4426
2023-03-15 11:05:19,16,18,1781,4426
2023-03-15 11:05:27,17,18,1781,4426
2023-03-15 11:05:28,17,19,1781,4426
2023-03-15 11:05:28,17,18,1781,4426
2023-03-15 11:05:46,16,18,1781,4426
2023-03-15 11:05:46,17,18,1781,4426
2023-03-15 11:06:19,16,18,1781,4426
2023-03-15 11:06:21,15,18,1781,4426
2023-03-15 11:06:24,15,17,1781,4426
2023-03-15 11:07:06,15,16,1781,4426
2023-03-15 11:07:16,14,16,1781,4426
2023-03-15 11:07:16,14,15,1781,4426
2023-03-15 11:09:07,14,16,1781,4426
2023-03-15 11:09:20,16,17,1781,4601
2023-03-15 11:09:50,15,17,1781,4601
2023-03-15 11:09:50,14,17,1781,4601
2023-03-15 11:09:50,16,17,1781,4601
2023-03-15 11:10:24,14,17,1781,4601
2023-03-15 11:10:24,15,17,1781,4601
2023-03-15 11:10:29,16,17,1781,4601
2023-03-15 11:10:55,15,17,1777,4605
2023-03-15 11:10:58,14,17,1777,4605
2023-03-15 11:11:00,15,17,1777,4605
2023-03-15 11:11:08,15,16,1777,4605
2023-03-15 11:11:30,14,16,1777,4605
2023-03-15 11:12:38,14,15,1777,4605
2023-03-15 11:14:44,14,15,1777,4609
2023-03-15 11:15:19,13,14,1776,4615
2023-03-15 11:15:51,13,14,1772,4619
2023-03-15 11:16:34,13,15,1772,4619
2023-03-15 11:16:55,14,15,1772,4619
2023-03-15 11:17:28,13,15,1772,4619
2023-03-15 11:17:28,14,15,1772,4619
2023-03-15 11:17:38,13,15,1772,4619
2023-03-15 11:17:39,14,15,1772,4619
2023-03-15 11:17:48,13,15,1772,4619
2023-03-15 11:17:48,14,15,1772,4619
2023-03-15 11:18:20,13,15,1772,4619
2023-03-15 11:18:20,14,15,1772,4619
2023-03-15 11:18:29,13,15,1772,4619
2023-03-15 11:19:31,13,14,1772,4619
2023-03-15 11:19:40,12,13,1588,4808
2023-03-15 11:19:43,12,13,1478,4918
2023-03-15 11:21:18,12,14,1478,4918
2023-03-15 11:21:32,13,14,1478,4918
2023-03-15 11:21:33,13,15,1478,4918
2023-03-15 11:21:34,14,15,1478,4918
2023-03-15 11:21:39,13,15,1478,4918
2023-03-15 11:21:40,13,14,1478,4918
2023-03-15 11:21:41,13,15,1478,4918
2023-03-15 11:21:50,13,16,1478,4918
2023-03-15 11:21:50,13,15,1478,4918
2023-03-15 11:21:52,14,15,1478,4918
2023-03-15 11:21:55,14,16,1478,4918
2023-03-15 11:22:31,14,15,1478,4918
2023-03-15 11:22:43,13,15,1478,4918
2023-03-15 11:23:10,13,16,1478,4918
2023-03-15 11:23:15,14,16,1478,4918
2023-03-15 11:23:17,14,15,1478,4918
2023-03-15 11:23:32,13,15,1478,4918
2023-03-15 11:23:32,13,16,1478,4918
2023-03-15 11:23:32,14,16,1478,4918
2023-03-15 11:23:51,13,16,1478,4918
2023-03-15 11:23:51,14,16,1478,4918
2023-03-15 11:23:51,14,15,1478,4918
2023-03-15 11:23:53,14,15,1478,4922
2023-03-15 11:24:03,15,16,1478,4926
2023-03-15 11:24:13,14,16,1478,4926
2023-03-15 11:24:14,14,16,1474,4930
2023-03-15 11:24:24,15,16,1474,4930
2023-03-15 11:24:35,14,16,1474,4930
2023-03-15 11:24:35,15,16,1474,4930
2023-03-15 11:24:51,14,16,1474,4930
2023-03-15 11:24:51,15,16,1474,4930
2023-03-15 11:25:19,14,16,1474,4930
2023-03-15 11:25:47,14,15,1474,4930
2023-03-15 11:25:52,14,15,1478,4934
2023-03-15 11:25:52,14,15,1484,4946
2023-03-15 11:26:13,13,15,1484,4946
2023-03-15 11:26:13,14,15,1484,4946
2023-03-15 11:26:13,14,15,1453,5132
2023-03-15 11:26:14,14,15,1457,5136
2023-03-15 11:26:20,13,15,1457,5136
2023-03-15 11:26:36,14,15,1457,5136
2023-03-15 11:26:51,13,15,1457,5136
2023-03-15 11:26:54,14,15,1457,5136
2023-03-15 11:27:14,13,15,1457,5136
2023-03-15 11:27:21,13,14,1457,5136
2023-03-15 11:27:46,13,15,1457,5136
2023-03-15 11:27:46,13,14,1457,5136
2023-03-15 11:27:53,13,15,1457,5136
2023-03-15 11:27:54,13,14,1457,5136
2023-03-15 11:28:10,13,14,1449,5336
2023-03-15 11:28:14,14,15,1472,5359
2023-03-15 11:28:15,14,15,1468,5363
2023-03-15 11:28:21,13,15,1468,5363
2023-03-15 11:28:27,14,15,1468,5363
2023-03-15 11:28:32,14,16,1468,5363
2023-03-15 11:28:54,14,15,1468,5363
2023-03-15 11:29:14,14,16,1468,5363
2023-03-15 11:29:16,14,15,1468,5363
2023-03-15 11:29:30,13,15,1468,5363
2023-03-15 11:30:20,14,15,1468,5363
2023-03-15 11:30:27,13,15,1468,5363
2023-03-15 11:30:27,14,15,1468,5363
2023-03-15 11:30:46,13,15,1437,5471
2023-03-15 11:30:55,13,14,1437,5471
2023-03-15 11:30:59,14,15,1441,5475
2023-03-15 11:31:10,13,14,1441,5509
2023-03-15 11:31:15,13,15,1441,5509
2023-03-15 11:31:29,13,14,1441,5509
2023-03-15 11:31:34,13,15,1441,5509
2023-03-15 11:31:34,13,14,1441,5509
2023-03-15 11:31:41,12,13,1437,5523
2023-03-15 11:32:24,12,13,1555,5723
2023-03-15 11:32:33,13,14,1557,5725
2023-03-15 11:32:37,13,15,1557,5725
2023-03-15 11:32:44,14,15,1557,5725
2023-03-15 11:33:20,13,15,1557,5725
2023-03-15 11:34:35,13,14,1557,5725
2023-03-15 11:34:38,12,14,1557,5725
2023-03-15 11:34:39,13,14,1557,5725
2023-03-15 11:34:46,12,14,1557,5725
2023-03-15 11:34:47,13,14,1557,5725
2023-03-15 11:34:55,13,15,1557,5725
2023-03-15 11:34:55,13,14,1557,5725
2023-03-15 11:35:12,13,15,1557,5725
2023-03-15 11:36:13,12,15,1557,5725
2023-03-15 11:36:14,13,15,1557,5725
2023-03-15 11:36:38,14,15,1557,5725
2023-03-15 11:37:30,13,15,1557,5725
2023-03-15 11:37:52,14,15,1557,5725
2023-03-15 11:38:16,13,15,1557,5725
2023-03-15 11:38:36,13,14,1557,5725
2023-03-15 11:38:51,13,15,1557,5725
2023-03-15 11:38:56,13,14,1557,5725
2023-03-15 11:39:16,13,15,1557,5725
2023-03-15 11:39:16,13,14,1557,5725
2023-03-15 11:39:22,12,14,1557,5725
2023-03-15 11:39:23,12,13,1557,5725
2023-03-15 11:39:32,12,14,1557,5725
2023-03-15 11:39:32,12,15,1557,5725
2023-03-15 11:39:32,13,15,1557,5725
2023-03-15 11:39:32,13,14,1557,5725
2023-03-15 11:39:40,13,15,1557,5725
2023-03-15 11:40:46,13,14,1557,5725
2023-03-15 11:40:47,12,14,1557,5725
2023-03-15 11:40:47,13,14,1557,5725
2023-03-15 11:40:53,12,13,1457,5825
2023-03-15 11:41:04,12,13,1503,5891
2023-03-15 11:41:04,12,13,1507,5895
2023-03-15 11:41:05,10,11,2132,6607
2023-03-15 11:41:26,10,11,2132,6611
2023-03-15 11:41:33,10,11,2132,6678
2023-03-15 11:41:43,10,11,2132,6728
2023-03-15 11:41:57,9,10,2132,6757
2023-03-15 11:42:08,9,11,2132,6757
2023-03-15 11:42:22,10,11,2132,6757
2023-03-15 11:42:41,9,11,2132,6757
2023-03-15 11:42:53,10,11,2132,6757
2023-03-15 11:43:17,9,11,2132,6757
2023-03-15 11:43:42,9,10,2132,6757
2023-03-15 11:43:44,9,11,2132,6757
2023-03-15 11:43:45,9,10,2132,6757
2023-03-15 11:43:46,9,11,2132,6757
2023-03-15 11:43:51,9,10,2132,6757
2023-03-15 11:43:51,9,11,2136,6794
2023-03-15 11:43:51,9,10,2136,6794
2023-03-15 11:43:51,9,11,2136,6794
2023-03-15 11:44:02,10,11,2136,6794
2023-03-15 11:44:18,9,11,2136,6794
2023-03-15 11:45:22,9,10,2136,6794
2023-03-15 11:45:24,8,9,2161,6819
2023-03-15 11:47:01,8,9,2260,6918
2023-03-15 11:47:09,8,9,2352,7010
2023-03-15 11:47:09,8,9,2444,7102
2023-03-15 11:47:23,8,9,2448,7106
2023-03-15 11:47:24,8,9,2498,7156
2023-03-15 11:47:26,8,9,2498,7356
2023-03-15 11:47:31,7,8,2498,7382
2023-03-15 11:47:35,6,8,2498,7382
2023-03-15 11:47:42,7,8,2498,7382
2023-03-15 11:47:44,7,9,2498,7382
2023-03-15 11:47:44,7,8,2498,7382
2023-03-15 11:47:59,6,8,2498,7382
2023-03-15 11:47:59,6,9,2498,7382
2023-03-15 11:47:59,6,8,2498,7382
2023-03-15 11:48:03,7,8,2498,7382
2023-03-15 11:48:06,6,8,2498,7386
2023-03-15 11:48:06,6,7,2498,7386
2023-03-15 11:48:07,6,8,2498,7386
2023-03-15 11:48:23,7,8,2498,7386
2023-03-15 11:48:27,7,9,2498,7386
2023-03-15 11:48:28,7,8,2498,7386
2023-03-15 11:48:42,6,8,2498,7386
2023-03-15 11:48:42,6,10,2498,7386
2023-03-15 11:48:42,6,9,2498,7386
2023-03-15 11:48:43,6,8,2498,7386
2023-03-15 11:49:03,7,8,2498,7386
2023-03-15 11:49:18,7,9,2498,7386
2023-03-15 11:49:18,7,10,2498,7386
2023-03-15 11:49:19,7,8,2498,7386
2023-03-15 11:49:31,7,9,2498,7386
2023-03-15 11:49:31,7,8,2498,7386
2023-03-15 11:49:40,7,9,2498,7386
2023-03-15 11:49:40,7,8,2498,7386
2023-03-15 11:49:49,6,7,2498,7518
2023-03-15 11:50:30,7,8,2498,7602
2023-03-15 11:50:39,7,9,2498,7602
2023-03-15 11:50:42,6,9,2498,7602
2023-03-15 11:50:42,7,9,2498,7602
2023-03-15 11:51:19,6,9,2498,7602
2023-03-15 11:51:19,7,9,2498,7602
2023-03-15 11:51:41,6,9,2498,7602
2023-03-15 11:51:42,7,9,2498,7602
2023-03-15 11:52:35,8,9,2498,7602
2023-03-15 11:53:18,7,9,2498,7602
2023-03-15 11:53:43,8,9,2498,7602
2023-03-15 11:53:55,9,10,2501,7737
2023-03-15 11:54:04,8,10,2501,7737
2023-03-15 11:54:21,9,11,2501,7737
2023-03-15 11:54:24,9,10,2501,7737
2023-03-15 11:54:46,10,11,2501,7825
2023-03-15 11:54:52,9,11,2501,7825
2023-03-15 11:55:01,10,11,2501,7825
2023-03-15 11:55:43,10,13,2501,7825
2023-03-15 11:55:43,10,12,2501,7825
2023-03-15 11:55:43,10,11,2501,7825
2023-03-15 11:56:24,10,11,2498,7829
2023-03-15 11:56:25,10,11,2499,7830
2023-03-15 11:56:28,10,12,2499,7830
2023-03-15 11:56:28,10,13,2499,7830
2023-03-15 11:56:28,10,11,2499,7830
2023-03-15 11:57:22,10,12,2499,7830
2023-03-15 11:57:22,10,11,2499,7830
2023-03-15 11:57:54,10,12,2499,7830
2023-03-15 11:57:54,10,11,2499,7830
2023-03-15 11:58:16,10,12,2499,7830
2023-03-15 11:58:17,10,11,2499,7830
2023-03-15 11:58:24,9,11,2499,7830
2023-03-15 11:58:32,9,10,2499,7830
2023-03-15 11:58:46,9,10,2545,7876
2023-03-15 11:58:46,9,10,2591,7922
2023-03-15 11:58:58,10,11,2591,8064
2023-03-15 11:59:01,9,10,2591,8122
2023-03-15 11:59:04,9,10,2591,8126
2023-03-15 11:59:08,10,11,2591,8135
2023-03-15 11:59:25,10,12,2591,8135
2023-03-15 11:59:25,10,11,2591,8135
2023-03-15 11:59:25,10,12,2591,8135
2023-03-15 11:59:25,10,11,2591,8135
2023-03-15 11:59:43,9,11,2591,8135
2023-03-15 12:00:06,9,12,2591,8135
2023-03-15 12:00:07,9,11,2591,8135
2023-03-15 12:00:25,9,12,2591,8135
2023-03-15 12:00:25,9,10,2591,8135
2023-03-15 12:00:38,10,11,2591,8139
2023-03-15 12:00:50,9,11,2591,8139
2023-03-15 12:01:24,10,11,2591,8139
2023-03-15 12:01:36,10,12,2591,8139
2023-03-15 12:01:37,10,11,2591,8139
2023-03-15 12:01:44,9,11,2591,8139
2023-03-15 12:02:04,10,11,2591,8139
2023-03-15 12:02:19,9,11,2591,8139
2023-03-15 12:03:45,10,11,2591,8139
2023-03-15 12:03:55,10,12,2591,8139
2023-03-15 12:03:55,10,11,2591,8139
2023-03-15 12:04:24,10,11,2591,8339
2023-03-15 12:04:25,10,11,2591,8343
2023-03-15 12:04:29,11,12,2640,8510
2023-03-15 12:04:39,10,12,2640,8510
2023-03-15 12:04:39,11,12,2640,8510
2023-03-15 12:04:41,11,14,2640,8510
2023-03-15 12:04:42,11,13,2640,8510
2023-03-15 12:04:53,12,13,2640,8510
2023-03-15 12:05:04,12,13,2640,8514
2023-03-15 12:05:12,12,13,2840,8714
2023-03-15 12:05:14,12,14,2910,8788
2023-03-15 12:05:14,13,14,2910,8788
2023-03-15 12:05:15,13,14,2910,8859
2023-03-15 12:05:16,13,14,2910,8918
2023-03-15 12:05:27,13,14,2910,8968
2023-03-15 12:05:35,13,15,2910,8968
2023-03-15 12:05:35,14,15,2910,8968
2023-03-15 12:05:38,13,15,2910,8996
2023-03-15 12:05:44,13,16,2910,8996
2023-03-15 12:05:45,14,16,2910,8996
2023-03-15 12:05:45,14,15,2910,8996
2023-03-15 12:05:52,13,15,2910,8996
2023-03-15 12:05:53,13,14,2910,8996
2023-03-15 12:05:53,13,15,2910,8996
2023-03-15 12:05:53,14,15,2910,8996
2023-03-15 12:05:53,14,15,2910,9032
2023-03-15 12:06:04,14,16,2910,9032
2023-03-15 12:06:05,14,16,2910,9036
2023-03-15 12:06:05,14,15,2910,9036
2023-03-15 12:06:22,13,16,2910,9036
2023-03-15 12:06:22,14,16,2910,9036
2023-03-15 12:06:25,14,15,2910,9036
2023-03-15 12:06:31,13,15,2910,9036
2023-03-15 12:06:31,14,15,2910,9036
2023-03-15 12:06:33,14,15,2910,9072
2023-03-15 12:06:40,14,16,2910,9072
2023-03-15 12:06:41,13,16,2910,9072
2023-03-15 12:06:41,14,16,2910,9072
2023-03-15 12:06:56,15,16,2910,9072
2023-03-15 12:07:06,15,16,2910,9076
2023-03-15 12:07:25,15,16,2993,9159
2023-03-15 12:07:25,15,16,3033,9242
2023-03-15 12:08:07,15,16,3029,9246
2023-03-15 12:08:19,15,16,3029,9327
2023-03-15 12:08:22,16,18,3003,9353
2023-03-15 12:08:26,16,17,3003,9353
2023-03-15 12:08:46,15,17,3003,9353
2023-03-15 12:08:46,16,17,3003,9353
2023-03-15 12:08:55,15,17,3003,9353
2023-03-15 12:08:56,16,17,3003,9353
2023-03-15 12:09:16,15,17,3003,9353
2023-03-15 12:09:16,16,17,3003,9353
2023-03-15 12:09:24,16,18,3003,9353
2023-03-15 12:09:26,16,17,3003,9353
2023-03-15 12:09:40,16,18,3003,9353
2023-03-15 12:09:40,15,18,3003,9353
2023-03-15 12:09:41,17,18,3003,9353
2023-03-15 12:09:46,17,18,3003,9357
2023-03-15 12:10:04,17,19,3003,9357
2023-03-15 12:10:07,17,19,3003,9359
2023-03-15 12:11:24,16,19,3003,9359
2023-03-15 12:11:24,18,19,3003,9359
2023-03-15 12:12:33,17,19,3003,9359
2023-03-15 12:12:34,18,19,3003,9359
2023-03-15 12:13:58,17,19,3003,9359
2023-03-15 12:13:59,18,19,3003,9359
2023-03-15 12:14:30,17,19,3003,9359
2023-03-15 12:14:30,18,19,3003,9359
2023-03-15 12:14:42,17,18,2952,9469
2023-03-15 12:14:47,17,19,2952,9469
2023-03-15 12:14:47,17,18,2952,9469
2023-03-15 12:14:59,16,18,2952,9469
2023-03-15 12:14:59,17,18,2952,9469
2023-03-15 12:15:02,17,19,2952,9469
2023-03-15 12:15:07,17,18,2952,9469
2023-03-15 12:15:27,17,19,2952,9469
2023-03-15 12:15:47,17,18,2952,9469
2023-03-15 12:15:47,16,18,2952,9469
2023-03-15 12:15:48,17,18,2952,9469
2023-03-15 12:15:53,17,18,2952,9558
2023-03-15 12:15:57,16,17,2952,9582
2023-03-15 12:16:05,16,18,2952,9582
2023-03-15 12:16:05,17,18,2952,9582
2023-03-15 12:16:07,17,18,2956,9586
2023-03-15 12:16:08,16,17,2989,9619
2023-03-15 12:16:19,15,16,2989,9730
2023-03-15 12:16:21,15,16,3007,9752
2023-03-15 12:16:49,15,16,3007,9756
2023-03-15 12:16:57,14,16,3007,9756
2023-03-15 12:17:27,14,15,3007,9756
2023-03-15 12:17:45,14,16,3007,9756
2023-03-15 12:17:47,14,15,3007,9756
2023-03-15 12:18:07,14,16,3007,9756
2023-03-15 12:18:07,14,15,3007,9756
2023-03-15 12:18:20,13,15,3007,9756
2023-03-15 12:18:21,14,15,3007,9756
2023-03-15 12:18:28,14,16,3007,9756
2023-03-15 12:18:31,14,15,3007,9756
2023-03-15 12:18:42,14,16,3007,9756
2023-03-15 12:18:43,14,15,3007,9756
2023-03-15 12:18:48,14,16,3007,9756
2023-03-15 12:18:48,14,15,3007,9756
2023-03-15 12:18:50,14,16,3007,9756
2023-03-15 12:18:53,14,15,3007,9756
2023-03-15 12:19:02,14,16,3007,9756
2023-03-15 12:19:19,15,16,3007,9756
2023-03-15 12:19:27,15,17,3007,9756
2023-03-15 12:19:47,15,16,3007,9756
2023-03-15 12:19:49,14,16,3007,9756
2023-03-15 12:19:49,15,16,3007,9756
2023-03-15 12:20:07,15,17,3007,9756
2023-03-15 12:20:30,16,17,3007,9756
2023-03-15 12:20:41,15,17,3007,9756
2023-03-15 12:20:47,14,17,3007,9756
2023-03-15 12:20:47,14,16,3007,9756
2023-03-15 12:21:22,15,16,3007,9756
2023-03-15 12:21:28,15,17,3007,9756
2023-03-15 12:21:28,15,16,3007,9756
2023-03-15 12:21:38,14,16,3007,9756
2023-03-15 12:21:47,14,17,3007,9756
2023-03-15 12:21:48,14,15,3007,9756
2023-03-15 12:22:08,14,16,3007,9756
2023-03-15 12:22:08,14,15,3007,9756
2023-03-15 12:22:26,14,16,3007,9756
2023-03-15 12:22:47,14,17,3007,9756
2023-03-15 12:22:48,15,17,3007,9756
2023-03-15 12:23:22,16,17,3007,9756
2023-03-15 12:23:28,16,19,3007,9756
2023-03-15 12:23:28,16,18,3007,9756
2023-03-15 12:23:28,16,19,3007,9756
2023-03-15 12:23:31,16,18,3007,9756
2023-03-15 12:23:46,16,19,3007,9756
2023-03-15 12:23:46,16,18,3007,9756
2023-03-15 12:24:09,16,19,3007,9756
2023-03-15 12:24:09,16,18,3007,9756
2023-03-15 12:24:24,16,19,3007,9756
2023-03-15 12:24:24,17,19,3007,9756
2023-03-15 12:24:29,17,18,3007,9756
2023-03-15 12:24:43,16,18,3007,9756
2023-03-15 12:24:49,16,19,3007,9756
2023-03-15 12:24:50,16,18,3007,9756
2023-03-15 12:25:11,17,18,3007,9756
2023-03-15 12:25:28,17,19,3007,9756
2023-03-15 12:25:28,17,18,3007,9756
2023-03-15 12:25:47,17,19,3007,9756
2023-03-15 12:25:53,17,19,3007,9756
2023-03-15 12:25:53,17,18,3007,9756
2023-03-15 12:25:56,17,19,3007,9791
2023-03-15 12:25:56,17,18,3007,9791
2023-03-15 12:25:56,17,19,3007,9791
2023-03-15 12:26:08,18,19,3007,9791
2023-03-15 12:26:20,18,20,3007,9791
2023-03-15 12:26:20,18,19,3007,9791
2023-03-15 12:26:20,18,20,3007,9791
2023-03-15 12:26:27,18,19,3007,9791
2023-03-15 12:26:38,18,20,3007,9791
2023-03-15 12:26:39,18,19,3007,9791
2023-03-15 12:26:46,17,19,3007,9791
2023-03-15 12:26:46,17,20,3007,9791
2023-03-15 12:26:46,18,20,3007,9791
2023-03-15 12:26:51,18,19,3007,9791
2023-03-15 12:26:56,17,19,3007,9791
2023-03-15 12:26:56,18,19,3007,9791
2023-03-15 12:27:07,18,20,3007,9791
2023-03-15 12:27:07,18,19,3007,9791
2023-03-15 12:27:19,17,19,3007,9791
2023-03-15 12:27:19,18,19,3007,9791
2023-03-15 12:27:28,18,20,3007,9791
2023-03-15 12:27:29,18,19,3007,9791
2023-03-15 12:27:42,17,19,3007,9791
2023-03-15 12:27:42,18,19,3007,9791
2023-03-15 12:27:44,18,20,3007,9791
2023-03-15 12:27:48,18,19,3007,9791
2023-03-15 12:27:52,17,19,3007,9791
2023-03-15 12:27:52,18,19,3007,9791
2023-03-15 12:28:17,17,19,3007,9791
2023-03-15 12:28:17,18,19,3007,9791
2023-03-15 12:28:27,18,20,3007,9791
2023-03-15 12:28:27,18,19,3007,9791
2023-03-15 12:28:47,18,20,3007,9791
2023-03-15 12:28:47,18,19,3007,9791
2023-03-15 12:28:50,17,19,3007,9791
2023-03-15 12:28:50,18,19,3007,9791
2023-03-15 12:29:00,18,19,3089,9873
2023-03-15 12:29:00,18,19,3171,9955
2023-03-15 12:29:04,18,20,3171,9955
2023-03-15 12:29:04,18,19,3171,9955
2023-03-15 12:29:04,18,20,3171,9955
2023-03-15 12:29:08,18,20,3175,9959
2023-03-15 12:29:09,18,19,3175,9959
2023-03-15 12:29:09,18,19,3251,10035
2023-03-15 12:29:09,18,19,3255,10039
2023-03-15 12:29:09,18,20,3255,10039
2023-03-15 12:29:16,17,20,3255,10039
2023-03-15 12:29:23,17,19,3255,10039
2023-03-15 12:29:31,17,18,3255,10039
2023-03-15 12:29:41,17,19,3255,10039
2023-03-15 12:29:49,17,18,3255,10039
2023-03-15 12:29:52,16,18,3255,10039
2023-03-15 12:30:22,15,18,4095,10883
2023-03-15 12:30:28,15,17,4095,10883
2023-03-15 12:30:45,14,17,4095,10883
2023-03-15 12:30:46,14,15,4095,10883
2023-03-15 12:30:53,14,15,4095,10953
2023-03-15 12:31:19,14,16,4095,10953
2023-03-15 12:31:20,14,15,4095,10953
2023-03-15 12:31:33,14,16,4095,10953
2023-03-15 12:31:34,14,15,4095,10953
2023-03-15 12:31:34,13,14,4095,10987
2023-03-15 12:32:05,12,14,4095,10987
2023-03-15 12:32:10,12,13,4095,10987
2023-03-15 12:32:21,11,13,4095,10987
2023-03-15 12:32:57,12,13,4095,10987
2023-03-15 12:33:10,12,14,4095,10987
2023-03-15 12:33:23,12,15,3791,11291
2023-03-15 12:33:27,13,15,3791,11291
2023-03-15 12:33:32,13,14,3791,11291
2023-03-15 12:33:46,12,14,3791,11291
2023-03-15 12:34:10,12,15,3791,11291
2023-03-15 12:34:10,12,14,3791,11291
2023-03-15 12:34:30,13,14,3791,11291
2023-03-15 12:34:31,13,15,3791,11291
2023-03-15 12:34:45,12,15,3791,11291
2023-03-15 12:34:50,13,15,3791,11291
2023-03-15 12:35:30,13,14,3791,11291
2023-03-15 12:35:31,12,14,3791,11291
2023-03-15 12:35:31,13,14,3791,11291
2023-03-15 12:35:49,12,14,3791,11291
2023-03-15 12:35:49,12,15,3791,11291
2023-03-15 12:35:49,13,15,3791,11291
2023-03-15 12:36:28,13,16,3791,11291
2023-03-15 12:36:28,14,16,3791,11291
2023-03-15 12:36:33,14,16,3829,11329
2023-03-15 12:36:51,13,16,3829,11329
2023-03-15 12:36:53,14,16,3829,11329
2023-03-15 12:37:22,14,15,3829,11329
2023-03-15 12:37:28,13,15,3829,11329
2023-03-15 12:37:28,13,16,3829,11329
2023-03-15 12:37:28,13,17,3829,11329
2023-03-15 12:37:29,14,17,3829,11329
2023-03-15 12:37:29,14,16,3829,11329
2023-03-15 12:38:31,15,16,3829,11329
2023-03-15 12:38:31,15,17,3829,11329
2023-03-15 12:38:31,15,16,3829,11329
2023-03-15 12:38:38,15,17,3829,11329
2023-03-15 12:38:50,14,17,3829,11329
2023-03-15 12:38:50,15,17,3829,11329
2023-03-15 12:39:09,15,19,3829,11329
2023-03-15 12:39:09,15,17,3829,11329
2023-03-15 12:39:11,16,17,3829,11329
2023-03-15 12:39:15,16,17,3829,11440
2023-03-15 12:39:17,16,18,3829,11440
2023-03-15 12:39:25,15,18,3829,11440
2023-03-15 12:39:26,15,19,3829,11440
2023-03-15 12:39:26,16,19,3829,11440
2023-03-15 12:39:26,16,18,3829,11440
2023-03-15 12:39:30,16,17,3829,11440
2023-03-15 12:39:37,15,17,3829,11440
2023-03-15 12:39:45,15,19,3829,11440
2023-03-15 12:39:45,15,18,3829,11440
2023-03-15 12:39:50,16,18,3829,11440
2023-03-15 12:40:13,16,17,3829,11440
2023-03-15 12:40:29,16,18,3829,11440
2023-03-15 12:40:45,16,19,3829,11440
2023-03-15 12:40:45,16,18,3829,11440
2023-03-15 12:41:02,17,18,3829,11440
2023-03-15 12:41:31,17,18,3829,11444
2023-03-15 12:41:45,17,20,3829,11444
2023-03-15 12:41:46,17,19,3829,11444
2023-03-15 12:41:51,17,18,3829,11444
2023-03-15 12:42:11,17,19,3829,11444
2023-03-15 12:42:11,17,18,3829,11444
2023-03-15 12:42:30,17,20,3829,11444
2023-03-15 12:42:31,17,18,3829,11444
2023-03-15 12:42:46,17,19,3829,11444
2023-03-15 12:42:51,17,18,3829,11444
2023-03-15 12:43:10,17,19,3829,11444
2023-03-15 12:43:11,17,19,3825,11448
2023-03-15 12:43:17,17,20,3825,11448
2023-03-15 12:43:17,17,19,3825,11448
2023-03-15 12:43:24,17,20,3825,11448
2023-03-15 12:43:24,17,19,3825,11448
2023-03-15 12:43:33,17,18,3825,11448
2023-03-15 12:43:50,17,19,3825,11448
2023-03-15 12:43:50,17,18,3825,11448
2023-03-15 12:44:07,17,19,3825,11448
2023-03-15 12:44:11,17,18,3825,11448
2023-03-15 12:44:37,16,18,3825,11448
2023-03-15 12:44:51,16,17,3825,11448
2023-03-15 12:45:11,16,18,3825,11448
2023-03-15 12:45:11,16,17,3825,11448
2023-03-15 12:45:31,16,18,3825,11448
2023-03-15 12:45:31,16,17,3825,11448
2023-03-15 12:45:38,15,17,3825,11448
2023-03-15 12:45:47,14,17,3825,11448
2023-03-15 12:45:47,15,17,3825,11448
2023-03-15 12:45:51,15,16,3825,11448
2023-03-15 12:46:21,14,16,3825,11448
2023-03-15 12:47:20,15,16,3825,11448
2023-03-15 12:47:27,15,17,3825,11448
2023-03-15 12:47:27,15,16,3825,11448
2023-03-15 12:47:45,14,16,3899,11522
2023-03-15 12:47:51,14,15,3899,11522
2023-03-15 12:47:52,13,15,3899,11522
2023-03-15 12:47:53,14,15,3899,11522
2023-03-15 12:48:11,14,16,3899,11522
2023-03-15 12:48:31,14,15,3899,11522
2023-03-15 12:48:51,14,16,3899,11522
2023-03-15 12:48:51,14,15,3899,11522
2023-03-15 12:49:09,14,16,3899,11522
2023-03-15 12:49:51,14,15,3899,11522
2023-03-15 12:50:06,14,16,3899,11522
2023-03-15 12:50:14,14,16,3903,11526
2023-03-15 12:50:23,13,16,3903,11526
2023-03-15 12:50:24,13,15,3903,11526
2023-03-15 12:50:31,14,15,3903,11526
2023-03-15 12:50:47,13,15,3903,11526
2023-03-15 12:50:47,13,16,3903,11526
2023-03-15 12:50:48,14,16,3903,11526
2023-03-15 12:50:51,15,16,3903,11526
2023-03-15 12:51:06,13,15,3903,11526
2023-03-15 12:51:07,15,16,3899,11530
2023-03-15 12:51:11,15,16,3895,11534
2023-03-15 12:51:31,15,16,3895,11538
2023-03-15 12:51:51,15,16,3891,11542
2023-03-15 12:52:51,15,17,3943,11675
2023-03-15 12:52:55,16,17,3943,11675
2023-03-15 12:53:10,16,18,3943,11675
2023-03-15 12:54:11,16,17,3943,11675
2023-03-15 12:54:26,16,19,3943,11675
2023-03-15 12:54:26,16,18,3943,11675
2023-03-15 12:54:51,16,17,3943,11675
2023-03-15 12:55:11,16,18,3943,11675
2023-03-15 12:55:28,16,19,3943,11675
2023-03-15 12:55:31,16,18,3943,11675
2023-03-15 12:55:37,17,18,3943,11675
2023-03-15 12:55:51,17,19,3943,11675
2023-03-15 12:55:52,17,18,3943,11675
2023-03-15 12:56:11,17,19,3943,11675
2023-03-15 12:56:30,17,20,3943,11675
2023-03-15 12:56:30,18,20,3943,11675
2023-03-15 12:56:58,19,20,3943,11675
2023-03-15 12:57:06,19,20,3891,11861
2023-03-15 12:57:11,19,20,3891,11865
2023-03-15 12:57:13,19,21,3891,11865
2023-03-15 12:57:18,21,22,3702,12054
2023-03-15 12:57:29,21,23,3702,12054
2023-03-15 12:57:29,21,24,3702,12054
2023-03-15 12:57:29,21,23,3702,12054
2023-03-15 12:57:29,22,23,3702,12054
2023-03-15 12:57:29,22,24,3702,12054
2023-03-15 12:57:30,22,23,3702,12054
2023-03-15 12:57:31,22,24,3702,12054
2023-03-15 12:57:31,22,24,3702,12058
2023-03-15 12:57:37,21,24,3702,12058
2023-03-15 12:57:38,23,24,3702,12058
2023-03-15 12:57:43,21,23,3702,12087
2023-03-15 12:57:46,21,23,3702,12116
2023-03-15 12:57:51,21,24,3702,12116
2023-03-15 12:57:51,21,23,3702,12116
2023-03-15 12:57:52,21,22,3702,12116
2023-03-15 12:57:52,23,24,3725,12139
2023-03-15 12:57:55,21,23,3725,12151
2023-03-15 12:57:59,22,23,3725,12151
2023-03-15 12:58:07,22,24,3725,12151
2023-03-15 12:58:12,22,23,3725,12151
2023-03-15 12:58:15,22,23,3725,12351
2023-03-15 12:58:19,21,22,3725,12399
2023-03-15 12:58:30,21,23,3725,12399
2023-03-15 12:58:31,21,22,3725,12399
2023-03-15 12:58:31,20,22,3725,12399
2023-03-15 12:58:51,20,21,3725,12399
2023-03-15 12:59:19,19,20,3725,12520
2023-03-15 12:59:29,17,21,3725,12520
2023-03-15 12:59:29,18,21,3725,12520
2023-03-15 12:59:29,18,20,3725,12520
2023-03-15 12:59:48,17,20,3725,12520
2023-03-15 12:59:48,18,20,3725,12520
2023-03-15 13:00:01,19,20,3725,12520
2023-03-15 13:01:37,19,20,3639,12606
2023-03-15 13:01:54,18,20,3639,12606
2023-03-15 13:02:51,17,20,3639,12606
2023-03-15 13:02:52,18,20,3639,12606
2023-03-15 13:03:02,19,20,3639,12606
2023-03-15 13:03:46,19,20,3639,12670
2023-03-15 13:03:52,19,20,3635,12674
2023-03-15 13:03:53,19,20,3635,12702
2023-03-15 13:03:54,20,21,3635,12823
2023-03-15 13:03:56,20,22,3635,12823
2023-03-15 13:03:56,20,21,3635,12823
2023-03-15 13:03:57,21,22,3625,12833
2023-03-15 13:04:12,21,22,3625,12837
2023-03-15 13:04:53,21,22,3625,12841
2023-03-15 13:05:02,21,22,3625,12973
2023-03-15 13:05:04,19,21,3625,12987
2023-03-15 13:05:06,20,21,3625,12987
2023-03-15 13:05:06,20,21,3707,13069
2023-03-15 13:05:08,20,21,3789,13188
2023-03-15 13:05:12,19,20,3846,13245
2023-03-15 13:05:13,19,20,3850,13249
2023-03-15 13:05:13,19,20,3886,13285
2023-03-15 13:05:15,19,20,4336,13735
2023-03-15 13:05:16,19,20,4440,13839
2023-03-15 13:05:17,19,21,4440,13839
2023-03-15 13:05:17,19,21,4472,13871
2023-03-15 13:05:21,18,19,4472,14019
2023-03-15 13:05:29,18,20,4472,14219
2023-03-15 13:05:30,18,19,4472,14219
2023-03-15 13:05:33,18,19,4476,14223
2023-03-15 13:05:33,18,19,4483,14230
2023-03-15 13:05:33,18,19,4487,14234
2023-03-15 13:05:33,18,19,4487,14434
2023-03-15 13:05:41,18,19,4545,14492
2023-03-15 13:05:43,18,19,4627,14574
2023-03-15 13:05:44,18,19,4733,14774
2023-03-15 13:05:48,18,19,4933,14974
2023-03-15 13:05:54,16,19,4933,14974
2023-03-15 13:05:54,16,20,4933,14974
2023-03-15 13:05:54,18,20,4933,14974
2023-03-15 13:05:55,15,20,4743,15172
2023-03-15 13:05:55,15,20,4615,15370
2023-03-15 13:05:55,15,20,4417,15568
2023-03-15 13:05:56,15,19,4417,15568
2023-03-15 13:06:02,15,18,4417,15568
2023-03-15 13:06:02,15,16,4417,15568
2023-03-15 13:06:05,16,18,4239,15746
2023-03-15 13:06:14,17,18,4239,15746
2023-03-15 13:06:15,15,18,4235,15750
2023-03-15 13:06:16,15,17,4235,15750
2023-03-15 13:06:22,15,17,3899,16086
2023-03-15 13:06:22,15,17,3861,16422
2023-03-15 13:06:22,15,17,3861,16522
2023-03-15 13:06:23,15,16,3861,16522
2023-03-15 13:06:23,15,16,3893,16554
2023-03-15 13:06:23,15,17,3893,16554
2023-03-15 13:06:34,15,16,3893,16554
2023-03-15 13:06:34,14,16,3889,16889
2023-03-15 13:06:34,11,13,3889,17078
2023-03-15 13:06:36,13,16,3776,17191
2023-03-15 13:06:40,13,16,3761,17391
2023-03-15 13:06:44,11,16,3761,17391
2023-03-15 13:06:44,13,16,3761,17391
2023-03-15 13:06:44,13,15,3761,17391
2023-03-15 13:06:46,13,16,3761,17591
2023-03-15 13:06:55,14,16,3761,17591
2023-03-15 13:06:57,14,15,3761,17591
2023-03-15 13:07:02,15,16,3761,17695
2023-03-15 13:07:03,14,16,3761,17791
2023-03-15 13:07:04,14,15,3761,17791
2023-03-15 13:07:06,15,16,3761,17942
2023-03-15 13:07:10,15,17,3761,17942
2023-03-15 13:07:13,16,17,3765,17946
2023-03-15 13:07:17,14,17,3765,17946
2023-03-15 13:07:17,15,17,3765,17946
2023-03-15 13:07:25,14,17,3765,17946
2023-03-15 13:07:26,15,17,3765,17946
2023-03-15 13:07:33,15,17,3765,18019
2023-03-15 13:07:41,15,17,3765,18165
2023-03-15 13:07:52,17,18,3765,18345
2023-03-15 13:07:53,15,17,3768,18348
2023-03-15 13:07:58,16,17,3768,18348
2023-03-15 13:08:09,16,18,3768,18348
2023-03-15 13:08:09,16,19,3768,18348
2023-03-15 13:08:13,17,19,3768,18348
2023-03-15 13:08:24,17,19,3793,18377
2023-03-15 13:08:31,18,19,3793,18377
2023-03-15 13:08:33,18,19,3797,18381
2023-03-15 13:08:34,17,18,3797,18466
2023-03-15 13:08:37,17,18,3797,18555
2023-03-15 13:08:48,16,18,3797,18555
2023-03-15 13:08:48,15,18,3797,18555
2023-03-15 13:08:48,17,18,3797,18555
2023-03-15 13:08:52,17,18,3793,18559
2023-03-15 13:08:57,15,18,3793,18559
2023-03-15 13:08:57,16,18,3793,18559
2023-03-15 13:09:13,16,17,3793,18559
2023-03-15 13:09:18,15,17,3793,18559
2023-03-15 13:09:30,14,17,3793,18559
2023-03-15 13:09:30,14,18,3793,18559
2023-03-15 13:09:30,15,18,3793,18559
2023-03-15 13:09:30,15,17,3793,18559
2023-03-15 13:09:50,14,17,3793,18559
2023-03-15 13:09:50,14,18,3793,18559
2023-03-15 13:09:51,15,18,3793,18559
2023-03-15 13:09:51,15,17,3793,18559
2023-03-15 13:09:52,16,17,3793,18559
2023-03-15 13:10:20,16,18,3793,18559
2023-03-15 13:10:20,16,17,3793,18559
2023-03-15 13:10:41,16,18,3793,18559
2023-03-15 13:10:41,16,17,3793,18559
2023-03-15 13:10:51,15,17,3793,18559
2023-03-15 13:10:51,15,18,3793,18559
2023-03-15 13:10:51,15,17,3793,18559
2023-03-15 13:10:52,15,16,3793,18559
2023-03-15 13:11:11,15,16,3901,18667
2023-03-15 13:11:15,13,14,4216,19182
2023-03-15 13:11:16,13,14,4360,19326
2023-03-15 13:11:22,12,14,4360,19326
2023-03-15 13:11:23,13,14,4360,19326
2023-03-15 13:11:40,12,13,4357,19330
2023-03-15 13:11:52,12,14,4357,19330
2023-03-15 13:11:52,12,13,4357,19330
2023-03-15 13:11:52,12,13,4357,19334
2023-03-15 13:12:04,11,12,4561,19563
2023-03-15 13:12:13,11,12,4561,19785
2023-03-15 13:12:13,11,12,4561,19789
2023-03-15 13:12:19,10,12,4649,19899
2023-03-15 13:12:28,10,11,4649,19899
2023-03-15 13:13:00,10,12,4649,19899
2023-03-15 13:13:01,10,11,4649,19899
2023-03-15 13:13:18,9,10,4649,19910
2023-03-15 13:13:28,10,11,4649,19935
2023-03-15 13:13:30,10,11,4649,20043
2023-03-15 13:13:35,9,11,4649,20043
2023-03-15 13:13:35,9,10,4649,20043
2023-03-15 13:14:29,9,11,4649,20043
2023-03-15 13:14:33,9,10,4649,20043
2023-03-15 13:14:48,9,11,4649,20043
2023-03-15 13:14:53,9,10,4649,20043
2023-03-15 13:15:13,9,11,4649,20043
2023-03-15 13:15:14,9,10,4649,20043
2023-03-15 13:15:32,9,11,4649,20043
2023-03-15 13:15:32,9,10,4649,20043
2023-03-15 13:16:13,9,10,4649,20047
2023-03-15 13:16:19,8,9,4649,20068
2023-03-15 13:16:28,8,9,4704,20123
2023-03-15 13:16:33,8,9,4707,20127
2023-03-15 13:16:33,7,9,4707,20127
2023-03-15 13:16:41,7,8,4707,20127
2023-03-15 13:16:50,6,8,4707,20127
2023-03-15 13:16:50,6,9,4707,20127
2023-03-15 13:16:51,6,8,4707,20127
2023-03-15 13:16:55,6,8,4704,20131
2023-03-15 13:16:59,6,9,4704,20131
2023-03-15 13:16:59,6,8,4704,20131
2023-03-15 13:17:13,7,8,4704,20131
2023-03-15 13:17:21,7,9,4704,20131
2023-03-15 13:17:31,6,9,4704,20131
2023-03-15 13:17:32,7,9,4704,20131
2023-03-15 13:17:52,6,9,4704,20131
2023-03-15 13:17:52,6,10,4704,20131
2023-03-15 13:17:52,7,10,4704,20131
2023-03-15 13:17:52,7,9,4704,20131
2023-03-15 13:17:53,8,9,4704,20131
2023-03-15 13:18:33,8,9,4704,20135
2023-03-15 13:18:35,8,10,4704,20135
2023-03-15 13:18:53,8,9,4704,20135
2023-03-15 13:19:13,8,10,4704,20135
2023-03-15 13:19:13,8,9,4704,20135
2023-03-15 13:19:18,7,9,4704,20135
2023-03-15 13:19:33,7,8,4704,20135
2023-03-15 13:19:49,7,9,4704,20135
2023-03-15 13:19:49,7,10,4704,20135
2023-03-15 13:19:49,7,9,4704,20135
2023-03-15 13:20:29,8,9,4704,20135
2023-03-15 13:20:42,8,10,4704,20135
2023-03-15 13:21:29,7,10,4704,20135
2023-03-15 13:21:29,7,9,4704,20135
2023-03-15 13:21:33,7,8,4704,20135
2023-03-15 13:21:54,7,9,4704,20135
2023-03-15 13:22:13,8,9,4704,20135
2023-03-15 13:22:20,8,10,4704,20135
2023-03-15 13:22:34,8,9,4704,20135
2023-03-15 13:22:51,8,10,4704,20135
2023-03-15 13:22:51,7,10,4704,20135
2023-03-15 13:22:52,8,10,4704,20135
2023-03-15 13:22:54,8,9,4704,20135
2023-03-15 13:23:09,8,10,4704,20135
2023-03-15 13:23:14,8,9,4704,20135
2023-03-15 13:23:20,7,9,4704,20135
2023-03-15 13:23:36,7,8,4704,20135
2023-03-15 13:23:49,6,8,4704,20135
2023-03-15 13:24:34,6,7,4704,20135
2023-03-15 13:24:49,6,8,4704,20135
2023-03-15 13:25:03,7,9,4704,20135
2023-03-15 13:25:34,7,9,4700,20139
2023-03-15 13:25:44,7,8,4700,20139
2023-03-15 13:25:53,7,8,4703,20143
2023-03-15 13:25:59,6,8,4703,20143
2023-03-15 13:25:59,6,9,4703,20143
2023-03-15 13:26:00,6,8,4703,20143
2023-03-15 13:26:14,6,8,4700,20147
2023-03-15 13:26:20,6,9,4700,20147
2023-03-15 13:26:21,6,8,4700,20147
2023-03-15 13:26:27,5,8,4700,20147
2023-03-15 13:26:27,6,8,4700,20147
2023-03-15 13:26:46,6,7,4700,20147
2023-03-15 13:26:51,5,7,4700,20147
2023-03-15 13:26:51,5,8,4700,20147
2023-03-15 13:26:51,5,7,4700,20147
2023-03-15 13:26:56,6,7,4700,20147
2023-03-15 13:27:18,6,8,4700,20147
2023-03-15 13:27:29,5,8,4700,20147
2023-03-15 13:27:29,6,8,4700,20147
2023-03-15 13:27:33,7,8,4700,20147
2023-03-15 13:27:50,6,8,4700,20147
2023-03-15 13:28:14,6,7,4700,20147
2023-03-15 13:28:21,5,7,4700,20147
2023-03-15 13:28:34,5,6,4700,20147
2023-03-15 13:29:23,5,6,4698,20149
2023-03-15 13:29:26,5,6,4699,20150
2023-03-15 13:29:56,5,6,4723,20174
2023-03-15 13:30:11,4,6,4723,20174
2023-03-15 13:30:16,4,6,4723,20178
2023-03-15 13:30:21,4,7,4723,20178
2023-03-15 13:30:23,5,7,4723,20178
2023-03-15 13:30:24,5,7,4724,20179
2023-03-15 13:30:34,5,6,4724,20179
2023-03-15 13:30:35,4,6,4724,20179
2023-03-15 13:30:35,5,6,4724,20179
2023-03-15 13:30:50,5,7,4724,20179
2023-03-15 13:30:50,4,7,4724,20179
2023-03-15 13:30:51,5,7,4724,20179
2023-03-15 13:30:54,5,6,4724,20179
2023-03-15 13:31:11,6,7,4724,20179
2023-03-15 13:31:14,5,7,4724,20179
2023-03-15 13:31:33,5,6,4724,20179
2023-03-15 13:31:41,4,6,4724,20179
2023-03-15 13:31:41,5,6,4724,20179
2023-03-15 13:31:51,4,7,4724,20179
2023-03-15 13:31:51,5,7,4724,20179
2023-03-15 13:31:54,5,6,4724,20179
2023-03-15 13:32:13,5,7,4724,20179
2023-03-15 13:32:22,6,7,4724,20179
2023-03-15 13:32:33,6,8,4724,20179
2023-03-15 13:32:34,6,7,4724,20179
2023-03-15 13:32:49,6,8,4724,20179
2023-03-15 13:32:49,5,8,4724,20179
2023-03-15 13:32:49,6,8,4724,20179
2023-03-15 13:32:54,6,7,4724,20179
2023-03-15 13:33:10,7,8,4724,20179
2023-03-15 13:33:12,6,8,4724,20179
2023-03-15 13:33:12,6,9,4724,20179
2023-03-15 13:33:12,6,8,4724,20179
2023-03-15 13:33:20,7,8,4724,20179
2023-03-15 13:33:31,6,9,4724,20179
2023-03-15 13:33:37,6,8,4724,20179
2023-03-15 13:33:54,7,8,4724,20179
2023-03-15 13:33:54,7,8,4724,20183
2023-03-15 13:34:37,6,7,4724,20204
2023-03-15 13:34:50,5,7,4724,20204
2023-03-15 13:35:00,5,6,4724,20204
2023-03-15 13:35:08,5,7,4724,20204
2023-03-15 13:35:09,5,6,4724,20204
2023-03-15 13:35:12,5,6,4749,20229
2023-03-15 13:35:12,5,7,4749,20229
2023-03-15 13:35:12,5,7,4753,20233
2023-03-15 13:35:14,5,6,4753,20233
2023-03-15 13:35:23,5,6,4754,20234
2023-03-15 13:35:26,5,6,4774,20254
2023-03-15 13:35:56,4,6,4774,20254
2023-03-15 13:36:33,4,6,4825,20305
2023-03-15 13:36:33,4,6,4874,20356
2023-03-15 13:37:20,4,5,4874,20356
2023-03-15 13:37:22,4,6,4874,20356
2023-03-15 13:37:33,5,6,4874,20356
2023-03-15 13:37:33,5,6,4899,20381
2023-03-15 13:38:02,5,7,4899,20381
2023-03-15 13:38:54,6,7,4899,20381
2023-03-15 13:39:11,6,8,4899,20381
2023-03-15 13:39:11,6,7,4899,20381
2023-03-15 13:39:34,6,7,4899,20385
2023-03-15 13:39:54,6,7,4899,20389
2023-03-15 13:40:17,6,7,4899,20393
2023-03-15 13:41:10,6,8,4899,20393
2023-03-15 13:41:10,7,8,4899,20393
2023-03-15 13:41:21,8,10,4899,20397
2023-03-15 13:41:34,8,10,4793,20508
2023-03-15 13:41:34,8,9,4793,20508
2023-03-15 13:41:39,8,10,4792,20512
2023-03-15 13:41:48,9,10,4792,20512
2023-03-15 13:41:52,9,11,4792,20512
2023-03-15 13:41:53,9,10,4792,20512
2023-03-15 13:41:54,9,10,4789,20516
2023-03-15 13:41:56,9,10,4765,20571
2023-03-15 13:42:07,9,11,4765,20690
2023-03-15 13:42:20,9,10,4765,20690
2023-03-15 13:42:34,9,10,4765,20694
2023-03-15 13:42:35,8,10,4765,20694
2023-03-15 13:42:35,8,11,4765,20694
2023-03-15 13:42:35,8,10,4765,20694
2023-03-15 13:42:51,8,11,4765,20694
2023-03-15 13:42:51,9,11,4765,20694
2023-03-15 13:42:54,9,10,4765,20694
2023-03-15 13:43:08,9,11,4765,20698
2023-03-15 13:43:14,9,11,4768,20702
2023-03-15 13:43:21,8,11,4768,20702
2023-03-15 13:43:21,9,11,4768,20702
2023-03-15 13:43:33,9,10,4768,20702
2023-03-15 13:43:36,9,10,4772,20706
2023-03-15 13:43:54,9,10,4776,20710
2023-03-15 13:44:14,9,10,4776,20714
2023-03-15 13:44:34,9,10,4776,20718
2023-03-15 13:44:49,9,11,4776,20718
2023-03-15 13:44:55,10,11,4776,20718
2023-03-15 13:45:13,9,11,4776,20718
2023-03-15 13:46:13,10,11,4776,20718
2023-03-15 13:46:22,10,12,4776,20718
2023-03-15 13:46:29,11,12,4776,20718
2023-03-15 13:47:01,11,12,4778,20720
2023-03-15 13:47:02,10,12,4778,20720
2023-03-15 13:47:14,10,11,4778,20720
2023-03-15 13:47:30,10,12,4778,20720
2023-03-15 13:47:30,9,12,4778,20720
2023-03-15 13:47:31,10,12,4778,20720
2023-03-15 13:47:40,10,11,4778,20720
2023-03-15 13:47:52,9,11,4778,20720
2023-03-15 13:48:18,10,11,4778,20720
2023-03-15 13:48:30,9,12,4778,20720
2023-03-15 13:48:30,10,12,4778,20720
2023-03-15 13:48:53,10,13,4778,20720
2023-03-15 13:48:54,10,12,4778,20720
2023-03-15 13:49:34,10,11,4778,20720
2023-03-15 13:50:00,9,11,4778,20720
2023-03-15 13:50:34,9,10,4778,20720
2023-03-15 13:50:54,9,10,4782,20724
2023-03-15 13:51:32,8,9,4782,20745
2023-03-15 13:52:13,7,9,4782,20845
2023-03-15 13:52:14,8,9,4782,20845
2023-03-15 13:52:20,7,9,4782,20849
2023-03-15 13:52:24,6,9,4782,20849
2023-03-15 13:52:24,5,9,4782,20849
2023-03-15 13:52:25,6,9,4782,20849
2023-03-15 13:52:25,6,8,4782,20849
2023-03-15 13:52:34,7,8,4782,20849
2023-03-15 13:52:49,6,8,4782,20849
2023-03-15 13:52:54,7,8,4782,20849
2023-03-15 13:53:11,6,8,4782,20849
2023-03-15 13:53:30,5,8,4782,20849
2023-03-15 13:53:30,6,8,4782,20849
2023-03-15 13:54:14,6,7,4782,20849
2023-03-15 13:54:25,5,7,4782,20849
2023-03-15 13:55:22,5,7,4783,20850
2023-03-15 13:55:30,5,6,4783,20850
2023-03-15 13:55:31,5,7,4783,20850
2023-03-15 13:55:33,5,7,4787,20854
2023-03-15 13:55:34,5,6,4787,20854
2023-03-15 13:55:41,4,6,4787,20854
2023-03-15 13:55:45,4,5,4787,20854
2023-03-15 13:56:18,3,5,4787,20854
2023-03-15 13:56:21,3,4,4787,20854
2023-03-15 13:57:11,3,5,4787,20854
2023-03-15 13:57:33,3,4,4787,20854
2023-03-15 13:57:35,3,5,4787,20854
2023-03-15 13:57:40,4,5,4787,20854
2023-03-15 13:57:53,3,5,4787,20854
2023-03-15 13:57:54,4,5,4787,20854
2023-03-15 13:59:18,3,5,4787,20854
2023-03-15 13:59:19,4,5,4787,20854
2023-03-15 14:00:22,3,5,4787,20854
2023-03-15 14:00:33,4,5,4787,20854
2023-03-15 14:01:26,3,5,4787,20854
2023-03-15 14:01:27,4,5,4787,20854
2023-03-15 14:01:45,3,5,4787,20854
2023-03-15 14:01:45,4,5,4787,20854
2023-03-15 14:01:51,3,5,4787,20854
2023-03-15 14:01:51,4,5,4787,20854
2023-03-15 14:01:51,5,7,4787,20904
2023-03-15 14:02:38,5,8,4787,20904
2023-03-15 14:02:38,5,7,4787,20904
2023-03-15 14:02:45,6,7,4787,20904
2023-03-15 14:02:53,5,7,4787,20904
2023-03-15 14:02:53,5,8,4787,20904
2023-03-15 14:03:07,5,7,4787,20904
2023-03-15 14:03:50,4,7,4787,20904
2023-03-15 14:03:50,5,7,4787,20904
2023-03-15 14:04:17,4,7,4787,20904
2023-03-15 14:04:17,5,7,4787,20904
2023-03-15 14:04:40,4,7,4787,20904
2023-03-15 14:04:41,5,7,4787,20904
2023-03-15 14:06:50,4,7,4787,20904
2023-03-15 14:06:50,5,7,4787,20904
2023-03-15 14:06:52,5,6,4787,20904
2023-03-15 14:07:04,4,6,4787,20904
2023-03-15 14:07:04,5,6,4787,20904
2023-03-15 14:07:10,4,6,4787,20904
2023-03-15 14:07:10,5,6,4787,20904
2023-03-15 14:07:15,4,6,4787,20904
2023-03-15 14:07:51,3,6,4787,20904
2023-03-15 14:07:51,4,6,4787,20904
2023-03-15 14:09:23,4,5,4787,20904
2023-03-15 14:09:25,4,6,4787,20904
2023-03-15 14:09:33,4,7,4787,20904
2023-03-15 14:09:41,5,7,4787,20904
2023-03-15 14:09:48,4,7,4787,20904
2023-03-15 14:09:49,5,7,4787,20904
2023-03-15 14:10:20,5,6,4787,20904
2023-03-15 14:10:21,4,6,4787,20904
2023-03-15 14:10:22,4,7,4787,20904
2023-03-15 14:10:29,4,6,4787,20904
2023-03-15 14:10:41,4,7,4787,20904
2023-03-15 14:10:42,4,6,4787,20904
2023-03-15 14:11:18,4,7,4787,20904
2023-03-15 14:11:35,4,6,4787,20904
2023-03-15 14:11:42,4,7,4787,20904
2023-03-15 14:11:42,4,6,4787,20904
2023-03-15 14:11:42,4,5,4787,20904
2023-03-15 14:11:47,4,6,4787,20904
2023-03-15 14:11:50,4,5,4787,20904
2023-03-15 14:12:04,4,6,4787,20904
2023-03-15 14:12:04,4,7,4787,20904
2023-03-15 14:12:05,4,6,4787,20904
2023-03-15 14:12:05,4,7,4787,20904
2023-03-15 14:12:05,4,6,4787,20904
2023-03-15 14:12:25,4,7,4787,20904
2023-03-15 14:12:25,4,6,4787,20904
2023-03-15 14:12:32,4,7,4787,20904
2023-03-15 14:12:32,4,6,4787,20904
2023-03-15 14:12:50,4,7,4787,20904
2023-03-15 14:12:51,4,6,4787,20904
2023-03-15 14:15:20,4,7,4787,20904
2023-03-15 14:15:21,5,7,4787,20904
2023-03-15 14:15:21,5,7,4831,20948
2023-03-15 14:15:29,5,7,4866,20992
2023-03-15 14:15:41,5,8,4866,20992
2023-03-15 14:15:41,6,8,4866,20992
2023-03-15 14:16:19,5,8,4866,20992
2023-03-15 14:16:19,6,8,4866,20992
2023-03-15 14:16:19,6,7,4866,20992
2023-03-15 14:16:31,4,7,4866,20992
2023-03-15 14:16:31,5,7,4866,20992
2023-03-15 14:16:45,6,7,4866,20992
2023-03-15 14:17:20,4,7,4866,20992
2023-03-15 14:17:20,5,7,4866,20992
2023-03-15 14:17:23,5,6,4866,20992
2023-03-15 14:17:29,4,6,4866,20992
2023-03-15 14:17:29,5,6,4866,20992
2023-03-15 14:17:36,4,6,4866,20992
2023-03-15 14:17:36,5,6,4866,20992
2023-03-15 14:18:17,4,6,4866,20992
2023-03-15 14:18:17,5,6,4866,20992
2023-03-15 14:18:23,5,6,4867,20993
2023-03-15 14:18:29,4,6,4867,20993
2023-03-15 14:18:29,5,6,4867,20993
2023-03-15 14:18:55,5,6,4950,21111
2023-03-15 14:19:00,4,5,4950,21250
2023-03-15 14:19:05,4,6,4950,21250
2023-03-15 14:19:13,4,5,4950,21250
2023-03-15 14:19:13,3,5,4950,21250
2023-03-15 14:19:13,4,5,4950,21250
2023-03-15 14:19:19,3,5,4950,21250
2023-03-15 14:19:19,3,4,4950,21250
2023-03-15 14:19:38,3,5,4950,21250
2023-03-15 14:19:38,3,4,4950,21250
2023-03-15 14:19:53,3,5,4950,21250
2023-03-15 14:19:53,3,4,4950,21250
2023-03-15 14:20:07,3,5,4950,21250
2023-03-15 14:20:07,3,4,4950,21250
2023-03-15 14:20:15,3,5,4950,21250
2023-03-15 14:20:15,3,4,4950,21250
2023-03-15 14:20:30,3,5,4950,21250
2023-03-15 14:21:25,3,5,5061,21361
2023-03-15 14:21:33,3,4,5061,21361
2023-03-15 14:21:38,3,4,5116,21416
2023-03-15 14:22:17,3,4,5171,21471
2023-03-15 14:23:45,3,4,5226,21526
2023-03-15 14:23:58,3,4,5281,21581
2023-03-15 14:24:26,3,4,5331,21631
2023-03-15 14:24:26,3,4,5381,21681
2023-03-15 14:24:35,3,4,5409,21709
2023-03-15 14:24:39,1,4,5500,21800
2023-03-15 14:25:03,0,4,5500,21800
2023-03-15 14:26:22,0,3,5500,21800
2023-03-15 14:26:26,0,4,5500,21800
2023-03-15 14:26:41,0,3,5500,21800
2023-03-15 14:26:46,0,4,5500,21800
2023-03-15 14:27:18,0,3,5500,21800
2023-03-15 14:27:20,0,4,5500,21800
2023-03-15 14:27:26,0,3,5500,21800
2023-03-15 14:27:26,0,4,5500,21800
2023-03-15 14:27:29,0,2,5500,21800
2023-03-15 14:30:54,0,1,5500,21800
2023-03-15 14:30:54,0,2,5500,21800
2023-03-15 14:33:33,0,3,5623,21923
2023-03-15 14:33:34,1,3,5623,21923
2023-03-15 14:33:37,1,4,5881,22181
2023-03-15 14:33:52,1,3,5881,22181
2023-03-15 14:33:58,1,4,5881,22181
2023-03-15 14:34:01,1,3,5881,22181
2023-03-15 14:34:01,1,4,5881,22181
2023-03-15 14:34:05,1,3,5881,22181
2023-03-15 14:34:28,2,3,5881,22181
2023-03-15 14:35:00,1,2,5981,22281
2023-03-15 14:35:23,1,2,5981,22282
2023-03-15 14:35:56,1,2,5981,22360
2023-03-15 14:35:56,1,3,6181,22560
2023-03-15 14:36:23,1,3,6181,22564
2023-03-15 14:36:40,1,3,6181,22568
2023-03-15 14:37:03,1,2,6181,22568
2023-03-15 14:37:03,1,3,6181,22568
2023-03-15 14:37:04,1,3,6181,22678
2023-03-15 14:37:04,1,2,6181,22678
2023-03-15 14:37:04,1,3,6181,22678
2023-03-15 14:37:04,1,2,6181,22678
2023-03-15 14:37:04,1,3,6181,22678
2023-03-15 14:37:04,1,2,6181,22678
2023-03-15 14:37:06,0,2,6181,22723
2023-03-15 14:37:06,0,3,6181,22723
2023-03-15 14:37:09,1,3,6181,22723
2023-03-15 14:38:38,1,3,6181,22776
2023-03-15 14:38:38,1,3,6181,22829
2023-03-15 14:38:38,1,2,6181,22829
2023-03-15 14:38:38,1,3,6181,22829
2023-03-15 14:38:40,1,2,6181,22829
2023-03-15 14:38:40,1,3,6181,22829
2023-03-15 14:43:02,1,2,6181,22829
2023-03-15 14:43:56,0,1,6281,22963
2023-03-15 14:44:49,0,2,6359,23041
2023-03-15 14:45:05,1,2,6359,23041
2023-03-15 14:50:43,1,2,6359,23128
2023-03-15 14:50:53,1,3,6359,23128
2023-03-15 14:55:59,0,3,6246,23341
2023-03-15 14:56:15,0,2,6246,23341
2023-03-15 15:12:56,0,1,6246,23341
2023-03-15 15:53:25,0,1,6243,23347
2023-03-15 15:54:24,0,2,6243,23351
2023-03-15 15:55:38,0,1,6243,23351
