datetime,bid,ask,open_interest,volume
2023-01-25 09:31:00,18,29,31,36
2023-01-25 09:31:00,18,35,31,36
2023-01-25 09:31:23,18,32,31,36
2023-01-25 09:32:51,18,38,31,36
2023-01-25 09:36:06,19,38,31,36
2023-01-25 09:36:48,19,33,31,36
2023-01-25 09:40:48,19,25,31,36
2023-01-25 09:40:48,20,25,31,36
2023-01-25 09:41:18,18,25,31,36
2023-01-25 09:41:18,18,27,31,36
2023-01-25 09:41:19,16,27,31,36
2023-01-25 09:41:19,17,27,31,36
2023-01-25 09:41:19,19,27,31,36
2023-01-25 09:41:19,19,24,31,36
2023-01-25 09:41:47,19,26,31,36
2023-01-25 09:41:48,19,25,31,36
2023-01-25 09:41:48,19,23,31,36
2023-01-25 09:41:48,18,23,31,36
2023-01-25 09:42:50,16,23,31,36
2023-01-25 09:42:52,19,23,31,36
2023-01-25 09:43:18,19,25,31,36
2023-01-25 09:43:19,19,24,31,36
2023-01-25 09:43:48,18,24,31,36
2023-01-25 09:43:48,20,24,31,36
2023-01-25 09:44:19,20,26,31,36
2023-01-25 09:44:20,19,26,31,36
2023-01-25 09:44:20,21,26,31,36
2023-01-25 09:44:29,21,26,192,223
2023-01-25 09:44:52,19,26,192,223
2023-01-25 09:44:53,20,26,192,223
2023-01-25 09:44:53,20,27,192,223
2023-01-25 09:44:54,20,25,192,223
2023-01-25 09:45:20,22,25,192,223
2023-01-25 09:45:24,22,27,192,223
2023-01-25 09:45:48,22,28,192,223
2023-01-25 09:45:48,22,26,192,223
2023-01-25 09:45:51,21,26,192,223
2023-01-25 09:46:18,22,26,192,223
2023-01-25 09:46:18,22,27,192,223
2023-01-25 09:47:47,22,29,192,223
2023-01-25 09:47:48,22,26,192,223
2023-01-25 09:47:49,21,26,192,223
2023-01-25 09:48:47,19,26,192,223
2023-01-25 09:48:48,20,26,192,223
2023-01-25 09:48:48,20,27,192,223
2023-01-25 09:48:49,22,27,192,223
2023-01-25 09:50:22,20,27,192,223
2023-01-25 09:50:23,22,27,192,223
2023-01-25 09:51:20,20,27,192,223
2023-01-25 09:51:20,23,27,192,223
2023-01-25 09:51:21,23,28,192,223
2023-01-25 09:51:47,23,27,192,223
2023-01-25 09:51:48,22,27,192,223
2023-01-25 09:52:17,22,29,192,223
2023-01-25 09:52:18,22,31,192,223
2023-01-25 09:52:18,22,30,192,223
2023-01-25 09:52:18,19,30,192,223
2023-01-25 09:52:18,21,30,192,223
2023-01-25 09:52:18,23,30,192,223
2023-01-25 09:52:20,23,28,192,223
2023-01-25 09:53:48,24,28,192,223
2023-01-25 09:53:50,24,29,192,223
2023-01-25 09:54:18,24,33,192,223
2023-01-25 09:54:18,20,33,192,223
2023-01-25 09:54:18,25,33,192,223
2023-01-25 09:54:18,25,30,192,223
2023-01-25 09:54:46,25,32,192,223
2023-01-25 09:54:46,25,40,192,223
2023-01-25 09:54:47,25,31,192,223
2023-01-25 09:55:06,25,31,197,228
2023-01-25 09:55:20,25,33,197,228
2023-01-25 09:55:20,25,35,197,228
2023-01-25 09:55:21,25,34,197,228
2023-01-25 09:55:21,25,30,197,228
2023-01-25 09:56:47,25,32,197,228
2023-01-25 09:56:47,25,30,197,228
2023-01-25 09:57:17,25,32,197,228
2023-01-25 09:57:18,26,32,197,228
2023-01-25 09:57:18,26,35,197,228
2023-01-25 09:57:19,26,33,197,228
2023-01-25 09:57:19,26,31,197,228
2023-01-25 09:57:35,26,31,200,231
2023-01-25 09:57:46,26,33,200,231
2023-01-25 09:57:46,26,32,200,231
2023-01-25 09:57:47,22,32,200,231
2023-01-25 09:57:48,27,32,200,231
2023-01-25 09:59:19,26,32,200,231
2023-01-25 09:59:46,27,32,200,231
2023-01-25 10:02:46,27,34,200,231
2023-01-25 10:02:46,27,33,200,231
2023-01-25 10:02:47,27,33,200,231
2023-01-25 10:03:17,27,34,200,231
2023-01-25 10:03:17,27,32,200,231
2023-01-25 10:04:46,27,34,200,231
2023-01-25 10:04:48,27,32,200,231
2023-01-25 10:05:46,27,34,200,231
2023-01-25 10:05:47,27,32,200,231
2023-01-25 10:05:47,24,32,200,231
2023-01-25 10:05:47,26,32,200,231
2023-01-25 10:06:17,26,34,200,231
2023-01-25 10:06:17,26,31,200,231
2023-01-25 10:06:45,25,31,200,231
2023-01-25 10:07:47,25,30,200,231
2023-01-25 10:08:20,25,31,200,231
2023-01-25 10:09:17,26,31,200,231
2023-01-25 10:10:23,24,31,200,231
2023-01-25 10:10:24,26,31,200,231
2023-01-25 10:10:24,26,32,200,231
2023-01-25 10:10:47,27,32,200,231
2023-01-25 10:11:47,24,32,200,231
2023-01-25 10:11:47,26,32,200,231
2023-01-25 10:12:17,27,32,200,231
2023-01-25 10:13:46,27,33,200,231
2023-01-25 10:14:18,27,32,200,231
2023-01-25 10:14:47,28,32,200,231
2023-01-25 10:14:47,28,33,200,231
2023-01-25 10:15:22,28,35,200,231
2023-01-25 10:15:22,28,36,200,231
2023-01-25 10:15:22,28,34,200,231
2023-01-25 10:16:47,28,33,200,231
2023-01-25 10:17:17,28,35,200,231
2023-01-25 10:17:17,28,38,200,231
2023-01-25 10:17:17,28,34,200,231
2023-01-25 10:17:47,28,33,200,231
2023-01-25 10:18:17,26,33,200,231
2023-01-25 10:18:17,26,32,200,231
2023-01-25 10:18:17,27,32,200,231
2023-01-25 10:19:46,27,34,200,231
2023-01-25 10:19:47,27,32,200,231
2023-01-25 10:21:17,27,34,200,231
2023-01-25 10:21:18,27,41,200,231
2023-01-25 10:21:18,25,41,200,231
2023-01-25 10:21:18,28,41,200,231
2023-01-25 10:21:18,28,33,200,231
2023-01-25 10:22:22,28,35,200,231
2023-01-25 10:22:22,26,35,200,231
2023-01-25 10:22:22,26,37,200,231
2023-01-25 10:22:22,26,41,200,231
2023-01-25 10:22:22,26,36,200,231
2023-01-25 10:22:23,28,36,200,231
2023-01-25 10:22:24,28,34,200,231
2023-01-25 10:23:18,28,35,200,231
2023-01-25 10:23:18,28,33,200,231
2023-01-25 10:23:47,28,35,200,231
2023-01-25 10:23:47,28,37,200,231
2023-01-25 10:23:47,28,36,200,231
2023-01-25 10:23:47,28,34,200,231
2023-01-25 10:24:48,29,34,200,231
2023-01-25 10:26:47,28,34,200,231
2023-01-25 10:27:18,28,33,200,231
2023-01-25 10:28:17,28,35,200,231
2023-01-25 10:28:18,28,37,200,231
2023-01-25 10:28:18,28,36,200,231
2023-01-25 10:28:18,28,34,200,231
2023-01-25 10:28:23,29,34,200,231
2023-01-25 10:28:34,28,34,200,231
2023-01-25 10:29:18,27,34,200,231
2023-01-25 10:29:19,29,34,200,231
2023-01-25 10:29:47,28,34,200,231
2023-01-25 10:30:23,28,35,200,231
2023-01-25 10:30:24,28,33,200,231
2023-01-25 10:30:45,28,35,200,231
2023-01-25 10:30:46,28,34,200,231
2023-01-25 10:31:19,28,33,200,231
2023-01-25 10:31:46,28,35,200,231
2023-01-25 10:31:47,28,37,200,231
2023-01-25 10:31:47,26,37,200,231
2023-01-25 10:31:48,26,41,200,231
2023-01-25 10:31:48,27,41,200,231
2023-01-25 10:31:48,27,36,200,231
2023-01-25 10:31:49,27,32,200,231
2023-01-25 10:32:49,27,33,200,231
2023-01-25 10:32:49,28,33,200,231
2023-01-25 10:33:20,28,35,200,231
2023-01-25 10:33:20,28,34,200,231
2023-01-25 10:33:49,29,34,200,231
2023-01-25 10:34:46,29,36,200,231
2023-01-25 10:34:46,29,35,200,231
2023-01-25 10:34:46,27,35,200,231
2023-01-25 10:34:47,25,35,200,231
2023-01-25 10:34:47,28,35,200,231
2023-01-25 10:34:47,30,35,200,231
2023-01-25 10:35:20,30,36,200,231
2023-01-25 10:35:48,30,35,200,231
2023-01-25 10:36:19,28,35,200,231
2023-01-25 10:36:20,30,35,200,231
2023-01-25 10:36:47,30,37,200,231
2023-01-25 10:36:47,28,37,200,231
2023-01-25 10:36:48,29,37,200,231
2023-01-25 10:36:48,29,36,200,231
2023-01-25 10:36:48,31,36,200,231
2023-01-25 10:38:48,31,35,200,231
2023-01-25 10:38:49,30,35,200,231
2023-01-25 10:40:24,28,35,200,231
2023-01-25 10:40:26,30,35,200,231
2023-01-25 10:40:49,30,36,200,231
2023-01-25 10:41:18,30,38,200,231
2023-01-25 10:41:18,30,40,200,231
2023-01-25 10:41:18,30,43,200,231
2023-01-25 10:41:19,30,39,200,231
2023-01-25 10:41:20,30,37,200,231
2023-01-25 10:41:20,30,35,200,231
2023-01-25 10:46:18,30,37,200,231
2023-01-25 10:46:19,30,35,200,231
2023-01-25 10:46:46,28,35,200,231
2023-01-25 10:46:47,28,36,200,231
2023-01-25 10:46:47,28,34,200,231
2023-01-25 10:47:16,28,36,200,231
2023-01-25 10:47:16,28,37,200,231
2023-01-25 10:47:16,25,37,200,231
2023-01-25 10:47:16,29,37,200,231
2023-01-25 10:47:17,29,35,200,231
2023-01-25 10:48:18,27,35,200,231
2023-01-25 10:48:18,30,35,200,231
2023-01-25 10:50:26,30,36,200,231
2023-01-25 10:50:47,31,36,200,231
2023-01-25 10:51:14,31,36,210,241
2023-01-25 10:51:48,31,38,210,241
2023-01-25 10:51:48,31,37,210,241
2023-01-25 10:52:07,36,37,210,241
2023-01-25 10:52:19,36,40,210,241
2023-01-25 10:52:19,36,38,210,241
2023-01-25 10:52:20,29,36,290,321
2023-01-25 10:52:21,31,36,290,321
2023-01-25 10:52:48,31,37,290,321
2023-01-25 10:53:16,32,37,290,321
2023-01-25 10:53:49,32,36,290,321
2023-01-25 10:53:49,31,36,290,321
2023-01-25 10:54:47,31,38,290,321
2023-01-25 10:54:47,25,38,290,321
2023-01-25 10:54:48,26,38,290,321
2023-01-25 10:54:48,26,36,290,321
2023-01-25 10:54:48,30,36,290,321
2023-01-25 10:55:48,30,37,290,321
2023-01-25 10:55:48,30,35,290,321
2023-01-25 10:57:18,28,35,290,321
2023-01-25 10:57:18,29,35,290,321
2023-01-25 10:57:47,29,36,290,321
2023-01-25 10:57:47,29,34,290,321
2023-01-25 10:58:17,29,38,290,321
2023-01-25 10:58:17,29,98,290,321
2023-01-25 10:58:17,29,35,290,321
2023-01-25 10:58:17,29,33,290,321
2023-01-25 10:58:18,28,33,290,321
2023-01-25 11:00:47,28,35,290,321
2023-01-25 11:00:48,28,37,290,321
2023-01-25 11:00:48,28,36,290,321
2023-01-25 11:00:48,29,36,290,321
2023-01-25 11:00:51,29,34,290,321
2023-01-25 11:01:47,27,34,290,321
2023-01-25 11:01:48,25,34,290,321
2023-01-25 11:01:48,26,34,290,321
2023-01-25 11:01:48,26,33,290,321
2023-01-25 11:01:48,28,33,290,321
2023-01-25 11:02:16,28,34,290,321
2023-01-25 11:02:46,28,36,290,321
2023-01-25 11:02:46,28,35,290,321
2023-01-25 11:02:46,28,33,290,321
2023-01-25 11:03:46,28,35,290,321
2023-01-25 11:03:47,28,33,290,321
2023-01-25 11:04:17,28,35,290,321
2023-01-25 11:04:18,28,34,290,321
2023-01-25 11:04:46,28,36,290,321
2023-01-25 11:04:47,28,35,290,321
2023-01-25 11:04:48,28,33,290,321
2023-01-25 11:05:19,28,35,290,321
2023-01-25 11:05:19,26,35,290,321
2023-01-25 11:05:20,26,34,290,321
2023-01-25 11:05:20,24,34,290,321
2023-01-25 11:05:20,27,34,290,321
2023-01-25 11:05:20,27,32,290,321
2023-01-25 11:06:18,27,34,290,321
2023-01-25 11:06:19,28,34,290,321
2023-01-25 11:06:19,28,33,290,321
2023-01-25 11:07:47,26,33,290,321
2023-01-25 11:07:48,26,35,290,321
2023-01-25 11:07:48,26,34,290,321
2023-01-25 11:07:48,29,34,290,321
2023-01-25 11:09:17,29,38,290,321
2023-01-25 11:09:17,29,35,290,321
2023-01-25 11:09:23,30,35,290,321
2023-01-25 11:09:46,30,37,290,321
2023-01-25 11:09:46,30,34,290,321
2023-01-25 11:10:38,29,34,290,321
2023-01-25 11:10:47,28,34,290,321
2023-01-25 11:11:19,28,33,290,321
2023-01-25 11:11:46,26,33,290,321
2023-01-25 11:11:46,26,35,290,321
2023-01-25 11:11:46,24,35,290,321
2023-01-25 11:11:46,24,37,290,321
2023-01-25 11:11:47,24,34,290,321
2023-01-25 11:11:47,26,34,290,321
2023-01-25 11:11:48,26,32,290,321
2023-01-25 11:12:17,26,34,290,321
2023-01-25 11:12:17,26,31,290,321
2023-01-25 11:12:46,26,29,290,321
2023-01-25 11:12:47,24,29,290,321
2023-01-25 11:13:16,24,31,290,321
2023-01-25 11:13:17,24,28,290,321
2023-01-25 11:13:18,23,28,290,321
2023-01-25 11:13:48,24,28,290,321
2023-01-25 11:13:49,24,29,290,321
2023-01-25 11:14:16,24,31,290,321
2023-01-25 11:14:17,24,33,290,321
2023-01-25 11:14:17,24,34,290,321
2023-01-25 11:14:18,24,28,290,321
2023-01-25 11:14:18,23,28,290,321
2023-01-25 11:14:46,23,30,290,321
2023-01-25 11:14:46,21,30,290,321
2023-01-25 11:14:46,20,30,290,321
2023-01-25 11:14:47,20,27,290,321
2023-01-25 11:14:47,22,27,290,321
2023-01-25 11:15:19,20,27,290,321
2023-01-25 11:15:19,21,27,290,321
2023-01-25 11:15:19,21,26,290,321
2023-01-25 11:15:48,21,28,290,321
2023-01-25 11:15:49,21,27,290,321
2023-01-25 11:15:52,23,27,290,321
2023-01-25 11:16:19,21,27,290,321
2023-01-25 11:16:20,22,27,290,321
2023-01-25 11:16:45,22,29,290,321
2023-01-25 11:16:46,22,28,290,321
2023-01-25 11:16:46,22,26,290,321
2023-01-25 11:16:46,20,26,290,321
2023-01-25 11:16:46,21,26,290,321
2023-01-25 11:17:48,22,26,290,321
2023-01-25 11:17:48,22,27,290,321
2023-01-25 11:18:17,22,26,290,321
2023-01-25 11:18:18,21,26,290,321
2023-01-25 11:19:18,19,26,290,321
2023-01-25 11:19:19,19,98,290,321
2023-01-25 11:19:19,19,31,290,321
2023-01-25 11:19:19,19,27,290,321
2023-01-25 11:19:20,20,27,290,321
2023-01-25 11:19:20,22,27,290,321
2023-01-25 11:19:44,22,26,290,321
2023-01-25 11:19:46,20,26,290,321
2023-01-25 11:19:48,20,25,290,321
2023-01-25 11:20:23,18,25,290,321
2023-01-25 11:20:23,18,26,290,321
2023-01-25 11:20:24,16,26,290,321
2023-01-25 11:20:25,16,22,290,321
2023-01-25 11:20:25,16,20,290,321
2023-01-25 11:20:49,16,22,290,321
2023-01-25 11:20:49,18,22,290,321
2023-01-25 11:21:08,18,24,493,524
2023-01-25 11:21:18,16,24,493,524
2023-01-25 11:21:19,16,26,493,524
2023-01-25 11:21:19,16,23,493,524
2023-01-25 11:21:20,16,21,493,524
2023-01-25 11:21:48,16,25,493,524
2023-01-25 11:21:49,14,25,493,524
2023-01-25 11:21:49,14,20,493,524
2023-01-25 11:21:49,14,18,493,524
2023-01-25 11:22:17,14,22,493,524
2023-01-25 11:22:18,14,19,493,524
2023-01-25 11:22:46,13,19,493,524
2023-01-25 11:22:47,13,17,493,524
2023-01-25 11:23:17,14,17,493,524
2023-01-25 11:23:17,14,19,493,524
2023-01-25 11:23:37,14,19,826,857
2023-01-25 11:23:46,15,19,826,857
2023-01-25 11:23:46,15,21,826,857
2023-01-25 11:23:47,15,19,826,857
2023-01-25 11:24:18,15,21,826,857
2023-01-25 11:24:19,15,22,826,857
2023-01-25 11:24:19,15,20,826,857
2023-01-25 11:24:43,15,20,816,867
2023-01-25 11:24:48,18,20,816,867
2023-01-25 11:24:49,18,23,816,867
2023-01-25 11:25:24,18,25,816,867
2023-01-25 11:25:24,18,24,816,867
2023-01-25 11:25:24,18,22,816,867
2023-01-25 11:25:48,18,23,816,867
2023-01-25 11:26:18,18,25,816,867
2023-01-25 11:26:20,16,25,816,867
2023-01-25 11:26:20,17,25,816,867
2023-01-25 11:26:20,17,24,816,867
2023-01-25 11:26:22,19,24,816,867
2023-01-25 11:26:47,19,26,816,867
2023-01-25 11:26:47,15,26,816,867
2023-01-25 11:26:48,15,23,816,867
2023-01-25 11:26:48,16,23,816,867
2023-01-25 11:26:48,18,23,816,867
2023-01-25 11:27:46,18,25,816,867
2023-01-25 11:27:47,18,26,816,867
2023-01-25 11:27:47,18,24,816,867
2023-01-25 11:27:49,18,22,816,867
2023-01-25 11:27:50,17,22,816,867
2023-01-25 11:29:18,15,22,816,867
2023-01-25 11:29:18,16,22,816,867
2023-01-25 11:29:18,18,22,816,867
2023-01-25 11:29:46,16,22,816,867
2023-01-25 11:29:46,17,22,816,867
2023-01-25 11:30:21,15,22,816,867
2023-01-25 11:30:21,14,22,816,867
2023-01-25 11:30:21,16,22,816,867
2023-01-25 11:30:23,18,22,816,867
2023-01-25 11:30:49,16,22,816,867
2023-01-25 11:30:49,14,22,816,867
2023-01-25 11:30:49,17,22,816,867
2023-01-25 11:31:17,17,24,816,867
2023-01-25 11:31:18,17,26,816,867
2023-01-25 11:31:19,17,27,816,867
2023-01-25 11:31:19,17,23,816,867
2023-01-25 11:31:19,18,23,816,867
2023-01-25 11:31:47,18,21,816,867
2023-01-25 11:31:51,16,21,816,867
2023-01-25 11:32:18,14,21,816,867
2023-01-25 11:32:18,17,21,816,867
2023-01-25 11:32:49,16,21,816,867
2023-01-25 11:33:22,16,20,816,867
2023-01-25 11:33:48,16,24,816,867
2023-01-25 11:33:49,16,23,816,867
2023-01-25 11:33:49,16,21,816,867
2023-01-25 11:35:19,16,23,816,867
2023-01-25 11:35:20,16,20,816,867
2023-01-25 11:35:23,15,20,816,867
2023-01-25 11:35:48,14,20,816,867
2023-01-25 11:35:49,14,21,816,867
2023-01-25 11:35:49,16,21,816,867
2023-01-25 11:36:19,17,21,816,867
2023-01-25 11:36:23,17,22,816,867
2023-01-25 11:36:46,17,24,816,867
2023-01-25 11:36:47,17,25,816,867
2023-01-25 11:36:47,17,21,816,867
2023-01-25 11:36:48,14,21,816,867
2023-01-25 11:36:48,16,21,816,867
2023-01-25 11:37:17,16,25,816,867
2023-01-25 11:37:17,14,25,816,867
2023-01-25 11:37:17,14,22,816,867
2023-01-25 11:37:18,15,22,816,867
2023-01-25 11:37:21,17,22,816,867
2023-01-25 11:37:48,16,22,816,867
2023-01-25 11:37:48,16,21,816,867
2023-01-25 11:38:19,16,19,816,867
2023-01-25 11:38:20,15,19,816,867
2023-01-25 11:38:49,15,20,816,867
2023-01-25 11:39:20,15,18,816,867
2023-01-25 11:39:20,14,18,816,867
2023-01-25 11:39:47,13,18,816,867
2023-01-25 11:39:48,13,17,816,867
2023-01-25 11:40:24,13,19,816,867
2023-01-25 11:40:24,13,18,816,867
2023-01-25 11:40:48,13,24,816,867
2023-01-25 11:40:49,13,21,816,867
2023-01-25 11:40:50,13,17,816,867
2023-01-25 11:41:47,13,19,816,867
2023-01-25 11:41:47,13,24,816,867
2023-01-25 11:41:48,13,20,816,867
2023-01-25 11:41:49,13,18,816,867
2023-01-25 11:41:55,13,20,1371,1422
2023-01-25 11:42:18,14,20,1371,1422
2023-01-25 11:42:18,16,20,1371,1422
2023-01-25 11:42:47,16,22,1371,1422
2023-01-25 11:42:48,16,23,1371,1422
2023-01-25 11:42:48,16,21,1371,1422
2023-01-25 11:43:19,17,21,1371,1422
2023-01-25 11:43:47,15,21,1371,1422
2023-01-25 11:43:48,16,21,1371,1422
2023-01-25 11:44:19,16,23,1371,1422
2023-01-25 11:44:19,16,21,1371,1422
2023-01-25 11:44:52,17,21,1371,1422
2023-01-25 11:45:32,16,21,1371,1422
2023-01-25 11:46:17,17,21,1371,1422
2023-01-25 11:46:46,15,21,1371,1422
2023-01-25 11:46:47,14,21,1371,1422
2023-01-25 11:46:47,16,21,1371,1422
2023-01-25 11:47:18,16,20,1371,1422
2023-01-25 11:47:46,16,22,1371,1422
2023-01-25 11:47:46,16,26,1371,1422
2023-01-25 11:47:47,16,23,1371,1422
2023-01-25 11:47:47,16,21,1371,1422
2023-01-25 11:47:47,15,21,1371,1422
2023-01-25 11:47:47,15,19,1371,1422
2023-01-25 11:48:21,15,21,1371,1422
2023-01-25 11:48:21,15,23,1371,1422
2023-01-25 11:48:21,15,20,1371,1422
2023-01-25 11:48:23,16,20,1371,1422
2023-01-25 11:48:48,16,21,1371,1422
2023-01-25 11:48:48,15,21,1371,1422
2023-01-25 11:48:48,15,19,1371,1422
2023-01-25 11:49:48,15,18,1371,1422
2023-01-25 11:49:48,14,18,1371,1422
2023-01-25 11:50:03,16,18,1371,1422
2023-01-25 11:50:20,17,18,1371,1422
2023-01-25 11:51:02,16,18,1371,1422
2023-01-25 11:51:15,16,18,1372,1423
2023-01-25 11:51:21,14,18,1372,1423
2023-01-25 11:51:35,15,18,1372,1423
2023-01-25 11:51:48,14,18,1373,1424
2023-01-25 11:51:49,14,17,1373,1424
2023-01-25 11:51:49,14,15,1373,1424
2023-01-25 11:51:50,13,15,1373,1424
2023-01-25 11:52:19,11,13,1498,1549
2023-01-25 11:52:48,11,12,1498,1549
2023-01-25 11:53:07,10,12,1498,1549
2023-01-25 11:53:15,8,12,1498,1549
2023-01-25 11:53:20,8,11,1498,1549
2023-01-25 11:53:23,9,11,1498,1549
2023-01-25 11:53:49,9,11,1498,1704
2023-01-25 11:54:49,9,12,1498,1704
2023-01-25 11:55:23,9,11,1498,1704
2023-01-25 11:56:50,9,10,1498,1704
2023-01-25 11:57:19,8,9,1643,1849
2023-01-25 11:57:50,8,10,1643,1849
2023-01-25 11:58:19,8,11,1643,1849
2023-01-25 11:58:50,8,12,1643,1849
2023-01-25 12:00:27,8,13,1643,1849
2023-01-25 12:00:27,9,13,1643,1849
2023-01-25 12:00:51,9,14,1643,1849
2023-01-25 12:00:51,9,13,1643,1849
2023-01-25 12:01:20,8,13,1643,1849
2023-01-25 12:01:22,8,12,1643,1849
2023-01-25 12:02:47,9,12,1643,1849
2023-01-25 12:02:48,10,12,1643,1849
2023-01-25 12:02:48,10,14,1643,1849
2023-01-25 12:03:48,10,13,1643,1849
2023-01-25 12:03:49,9,13,1643,1849
2023-01-25 12:04:19,9,14,1643,1849
2023-01-25 12:04:48,10,14,1643,1849
2023-01-25 12:05:45,10,14,2163,2369
2023-01-25 12:05:50,11,14,2163,2369
2023-01-25 12:06:17,11,14,2274,2480
2023-01-25 12:06:19,12,14,2274,2480
2023-01-25 12:06:20,12,16,2274,2480
2023-01-25 12:07:21,12,20,2274,2480
2023-01-25 12:07:22,12,17,2274,2480
2023-01-25 12:07:23,13,17,2274,2480
2023-01-25 12:07:51,12,17,2274,2480
2023-01-25 12:08:19,13,17,2274,2480
2023-01-25 12:08:47,11,17,2274,2480
2023-01-25 12:08:47,11,15,2274,2480
2023-01-25 12:10:24,11,17,2274,2480
2023-01-25 12:10:24,11,19,2274,2480
2023-01-25 12:10:25,11,20,2274,2480
2023-01-25 12:10:25,11,16,2274,2480
2023-01-25 12:10:27,12,16,2274,2480
2023-01-25 12:10:49,12,18,2274,2480
2023-01-25 12:10:49,11,18,2274,2480
2023-01-25 12:10:49,11,19,2274,2480
2023-01-25 12:10:50,11,17,2274,2480
2023-01-25 12:10:51,11,15,2274,2480
2023-01-25 12:11:48,11,17,2274,2480
2023-01-25 12:11:48,12,17,2274,2480
2023-01-25 12:11:48,12,18,2274,2480
2023-01-25 12:11:48,12,16,2274,2480
2023-01-25 12:12:21,11,16,2274,2480
2023-01-25 12:12:50,12,16,2274,2480
2023-01-25 12:13:47,11,16,2274,2480
2023-01-25 12:13:48,12,16,2274,2480
2023-01-25 12:13:48,12,17,2274,2480
2023-01-25 12:14:17,11,17,2274,2480
2023-01-25 12:14:17,11,16,2274,2480
2023-01-25 12:14:47,11,20,2274,2480
2023-01-25 12:14:47,11,19,2274,2480
2023-01-25 12:14:47,11,15,2274,2480
2023-01-25 12:15:49,11,13,2274,2480
2023-01-25 12:16:20,11,14,2274,2480
2023-01-25 12:17:21,11,15,2274,2480
2023-01-25 12:17:47,11,17,2274,2480
2023-01-25 12:17:47,11,15,2274,2480
2023-01-25 12:20:49,11,16,2274,2480
2023-01-25 12:20:49,12,16,2274,2480
2023-01-25 12:21:21,12,18,2274,2480
2023-01-25 12:21:21,13,18,2274,2480
2023-01-25 12:21:49,12,18,2274,2480
2023-01-25 12:21:50,12,17,2274,2480
2023-01-25 12:22:20,13,17,2274,2480
2023-01-25 12:23:20,13,18,2274,2480
2023-01-25 12:23:47,13,20,2274,2480
2023-01-25 12:23:49,13,17,2274,2480
2023-01-25 12:24:19,13,20,2274,2480
2023-01-25 12:24:19,13,18,2274,2480
2023-01-25 12:24:48,13,20,2274,2480
2023-01-25 12:24:48,13,19,2274,2480
2023-01-25 12:24:48,13,17,2274,2480
2023-01-25 12:25:23,13,18,2274,2480
2023-01-25 12:25:47,13,17,2274,2480
2023-01-25 12:26:19,14,17,2274,2480
2023-01-25 12:26:21,14,18,2274,2480
2023-01-25 12:28:18,15,18,2274,2480
2023-01-25 12:28:20,15,19,2274,2480
2023-01-25 12:28:48,15,20,2274,2480
2023-01-25 12:29:18,14,20,2274,2480
2023-01-25 12:29:18,15,20,2274,2480
2023-01-25 12:29:46,15,22,2274,2480
2023-01-25 12:29:46,15,23,2274,2480
2023-01-25 12:29:47,15,19,2274,2480
2023-01-25 12:29:48,14,19,2274,2480
2023-01-25 12:30:23,15,19,2274,2480
2023-01-25 12:30:51,15,20,2274,2480
2023-01-25 12:31:18,14,20,2274,2480
2023-01-25 12:31:19,14,19,2274,2480
2023-01-25 12:31:47,14,20,2274,2480
2023-01-25 12:31:47,14,18,2274,2480
2023-01-25 12:32:20,13,18,2274,2480
2023-01-25 12:32:20,14,18,2274,2480
2023-01-25 12:32:22,14,19,2274,2480
2023-01-25 12:33:18,13,19,2274,2480
2023-01-25 12:33:18,13,21,2274,2480
2023-01-25 12:33:18,13,18,2274,2480
2023-01-25 12:33:47,14,18,2274,2480
2023-01-25 12:33:47,14,20,2274,2480
2023-01-25 12:33:48,14,21,2274,2480
2023-01-25 12:33:48,14,19,2274,2480
2023-01-25 12:34:18,15,19,2274,2480
2023-01-25 12:34:47,15,21,2274,2480
2023-01-25 12:34:47,15,23,2274,2480
2023-01-25 12:34:48,15,22,2274,2480
2023-01-25 12:34:48,15,20,2274,2480
2023-01-25 12:35:21,16,20,2274,2480
2023-01-25 12:35:48,16,22,2274,2480
2023-01-25 12:35:48,16,24,2274,2480
2023-01-25 12:35:50,14,24,2274,2480
2023-01-25 12:35:50,14,23,2274,2480
2023-01-25 12:35:50,14,21,2274,2480
2023-01-25 12:35:50,14,19,2274,2480
2023-01-25 12:36:18,14,18,2274,2480
2023-01-25 12:36:18,13,18,2274,2480
2023-01-25 12:36:46,13,20,2274,2480
2023-01-25 12:36:46,13,17,2274,2480
2023-01-25 12:37:19,14,17,2274,2480
2023-01-25 12:37:19,14,18,2274,2480
2023-01-25 12:37:49,14,20,2274,2480
2023-01-25 12:37:50,12,20,2274,2480
2023-01-25 12:37:50,12,19,2274,2480
2023-01-25 12:37:50,12,17,2274,2480
2023-01-25 12:37:50,13,17,2274,2480
2023-01-25 12:38:49,13,20,2274,2480
2023-01-25 12:38:51,13,18,2274,2480
2023-01-25 12:39:17,13,20,2274,2480
2023-01-25 12:39:18,13,19,2274,2480
2023-01-25 12:39:18,13,17,2274,2480
2023-01-25 12:39:47,12,17,2274,2480
2023-01-25 12:40:25,12,16,2274,2480
2023-01-25 12:40:49,12,23,2274,2480
2023-01-25 12:40:49,12,19,2274,2480
2023-01-25 12:40:49,12,15,2274,2480
2023-01-25 12:40:50,11,15,2274,2480
2023-01-25 12:41:20,11,16,2274,2480
2023-01-25 12:41:23,11,14,2274,2480
2023-01-25 12:42:18,11,20,2274,2480
2023-01-25 12:42:18,11,19,2274,2480
2023-01-25 12:42:18,11,17,2274,2480
2023-01-25 12:42:19,11,15,2274,2480
2023-01-25 12:42:47,11,14,2274,2480
2023-01-25 12:43:25,11,13,2274,2480
2023-01-25 12:44:46,11,14,2274,2480
2023-01-25 12:45:49,11,15,2274,2480
2023-01-25 12:46:46,11,19,2274,2480
2023-01-25 12:46:47,11,14,2274,2480
2023-01-25 12:47:46,11,13,2274,2480
2023-01-25 12:48:18,11,14,2274,2480
2023-01-25 12:48:47,11,13,2274,2480
2023-01-25 12:49:18,11,14,2274,2480
2023-01-25 12:49:46,11,13,2274,2480
2023-01-25 12:50:23,11,14,2274,2480
2023-01-25 12:50:48,11,13,2274,2480
2023-01-25 12:51:50,11,12,2274,2480
2023-01-25 12:52:48,11,13,2274,2480
2023-01-25 12:55:49,11,14,2274,2480
2023-01-25 12:57:17,11,15,2274,2480
2023-01-25 12:58:17,11,14,2274,2480
2023-01-25 12:58:47,11,13,2274,2480
2023-01-25 13:00:23,11,14,2274,2480
2023-01-25 13:00:49,11,13,2274,2480
2023-01-25 13:01:47,11,14,2274,2480
2023-01-25 13:01:47,11,13,2274,2480
2023-01-25 13:02:17,11,12,2274,2480
2023-01-25 13:02:18,9,12,2274,2591
2023-01-25 13:02:18,9,11,2274,2591
2023-01-25 13:02:33,9,12,2274,2591
2023-01-25 13:02:47,9,13,2274,2591
2023-01-25 13:02:47,9,16,2274,2591
2023-01-25 13:02:48,9,11,2274,2591
2023-01-25 13:02:48,8,9,2524,2841
2023-01-25 13:03:17,8,10,2524,2841
2023-01-25 13:03:47,8,11,2524,2841
2023-01-25 13:04:19,8,10,2524,2841
2023-01-25 13:04:37,8,11,2919,3236
2023-01-25 13:04:49,8,13,2919,3236
2023-01-25 13:04:50,8,12,2919,3236
2023-01-25 13:05:47,8,11,2919,3236
2023-01-25 13:06:47,8,10,2919,3236
2023-01-25 13:07:20,8,11,2919,3236
2023-01-25 13:07:52,8,10,2919,3236
2023-01-25 13:08:19,8,9,2919,3236
2023-01-25 13:08:48,8,10,2919,3236
2023-01-25 13:10:25,8,9,2919,3236
2023-01-25 13:11:41,6,9,2909,3246
2023-01-25 13:11:48,6,8,2909,3246
2023-01-25 13:11:49,6,7,2909,3246
2023-01-25 13:11:57,6,7,2909,3357
2023-01-25 13:12:06,4,7,2909,3357
2023-01-25 13:12:19,4,6,2909,3357
2023-01-25 13:14:20,4,7,2909,3357
2023-01-25 13:15:49,4,6,2909,3357
2023-01-25 13:19:17,4,7,2909,3357
2023-01-25 13:19:46,4,6,2909,3357
2023-01-25 13:21:20,4,5,2909,3357
2023-01-25 13:21:30,4,5,2909,3468
2023-01-25 13:22:18,4,6,2909,3468
2023-01-25 13:22:18,4,5,2909,3468
2023-01-25 13:26:34,1,5,2909,3468
2023-01-25 13:26:48,1,7,2909,3468
2023-01-25 13:26:48,1,11,2909,3468
2023-01-25 13:28:12,1,10,2909,3468
2023-01-25 13:28:27,2,10,2909,3468
2023-01-25 13:29:14,2,9,2909,3468
2023-01-25 13:46:50,2,9,2909,3476
2023-01-25 13:49:09,2,8,2909,3476
2023-01-25 13:51:25,2,7,2909,3476
2023-01-25 13:51:33,2,8,2909,3476
2023-01-25 13:53:31,1,8,2909,3476
2023-01-25 14:11:21,0,8,2909,3476
2023-01-25 14:12:55,0,7,2909,3476
2023-01-25 14:12:59,0,8,2909,3476
2023-01-25 14:13:51,0,7,2909,3476
2023-01-25 14:14:18,0,8,2909,3476
2023-01-25 14:14:41,0,7,2909,3476
2023-01-25 14:18:28,0,6,2909,3476
2023-01-25 14:36:56,0,1,2909,3476
