datetime,bid,ask,open_interest,volume
2023-10-02 09:30:01,12,22,5,5
2023-10-02 09:30:01,12,24,5,5
2023-10-02 09:30:01,12,28,5,5
2023-10-02 09:31:00,12,18,5,5
2023-10-02 09:31:07,16,19,5,5
2023-10-02 09:31:08,16,18,5,5
2023-10-02 09:31:10,16,19,5,5
2023-10-02 09:31:15,16,18,5,5
2023-10-02 09:31:24,16,19,5,5
2023-10-02 09:31:26,17,19,5,5
2023-10-02 09:31:30,17,20,5,5
2023-10-02 09:31:30,17,19,5,5
2023-10-02 09:31:31,17,20,5,5
2023-10-02 09:31:33,18,20,5,5
2023-10-02 09:31:54,19,20,5,5
2023-10-02 09:32:02,18,20,5,5
2023-10-02 09:32:09,19,20,5,5
2023-10-02 09:32:11,19,21,5,5
2023-10-02 09:32:38,20,21,5,5
2023-10-02 09:32:45,20,21,39,39
2023-10-02 09:32:46,19,21,39,39
2023-10-02 09:33:15,20,21,39,39
2023-10-02 09:33:27,20,22,39,39
2023-10-02 09:33:35,21,22,39,39
2023-10-02 09:33:50,21,23,39,39
2023-10-02 09:35:26,21,24,39,39
2023-10-02 09:35:26,22,24,39,39
2023-10-02 09:35:46,23,24,39,39
2023-10-02 09:35:59,23,25,39,39
2023-10-02 09:37:54,24,25,39,39
2023-10-02 09:38:11,24,26,39,39
2023-10-02 09:38:27,25,26,39,39
2023-10-02 09:38:35,25,27,39,39
2023-10-02 09:39:04,26,27,39,39
2023-10-02 09:39:13,26,28,39,39
2023-10-02 09:39:36,27,28,39,39
2023-10-02 09:40:28,27,29,233,267
2023-10-02 09:40:55,27,29,233,301
2023-10-02 09:41:16,26,29,233,301
2023-10-02 09:41:25,27,29,233,301
2023-10-02 09:41:55,26,29,233,301
2023-10-02 09:41:59,27,29,233,301
2023-10-02 09:42:02,26,29,233,301
2023-10-02 09:42:05,27,29,233,301
2023-10-02 09:42:10,26,29,233,301
2023-10-02 09:42:11,27,29,233,301
2023-10-02 09:42:13,26,29,233,301
2023-10-02 09:42:14,27,29,233,301
2023-10-02 09:42:31,26,29,233,301
2023-10-02 09:42:33,27,29,233,301
2023-10-02 09:43:47,26,29,233,301
2023-10-02 09:43:48,27,29,233,301
2023-10-02 09:44:21,27,30,233,301
2023-10-02 09:44:21,28,30,233,301
2023-10-02 09:44:26,28,30,233,329
2023-10-02 09:46:46,29,30,233,329
2023-10-02 09:46:48,27,30,433,529
2023-10-02 09:47:00,27,29,433,529
2023-10-02 09:47:01,27,29,433,649
2023-10-02 09:47:21,26,29,433,649
2023-10-02 09:47:30,27,29,433,649
2023-10-02 09:47:40,26,29,433,649
2023-10-02 09:47:49,26,28,433,649
2023-10-02 09:48:11,27,28,433,649
2023-10-02 09:48:11,27,29,433,649
2023-10-02 09:49:22,26,29,433,649
2023-10-02 09:49:23,27,29,433,649
2023-10-02 09:49:25,26,29,433,649
2023-10-02 09:50:04,27,29,433,649
2023-10-02 09:50:21,26,29,433,649
2023-10-02 09:50:22,26,28,433,649
2023-10-02 09:50:35,26,29,433,649
2023-10-02 09:50:42,27,29,433,649
2023-10-02 09:51:07,26,29,433,649
2023-10-02 09:51:52,26,28,433,649
2023-10-02 09:52:11,26,27,433,649
2023-10-02 09:52:15,25,27,433,649
2023-10-02 09:52:46,25,26,433,649
2023-10-02 09:52:54,25,26,449,849
2023-10-02 09:53:04,24,26,449,849
2023-10-02 09:54:11,24,27,449,849
2023-10-02 09:54:18,25,27,449,849
2023-10-02 09:55:17,26,27,449,849
2023-10-02 09:55:25,26,28,449,849
2023-10-02 09:57:49,27,28,449,849
2023-10-02 09:58:51,26,28,449,849
2023-10-02 09:59:01,26,27,449,849
2023-10-02 09:59:01,25,27,449,849
2023-10-02 09:59:24,25,28,449,849
2023-10-02 10:00:00,25,27,449,849
2023-10-02 10:00:05,25,26,449,849
2023-10-02 10:00:07,25,27,449,849
2023-10-02 10:00:13,25,28,449,849
2023-10-02 10:00:14,26,28,449,849
2023-10-02 10:00:15,27,28,449,849
2023-10-02 10:00:17,27,29,449,849
2023-10-02 10:00:17,27,29,509,909
2023-10-02 10:00:18,28,29,509,909
2023-10-02 10:00:24,28,29,531,1159
2023-10-02 10:00:30,28,30,531,1159
2023-10-02 10:00:32,29,30,531,1159
2023-10-02 10:00:37,29,31,531,1159
2023-10-02 10:00:39,29,31,546,1174
2023-10-02 10:00:40,30,31,546,1174
2023-10-02 10:00:41,29,31,561,1189
2023-10-02 10:00:49,30,31,561,1189
2023-10-02 10:00:49,30,31,621,1249
2023-10-02 10:00:50,29,31,621,1249
2023-10-02 10:00:55,30,31,621,1249
2023-10-02 10:00:57,30,31,871,1499
2023-10-02 10:01:02,29,31,1011,1639
2023-10-02 10:01:03,30,31,1011,1639
2023-10-02 10:01:03,29,31,1211,1839
2023-10-02 10:01:04,30,31,1211,1839
2023-10-02 10:01:04,30,31,1331,1959
2023-10-02 10:01:09,29,31,1531,2159
2023-10-02 10:02:14,29,32,1531,2159
2023-10-02 10:02:14,30,32,1531,2159
2023-10-02 10:02:27,30,32,1291,2409
2023-10-02 10:02:27,31,32,1291,2409
2023-10-02 10:02:30,31,32,1041,2659
2023-10-02 10:02:31,31,33,1041,2659
2023-10-02 10:02:38,32,33,1041,2659
2023-10-02 10:02:48,32,33,1041,2909
2023-10-02 10:02:51,32,33,964,3159
2023-10-02 10:02:54,32,34,964,3309
2023-10-02 10:03:17,33,34,964,3309
2023-10-02 10:03:41,33,35,964,3309
2023-10-02 10:03:58,34,35,964,3309
2023-10-02 10:07:02,33,35,964,3559
2023-10-02 10:10:11,33,34,964,3559
2023-10-02 10:10:18,32,34,964,3559
2023-10-02 10:10:34,32,34,1264,3859
2023-10-02 10:10:46,32,33,1264,3859
2023-10-02 10:10:47,31,33,1264,3859
2023-10-02 10:10:54,31,32,1264,3859
2023-10-02 10:10:57,30,32,1264,3859
2023-10-02 10:11:11,30,33,1264,3859
2023-10-02 10:11:11,31,33,1264,3859
2023-10-02 10:12:23,31,34,1264,3859
2023-10-02 10:12:45,31,33,1264,3859
2023-10-02 10:13:24,30,33,1264,3859
2023-10-02 10:13:26,30,32,1264,3859
2023-10-02 10:14:41,30,31,1264,3859
2023-10-02 10:14:45,29,31,1264,3859
2023-10-02 10:14:46,29,30,1264,3859
2023-10-02 10:14:57,28,30,1264,3859
2023-10-02 10:15:06,28,31,1264,3859
2023-10-02 10:15:08,28,30,1264,3859
2023-10-02 10:15:31,28,31,1264,3859
2023-10-02 10:15:40,29,31,1264,3859
2023-10-02 10:15:49,29,32,1264,3859
2023-10-02 10:15:55,30,32,1264,3859
2023-10-02 10:16:44,29,32,1264,3859
2023-10-02 10:17:00,30,32,1264,3859
2023-10-02 10:18:03,31,32,1264,3859
2023-10-02 10:18:04,31,33,1264,3859
2023-10-02 10:18:36,32,33,1264,3859
2023-10-02 10:18:45,32,34,1264,3859
2023-10-02 10:19:04,32,34,1264,4303
2023-10-02 10:19:05,33,34,1264,4303
2023-10-02 10:19:29,32,34,1264,4303
2023-10-02 10:19:56,32,33,1264,4303
2023-10-02 10:19:56,31,33,1264,4303
2023-10-02 10:20:07,31,34,1264,4303
2023-10-02 10:20:24,32,34,1264,4303
2023-10-02 10:20:38,31,34,1264,4303
2023-10-02 10:20:47,32,34,1264,4303
2023-10-02 10:20:50,31,34,1264,4303
2023-10-02 10:20:58,32,34,1264,4303
2023-10-02 10:20:59,31,34,1264,4303
2023-10-02 10:21:01,32,34,1264,4303
2023-10-02 10:21:02,31,34,1264,4303
2023-10-02 10:21:07,31,33,1264,4303
2023-10-02 10:22:08,31,32,1264,4303
2023-10-02 10:22:09,30,32,1264,4303
2023-10-02 10:22:14,30,31,1264,4303
2023-10-02 10:22:21,29,31,1264,4303
2023-10-02 10:22:46,29,30,1264,4303
2023-10-02 10:23:02,29,31,1264,4303
2023-10-02 10:23:39,29,32,1264,4303
2023-10-02 10:23:45,30,32,1264,4303
2023-10-02 10:24:08,31,32,1264,4303
2023-10-02 10:24:11,31,33,1264,4303
2023-10-02 10:24:16,32,33,1264,4303
2023-10-02 10:24:59,32,33,1314,4353
2023-10-02 10:25:01,32,33,1514,4553
2023-10-02 10:25:03,32,33,1464,4603
2023-10-02 10:25:06,32,34,1464,4603
2023-10-02 10:25:06,32,33,1464,4603
2023-10-02 10:25:07,32,34,1464,4603
2023-10-02 10:25:11,33,34,1464,4603
2023-10-02 10:25:12,32,34,1464,4603
2023-10-02 10:25:13,33,34,1464,4603
2023-10-02 10:25:20,32,34,1464,4603
2023-10-02 10:25:21,33,34,1464,4603
2023-10-02 10:25:24,32,34,1464,4603
2023-10-02 10:25:25,33,34,1464,4603
2023-10-02 10:26:03,33,35,1464,4603
2023-10-02 10:26:07,34,35,1464,4603
2023-10-02 10:26:11,34,36,1464,4803
2023-10-02 10:26:12,35,36,1464,4803
2023-10-02 10:26:28,34,36,1464,4803
2023-10-02 10:26:33,35,36,1464,4803
2023-10-02 10:27:03,34,36,1464,4803
2023-10-02 10:27:04,35,36,1464,4803
2023-10-02 10:27:11,34,36,1464,4803
2023-10-02 10:27:12,35,36,1464,4803
2023-10-02 10:27:21,34,36,1659,4998
2023-10-02 10:27:22,35,36,1659,4998
2023-10-02 10:27:23,34,36,1659,4998
2023-10-02 10:27:25,34,35,1659,4998
2023-10-02 10:27:33,34,36,1659,4998
2023-10-02 10:27:34,35,36,1659,4998
2023-10-02 10:27:36,34,36,1659,4998
2023-10-02 10:27:38,35,36,1659,4998
2023-10-02 10:27:40,34,36,1659,4998
2023-10-02 10:27:41,34,35,1659,4998
2023-10-02 10:27:42,33,35,1659,4998
2023-10-02 10:28:06,33,34,1659,4998
2023-10-02 10:28:06,32,34,1659,4998
2023-10-02 10:28:29,32,35,1659,4998
2023-10-02 10:28:33,33,35,1659,4998
2023-10-02 10:28:45,33,36,1659,4998
2023-10-02 10:28:46,33,35,1659,4998
2023-10-02 10:28:48,33,36,1659,4998
2023-10-02 10:28:49,33,35,1659,4998
2023-10-02 10:28:54,33,36,1659,4998
2023-10-02 10:28:57,33,35,1659,4998
2023-10-02 10:29:17,32,35,1659,4998
2023-10-02 10:29:19,32,34,1659,4998
2023-10-02 10:29:29,33,34,1659,4998
2023-10-02 10:29:30,32,34,1659,4998
2023-10-02 10:29:34,32,33,1659,4998
2023-10-02 10:29:47,31,33,1659,4998
2023-10-02 10:29:47,32,33,1659,4998
2023-10-02 10:29:50,31,33,1659,4998
2023-10-02 10:29:51,31,32,1659,4998
2023-10-02 10:29:53,31,33,1659,4998
2023-10-02 10:29:57,31,32,1659,4998
2023-10-02 10:29:58,31,32,1659,5198
2023-10-02 10:29:58,30,32,1688,5227
2023-10-02 10:29:59,31,32,1688,5227
2023-10-02 10:30:00,31,32,1779,5318
2023-10-02 10:30:02,30,32,1779,5318
2023-10-02 10:30:04,31,32,1779,5318
2023-10-02 10:30:07,31,32,1887,5518
2023-10-02 10:30:08,30,31,1967,5598
2023-10-02 10:30:10,28,30,2189,5820
2023-10-02 10:30:10,29,30,2189,5820
2023-10-02 10:30:12,29,30,2215,5846
2023-10-02 10:30:13,28,30,2215,5846
2023-10-02 10:30:14,28,29,2215,5846
2023-10-02 10:30:19,28,30,2215,5846
2023-10-02 10:30:21,29,30,2215,5846
2023-10-02 10:30:24,29,31,2215,5846
2023-10-02 10:30:26,29,30,2215,5846
2023-10-02 10:30:27,29,30,2241,5872
2023-10-02 10:30:28,28,30,2241,5872
2023-10-02 10:30:29,28,29,2241,5872
2023-10-02 10:30:48,28,30,2241,5872
2023-10-02 10:30:49,28,29,2241,5872
2023-10-02 10:30:58,28,29,2241,6050
2023-10-02 10:31:11,27,29,2241,6050
2023-10-02 10:31:14,27,28,2241,6050
2023-10-02 10:31:15,27,29,2241,6050
2023-10-02 10:31:16,27,28,2241,6050
2023-10-02 10:31:18,27,29,2241,6050
2023-10-02 10:31:19,27,28,2241,6050
2023-10-02 10:31:30,27,29,2241,6050
2023-10-02 10:31:39,27,28,2241,6050
2023-10-02 10:31:46,27,29,2241,6050
2023-10-02 10:31:47,27,28,2241,6050
2023-10-02 10:31:48,27,29,2241,6050
2023-10-02 10:32:01,28,29,2241,6050
2023-10-02 10:32:03,27,29,2241,6050
2023-10-02 10:32:05,28,29,2241,6050
2023-10-02 10:32:08,27,29,2241,6050
2023-10-02 10:32:09,28,29,2241,6050
2023-10-02 10:32:14,28,30,2241,6050
2023-10-02 10:32:18,29,30,2241,6050
2023-10-02 10:32:21,29,31,2241,6050
2023-10-02 10:32:22,30,31,2241,6050
2023-10-02 10:32:22,30,32,2241,6050
2023-10-02 10:32:23,31,32,2241,6050
2023-10-02 10:32:29,31,33,2241,6050
2023-10-02 10:32:30,31,32,2241,6050
2023-10-02 10:32:33,31,32,2041,6250
2023-10-02 10:32:33,31,33,2041,6250
2023-10-02 10:32:40,32,33,2041,6250
2023-10-02 10:32:41,31,33,2041,6250
2023-10-02 10:32:48,32,33,2041,6250
2023-10-02 10:32:53,31,32,2229,6438
2023-10-02 10:33:02,30,32,2229,6438
2023-10-02 10:33:04,30,33,2229,6438
2023-10-02 10:33:05,31,33,2229,6438
2023-10-02 10:33:31,31,32,2229,6438
2023-10-02 10:33:33,31,33,2229,6438
2023-10-02 10:33:42,31,32,2229,6438
2023-10-02 10:34:00,31,33,2229,6438
2023-10-02 10:34:02,31,32,2229,6438
2023-10-02 10:34:03,31,33,2229,6438
2023-10-02 10:34:03,31,32,2229,6438
2023-10-02 10:34:05,31,33,2229,6438
2023-10-02 10:34:06,31,32,2229,6438
2023-10-02 10:34:26,31,33,2229,6438
2023-10-02 10:34:49,32,33,2229,6438
2023-10-02 10:34:52,31,33,2229,6438
2023-10-02 10:35:26,32,33,2229,6438
2023-10-02 10:35:35,31,33,2229,6438
2023-10-02 10:35:46,31,32,2229,6438
2023-10-02 10:35:47,31,33,2229,6438
2023-10-02 10:36:56,32,33,2229,6438
2023-10-02 10:37:18,32,34,2229,6438
2023-10-02 10:37:20,32,33,2229,6438
2023-10-02 10:37:20,32,34,2229,6438
2023-10-02 10:37:23,32,33,2229,6438
2023-10-02 10:37:26,32,34,2229,6438
2023-10-02 10:37:29,32,33,2229,6438
2023-10-02 10:37:37,31,33,2229,6438
2023-10-02 10:37:59,31,34,2229,6438
2023-10-02 10:38:02,31,33,2229,6438
2023-10-02 10:38:11,31,34,2229,6438
2023-10-02 10:38:12,31,33,2229,6438
2023-10-02 10:38:40,32,33,2229,6438
2023-10-02 10:38:41,31,33,2229,6438
2023-10-02 10:38:52,31,32,2229,6438
2023-10-02 10:38:55,31,32,2429,6638
2023-10-02 10:38:55,30,32,2429,6638
2023-10-02 10:38:56,31,32,2429,6638
2023-10-02 10:39:08,31,33,2429,6638
2023-10-02 10:39:10,32,33,2429,6638
2023-10-02 10:39:18,31,33,2429,6638
2023-10-02 10:39:28,32,33,2429,6638
2023-10-02 10:39:31,31,33,2429,6638
2023-10-02 10:39:37,32,33,2429,6638
2023-10-02 10:39:39,31,33,2429,6638
2023-10-02 10:39:44,31,32,2429,6638
2023-10-02 10:39:45,31,33,2429,6638
2023-10-02 10:39:46,32,33,2429,6638
2023-10-02 10:39:48,31,33,2429,6638
2023-10-02 10:39:56,32,33,2429,6638
2023-10-02 10:40:07,31,33,2429,6638
2023-10-02 10:40:11,32,33,2429,6638
2023-10-02 10:40:30,33,34,2155,6912
2023-10-02 10:41:09,32,34,2155,6912
2023-10-02 10:41:22,32,33,2155,6912
2023-10-02 10:41:23,31,33,2155,6912
2023-10-02 10:41:26,32,33,2155,6912
2023-10-02 10:42:27,32,33,2355,7112
2023-10-02 10:42:28,31,33,2355,7112
2023-10-02 10:42:34,32,33,2355,7112
2023-10-02 10:42:35,31,32,2542,7299
2023-10-02 10:42:38,31,32,2742,7499
2023-10-02 10:42:39,30,32,2742,7499
2023-10-02 10:42:39,30,31,2742,7499
2023-10-02 10:42:42,29,31,2742,7499
2023-10-02 10:42:59,29,30,2742,7499
2023-10-02 10:43:02,29,31,2742,7499
2023-10-02 10:43:05,30,31,2742,7499
2023-10-02 10:43:05,30,31,2802,7559
2023-10-02 10:43:18,29,30,3000,7757
2023-10-02 10:43:40,28,30,3000,7757
2023-10-02 10:43:49,29,30,3000,7757
2023-10-02 10:43:50,28,30,3000,7757
2023-10-02 10:43:51,29,30,3000,7757
2023-10-02 10:44:02,29,31,3000,7757
2023-10-02 10:44:06,30,31,3000,7757
2023-10-02 10:44:28,30,32,3000,7757
2023-10-02 10:44:44,31,32,3000,7757
2023-10-02 10:45:11,31,32,2800,7957
2023-10-02 10:45:12,31,34,2800,7957
2023-10-02 10:45:13,31,33,2800,7957
2023-10-02 10:45:22,31,32,2800,7957
2023-10-02 10:45:24,31,33,2800,7957
2023-10-02 10:45:28,31,34,2800,7957
2023-10-02 10:45:29,31,33,2800,7957
2023-10-02 10:45:33,31,34,2800,7957
2023-10-02 10:45:35,31,33,2800,7957
2023-10-02 10:45:38,31,34,2800,7957
2023-10-02 10:45:39,32,34,2800,7957
2023-10-02 10:45:41,32,33,2800,7957
2023-10-02 10:45:44,31,33,2800,7957
2023-10-02 10:45:57,31,34,2800,7957
2023-10-02 10:46:08,31,33,2800,7957
2023-10-02 10:46:13,31,34,2800,7957
2023-10-02 10:46:14,31,33,2800,7957
2023-10-02 10:47:06,31,32,2800,7957
2023-10-02 10:47:19,31,33,2800,7957
2023-10-02 10:47:38,32,33,2800,7957
2023-10-02 10:47:39,32,34,2800,7957
2023-10-02 10:47:43,32,33,2800,7957
2023-10-02 10:47:44,32,34,2800,7957
2023-10-02 10:47:46,32,33,2800,7957
2023-10-02 10:47:47,32,34,2800,7957
2023-10-02 10:47:48,32,34,2800,8017
2023-10-02 10:47:49,33,34,2800,8017
2023-10-02 10:48:03,33,34,2600,8217
2023-10-02 10:48:05,33,35,2600,8217
2023-10-02 10:48:08,33,34,2600,8217
2023-10-02 10:48:09,33,35,2600,8217
2023-10-02 10:48:11,33,34,2600,8217
2023-10-02 10:48:25,33,35,2600,8217
2023-10-02 10:48:26,34,35,2600,8217
2023-10-02 10:48:41,34,36,2600,8217
2023-10-02 10:48:54,34,35,2600,8217
2023-10-02 10:49:01,33,35,2600,8217
2023-10-02 10:49:15,33,35,3000,8617
2023-10-02 10:49:15,34,35,3000,8617
2023-10-02 10:50:15,34,35,2800,8817
2023-10-02 10:50:17,35,36,2755,8862
2023-10-02 10:51:16,35,37,2755,8862
2023-10-02 10:51:17,35,36,2755,8862
2023-10-02 10:51:23,35,37,2755,8862
2023-10-02 10:51:24,35,36,2755,8862
2023-10-02 10:51:26,35,37,2755,8862
2023-10-02 10:51:28,35,36,2755,8862
2023-10-02 10:51:31,35,37,2755,8862
2023-10-02 10:51:33,36,37,2755,8862
2023-10-02 10:51:48,35,37,2755,8862
2023-10-02 10:51:49,35,36,2755,8862
2023-10-02 10:51:52,36,37,2558,9059
2023-10-02 10:52:05,36,37,2559,9060
2023-10-02 10:52:28,36,38,2559,9060
2023-10-02 10:52:29,37,38,2559,9060
2023-10-02 10:53:01,37,39,2559,9060
2023-10-02 10:53:01,38,39,2559,9060
2023-10-02 10:53:01,38,39,2959,9460
2023-10-02 10:53:03,37,39,2959,9460
2023-10-02 10:53:13,38,39,2959,9460
2023-10-02 10:53:14,37,39,2959,9460
2023-10-02 10:53:19,37,38,2959,9460
2023-10-02 10:53:20,37,39,2959,9460
2023-10-02 10:53:33,37,38,2959,9460
2023-10-02 10:53:46,36,38,2959,9460
2023-10-02 10:53:50,36,37,2959,9460
2023-10-02 10:53:50,36,37,2960,9461
2023-10-02 10:53:58,35,37,2960,9461
2023-10-02 10:54:07,35,36,2960,9461
2023-10-02 10:54:08,35,36,2960,9462
2023-10-02 10:54:08,35,36,2960,9463
2023-10-02 10:55:26,35,36,3085,9796
2023-10-02 10:55:35,35,36,3085,9896
2023-10-02 10:57:02,34,36,3085,9896
2023-10-02 10:57:03,34,35,3085,9896
2023-10-02 10:57:27,33,35,3085,9896
2023-10-02 10:57:28,33,34,3085,9896
2023-10-02 10:57:38,33,34,3085,10191
2023-10-02 10:57:55,31,33,3085,10396
2023-10-02 10:57:56,31,33,3081,10400
2023-10-02 10:58:00,32,33,3081,10400
2023-10-02 10:58:03,31,32,3345,10664
2023-10-02 10:58:04,31,33,3345,10664
2023-10-02 10:58:04,32,33,3345,10664
2023-10-02 10:58:05,32,33,3445,10764
2023-10-02 10:58:05,31,32,3548,10867
2023-10-02 10:58:06,31,33,3548,10867
2023-10-02 10:58:08,31,32,3548,10867
2023-10-02 10:58:43,31,33,3548,10867
2023-10-02 10:58:44,32,33,3548,10867
2023-10-02 10:59:01,32,34,3548,10867
2023-10-02 10:59:24,33,34,3548,10867
2023-10-02 10:59:32,32,34,3548,10867
2023-10-02 10:59:40,33,34,3548,10867
2023-10-02 10:59:44,32,34,3548,10867
2023-10-02 10:59:49,33,34,3548,10867
2023-10-02 10:59:57,32,34,3548,10867
2023-10-02 11:00:01,33,34,3548,10867
2023-10-02 11:00:11,32,34,3548,10867
2023-10-02 11:00:13,33,34,3548,10867
2023-10-02 11:00:14,32,34,3548,10867
2023-10-02 11:00:15,32,33,3548,10867
2023-10-02 11:00:16,32,34,3548,10867
2023-10-02 11:00:21,33,34,3548,10867
2023-10-02 11:00:32,33,35,3548,10867
2023-10-02 11:00:45,34,35,3548,10867
2023-10-02 11:01:32,34,36,3548,11132
2023-10-02 11:01:37,35,36,3548,11132
2023-10-02 11:02:08,35,37,3548,11346
2023-10-02 11:02:09,35,36,3548,11346
2023-10-02 11:02:13,35,37,3548,11346
2023-10-02 11:02:21,36,37,3548,11346
2023-10-02 11:02:43,37,38,3325,11569
2023-10-02 11:02:51,37,39,3325,11569
2023-10-02 11:02:53,38,39,3325,11569
2023-10-02 11:03:07,37,39,3325,11569
2023-10-02 11:03:10,38,39,3325,11569
2023-10-02 11:03:11,37,39,3325,11569
2023-10-02 11:03:12,38,39,3325,11569
2023-10-02 11:03:17,37,39,3325,11569
2023-10-02 11:03:19,37,38,3325,11569
2023-10-02 11:03:21,37,39,3325,11569
2023-10-02 11:03:34,38,39,3325,11569
2023-10-02 11:03:36,37,39,3325,11569
2023-10-02 11:03:37,38,39,3325,11569
2023-10-02 11:03:38,37,39,3325,11569
2023-10-02 11:03:43,38,39,3325,11569
2023-10-02 11:03:50,38,40,3325,11569
2023-10-02 11:03:55,39,40,3325,11569
2023-10-02 11:03:57,39,41,3725,11969
2023-10-02 11:03:58,40,41,3725,11969
2023-10-02 11:04:00,39,41,3725,11969
2023-10-02 11:04:05,40,41,3725,11969
2023-10-02 11:04:54,39,41,3725,11969
2023-10-02 11:04:55,39,40,3725,11969
2023-10-02 11:04:59,39,41,3725,11969
2023-10-02 11:05:01,39,40,3725,11969
2023-10-02 11:05:05,39,41,3725,11969
2023-10-02 11:05:06,39,40,3725,11969
2023-10-02 11:05:07,38,40,3725,11969
2023-10-02 11:05:15,39,40,3725,11969
2023-10-02 11:05:18,38,40,3725,11969
2023-10-02 11:05:20,39,40,3725,11969
2023-10-02 11:05:22,38,40,3725,11969
2023-10-02 11:05:29,39,40,3725,11969
2023-10-02 11:05:32,39,41,3725,11969
2023-10-02 11:05:33,39,40,3725,11969
2023-10-02 11:05:39,38,40,3725,11969
2023-10-02 11:05:57,39,40,3725,11969
2023-10-02 11:05:58,38,40,3725,11969
2023-10-02 11:05:59,39,40,3725,11969
2023-10-02 11:06:05,38,40,3725,11969
2023-10-02 11:06:06,39,40,3725,11969
2023-10-02 11:06:08,38,40,3725,11969
2023-10-02 11:06:11,39,40,3725,11969
2023-10-02 11:06:19,38,40,3725,11969
2023-10-02 11:06:22,39,40,3725,11969
2023-10-02 11:06:28,38,40,3725,11969
2023-10-02 11:06:34,39,40,3725,11969
2023-10-02 11:06:40,38,40,3725,11969
2023-10-02 11:06:44,39,40,3725,11969
2023-10-02 11:06:53,38,40,3725,11969
2023-10-02 11:06:56,39,40,3725,11969
2023-10-02 11:06:58,38,40,3725,11969
2023-10-02 11:07:01,39,40,3725,11969
2023-10-02 11:07:51,39,41,3791,12035
2023-10-02 11:07:51,39,40,3791,12035
2023-10-02 11:07:54,39,41,3791,12035
2023-10-02 11:07:59,39,40,3791,12035
2023-10-02 11:08:02,38,40,3791,12035
2023-10-02 11:08:09,38,39,3791,12035
2023-10-02 11:08:21,37,39,3791,12035
2023-10-02 11:08:21,37,38,3791,12035
2023-10-02 11:08:36,37,38,3791,12230
2023-10-02 11:09:29,36,38,3791,12435
2023-10-02 11:09:30,36,37,3791,12435
2023-10-02 11:09:37,36,37,3591,12635
2023-10-02 11:09:38,36,38,3591,12635
2023-10-02 11:09:39,36,37,3591,12635
2023-10-02 11:09:41,36,37,3391,12835
2023-10-02 11:09:42,36,39,3391,12835
2023-10-02 11:09:43,37,39,3391,12835
2023-10-02 11:10:10,37,38,3391,12835
2023-10-02 11:10:11,37,39,3391,12835
2023-10-02 11:10:16,37,38,3391,12835
2023-10-02 11:10:16,36,38,3391,12835
2023-10-02 11:10:20,37,38,3391,12835
2023-10-02 11:10:24,36,38,3391,12835
2023-10-02 11:10:25,37,38,3391,12835
2023-10-02 11:10:25,37,39,3391,12835
2023-10-02 11:10:48,36,39,3391,12835
2023-10-02 11:10:48,36,38,3391,12835
2023-10-02 11:11:06,37,38,3391,12835
2023-10-02 11:11:09,36,38,3391,12835
2023-10-02 11:11:11,37,38,3391,12835
2023-10-02 11:11:13,37,39,3391,12835
2023-10-02 11:11:22,38,39,3391,12835
2023-10-02 11:11:28,38,40,3391,12835
2023-10-02 11:11:33,39,40,3391,12835
2023-10-02 11:11:34,38,40,3391,12835
2023-10-02 11:12:13,38,41,3391,12835
2023-10-02 11:12:14,39,41,3391,12835
2023-10-02 11:12:16,39,40,3391,12835
2023-10-02 11:12:21,39,41,3391,12835
2023-10-02 11:12:22,39,40,3391,12835
2023-10-02 11:12:23,39,41,3391,12835
2023-10-02 11:12:31,40,41,3391,12835
2023-10-02 11:13:45,40,42,3591,13035
2023-10-02 11:13:46,41,42,3591,13035
2023-10-02 11:13:48,40,42,3591,13035
2023-10-02 11:13:50,41,42,3591,13035
2023-10-02 11:13:51,40,42,3591,13035
2023-10-02 11:13:51,41,42,3591,13035
2023-10-02 11:14:16,41,43,3591,13035
2023-10-02 11:14:18,42,43,3591,13035
2023-10-02 11:14:23,41,43,3591,13035
2023-10-02 11:14:24,41,42,3591,13035
2023-10-02 11:14:25,41,43,3591,13035
2023-10-02 11:14:28,42,43,3591,13035
2023-10-02 11:14:30,41,43,3591,13035
2023-10-02 11:14:33,42,43,3591,13035
2023-10-02 11:15:14,42,44,3591,13035
2023-10-02 11:15:16,42,43,3591,13035
2023-10-02 11:15:18,42,44,3591,13035
2023-10-02 11:15:27,42,43,3591,13035
2023-10-02 11:15:33,42,43,3391,13235
2023-10-02 11:15:33,42,44,3391,13235
2023-10-02 11:15:44,43,44,3391,13235
2023-10-02 11:16:20,43,44,3455,13335
2023-10-02 11:17:12,43,44,3475,13355
2023-10-02 11:18:18,43,45,3475,13355
2023-10-02 11:18:19,43,44,3475,13355
2023-10-02 11:18:20,43,45,3475,13355
2023-10-02 11:18:21,43,44,3475,13355
2023-10-02 11:19:03,43,44,3531,13411
2023-10-02 11:19:51,43,45,3531,13411
2023-10-02 11:19:52,43,44,3531,13411
2023-10-02 11:20:54,43,44,3551,13431
2023-10-02 11:21:23,43,44,3585,13465
2023-10-02 11:21:43,42,44,3585,13465
2023-10-02 11:21:43,42,43,3585,13465
2023-10-02 11:21:45,42,43,3785,13665
2023-10-02 11:21:47,42,43,3997,13877
2023-10-02 11:21:47,41,43,3997,13877
2023-10-02 11:21:48,41,42,3997,13877
2023-10-02 11:21:49,41,42,3997,14277
2023-10-02 11:21:50,41,42,4085,14365
2023-10-02 11:21:57,40,42,4085,14677
2023-10-02 11:21:58,40,41,4085,14677
2023-10-02 11:21:59,40,42,4085,14677
2023-10-02 11:22:01,40,41,4085,14677
2023-10-02 11:22:05,40,42,4085,14677
2023-10-02 11:22:06,40,41,4085,14677
2023-10-02 11:22:10,40,42,4085,14865
2023-10-02 11:22:10,40,41,4085,14865
2023-10-02 11:22:12,40,42,4085,14865
2023-10-02 11:22:25,41,42,4085,14865
2023-10-02 11:22:28,40,42,4085,14865
2023-10-02 11:22:30,41,42,4085,14865
2023-10-02 11:22:31,40,42,4085,14865
2023-10-02 11:22:33,41,42,4085,14865
2023-10-02 11:22:34,40,42,4085,14865
2023-10-02 11:22:35,41,42,4085,14865
2023-10-02 11:22:36,40,42,4085,14865
2023-10-02 11:22:46,41,42,4085,14865
2023-10-02 11:22:46,40,42,4085,14865
2023-10-02 11:22:57,40,41,4085,14865
2023-10-02 11:23:00,40,42,4085,14865
2023-10-02 11:23:01,40,41,4085,14865
2023-10-02 11:23:15,39,41,4085,14865
2023-10-02 11:23:16,39,40,4085,14865
2023-10-02 11:23:29,39,41,4085,14865
2023-10-02 11:23:30,39,40,4085,14865
2023-10-02 11:23:56,39,41,4085,14865
2023-10-02 11:23:57,39,40,4085,14865
2023-10-02 11:23:58,39,41,4085,14865
2023-10-02 11:23:59,40,41,4085,14865
2023-10-02 11:24:02,39,41,4085,14865
2023-10-02 11:24:03,39,40,4085,14865
2023-10-02 11:24:44,39,41,4085,14865
2023-10-02 11:24:45,40,41,4085,14865
2023-10-02 11:24:46,40,41,4085,14866
2023-10-02 11:24:47,40,41,4085,14867
2023-10-02 11:24:49,39,41,4085,14867
2023-10-02 11:24:52,40,41,4085,14867
2023-10-02 11:24:53,39,41,4085,14867
2023-10-02 11:24:56,39,40,4085,14867
2023-10-02 11:25:00,39,40,4019,14933
2023-10-02 11:25:02,38,40,4019,14933
2023-10-02 11:25:10,39,40,4019,14933
2023-10-02 11:25:34,39,41,4019,15062
2023-10-02 11:25:35,39,40,4019,15062
2023-10-02 11:26:12,39,41,4019,15062
2023-10-02 11:26:23,40,41,4019,15062
2023-10-02 11:26:24,40,41,4019,15063
2023-10-02 11:26:29,39,40,4019,15064
2023-10-02 11:26:31,38,40,4019,15064
2023-10-02 11:26:36,39,40,4019,15064
2023-10-02 11:26:38,38,40,4019,15064
2023-10-02 11:30:49,39,40,4019,15064
2023-10-02 11:31:03,39,41,4054,15344
2023-10-02 11:31:43,39,42,4054,15344
2023-10-02 11:31:43,40,42,4054,15344
2023-10-02 11:31:43,40,41,4054,15344
2023-10-02 11:31:44,40,41,4054,15548
2023-10-02 11:31:44,40,42,4054,15548
2023-10-02 11:31:46,41,42,4054,15548
2023-10-02 11:31:47,41,42,4054,15549
2023-10-02 11:31:47,41,42,4054,15550
2023-10-02 11:31:48,41,42,4050,15554
2023-10-02 11:31:50,41,43,4050,15554
2023-10-02 11:31:50,42,43,4050,15554
2023-10-02 11:31:51,41,43,4050,15554
2023-10-02 11:31:52,42,43,4050,15554
2023-10-02 11:31:54,42,43,4050,15555
2023-10-02 11:31:54,42,43,4050,15556
2023-10-02 11:31:54,42,43,4046,15560
2023-10-02 11:31:59,41,43,4046,15560
2023-10-02 11:32:02,42,43,4046,15560
2023-10-02 11:32:04,41,43,4046,15560
2023-10-02 11:32:10,42,43,4046,15560
2023-10-02 11:32:18,41,43,4046,15560
2023-10-02 11:32:26,41,42,4046,15560
2023-10-02 11:32:28,41,43,4046,15560
2023-10-02 11:32:29,42,43,4046,15560
2023-10-02 11:33:16,41,43,4046,15560
2023-10-02 11:33:28,42,43,4046,15560
2023-10-02 11:33:31,41,43,4046,15560
2023-10-02 11:33:33,42,43,4046,15560
2023-10-02 11:33:34,41,43,4046,15560
2023-10-02 11:33:37,42,43,4046,15560
2023-10-02 11:33:38,41,43,4046,15560
2023-10-02 11:33:41,42,43,4046,15560
2023-10-02 11:33:42,41,43,4046,15560
2023-10-02 11:33:54,42,43,4046,15560
2023-10-02 11:34:04,41,43,4046,15560
2023-10-02 11:34:10,42,43,4046,15560
2023-10-02 11:34:11,41,43,4046,15560
2023-10-02 11:34:12,42,43,4046,15560
2023-10-02 11:34:26,41,43,4046,15560
2023-10-02 11:34:28,42,43,4046,15560
2023-10-02 11:34:30,41,43,4046,15560
2023-10-02 11:34:31,42,43,4046,15560
2023-10-02 11:34:32,41,43,4046,15560
2023-10-02 11:34:34,42,43,4046,15560
2023-10-02 11:34:36,41,43,4046,15560
2023-10-02 11:34:38,41,42,4046,15560
2023-10-02 11:34:40,41,43,4046,15560
2023-10-02 11:34:42,41,42,4046,15560
2023-10-02 11:34:45,41,43,4046,15560
2023-10-02 11:34:51,42,43,4046,15560
2023-10-02 11:34:52,41,43,4046,15560
2023-10-02 11:35:00,41,43,4341,15855
2023-10-02 11:35:01,42,43,4341,15855
2023-10-02 11:35:53,42,44,4341,15855
2023-10-02 11:36:16,42,43,4341,15855
2023-10-02 11:36:16,42,43,4342,15856
2023-10-02 11:36:37,42,44,4396,15910
2023-10-02 11:38:00,42,43,4396,15910
2023-10-02 11:38:03,42,43,4249,16057
2023-10-02 11:38:05,42,44,4101,16205
2023-10-02 11:38:06,42,44,3996,16310
2023-10-02 11:38:08,43,44,3996,16310
2023-10-02 11:38:56,42,43,3998,16312
2023-10-02 11:39:03,41,43,5198,17512
2023-10-02 11:39:19,41,43,5198,17547
2023-10-02 11:40:30,41,44,5227,17976
2023-10-02 11:41:59,41,43,5227,17976
2023-10-02 11:42:00,42,43,5227,17976
2023-10-02 11:42:43,41,43,5227,17978
2023-10-02 11:42:44,41,42,5227,17978
2023-10-02 11:43:14,40,42,5227,17978
2023-10-02 11:43:16,40,41,5227,17978
2023-10-02 11:43:16,39,41,5227,17978
2023-10-02 11:43:23,38,41,5827,18578
2023-10-02 11:43:23,39,41,5827,18578
2023-10-02 11:43:30,38,39,6227,18978
2023-10-02 11:43:30,38,39,6227,19089
2023-10-02 11:43:33,38,41,6316,19178
2023-10-02 11:43:38,38,41,6316,19511
2023-10-02 11:43:39,39,41,6316,19511
2023-10-02 11:44:09,39,41,6316,19844
2023-10-02 11:44:11,40,41,6316,19844
2023-10-02 11:44:27,39,41,6316,19844
2023-10-02 11:44:28,40,41,6316,19844
2023-10-02 11:44:51,39,40,6283,19877
2023-10-02 11:45:01,37,40,6283,19877
2023-10-02 11:45:01,37,39,6283,19877
2023-10-02 11:45:01,38,39,6283,19877
2023-10-02 11:45:05,38,39,6074,20086
2023-10-02 11:45:06,38,39,6118,20486
2023-10-02 11:45:06,38,39,6118,20539
2023-10-02 11:45:08,38,39,6518,20939
2023-10-02 11:45:11,37,39,6518,20939
2023-10-02 11:45:15,37,38,6518,20939
2023-10-02 11:45:21,36,37,7376,21797
2023-10-02 11:45:21,36,38,7376,21939
2023-10-02 11:45:21,37,38,7376,21939
2023-10-02 11:45:24,37,39,7376,21939
2023-10-02 11:45:26,38,39,7376,21939
2023-10-02 11:45:27,37,38,7376,21940
2023-10-02 11:45:28,36,37,8074,22638
2023-10-02 11:45:28,36,37,8074,22920
2023-10-02 11:45:29,36,39,8136,23253
2023-10-02 11:45:29,36,38,8136,23253
2023-10-02 11:45:31,37,38,8136,23253
2023-10-02 11:45:43,37,38,8136,23586
2023-10-02 11:45:54,36,37,8137,23587
2023-10-02 11:46:01,36,37,8387,23837
2023-10-02 11:46:03,36,37,8637,24087
2023-10-02 11:46:05,35,37,8637,24087
2023-10-02 11:46:05,34,37,8637,24087
2023-10-02 11:46:06,35,37,8637,24087
2023-10-02 11:46:29,36,37,8637,24087
2023-10-02 11:46:36,35,36,8899,24349
2023-10-02 11:46:38,34,36,8899,24349
2023-10-02 11:46:38,34,37,9137,24587
2023-10-02 11:46:45,35,37,9137,24587
2023-10-02 11:46:47,34,37,9137,24587
2023-10-02 11:46:47,36,37,9137,24587
2023-10-02 11:46:53,34,37,9137,24587
2023-10-02 11:46:53,35,37,9137,24587
2023-10-02 11:47:03,35,36,9137,24587
2023-10-02 11:47:06,34,36,9137,24587
2023-10-02 11:47:10,34,36,9017,24707
2023-10-02 11:47:13,35,36,9017,24707
2023-10-02 11:47:57,34,35,9017,24795
2023-10-02 11:47:59,34,36,9229,25007
2023-10-02 11:48:00,35,36,9229,25007
2023-10-02 11:48:02,34,36,9229,25007
2023-10-02 11:48:04,35,36,9229,25007
2023-10-02 11:48:06,34,35,9467,25245
2023-10-02 11:48:08,34,36,9529,25307
2023-10-02 11:48:16,35,36,9529,25307
2023-10-02 11:48:17,34,36,9529,25307
2023-10-02 11:48:17,34,35,9529,25307
2023-10-02 11:48:19,34,35,9529,25308
2023-10-02 11:48:20,34,35,9529,25558
2023-10-02 11:48:22,34,35,9529,25808
2023-10-02 11:48:25,34,36,9529,25899
2023-10-02 11:48:25,35,36,9529,25899
2023-10-02 11:48:47,35,36,9529,25900
2023-10-02 11:48:56,35,37,9529,25900
2023-10-02 11:48:58,36,37,9529,25900
2023-10-02 11:50:23,34,36,9529,25901
2023-10-02 11:50:27,34,37,9529,25901
2023-10-02 11:50:28,35,37,9529,25901
2023-10-02 11:50:36,35,38,9529,25901
2023-10-02 11:50:36,36,38,9529,25901
2023-10-02 11:50:38,37,38,9529,25901
2023-10-02 11:50:47,35,37,9529,25903
2023-10-02 11:50:47,35,37,9382,26050
2023-10-02 11:50:56,36,37,9382,26050
2023-10-02 11:51:45,36,37,9382,26605
2023-10-02 11:51:59,36,38,9382,26605
2023-10-02 11:52:02,37,38,9382,26605
2023-10-02 11:52:15,37,39,9382,26605
2023-10-02 11:52:28,38,39,9382,26605
2023-10-02 11:52:28,38,39,9382,26755
2023-10-02 11:53:02,37,38,9382,26757
2023-10-02 11:53:16,36,37,9382,26759
2023-10-02 11:53:24,35,36,9382,26782
2023-10-02 11:53:25,34,36,9382,26782
2023-10-02 11:53:38,34,35,9382,26782
2023-10-02 11:53:39,33,35,9382,26782
2023-10-02 11:53:40,33,34,9382,26782
2023-10-02 11:53:41,33,35,9382,26982
2023-10-02 11:53:41,33,34,9382,26982
2023-10-02 11:53:42,32,34,9382,26982
2023-10-02 11:53:43,32,34,9382,27382
2023-10-02 11:53:46,31,34,9382,27382
2023-10-02 11:53:46,31,33,9382,27382
2023-10-02 11:53:48,30,33,9382,27382
2023-10-02 11:53:48,30,32,9382,27382
2023-10-02 11:53:51,30,33,9382,27382
2023-10-02 11:53:51,30,32,9382,27382
2023-10-02 11:53:53,30,33,9382,27382
2023-10-02 11:53:54,31,33,9382,27382
2023-10-02 11:53:56,30,33,9382,27382
2023-10-02 11:53:57,30,32,9382,27382
2023-10-02 11:54:08,30,32,8982,27782
2023-10-02 11:54:09,30,31,8982,27782
2023-10-02 11:54:09,30,31,8882,28182
2023-10-02 11:54:10,29,31,8882,28182
2023-10-02 11:54:35,27,31,10682,29982
2023-10-02 11:54:36,28,31,10682,29982
2023-10-02 11:54:36,28,30,10682,29982
2023-10-02 11:54:39,29,30,10682,29982
2023-10-02 11:54:40,29,31,10682,29982
2023-10-02 11:54:40,29,30,10682,29982
2023-10-02 11:54:42,29,30,10682,29983
2023-10-02 11:54:42,29,30,10682,29984
2023-10-02 11:54:49,29,30,10682,30134
2023-10-02 11:54:53,29,30,10682,30534
2023-10-02 11:55:10,28,29,10682,30649
2023-10-02 11:55:18,28,30,10682,30649
2023-10-02 11:55:18,29,30,10682,30649
2023-10-02 11:55:24,28,30,10682,30649
2023-10-02 11:55:25,29,30,10682,30649
2023-10-02 11:55:27,28,30,10682,30649
2023-10-02 11:55:37,28,30,10682,30982
2023-10-02 11:55:40,28,29,10682,30982
2023-10-02 11:55:43,27,29,10682,30982
2023-10-02 11:55:49,27,28,10682,30982
2023-10-02 11:57:53,27,28,10682,31315
2023-10-02 11:59:14,27,29,10682,31647
2023-10-02 11:59:24,27,30,10682,31647
2023-10-02 11:59:27,28,30,10682,31647
2023-10-02 11:59:35,28,31,10682,31647
2023-10-02 12:00:00,28,30,10682,31647
2023-10-02 12:00:04,27,30,10682,31647
2023-10-02 12:00:24,27,29,10682,31647
2023-10-02 12:00:29,27,30,10682,31647
2023-10-02 12:00:44,28,30,10682,31647
2023-10-02 12:00:56,28,31,10682,31647
2023-10-02 12:00:57,28,30,10682,31647
2023-10-02 12:00:58,27,30,10682,31647
2023-10-02 12:00:58,27,29,10682,31647
2023-10-02 12:01:02,27,30,10682,31647
2023-10-02 12:01:04,28,30,10682,31647
2023-10-02 12:01:17,28,31,10682,31647
2023-10-02 12:01:31,28,30,10682,31647
2023-10-02 12:01:46,28,31,10682,31647
2023-10-02 12:01:52,28,30,10682,31647
2023-10-02 12:01:59,28,31,10682,31647
2023-10-02 12:02:06,28,30,10682,31647
2023-10-02 12:03:22,28,31,10682,32047
2023-10-02 12:03:25,28,30,10682,32047
2023-10-02 12:03:28,28,31,10682,32047
2023-10-02 12:03:36,28,30,10682,32047
2023-10-02 12:03:39,28,31,10682,32047
2023-10-02 12:03:42,28,30,10682,32047
2023-10-02 12:03:44,28,31,10682,32047
2023-10-02 12:03:48,28,30,10682,32047
2023-10-02 12:04:02,28,29,10682,32047
2023-10-02 12:04:14,28,29,10682,32136
2023-10-02 12:04:15,28,29,10682,32225
2023-10-02 12:04:16,28,29,10682,32337
2023-10-02 12:04:17,28,29,10682,32937
2023-10-02 12:04:26,26,28,10760,33087
2023-10-02 12:04:31,26,29,10760,33087
2023-10-02 12:04:35,27,29,10760,33087
2023-10-02 12:04:52,28,29,10760,33087
2023-10-02 12:04:52,28,30,10760,33087
2023-10-02 12:05:05,28,30,10742,33105
2023-10-02 12:05:22,28,31,10742,33105
2023-10-02 12:05:30,28,30,10742,33105
2023-10-02 12:05:57,28,29,10742,33105
2023-10-02 12:05:57,27,29,10742,33105
2023-10-02 12:06:18,27,30,10742,33105
2023-10-02 12:06:39,28,30,10742,33105
2023-10-02 12:06:51,27,30,10742,33105
2023-10-02 12:07:23,26,30,10742,33105
2023-10-02 12:07:23,27,30,10742,33105
2023-10-02 12:07:23,27,29,10742,33105
2023-10-02 12:07:25,26,29,10742,33105
2023-10-02 12:07:29,26,27,10742,33105
2023-10-02 12:07:31,25,27,10742,33105
2023-10-02 12:07:58,25,26,10742,33105
2023-10-02 12:08:10,25,27,10742,33105
2023-10-02 12:09:13,25,26,10742,33105
2023-10-02 12:09:13,25,26,10742,33225
2023-10-02 12:09:37,23,25,10853,33336
2023-10-02 12:09:37,23,24,10853,33336
2023-10-02 12:09:37,23,24,10863,33346
2023-10-02 12:09:38,23,25,10863,33346
2023-10-02 12:09:38,23,24,10863,33346
2023-10-02 12:09:39,23,24,10863,33487
2023-10-02 12:09:42,23,25,10863,33487
2023-10-02 12:09:53,23,26,10863,33487
2023-10-02 12:09:55,24,26,10863,33487
2023-10-02 12:09:57,23,26,10863,33487
2023-10-02 12:10:05,24,26,10863,33487
2023-10-02 12:10:07,23,26,10863,33487
2023-10-02 12:10:24,23,25,10863,33487
2023-10-02 12:11:04,24,25,10863,33487
2023-10-02 12:11:06,24,26,10863,33487
2023-10-02 12:11:19,23,26,10863,33487
2023-10-02 12:11:21,23,25,10863,33487
2023-10-02 12:11:54,24,25,10863,33487
2023-10-02 12:11:55,24,25,10863,33687
2023-10-02 12:12:08,24,25,10863,33693
2023-10-02 12:12:38,24,25,10863,33893
2023-10-02 12:12:48,25,27,10915,33987
2023-10-02 12:12:49,24,27,10915,33987
2023-10-02 12:12:49,25,27,10915,33987
2023-10-02 12:13:08,26,27,10915,33987
2023-10-02 12:13:20,26,28,10915,33987
2023-10-02 12:13:33,27,28,10915,33987
2023-10-02 12:13:34,27,29,10915,33987
2023-10-02 12:14:35,28,29,10915,33987
2023-10-02 12:14:35,28,30,10915,33987
2023-10-02 12:15:03,29,30,10915,33987
2023-10-02 12:15:04,29,31,10915,33987
2023-10-02 12:15:19,30,31,10915,33987
2023-10-02 12:15:23,30,32,10915,33987
2023-10-02 12:15:46,31,32,10915,33987
2023-10-02 12:15:53,31,33,10915,33987
2023-10-02 12:16:21,32,33,10915,33987
2023-10-02 12:17:05,32,34,10915,33987
2023-10-02 12:17:19,33,34,10915,33987
2023-10-02 12:17:21,33,34,10863,34245
2023-10-02 12:17:28,33,35,11005,34387
2023-10-02 12:17:29,34,35,11005,34387
2023-10-02 12:17:48,33,35,11005,34387
2023-10-02 12:17:50,34,35,11005,34387
2023-10-02 12:17:52,33,35,11005,34387
2023-10-02 12:18:00,33,34,11005,34387
2023-10-02 12:18:01,33,35,11005,34387
2023-10-02 12:18:01,33,34,11005,34387
2023-10-02 12:18:02,32,34,11005,34387
2023-10-02 12:18:06,32,33,11005,34387
2023-10-02 12:18:10,32,34,11005,34387
2023-10-02 12:18:14,32,33,11005,34387
2023-10-02 12:18:17,32,33,10945,34447
2023-10-02 12:18:29,31,33,10945,34447
2023-10-02 12:18:32,32,33,10945,34447
2023-10-02 12:18:33,31,33,10945,34447
2023-10-02 12:18:39,30,33,10945,34447
2023-10-02 12:18:41,30,32,10945,34447
2023-10-02 12:19:01,30,31,10945,34447
2023-10-02 12:19:05,29,31,10945,34447
2023-10-02 12:19:06,29,30,10945,34447
2023-10-02 12:19:13,29,30,10945,34642
2023-10-02 12:19:14,28,30,10945,34642
2023-10-02 12:19:16,28,30,10825,34762
2023-10-02 12:19:22,28,30,10763,34824
2023-10-02 12:19:26,29,30,10763,34824
2023-10-02 12:19:27,29,30,10763,35015
2023-10-02 12:19:34,28,30,10763,35015
2023-10-02 12:19:39,29,30,10763,35015
2023-10-02 12:19:48,28,30,10763,35015
2023-10-02 12:19:49,29,30,10763,35015
2023-10-02 12:19:52,28,30,10763,35015
2023-10-02 12:19:55,28,29,10763,35015
2023-10-02 12:20:00,28,30,10763,35015
2023-10-02 12:20:16,29,30,10763,35015
2023-10-02 12:20:24,29,31,10763,35015
2023-10-02 12:20:28,29,30,10763,35015
2023-10-02 12:20:28,28,30,10763,35015
2023-10-02 12:20:59,29,30,10763,35015
2023-10-02 12:21:01,29,31,10763,35015
2023-10-02 12:21:04,29,30,10763,35015
2023-10-02 12:21:06,28,30,10763,35015
2023-10-02 12:21:13,29,30,10763,35015
2023-10-02 12:21:15,29,31,10763,35015
2023-10-02 12:21:26,29,30,10763,35015
2023-10-02 12:21:29,29,31,10763,35015
2023-10-02 12:22:26,30,31,10763,35015
2023-10-02 12:23:10,30,31,10763,35126
2023-10-02 12:23:24,30,32,10763,35126
2023-10-02 12:23:27,31,32,10763,35126
2023-10-02 12:23:40,31,33,10763,35126
2023-10-02 12:23:49,32,33,10763,35126
2023-10-02 12:24:02,32,34,10963,35326
2023-10-02 12:24:09,32,33,10963,35326
2023-10-02 12:24:16,32,34,10963,35326
2023-10-02 12:24:36,33,34,10963,35326
2023-10-02 12:26:16,33,35,10963,35326
2023-10-02 12:26:29,33,34,10963,35326
2023-10-02 12:26:35,33,35,10963,35326
2023-10-02 12:26:36,33,34,10963,35326
2023-10-02 12:26:38,33,35,10963,35326
2023-10-02 12:26:41,33,34,10963,35326
2023-10-02 12:26:42,33,35,10963,35326
2023-10-02 12:26:44,33,34,10963,35326
2023-10-02 12:26:46,33,35,10963,35326
2023-10-02 12:27:01,33,34,10963,35326
2023-10-02 12:27:03,33,34,10903,35386
2023-10-02 12:27:04,33,35,10903,35386
2023-10-02 12:27:07,34,35,10903,35386
2023-10-02 12:27:31,34,35,11303,35786
2023-10-02 12:27:37,33,35,11303,35786
2023-10-02 12:27:39,33,34,11303,35786
2023-10-02 12:27:42,33,34,11294,35795
2023-10-02 12:28:04,32,33,11360,35861
2023-10-02 12:28:17,30,33,11360,35927
2023-10-02 12:28:18,30,32,11360,35927
2023-10-02 12:28:51,30,31,11360,35927
2023-10-02 12:28:52,29,31,11360,35927
2023-10-02 12:28:53,28,31,11360,35927
2023-10-02 12:28:53,28,29,11360,35927
2023-10-02 12:29:09,27,29,11360,35977
2023-10-02 12:29:10,27,28,11360,35977
2023-10-02 12:29:10,27,28,11010,36377
2023-10-02 12:29:10,26,28,11010,36427
2023-10-02 12:29:11,26,27,11010,36427
2023-10-02 12:29:12,26,27,11020,36437
2023-10-02 12:29:15,26,28,11020,36437
2023-10-02 12:29:16,27,28,11020,36437
2023-10-02 12:29:16,27,28,11140,36557
2023-10-02 12:29:17,27,29,11140,36557
2023-10-02 12:29:20,28,29,11140,36557
2023-10-02 12:29:44,28,30,11140,36557
2023-10-02 12:29:50,29,30,11140,36557
2023-10-02 12:30:04,28,30,11140,36557
2023-10-02 12:30:04,28,29,11140,36557
2023-10-02 12:30:06,27,29,11140,36557
2023-10-02 12:30:18,28,29,11140,36557
2023-10-02 12:30:22,27,29,11140,36557
2023-10-02 12:30:26,26,29,11140,36557
2023-10-02 12:30:27,27,29,11140,36557
2023-10-02 12:30:29,26,29,11140,36557
2023-10-02 12:30:30,27,29,11140,36557
2023-10-02 12:30:40,28,29,11140,36557
2023-10-02 12:31:03,27,29,11140,36557
2023-10-02 12:31:06,26,29,11140,36557
2023-10-02 12:31:08,26,28,11140,36557
2023-10-02 12:31:12,27,28,11140,36557
2023-10-02 12:31:31,27,29,11140,36557
2023-10-02 12:31:42,26,29,11140,36557
2023-10-02 12:31:44,26,28,11140,36557
2023-10-02 12:31:49,27,28,11140,36557
2023-10-02 12:31:52,27,29,11140,36557
2023-10-02 12:32:05,27,30,11140,36557
2023-10-02 12:32:06,28,30,11140,36557
2023-10-02 12:32:07,29,30,11140,36557
2023-10-02 12:32:13,28,30,11140,36557
2023-10-02 12:32:14,28,29,11140,36557
2023-10-02 12:32:16,27,29,11140,36557
2023-10-02 12:32:20,28,29,11140,36557
2023-10-02 12:33:04,28,30,11140,36557
2023-10-02 12:33:17,28,30,11240,36657
2023-10-02 12:33:22,29,30,11240,36657
2023-10-02 12:35:05,30,31,11240,36957
2023-10-02 12:35:31,30,32,11240,36957
2023-10-02 12:35:31,31,32,11240,36957
2023-10-02 12:35:32,31,33,11240,36957
2023-10-02 12:35:33,32,33,11240,36957
2023-10-02 12:36:15,33,34,11240,37457
2023-10-02 12:36:15,33,34,11245,37462
2023-10-02 12:36:17,33,34,11250,37467
2023-10-02 12:36:18,32,34,11250,37467
2023-10-02 12:36:27,32,33,11250,37467
2023-10-02 12:36:28,32,34,11250,37467
2023-10-02 12:36:31,32,34,11650,37867
2023-10-02 12:36:31,32,33,11650,37867
2023-10-02 12:36:31,31,33,11650,37867
2023-10-02 12:36:31,31,34,11650,37867
2023-10-02 12:36:32,31,33,11650,37867
2023-10-02 12:36:32,32,33,11650,37867
2023-10-02 12:36:33,32,33,11655,37872
2023-10-02 12:36:33,31,33,11655,37872
2023-10-02 12:36:35,30,33,11655,37872
2023-10-02 12:36:39,30,33,11451,38672
2023-10-02 12:36:39,30,32,11451,38672
2023-10-02 12:36:40,30,31,11451,38672
2023-10-02 12:36:41,31,32,11261,38862
2023-10-02 12:36:42,30,32,11261,38862
2023-10-02 12:36:43,31,32,11261,38862
2023-10-02 12:36:46,31,33,11261,38862
2023-10-02 12:36:46,32,33,11261,38862
2023-10-02 12:36:50,32,34,11261,38862
2023-10-02 12:36:58,32,33,11261,38862
2023-10-02 12:37:33,32,34,11261,39064
2023-10-02 12:37:33,32,33,11261,39064
2023-10-02 12:37:40,32,33,11261,39364
2023-10-02 12:37:47,32,33,11261,39574
2023-10-02 12:37:47,30,33,10971,39864
2023-10-02 12:37:48,30,32,10971,39864
2023-10-02 12:37:55,30,31,10971,39864
2023-10-02 12:37:56,29,31,10971,39864
2023-10-02 12:37:58,29,30,10971,39864
2023-10-02 12:38:04,28,30,10971,39864
2023-10-02 12:38:09,29,30,10971,39864
2023-10-02 12:38:09,29,31,10971,39864
2023-10-02 12:38:10,29,30,10971,39864
2023-10-02 12:38:10,28,30,10971,39864
2023-10-02 12:38:11,28,29,10971,39864
2023-10-02 12:38:19,28,30,10971,39864
2023-10-02 12:38:21,28,29,10971,39864
2023-10-02 12:38:22,28,29,10971,39880
2023-10-02 12:38:31,28,30,10971,39880
2023-10-02 12:38:35,29,30,10971,39880
2023-10-02 12:38:43,30,31,10971,40480
2023-10-02 12:38:51,29,31,10971,40480
2023-10-02 12:38:58,30,31,10971,40480
2023-10-02 12:39:01,29,31,10971,40480
2023-10-02 12:39:02,29,30,10971,40480
2023-10-02 12:39:03,29,31,10971,40480
2023-10-02 12:39:06,30,31,10971,40480
2023-10-02 12:39:20,30,32,10971,40480
2023-10-02 12:39:23,31,32,10971,40480
2023-10-02 12:39:48,30,32,10971,40480
2023-10-02 12:39:51,30,31,10971,40480
2023-10-02 12:40:05,31,32,10747,40704
2023-10-02 12:40:56,31,32,10747,40824
2023-10-02 12:41:01,31,32,10747,41324
2023-10-02 12:41:45,30,32,10691,41380
2023-10-02 12:41:46,30,31,10691,41380
2023-10-02 12:41:50,29,31,10691,41380
2023-10-02 12:43:05,30,31,10691,41380
2023-10-02 12:43:06,30,32,10691,41380
2023-10-02 12:43:07,30,31,10691,41380
2023-10-02 12:43:09,30,32,10691,41380
2023-10-02 12:43:13,30,31,10691,41380
2023-10-02 12:43:49,30,32,10691,41380
2023-10-02 12:43:51,30,31,10691,41380
2023-10-02 12:43:56,30,32,10691,41380
2023-10-02 12:43:58,30,31,10691,41380
2023-10-02 12:44:18,29,31,10691,41380
2023-10-02 12:44:24,29,30,10691,41380
2023-10-02 12:44:28,28,30,10691,41380
2023-10-02 12:44:47,28,29,10691,41380
2023-10-02 12:45:57,29,30,10481,41590
2023-10-02 12:45:58,29,30,10481,41833
2023-10-02 12:45:59,29,30,10481,42071
2023-10-02 12:46:05,29,31,10481,42071
2023-10-02 12:46:06,30,31,10481,42071
2023-10-02 12:46:16,29,31,10481,42071
2023-10-02 12:46:16,29,30,10481,42071
2023-10-02 12:47:08,29,31,10481,42071
2023-10-02 12:47:08,30,31,10481,42071
2023-10-02 12:47:38,30,31,10401,42351
2023-10-02 12:48:12,29,31,10401,42351
2023-10-02 12:48:12,29,30,10401,42351
2023-10-02 12:48:21,28,30,10401,42351
2023-10-02 12:48:29,28,29,10401,42351
2023-10-02 12:48:43,28,29,10501,42751
2023-10-02 12:48:43,26,29,10501,42751
2023-10-02 12:48:43,26,30,10501,42751
2023-10-02 12:48:43,26,30,10206,43151
2023-10-02 12:48:44,26,28,10206,43151
2023-10-02 12:48:44,26,27,10206,43151
2023-10-02 12:48:45,26,27,10206,43339
2023-10-02 12:49:08,25,27,10206,43339
2023-10-02 12:49:08,25,26,10206,43339
2023-10-02 12:49:11,25,26,10326,43459
2023-10-02 12:49:20,25,26,10331,43464
2023-10-02 12:49:44,24,25,10377,43510
2023-10-02 12:49:53,23,25,10427,43560
2023-10-02 12:50:02,24,25,10427,43560
2023-10-02 12:50:05,25,26,10427,43976
2023-10-02 12:50:07,25,26,10427,44476
2023-10-02 12:50:24,23,26,10427,44560
2023-10-02 12:50:25,23,25,10427,44560
2023-10-02 12:50:25,23,24,10427,44560
2023-10-02 12:50:49,23,25,10427,44560
2023-10-02 12:50:49,24,25,10427,44560
2023-10-02 12:51:05,22,25,10427,44560
2023-10-02 12:51:05,23,25,10427,44560
2023-10-02 12:51:07,23,24,10427,44560
2023-10-02 12:51:10,24,25,10427,44760
2023-10-02 12:51:26,25,26,10427,45232
2023-10-02 12:52:03,25,26,10427,45632
2023-10-02 12:52:30,24,26,10427,45632
2023-10-02 12:52:31,24,25,10427,45632
2023-10-02 12:52:32,23,25,10427,45632
2023-10-02 12:53:17,24,25,10427,45632
2023-10-02 12:53:29,24,26,10427,45632
2023-10-02 12:53:30,25,26,10427,45632
2023-10-02 12:54:53,25,26,10427,46032
2023-10-02 12:55:10,25,26,10427,46432
2023-10-02 12:55:17,25,27,10427,46432
2023-10-02 12:55:19,25,26,10427,46432
2023-10-02 12:55:55,25,27,10427,46432
2023-10-02 12:55:56,25,26,10427,46432
2023-10-02 12:55:57,25,27,10427,46432
2023-10-02 12:56:02,25,26,10427,46432
2023-10-02 12:56:42,24,26,10427,46560
2023-10-02 12:57:38,24,25,10427,46560
2023-10-02 12:58:11,24,26,10427,46560
2023-10-02 12:58:11,25,26,10427,46560
2023-10-02 12:58:26,25,27,10673,46806
2023-10-02 12:58:27,25,26,10673,46806
2023-10-02 12:58:33,25,27,10956,47089
2023-10-02 12:58:35,26,27,10956,47089
2023-10-02 12:58:35,26,27,10956,47209
2023-10-02 12:58:38,26,28,10956,47209
2023-10-02 12:58:43,26,27,10956,47209
2023-10-02 12:58:50,25,27,10956,47209
2023-10-02 12:58:54,25,26,10956,47209
2023-10-02 12:58:55,25,27,11151,47404
2023-10-02 12:58:58,25,26,11151,47404
2023-10-02 12:59:04,25,27,11367,47620
2023-10-02 12:59:07,25,26,11367,47620
2023-10-02 12:59:12,23,26,11367,47620
2023-10-02 12:59:12,24,26,11367,47620
2023-10-02 12:59:12,24,27,11577,47830
2023-10-02 12:59:13,24,26,11577,47830
2023-10-02 12:59:26,24,27,11577,47830
2023-10-02 12:59:26,25,27,11577,47830
2023-10-02 12:59:26,25,27,11577,47890
2023-10-02 12:59:36,25,28,12760,49073
2023-10-02 12:59:36,25,27,12760,49073
2023-10-02 12:59:45,25,28,13037,49350
2023-10-02 12:59:45,25,27,13037,49350
2023-10-02 12:59:56,27,28,13221,49534
2023-10-02 12:59:56,27,28,13262,49575
2023-10-02 12:59:57,27,28,13509,49822
2023-10-02 12:59:59,25,28,13537,49850
2023-10-02 13:00:00,25,27,13537,49850
2023-10-02 13:00:14,25,27,13637,49950
2023-10-02 13:00:21,25,28,13637,49950
2023-10-02 13:00:22,25,27,13637,49950
2023-10-02 13:00:28,25,27,13662,49975
2023-10-02 13:00:33,24,27,13662,49975
2023-10-02 13:00:35,25,27,13662,49975
2023-10-02 13:00:36,24,27,13662,49975
2023-10-02 13:00:37,25,27,13662,49975
2023-10-02 13:00:56,25,28,13662,49975
2023-10-02 13:00:57,26,28,13662,49975
2023-10-02 13:01:03,26,27,13662,49975
2023-10-02 13:01:04,26,28,13662,49975
2023-10-02 13:01:05,26,27,13662,49975
2023-10-02 13:01:11,26,28,13662,49975
2023-10-02 13:01:12,26,27,13662,49975
2023-10-02 13:01:13,26,28,13662,49975
2023-10-02 13:01:14,26,27,13662,49975
2023-10-02 13:01:40,26,28,13662,49975
2023-10-02 13:01:42,27,28,13662,49975
2023-10-02 13:02:09,26,28,13662,49975
2023-10-02 13:02:09,26,27,13662,49975
2023-10-02 13:02:39,26,28,13662,49975
2023-10-02 13:02:39,27,28,13662,49975
2023-10-02 13:03:51,27,29,13662,49975
2023-10-02 13:03:51,28,29,13662,49975
2023-10-02 13:04:02,27,29,13662,49975
2023-10-02 13:04:02,27,28,13662,49975
2023-10-02 13:04:13,27,28,13662,50375
2023-10-02 13:04:21,27,28,13662,50775
2023-10-02 13:05:34,27,29,13662,50775
2023-10-02 13:05:34,28,29,13662,50775
2023-10-02 13:05:35,27,29,13662,50775
2023-10-02 13:05:36,27,28,13662,50775
2023-10-02 13:05:50,27,28,13662,51175
2023-10-02 13:05:56,26,28,13662,51375
2023-10-02 13:05:56,24,28,13662,51375
2023-10-02 13:05:56,24,27,13662,51375
2023-10-02 13:05:56,25,27,13662,51375
2023-10-02 13:06:08,24,27,13662,51375
2023-10-02 13:06:08,26,27,13662,51375
2023-10-02 13:06:24,24,27,13662,51375
2023-10-02 13:06:24,25,27,13662,51375
2023-10-02 13:06:26,25,26,13662,51375
2023-10-02 13:07:16,23,26,13662,51475
2023-10-02 13:07:18,23,25,13662,51475
2023-10-02 13:07:21,22,25,13662,51475
2023-10-02 13:07:23,22,24,13662,51475
2023-10-02 13:07:32,22,23,13662,51475
2023-10-02 13:07:33,21,23,13662,51875
2023-10-02 13:07:34,21,22,13662,51875
2023-10-02 13:07:39,21,23,13662,51875
2023-10-02 13:07:44,21,22,13662,51875
2023-10-02 13:08:45,21,23,13662,51875
2023-10-02 13:08:49,22,23,13662,51875
2023-10-02 13:08:50,21,23,13662,51875
2023-10-02 13:08:56,22,23,13662,51875
2023-10-02 13:09:01,21,23,13662,51875
2023-10-02 13:09:02,22,23,13662,51875
2023-10-02 13:09:02,22,24,13662,51875
2023-10-02 13:09:10,22,25,13662,51875
2023-10-02 13:09:10,23,25,13662,51875
2023-10-02 13:09:10,23,25,13662,51882
2023-10-02 13:09:11,23,25,13662,51889
2023-10-02 13:09:13,23,25,13662,51896
2023-10-02 13:09:15,23,25,13662,51903
2023-10-02 13:09:16,23,25,13662,51910
2023-10-02 13:09:18,23,24,13662,51910
2023-10-02 13:09:18,23,24,13662,51917
2023-10-02 13:09:20,22,24,13662,51917
2023-10-02 13:09:20,22,23,13662,51917
2023-10-02 13:09:31,23,24,13662,51924
2023-10-02 13:09:31,23,24,13662,51931
2023-10-02 13:09:32,23,24,13662,51938
2023-10-02 13:09:34,23,24,13662,51945
2023-10-02 13:09:36,23,24,13662,51952
2023-10-02 13:09:37,23,24,13662,51959
2023-10-02 13:09:39,23,24,13662,51966
2023-10-02 13:09:41,23,24,13662,51973
2023-10-02 13:09:42,23,25,13662,51973
2023-10-02 13:09:43,23,25,13662,51980
2023-10-02 13:09:43,23,24,13662,51980
2023-10-02 13:09:44,23,24,13662,51987
2023-10-02 13:09:46,22,24,13662,51987
2023-10-02 13:09:46,22,23,13662,51987
2023-10-02 13:10:14,21,23,13662,51987
2023-10-02 13:10:15,21,22,13662,51987
2023-10-02 13:10:21,21,22,13662,52187
2023-10-02 13:10:21,21,23,13662,52187
2023-10-02 13:10:23,22,23,13662,52187
2023-10-02 13:10:40,22,23,13812,52337
2023-10-02 13:10:40,21,23,13812,52337
2023-10-02 13:10:40,21,22,13812,52337
2023-10-02 13:11:20,21,22,13812,52737
2023-10-02 13:11:21,20,22,13812,52737
2023-10-02 13:11:22,20,21,13812,52737
2023-10-02 13:11:25,20,21,13817,52742
2023-10-02 13:11:30,20,22,13817,52742
2023-10-02 13:11:37,20,21,13817,52742
2023-10-02 13:11:48,19,21,13817,52742
2023-10-02 13:11:54,19,20,13817,52742
2023-10-02 13:11:59,19,20,13817,52778
2023-10-02 13:12:10,18,20,13817,52778
2023-10-02 13:12:53,19,20,13817,52778
2023-10-02 13:12:53,19,20,13817,52785
2023-10-02 13:12:54,18,20,13817,52785
2023-10-02 13:13:05,19,20,13817,52785
2023-10-02 13:13:05,19,20,13817,52792
2023-10-02 13:13:06,18,20,13817,52792
2023-10-02 13:13:16,18,19,13817,52792
2023-10-02 13:14:27,18,19,13817,52797
2023-10-02 13:14:44,17,18,13917,52897
2023-10-02 13:14:58,16,18,13917,53297
2023-10-02 13:15:16,17,18,13917,53297
2023-10-02 13:15:22,17,19,13917,53297
2023-10-02 13:15:27,18,19,13917,53297
2023-10-02 13:15:48,19,20,13811,53403
2023-10-02 13:15:50,19,21,13811,53403
2023-10-02 13:16:04,20,21,13811,53403
2023-10-02 13:16:05,19,21,13811,53403
2023-10-02 13:16:07,20,21,13811,53403
2023-10-02 13:16:09,20,21,13812,53404
2023-10-02 13:16:31,20,22,13812,53404
2023-10-02 13:16:36,21,22,13812,53404
2023-10-02 13:16:43,21,23,13812,53404
2023-10-02 13:16:44,22,23,13812,53404
2023-10-02 13:16:46,22,24,13812,53404
2023-10-02 13:16:58,23,24,13812,53404
2023-10-02 13:16:59,22,24,13812,53404
2023-10-02 13:17:09,22,23,13812,53404
2023-10-02 13:17:17,22,24,13812,53404
2023-10-02 13:17:22,22,23,13812,53404
2023-10-02 13:17:25,22,24,13812,53404
2023-10-02 13:17:31,22,23,13812,53404
2023-10-02 13:17:32,22,24,13812,53404
2023-10-02 13:17:35,23,24,13812,53404
2023-10-02 13:17:36,22,24,13812,53404
2023-10-02 13:17:39,23,24,13812,53404
2023-10-02 13:17:40,22,24,13812,53404
2023-10-02 13:17:48,23,24,13812,53404
2023-10-02 13:17:50,22,24,13812,53404
2023-10-02 13:18:06,23,24,13812,53404
2023-10-02 13:18:07,23,25,13812,53404
2023-10-02 13:18:07,23,26,13812,53404
2023-10-02 13:18:07,24,26,13812,53404
2023-10-02 13:18:15,24,25,13812,53404
2023-10-02 13:18:17,24,26,13812,53404
2023-10-02 13:18:21,24,25,13812,53404
2023-10-02 13:18:32,24,26,13812,53404
2023-10-02 13:18:43,24,25,13812,53404
2023-10-02 13:18:45,24,26,13812,53404
2023-10-02 13:18:50,24,25,13812,53404
2023-10-02 13:18:54,23,25,13812,53404
2023-10-02 13:19:04,22,25,13812,53404
2023-10-02 13:19:05,22,24,13812,53404
2023-10-02 13:19:07,22,23,13812,53404
2023-10-02 13:19:24,22,24,13812,53404
2023-10-02 13:19:31,23,24,13812,53404
2023-10-02 13:19:32,22,24,13812,53804
2023-10-02 13:19:47,23,24,13812,53804
2023-10-02 13:20:25,23,25,13812,53804
2023-10-02 13:20:26,23,24,13812,53804
2023-10-02 13:20:27,23,25,13812,53804
2023-10-02 13:20:29,24,25,13812,53804
2023-10-02 13:20:31,24,26,13812,53804
2023-10-02 13:20:35,25,26,13812,53804
2023-10-02 13:20:36,25,27,13812,53804
2023-10-02 13:20:39,25,26,13812,53804
2023-10-02 13:20:40,25,27,13812,53804
2023-10-02 13:20:41,25,26,13812,53804
2023-10-02 13:20:51,25,27,13812,53804
2023-10-02 13:20:59,26,27,13812,53804
2023-10-02 13:20:59,26,28,13812,53804
2023-10-02 13:21:02,26,27,13812,53804
2023-10-02 13:21:03,25,27,13812,53804
2023-10-02 13:21:09,26,27,13812,53804
2023-10-02 13:21:18,25,27,13812,53804
2023-10-02 13:21:23,26,27,13812,53804
2023-10-02 13:21:26,25,27,13812,53804
2023-10-02 13:21:26,25,26,13812,53804
2023-10-02 13:21:30,25,27,13812,53804
2023-10-02 13:21:32,25,26,13812,53804
2023-10-02 13:21:42,25,27,13812,53804
2023-10-02 13:21:47,26,27,13812,53804
2023-10-02 13:21:50,26,28,13812,53804
2023-10-02 13:21:52,26,27,13812,53804
2023-10-02 13:21:59,26,28,13812,53804
2023-10-02 13:22:00,26,27,13812,53804
2023-10-02 13:22:02,26,28,13812,53804
2023-10-02 13:22:05,26,27,13812,53804
2023-10-02 13:22:11,26,28,13812,53804
2023-10-02 13:22:12,26,27,13812,53804
2023-10-02 13:22:18,26,28,13812,53804
2023-10-02 13:22:19,26,27,13812,53804
2023-10-02 13:22:25,25,27,13812,53804
2023-10-02 13:22:53,24,27,13812,53804
2023-10-02 13:22:56,24,26,13812,53804
2023-10-02 13:22:59,25,26,13812,53804
2023-10-02 13:23:07,25,27,13812,53804
2023-10-02 13:23:09,25,26,13812,53804
2023-10-02 13:23:16,25,27,13812,53804
2023-10-02 13:23:18,25,26,13812,53804
2023-10-02 13:23:19,25,27,13812,53804
2023-10-02 13:23:20,26,27,13812,53804
2023-10-02 13:23:21,26,28,13812,53804
2023-10-02 13:23:22,26,27,13812,53804
2023-10-02 13:23:30,26,28,13812,53804
2023-10-02 13:23:33,26,27,13812,53804
2023-10-02 13:23:33,26,27,13817,53809
2023-10-02 13:23:40,26,28,13817,53809
2023-10-02 13:23:48,27,28,13817,53809
2023-10-02 13:23:48,27,29,13817,53809
2023-10-02 13:24:00,28,29,13817,53809
2023-10-02 13:24:01,27,29,13817,53809
2023-10-02 13:24:07,27,28,13817,53809
2023-10-02 13:24:33,26,28,13817,53809
2023-10-02 13:26:03,27,28,13817,53809
2023-10-02 13:26:30,27,29,13817,53809
2023-10-02 13:26:32,27,28,13817,53809
2023-10-02 13:26:37,27,29,13817,53809
2023-10-02 13:26:41,27,28,13817,53809
2023-10-02 13:26:57,27,29,13817,53809
2023-10-02 13:26:58,27,28,13817,53809
2023-10-02 13:27:03,27,28,13817,54009
2023-10-02 13:27:03,27,29,13817,54009
2023-10-02 13:27:05,28,29,13817,54009
2023-10-02 13:27:17,28,29,13617,54209
2023-10-02 13:27:21,28,29,13417,54409
2023-10-02 13:27:22,29,30,13330,54509
2023-10-02 13:27:22,29,30,13330,54539
2023-10-02 13:27:23,28,30,13330,54539
2023-10-02 13:27:23,29,30,13330,54539
2023-10-02 13:27:49,28,30,13330,54539
2023-10-02 13:27:50,29,30,13330,54539
2023-10-02 13:28:41,28,30,13330,54539
2023-10-02 13:28:42,29,30,13330,54539
2023-10-02 13:28:43,28,30,13330,54539
2023-10-02 13:28:46,28,29,13330,54539
2023-10-02 13:28:50,27,29,13330,54539
2023-10-02 13:28:52,28,29,13330,54539
2023-10-02 13:28:53,27,29,13330,54539
2023-10-02 13:29:14,26,29,13330,54539
2023-10-02 13:29:16,27,29,13330,54539
2023-10-02 13:29:16,27,29,13330,54599
2023-10-02 13:29:25,26,29,13330,54599
2023-10-02 13:29:31,27,29,13330,54599
2023-10-02 13:29:33,26,29,13330,54599
2023-10-02 13:29:34,27,29,13330,54599
2023-10-02 13:30:02,28,29,13330,54599
2023-10-02 13:30:02,28,30,13330,54599
2023-10-02 13:30:17,28,29,13330,54599
2023-10-02 13:30:18,28,30,13330,54599
2023-10-02 13:30:23,29,30,13330,54599
2023-10-02 13:30:30,29,30,13330,54799
2023-10-02 13:30:35,29,31,13030,55099
2023-10-02 13:30:36,30,31,13030,55099
2023-10-02 13:30:46,30,31,13030,55432
2023-10-02 13:31:08,29,31,13030,55432
2023-10-02 13:31:10,30,31,13030,55432
2023-10-02 13:31:20,29,31,13030,55432
2023-10-02 13:31:27,30,31,13030,55432
2023-10-02 13:31:29,29,31,13030,55432
2023-10-02 13:31:32,29,30,13030,55432
2023-10-02 13:31:43,29,31,13030,55432
2023-10-02 13:31:50,30,31,13030,55432
2023-10-02 13:31:54,29,31,13030,55432
2023-10-02 13:31:56,29,30,13030,55432
2023-10-02 13:32:01,29,31,13030,55432
2023-10-02 13:32:04,30,31,13030,55432
2023-10-02 13:32:05,30,32,13030,55535
2023-10-02 13:32:10,29,32,13030,55535
2023-10-02 13:32:10,29,31,13030,55535
2023-10-02 13:32:13,29,30,13030,55535
2023-10-02 13:32:13,28,30,13030,55535
2023-10-02 13:32:15,27,30,13030,55535
2023-10-02 13:32:15,27,29,13030,55535
2023-10-02 13:32:16,27,28,13030,55535
2023-10-02 13:32:28,26,28,13030,55535
2023-10-02 13:32:36,26,27,13030,55535
2023-10-02 13:33:25,25,27,13030,55535
2023-10-02 13:33:57,26,27,13030,55535
2023-10-02 13:33:59,26,28,13030,55535
2023-10-02 13:33:59,26,27,13030,55535
2023-10-02 13:34:00,26,28,13030,55535
2023-10-02 13:34:01,27,28,13030,55535
2023-10-02 13:34:08,27,29,13030,55535
2023-10-02 13:34:13,27,30,13030,55535
2023-10-02 13:34:14,27,29,13030,55535
2023-10-02 13:34:39,26,29,13030,55535
2023-10-02 13:34:46,26,28,13030,55535
2023-10-02 13:34:49,25,28,13030,55535
2023-10-02 13:34:50,25,27,13030,55535
2023-10-02 13:34:53,25,26,13030,55535
2023-10-02 13:35:06,25,27,13030,55535
2023-10-02 13:35:08,26,27,13030,55535
2023-10-02 13:35:10,25,27,13030,55535
2023-10-02 13:35:30,25,26,13030,55535
2023-10-02 13:35:32,25,27,13030,55535
2023-10-02 13:35:34,26,27,13030,55535
2023-10-02 13:35:35,26,28,13030,55535
2023-10-02 13:35:36,26,29,13030,55535
2023-10-02 13:35:37,26,28,13030,55535
2023-10-02 13:35:58,26,27,13030,55535
2023-10-02 13:35:59,26,28,13030,55535
2023-10-02 13:36:01,26,27,13030,55535
2023-10-02 13:36:02,25,27,13030,55535
2023-10-02 13:36:04,26,27,13030,55535
2023-10-02 13:36:06,26,28,13030,55535
2023-10-02 13:36:07,26,27,13030,55535
2023-10-02 13:36:08,26,28,13030,55535
2023-10-02 13:36:16,25,28,13030,55535
2023-10-02 13:36:16,25,27,13030,55535
2023-10-02 13:36:31,26,27,13030,55535
2023-10-02 13:36:32,26,28,13030,55535
2023-10-02 13:36:33,26,27,13030,55535
2023-10-02 13:36:34,26,28,13030,55535
2023-10-02 13:36:35,26,27,13030,55535
2023-10-02 13:36:38,26,28,13030,55535
2023-10-02 13:36:40,26,27,13030,55535
2023-10-02 13:36:42,25,27,13030,55535
2023-10-02 13:36:45,26,27,13030,55535
2023-10-02 13:36:46,26,28,13030,55535
2023-10-02 13:36:47,26,27,13030,55535
2023-10-02 13:36:48,26,28,13030,55535
2023-10-02 13:36:49,26,27,13030,55535
2023-10-02 13:36:50,26,28,13030,55535
2023-10-02 13:36:52,26,27,13030,55535
2023-10-02 13:36:54,25,27,13030,55535
2023-10-02 13:37:24,24,27,13030,55535
2023-10-02 13:37:24,24,26,13030,55535
2023-10-02 13:37:31,24,25,13030,55535
2023-10-02 13:37:37,24,26,13030,55535
2023-10-02 13:37:48,25,26,13030,55535
2023-10-02 13:37:50,24,26,13030,55535
2023-10-02 13:37:51,25,26,13030,55535
2023-10-02 13:37:57,24,26,13030,55535
2023-10-02 13:38:02,25,26,13030,55535
2023-10-02 13:38:04,26,27,13236,55741
2023-10-02 13:38:05,26,28,13236,55741
2023-10-02 13:38:06,27,28,13236,55741
2023-10-02 13:38:06,27,29,13236,55741
2023-10-02 13:38:08,27,28,13236,55741
2023-10-02 13:38:11,26,28,13236,55741
2023-10-02 13:38:21,26,29,14066,56820
2023-10-02 13:38:21,27,29,14066,56820
2023-10-02 13:38:23,27,28,14066,56820
2023-10-02 13:38:27,26,28,14066,56820
2023-10-02 13:38:28,26,27,14066,56820
2023-10-02 13:38:53,26,28,14266,57020
2023-10-02 13:39:01,26,27,14266,57020
2023-10-02 13:39:03,26,28,14266,57020
2023-10-02 13:39:09,26,27,14266,57020
2023-10-02 13:39:13,24,27,14266,57420
2023-10-02 13:39:16,25,27,14266,57420
2023-10-02 13:39:17,24,27,14266,57420
2023-10-02 13:39:34,24,26,14266,57420
2023-10-02 13:39:36,24,26,14277,57431
2023-10-02 13:39:38,25,26,14277,57431
2023-10-02 13:40:01,24,26,14277,57431
2023-10-02 13:40:04,25,26,14277,57431
2023-10-02 13:40:20,25,27,14277,57431
2023-10-02 13:40:21,26,27,14277,57431
2023-10-02 13:40:22,26,28,14277,57431
2023-10-02 13:40:23,27,28,14277,57431
2023-10-02 13:40:23,27,28,14282,57436
2023-10-02 13:40:36,27,29,14282,57436
2023-10-02 13:40:38,28,29,14282,57436
2023-10-02 13:40:46,27,29,14282,57436
2023-10-02 13:40:54,28,29,14282,57436
2023-10-02 13:40:55,27,29,14282,57436
2023-10-02 13:41:02,26,29,14282,57436
2023-10-02 13:41:03,26,28,14282,57436
2023-10-02 13:41:15,27,28,14282,57436
2023-10-02 13:41:16,26,28,14282,57436
2023-10-02 13:41:17,27,28,14282,57436
2023-10-02 13:41:20,26,28,14282,57436
2023-10-02 13:41:24,26,29,14282,57436
2023-10-02 13:41:24,27,29,14282,57436
2023-10-02 13:41:42,27,30,14282,57436
2023-10-02 13:41:42,28,30,14282,57436
2023-10-02 13:41:43,29,30,14282,57436
2023-10-02 13:41:52,27,30,14282,57436
2023-10-02 13:41:53,28,30,14282,57436
2023-10-02 13:42:01,27,30,14282,57436
2023-10-02 13:42:02,28,30,14282,57436
2023-10-02 13:42:03,27,30,14282,57436
2023-10-02 13:42:04,27,29,14282,57436
2023-10-02 13:42:09,28,29,14282,57436
2023-10-02 13:42:10,27,29,14282,57436
2023-10-02 13:42:11,28,29,14282,57436
2023-10-02 13:42:12,27,29,14282,57436
2023-10-02 13:42:17,28,29,14282,57436
2023-10-02 13:42:18,28,30,14282,57436
2023-10-02 13:42:29,27,30,14282,57436
2023-10-02 13:42:30,28,30,14282,57436
2023-10-02 13:42:59,29,30,14282,57436
2023-10-02 13:43:00,29,31,14282,57436
2023-10-02 13:43:00,30,31,14282,57436
2023-10-02 13:43:01,30,31,14277,57441
2023-10-02 13:43:04,29,31,14277,57441
2023-10-02 13:43:07,30,31,14277,57441
2023-10-02 13:43:09,28,30,14287,57451
2023-10-02 13:43:35,29,30,14287,57451
2023-10-02 13:43:40,28,30,14287,57451
2023-10-02 13:43:42,29,30,14287,57451
2023-10-02 13:44:37,29,31,14287,57951
2023-10-02 13:44:52,28,31,14287,57951
2023-10-02 13:44:53,29,31,14287,57951
2023-10-02 13:45:00,28,31,14287,57951
2023-10-02 13:45:01,29,31,14287,57951
2023-10-02 13:45:21,30,31,14287,57951
2023-10-02 13:45:34,30,31,14087,58151
2023-10-02 13:45:44,30,31,13910,58351
2023-10-02 13:46:01,29,31,13910,58351
2023-10-02 13:46:09,30,31,13910,58351
2023-10-02 13:46:20,30,32,13910,58451
2023-10-02 13:47:05,31,32,13910,58451
2023-10-02 13:47:58,30,32,13910,58451
2023-10-02 13:48:00,29,32,13910,58451
2023-10-02 13:48:02,29,31,13910,58451
2023-10-02 13:48:10,28,31,13910,58451
2023-10-02 13:48:18,29,31,13910,58451
2023-10-02 13:48:26,28,31,13910,58451
2023-10-02 13:48:33,28,30,13910,58451
2023-10-02 13:48:35,28,29,13910,58451
2023-10-02 13:48:37,27,29,13910,58451
2023-10-02 13:48:52,28,29,13910,58451
2023-10-02 13:48:53,28,30,13910,58451
2023-10-02 13:49:03,27,30,13910,58451
2023-10-02 13:49:06,27,29,13910,58451
2023-10-02 13:49:48,27,30,13910,58451
2023-10-02 13:49:58,28,30,13910,58451
2023-10-02 13:50:03,27,30,13910,58451
2023-10-02 13:50:06,28,30,13910,58451
2023-10-02 13:50:23,28,31,13910,58451
2023-10-02 13:50:24,28,30,13910,58451
2023-10-02 13:50:33,27,30,13910,58451
2023-10-02 13:50:39,28,30,13910,58451
2023-10-02 13:51:04,28,31,13910,58451
2023-10-02 13:51:04,29,31,13910,58451
2023-10-02 13:51:35,28,31,13910,58451
2023-10-02 13:51:38,28,30,13910,58451
2023-10-02 13:51:44,27,30,13910,58451
2023-10-02 13:51:46,28,30,13910,58451
2023-10-02 13:52:13,28,31,13910,58451
2023-10-02 13:52:17,29,31,13910,58451
2023-10-02 13:52:18,29,32,13910,58451
2023-10-02 13:52:19,30,32,13910,58451
2023-10-02 13:52:21,31,32,13910,58451
2023-10-02 13:52:42,31,32,13910,58784
2023-10-02 13:52:46,32,33,13910,58951
2023-10-02 13:52:47,31,33,13910,58951
2023-10-02 13:52:49,32,33,13910,58951
2023-10-02 13:52:53,32,33,13900,58961
2023-10-02 13:53:17,31,33,13900,58961
2023-10-02 13:53:25,30,33,13671,59590
2023-10-02 13:53:26,31,33,13671,59590
2023-10-02 13:53:28,31,33,13671,59590
2023-10-02 13:53:38,32,33,13671,59590
2023-10-02 13:54:32,31,33,13671,59590
2023-10-02 13:54:33,32,33,13671,59590
2023-10-02 13:54:35,31,33,13671,59590
2023-10-02 13:54:36,32,33,13671,59590
2023-10-02 13:54:53,32,33,13491,59770
2023-10-02 13:55:23,32,34,13201,60060
2023-10-02 13:55:24,33,34,13201,60060
2023-10-02 13:56:02,32,34,13201,60060
2023-10-02 13:56:03,32,33,13201,60060
2023-10-02 13:56:04,32,34,13201,60060
2023-10-02 13:56:07,32,33,13201,60060
2023-10-02 13:56:09,31,33,13201,60060
2023-10-02 13:56:11,30,33,13201,60060
2023-10-02 13:56:12,30,32,13201,60060
2023-10-02 13:56:12,29,32,13201,60060
2023-10-02 13:56:18,30,32,13201,60060
2023-10-02 13:56:19,29,32,13201,60060
2023-10-02 13:56:25,29,31,13201,60060
2023-10-02 13:56:26,29,30,13201,60060
2023-10-02 13:56:27,29,31,13201,60060
2023-10-02 13:56:28,29,32,13201,60060
2023-10-02 13:56:28,29,31,13201,60060
2023-10-02 13:56:46,30,31,13201,60060
2023-10-02 13:56:47,29,31,13201,60060
2023-10-02 13:56:55,28,31,13201,60060
2023-10-02 13:56:55,28,30,13201,60060
2023-10-02 13:57:02,29,30,13201,60060
2023-10-02 13:57:04,28,30,13201,60060
2023-10-02 13:57:24,28,29,13201,60060
2023-10-02 13:57:32,27,29,13201,60060
2023-10-02 13:57:33,27,28,13201,60060
2023-10-02 13:57:35,26,27,13201,60060
2023-10-02 13:57:39,26,28,13385,60244
2023-10-02 13:57:43,27,28,13385,60244
2023-10-02 13:57:45,27,28,13385,60249
2023-10-02 13:57:56,26,28,13385,60249
2023-10-02 13:57:58,27,28,13385,60249
2023-10-02 13:58:11,26,28,13385,60249
2023-10-02 13:58:12,26,27,13385,60249
2023-10-02 13:58:14,25,27,13385,60249
2023-10-02 13:58:24,26,27,13385,60249
2023-10-02 13:58:30,25,27,13385,60249
2023-10-02 13:58:41,26,27,13385,60249
2023-10-02 13:58:52,25,27,13385,60249
2023-10-02 13:58:59,25,26,13385,60249
2023-10-02 13:59:01,24,26,13385,60249
2023-10-02 13:59:35,25,26,13385,60249
2023-10-02 13:59:44,25,27,13385,60249
2023-10-02 13:59:49,25,28,14070,61519
2023-10-02 13:59:50,26,28,14070,61519
2023-10-02 13:59:50,26,27,14070,61519
2023-10-02 14:00:01,25,27,14070,61519
2023-10-02 14:00:07,27,28,15063,62512
2023-10-02 14:00:26,27,29,15063,62512
2023-10-02 14:00:26,28,29,15063,62512
2023-10-02 14:00:26,28,29,15063,62632
2023-10-02 14:00:28,27,29,15063,62632
2023-10-02 14:00:30,28,29,15063,62632
2023-10-02 14:00:44,27,29,15063,62632
2023-10-02 14:00:53,27,29,15263,62832
2023-10-02 14:00:53,27,28,15263,62832
2023-10-02 14:00:54,26,27,15270,62839
2023-10-02 14:00:57,24,26,15381,62950
2023-10-02 14:00:58,24,25,15381,62950
2023-10-02 14:01:07,23,25,15381,62950
2023-10-02 14:01:07,23,24,15381,62950
2023-10-02 14:01:26,23,25,15381,62950
2023-10-02 14:01:28,23,24,15381,62950
2023-10-02 14:01:36,24,25,15381,63138
2023-10-02 14:01:40,24,25,15581,63338
2023-10-02 14:01:44,23,25,15581,63338
2023-10-02 14:01:50,24,25,15581,63338
2023-10-02 14:01:51,24,25,15781,63538
2023-10-02 14:01:51,23,25,15781,63538
2023-10-02 14:01:52,23,26,15781,63538
2023-10-02 14:01:54,24,26,15781,63538
2023-10-02 14:01:54,23,26,15781,63538
2023-10-02 14:01:56,24,26,15781,63538
2023-10-02 14:01:56,23,26,15781,63538
2023-10-02 14:01:57,24,26,15781,63538
2023-10-02 14:01:58,25,26,15781,63538
2023-10-02 14:01:58,25,26,15781,63548
2023-10-02 14:01:58,25,27,15781,63548
2023-10-02 14:01:59,24,27,15781,63548
2023-10-02 14:01:59,25,27,15781,63548
2023-10-02 14:02:00,26,27,15781,63548
2023-10-02 14:02:00,26,27,15781,63742
2023-10-02 14:02:01,25,27,15781,63742
2023-10-02 14:02:03,26,27,15781,63742
2023-10-02 14:02:10,24,27,15861,63822
2023-10-02 14:02:10,24,26,15861,63822
2023-10-02 14:02:11,23,26,15861,63822
2023-10-02 14:02:16,24,26,15861,63822
2023-10-02 14:02:16,24,27,15861,63822
2023-10-02 14:02:16,24,26,15861,63822
2023-10-02 14:02:21,23,26,15861,63822
2023-10-02 14:02:24,24,26,15861,63822
2023-10-02 14:02:25,23,26,15861,63822
2023-10-02 14:02:26,24,26,15861,63822
2023-10-02 14:02:29,24,26,15861,63825
2023-10-02 14:02:31,23,26,15861,63825
2023-10-02 14:02:32,23,25,15861,63825
2023-10-02 14:02:33,23,26,15861,63825
2023-10-02 14:02:35,24,26,15861,63825
2023-10-02 14:02:37,23,26,15861,63825
2023-10-02 14:02:38,23,25,15861,63825
2023-10-02 14:02:43,23,26,15861,63825
2023-10-02 14:02:45,23,25,15861,63825
2023-10-02 14:02:50,23,26,15861,63825
2023-10-02 14:02:56,24,26,15861,63825
2023-10-02 14:02:57,24,27,15861,63825
2023-10-02 14:03:06,24,26,15861,63825
2023-10-02 14:03:24,24,27,15861,63825
2023-10-02 14:03:28,25,27,15861,63825
2023-10-02 14:03:32,26,27,15861,63825
2023-10-02 14:03:36,26,28,15861,63825
2023-10-02 14:03:37,27,28,15861,63825
2023-10-02 14:03:37,27,28,15866,63830
2023-10-02 14:03:38,27,28,15871,63835
2023-10-02 14:03:38,27,28,15876,63840
2023-10-02 14:03:42,27,29,15876,63840
2023-10-02 14:03:43,28,29,15876,63840
2023-10-02 14:04:09,27,29,15876,63840
2023-10-02 14:04:10,26,29,15876,63840
2023-10-02 14:04:14,27,29,15876,63840
2023-10-02 14:04:24,26,29,15876,63840
2023-10-02 14:04:35,27,29,15876,63840
2023-10-02 14:04:40,26,29,15876,63840
2023-10-02 14:04:53,26,28,15876,63840
2023-10-02 14:04:56,24,28,15876,63840
2023-10-02 14:04:56,25,28,15876,63840
2023-10-02 14:04:57,25,27,15876,63840
2023-10-02 14:04:58,25,26,15876,63840
2023-10-02 14:05:05,25,28,15876,63840
2023-10-02 14:05:05,25,27,15876,63840
2023-10-02 14:05:05,25,28,15876,63840
2023-10-02 14:05:07,25,27,15876,63840
2023-10-02 14:05:10,26,27,15876,63840
2023-10-02 14:05:32,26,29,15876,63840
2023-10-02 14:05:32,26,28,15876,63840
2023-10-02 14:05:33,27,28,15876,63840
2023-10-02 14:05:41,26,28,15876,63840
2023-10-02 14:06:15,27,28,15876,63840
2023-10-02 14:06:21,27,29,15876,63840
2023-10-02 14:06:22,28,29,15876,63840
2023-10-02 14:06:23,28,30,15876,63840
2023-10-02 14:06:29,29,30,15876,63840
2023-10-02 14:06:29,29,30,15876,63850
2023-10-02 14:06:31,28,30,15876,63850
2023-10-02 14:06:31,29,30,15876,63850
2023-10-02 14:06:45,29,31,15876,63850
2023-10-02 14:06:46,30,31,15876,63850
2023-10-02 14:06:47,30,32,15876,63850
2023-10-02 14:06:47,30,32,15856,63870
2023-10-02 14:06:47,31,32,15856,63870
2023-10-02 14:06:57,30,32,15066,64660
2023-10-02 14:07:02,30,31,15066,64660
2023-10-02 14:07:15,29,32,15066,64660
2023-10-02 14:07:17,30,32,15066,64660
2023-10-02 14:07:18,31,32,15066,64660
2023-10-02 14:07:31,31,33,15066,64660
2023-10-02 14:07:43,30,33,15066,64660
2023-10-02 14:07:43,30,32,15066,64660
2023-10-02 14:07:46,29,32,15066,64660
2023-10-02 14:07:49,29,31,15066,64660
2023-10-02 14:08:07,29,30,15066,64660
2023-10-02 14:08:08,28,30,15076,64670
2023-10-02 14:08:08,27,30,15076,64670
2023-10-02 14:08:09,27,29,15076,64670
2023-10-02 14:08:13,26,29,15076,64670
2023-10-02 14:08:14,25,29,15076,64670
2023-10-02 14:08:14,25,28,15076,64670
2023-10-02 14:08:16,26,28,15076,64670
2023-10-02 14:08:16,26,29,15076,64670
2023-10-02 14:08:26,27,29,15076,64670
2023-10-02 14:08:30,27,30,15076,64670
2023-10-02 14:08:31,27,29,15076,64670
2023-10-02 14:08:35,27,30,15076,64670
2023-10-02 14:08:36,27,29,15076,64670
2023-10-02 14:08:42,28,29,15076,64670
2023-10-02 14:08:42,28,30,15076,64670
2023-10-02 14:08:43,28,29,15076,64670
2023-10-02 14:08:45,27,29,15076,64670
2023-10-02 14:09:06,26,29,15076,64670
2023-10-02 14:09:08,27,29,15076,64670
2023-10-02 14:09:12,27,30,15076,64670
2023-10-02 14:09:13,28,30,15076,64670
2023-10-02 14:09:14,27,30,15076,64670
2023-10-02 14:09:16,27,29,15076,64670
2023-10-02 14:09:18,28,29,15076,64670
2023-10-02 14:09:20,28,30,15076,64670
2023-10-02 14:09:24,29,30,15076,64670
2023-10-02 14:09:25,28,30,15076,64670
2023-10-02 14:09:29,27,30,15076,64670
2023-10-02 14:09:31,27,30,15120,64714
2023-10-02 14:09:32,26,30,15120,64714
2023-10-02 14:09:32,26,29,15120,64714
2023-10-02 14:09:33,26,28,15120,64714
2023-10-02 14:09:38,27,28,15120,64714
2023-10-02 14:09:39,26,28,15120,64714
2023-10-02 14:09:54,25,28,15120,64714
2023-10-02 14:09:56,25,27,15120,64714
2023-10-02 14:10:02,26,27,15120,64714
2023-10-02 14:10:11,26,29,15120,64714
2023-10-02 14:10:12,27,29,15120,64714
2023-10-02 14:10:13,27,30,15120,64714
2023-10-02 14:10:13,28,30,15120,64714
2023-10-02 14:10:14,28,31,15120,64714
2023-10-02 14:10:15,29,31,15120,64714
2023-10-02 14:10:16,28,31,15120,64714
2023-10-02 14:10:20,28,30,15120,64714
2023-10-02 14:10:22,28,31,15120,65314
2023-10-02 14:10:22,30,31,15120,65314
2023-10-02 14:10:22,30,33,15120,65314
2023-10-02 14:10:22,31,33,15120,65314
2023-10-02 14:10:22,30,33,15120,65314
2023-10-02 14:10:22,32,33,15120,65314
2023-10-02 14:10:43,32,33,15120,65514
2023-10-02 14:10:44,32,33,15110,65524
2023-10-02 14:10:48,30,33,15110,65524
2023-10-02 14:10:48,31,33,15110,65524
2023-10-02 14:10:49,31,32,15110,65524
2023-10-02 14:10:53,31,33,15110,65524
2023-10-02 14:10:53,31,32,15110,65524
2023-10-02 14:10:56,31,33,15110,65524
2023-10-02 14:10:57,32,33,15110,65524
2023-10-02 14:11:09,32,34,15110,65724
2023-10-02 14:11:09,33,34,15110,65724
2023-10-02 14:11:16,31,34,15110,65724
2023-10-02 14:11:16,32,34,15110,65724
2023-10-02 14:11:18,33,34,15110,65724
2023-10-02 14:11:20,32,34,15110,65724
2023-10-02 14:11:22,33,34,15110,65724
2023-10-02 14:11:23,32,34,15110,65724
2023-10-02 14:11:24,33,34,15110,65724
2023-10-02 14:11:25,33,34,14924,65910
2023-10-02 14:11:28,33,35,14610,66224
2023-10-02 14:11:29,34,35,14610,66224
2023-10-02 14:11:47,33,34,14410,66429
2023-10-02 14:11:48,33,35,14410,66762
2023-10-02 14:11:48,34,35,14410,66762
2023-10-02 14:11:49,34,35,14210,66962
2023-10-02 14:11:50,34,36,14099,67162
2023-10-02 14:11:50,35,36,14099,67162
2023-10-02 14:11:51,35,36,14099,67362
2023-10-02 14:11:52,36,37,14099,67504
2023-10-02 14:11:54,36,37,14099,67904
2023-10-02 14:11:54,36,37,14028,67975
2023-10-02 14:11:54,36,37,14028,67980
2023-10-02 14:11:54,36,38,14028,68004
2023-10-02 14:11:54,37,38,14028,68004
2023-10-02 14:12:01,37,38,14028,68014
2023-10-02 14:12:02,37,38,13872,68170
2023-10-02 14:12:05,37,38,13872,68370
2023-10-02 14:12:05,38,39,13872,68514
2023-10-02 14:12:05,38,39,13801,68914
2023-10-02 14:12:07,38,39,13806,68919
2023-10-02 14:12:07,38,39,13811,68924
2023-10-02 14:12:10,38,39,13811,68932
2023-10-02 14:12:11,39,40,13893,69014
2023-10-02 14:12:11,39,41,13893,69014
2023-10-02 14:12:11,40,41,13893,69014
2023-10-02 14:12:12,40,41,13893,69024
2023-10-02 14:12:22,40,41,13893,69357
2023-10-02 14:12:24,40,41,13885,69365
2023-10-02 14:12:28,39,41,13885,69365
2023-10-02 14:12:29,39,40,13885,69365
2023-10-02 14:12:32,39,41,13885,69365
2023-10-02 14:12:33,40,41,13885,69365
2023-10-02 14:12:37,39,41,14385,69865
2023-10-02 14:12:41,39,41,14385,69875
2023-10-02 14:12:43,40,41,14385,69875
2023-10-02 14:12:43,40,43,14385,69875
2023-10-02 14:12:43,40,42,14385,69875
2023-10-02 14:12:45,41,42,14385,69875
2023-10-02 14:12:49,41,42,14385,70075
2023-10-02 14:12:50,40,42,14385,70075
2023-10-02 14:12:53,40,41,14385,70075
2023-10-02 14:12:58,40,42,14385,70075
2023-10-02 14:12:58,40,42,14843,70755
2023-10-02 14:12:59,40,42,15046,71088
2023-10-02 14:13:00,41,42,15046,71088
2023-10-02 14:13:05,41,42,15046,71288
2023-10-02 14:13:05,40,42,15046,71288
2023-10-02 14:13:09,40,42,15237,71488
2023-10-02 14:13:14,40,41,15237,71488
2023-10-02 14:13:14,39,41,15237,71488
2023-10-02 14:13:16,39,40,15237,71488
2023-10-02 14:13:16,38,40,15237,71488
2023-10-02 14:13:19,38,40,15237,71738
2023-10-02 14:13:24,39,40,15237,71738
2023-10-02 14:13:24,39,41,15237,71738
2023-10-02 14:13:52,39,41,15597,72338
2023-10-02 14:13:52,38,41,15597,72338
2023-10-02 14:13:53,39,41,15597,72338
2023-10-02 14:13:58,39,41,15597,72588
2023-10-02 14:14:07,40,41,15597,72588
2023-10-02 14:14:07,40,41,15597,72596
2023-10-02 14:14:10,40,41,15597,72604
2023-10-02 14:14:12,40,41,15597,72612
2023-10-02 14:14:13,40,41,15797,72812
2023-10-02 14:14:15,40,41,15797,72872
2023-10-02 14:14:16,40,41,15863,72938
2023-10-02 14:14:17,40,41,16063,73138
2023-10-02 14:14:17,40,41,16263,73338
2023-10-02 14:14:17,40,42,16263,73588
2023-10-02 14:14:18,41,42,16263,73588
2023-10-02 14:14:19,41,42,16263,73788
2023-10-02 14:14:20,41,42,16263,73827
2023-10-02 14:14:22,41,42,16263,73951
2023-10-02 14:14:49,41,42,16263,74026
2023-10-02 14:14:56,41,42,16263,74426
2023-10-02 14:15:01,41,45,16263,74588
2023-10-02 14:15:02,42,45,16263,74588
2023-10-02 14:15:03,43,45,16263,74588
2023-10-02 14:15:05,43,44,16263,74588
2023-10-02 14:15:06,42,44,16263,74588
2023-10-02 14:15:12,42,43,16263,74588
2023-10-02 14:15:13,39,43,16263,74588
2023-10-02 14:15:14,40,43,16263,74588
2023-10-02 14:15:15,40,44,16263,74588
2023-10-02 14:15:15,41,44,16263,74588
2023-10-02 14:15:17,41,43,16263,74588
2023-10-02 14:15:49,41,42,16263,74588
2023-10-02 14:15:57,40,42,16263,74588
2023-10-02 14:15:59,41,42,16263,74588
2023-10-02 14:16:04,41,42,16063,74788
2023-10-02 14:16:04,40,42,16063,74788
2023-10-02 14:16:05,40,41,16063,74788
2023-10-02 14:16:09,39,41,16063,74788
2023-10-02 14:16:10,38,41,16063,74788
2023-10-02 14:16:10,38,40,16063,74788
2023-10-02 14:16:14,36,37,16263,75419
2023-10-02 14:16:15,36,37,16263,75599
2023-10-02 14:17:07,36,37,16063,75799
2023-10-02 14:17:11,34,35,16001,75861
2023-10-02 14:17:11,33,35,16001,75861
2023-10-02 14:17:13,34,35,16001,75861
2023-10-02 14:17:15,34,36,16001,75861
2023-10-02 14:17:20,34,37,16001,75861
2023-10-02 14:17:20,33,34,16001,76061
2023-10-02 14:17:25,33,37,16001,76361
2023-10-02 14:17:26,33,36,16001,76361
2023-10-02 14:17:26,34,36,16001,76361
2023-10-02 14:17:38,33,36,16001,76361
2023-10-02 14:17:39,35,36,16001,76361
2023-10-02 14:17:43,35,37,16001,76361
2023-10-02 14:17:55,35,36,16001,76361
2023-10-02 14:17:56,33,36,16001,76361
2023-10-02 14:17:56,34,36,16001,76361
2023-10-02 14:17:58,33,36,16001,76361
2023-10-02 14:18:03,33,35,16001,76361
2023-10-02 14:18:03,33,34,16001,76361
2023-10-02 14:18:04,31,34,16001,76361
2023-10-02 14:18:05,32,34,16001,76361
2023-10-02 14:18:07,31,34,16001,76361
2023-10-02 14:18:17,31,33,16001,76361
2023-10-02 14:18:22,29,33,16001,76361
2023-10-02 14:18:22,29,30,15998,76364
2023-10-02 14:18:22,29,30,15998,76424
2023-10-02 14:18:22,28,30,15998,76424
2023-10-02 14:18:22,27,30,15998,76424
2023-10-02 14:18:22,28,30,15998,76424
2023-10-02 14:18:23,28,32,15998,76424
2023-10-02 14:18:23,28,31,15998,76424
2023-10-02 14:18:24,28,30,15998,76424
2023-10-02 14:18:27,29,30,15998,76424
2023-10-02 14:18:28,29,31,15998,76424
2023-10-02 14:18:31,29,32,15998,76424
2023-10-02 14:18:39,29,33,15998,76424
2023-10-02 14:18:39,30,33,15998,76424
2023-10-02 14:18:47,30,32,15998,76424
2023-10-02 14:18:50,30,33,15998,76424
2023-10-02 14:18:52,30,32,15998,76424
2023-10-02 14:18:52,31,32,15998,76424
2023-10-02 14:18:54,31,33,15998,76624
2023-10-02 14:18:55,32,33,15998,76624
2023-10-02 14:19:02,31,33,15998,76624
2023-10-02 14:19:06,31,32,15998,76624
2023-10-02 14:19:08,30,32,15998,76624
2023-10-02 14:19:10,31,32,15998,76624
2023-10-02 14:19:10,30,32,15998,76624
2023-10-02 14:19:11,29,32,15998,76624
2023-10-02 14:19:12,30,32,15998,76624
2023-10-02 14:19:13,31,32,15998,76624
2023-10-02 14:19:16,30,32,15998,76624
2023-10-02 14:19:20,31,32,15998,76624
2023-10-02 14:19:44,31,33,15998,76714
2023-10-02 14:19:47,31,32,15998,76714
2023-10-02 14:19:56,31,32,15798,76914
2023-10-02 14:19:58,30,32,15798,76914
2023-10-02 14:20:00,30,31,15798,76914
2023-10-02 14:20:02,29,31,15798,76914
2023-10-02 14:20:03,30,31,15798,76914
2023-10-02 14:20:04,30,32,15798,76914
2023-10-02 14:20:05,31,32,15798,76914
2023-10-02 14:20:09,30,32,15798,76914
2023-10-02 14:20:11,31,32,15798,76914
2023-10-02 14:20:13,30,32,15798,76914
2023-10-02 14:20:14,30,31,15798,76914
2023-10-02 14:20:16,29,31,15798,76914
2023-10-02 14:20:16,28,31,15798,76914
2023-10-02 14:20:17,28,30,15798,76914
2023-10-02 14:20:17,29,30,15798,76914
2023-10-02 14:20:18,28,30,15798,76914
2023-10-02 14:20:20,29,30,15798,76914
2023-10-02 14:20:22,28,30,15798,76914
2023-10-02 14:20:24,27,28,15606,77106
2023-10-02 14:20:24,27,29,15598,77114
2023-10-02 14:20:25,28,29,15598,77114
2023-10-02 14:20:28,28,29,15398,77314
2023-10-02 14:20:28,26,29,15398,77314
2023-10-02 14:20:29,26,27,15398,77314
2023-10-02 14:20:29,25,27,15398,77314
2023-10-02 14:20:33,25,26,15398,77314
2023-10-02 14:20:33,24,26,15398,77314
2023-10-02 14:20:34,24,25,15398,77314
2023-10-02 14:20:36,24,26,15398,77314
2023-10-02 14:20:37,24,27,15398,77314
2023-10-02 14:20:37,24,26,15398,77314
2023-10-02 14:20:44,25,26,15398,77314
2023-10-02 14:20:45,25,27,15398,77314
2023-10-02 14:20:51,24,27,15398,77314
2023-10-02 14:20:51,24,26,15398,77314
2023-10-02 14:21:02,24,27,15398,77314
2023-10-02 14:21:02,25,27,15398,77314
2023-10-02 14:21:05,25,26,15398,77314
2023-10-02 14:21:07,24,26,15398,77314
2023-10-02 14:21:21,23,26,15398,77314
2023-10-02 14:21:23,23,25,15398,77314
2023-10-02 14:21:24,23,24,15398,77314
2023-10-02 14:21:25,22,24,15398,77314
2023-10-02 14:21:26,22,23,15398,77314
2023-10-02 14:21:27,22,24,15398,77314
2023-10-02 14:21:31,23,24,15398,77314
2023-10-02 14:21:32,23,25,15398,77314
2023-10-02 14:21:45,23,24,15398,77314
2023-10-02 14:21:46,22,24,15398,77314
2023-10-02 14:21:47,23,24,15398,77314
2023-10-02 14:21:56,23,25,15398,77314
2023-10-02 14:22:01,23,24,15398,77314
2023-10-02 14:22:02,23,25,15398,77314
2023-10-02 14:22:11,22,25,15398,77314
2023-10-02 14:22:14,22,24,15398,77314
2023-10-02 14:22:14,21,24,15398,77314
2023-10-02 14:22:22,21,23,15398,77314
2023-10-02 14:22:23,21,22,15398,77314
2023-10-02 14:22:28,20,22,15398,77314
2023-10-02 14:22:30,20,21,15398,77314
2023-10-02 14:22:31,19,21,15398,77314
2023-10-02 14:22:39,20,21,15398,77314
2023-10-02 14:22:40,19,21,15398,77314
2023-10-02 14:22:41,20,21,15398,77314
2023-10-02 14:22:44,19,21,15398,77314
2023-10-02 14:22:53,20,21,15398,77314
2023-10-02 14:22:55,20,21,15198,77514
2023-10-02 14:22:55,19,21,15198,77514
2023-10-02 14:22:59,18,21,15198,77514
2023-10-02 14:23:05,18,21,15198,77514
2023-10-02 14:23:10,18,20,15198,77514
2023-10-02 14:23:12,18,19,15198,77514
2023-10-02 14:23:12,17,19,15198,77514
2023-10-02 14:23:17,18,19,15198,77514
2023-10-02 14:23:24,18,20,15198,77514
2023-10-02 14:23:28,18,21,15198,77514
2023-10-02 14:23:38,18,20,15198,77514
2023-10-02 14:23:39,18,21,15198,77514
2023-10-02 14:23:50,19,21,15198,77514
2023-10-02 14:23:56,20,21,15198,77514
2023-10-02 14:23:59,21,22,15198,77514
2023-10-02 14:24:07,21,22,15006,77914
2023-10-02 14:24:11,21,23,15006,77914
2023-10-02 14:24:11,21,24,15006,77914
2023-10-02 14:24:12,22,24,15006,77914
2023-10-02 14:24:15,22,23,15006,77914
2023-10-02 14:24:17,23,24,15006,78111
2023-10-02 14:24:17,23,24,15006,78442
2023-10-02 14:24:30,23,24,14806,78642
2023-10-02 14:24:32,23,24,14606,78842
2023-10-02 14:24:33,22,24,14606,78914
2023-10-02 14:24:51,22,25,14606,78914
2023-10-02 14:24:54,22,24,14606,78914
2023-10-02 14:25:02,22,25,14606,78914
2023-10-02 14:25:03,23,25,14606,78914
2023-10-02 14:25:10,23,24,14606,78914
2023-10-02 14:25:17,22,23,14606,78919
2023-10-02 14:25:17,21,23,14606,78919
2023-10-02 14:25:21,21,22,14606,78919
2023-10-02 14:25:58,19,22,14606,79319
2023-10-02 14:25:59,19,21,14606,79319
2023-10-02 14:26:01,20,21,14606,79319
2023-10-02 14:26:02,20,22,14606,79319
2023-10-02 14:26:08,20,23,14606,79319
2023-10-02 14:26:10,21,23,14606,79319
2023-10-02 14:26:12,22,23,14606,79319
2023-10-02 14:26:12,22,23,14606,79631
2023-10-02 14:26:29,22,23,14206,80031
2023-10-02 14:26:29,20,23,14203,80231
2023-10-02 14:26:29,19,23,14203,80231
2023-10-02 14:26:29,19,22,14203,80231
2023-10-02 14:26:30,20,22,14203,80231
2023-10-02 14:27:02,21,22,14203,80231
2023-10-02 14:27:02,21,23,14203,80231
2023-10-02 14:27:07,21,24,14203,80231
2023-10-02 14:27:08,21,23,14203,80231
2023-10-02 14:27:10,21,24,14203,80231
2023-10-02 14:27:13,21,23,14203,80231
2023-10-02 14:27:37,21,24,14203,80231
2023-10-02 14:27:39,21,23,14203,80231
2023-10-02 14:27:39,22,23,14203,80231
2023-10-02 14:27:40,21,23,14203,80231
2023-10-02 14:27:45,22,23,14203,80231
2023-10-02 14:27:49,21,23,14203,80231
2023-10-02 14:27:55,20,23,14203,80231
2023-10-02 14:28:01,21,23,14203,80231
2023-10-02 14:28:05,21,24,14203,80231
2023-10-02 14:28:06,21,23,14203,80231
2023-10-02 14:28:30,20,23,14203,80231
2023-10-02 14:28:42,20,22,14203,80231
2023-10-02 14:28:43,19,22,14203,80231
2023-10-02 14:28:52,19,21,14203,80231
2023-10-02 14:28:54,18,21,14203,80231
2023-10-02 14:28:54,18,20,14203,80231
2023-10-02 14:28:54,18,19,14203,80231
2023-10-02 14:28:57,17,19,14203,80231
2023-10-02 14:28:59,17,18,14203,80231
2023-10-02 14:29:01,16,18,14203,80231
2023-10-02 14:29:04,15,18,14203,80231
2023-10-02 14:29:04,15,17,14203,80231
2023-10-02 14:29:05,15,16,14203,80231
2023-10-02 14:29:05,15,16,14403,80431
2023-10-02 14:29:29,15,16,14603,80631
2023-10-02 14:29:29,15,16,14608,80636
2023-10-02 14:29:29,14,16,14753,80781
2023-10-02 14:29:30,14,15,14753,80781
2023-10-02 14:29:39,13,15,14753,80781
2023-10-02 14:29:41,12,15,14753,80781
2023-10-02 14:29:43,13,15,14753,80781
2023-10-02 14:29:49,12,15,14753,80781
2023-10-02 14:29:49,13,15,14753,80781
2023-10-02 14:30:03,14,15,14753,80781
2023-10-02 14:30:03,14,15,14753,81005
2023-10-02 14:30:12,14,16,14753,81005
2023-10-02 14:30:13,14,15,14753,81005
2023-10-02 14:30:17,14,15,14773,81225
2023-10-02 14:30:21,13,15,14773,81225
2023-10-02 14:30:21,13,15,15023,81475
2023-10-02 14:30:42,16,17,15003,82033
2023-10-02 14:30:42,16,17,15003,82277
2023-10-02 14:30:46,16,17,15003,82543
2023-10-02 14:30:56,16,17,15003,82743
2023-10-02 14:31:02,16,17,15003,82753
2023-10-02 14:31:03,16,17,15003,82980
2023-10-02 14:31:04,16,17,15003,83180
2023-10-02 14:31:05,16,17,15003,83380
2023-10-02 14:31:08,16,17,15003,83580
2023-10-02 14:31:08,16,17,15003,83700
2023-10-02 14:31:08,16,17,15003,84100
2023-10-02 14:31:22,16,17,15003,84280
2023-10-02 14:31:24,16,18,15003,84280
2023-10-02 14:31:43,17,18,15003,84280
2023-10-02 14:31:43,17,18,15003,84471
2023-10-02 14:31:44,16,18,15003,84471
2023-10-02 14:31:47,17,18,15003,84471
2023-10-02 14:32:07,16,18,15003,84471
2023-10-02 14:32:08,16,17,15003,84471
2023-10-02 14:32:10,16,18,14468,85621
2023-10-02 14:32:10,16,17,14468,85621
2023-10-02 14:32:12,16,17,14478,85631
2023-10-02 14:32:17,17,18,14886,86039
2023-10-02 14:32:17,17,18,15140,86293
2023-10-02 14:33:13,17,18,15540,86693
2023-10-02 14:33:29,17,18,15940,87093
2023-10-02 14:34:09,17,19,15940,87093
2023-10-02 14:34:10,17,18,15940,87093
2023-10-02 14:34:30,17,18,15955,87108
2023-10-02 14:34:35,17,19,15955,87108
2023-10-02 14:34:37,17,18,15955,87108
2023-10-02 14:36:52,17,18,15955,87308
2023-10-02 14:36:59,17,18,15955,87508
2023-10-02 14:37:03,17,18,15955,87583
2023-10-02 14:37:17,17,18,15960,87588
2023-10-02 14:37:23,16,18,15998,87626
2023-10-02 14:37:24,16,17,15998,87626
2023-10-02 14:37:37,16,17,16171,87799
2023-10-02 14:38:34,15,16,16956,88784
2023-10-02 14:38:40,14,16,16956,88784
2023-10-02 14:38:48,14,15,16956,88784
2023-10-02 14:39:16,13,15,16956,88784
2023-10-02 14:39:30,12,15,16956,88784
2023-10-02 14:39:32,12,14,16956,88784
2023-10-02 14:39:34,12,13,16956,88784
2023-10-02 14:39:39,12,13,16956,88804
2023-10-02 14:39:48,11,13,17186,89034
2023-10-02 14:39:49,11,12,17186,89034
2023-10-02 14:40:05,10,12,17186,89034
2023-10-02 14:40:08,10,11,17186,89034
2023-10-02 14:40:38,10,11,17386,89234
2023-10-02 14:40:42,9,11,17386,89434
2023-10-02 14:40:43,9,11,17446,89494
2023-10-02 14:40:43,9,10,17446,89494
2023-10-02 14:40:49,8,10,17636,89684
2023-10-02 14:40:50,8,9,17636,89684
2023-10-02 14:41:05,8,10,17636,89684
2023-10-02 14:41:09,9,10,17636,89684
2023-10-02 14:41:12,9,11,17636,89684
2023-10-02 14:41:18,10,11,17636,89684
2023-10-02 14:41:18,9,11,17645,89693
2023-10-02 14:41:21,9,10,17645,89693
2023-10-02 14:41:33,9,10,17818,89866
2023-10-02 14:41:56,9,10,19822,91870
2023-10-02 14:41:57,9,11,19822,91870
2023-10-02 14:41:59,9,11,19822,91930
2023-10-02 14:42:12,9,10,19822,91930
2023-10-02 14:42:28,8,10,19822,91930
2023-10-02 14:42:40,8,10,19778,91974
2023-10-02 14:42:49,8,9,19778,91974
2023-10-02 14:42:50,8,9,19778,91977
2023-10-02 14:43:07,8,9,19778,92177
2023-10-02 14:43:23,9,10,19778,92341
2023-10-02 14:43:32,8,10,19778,92341
2023-10-02 14:43:44,9,10,19778,92341
2023-10-02 14:43:53,8,10,19778,92341
2023-10-02 14:43:57,9,10,19778,92341
2023-10-02 14:44:10,8,10,19778,92341
2023-10-02 14:45:16,9,10,19778,92341
2023-10-02 14:45:18,9,10,19778,92541
2023-10-02 14:45:18,10,11,19823,92691
2023-10-02 14:45:19,10,13,19823,92691
2023-10-02 14:45:20,10,12,19823,92691
2023-10-02 14:45:20,11,12,19823,92691
2023-10-02 14:45:21,10,12,19823,92691
2023-10-02 14:45:41,11,12,19823,92691
2023-10-02 14:45:46,10,12,19823,92691
2023-10-02 14:46:01,11,12,19823,92691
2023-10-02 14:46:05,10,12,19823,92691
2023-10-02 14:46:08,11,12,19823,92691
2023-10-02 14:46:19,10,12,19823,92691
2023-10-02 14:46:21,11,12,19823,92691
2023-10-02 14:46:35,10,12,19823,92691
2023-10-02 14:46:36,10,11,19823,92691
2023-10-02 14:46:37,10,12,19823,92691
2023-10-02 14:46:47,10,11,19823,92691
2023-10-02 14:46:53,10,11,19823,92891
2023-10-02 14:46:56,9,11,19823,92891
2023-10-02 14:47:03,9,10,19823,92891
2023-10-02 14:47:30,9,11,19823,92891
2023-10-02 14:47:32,9,12,19823,92891
2023-10-02 14:47:32,10,12,19823,92891
2023-10-02 14:47:35,10,11,19823,92891
2023-10-02 14:47:36,9,11,19823,92891
2023-10-02 14:47:54,10,11,19823,92891
2023-10-02 14:48:01,10,11,19823,92918
2023-10-02 14:48:08,9,11,19823,92918
2023-10-02 14:48:12,9,10,19823,92918
2023-10-02 14:48:15,9,11,19823,92918
2023-10-02 14:48:24,10,11,19823,92918
2023-10-02 14:48:34,9,11,19823,92918
2023-10-02 14:49:11,10,11,19823,92918
2023-10-02 14:49:15,9,11,19823,92918
2023-10-02 14:49:16,10,11,19823,92918
2023-10-02 14:49:17,9,11,19823,92918
2023-10-02 14:49:45,10,11,19823,92918
2023-10-02 14:50:02,10,11,19823,92949
2023-10-02 14:50:11,10,12,19992,93118
2023-10-02 14:50:31,9,12,19992,93118
2023-10-02 14:50:31,10,12,19992,93118
2023-10-02 14:50:34,9,12,19992,93118
2023-10-02 14:50:41,10,12,19992,93118
2023-10-02 14:50:45,11,12,19992,93118
2023-10-02 14:51:12,11,12,20547,93673
2023-10-02 14:51:43,11,13,20547,93673
2023-10-02 14:51:44,11,12,20547,93673
2023-10-02 14:51:52,11,12,20747,93873
2023-10-02 14:51:53,11,13,20747,93873
2023-10-02 14:51:56,12,13,20747,93873
2023-10-02 14:51:57,11,13,20747,93873
2023-10-02 14:51:58,12,13,20747,93873
2023-10-02 14:51:59,11,13,20747,93873
2023-10-02 14:52:00,12,13,20747,93873
2023-10-02 14:52:01,11,13,20747,93873
2023-10-02 14:52:02,12,13,20747,93873
2023-10-02 14:52:29,12,14,20747,93873
2023-10-02 14:52:29,13,14,20747,93873
2023-10-02 14:52:31,13,15,20747,93873
2023-10-02 14:52:32,13,16,20747,93873
2023-10-02 14:52:32,14,16,20747,93873
2023-10-02 14:52:33,15,16,20747,93873
2023-10-02 14:52:41,14,16,20747,93873
2023-10-02 14:52:48,13,16,20747,93873
2023-10-02 14:52:50,13,15,20747,93873
2023-10-02 14:52:54,13,16,20747,93873
2023-10-02 14:53:02,13,15,20747,93873
2023-10-02 14:53:17,13,16,20747,93873
2023-10-02 14:53:18,14,16,20747,93873
2023-10-02 14:53:19,13,16,20747,93873
2023-10-02 14:53:20,14,16,20747,93873
2023-10-02 14:53:20,15,16,20747,93873
2023-10-02 14:53:21,14,16,20747,93873
2023-10-02 14:53:24,15,16,20747,93873
2023-10-02 14:53:25,14,16,20747,93873
2023-10-02 14:53:26,15,16,20747,93873
2023-10-02 14:53:28,14,16,20747,93873
2023-10-02 14:53:36,13,16,20747,93873
2023-10-02 14:53:37,14,16,20747,93873
2023-10-02 14:53:51,14,17,20747,93873
2023-10-02 14:53:51,15,17,20747,93873
2023-10-02 14:53:52,16,17,20747,93873
2023-10-02 14:53:53,16,18,20747,93873
2023-10-02 14:53:54,17,18,20747,93873
2023-10-02 14:54:10,16,18,20747,93873
2023-10-02 14:54:19,16,17,20747,93873
2023-10-02 14:54:19,15,17,20747,93873
2023-10-02 14:54:29,16,17,20747,93873
2023-10-02 14:54:30,15,17,20747,93873
2023-10-02 14:54:30,15,17,20747,93887
2023-10-02 14:54:32,15,17,20583,94237
2023-10-02 14:54:41,14,17,20583,94237
2023-10-02 14:54:41,14,16,20583,94237
2023-10-02 14:54:43,14,15,20583,94237
2023-10-02 14:54:43,13,15,20583,94237
2023-10-02 14:54:48,13,14,20583,94237
2023-10-02 14:54:48,12,14,20583,94237
2023-10-02 14:54:51,12,13,20583,94237
2023-10-02 14:54:51,11,13,20583,94237
2023-10-02 14:54:53,11,12,20583,94237
2023-10-02 14:55:07,10,12,20583,94237
2023-10-02 14:55:09,10,11,20583,94237
2023-10-02 14:55:09,9,11,20583,94237
2023-10-02 14:55:20,9,10,20583,94237
2023-10-02 14:55:21,8,10,20583,94237
2023-10-02 14:55:31,8,11,20583,94237
2023-10-02 14:55:31,9,11,20583,94237
2023-10-02 14:55:33,8,11,20583,94237
2023-10-02 14:55:34,9,11,20583,94237
2023-10-02 14:55:35,9,10,20583,94237
2023-10-02 14:55:36,9,11,20583,94237
2023-10-02 14:55:39,10,11,20583,94237
2023-10-02 14:55:43,9,11,20583,94237
2023-10-02 14:56:09,10,11,20583,94237
2023-10-02 14:56:27,10,12,20833,94487
2023-10-02 14:56:33,10,11,20833,94487
2023-10-02 14:56:36,11,12,20833,94687
2023-10-02 14:56:39,11,12,20833,94887
2023-10-02 14:56:43,10,11,20833,94987
2023-10-02 14:56:47,11,12,20963,95262
2023-10-02 14:56:47,11,12,21083,95382
2023-10-02 14:56:48,11,12,21158,95457
2023-10-02 14:56:48,10,11,21188,95487
2023-10-02 14:56:55,11,12,21433,95732
2023-10-02 14:56:56,11,12,21633,95932
2023-10-02 14:56:58,11,13,21633,95932
2023-10-02 14:57:05,11,12,21633,95932
2023-10-02 14:57:13,11,13,21633,95932
2023-10-02 14:57:13,11,12,21633,95932
2023-10-02 14:57:16,11,12,21663,95962
2023-10-02 14:57:19,11,13,21663,95962
2023-10-02 14:57:20,11,14,21663,95962
2023-10-02 14:57:20,12,14,21663,95962
2023-10-02 14:57:20,12,14,21663,96022
2023-10-02 14:57:21,12,13,21663,96022
2023-10-02 14:57:24,11,13,21663,96022
2023-10-02 14:57:39,11,12,21663,96022
2023-10-02 14:57:44,11,13,21663,96022
2023-10-02 14:57:52,12,13,21663,96022
2023-10-02 14:57:58,12,14,21663,96022
2023-10-02 14:58:06,12,15,21663,96022
2023-10-02 14:58:06,13,15,21663,96022
2023-10-02 14:58:22,14,15,21663,96022
2023-10-02 14:58:29,13,15,21663,96022
2023-10-02 14:58:38,13,14,21663,96022
2023-10-02 14:58:41,13,15,21663,96022
2023-10-02 14:58:44,12,15,21663,96022
2023-10-02 14:58:44,14,15,21663,96022
2023-10-02 14:59:03,12,15,21663,96022
2023-10-02 14:59:03,13,15,21663,96022
2023-10-02 14:59:20,12,15,21663,96022
2023-10-02 14:59:20,14,15,21663,96022
2023-10-02 15:00:01,12,14,21663,96187
2023-10-02 15:00:02,12,15,21663,96187
2023-10-02 15:00:04,13,15,21663,96187
2023-10-02 15:00:05,12,15,21663,96187
2023-10-02 15:00:18,11,15,21663,96187
2023-10-02 15:00:18,11,14,21663,96187
2023-10-02 15:00:21,12,14,21663,96187
2023-10-02 15:00:22,11,14,21663,96187
2023-10-02 15:00:23,11,13,21663,96187
2023-10-02 15:00:43,11,14,21663,96187
2023-10-02 15:00:50,11,15,21663,96187
2023-10-02 15:00:50,12,15,21663,96187
2023-10-02 15:00:54,13,15,21663,96187
2023-10-02 15:01:00,12,15,21663,96187
2023-10-02 15:01:01,12,15,21729,96253
2023-10-02 15:01:03,12,14,21729,96253
2023-10-02 15:01:08,11,14,21729,96253
2023-10-02 15:01:08,11,13,21729,96253
2023-10-02 15:01:14,11,13,21795,96319
2023-10-02 15:01:22,12,13,21795,96319
2023-10-02 15:01:37,12,14,21795,96319
2023-10-02 15:01:53,12,15,21795,96319
2023-10-02 15:01:54,12,14,21795,96319
2023-10-02 15:02:02,12,15,21795,96319
2023-10-02 15:02:03,13,15,21795,96319
2023-10-02 15:02:09,12,15,21795,96319
2023-10-02 15:02:09,13,15,21795,96319
2023-10-02 15:02:22,14,15,21795,96319
2023-10-02 15:02:22,14,16,21795,96319
2023-10-02 15:02:24,14,17,21795,96319
2023-10-02 15:02:24,15,17,21795,96319
2023-10-02 15:02:31,14,17,21795,96319
2023-10-02 15:02:32,14,16,21795,96319
2023-10-02 15:02:33,14,15,21795,96319
2023-10-02 15:02:33,13,15,21795,96319
2023-10-02 15:02:56,12,15,21795,96319
2023-10-02 15:02:56,12,14,21795,96319
2023-10-02 15:03:27,12,13,21795,96319
2023-10-02 15:03:28,11,12,21861,96385
2023-10-02 15:03:31,10,11,21916,96440
2023-10-02 15:03:33,8,10,22266,96790
2023-10-02 15:03:34,8,11,22266,96790
2023-10-02 15:03:35,8,10,22266,96790
2023-10-02 15:04:08,7,8,22266,97190
2023-10-02 15:04:20,6,8,22266,97190
2023-10-02 15:04:27,6,7,22266,97190
2023-10-02 15:05:33,6,7,22266,97390
2023-10-02 15:06:33,6,7,22466,97590
2023-10-02 15:06:36,6,7,22466,97620
2023-10-02 15:07:16,6,7,22466,98020
2023-10-02 15:07:23,6,7,22799,98353
2023-10-02 15:07:39,6,7,22946,98753
2023-10-02 15:07:39,6,7,22946,98756
2023-10-02 15:07:40,6,9,23210,99020
2023-10-02 15:07:40,7,9,23210,99020
2023-10-02 15:07:44,8,9,23210,99020
2023-10-02 15:07:45,8,9,23150,99080
2023-10-02 15:07:50,8,10,23150,99080
2023-10-02 15:08:10,9,10,23150,99080
2023-10-02 15:08:10,9,11,23150,99080
2023-10-02 15:08:12,10,11,23150,99080
2023-10-02 15:08:12,10,12,23150,99080
2023-10-02 15:08:14,11,12,23150,99080
2023-10-02 15:08:38,10,12,23150,99080
2023-10-02 15:08:56,9,12,23150,99080
2023-10-02 15:09:07,10,12,23150,99080
2023-10-02 15:09:21,9,12,23150,99080
2023-10-02 15:09:23,10,12,23150,99080
2023-10-02 15:09:40,11,12,23150,99080
2023-10-02 15:09:45,12,14,23216,99146
2023-10-02 15:09:57,11,14,23216,99146
2023-10-02 15:10:15,12,14,23216,99146
2023-10-02 15:10:28,11,14,23216,99146
2023-10-02 15:10:31,11,14,23183,99179
2023-10-02 15:10:31,12,14,23183,99179
2023-10-02 15:10:34,11,14,23183,99179
2023-10-02 15:10:35,12,14,23183,99179
2023-10-02 15:11:07,11,14,23183,99179
2023-10-02 15:11:08,11,13,23183,99179
2023-10-02 15:11:11,12,13,23183,99179
2023-10-02 15:11:11,12,14,23183,99179
2023-10-02 15:11:34,11,14,23183,99179
2023-10-02 15:11:45,12,14,23183,99179
2023-10-02 15:12:09,12,13,23183,99179
2023-10-02 15:12:14,12,14,23183,99179
2023-10-02 15:12:42,12,15,23183,99179
2023-10-02 15:12:42,13,15,23183,99179
2023-10-02 15:12:44,13,15,23183,99524
2023-10-02 15:12:44,14,17,23183,99524
2023-10-02 15:12:45,15,17,23183,99524
2023-10-02 15:12:55,16,17,23183,99524
2023-10-02 15:13:13,15,17,23183,99524
2023-10-02 15:13:33,14,17,23183,99524
2023-10-02 15:13:33,14,16,23183,99524
2023-10-02 15:13:33,13,16,23183,99524
2023-10-02 15:13:35,13,17,23183,99524
2023-10-02 15:13:36,13,16,23183,99524
2023-10-02 15:13:37,13,17,23183,99524
2023-10-02 15:13:41,13,15,23183,99524
2023-10-02 15:13:42,12,15,23183,99524
2023-10-02 15:13:44,12,14,23183,99524
2023-10-02 15:13:46,12,13,23183,99524
2023-10-02 15:13:47,11,13,23183,99524
2023-10-02 15:13:51,10,13,23183,99524
2023-10-02 15:13:51,10,11,23183,99524
2023-10-02 15:13:51,9,11,23183,99524
2023-10-02 15:13:55,8,11,23183,99524
2023-10-02 15:13:59,8,9,23183,99524
2023-10-02 15:14:00,8,10,23183,99524
