datetime,bid,ask,open_interest,volume
2023-02-06 09:30:15,29,100,32,32
2023-02-06 09:30:15,29,35,32,32
2023-02-06 09:32:03,26,35,32,32
2023-02-06 09:32:03,27,35,32,32
2023-02-06 09:32:03,27,33,32,32
2023-02-06 09:32:09,27,35,32,32
2023-02-06 09:32:12,27,33,32,32
2023-02-06 09:32:48,27,35,32,32
2023-02-06 09:32:49,27,33,32,32
2023-02-06 09:34:01,27,35,32,32
2023-02-06 09:34:03,27,33,32,32
2023-02-06 09:34:05,27,35,32,32
2023-02-06 09:34:06,27,33,32,32
2023-02-06 09:34:08,27,35,32,32
2023-02-06 09:34:09,27,33,32,32
2023-02-06 09:34:30,27,35,32,32
2023-02-06 09:34:32,27,33,32,32
2023-02-06 09:34:33,27,35,32,32
2023-02-06 09:34:39,27,33,32,32
2023-02-06 09:34:41,27,35,32,32
2023-02-06 09:34:43,27,33,32,32
2023-02-06 09:35:49,25,33,32,32
2023-02-06 09:35:50,25,31,32,32
2023-02-06 09:35:50,25,33,32,32
2023-02-06 09:35:58,27,33,32,32
2023-02-06 09:36:16,25,27,47,47
2023-02-06 09:36:18,24,27,47,47
2023-02-06 09:36:34,25,27,47,47
2023-02-06 09:37:07,26,27,47,47
2023-02-06 09:37:17,26,32,47,47
2023-02-06 09:37:52,27,32,47,47
2023-02-06 09:37:52,27,34,47,47
2023-02-06 09:37:53,27,35,47,47
2023-02-06 09:37:53,27,33,47,47
2023-02-06 09:38:10,27,29,47,47
2023-02-06 09:39:47,26,29,47,47
2023-02-06 09:40:26,27,29,47,47
2023-02-06 09:40:43,27,33,47,47
2023-02-06 09:41:21,27,31,47,47
2023-02-06 09:41:59,26,31,47,47
2023-02-06 09:42:49,26,30,47,47
2023-02-06 09:42:49,25,30,47,47
2023-02-06 09:43:14,26,30,47,47
2023-02-06 09:43:42,27,30,47,47
2023-02-06 09:43:53,27,34,47,47
2023-02-06 09:43:53,27,31,47,47
2023-02-06 09:45:15,26,31,47,47
2023-02-06 09:45:21,26,32,47,47
2023-02-06 09:45:22,26,31,47,47
2023-02-06 09:45:41,26,30,47,47
2023-02-06 09:45:51,24,30,47,47
2023-02-06 09:45:52,25,30,47,47
2023-02-06 09:46:20,24,30,47,47
2023-02-06 09:46:21,24,29,47,47
2023-02-06 09:46:21,25,29,47,47
2023-02-06 09:46:48,25,32,47,47
2023-02-06 09:46:49,25,30,47,47
2023-02-06 09:47:49,24,30,47,47
2023-02-06 09:47:51,24,29,47,47
2023-02-06 09:48:10,25,29,47,47
2023-02-06 09:48:25,26,29,47,47
2023-02-06 09:48:41,27,29,47,47
2023-02-06 09:48:50,27,31,47,47
2023-02-06 09:49:19,27,32,47,47
2023-02-06 09:49:48,26,32,47,47
2023-02-06 09:49:48,26,31,47,47
2023-02-06 09:50:11,27,31,47,47
2023-02-06 09:50:23,27,30,47,47
2023-02-06 09:50:47,26,30,47,47
2023-02-06 09:50:48,26,32,47,47
2023-02-06 09:50:48,26,31,47,47
2023-02-06 09:51:20,25,31,47,47
2023-02-06 09:51:48,25,30,47,47
2023-02-06 09:52:22,26,30,47,47
2023-02-06 09:52:47,26,32,47,47
2023-02-06 09:52:48,26,31,47,47
2023-02-06 09:52:56,27,31,47,47
2023-02-06 09:53:19,28,31,47,47
2023-02-06 09:53:48,28,32,47,47
2023-02-06 09:54:01,29,32,47,47
2023-02-06 09:54:26,28,32,47,47
2023-02-06 09:55:03,27,32,47,47
2023-02-06 09:55:47,27,31,47,47
2023-02-06 09:55:59,28,31,47,47
2023-02-06 09:56:17,28,34,47,47
2023-02-06 09:56:17,28,32,47,47
2023-02-06 09:58:06,27,32,47,47
2023-02-06 09:58:50,27,33,47,47
2023-02-06 09:58:50,27,31,47,47
2023-02-06 09:59:17,27,32,47,47
2023-02-06 09:59:47,27,33,47,47
2023-02-06 09:59:50,27,31,47,47
2023-02-06 10:00:29,26,31,47,47
2023-02-06 10:01:17,25,31,47,47
2023-02-06 10:01:18,25,30,47,47
2023-02-06 10:01:48,25,32,47,47
2023-02-06 10:01:48,25,31,47,47
2023-02-06 10:01:49,25,29,47,47
2023-02-06 10:02:10,24,29,47,47
2023-02-06 10:02:17,24,30,47,47
2023-02-06 10:02:17,25,30,47,47
2023-02-06 10:02:46,25,31,47,47
2023-02-06 10:02:46,25,29,47,47
2023-02-06 10:02:52,24,29,47,47
2023-02-06 10:04:12,24,28,47,47
2023-02-06 10:04:26,24,29,47,47
2023-02-06 10:04:29,24,28,47,47
2023-02-06 10:04:43,24,29,47,47
2023-02-06 10:04:48,24,28,47,47
2023-02-06 10:04:48,22,28,47,47
2023-02-06 10:04:48,23,28,47,47
2023-02-06 10:05:20,23,29,47,47
2023-02-06 10:05:20,24,29,47,47
2023-02-06 10:05:41,25,29,47,47
2023-02-06 10:06:21,25,30,47,47
2023-02-06 10:07:25,25,29,47,47
2023-02-06 10:07:46,23,29,47,47
2023-02-06 10:07:47,24,29,47,47
2023-02-06 10:07:53,24,28,47,47
2023-02-06 10:07:56,24,29,47,47
2023-02-06 10:08:07,24,28,47,47
2023-02-06 10:08:10,24,29,47,47
2023-02-06 10:08:20,22,29,47,47
2023-02-06 10:08:20,23,29,47,47
2023-02-06 10:08:21,23,28,47,47
2023-02-06 10:08:47,23,27,47,47
2023-02-06 10:08:48,22,27,47,47
2023-02-06 10:09:49,23,27,47,47
2023-02-06 10:10:08,23,28,47,47
2023-02-06 10:10:22,23,29,47,47
2023-02-06 10:10:23,23,27,47,47
2023-02-06 10:10:23,22,27,47,47
2023-02-06 10:10:40,23,27,47,47
2023-02-06 10:10:46,24,27,47,47
2023-02-06 10:10:49,24,30,47,47
2023-02-06 10:10:49,24,28,47,47
2023-02-06 10:11:07,25,28,47,47
2023-02-06 10:11:18,25,30,47,47
2023-02-06 10:11:18,25,31,47,47
2023-02-06 10:11:18,25,29,47,47
2023-02-06 10:11:43,26,29,47,47
2023-02-06 10:11:48,26,32,47,47
2023-02-06 10:11:48,26,30,47,47
2023-02-06 10:11:55,27,30,47,47
2023-02-06 10:12:03,26,30,47,47
2023-02-06 10:12:18,26,32,47,47
2023-02-06 10:12:19,26,31,47,47
2023-02-06 10:12:47,26,32,47,47
2023-02-06 10:12:47,25,32,47,47
2023-02-06 10:12:48,25,30,47,47
2023-02-06 10:13:16,25,31,47,47
2023-02-06 10:13:47,25,32,47,47
2023-02-06 10:13:47,25,30,47,47
2023-02-06 10:13:59,26,30,47,47
2023-02-06 10:14:12,27,30,47,47
2023-02-06 10:14:50,27,32,47,47
2023-02-06 10:15:07,28,32,47,47
2023-02-06 10:15:22,29,32,47,47
2023-02-06 10:15:48,29,34,47,47
2023-02-06 10:15:52,30,34,47,47
2023-02-06 10:17:17,30,36,47,47
2023-02-06 10:17:18,30,37,47,47
2023-02-06 10:17:18,30,35,47,47
2023-02-06 10:18:18,30,37,47,47
2023-02-06 10:18:19,30,34,47,47
2023-02-06 10:18:47,30,36,47,47
2023-02-06 10:18:47,30,37,47,47
2023-02-06 10:18:48,30,35,47,47
2023-02-06 10:19:15,31,35,47,47
2023-02-06 10:21:20,31,37,47,47
2023-02-06 10:21:25,31,36,47,47
2023-02-06 10:22:28,32,36,47,47
2023-02-06 10:29:46,32,38,47,47
2023-02-06 10:29:46,32,37,47,47
2023-02-06 10:30:24,32,39,47,47
2023-02-06 10:30:24,32,38,47,47
2023-02-06 10:30:26,32,36,47,47
2023-02-06 10:30:49,32,39,47,47
2023-02-06 10:30:49,32,37,47,47
2023-02-06 10:31:21,32,36,47,47
2023-02-06 10:31:32,31,36,47,47
2023-02-06 10:32:49,31,37,47,47
2023-02-06 10:32:50,31,35,47,47
2023-02-06 10:33:53,31,36,47,47
2023-02-06 10:34:12,32,36,47,47
2023-02-06 10:34:52,32,39,47,47
2023-02-06 10:34:53,32,37,47,47
2023-02-06 10:37:23,33,37,47,47
2023-02-06 10:37:55,33,36,47,47
2023-02-06 10:41:10,33,38,47,47
2023-02-06 10:41:19,33,37,47,47
2023-02-06 10:42:40,33,36,47,47
2023-02-06 10:43:16,34,36,47,47
2023-02-06 10:43:42,34,36,47,62
2023-02-06 10:47:18,34,37,47,62
2023-02-06 10:47:54,34,36,47,62
2023-02-06 10:48:25,34,39,47,62
2023-02-06 10:48:27,34,37,47,62
2023-02-06 10:48:47,34,38,47,62
2023-02-06 10:48:57,34,37,47,62
2023-02-06 10:49:20,34,38,47,62
2023-02-06 10:49:27,34,37,47,62
2023-02-06 10:50:36,34,38,47,62
2023-02-06 10:50:38,34,37,47,62
2023-02-06 10:51:02,34,38,47,62
2023-02-06 10:51:02,34,37,47,62
2023-02-06 10:51:19,33,37,47,62
2023-02-06 10:51:26,33,36,47,62
2023-02-06 10:51:26,32,36,47,62
2023-02-06 10:51:52,31,36,47,62
2023-02-06 10:51:55,30,36,47,62
2023-02-06 10:52:20,30,35,47,62
2023-02-06 10:52:35,31,35,47,62
2023-02-06 10:53:37,30,35,47,62
2023-02-06 10:54:17,30,36,47,62
2023-02-06 10:54:18,30,34,47,62
2023-02-06 10:54:19,31,34,47,62
2023-02-06 10:54:47,31,36,47,62
2023-02-06 10:54:48,31,35,47,62
2023-02-06 10:54:51,30,35,47,62
2023-02-06 10:55:22,30,36,47,62
2023-02-06 10:55:23,30,34,47,62
2023-02-06 10:55:46,31,34,47,62
2023-02-06 10:55:49,31,35,47,62
2023-02-06 10:56:13,30,35,47,62
2023-02-06 10:56:16,29,35,47,62
2023-02-06 10:56:21,30,35,47,62
2023-02-06 10:56:49,29,35,47,62
2023-02-06 10:56:51,29,34,47,62
2023-02-06 10:57:18,29,35,47,62
2023-02-06 10:57:19,29,33,47,62
2023-02-06 10:57:49,29,35,47,62
2023-02-06 10:57:49,29,34,47,62
2023-02-06 10:58:01,28,34,47,62
2023-02-06 10:58:14,29,34,47,62
2023-02-06 10:58:18,29,35,47,62
2023-02-06 10:58:21,29,33,47,62
2023-02-06 10:59:17,29,35,47,62
2023-02-06 10:59:18,29,34,47,62
2023-02-06 10:59:48,29,35,47,62
2023-02-06 11:00:26,29,34,47,62
2023-02-06 11:00:47,30,34,47,62
2023-02-06 11:01:12,29,34,47,62
2023-02-06 11:01:20,29,35,47,62
2023-02-06 11:01:22,30,35,47,62
2023-02-06 11:02:19,30,36,47,62
2023-02-06 11:02:20,30,35,47,62
2023-02-06 11:02:48,31,35,47,62
2023-02-06 11:03:20,31,37,47,62
2023-02-06 11:03:21,31,36,47,62
2023-02-06 11:03:49,30,36,47,62
2023-02-06 11:03:52,30,35,47,62
2023-02-06 11:03:58,31,35,47,62
2023-02-06 11:04:49,31,37,47,62
2023-02-06 11:04:51,31,36,47,62
2023-02-06 11:05:01,32,36,47,62
2023-02-06 11:05:29,31,36,47,62
2023-02-06 11:06:05,30,36,47,62
2023-02-06 11:06:11,30,35,47,62
2023-02-06 11:06:31,30,33,47,62
2023-02-06 11:06:32,26,33,47,62
2023-02-06 11:06:32,27,33,47,62
2023-02-06 11:06:32,29,33,47,62
2023-02-06 11:06:33,29,32,47,62
2023-02-06 11:07:23,26,32,47,62
2023-02-06 11:07:43,28,32,47,62
2023-02-06 11:08:22,28,35,47,62
2023-02-06 11:08:22,28,33,47,62
2023-02-06 11:08:52,28,35,47,62
2023-02-06 11:08:53,28,34,47,62
2023-02-06 11:08:57,30,34,47,62
2023-02-06 11:09:48,29,34,47,62
2023-02-06 11:09:48,32,34,47,62
2023-02-06 11:09:48,32,36,47,62
2023-02-06 11:09:48,32,38,47,62
2023-02-06 11:09:49,32,37,47,62
2023-02-06 11:09:51,32,35,47,62
2023-02-06 11:10:27,32,37,47,62
2023-02-06 11:10:52,32,36,47,62
2023-02-06 11:10:53,31,36,47,62
2023-02-06 11:11:24,32,36,47,62
2023-02-06 11:11:49,32,38,47,62
2023-02-06 11:11:49,32,37,47,62
2023-02-06 11:12:48,32,39,47,62
2023-02-06 11:12:49,32,38,47,62
2023-02-06 11:13:21,32,37,47,62
2023-02-06 11:14:19,32,38,47,62
2023-02-06 11:14:49,33,38,47,62
2023-02-06 11:15:14,33,37,47,62
2023-02-06 11:15:21,33,38,47,62
2023-02-06 11:15:23,33,37,47,62
2023-02-06 11:15:24,32,37,47,62
2023-02-06 11:15:50,30,37,47,62
2023-02-06 11:15:51,31,37,47,62
2023-02-06 11:16:18,31,36,47,62
2023-02-06 11:16:35,31,32,47,62
2023-02-06 11:17:35,31,32,47,80
2023-02-06 11:17:40,31,36,47,80
2023-02-06 11:17:40,31,35,47,80
2023-02-06 11:17:49,30,35,47,80
2023-02-06 11:18:06,30,31,47,80
2023-02-06 11:18:18,28,31,47,80
2023-02-06 11:18:20,29,31,47,80
2023-02-06 11:18:48,28,31,47,80
2023-02-06 11:19:07,28,32,47,80
2023-02-06 11:19:07,28,29,47,80
2023-02-06 11:19:44,28,31,47,80
2023-02-06 11:19:44,28,31,51,98
2023-02-06 11:19:52,25,31,51,98
2023-02-06 11:20:05,26,31,51,98
2023-02-06 11:20:07,26,29,51,98
2023-02-06 11:20:38,26,30,51,98
2023-02-06 11:20:50,27,30,51,98
2023-02-06 11:21:19,26,30,51,98
2023-02-06 11:21:38,26,29,51,98
2023-02-06 11:22:14,26,30,51,98
2023-02-06 11:22:39,26,29,51,98
2023-02-06 11:24:41,26,28,51,98
2023-02-06 11:25:12,26,29,51,98
2023-02-06 11:25:41,26,28,51,98
2023-02-06 11:26:24,24,28,51,98
2023-02-06 11:27:12,22,28,51,98
2023-02-06 11:27:14,22,29,51,98
2023-02-06 11:27:14,22,28,51,98
2023-02-06 11:27:24,22,27,51,98
2023-02-06 11:27:43,20,26,51,98
2023-02-06 11:27:47,23,26,51,98
2023-02-06 11:28:04,20,26,51,98
2023-02-06 11:29:26,21,26,51,98
2023-02-06 11:29:48,21,27,51,98
2023-02-06 11:30:05,21,26,51,98
2023-02-06 11:30:15,21,25,51,98
2023-02-06 11:30:59,21,27,51,98
2023-02-06 11:31:16,20,26,51,98
2023-02-06 11:31:46,20,27,51,98
2023-02-06 11:31:47,20,29,51,98
2023-02-06 11:31:47,20,26,51,98
2023-02-06 11:32:09,20,25,51,98
2023-02-06 11:32:16,20,24,51,98
2023-02-06 11:32:18,19,24,51,98
2023-02-06 11:33:00,19,23,51,98
2023-02-06 11:33:21,19,24,51,98
2023-02-06 11:33:46,20,24,51,98
2023-02-06 11:33:59,20,26,51,98
2023-02-06 11:34:02,21,26,51,98
2023-02-06 11:34:24,21,27,51,98
2023-02-06 11:34:25,22,27,51,98
2023-02-06 11:35:22,22,29,51,98
2023-02-06 11:36:44,24,29,51,98
2023-02-06 11:36:45,24,31,51,98
2023-02-06 11:36:46,24,30,51,98
2023-02-06 11:36:49,24,31,51,98
2023-02-06 11:36:51,24,30,51,98
2023-02-06 11:37:05,24,29,51,98
2023-02-06 11:37:05,21,29,51,98
2023-02-06 11:37:06,22,29,51,98
2023-02-06 11:38:17,22,28,51,98
2023-02-06 11:38:30,22,30,51,98
2023-02-06 11:38:40,24,30,51,98
2023-02-06 11:38:41,24,31,51,98
2023-02-06 11:38:41,24,30,51,98
2023-02-06 11:38:43,24,31,51,98
2023-02-06 11:38:44,24,30,51,98
2023-02-06 11:39:16,24,31,51,98
2023-02-06 11:39:16,22,31,51,98
2023-02-06 11:39:17,22,29,51,98
2023-02-06 11:40:08,24,29,51,98
2023-02-06 11:40:08,24,31,51,98
2023-02-06 11:40:10,24,30,51,98
2023-02-06 11:40:18,24,31,51,98
2023-02-06 11:40:38,21,31,51,98
2023-02-06 11:40:38,21,33,51,98
2023-02-06 11:40:38,26,33,51,98
2023-02-06 11:41:06,26,32,51,98
2023-02-06 11:41:06,26,33,51,98
2023-02-06 11:41:10,26,32,51,98
2023-02-06 11:41:10,26,33,51,98
2023-02-06 11:42:32,26,32,51,98
2023-02-06 11:42:43,21,32,51,98
2023-02-06 11:42:43,24,32,51,98
2023-02-06 11:42:43,24,33,51,98
2023-02-06 11:42:43,24,31,51,98
2023-02-06 11:42:53,26,31,51,98
2023-02-06 11:43:19,24,31,51,98
2023-02-06 11:43:20,24,30,51,98
2023-02-06 11:43:20,25,30,51,98
2023-02-06 11:43:51,25,31,51,98
2023-02-06 11:43:52,24,31,51,98
2023-02-06 11:43:52,26,31,51,98
2023-02-06 11:45:52,24,31,51,98
2023-02-06 11:45:52,24,30,51,98
2023-02-06 11:45:54,25,30,51,98
2023-02-06 11:45:59,26,30,51,98
2023-02-06 11:46:18,26,33,51,98
2023-02-06 11:46:19,26,31,51,98
2023-02-06 11:46:23,27,31,51,98
2023-02-06 11:46:35,27,31,102,153
2023-02-06 11:46:38,28,31,102,153
2023-02-06 11:46:48,28,32,102,153
2023-02-06 11:47:18,27,32,102,153
2023-02-06 11:47:19,27,33,102,153
2023-02-06 11:47:19,28,33,102,153
2023-02-06 11:47:47,27,33,102,153
2023-02-06 11:47:48,27,31,102,153
2023-02-06 11:48:14,28,31,102,153
2023-02-06 11:48:18,28,33,102,153
2023-02-06 11:48:19,28,35,102,153
2023-02-06 11:48:19,28,34,102,153
2023-02-06 11:48:20,28,32,102,153
2023-02-06 11:48:31,27,32,102,153
2023-02-06 11:48:31,30,32,102,153
2023-02-06 11:48:47,30,34,102,153
2023-02-06 11:49:14,29,34,102,153
2023-02-06 11:49:14,32,34,102,153
2023-02-06 11:49:18,32,38,102,153
2023-02-06 11:49:18,32,37,102,153
2023-02-06 11:49:18,32,35,102,153
2023-02-06 11:49:48,32,38,102,153
2023-02-06 11:49:48,32,36,102,153
2023-02-06 11:50:50,32,39,102,153
2023-02-06 11:50:50,32,38,102,153
2023-02-06 11:50:50,32,37,102,153
2023-02-06 11:51:19,32,36,102,153
2023-02-06 11:51:42,31,36,102,153
2023-02-06 11:52:18,31,35,102,153
2023-02-06 11:52:20,30,35,102,153
2023-02-06 11:52:47,30,34,102,153
2023-02-06 11:52:48,28,34,102,153
2023-02-06 11:53:06,30,34,102,153
2023-02-06 11:53:18,30,33,102,153
2023-02-06 11:53:51,30,35,102,153
2023-02-06 11:54:17,30,37,102,153
2023-02-06 11:54:21,30,36,102,153
2023-02-06 11:54:37,32,36,102,153
2023-02-06 11:55:33,32,33,102,153
2023-02-06 11:55:46,32,36,102,153
2023-02-06 11:55:48,32,38,102,153
2023-02-06 11:55:48,32,36,102,153
2023-02-06 11:55:53,32,33,102,153
2023-02-06 11:56:13,32,36,102,153
2023-02-06 11:56:14,32,33,102,153
2023-02-06 11:56:28,32,36,102,153
2023-02-06 11:56:34,32,34,102,153
2023-02-06 11:56:37,31,34,102,153
2023-02-06 11:56:37,34,36,110,161
2023-02-06 11:56:54,34,35,110,161
2023-02-06 11:57:06,34,36,110,161
2023-02-06 11:57:07,34,36,132,183
2023-02-06 11:57:07,31,36,132,183
2023-02-06 11:57:19,31,38,132,183
2023-02-06 11:57:19,33,38,132,183
2023-02-06 11:57:21,33,36,132,183
2023-02-06 11:57:33,33,38,132,183
2023-02-06 11:57:35,33,37,132,183
2023-02-06 11:57:49,33,38,132,183
2023-02-06 11:57:50,33,39,132,183
2023-02-06 11:57:50,35,39,132,183
2023-02-06 11:57:56,35,36,132,183
2023-02-06 11:58:12,35,39,132,183
2023-02-06 11:58:12,35,38,132,183
2023-02-06 11:58:16,35,39,132,183
2023-02-06 11:58:18,35,38,132,183
2023-02-06 11:58:19,35,36,132,183
2023-02-06 11:58:31,35,37,132,183
2023-02-06 11:58:31,35,38,132,183
2023-02-06 11:58:36,35,38,132,191
2023-02-06 11:58:46,33,38,132,191
2023-02-06 11:58:57,33,36,132,191
2023-02-06 11:59:08,33,39,132,191
2023-02-06 11:59:19,34,39,132,191
2023-02-06 11:59:22,34,37,132,191
2023-02-06 11:59:37,34,39,132,191
2023-02-06 11:59:37,34,36,132,191
2023-02-06 12:00:04,34,39,132,191
2023-02-06 12:00:06,34,36,132,191
2023-02-06 12:00:26,34,39,132,191
2023-02-06 12:00:26,34,36,132,191
2023-02-06 12:00:37,34,39,132,191
2023-02-06 12:00:38,32,39,132,191
2023-02-06 12:00:40,34,39,132,191
2023-02-06 12:00:47,34,37,132,191
2023-02-06 12:00:57,35,37,132,191
2023-02-06 12:01:03,35,39,132,191
2023-02-06 12:01:06,35,38,132,191
2023-02-06 12:01:24,35,40,132,191
2023-02-06 12:01:27,35,38,132,191
2023-02-06 12:01:48,35,40,132,191
2023-02-06 12:01:49,35,38,132,191
2023-02-06 12:02:01,35,40,132,191
2023-02-06 12:02:02,36,40,132,191
2023-02-06 12:02:08,36,38,132,191
2023-02-06 12:02:20,36,41,132,191
2023-02-06 12:02:29,36,39,132,191
2023-02-06 12:02:47,35,41,132,191
2023-02-06 12:02:47,35,42,132,191
2023-02-06 12:02:48,37,42,132,191
2023-02-06 12:02:50,37,39,132,191
2023-02-06 12:03:09,37,41,132,191
2023-02-06 12:03:09,37,38,132,191
2023-02-06 12:03:21,37,41,132,191
2023-02-06 12:03:29,37,38,132,191
2023-02-06 12:03:48,37,41,132,191
2023-02-06 12:03:48,35,41,132,191
2023-02-06 12:03:49,36,41,132,191
2023-02-06 12:03:51,36,42,132,191
2023-02-06 12:03:51,36,38,132,191
2023-02-06 12:04:10,36,40,132,191
2023-02-06 12:04:10,36,38,132,191
2023-02-06 12:04:21,36,40,132,191
2023-02-06 12:04:30,36,37,132,191
2023-02-06 12:04:45,36,40,132,191
2023-02-06 12:04:52,36,41,132,191
2023-02-06 12:04:53,36,38,132,191
2023-02-06 12:05:05,36,40,132,191
2023-02-06 12:05:11,36,38,132,191
2023-02-06 12:05:22,36,40,132,191
2023-02-06 12:05:33,36,37,132,191
2023-02-06 12:05:49,36,39,132,191
2023-02-06 12:05:53,36,37,132,191
2023-02-06 12:06:12,36,39,132,191
2023-02-06 12:06:12,36,39,132,199
2023-02-06 12:06:20,35,39,132,199
2023-02-06 12:06:32,35,37,132,199
2023-02-06 12:06:44,35,38,132,199
2023-02-06 12:06:58,35,36,132,199
2023-02-06 12:07:11,35,38,132,199
2023-02-06 12:07:13,35,36,132,199
2023-02-06 12:07:30,35,38,132,199
2023-02-06 12:07:34,35,36,132,199
2023-02-06 12:07:52,35,38,132,199
2023-02-06 12:07:58,35,38,140,207
2023-02-06 12:08:10,34,38,140,207
2023-02-06 12:08:15,34,36,140,207
2023-02-06 12:08:21,32,36,140,207
2023-02-06 12:08:21,33,36,140,207
2023-02-06 12:08:35,33,38,140,207
2023-02-06 12:08:35,33,36,140,207
2023-02-06 12:08:49,33,38,140,207
2023-02-06 12:08:49,33,39,140,207
2023-02-06 12:08:51,35,39,140,207
2023-02-06 12:09:00,35,37,140,207
2023-02-06 12:09:13,35,39,140,207
2023-02-06 12:09:13,35,38,140,207
2023-02-06 12:09:16,35,36,140,207
2023-02-06 12:09:36,35,38,140,207
2023-02-06 12:09:36,35,36,140,207
2023-02-06 12:09:49,35,38,140,207
2023-02-06 12:09:51,34,38,140,207
2023-02-06 12:09:52,34,36,140,207
2023-02-06 12:10:11,34,37,140,207
2023-02-06 12:10:11,34,35,140,207
2023-02-06 12:10:24,34,36,140,207
2023-02-06 12:10:43,34,37,140,207
2023-02-06 12:10:50,32,37,140,207
2023-02-06 12:10:51,33,37,140,207
2023-02-06 12:10:52,33,36,140,207
2023-02-06 12:11:06,33,37,140,207
2023-02-06 12:11:12,33,35,140,207
2023-02-06 12:11:30,33,36,140,207
2023-02-06 12:11:32,33,35,140,207
2023-02-06 12:11:44,33,36,140,207
2023-02-06 12:11:47,31,36,140,207
2023-02-06 12:11:48,30,36,140,207
2023-02-06 12:11:49,32,36,140,207
2023-02-06 12:12:07,32,37,140,207
2023-02-06 12:12:14,32,35,140,207
2023-02-06 12:12:20,34,35,140,207
2023-02-06 12:12:33,34,36,140,207
2023-02-06 12:12:34,34,35,140,207
2023-02-06 12:12:48,34,36,140,207
2023-02-06 12:12:49,32,36,140,207
2023-02-06 12:12:54,32,35,140,207
2023-02-06 12:13:08,32,36,140,207
2023-02-06 12:13:14,32,35,140,207
2023-02-06 12:13:19,31,35,140,207
2023-02-06 12:13:20,33,35,140,207
2023-02-06 12:13:35,33,36,140,207
2023-02-06 12:13:35,33,35,140,207
2023-02-06 12:13:50,33,36,140,207
2023-02-06 12:14:16,33,37,140,207
2023-02-06 12:14:16,33,36,140,207
2023-02-06 12:14:27,33,37,140,207
2023-02-06 12:14:36,33,36,140,207
2023-02-06 12:14:49,33,37,140,207
2023-02-06 12:14:49,32,37,140,207
2023-02-06 12:14:50,34,37,140,207
2023-02-06 12:14:57,34,36,140,207
2023-02-06 12:15:08,34,37,140,207
2023-02-06 12:15:28,34,38,140,207
2023-02-06 12:15:38,34,37,140,207
2023-02-06 12:15:50,34,38,140,207
2023-02-06 12:15:52,32,38,140,207
2023-02-06 12:15:52,33,38,140,207
2023-02-06 12:15:52,35,38,140,207
2023-02-06 12:15:58,35,36,140,207
2023-02-06 12:16:14,35,37,140,207
2023-02-06 12:16:22,33,37,140,207
2023-02-06 12:16:23,34,37,140,207
2023-02-06 12:16:33,34,38,140,207
2023-02-06 12:16:38,34,36,140,207
2023-02-06 12:16:50,34,37,140,207
2023-02-06 12:16:59,34,35,140,207
2023-02-06 12:17:16,34,36,140,207
2023-02-06 12:17:22,32,36,140,207
2023-02-06 12:17:23,33,36,140,207
2023-02-06 12:17:39,33,37,140,207
2023-02-06 12:17:39,33,36,140,207
2023-02-06 12:17:50,32,36,140,207
2023-02-06 12:17:51,34,37,140,207
2023-02-06 12:18:16,34,38,140,207
2023-02-06 12:18:20,32,38,140,207
2023-02-06 12:18:20,35,38,140,207
2023-02-06 12:18:39,35,39,140,207
2023-02-06 12:18:42,35,37,140,207
2023-02-06 12:18:49,33,37,140,207
2023-02-06 12:18:49,34,37,140,207
2023-02-06 12:18:49,36,37,140,207
2023-02-06 12:18:58,36,38,140,207
2023-02-06 12:19:16,36,39,140,207
2023-02-06 12:19:22,36,38,140,207
2023-02-06 12:19:40,36,39,140,207
2023-02-06 12:19:42,36,38,140,207
2023-02-06 12:19:48,34,38,140,207
2023-02-06 12:19:49,35,38,140,207
2023-02-06 12:19:50,37,38,140,207
2023-02-06 12:19:55,37,39,140,207
2023-02-06 12:20:04,37,42,140,207
2023-02-06 12:20:04,37,39,140,207
2023-02-06 12:20:22,37,40,140,207
2023-02-06 12:20:23,37,39,140,207
2023-02-06 12:20:26,35,39,140,207
2023-02-06 12:20:27,38,39,140,207
2023-02-06 12:20:27,38,39,142,209
2023-02-06 12:20:39,38,40,142,209
2023-02-06 12:20:43,38,39,142,209
2023-02-06 12:21:03,38,40,142,209
2023-02-06 12:21:05,38,43,142,209
2023-02-06 12:21:06,38,39,142,209
2023-02-06 12:21:18,38,40,142,209
2023-02-06 12:21:35,38,41,142,209
2023-02-06 12:21:44,38,39,142,209
2023-02-06 12:22:06,38,43,142,209
2023-02-06 12:22:06,38,39,142,209
2023-02-06 12:22:18,38,40,142,209
2023-02-06 12:22:19,37,40,142,209
2023-02-06 12:22:25,37,39,142,209
2023-02-06 12:22:36,37,40,142,209
2023-02-06 12:22:49,38,40,142,209
2023-02-06 12:23:06,38,41,142,209
2023-02-06 12:23:08,38,42,142,209
2023-02-06 12:23:10,38,39,142,209
2023-02-06 12:23:21,38,40,142,209
2023-02-06 12:23:26,38,40,142,217
2023-02-06 12:23:26,38,39,142,217
2023-02-06 12:23:46,38,39,142,225
2023-02-06 12:23:52,36,39,142,225
2023-02-06 12:24:09,36,41,142,225
2023-02-06 12:24:11,36,38,142,225
2023-02-06 12:24:25,36,39,142,225
2023-02-06 12:24:41,36,40,142,225
2023-02-06 12:24:48,37,40,142,225
2023-02-06 12:24:49,37,39,142,225
2023-02-06 12:25:11,37,42,142,225
2023-02-06 12:25:12,37,38,142,225
2023-02-06 12:25:20,37,39,150,233
2023-02-06 12:25:34,38,39,150,233
2023-02-06 12:25:42,38,40,150,233
2023-02-06 12:25:49,38,40,158,241
2023-02-06 12:25:50,38,42,158,241
2023-02-06 12:25:50,38,39,158,241
2023-02-06 12:26:12,38,41,158,241
2023-02-06 12:26:12,38,41,166,249
2023-02-06 12:26:13,37,38,170,253
2023-02-06 12:26:19,36,38,170,253
2023-02-06 12:26:50,36,39,170,253
2023-02-06 12:26:50,36,37,170,253
2023-02-06 12:27:07,36,38,170,253
2023-02-06 12:27:12,36,41,170,253
2023-02-06 12:27:13,36,38,170,253
2023-02-06 12:27:27,36,39,170,253
2023-02-06 12:27:31,36,38,170,253
2023-02-06 12:27:43,36,39,170,253
2023-02-06 12:27:51,34,39,170,253
2023-02-06 12:27:51,33,39,170,253
2023-02-06 12:27:52,37,39,170,253
2023-02-06 12:27:53,37,38,170,253
2023-02-06 12:28:04,37,39,170,253
2023-02-06 12:28:13,37,39,170,261
2023-02-06 12:28:14,37,41,170,261
2023-02-06 12:28:14,37,38,170,261
2023-02-06 12:28:22,35,38,170,261
2023-02-06 12:28:23,36,38,170,261
2023-02-06 12:28:51,36,39,170,261
2023-02-06 12:28:54,36,38,170,261
2023-02-06 12:29:14,36,39,170,261
2023-02-06 12:29:14,36,38,170,261
2023-02-06 12:29:28,36,39,170,261
2023-02-06 12:29:48,36,40,170,261
2023-02-06 12:29:49,34,40,170,261
2023-02-06 12:29:51,35,40,170,261
2023-02-06 12:29:51,37,40,170,261
2023-02-06 12:29:54,37,39,170,261
2023-02-06 12:30:15,37,40,170,261
2023-02-06 12:30:15,37,38,170,261
2023-02-06 12:30:30,37,39,170,261
2023-02-06 12:30:34,37,38,170,261
2023-02-06 12:30:47,37,39,170,261
2023-02-06 12:30:51,35,39,170,261
2023-02-06 12:30:51,36,39,170,261
2023-02-06 12:30:54,36,37,170,261
2023-02-06 12:31:08,36,38,170,261
2023-02-06 12:31:16,36,38,170,269
2023-02-06 12:31:17,36,38,170,279
2023-02-06 12:31:18,34,38,170,279
2023-02-06 12:31:18,31,38,170,279
2023-02-06 12:31:19,33,38,170,279
2023-02-06 12:31:19,35,38,170,279
2023-02-06 12:31:35,35,38,170,287
2023-02-06 12:31:36,35,36,170,287
2023-02-06 12:31:48,33,36,170,287
2023-02-06 12:32:17,33,38,170,287
2023-02-06 12:32:17,33,36,170,287
2023-02-06 12:32:36,33,37,170,287
2023-02-06 12:32:36,33,36,170,287
2023-02-06 12:32:49,33,37,170,287
2023-02-06 12:32:53,31,37,170,287
2023-02-06 12:32:53,33,37,170,287
2023-02-06 12:32:57,33,35,170,287
2023-02-06 12:33:17,33,36,170,287
2023-02-06 12:33:17,33,35,170,287
2023-02-06 12:33:27,32,35,170,287
2023-02-06 12:33:37,32,36,170,287
2023-02-06 12:33:37,32,35,170,287
2023-02-06 12:33:52,32,36,170,287
2023-02-06 12:34:10,32,37,170,287
2023-02-06 12:34:18,33,37,170,287
2023-02-06 12:34:18,33,36,170,287
2023-02-06 12:34:38,33,37,170,287
2023-02-06 12:34:38,33,36,170,287
2023-02-06 12:34:49,33,37,170,287
2023-02-06 12:34:58,33,36,170,287
2023-02-06 12:35:19,33,37,170,287
2023-02-06 12:35:19,33,35,170,287
2023-02-06 12:35:39,33,36,170,287
2023-02-06 12:35:55,33,37,170,287
2023-02-06 12:35:56,32,37,170,287
2023-02-06 12:35:59,32,35,170,287
2023-02-06 12:36:12,32,36,170,287
2023-02-06 12:36:20,32,35,170,287
2023-02-06 12:36:41,32,36,170,287
2023-02-06 12:36:41,32,34,170,287
2023-02-06 12:36:50,30,34,170,287
2023-02-06 12:36:51,31,34,170,287
2023-02-06 12:36:52,31,35,170,287
2023-02-06 12:37:17,31,36,170,287
2023-02-06 12:37:18,30,36,170,287
2023-02-06 12:37:18,32,36,170,287
2023-02-06 12:37:22,32,34,170,287
2023-02-06 12:37:41,32,35,170,287
2023-02-06 12:37:57,32,36,170,287
2023-02-06 12:38:02,32,34,170,287
2023-02-06 12:38:19,31,34,170,287
2023-02-06 12:38:23,31,33,170,287
2023-02-06 12:38:34,31,34,170,287
2023-02-06 12:38:42,31,33,170,287
2023-02-06 12:38:50,29,33,170,287
2023-02-06 12:39:03,30,34,170,287
2023-02-06 12:39:17,29,35,170,287
2023-02-06 12:39:17,31,35,170,287
2023-02-06 12:39:23,32,35,170,287
2023-02-06 12:39:36,31,36,170,287
2023-02-06 12:39:44,31,35,170,287
2023-02-06 12:39:50,33,35,170,287
2023-02-06 12:40:04,33,36,170,287
2023-02-06 12:40:24,31,36,170,287
2023-02-06 12:40:25,32,36,170,287
2023-02-06 12:40:25,32,35,170,287
2023-02-06 12:40:38,32,36,170,287
2023-02-06 12:40:45,32,35,170,287
2023-02-06 12:41:03,32,36,170,287
2023-02-06 12:41:05,32,35,170,287
2023-02-06 12:41:18,32,36,170,287
2023-02-06 12:41:20,32,34,170,287
2023-02-06 12:41:49,30,34,170,287
2023-02-06 12:42:06,30,33,170,287
2023-02-06 12:42:18,30,34,170,287
2023-02-06 12:42:45,30,35,170,287
2023-02-06 12:42:49,31,35,170,287
2023-02-06 12:42:49,31,36,170,287
2023-02-06 12:43:03,31,35,170,287
2023-02-06 12:43:28,31,36,170,287
2023-02-06 12:43:28,31,35,170,287
2023-02-06 12:43:41,31,36,170,287
2023-02-06 12:43:47,32,36,170,287
2023-02-06 12:44:07,32,37,170,287
2023-02-06 12:44:09,32,35,170,287
2023-02-06 12:44:21,32,36,170,287
2023-02-06 12:44:37,33,36,170,287
2023-02-06 12:44:43,33,37,170,287
2023-02-06 12:44:49,35,37,170,287
2023-02-06 12:44:50,35,38,170,287
2023-02-06 12:45:06,35,39,170,287
2023-02-06 12:45:11,35,38,170,287
2023-02-06 12:45:21,36,38,170,287
2023-02-06 12:45:30,36,39,170,287
2023-02-06 12:45:30,36,37,170,287
2023-02-06 12:45:42,36,38,170,287
2023-02-06 12:45:47,34,38,170,287
2023-02-06 12:45:47,33,38,170,287
2023-02-06 12:45:48,35,38,170,287
2023-02-06 12:45:52,35,36,170,287
2023-02-06 12:46:05,35,37,170,287
2023-02-06 12:46:11,35,37,171,295
2023-02-06 12:46:12,35,36,171,295
2023-02-06 12:46:17,33,36,171,295
2023-02-06 12:46:17,31,36,171,295
2023-02-06 12:46:18,32,36,171,295
2023-02-06 12:46:18,34,36,171,295
2023-02-06 12:46:24,34,35,171,295
2023-02-06 12:46:31,34,35,179,303
2023-02-06 12:46:47,32,35,179,303
2023-02-06 12:46:47,30,35,179,303
2023-02-06 12:46:53,30,34,179,303
2023-02-06 12:47:12,30,35,179,303
2023-02-06 12:47:12,30,34,179,303
2023-02-06 12:47:17,31,34,179,303
2023-02-06 12:47:45,31,35,179,303
2023-02-06 12:47:46,31,34,179,303
2023-02-06 12:47:48,30,34,179,303
2023-02-06 12:47:51,30,35,179,303
2023-02-06 12:47:55,30,34,179,303
2023-02-06 12:48:13,30,35,179,303
2023-02-06 12:48:13,30,34,179,303
2023-02-06 12:48:19,31,34,179,303
2023-02-06 12:48:31,31,35,179,303
2023-02-06 12:48:59,32,35,179,303
2023-02-06 12:49:12,31,35,179,303
2023-02-06 12:49:17,32,35,179,303
2023-02-06 12:50:23,31,35,179,303
2023-02-06 12:50:53,31,36,179,303
2023-02-06 12:51:01,32,36,179,303
2023-02-06 12:51:16,31,37,179,303
2023-02-06 12:51:17,32,37,179,303
2023-02-06 12:51:17,32,36,179,303
2023-02-06 12:51:34,32,37,179,303
2023-02-06 12:51:34,32,36,179,303
2023-02-06 12:51:47,33,36,179,303
2023-02-06 12:51:56,33,37,179,303
2023-02-06 12:52:17,33,38,179,303
2023-02-06 12:52:17,32,38,179,303
2023-02-06 12:52:18,33,38,179,303
2023-02-06 12:52:18,34,38,179,303
2023-02-06 12:52:18,34,37,179,303
2023-02-06 12:52:35,34,38,179,303
2023-02-06 12:52:48,35,38,179,303
2023-02-06 12:52:49,35,39,179,303
2023-02-06 12:53:01,35,40,179,303
2023-02-06 12:53:01,35,39,179,303
2023-02-06 12:53:18,35,40,179,303
2023-02-06 12:53:19,34,40,179,303
2023-02-06 12:53:19,36,40,179,303
2023-02-06 12:53:19,36,38,179,303
2023-02-06 12:53:39,36,39,179,303
2023-02-06 12:53:59,36,40,179,303
2023-02-06 12:54:02,36,39,179,303
2023-02-06 12:54:17,36,40,179,303
2023-02-06 12:54:20,36,38,179,303
2023-02-06 12:54:40,36,39,179,303
2023-02-06 12:54:40,36,37,179,303
2023-02-06 12:54:48,34,37,179,303
2023-02-06 12:54:50,35,37,179,303
2023-02-06 12:54:52,35,38,179,303
2023-02-06 12:55:02,35,40,179,303
2023-02-06 12:55:02,35,38,179,303
2023-02-06 12:55:17,35,39,179,303
2023-02-06 12:55:23,36,39,179,303
2023-02-06 12:55:37,36,40,179,303
2023-02-06 12:55:42,36,39,179,303
2023-02-06 12:55:47,35,39,179,303
2023-02-06 12:55:47,37,39,179,303
2023-02-06 12:56:00,37,40,179,303
2023-02-06 12:56:04,37,39,179,303
2023-02-06 12:56:20,37,40,179,303
2023-02-06 12:56:23,37,39,179,303
2023-02-06 12:56:40,37,40,179,303
2023-02-06 12:56:44,37,38,179,303
2023-02-06 12:56:49,35,38,179,303
2023-02-06 12:56:49,34,38,179,303
2023-02-06 12:56:50,36,38,179,303
2023-02-06 12:57:01,36,39,179,303
2023-02-06 12:57:09,36,40,179,303
2023-02-06 12:57:18,36,41,179,303
2023-02-06 12:57:24,36,39,179,303
2023-02-06 12:57:44,36,40,179,303
2023-02-06 12:57:44,36,39,179,303
2023-02-06 12:57:47,37,39,179,303
2023-02-06 12:57:56,37,40,179,303
2023-02-06 12:58:05,37,39,179,303
2023-02-06 12:58:18,37,40,179,303
2023-02-06 12:58:24,37,39,179,303
2023-02-06 12:58:45,37,38,179,303
2023-02-06 12:58:47,34,38,179,303
2023-02-06 12:58:47,36,38,179,303
2023-02-06 12:59:05,36,39,179,303
2023-02-06 12:59:05,36,37,179,303
2023-02-06 12:59:17,36,38,179,303
2023-02-06 12:59:18,32,38,179,303
2023-02-06 12:59:19,33,38,179,303
2023-02-06 12:59:20,35,38,179,303
2023-02-06 12:59:36,35,39,179,303
2023-02-06 12:59:46,35,40,179,303
2023-02-06 12:59:46,36,40,179,303
2023-02-06 12:59:47,37,40,179,303
2023-02-06 13:00:08,37,39,179,303
2023-02-06 13:00:27,37,40,179,303
2023-02-06 13:00:27,37,39,179,303
2023-02-06 13:00:39,37,40,179,303
2023-02-06 13:00:47,37,39,179,303
2023-02-06 13:01:02,37,40,179,303
2023-02-06 13:01:19,37,41,179,303
2023-02-06 13:01:19,37,42,179,303
2023-02-06 13:01:27,38,42,179,303
2023-02-06 13:01:39,37,43,179,303
2023-02-06 13:01:48,38,43,179,303
2023-02-06 13:01:49,38,42,179,303
2023-02-06 13:01:49,40,42,179,303
2023-02-06 13:02:09,40,43,179,303
2023-02-06 13:02:09,40,42,179,303
2023-02-06 13:02:21,40,43,179,303
2023-02-06 13:02:29,40,42,179,303
2023-02-06 13:02:46,40,43,179,303
2023-02-06 13:02:50,40,41,179,303
2023-02-06 13:03:03,40,42,179,303
2023-02-06 13:03:20,38,42,179,303
2023-02-06 13:03:20,39,42,179,303
2023-02-06 13:03:23,39,43,179,303
2023-02-06 13:03:30,39,42,179,303
2023-02-06 13:03:49,39,43,179,303
2023-02-06 13:03:51,39,42,179,303
2023-02-06 13:04:02,39,43,179,303
2023-02-06 13:04:11,39,42,179,303
2023-02-06 13:04:31,39,43,179,303
2023-02-06 13:04:31,39,41,179,303
2023-02-06 13:04:48,39,42,179,303
2023-02-06 13:04:53,39,43,179,303
2023-02-06 13:05:12,39,44,179,303
2023-02-06 13:05:12,39,42,179,303
2023-02-06 13:05:23,39,43,179,303
2023-02-06 13:05:24,37,43,179,303
2023-02-06 13:05:24,38,43,179,303
2023-02-06 13:05:25,40,43,179,303
2023-02-06 13:05:33,40,42,179,303
2023-02-06 13:05:44,40,43,179,303
2023-02-06 13:05:44,40,42,179,303
2023-02-06 13:05:53,40,42,187,311
2023-02-06 13:05:54,40,41,187,311
2023-02-06 13:06:13,40,41,195,319
2023-02-06 13:06:21,38,41,195,319
2023-02-06 13:06:46,38,42,195,319
2023-02-06 13:07:07,38,43,195,319
2023-02-06 13:07:14,39,43,195,319
2023-02-06 13:07:28,38,44,195,319
2023-02-06 13:07:34,40,44,195,319
2023-02-06 13:07:52,39,44,195,319
2023-02-06 13:07:52,39,45,195,319
2023-02-06 13:07:53,40,45,195,319
2023-02-06 13:07:55,40,44,195,319
2023-02-06 13:07:57,42,44,195,319
2023-02-06 13:08:11,42,45,195,319
2023-02-06 13:08:15,42,44,195,319
2023-02-06 13:08:30,42,45,195,319
2023-02-06 13:08:36,42,44,195,319
2023-02-06 13:08:45,41,44,195,319
2023-02-06 13:08:56,41,45,195,319
2023-02-06 13:08:56,41,43,195,319
2023-02-06 13:09:13,41,44,195,319
2023-02-06 13:09:16,41,42,195,319
2023-02-06 13:09:36,41,43,195,319
2023-02-06 13:09:48,41,44,195,319
2023-02-06 13:09:48,38,44,195,319
2023-02-06 13:09:50,40,44,195,319
2023-02-06 13:09:57,40,42,195,319
2023-02-06 13:10:16,40,43,195,319
2023-02-06 13:10:17,40,41,195,319
2023-02-06 13:10:31,40,42,195,319
2023-02-06 13:10:52,40,43,195,319
2023-02-06 13:11:11,40,44,195,319
2023-02-06 13:11:32,40,45,195,319
2023-02-06 13:11:44,42,46,195,319
2023-02-06 13:11:51,44,46,195,319
2023-02-06 13:11:58,44,47,195,319
2023-02-06 13:12:00,44,45,195,319
2023-02-06 13:12:18,44,46,195,319
2023-02-06 13:12:22,44,45,195,319
2023-02-06 13:12:36,44,46,195,319
2023-02-06 13:12:45,44,48,195,319
2023-02-06 13:12:46,44,48,203,327
2023-02-06 13:12:46,44,45,203,327
2023-02-06 13:12:51,43,45,203,327
2023-02-06 13:13:02,43,44,203,327
2023-02-06 13:13:21,43,45,203,327
2023-02-06 13:13:22,43,45,211,335
2023-02-06 13:13:22,43,44,211,335
2023-02-06 13:13:25,41,44,310,434
2023-02-06 13:13:29,39,44,310,434
2023-02-06 13:13:30,42,44,310,434
2023-02-06 13:13:35,40,44,499,623
2023-02-06 13:13:46,40,41,499,623
2023-02-06 13:13:52,38,41,639,763
2023-02-06 13:14:02,38,42,639,763
2023-02-06 13:14:14,38,43,639,763
2023-02-06 13:14:22,38,41,639,763
2023-02-06 13:14:33,37,41,894,1018
2023-02-06 13:14:45,36,42,894,1018
2023-02-06 13:14:47,37,42,894,1018
2023-02-06 13:14:47,37,41,894,1018
2023-02-06 13:15:16,36,41,894,1018
2023-02-06 13:15:23,37,41,894,1018
2023-02-06 13:15:35,36,42,894,1018
2023-02-06 13:15:47,37,42,894,1018
2023-02-06 13:15:47,37,41,894,1018
2023-02-06 13:16:04,38,42,894,1018
2023-02-06 13:16:17,37,42,894,1018
2023-02-06 13:16:25,38,42,894,1018
2023-02-06 13:16:47,37,43,894,1018
2023-02-06 13:16:48,38,43,894,1018
2023-02-06 13:16:49,38,42,894,1018
2023-02-06 13:17:17,37,42,894,1018
2023-02-06 13:17:23,37,43,894,1018
2023-02-06 13:17:24,38,43,894,1018
2023-02-06 13:17:25,38,42,894,1018
2023-02-06 13:17:36,37,43,894,1018
2023-02-06 13:17:49,37,42,894,1018
2023-02-06 13:17:50,39,42,894,1018
2023-02-06 13:18:02,38,42,894,1018
2023-02-06 13:18:18,37,42,894,1018
2023-02-06 13:18:18,37,43,894,1018
2023-02-06 13:18:25,38,43,894,1018
2023-02-06 13:18:26,38,42,894,1018
2023-02-06 13:18:46,37,43,894,1018
2023-02-06 13:18:47,37,42,894,1018
2023-02-06 13:18:49,38,42,894,1018
2023-02-06 13:19:07,39,42,894,1018
2023-02-06 13:19:23,38,42,894,1018
2023-02-06 13:19:26,39,42,894,1018
2023-02-06 13:19:42,38,42,894,1018
2023-02-06 13:19:48,38,43,894,1018
2023-02-06 13:19:49,38,42,894,1018
2023-02-06 13:20:07,38,41,894,1018
2023-02-06 13:20:24,36,42,894,1018
2023-02-06 13:20:24,36,41,894,1018
2023-02-06 13:20:27,38,41,894,1018
2023-02-06 13:20:52,38,42,894,1018
2023-02-06 13:21:20,37,42,894,1018
2023-02-06 13:21:29,37,41,894,1018
2023-02-06 13:21:48,37,42,894,1018
2023-02-06 13:21:49,37,41,894,1018
2023-02-06 13:21:51,36,41,894,1018
2023-02-06 13:21:52,36,40,894,1018
2023-02-06 13:22:08,36,41,894,1018
2023-02-06 13:22:10,37,41,894,1018
2023-02-06 13:22:23,36,41,894,1018
2023-02-06 13:22:30,38,41,894,1018
2023-02-06 13:22:44,37,41,894,1018
2023-02-06 13:22:48,37,43,894,1018
2023-02-06 13:22:49,37,42,894,1018
2023-02-06 13:22:54,39,42,894,1018
2023-02-06 13:23:05,38,42,894,1018
2023-02-06 13:23:11,40,42,894,1018
2023-02-06 13:23:19,40,44,894,1018
2023-02-06 13:23:19,40,43,894,1018
2023-02-06 13:23:30,39,43,894,1018
2023-02-06 13:23:31,40,43,894,1018
2023-02-06 13:23:47,40,45,894,1018
2023-02-06 13:23:49,40,44,894,1018
2023-02-06 13:24:12,40,43,894,1018
2023-02-06 13:24:24,40,44,894,1018
2023-02-06 13:24:55,40,43,894,1018
2023-02-06 13:25:12,41,44,894,1018
2023-02-06 13:25:24,40,44,894,1018
2023-02-06 13:25:49,40,45,894,1018
2023-02-06 13:25:55,41,45,894,1018
2023-02-06 13:26:11,40,45,894,1018
2023-02-06 13:26:13,41,45,894,1018
2023-02-06 13:26:30,40,45,894,1018
2023-02-06 13:26:34,42,45,894,1018
2023-02-06 13:26:47,41,45,894,1018
2023-02-06 13:26:50,41,47,894,1018
2023-02-06 13:26:50,41,46,894,1018
2023-02-06 13:26:56,43,46,894,1018
2023-02-06 13:27:07,42,46,894,1018
2023-02-06 13:27:26,42,47,894,1018
2023-02-06 13:27:35,42,46,894,1018
2023-02-06 13:27:48,42,47,894,1018
2023-02-06 13:27:48,41,47,894,1018
2023-02-06 13:27:56,43,47,894,1018
2023-02-06 13:28:07,42,47,894,1018
2023-02-06 13:28:16,42,46,894,1018
2023-02-06 13:28:36,43,47,894,1018
2023-02-06 13:28:48,42,48,894,1018
2023-02-06 13:28:57,43,48,894,1018
2023-02-06 13:28:57,43,47,894,1018
2023-02-06 13:29:08,42,48,894,1018
2023-02-06 13:29:17,44,48,894,1018
2023-02-06 13:29:37,43,48,894,1018
2023-02-06 13:29:37,43,47,894,1018
2023-02-06 13:29:52,43,48,894,1018
2023-02-06 13:29:58,44,48,894,1018
2023-02-06 13:30:14,43,49,894,1018
2023-02-06 13:30:18,44,49,894,1018
2023-02-06 13:30:19,44,48,894,1018
2023-02-06 13:30:38,44,49,894,1018
2023-02-06 13:30:39,44,48,894,1018
2023-02-06 13:30:52,43,48,894,1018
2023-02-06 13:30:59,44,48,894,1018
2023-02-06 13:31:17,43,48,894,1018
2023-02-06 13:31:19,43,49,894,1018
2023-02-06 13:31:20,44,49,894,1018
2023-02-06 13:31:20,44,48,894,1018
2023-02-06 13:31:39,44,49,894,1018
2023-02-06 13:31:40,44,48,894,1018
2023-02-06 13:32:00,43,48,894,1018
2023-02-06 13:32:00,43,47,894,1018
2023-02-06 13:32:18,43,48,894,1018
2023-02-06 13:32:21,44,48,894,1018
2023-02-06 13:32:54,43,49,894,1018
2023-02-06 13:33:01,44,49,894,1018
2023-02-06 13:33:01,44,48,894,1018
2023-02-06 13:33:18,43,49,894,1018
2023-02-06 13:33:21,44,49,894,1018
2023-02-06 13:33:22,44,48,894,1018
2023-02-06 13:33:42,44,49,894,1018
2023-02-06 13:33:42,44,48,894,1018
2023-02-06 13:34:02,44,49,894,1018
2023-02-06 13:34:02,44,48,894,1018
2023-02-06 13:34:20,43,49,894,1018
2023-02-06 13:34:22,43,48,894,1018
2023-02-06 13:34:24,44,48,894,1018
2023-02-06 13:35:22,43,48,894,1018
2023-02-06 13:35:22,43,49,894,1018
2023-02-06 13:35:26,44,49,894,1018
2023-02-06 13:35:26,44,48,894,1018
2023-02-06 13:35:45,43,49,894,1018
2023-02-06 13:35:46,43,47,894,1018
2023-02-06 13:36:04,43,48,894,1018
2023-02-06 13:36:04,43,47,894,1018
2023-02-06 13:36:16,43,48,894,1018
2023-02-06 13:36:22,42,48,894,1018
2023-02-06 13:36:22,42,47,894,1018
2023-02-06 13:36:25,44,47,894,1018
2023-02-06 13:36:46,45,47,894,1018
2023-02-06 13:36:51,45,49,894,1018
2023-02-06 13:36:58,44,49,894,1018
2023-02-06 13:37:06,44,48,894,1018
2023-02-06 13:37:20,43,49,894,1018
2023-02-06 13:37:21,44,49,894,1018
2023-02-06 13:37:27,44,48,894,1018
2023-02-06 13:37:46,44,49,894,1018
2023-02-06 13:37:46,44,48,894,1018
2023-02-06 13:38:01,43,49,894,1018
2023-02-06 13:38:07,45,49,894,1018
2023-02-06 13:38:19,44,49,894,1018
2023-02-06 13:38:29,44,48,894,1018
2023-02-06 13:38:33,47,48,894,1018
2023-02-06 13:38:42,48,49,894,1018
2023-02-06 13:38:48,48,49,902,1026
2023-02-06 13:39:08,48,49,910,1034
2023-02-06 13:39:30,48,49,918,1042
2023-02-06 13:39:49,48,49,926,1050
2023-02-06 13:40:09,48,49,934,1058
2023-02-06 13:40:34,49,50,934,1384
2023-02-06 13:40:35,49,50,942,1392
2023-02-06 13:41:10,48,50,942,1392
2023-02-06 13:41:10,47,50,942,1392
2023-02-06 13:41:10,47,49,942,1392
2023-02-06 13:41:25,49,50,942,1392
2023-02-06 13:41:36,49,52,942,1392
2023-02-06 13:41:36,49,51,942,1392
2023-02-06 13:41:52,49,50,942,1392
2023-02-06 13:42:12,49,51,942,1392
2023-02-06 13:42:12,49,50,942,1392
2023-02-06 13:42:24,50,51,942,1392
2023-02-06 13:42:35,50,52,942,1392
2023-02-06 13:42:36,50,52,950,1400
2023-02-06 13:42:36,48,52,950,1400
2023-02-06 13:42:36,48,50,950,1400
2023-02-06 13:42:43,50,51,960,1410
2023-02-06 13:42:54,50,51,968,1418
2023-02-06 13:42:55,50,51,978,1428
2023-02-06 13:43:12,50,52,978,1428
2023-02-06 13:43:13,50,52,986,1436
2023-02-06 13:43:13,50,52,996,1446
2023-02-06 13:43:17,50,51,996,1446
2023-02-06 13:43:37,50,51,1004,1454
2023-02-06 13:43:53,50,51,1012,1462
2023-02-06 13:44:13,50,51,1020,1470
2023-02-06 13:44:14,50,51,1030,1480
2023-02-06 13:44:18,50,52,1030,1480
2023-02-06 13:44:19,50,51,1030,1480
2023-02-06 13:44:37,50,52,1030,1480
2023-02-06 13:44:38,50,52,1038,1488
2023-02-06 13:44:38,50,52,1048,1498
2023-02-06 13:44:49,50,51,1048,1498
2023-02-06 13:44:55,50,51,1056,1506
2023-02-06 13:44:56,50,51,1066,1516
2023-02-06 13:45:14,50,52,1066,1516
2023-02-06 13:45:15,50,52,1074,1524
2023-02-06 13:45:15,50,52,1084,1534
2023-02-06 13:45:20,50,51,1084,1534
2023-02-06 13:45:38,50,51,1092,1542
2023-02-06 13:45:39,50,51,1102,1552
2023-02-06 13:45:41,50,51,1102,1567
2023-02-06 13:45:55,50,51,1110,1575
2023-02-06 13:45:56,50,51,1120,1585
2023-02-06 13:46:16,50,51,1128,1593
2023-02-06 13:46:16,50,51,1138,1603
2023-02-06 13:46:38,50,51,1146,1611
2023-02-06 13:47:17,50,52,1146,1611
2023-02-06 13:47:18,50,53,1154,1619
2023-02-06 13:47:18,50,51,1154,1619
2023-02-06 13:47:26,51,53,1776,2241
2023-02-06 13:47:39,51,53,1784,2249
2023-02-06 13:47:40,51,53,1794,2259
2023-02-06 13:47:55,51,53,2165,2630
2023-02-06 13:47:57,51,53,2173,2638
2023-02-06 13:47:58,51,53,2183,2648
2023-02-06 13:48:18,51,53,2191,2656
2023-02-06 13:48:18,51,52,2191,2656
2023-02-06 13:48:26,48,51,2516,2981
2023-02-06 13:48:38,48,50,2516,2981
2023-02-06 13:48:43,48,50,2517,2982
2023-02-06 13:48:58,48,51,2517,2982
2023-02-06 13:48:59,48,50,2517,2982
2023-02-06 13:49:19,48,51,2517,2982
2023-02-06 13:49:20,48,50,2517,2982
2023-02-06 13:49:39,48,51,2517,2982
2023-02-06 13:49:39,48,50,2517,2982
2023-02-06 13:50:00,48,51,2517,2982
2023-02-06 13:50:22,48,52,2517,2982
2023-02-06 13:50:26,48,50,2517,2982
2023-02-06 13:50:27,47,50,2517,2982
2023-02-06 13:50:46,47,51,2517,2982
2023-02-06 13:50:47,47,50,2517,2982
2023-02-06 13:51:07,47,49,2517,2982
2023-02-06 13:51:18,47,50,2517,2982
2023-02-06 13:51:28,47,49,2517,2982
2023-02-06 13:51:45,47,50,2517,2982
2023-02-06 13:51:45,48,50,2517,2982
2023-02-06 13:51:49,48,51,2517,2982
2023-02-06 13:51:52,48,50,2517,2982
2023-02-06 13:52:19,48,51,2517,2982
2023-02-06 13:52:28,48,52,2517,2982
2023-02-06 13:52:28,48,51,2517,2982
2023-02-06 13:53:10,48,52,2517,2982
2023-02-06 13:53:10,48,50,2517,2982
2023-02-06 13:53:22,48,51,2517,2982
2023-02-06 13:53:48,48,50,2517,2982
2023-02-06 13:54:10,48,52,2517,2982
2023-02-06 13:54:10,48,51,2517,2982
2023-02-06 13:54:28,48,52,2517,2982
2023-02-06 13:54:28,48,51,2517,2982
2023-02-06 13:55:10,48,52,2517,2982
2023-02-06 13:55:29,48,53,2517,2982
2023-02-06 13:55:30,48,52,2517,2982
2023-02-06 13:55:32,48,52,2547,3012
2023-02-06 13:55:32,48,51,2547,3012
2023-02-06 13:55:44,47,51,2547,3012
2023-02-06 13:56:08,47,52,2547,3201
2023-02-06 13:56:12,47,49,2547,3201
2023-02-06 13:56:23,47,50,2547,3201
2023-02-06 13:56:46,47,52,2547,3201
2023-02-06 13:56:52,47,51,2547,3201
2023-02-06 13:57:10,47,52,2547,3201
2023-02-06 13:57:13,47,51,2547,3201
2023-02-06 13:57:32,47,52,2547,3201
2023-02-06 13:57:32,47,49,2547,3201
2023-02-06 13:57:46,47,50,2547,3201
2023-02-06 13:58:06,47,51,2547,3201
2023-02-06 13:58:12,47,49,2547,3201
2023-02-06 13:58:24,47,50,2547,3201
2023-02-06 13:58:32,47,49,2547,3201
2023-02-06 13:58:50,47,50,2547,3201
2023-02-06 13:58:54,47,51,2547,3201
2023-02-06 13:58:54,47,50,2547,3201
2023-02-06 13:59:14,47,49,2547,3201
2023-02-06 13:59:34,47,50,2547,3201
2023-02-06 13:59:34,47,49,2547,3201
2023-02-06 13:59:48,47,50,2547,3201
2023-02-06 13:59:54,47,49,2547,3201
2023-02-06 14:00:08,47,50,2547,3201
2023-02-06 14:00:09,47,48,2547,3201
2023-02-06 14:00:15,44,47,2547,3204
2023-02-06 14:00:16,44,45,2547,3204
2023-02-06 14:00:22,44,45,2550,3207
2023-02-06 14:00:25,42,45,2550,3207
2023-02-06 14:00:26,43,45,2550,3207
2023-02-06 14:00:28,43,46,2550,3207
2023-02-06 14:00:28,43,44,2550,3207
2023-02-06 14:00:29,43,44,2777,3434
2023-02-06 14:00:47,41,44,2993,3650
2023-02-06 14:00:50,41,43,2993,3650
2023-02-06 14:00:51,40,43,2993,3650
2023-02-06 14:01:10,40,45,2805,3838
2023-02-06 14:01:15,41,45,2805,3838
2023-02-06 14:01:21,41,44,2805,3838
2023-02-06 14:01:21,41,42,2805,3838
2023-02-06 14:01:30,40,44,2805,3972
2023-02-06 14:01:36,41,44,2805,3972
2023-02-06 14:01:51,40,44,2805,3972
2023-02-06 14:01:51,40,43,2805,3972
2023-02-06 14:02:17,42,43,2805,3972
2023-02-06 14:02:33,41,43,2805,3972
2023-02-06 14:02:42,40,43,2805,3972
2023-02-06 14:02:58,41,43,2805,3972
2023-02-06 14:03:17,40,43,2805,3972
2023-02-06 14:03:38,41,43,2805,3972
2023-02-06 14:03:51,40,43,2805,3972
2023-02-06 14:03:51,40,44,2805,3972
2023-02-06 14:03:55,40,43,2805,3972
2023-02-06 14:03:57,40,44,2805,3972
2023-02-06 14:03:57,40,42,2805,3972
2023-02-06 14:03:59,40,41,2805,3972
2023-02-06 14:04:06,38,41,2805,3972
2023-02-06 14:04:10,38,42,2805,3972
2023-02-06 14:04:18,39,42,2805,3972
2023-02-06 14:04:22,39,43,2805,3972
2023-02-06 14:04:23,39,40,2805,3972
2023-02-06 14:04:31,38,40,2805,3972
2023-02-06 14:04:33,38,42,2634,4143
2023-02-06 14:04:39,39,42,2634,4143
2023-02-06 14:04:50,38,43,2634,4143
2023-02-06 14:04:51,38,44,2634,4143
2023-02-06 14:04:59,40,44,2634,4143
2023-02-06 14:05:13,39,44,2634,4143
2023-02-06 14:05:13,40,44,2634,4143
2023-02-06 14:05:23,40,43,2634,4143
2023-02-06 14:05:40,41,43,2634,4143
2023-02-06 14:05:52,40,43,2634,4143
2023-02-06 14:05:54,40,45,2634,4143
2023-02-06 14:06:00,42,45,2634,4143
2023-02-06 14:06:14,41,45,2634,4143
2023-02-06 14:06:21,41,44,2634,4143
2023-02-06 14:06:22,40,44,2634,4143
2023-02-06 14:06:36,40,45,2634,4143
2023-02-06 14:06:41,40,43,2634,4143
2023-02-06 14:06:48,39,43,2634,4143
2023-02-06 14:07:17,38,43,2634,4143
2023-02-06 14:07:23,39,43,2634,4143
2023-02-06 14:07:26,40,43,2634,4143
2023-02-06 14:07:50,40,44,2634,4143
2023-02-06 14:08:04,39,44,2634,4143
2023-02-06 14:08:04,39,43,2634,4143
2023-02-06 14:08:18,39,44,2634,4143
2023-02-06 14:08:18,39,43,2634,4143
2023-02-06 14:08:18,38,43,2634,4143
2023-02-06 14:08:23,40,43,2634,4143
2023-02-06 14:08:35,39,43,2634,4143
2023-02-06 14:08:45,40,43,2634,4143
2023-02-06 14:08:47,40,44,2634,4143
2023-02-06 14:09:04,39,44,2634,4143
2023-02-06 14:09:05,40,44,2634,4143
2023-02-06 14:09:17,39,44,2634,4143
2023-02-06 14:09:18,39,43,2634,4143
2023-02-06 14:09:41,38,43,2634,4143
2023-02-06 14:09:47,39,43,2634,4143
2023-02-06 14:10:04,38,43,2634,4143
2023-02-06 14:10:06,40,43,2634,4143
2023-02-06 14:10:27,39,43,2634,4143
2023-02-06 14:10:34,39,42,2634,4143
2023-02-06 14:10:38,38,41,2634,4143
2023-02-06 14:10:40,38,42,2634,4143
2023-02-06 14:10:49,38,41,2634,4143
2023-02-06 14:11:19,37,41,2634,4143
2023-02-06 14:11:19,37,39,2634,4143
2023-02-06 14:11:43,36,39,2634,4143
2023-02-06 14:11:44,38,39,2634,4143
2023-02-06 14:11:48,38,39,2626,4151
2023-02-06 14:11:49,38,39,2616,4161
2023-02-06 14:11:52,38,40,2616,4161
2023-02-06 14:12:09,39,40,2616,4161
2023-02-06 14:12:13,39,40,2616,4272
2023-02-06 14:12:20,38,42,2616,4272
2023-02-06 14:12:29,39,42,2616,4272
2023-02-06 14:12:41,38,44,2766,4497
2023-02-06 14:12:49,40,44,2766,4497
2023-02-06 14:12:52,40,43,2766,4497
2023-02-06 14:13:04,39,43,2766,4497
2023-02-06 14:13:10,39,42,2766,4497
2023-02-06 14:13:11,38,42,2766,4497
2023-02-06 14:13:30,38,43,2766,4497
2023-02-06 14:13:30,38,42,2766,4497
2023-02-06 14:13:40,38,41,2766,4497
2023-02-06 14:13:50,38,40,2766,4497
2023-02-06 14:13:53,36,40,2766,4497
2023-02-06 14:14:06,36,41,2766,4497
2023-02-06 14:14:11,37,41,2766,4497
2023-02-06 14:14:22,36,41,2766,4497
2023-02-06 14:14:23,36,39,2766,4497
2023-02-06 14:14:32,37,39,2766,4497
2023-02-06 14:14:43,36,39,2766,4497
2023-02-06 14:14:51,36,41,2766,4497
2023-02-06 14:14:51,36,40,2766,4497
2023-02-06 14:14:52,38,40,2766,4497
2023-02-06 14:15:06,37,40,2766,4497
2023-02-06 14:15:12,39,40,2766,4497
2023-02-06 14:15:18,39,42,2994,4725
2023-02-06 14:15:23,39,43,2994,4725
2023-02-06 14:15:23,38,43,2994,4725
2023-02-06 14:15:23,38,41,2994,4725
2023-02-06 14:15:36,38,41,3044,4775
2023-02-06 14:15:47,37,41,3044,4775
2023-02-06 14:15:53,37,40,3044,4775
2023-02-06 14:15:54,36,40,3044,4775
2023-02-06 14:15:55,36,40,3044,4785
2023-02-06 14:15:59,36,39,3044,4785
2023-02-06 14:16:12,36,38,3044,4785
2023-02-06 14:16:13,36,37,3044,4785
2023-02-06 14:16:17,36,38,3044,4785
2023-02-06 14:16:18,36,38,3039,4790
2023-02-06 14:16:18,35,38,3039,4790
2023-02-06 14:16:24,34,38,3039,4790
2023-02-06 14:16:28,32,38,2829,5000
2023-02-06 14:16:30,32,37,2829,5000
2023-02-06 14:16:34,32,35,2829,5000
2023-02-06 14:16:49,32,36,2829,5000
2023-02-06 14:16:52,32,35,2829,5000
2023-02-06 14:16:59,33,35,2829,5000
2023-02-06 14:17:20,33,37,2829,5000
2023-02-06 14:17:20,33,34,2829,5000
2023-02-06 14:17:34,32,34,2829,5000
2023-02-06 14:18:49,32,36,2829,5000
2023-02-06 14:18:49,32,37,2829,5000
2023-02-06 14:18:50,32,35,2829,5000
2023-02-06 14:18:53,32,33,2829,5000
2023-02-06 14:19:00,32,33,2829,5008
2023-02-06 14:19:18,32,35,2829,5008
2023-02-06 14:19:49,32,33,2829,5008
2023-02-06 14:19:50,32,33,2844,5023
2023-02-06 14:19:54,32,33,2944,5123
2023-02-06 14:19:56,32,33,2944,5131
2023-02-06 14:19:59,33,35,3012,5199
2023-02-06 14:20:15,34,35,3012,5199
2023-02-06 14:20:16,34,35,3123,5310
2023-02-06 14:20:26,34,37,3123,5310
2023-02-06 14:20:27,35,37,3123,5310
2023-02-06 14:20:32,33,37,3123,5310
2023-02-06 14:20:36,33,35,3123,5310
2023-02-06 14:20:42,31,35,3123,5310
2023-02-06 14:20:54,31,36,3123,5310
2023-02-06 14:20:57,32,36,3123,5310
2023-02-06 14:21:29,31,36,3123,5310
2023-02-06 14:21:35,31,35,3123,5310
2023-02-06 14:21:36,32,35,3123,5310
2023-02-06 14:21:45,32,34,3123,5310
2023-02-06 14:21:49,31,34,3123,5310
2023-02-06 14:21:54,31,35,3123,5310
2023-02-06 14:22:02,30,35,3123,5310
2023-02-06 14:22:05,32,35,3123,5310
2023-02-06 14:22:16,31,35,3123,5310
2023-02-06 14:22:18,31,34,3123,5310
2023-02-06 14:22:26,32,34,3123,5310
2023-02-06 14:22:39,31,36,3287,5474
2023-02-06 14:22:46,32,36,3287,5474
2023-02-06 14:23:07,32,37,3287,5474
2023-02-06 14:23:09,32,36,3287,5474
2023-02-06 14:23:21,31,36,3287,5474
2023-02-06 14:23:26,32,36,3287,5474
2023-02-06 14:23:38,31,36,3287,5474
2023-02-06 14:23:39,32,36,3287,5474
2023-02-06 14:23:39,33,36,3287,5474
2023-02-06 14:23:46,33,37,3467,5654
2023-02-06 14:23:46,35,37,3467,5654
2023-02-06 14:23:48,35,38,3467,5654
2023-02-06 14:23:57,35,39,3635,5822
2023-02-06 14:24:00,35,40,3635,5822
2023-02-06 14:24:10,35,39,3635,5822
2023-02-06 14:24:19,38,39,3635,5822
2023-02-06 14:24:21,38,40,3635,5822
2023-02-06 14:24:27,38,39,3635,5822
2023-02-06 14:24:42,38,40,3635,5822
2023-02-06 14:25:10,38,42,3635,5822
2023-02-06 14:25:11,38,40,3635,5822
2023-02-06 14:25:22,38,41,3635,5822
2023-02-06 14:25:22,39,41,3635,5822
2023-02-06 14:25:44,39,42,3635,5822
2023-02-06 14:25:47,37,42,3635,5822
2023-02-06 14:25:48,38,42,3635,5822
2023-02-06 14:25:49,40,42,3635,5822
2023-02-06 14:25:50,40,43,3635,5822
2023-02-06 14:25:50,40,41,3635,5822
2023-02-06 14:26:11,40,42,3635,5822
2023-02-06 14:26:11,40,41,3635,5822
2023-02-06 14:26:25,40,42,3635,5822
2023-02-06 14:26:30,40,42,3635,5830
2023-02-06 14:26:30,40,41,3635,5830
2023-02-06 14:27:08,40,42,3635,5830
2023-02-06 14:27:12,40,41,3635,5830
2023-02-06 14:27:18,39,41,3635,5830
2023-02-06 14:27:18,41,42,3635,5838
2023-02-06 14:27:31,41,42,3635,5846
2023-02-06 14:27:39,41,46,3645,5856
2023-02-06 14:27:44,41,47,3814,6040
2023-02-06 14:27:44,42,47,3814,6040
2023-02-06 14:27:51,42,43,3814,6040
2023-02-06 14:28:06,42,44,3814,6040
2023-02-06 14:28:06,41,44,3814,6040
2023-02-06 14:28:09,42,44,3814,6040
2023-02-06 14:28:13,42,47,3814,6040
2023-02-06 14:28:13,41,47,3814,6040
2023-02-06 14:28:14,41,42,3814,6040
2023-02-06 14:28:19,42,43,3822,6048
2023-02-06 14:28:21,43,46,3822,6058
2023-02-06 14:28:29,44,46,3822,6058
2023-02-06 14:28:29,44,48,3822,6058
2023-02-06 14:28:32,43,44,3829,6065
2023-02-06 14:28:43,43,45,3829,6065
2023-02-06 14:28:48,45,47,3829,6075
2023-02-06 14:28:52,45,47,3829,6083
2023-02-06 14:28:53,45,47,3829,6093
2023-02-06 14:29:00,45,46,3829,6093
2023-02-06 14:29:07,45,48,3829,6093
2023-02-06 14:29:14,45,48,3829,6101
2023-02-06 14:29:15,45,48,3829,6111
2023-02-06 14:29:33,45,46,3829,6111
2023-02-06 14:29:45,45,47,3829,6111
2023-02-06 14:29:51,47,48,3829,6121
2023-02-06 14:29:54,47,48,3829,6129
2023-02-06 14:29:54,47,48,3829,6139
2023-02-06 14:29:57,47,48,3814,6154
2023-02-06 14:30:03,47,48,3714,6254
2023-02-06 14:30:07,45,47,3711,6257
2023-02-06 14:30:14,45,48,3711,6257
2023-02-06 14:30:14,45,48,3711,6265
2023-02-06 14:30:15,45,48,3711,6275
2023-02-06 14:30:24,45,49,3711,6275
2023-02-06 14:30:34,45,49,3711,6283
2023-02-06 14:30:35,45,49,3711,6293
2023-02-06 14:30:42,45,50,3711,6293
2023-02-06 14:30:44,46,50,3711,6293
2023-02-06 14:30:48,46,47,3711,6293
2023-02-06 14:30:50,46,48,3719,6301
2023-02-06 14:31:07,46,47,3719,6301
2023-02-06 14:31:24,46,48,3719,6301
2023-02-06 14:31:24,47,48,3719,6301
2023-02-06 14:31:27,49,50,3719,6311
2023-02-06 14:31:27,49,50,3719,6319
2023-02-06 14:31:28,49,50,3719,6329
2023-02-06 14:31:48,49,50,3719,6337
2023-02-06 14:31:48,49,50,3719,6347
2023-02-06 14:31:51,47,50,3630,6436
2023-02-06 14:31:52,46,50,3630,6436
2023-02-06 14:31:52,48,50,3630,6436
2023-02-06 14:31:56,48,49,3630,6436
2023-02-06 14:32:09,48,49,3630,6444
2023-02-06 14:32:10,48,49,3630,6454
2023-02-06 14:32:13,48,49,3622,6462
2023-02-06 14:32:13,48,50,3622,6462
2023-02-06 14:32:19,48,50,3557,6562
2023-02-06 14:32:23,46,50,3557,6562
2023-02-06 14:32:23,46,48,3557,6562
2023-02-06 14:32:24,45,48,3557,6562
2023-02-06 14:32:24,47,48,3557,6562
2023-02-06 14:32:29,47,50,3557,6562
2023-02-06 14:32:29,47,50,3557,6570
2023-02-06 14:32:29,47,50,3557,6580
2023-02-06 14:32:49,44,50,3557,6580
2023-02-06 14:32:50,44,46,3557,6580
2023-02-06 14:33:03,44,47,3557,6580
2023-02-06 14:33:07,46,47,3557,6580
2023-02-06 14:33:20,44,47,3572,6595
2023-02-06 14:33:29,44,48,3572,6595
2023-02-06 14:33:39,45,48,3572,6595
2023-02-06 14:33:40,46,48,3572,6595
2023-02-06 14:33:50,46,49,3572,6595
2023-02-06 14:34:08,46,50,3572,6595
2023-02-06 14:34:08,47,50,3572,6595
2023-02-06 14:34:20,46,50,3572,6595
2023-02-06 14:34:21,48,50,3572,6595
2023-02-06 14:34:22,48,51,3572,6595
2023-02-06 14:34:31,48,50,3572,6595
2023-02-06 14:34:43,48,51,3572,6595
2023-02-06 14:34:47,47,51,3572,6595
2023-02-06 14:34:47,49,51,3572,6595
2023-02-06 14:35:05,49,52,3572,6595
2023-02-06 14:35:14,49,53,3572,6595
2023-02-06 14:35:14,49,51,3572,6595
2023-02-06 14:35:22,50,51,3572,6595
2023-02-06 14:35:26,50,52,3572,6595
2023-02-06 14:35:32,50,52,3572,6603
2023-02-06 14:35:33,50,51,3572,6603
2023-02-06 14:35:54,50,53,3572,6603
2023-02-06 14:36:08,50,54,3572,6603
2023-02-06 14:36:09,49,54,3572,6603
2023-02-06 14:36:14,49,52,3572,6603
2023-02-06 14:36:22,50,52,3572,6603
2023-02-06 14:36:22,52,53,3572,6611
2023-02-06 14:36:34,52,53,3572,6619
2023-02-06 14:36:34,52,53,3572,6629
2023-02-06 14:36:41,52,56,3572,6629
2023-02-06 14:36:41,52,53,3572,6629
2023-02-06 14:36:49,50,53,3572,6629
2023-02-06 14:36:49,49,53,3572,6629
2023-02-06 14:36:53,49,50,3572,6629
2023-02-06 14:37:15,49,55,3572,6629
2023-02-06 14:37:16,49,52,3572,6629
2023-02-06 14:37:20,50,52,3572,6629
2023-02-06 14:37:27,53,55,3582,6639
2023-02-06 14:37:32,50,55,3582,6639
2023-02-06 14:37:34,50,53,3582,6639
2023-02-06 14:37:51,50,54,3582,6639
2023-02-06 14:37:51,51,54,3582,6639
2023-02-06 14:37:58,51,56,3582,6639
2023-02-06 14:37:58,51,53,3582,6639
2023-02-06 14:38:18,51,54,3582,6639
2023-02-06 14:38:18,50,54,3582,6639
2023-02-06 14:38:18,50,53,3582,6639
2023-02-06 14:38:19,52,53,3582,6639
2023-02-06 14:38:35,52,54,3582,6639
2023-02-06 14:38:49,54,55,3582,6647
2023-02-06 14:38:59,54,55,3582,6655
2023-02-06 14:39:19,51,55,3582,6655
2023-02-06 14:39:19,51,54,3582,6655
2023-02-06 14:39:19,53,54,3582,6655
2023-02-06 14:39:39,53,55,3582,6655
2023-02-06 14:39:39,53,55,3582,6663
2023-02-06 14:39:40,53,54,3582,6663
2023-02-06 14:39:48,50,54,3582,6663
2023-02-06 14:39:48,52,54,3582,6663
2023-02-06 14:39:48,54,56,3582,6673
2023-02-06 14:39:51,54,57,3582,6673
2023-02-06 14:40:00,54,57,3582,6681
2023-02-06 14:40:00,54,57,3582,6691
2023-02-06 14:40:10,54,56,3582,6691
2023-02-06 14:40:20,54,56,3582,6699
2023-02-06 14:40:21,54,56,3582,6709
2023-02-06 14:40:28,51,56,3582,6709
2023-02-06 14:40:30,51,57,3582,6709
2023-02-06 14:40:30,52,57,3582,6709
2023-02-06 14:40:40,53,57,3582,6709
2023-02-06 14:40:41,53,55,3582,6709
2023-02-06 14:40:53,53,56,3582,6709
2023-02-06 14:41:01,53,55,3582,6709
2023-02-06 14:41:12,53,56,3582,6709
2023-02-06 14:41:20,54,56,3582,6709
2023-02-06 14:41:24,56,57,3590,6717
2023-02-06 14:41:38,56,59,3600,6727
2023-02-06 14:41:42,56,57,3600,6727
2023-02-06 14:42:02,56,58,3600,6727
2023-02-06 14:42:02,56,57,3600,6727
2023-02-06 14:42:14,56,58,3600,6727
2023-02-06 14:42:17,56,57,3600,6727
2023-02-06 14:42:22,56,57,3600,6838
2023-02-06 14:42:22,55,56,3602,6840
2023-02-06 14:42:43,55,57,3602,6840
2023-02-06 14:42:43,55,57,3602,6848
2023-02-06 14:42:43,55,56,3602,6848
2023-02-06 14:42:50,55,57,3602,6991
2023-02-06 14:43:03,55,59,3602,6991
2023-02-06 14:43:03,55,59,3602,6999
2023-02-06 14:43:04,55,56,3602,6999
2023-02-06 14:43:20,53,56,3602,6999
2023-02-06 14:43:21,54,56,3602,6999
2023-02-06 14:43:24,54,56,3602,7007
2023-02-06 14:43:25,54,57,3602,7017
2023-02-06 14:43:41,54,58,3602,7017
2023-02-06 14:43:41,54,57,3602,7017
2023-02-06 14:43:43,54,57,3602,7025
2023-02-06 14:43:44,54,57,3602,7035
2023-02-06 14:43:48,54,56,3602,7035
2023-02-06 14:43:51,51,56,3602,7035
2023-02-06 14:43:55,51,56,3602,7085
2023-02-06 14:44:04,51,53,3602,7085
2023-02-06 14:44:19,51,54,3602,7085
2023-02-06 14:44:20,50,54,3602,7085
2023-02-06 14:44:20,50,53,3602,7085
2023-02-06 14:45:41,49,53,3602,7113
2023-02-06 14:45:44,51,53,3602,7113
2023-02-06 14:45:49,51,54,3602,7113
2023-02-06 14:46:14,51,55,3779,7290
2023-02-06 14:46:17,53,55,3779,7290
2023-02-06 14:46:48,53,56,3779,7290
2023-02-06 14:46:54,53,55,3779,7290
2023-02-06 14:46:55,52,55,3779,7290
2023-02-06 14:47:04,52,54,3779,7290
2023-02-06 14:47:05,52,55,3779,7290
2023-02-06 14:47:07,52,54,3779,7290
2023-02-06 14:47:14,52,53,3779,7290
2023-02-06 14:47:21,50,53,3653,7416
2023-02-06 14:47:23,50,52,3653,7416
2023-02-06 14:47:25,50,53,3653,7416
2023-02-06 14:47:27,49,50,3523,7546
2023-02-06 14:47:52,49,53,3523,7550
2023-02-06 14:48:15,50,53,3523,7550
2023-02-06 14:48:26,51,53,3523,7550
2023-02-06 14:48:48,51,55,3632,7659
2023-02-06 14:49:16,51,54,3632,7659
2023-02-06 14:49:41,51,53,3632,7659
2023-02-06 14:49:41,50,53,3632,7659
2023-02-06 14:49:42,50,54,3632,7659
2023-02-06 14:49:43,50,53,3632,7659
2023-02-06 14:49:48,49,53,3632,7659
2023-02-06 14:49:54,49,54,3632,7659
2023-02-06 14:49:57,49,53,3632,7659
2023-02-06 14:50:06,51,53,3632,7659
2023-02-06 14:50:08,51,54,3632,7659
2023-02-06 14:50:31,52,54,3632,7659
2023-02-06 14:50:41,53,54,3632,7659
2023-02-06 14:50:48,53,56,3632,7659
2023-02-06 14:50:49,53,57,3632,7659
2023-02-06 14:50:53,53,57,3804,7844
2023-02-06 14:51:04,54,58,3804,7844
2023-02-06 14:51:10,55,58,3804,7844
2023-02-06 14:51:48,55,59,3804,7844
2023-02-06 14:51:52,55,58,3804,7844
2023-02-06 14:52:12,55,59,3804,7844
2023-02-06 14:52:13,55,58,3804,7844
2023-02-06 14:52:18,56,58,3804,7844
2023-02-06 14:52:33,56,59,3804,7844
2023-02-06 14:52:33,56,58,3804,7844
2023-02-06 14:52:53,56,59,3804,7844
2023-02-06 14:52:53,56,58,3804,7844
2023-02-06 14:53:14,56,59,3804,7844
2023-02-06 14:53:14,56,58,3804,7844
2023-02-06 14:53:17,55,58,3804,7844
2023-02-06 14:53:21,55,57,3804,7844
2023-02-06 14:53:48,53,57,3804,7844
2023-02-06 14:53:48,54,57,3804,7844
2023-02-06 14:54:46,54,55,3804,7844
2023-02-06 14:54:49,54,57,3804,7844
2023-02-06 14:55:00,54,55,3804,7844
2023-02-06 14:55:05,54,57,3804,7844
2023-02-06 14:55:16,54,56,3804,7844
2023-02-06 14:55:17,54,55,3804,7844
2023-02-06 14:55:22,53,55,3804,7844
2023-02-06 14:55:45,53,56,3804,7844
2023-02-06 14:55:50,51,56,3804,7844
2023-02-06 14:55:53,51,55,3804,7844
2023-02-06 14:55:57,53,55,3804,7844
2023-02-06 14:55:57,53,56,3804,7844
2023-02-06 14:56:01,53,55,3804,7844
2023-02-06 14:56:02,53,56,3804,7844
2023-02-06 14:56:08,52,56,3804,7844
2023-02-06 14:56:09,52,55,3804,7844
2023-02-06 14:56:15,52,56,3804,7844
2023-02-06 14:56:18,53,56,3804,7844
2023-02-06 14:56:24,53,55,3804,7844
2023-02-06 14:56:25,52,55,3804,7844
2023-02-06 14:56:28,52,56,3804,7844
2023-02-06 14:56:37,52,57,3804,7844
2023-02-06 14:56:37,52,56,3804,7844
2023-02-06 14:56:47,53,56,3804,7844
2023-02-06 14:56:50,53,57,3804,7844
2023-02-06 14:56:57,54,57,3804,7844
2023-02-06 14:57:09,53,57,3804,7844
2023-02-06 14:57:09,53,55,3804,7844
2023-02-06 14:57:16,53,57,3804,7844
2023-02-06 14:57:18,53,56,3804,7844
2023-02-06 14:57:19,52,56,3804,7844
2023-02-06 14:57:20,53,56,3804,7844
2023-02-06 14:57:20,55,56,3804,7844
2023-02-06 14:57:37,55,57,3804,7844
2023-02-06 14:57:48,53,57,3804,7844
2023-02-06 14:57:59,54,57,3804,7844
2023-02-06 14:58:13,53,59,3804,7844
2023-02-06 14:58:13,55,59,3804,7844
2023-02-06 14:58:29,55,58,3804,7844
2023-02-06 14:58:37,57,58,3804,7844
2023-02-06 14:58:43,57,59,3804,7844
2023-02-06 14:58:51,57,61,3804,7844
2023-02-06 14:59:04,57,60,3804,7844
2023-02-06 14:59:09,57,59,3804,7844
2023-02-06 14:59:10,56,59,3804,7844
2023-02-06 14:59:18,58,59,3804,7844
2023-02-06 14:59:37,58,59,3789,7859
2023-02-06 14:59:41,58,60,3789,7859
2023-02-06 14:59:45,58,60,3789,7867
2023-02-06 14:59:45,58,59,3789,7867
2023-02-06 14:59:48,54,59,3789,7867
2023-02-06 14:59:50,55,59,3789,7867
2023-02-06 15:00:06,55,58,3789,7867
2023-02-06 15:00:26,55,57,3789,7867
2023-02-06 15:00:38,55,58,3789,7867
2023-02-06 15:00:45,56,58,3789,7867
2023-02-06 15:00:48,56,60,3789,7867
2023-02-06 15:00:48,56,57,3789,7867
2023-02-06 15:01:04,55,57,3789,7867
2023-02-06 15:01:19,54,57,3789,7867
2023-02-06 15:01:22,54,58,3789,7867
2023-02-06 15:01:26,55,58,3789,7867
2023-02-06 15:01:38,54,58,3789,7867
2023-02-06 15:01:44,54,58,3814,7892
2023-02-06 15:01:44,55,58,3814,7892
2023-02-06 15:01:47,57,58,3814,7892
2023-02-06 15:01:50,57,60,3814,7892
2023-02-06 15:02:05,56,60,3822,7900
2023-02-06 15:02:07,58,60,3822,7900
2023-02-06 15:02:19,57,60,3822,7900
2023-02-06 15:02:20,57,61,3822,7900
2023-02-06 15:02:29,56,61,3822,7900
2023-02-06 15:02:45,56,61,3822,7900
2023-02-06 15:02:47,56,60,3822,7900
2023-02-06 15:02:48,55,60,3822,7900
2023-02-06 15:02:48,57,60,3822,7900
2023-02-06 15:03:05,56,60,3822,7900
2023-02-06 15:03:16,56,59,3822,7900
2023-02-06 15:03:19,55,59,3822,7900
2023-02-06 15:03:48,55,58,3822,7900
2023-02-06 15:03:49,54,58,3822,7900
2023-02-06 15:03:49,56,58,3822,7900
2023-02-06 15:04:01,55,58,3822,7900
2023-02-06 15:04:13,55,57,3822,7900
2023-02-06 15:04:17,56,57,3822,7900
2023-02-06 15:04:37,56,59,3823,7901
2023-02-06 15:04:48,56,61,3823,7901
2023-02-06 15:04:50,58,61,3823,7901
2023-02-06 15:04:58,58,62,3823,7901
2023-02-06 15:05:06,57,62,3823,7901
2023-02-06 15:05:11,58,62,3823,7901
2023-02-06 15:05:35,60,62,3823,7901
2023-02-06 15:05:48,59,62,3823,7901
2023-02-06 15:05:49,59,64,3823,7901
2023-02-06 15:05:49,59,65,3823,7901
2023-02-06 15:05:51,61,65,3823,7901
2023-02-06 15:06:03,60,65,3823,7901
2023-02-06 15:06:03,60,63,3823,7901
2023-02-06 15:06:11,62,63,3823,7901
2023-02-06 15:06:23,62,66,3823,7901
2023-02-06 15:06:24,61,66,3823,7901
2023-02-06 15:06:36,63,66,3823,7901
2023-02-06 15:06:38,63,64,3823,7901
2023-02-06 15:06:47,62,64,3823,7901
2023-02-06 15:06:48,63,64,3823,7901
2023-02-06 15:06:52,63,64,3823,7909
2023-02-06 15:06:56,63,67,3823,7909
2023-02-06 15:06:56,64,67,3823,7909
2023-02-06 15:07:11,63,64,3853,7939
2023-02-06 15:07:12,63,64,3853,7947
2023-02-06 15:07:19,63,64,3853,8030
2023-02-06 15:07:36,64,66,3853,8030
2023-02-06 15:07:40,64,67,3853,8030
2023-02-06 15:07:46,61,62,3853,8159
2023-02-06 15:07:47,56,62,3853,8159
2023-02-06 15:07:47,60,62,3853,8159
2023-02-06 15:07:47,60,62,3853,8268
2023-02-06 15:07:48,60,62,3853,8355
2023-02-06 15:07:53,60,62,3853,8363
2023-02-06 15:07:54,60,62,3853,8373
2023-02-06 15:07:56,60,62,3918,8473
2023-02-06 15:07:58,60,62,4018,8573
2023-02-06 15:08:06,60,67,4018,8573
2023-02-06 15:08:06,60,66,4018,8573
2023-02-06 15:08:14,65,66,4018,8573
2023-02-06 15:08:19,64,65,4018,8581
2023-02-06 15:08:46,64,66,4018,8581
2023-02-06 15:08:50,63,66,4018,8581
2023-02-06 15:08:52,63,65,4018,8581
2023-02-06 15:08:54,63,65,4018,8589
2023-02-06 15:08:55,64,65,4018,8589
2023-02-06 15:09:14,65,66,4018,8589
2023-02-06 15:09:25,64,65,4018,8597
2023-02-06 15:09:30,64,65,4033,8612
2023-02-06 15:09:49,63,65,4033,8612
2023-02-06 15:10:09,62,65,4033,8612
2023-02-06 15:10:09,62,66,4033,8612
2023-02-06 15:10:15,65,66,4033,8612
2023-02-06 15:10:23,62,66,4033,8630
2023-02-06 15:10:23,56,66,4033,8630
2023-02-06 15:10:23,56,64,4033,8630
2023-02-06 15:10:24,57,64,4033,8630
2023-02-06 15:10:38,57,64,4033,8638
2023-02-06 15:10:39,63,64,4033,8638
2023-02-06 15:10:47,63,66,4033,8638
2023-02-06 15:10:52,63,67,4033,8638
2023-02-06 15:10:56,63,67,4033,8646
2023-02-06 15:10:57,66,67,4033,8646
2023-02-06 15:11:07,62,66,4033,8656
2023-02-06 15:11:16,60,66,4033,8656
2023-02-06 15:11:17,60,66,4033,8664
2023-02-06 15:11:17,59,66,4033,8664
2023-02-06 15:11:17,61,66,4033,8664
2023-02-06 15:11:17,63,66,4033,8664
2023-02-06 15:11:17,65,66,4033,8664
2023-02-06 15:11:38,65,67,4033,8664
2023-02-06 15:11:39,63,67,4033,8664
2023-02-06 15:11:40,63,67,4033,8672
2023-02-06 15:11:41,66,67,4033,8672
2023-02-06 15:11:57,66,67,4033,8680
2023-02-06 15:11:58,66,67,4033,8690
2023-02-06 15:12:08,64,67,4144,8801
2023-02-06 15:12:14,64,66,4144,8801
2023-02-06 15:12:18,64,66,4144,8809
2023-02-06 15:12:18,65,66,4144,8809
2023-02-06 15:12:19,65,66,4182,8890
2023-02-06 15:12:19,65,66,4182,8900
2023-02-06 15:12:31,66,67,4182,8900
2023-02-06 15:12:38,66,67,4182,8908
2023-02-06 15:12:39,66,67,4182,8918
2023-02-06 15:12:42,66,71,4319,9055
2023-02-06 15:12:46,65,71,4319,9055
2023-02-06 15:12:48,65,66,4319,9055
2023-02-06 15:12:48,62,66,4319,9055
2023-02-06 15:12:48,62,66,4412,9148
2023-02-06 15:12:48,64,66,4412,9148
2023-02-06 15:12:57,64,66,4422,9158
2023-02-06 15:12:59,64,66,4422,9166
2023-02-06 15:12:59,64,66,4422,9176
2023-02-06 15:13:03,64,71,4645,9399
2023-02-06 15:13:17,66,71,4645,9399
2023-02-06 15:13:20,70,71,4645,9399
2023-02-06 15:13:22,64,65,4744,9516
2023-02-06 15:13:29,64,65,4759,9531
2023-02-06 15:13:39,64,65,4759,9539
2023-02-06 15:13:40,64,65,4759,9549
2023-02-06 15:13:40,64,71,4888,9678
2023-02-06 15:13:48,66,71,4888,9678
2023-02-06 15:13:55,66,67,4888,9678
2023-02-06 15:13:59,66,67,4888,9686
2023-02-06 15:14:00,66,67,4888,9696
2023-02-06 15:14:16,66,71,4888,9696
2023-02-06 15:14:17,63,71,4888,9696
2023-02-06 15:14:17,67,71,4888,9696
2023-02-06 15:14:20,67,71,4880,9704
2023-02-06 15:14:21,71,72,4873,9711
2023-02-06 15:14:29,65,67,4964,9805
2023-02-06 15:14:40,65,67,4964,9813
2023-02-06 15:14:41,65,67,4964,9823
2023-02-06 15:14:46,65,72,4964,9823
2023-02-06 15:14:46,65,71,4964,9823
2023-02-06 15:14:46,63,71,4964,9823
2023-02-06 15:14:47,64,71,4964,9823
2023-02-06 15:14:47,66,71,4964,9823
2023-02-06 15:15:01,66,71,4956,9831
2023-02-06 15:15:01,66,71,4946,9841
2023-02-06 15:15:03,66,67,4946,9841
2023-02-06 15:15:15,66,67,4946,9849
2023-02-06 15:15:16,66,67,4946,9859
2023-02-06 15:15:21,66,71,4946,9859
2023-02-06 15:15:22,66,72,4946,9859
2023-02-06 15:15:22,62,72,4946,9859
2023-02-06 15:15:22,57,72,4946,9859
2023-02-06 15:15:33,68,72,4946,9859
2023-02-06 15:15:34,71,72,4946,9859
2023-02-06 15:15:37,68,72,5576,10507
2023-02-06 15:15:54,71,72,5576,10507
2023-02-06 15:16:11,68,72,5928,10869
2023-02-06 15:16:13,69,72,5928,10869
2023-02-06 15:16:17,69,71,5928,10869
2023-02-06 15:16:20,69,72,5928,10869
2023-02-06 15:16:34,71,72,5928,10869
2023-02-06 15:16:45,70,72,5928,10869
2023-02-06 15:16:54,70,72,6229,11180
2023-02-06 15:17:19,68,72,6937,11906
2023-02-06 15:17:35,68,72,6929,11914
2023-02-06 15:17:35,71,72,6929,11914
2023-02-06 15:17:41,71,73,6929,11914
2023-02-06 15:17:54,57,67,6946,11941
2023-02-06 15:17:56,57,67,6946,11949
2023-02-06 15:17:56,57,67,6946,11959
2023-02-06 15:18:06,57,73,7178,12191
2023-02-06 15:18:16,71,73,7178,12191
2023-02-06 15:18:25,71,72,7178,12191
2023-02-06 15:18:28,70,72,7178,12191
2023-02-06 15:18:36,57,69,7178,12209
2023-02-06 15:18:37,57,69,7178,12219
2023-02-06 15:18:56,72,73,7178,12219
2023-02-06 15:19:01,57,68,7178,12237
2023-02-06 15:19:17,57,68,7178,12245
2023-02-06 15:19:17,57,68,7178,12255
2023-02-06 15:19:18,65,68,7178,12255
2023-02-06 15:19:18,67,68,7178,12255
2023-02-06 15:19:18,67,68,7240,12317
2023-02-06 15:19:19,67,73,7240,12317
2023-02-06 15:19:36,67,70,7240,12317
2023-02-06 15:19:38,67,70,7240,12325
2023-02-06 15:19:38,67,70,7240,12335
2023-02-06 15:19:45,68,70,7240,12335
2023-02-06 15:19:49,69,70,7240,12335
2023-02-06 15:19:53,69,73,7499,12594
2023-02-06 15:19:58,72,73,7499,12594
2023-02-06 15:20:09,68,69,7561,12666
2023-02-06 15:20:18,68,69,7561,12674
2023-02-06 15:20:18,68,69,7561,12684
2023-02-06 15:20:28,68,73,7561,12684
2023-02-06 15:20:29,70,73,7561,12684
2023-02-06 15:20:36,70,72,7561,12684
2023-02-06 15:20:37,70,73,7561,12684
2023-02-06 15:20:38,71,73,7561,12684
2023-02-06 15:20:43,68,69,7628,12769
2023-02-06 15:20:49,68,69,7723,12864
2023-02-06 15:20:54,68,69,7723,12874
2023-02-06 15:21:14,69,73,7723,12874
2023-02-06 15:21:17,69,70,7723,12874
2023-02-06 15:21:34,71,73,7723,12874
2023-02-06 15:21:49,68,70,7723,12884
2023-02-06 15:22:02,71,73,7723,12884
2023-02-06 15:22:15,72,73,7723,12884
2023-02-06 15:22:23,68,69,7800,12971
2023-02-06 15:22:36,68,69,7800,12981
2023-02-06 15:22:52,71,73,7800,12981
2023-02-06 15:22:56,72,73,7800,12981
2023-02-06 15:22:56,68,69,7945,13136
2023-02-06 15:23:11,68,71,7945,13136
2023-02-06 15:23:16,68,71,7935,13146
2023-02-06 15:23:18,69,71,7935,13146
2023-02-06 15:23:30,68,71,8675,13886
2023-02-06 15:23:36,68,71,8665,13896
2023-02-06 15:23:51,69,71,8665,13896
2023-02-06 15:23:52,69,71,8665,13973
2023-02-06 15:23:57,69,71,8655,13983
2023-02-06 15:24:04,68,71,8958,14286
2023-02-06 15:24:06,68,76,8958,14286
2023-02-06 15:24:13,68,74,8958,14286
2023-02-06 15:24:18,73,74,8958,14286
2023-02-06 15:24:39,68,69,8958,14306
2023-02-06 15:24:46,68,69,9027,14375
2023-02-06 15:24:46,68,69,9103,14451
2023-02-06 15:24:54,68,74,9103,14451
2023-02-06 15:24:58,71,74,9103,14451
2023-02-06 15:25:12,68,74,9608,14966
2023-02-06 15:25:20,71,74,9608,14966
2023-02-06 15:25:39,71,74,9598,14976
2023-02-06 15:25:46,68,69,9733,15111
2023-02-06 15:25:48,68,69,9833,15211
2023-02-06 15:25:48,68,69,9833,15221
2023-02-06 15:25:52,68,69,9933,15321
2023-02-06 15:25:56,68,69,10033,15421
2023-02-06 15:25:58,69,74,10093,15481
2023-02-06 15:26:11,68,74,10093,15481
2023-02-06 15:26:13,68,74,10093,15623
2023-02-06 15:26:17,68,75,10093,15623
2023-02-06 15:26:22,68,77,10093,15623
2023-02-06 15:26:22,68,76,10093,15623
2023-02-06 15:26:24,68,75,10093,15623
2023-02-06 15:26:27,68,76,10093,15623
2023-02-06 15:26:48,71,76,10093,15623
2023-02-06 15:26:49,71,75,10093,15623
2023-02-06 15:26:55,71,76,10093,15623
2023-02-06 15:27:08,72,76,10093,15623
2023-02-06 15:27:43,71,76,10093,15623
2023-02-06 15:27:44,71,77,10093,15623
2023-02-06 15:27:48,74,77,10093,15623
2023-02-06 15:28:15,73,77,10093,15623
2023-02-06 15:28:47,75,77,10093,15623
2023-02-06 15:28:55,75,79,10093,15623
2023-02-06 15:29:10,77,79,10093,15623
2023-02-06 15:29:25,78,79,10093,15623
2023-02-06 15:29:56,80,81,10353,15913
2023-02-06 15:29:57,80,81,10353,16013
2023-02-06 15:30:03,80,81,10353,16028
2023-02-06 15:30:03,80,81,10383,16058
2023-02-06 15:30:04,80,81,10398,16073
2023-02-06 15:30:05,80,83,10398,16073
2023-02-06 15:30:05,78,79,10403,16078
2023-02-06 15:30:08,78,79,10403,16263
2023-02-06 15:30:08,76,79,10403,16263
2023-02-06 15:30:08,76,78,10403,16263
2023-02-06 15:30:12,76,79,10403,16263
2023-02-06 15:30:12,78,79,10403,16263
2023-02-06 15:30:13,76,79,10403,16268
2023-02-06 15:30:14,76,78,10403,16268
2023-02-06 15:30:14,76,77,10403,16268
2023-02-06 15:30:18,76,78,10403,16268
2023-02-06 15:30:21,77,78,10403,16268
2023-02-06 15:30:23,78,79,10403,16273
2023-02-06 15:30:27,76,79,10403,16283
2023-02-06 15:30:28,76,80,10403,16283
2023-02-06 15:30:28,76,79,10403,16283
2023-02-06 15:30:29,76,80,10403,16283
2023-02-06 15:30:47,76,77,10403,16283
2023-02-06 15:31:08,78,80,10413,16293
2023-02-06 15:31:08,76,78,10418,16298
2023-02-06 15:31:30,76,80,10418,16298
2023-02-06 15:31:40,77,80,10418,16298
2023-02-06 15:31:59,78,80,10418,16298
2023-02-06 15:32:56,79,80,10418,16298
2023-02-06 15:34:12,80,83,10423,16303
2023-02-06 15:34:56,80,84,10423,16303
2023-02-06 15:35:39,81,84,10423,16303
2023-02-06 15:36:18,81,82,10423,16303
2023-02-06 15:36:21,80,82,10423,16303
2023-02-06 15:36:39,79,82,10423,16303
2023-02-06 15:36:46,78,82,10423,16303
2023-02-06 15:36:46,78,80,10423,16303
2023-02-06 15:36:47,77,80,10423,16303
2023-02-06 15:36:47,77,82,10423,16303
2023-02-06 15:36:54,79,82,10423,16303
2023-02-06 15:37:12,80,82,10423,16303
2023-02-06 15:37:21,80,84,10423,16303
2023-02-06 15:37:41,81,84,10423,16303
2023-02-06 15:38:21,82,84,10423,16303
2023-02-06 15:38:22,82,85,10423,16303
2023-02-06 15:39:49,83,85,10423,16303
2023-02-06 15:40:26,82,85,10423,16303
2023-02-06 15:40:45,83,85,10423,16303
2023-02-06 15:41:39,82,85,10423,16303
2023-02-06 15:41:52,83,85,10423,16303
2023-02-06 15:42:09,84,85,10423,16303
2023-02-06 15:42:21,84,85,10438,16318
2023-02-06 15:42:25,84,85,10448,16328
2023-02-06 15:42:41,82,85,10448,16328
2023-02-06 15:43:39,83,85,10458,16338
2023-02-06 15:44:07,82,85,10458,16338
2023-02-06 15:44:17,82,85,10459,16339
2023-02-06 15:44:19,83,85,10459,16339
2023-02-06 15:44:30,83,85,10464,16344
2023-02-06 15:44:45,84,85,10464,16344
2023-02-06 15:45:42,84,91,10673,16553
2023-02-06 15:45:42,84,90,10673,16553
2023-02-06 15:46:05,84,90,10693,16573
2023-02-06 15:46:48,84,89,10693,16573
2023-02-06 15:47:09,84,90,10693,16573
2023-02-06 15:48:44,85,90,10693,16573
2023-02-06 15:49:11,84,90,10693,16573
2023-02-06 15:49:45,85,90,10693,16573
2023-02-06 15:49:56,85,95,10703,16583
2023-02-06 15:50:01,85,94,10703,16583
2023-02-06 15:50:05,86,94,10703,16583
2023-02-06 15:50:12,86,93,10703,16583
2023-02-06 15:50:26,86,92,10703,16583
2023-02-06 15:50:26,86,91,10703,16583
2023-02-06 15:50:27,82,91,10703,16583
2023-02-06 15:50:47,83,91,10703,16583
2023-02-06 15:50:53,83,93,10703,16583
2023-02-06 15:50:53,83,92,10703,16583
2023-02-06 15:51:11,81,94,10703,16583
2023-02-06 15:51:12,81,93,10703,16583
2023-02-06 15:51:21,82,93,10703,16583
2023-02-06 15:51:29,82,95,10703,16583
2023-02-06 15:51:29,82,94,10703,16583
2023-02-06 15:51:43,83,94,10703,16583
2023-02-06 15:52:11,82,94,10703,16583
2023-02-06 15:52:13,82,95,10703,16583
2023-02-06 15:52:23,83,95,10703,16583
2023-02-06 15:53:03,88,95,10703,16583
2023-02-06 15:53:06,88,94,10703,16583
2023-02-06 15:53:17,88,93,10703,16583
2023-02-06 15:53:18,88,92,10703,16583
2023-02-06 15:53:19,88,91,10703,16583
2023-02-06 15:53:22,72,88,10693,16593
2023-02-06 15:53:23,86,88,10693,16593
2023-02-06 15:53:24,89,90,10693,16683
2023-02-06 15:53:25,89,91,10693,16683
2023-02-06 15:53:25,89,90,10693,16683
2023-02-06 15:53:25,89,90,10693,16783
2023-02-06 15:53:28,89,90,10693,16813
2023-02-06 15:53:29,89,90,10698,16818
2023-02-06 15:53:29,89,92,10698,16818
2023-02-06 15:53:29,89,92,10698,17018
2023-02-06 15:53:29,89,91,10698,17018
2023-02-06 15:53:33,86,89,10748,17093
2023-02-06 15:53:35,88,89,10748,17093
2023-02-06 15:53:36,86,89,10778,17123
2023-02-06 15:53:41,72,88,10768,17133
2023-02-06 15:53:43,86,88,10768,17133
2023-02-06 15:53:47,72,88,10758,17143
2023-02-06 15:53:57,72,95,10788,17173
2023-02-06 15:53:57,72,94,10788,17173
2023-02-06 15:53:58,72,95,10788,17173
2023-02-06 15:54:04,88,95,10788,17173
2023-02-06 15:54:13,88,94,10788,17173
2023-02-06 15:54:16,88,95,10788,17173
2023-02-06 15:54:23,88,95,10792,17177
2023-02-06 15:54:27,87,95,10792,17177
2023-02-06 15:54:28,87,94,10792,17177
2023-02-06 15:54:28,87,93,10792,17177
2023-02-06 15:54:32,87,94,10792,17177
2023-02-06 15:54:32,87,92,10792,17177
2023-02-06 15:54:34,72,87,10792,17187
2023-02-06 15:54:38,84,87,10792,17187
2023-02-06 15:54:40,84,94,10792,17187
2023-02-06 15:54:41,84,95,10792,17187
2023-02-06 15:54:42,84,94,10792,17187
2023-02-06 15:54:59,87,94,10792,17187
2023-02-06 15:54:59,87,95,10792,17187
2023-02-06 15:55:09,87,97,10792,17187
2023-02-06 15:55:20,90,97,10792,17187
2023-02-06 15:55:39,91,97,10792,17187
2023-02-06 15:56:20,92,97,10792,17187
2023-02-06 15:56:33,97,98,10792,17197
2023-02-06 15:56:58,98,99,10792,17217
2023-02-06 15:57:33,98,100,11288,17738
2023-02-06 15:57:40,99,100,11288,17738
