datetime,bid,ask,open_interest,volume
2023-02-06 09:30:15,18,100,349,349
2023-02-06 09:30:15,18,27,349,349
2023-02-06 09:30:16,18,24,349,349
2023-02-06 09:30:30,16,24,349,349
2023-02-06 09:30:34,16,24,349,349
2023-02-06 09:30:36,16,22,349,349
2023-02-06 09:31:00,16,24,349,349
2023-02-06 09:31:03,16,22,349,349
2023-02-06 09:31:32,16,20,349,349
2023-02-06 09:31:33,11,20,349,349
2023-02-06 09:31:33,14,20,349,349
2023-02-06 09:31:34,14,22,349,349
2023-02-06 09:31:38,14,20,349,349
2023-02-06 09:31:42,14,22,349,349
2023-02-06 09:31:59,14,20,349,349
2023-02-06 09:32:14,14,18,349,349
2023-02-06 09:32:14,11,18,349,349
2023-02-06 09:32:14,9,18,349,349
2023-02-06 09:32:14,12,18,349,349
2023-02-06 09:32:15,12,20,349,349
2023-02-06 09:32:16,12,18,349,349
2023-02-06 09:32:18,12,20,349,349
2023-02-06 09:32:21,12,18,349,349
2023-02-06 09:32:45,12,20,349,349
2023-02-06 09:32:52,12,18,349,349
2023-02-06 09:34:00,12,20,349,349
2023-02-06 09:34:12,12,18,349,349
2023-02-06 09:34:14,12,20,349,349
2023-02-06 09:34:23,12,18,349,349
2023-02-06 09:34:30,12,20,349,349
2023-02-06 09:34:46,12,18,349,349
2023-02-06 09:35:35,12,16,349,349
2023-02-06 09:35:36,10,16,349,349
2023-02-06 09:35:41,10,18,349,349
2023-02-06 09:35:42,10,16,349,349
2023-02-06 09:35:52,10,18,349,349
2023-02-06 09:35:58,12,18,349,349
2023-02-06 09:36:18,10,18,349,349
2023-02-06 09:36:21,12,18,349,349
2023-02-06 09:36:27,10,18,349,349
2023-02-06 09:36:28,12,18,349,349
2023-02-06 09:36:39,12,20,349,349
2023-02-06 09:36:44,12,18,349,349
2023-02-06 09:36:50,12,20,349,349
2023-02-06 09:37:03,14,20,349,349
2023-02-06 09:37:52,14,21,349,349
2023-02-06 09:37:52,16,21,349,349
2023-02-06 09:37:59,16,23,349,349
2023-02-06 09:38:43,14,23,349,349
2023-02-06 09:38:43,14,21,349,349
2023-02-06 09:38:57,14,23,349,349
2023-02-06 09:38:57,16,23,349,349
2023-02-06 09:39:01,16,21,349,349
2023-02-06 09:39:01,14,21,349,349
2023-02-06 09:39:03,16,21,349,349
2023-02-06 09:39:04,16,23,349,349
2023-02-06 09:39:13,14,23,349,349
2023-02-06 09:39:45,14,19,349,349
2023-02-06 09:39:52,14,21,349,349
2023-02-06 09:40:43,16,21,349,349
2023-02-06 09:40:43,16,23,349,349
2023-02-06 09:40:45,14,23,349,349
2023-02-06 09:40:45,14,21,349,349
2023-02-06 09:40:47,14,23,349,349
2023-02-06 09:40:49,16,23,349,349
2023-02-06 09:40:51,14,23,349,349
2023-02-06 09:40:51,14,21,349,349
2023-02-06 09:41:21,17,21,349,349
2023-02-06 09:41:47,17,20,349,349
2023-02-06 09:41:48,15,20,349,349
2023-02-06 09:41:59,15,19,349,349
2023-02-06 09:42:34,15,17,349,349
2023-02-06 09:42:43,15,19,349,349
2023-02-06 09:42:49,14,19,349,349
2023-02-06 09:43:44,16,19,349,349
2023-02-06 09:43:52,16,20,349,349
2023-02-06 09:44:02,15,20,349,349
2023-02-06 09:44:04,16,20,349,349
2023-02-06 09:44:07,15,20,349,349
2023-02-06 09:44:11,16,20,349,349
2023-02-06 09:44:21,15,20,349,349
2023-02-06 09:44:23,15,21,349,349
2023-02-06 09:44:23,17,21,349,349
2023-02-06 09:44:47,17,19,349,349
2023-02-06 09:44:49,16,19,349,349
2023-02-06 09:44:50,16,21,349,349
2023-02-06 09:44:54,16,19,349,349
2023-02-06 09:44:55,14,19,71,627
2023-02-06 09:44:56,14,21,71,627
2023-02-06 09:45:14,14,19,71,627
2023-02-06 09:45:22,14,18,71,627
2023-02-06 09:45:31,14,17,71,627
2023-02-06 09:45:53,13,17,71,627
2023-02-06 09:46:21,13,16,71,627
2023-02-06 09:46:21,12,16,71,627
2023-02-06 09:46:41,13,16,71,627
2023-02-06 09:46:42,12,16,71,627
2023-02-06 09:46:48,12,18,71,627
2023-02-06 09:46:49,13,18,71,627
2023-02-06 09:46:49,13,17,71,627
2023-02-06 09:47:49,12,17,71,627
2023-02-06 09:47:49,11,17,71,627
2023-02-06 09:47:51,11,16,71,627
2023-02-06 09:47:53,12,16,71,627
2023-02-06 09:48:17,13,16,71,627
2023-02-06 09:48:19,12,16,71,627
2023-02-06 09:48:24,13,16,71,627
2023-02-06 09:48:45,15,16,71,627
2023-02-06 09:48:50,15,18,71,627
2023-02-06 09:49:04,14,18,71,627
2023-02-06 09:49:18,14,19,71,627
2023-02-06 09:49:19,16,19,71,627
2023-02-06 09:49:48,16,18,71,627
2023-02-06 09:49:48,14,18,71,627
2023-02-06 09:49:51,14,17,71,627
2023-02-06 09:49:58,14,18,71,627
2023-02-06 09:50:21,14,19,71,627
2023-02-06 09:50:22,13,19,71,627
2023-02-06 09:50:23,13,17,71,627
2023-02-06 09:50:48,14,17,71,627
2023-02-06 09:50:48,14,19,71,627
2023-02-06 09:51:09,14,17,71,627
2023-02-06 09:51:21,13,17,71,627
2023-02-06 09:51:48,13,16,71,627
2023-02-06 09:51:49,12,16,71,627
2023-02-06 09:52:47,13,16,71,627
2023-02-06 09:52:48,13,19,71,627
2023-02-06 09:52:48,13,17,71,627
2023-02-06 09:53:11,15,17,71,627
2023-02-06 09:53:12,13,17,71,627
2023-02-06 09:53:17,15,17,71,627
2023-02-06 09:53:17,13,17,71,627
2023-02-06 09:53:18,13,18,71,627
2023-02-06 09:53:18,15,18,71,627
2023-02-06 09:53:48,15,20,71,627
2023-02-06 09:53:48,16,20,71,627
2023-02-06 09:53:55,17,20,71,627
2023-02-06 09:54:08,16,20,71,627
2023-02-06 09:54:17,16,21,71,627
2023-02-06 09:54:44,16,20,71,627
2023-02-06 09:54:45,16,21,71,627
2023-02-06 09:54:46,16,22,71,627
2023-02-06 09:54:46,16,20,71,627
2023-02-06 09:54:46,15,20,71,627
2023-02-06 09:55:09,15,18,71,627
2023-02-06 09:55:11,15,20,71,627
2023-02-06 09:55:21,15,18,71,627
2023-02-06 09:55:47,14,18,71,627
2023-02-06 09:55:48,13,18,71,627
2023-02-06 09:56:00,15,18,71,627
2023-02-06 09:56:04,13,18,71,627
2023-02-06 09:56:17,14,18,71,627
2023-02-06 09:56:19,14,19,71,627
2023-02-06 09:56:31,15,19,71,627
2023-02-06 09:56:32,14,19,71,627
2023-02-06 09:56:42,15,19,71,627
2023-02-06 09:57:18,16,19,71,627
2023-02-06 09:57:19,16,20,71,627
2023-02-06 09:57:48,15,20,71,627
2023-02-06 09:58:06,15,18,71,627
2023-02-06 09:58:07,15,20,71,627
2023-02-06 09:58:09,15,18,71,627
2023-02-06 09:58:09,15,20,71,627
2023-02-06 09:58:17,15,19,71,627
2023-02-06 09:58:31,15,18,71,627
2023-02-06 09:58:34,15,19,71,627
2023-02-06 09:58:41,15,18,71,627
2023-02-06 09:58:46,15,19,71,627
2023-02-06 09:58:49,14,19,71,627
2023-02-06 09:58:50,14,18,71,627
2023-02-06 09:59:48,13,18,71,627
2023-02-06 09:59:48,13,17,71,627
2023-02-06 10:00:23,13,18,71,627
2023-02-06 10:00:31,13,16,71,627
2023-02-06 10:00:36,13,18,71,627
2023-02-06 10:00:37,13,16,71,627
2023-02-06 10:00:41,13,18,71,627
2023-02-06 10:00:46,13,16,71,627
2023-02-06 10:00:58,13,17,71,627
2023-02-06 10:00:59,13,16,71,627
2023-02-06 10:01:18,12,16,71,627
2023-02-06 10:01:21,12,14,71,627
2023-02-06 10:01:30,12,16,71,627
2023-02-06 10:01:31,12,14,71,627
2023-02-06 10:01:35,12,16,71,627
2023-02-06 10:01:48,11,16,71,627
2023-02-06 10:01:49,11,15,71,627
2023-02-06 10:01:49,11,14,71,627
2023-02-06 10:01:49,10,14,71,627
2023-02-06 10:02:17,11,14,71,627
2023-02-06 10:02:22,11,15,71,627
2023-02-06 10:02:23,11,14,71,627
2023-02-06 10:02:25,11,15,71,627
2023-02-06 10:02:51,11,14,71,627
2023-02-06 10:02:55,11,15,71,627
2023-02-06 10:02:59,11,14,71,627
2023-02-06 10:03:02,11,15,71,627
2023-02-06 10:03:02,11,14,71,627
2023-02-06 10:03:18,10,14,71,627
2023-02-06 10:04:16,10,12,71,627
2023-02-06 10:04:19,10,14,71,627
2023-02-06 10:04:21,9,14,71,627
2023-02-06 10:04:21,10,14,71,627
2023-02-06 10:04:36,10,12,71,627
2023-02-06 10:04:38,10,14,71,627
2023-02-06 10:04:47,9,14,71,627
2023-02-06 10:04:48,9,13,71,627
2023-02-06 10:05:20,9,14,71,627
2023-02-06 10:05:21,10,14,71,627
2023-02-06 10:06:18,10,16,71,627
2023-02-06 10:06:18,11,16,71,627
2023-02-06 10:06:20,12,16,71,627
2023-02-06 10:06:46,11,16,71,627
2023-02-06 10:06:47,11,15,71,627
2023-02-06 10:07:09,11,14,71,627
2023-02-06 10:07:17,10,14,71,627
2023-02-06 10:07:17,11,14,71,627
2023-02-06 10:07:48,10,14,71,627
2023-02-06 10:08:20,9,14,71,627
2023-02-06 10:08:20,9,13,71,627
2023-02-06 10:08:21,9,12,71,627
2023-02-06 10:08:29,9,13,71,627
2023-02-06 10:08:30,9,12,71,627
2023-02-06 10:08:31,9,13,71,627
2023-02-06 10:08:34,9,12,71,627
2023-02-06 10:08:43,9,13,71,627
2023-02-06 10:08:45,9,12,71,627
2023-02-06 10:08:48,8,12,71,627
2023-02-06 10:09:18,7,12,71,627
2023-02-06 10:09:18,8,12,71,627
2023-02-06 10:09:49,9,12,71,627
2023-02-06 10:10:08,9,13,71,627
2023-02-06 10:10:22,8,13,71,627
2023-02-06 10:10:22,8,12,71,627
2023-02-06 10:10:48,8,13,71,627
2023-02-06 10:10:49,9,13,71,627
2023-02-06 10:11:18,9,14,71,627
2023-02-06 10:11:18,10,14,71,627
2023-02-06 10:11:48,11,14,71,627
2023-02-06 10:11:49,11,16,71,627
2023-02-06 10:11:50,11,15,71,627
2023-02-06 10:12:18,11,16,71,627
2023-02-06 10:12:19,12,16,71,627
2023-02-06 10:12:47,12,15,71,627
2023-02-06 10:12:48,11,15,71,627
2023-02-06 10:13:08,11,14,71,627
2023-02-06 10:13:16,11,15,71,627
2023-02-06 10:13:16,11,14,71,627
2023-02-06 10:13:26,11,15,71,627
2023-02-06 10:14:47,11,17,71,627
2023-02-06 10:14:47,13,17,71,627
2023-02-06 10:15:48,13,19,71,627
2023-02-06 10:15:48,15,19,71,627
2023-02-06 10:16:17,15,21,71,627
2023-02-06 10:16:18,16,21,71,627
2023-02-06 10:16:46,17,21,71,627
2023-02-06 10:17:18,17,22,71,627
2023-02-06 10:17:47,17,21,71,627
2023-02-06 10:18:18,15,21,71,627
2023-02-06 10:18:19,16,21,71,627
2023-02-06 10:18:22,17,21,71,627
2023-02-06 10:18:27,16,21,71,627
2023-02-06 10:18:47,15,21,71,627
2023-02-06 10:18:48,17,21,71,627
2023-02-06 10:19:17,17,22,71,627
2023-02-06 10:19:47,18,22,71,627
2023-02-06 10:20:03,19,22,71,627
2023-02-06 10:20:24,19,25,71,627
2023-02-06 10:20:24,19,23,71,627
2023-02-06 10:20:48,19,24,71,627
2023-02-06 10:20:53,21,24,71,627
2023-02-06 10:20:54,19,24,71,627
2023-02-06 10:20:59,21,24,71,627
2023-02-06 10:21:21,21,28,71,627
2023-02-06 10:21:21,21,27,71,627
2023-02-06 10:21:22,21,25,71,627
2023-02-06 10:21:46,23,25,71,627
2023-02-06 10:21:48,21,25,71,627
2023-02-06 10:21:56,23,25,71,627
2023-02-06 10:22:18,23,26,71,627
2023-02-06 10:22:32,21,26,71,627
2023-02-06 10:22:47,22,26,71,627
2023-02-06 10:22:49,22,27,71,627
2023-02-06 10:23:14,23,27,71,627
2023-02-06 10:23:18,23,25,71,627
2023-02-06 10:23:20,21,25,71,627
2023-02-06 10:23:25,23,25,71,627
2023-02-06 10:23:33,21,25,71,627
2023-02-06 10:23:47,21,27,71,627
2023-02-06 10:23:47,21,26,71,627
2023-02-06 10:23:48,22,26,71,627
2023-02-06 10:24:20,21,26,71,627
2023-02-06 10:24:20,21,28,71,627
2023-02-06 10:24:20,21,29,71,627
2023-02-06 10:24:20,21,27,71,627
2023-02-06 10:24:21,21,25,71,627
2023-02-06 10:24:27,23,25,71,627
2023-02-06 10:24:30,21,25,71,627
2023-02-06 10:24:46,21,27,71,627
2023-02-06 10:24:46,21,29,71,627
2023-02-06 10:24:46,21,28,71,627
2023-02-06 10:24:46,22,28,71,627
2023-02-06 10:24:47,22,26,71,627
2023-02-06 10:25:19,21,26,71,627
2023-02-06 10:25:47,21,27,71,627
2023-02-06 10:25:47,21,25,71,627
2023-02-06 10:26:00,23,25,71,627
2023-02-06 10:26:08,21,25,71,627
2023-02-06 10:26:46,23,25,71,627
2023-02-06 10:26:46,21,25,71,627
2023-02-06 10:27:03,23,25,71,627
2023-02-06 10:27:06,21,25,71,627
2023-02-06 10:27:17,21,29,71,627
2023-02-06 10:27:17,21,28,71,627
2023-02-06 10:27:17,21,26,71,627
2023-02-06 10:27:49,23,26,71,627
2023-02-06 10:28:12,25,26,71,627
2023-02-06 10:28:19,25,27,71,627
2023-02-06 10:28:53,25,29,71,627
2023-02-06 10:28:53,25,28,71,627
2023-02-06 10:28:58,23,28,71,627
2023-02-06 10:29:45,23,30,71,627
2023-02-06 10:29:46,23,29,71,627
2023-02-06 10:29:48,23,27,71,627
2023-02-06 10:30:01,25,27,71,627
2023-02-06 10:30:23,23,27,71,627
2023-02-06 10:30:24,23,29,71,627
2023-02-06 10:30:25,23,28,71,627
2023-02-06 10:30:34,25,28,71,627
2023-02-06 10:31:18,27,28,71,627
2023-02-06 10:31:20,27,31,71,627
2023-02-06 10:31:21,27,29,71,627
2023-02-06 10:31:36,27,29,86,642
2023-02-06 10:31:41,25,29,86,642
2023-02-06 10:31:51,25,31,86,642
2023-02-06 10:31:53,26,31,86,642
2023-02-06 10:32:20,26,33,86,642
2023-02-06 10:32:20,26,32,86,642
2023-02-06 10:32:21,25,32,86,642
2023-02-06 10:32:24,25,30,86,642
2023-02-06 10:32:49,25,32,86,642
2023-02-06 10:32:50,26,32,86,642
2023-02-06 10:33:25,27,32,86,642
2023-02-06 10:33:30,27,31,86,642
2023-02-06 10:33:42,27,30,86,642
2023-02-06 10:33:46,27,31,86,642
2023-02-06 10:33:46,27,30,86,642
2023-02-06 10:33:47,27,31,86,642
2023-02-06 10:33:50,25,31,86,642
2023-02-06 10:33:51,23,31,86,642
2023-02-06 10:33:51,24,31,86,642
2023-02-06 10:33:52,26,31,86,642
2023-02-06 10:34:03,26,30,86,642
2023-02-06 10:34:04,26,31,86,642
2023-02-06 10:34:12,26,30,86,642
2023-02-06 10:34:24,25,30,86,642
2023-02-06 10:34:36,25,29,86,642
2023-02-06 10:34:52,25,31,86,642
2023-02-06 10:34:52,25,28,86,642
2023-02-06 10:34:55,24,28,86,642
2023-02-06 10:35:16,24,29,86,642
2023-02-06 10:35:25,23,29,86,642
2023-02-06 10:35:26,23,28,86,642
2023-02-06 10:35:51,24,28,86,642
2023-02-06 10:35:52,24,29,86,642
2023-02-06 10:37:18,23,29,86,642
2023-02-06 10:37:19,24,29,86,642
2023-02-06 10:37:24,24,28,86,642
2023-02-06 10:37:32,24,27,86,642
2023-02-06 10:37:34,24,28,86,642
2023-02-06 10:37:36,24,27,86,642
2023-02-06 10:37:42,24,28,86,642
2023-02-06 10:37:51,23,28,86,642
2023-02-06 10:37:52,23,27,86,642
2023-02-06 10:37:59,23,28,86,642
2023-02-06 10:38:03,23,27,86,642
2023-02-06 10:38:08,23,28,86,642
2023-02-06 10:38:09,23,27,86,642
2023-02-06 10:38:17,23,28,86,642
2023-02-06 10:38:17,23,26,86,642
2023-02-06 10:38:24,21,26,86,642
2023-02-06 10:38:24,22,26,86,642
2023-02-06 10:39:49,22,27,86,642
2023-02-06 10:40:13,22,26,86,642
2023-02-06 10:40:25,20,26,86,642
2023-02-06 10:40:25,19,26,86,642
2023-02-06 10:40:25,23,26,86,642
2023-02-06 10:40:35,23,28,86,642
2023-02-06 10:40:37,23,27,86,642
2023-02-06 10:40:38,23,28,86,642
2023-02-06 10:40:50,23,27,86,642
2023-02-06 10:40:52,22,27,86,642
2023-02-06 10:41:16,22,26,86,642
2023-02-06 10:41:19,22,25,86,642
2023-02-06 10:41:22,21,25,86,642
2023-02-06 10:41:22,23,25,86,642
2023-02-06 10:41:56,21,25,86,642
2023-02-06 10:42:15,21,24,86,642
2023-02-06 10:42:16,21,25,86,642
2023-02-06 10:42:38,21,26,86,642
2023-02-06 10:42:46,21,25,86,642
2023-02-06 10:43:19,19,25,86,642
2023-02-06 10:43:19,21,25,86,642
2023-02-06 10:43:51,21,24,86,642
2023-02-06 10:43:54,21,25,86,642
2023-02-06 10:44:22,21,24,86,642
2023-02-06 10:44:24,20,24,86,642
2023-02-06 10:44:49,19,24,86,642
2023-02-06 10:44:49,19,25,86,642
2023-02-06 10:44:49,21,25,86,642
2023-02-06 10:45:14,21,26,86,642
2023-02-06 10:45:32,21,25,86,642
2023-02-06 10:45:42,21,26,86,642
2023-02-06 10:46:04,21,25,86,642
2023-02-06 10:46:18,21,24,86,642
2023-02-06 10:46:18,22,24,86,642
2023-02-06 10:46:25,22,25,86,642
2023-02-06 10:46:34,22,24,86,642
2023-02-06 10:46:43,22,25,86,642
2023-02-06 10:46:43,22,23,86,642
2023-02-06 10:46:48,22,23,71,657
2023-02-06 10:46:48,22,25,71,657
2023-02-06 10:46:49,20,25,71,657
2023-02-06 10:47:20,20,23,71,657
2023-02-06 10:47:40,19,23,71,657
2023-02-06 10:47:50,18,23,71,657
2023-02-06 10:47:50,18,25,71,657
2023-02-06 10:47:50,18,24,71,657
2023-02-06 10:47:53,20,24,71,657
2023-02-06 10:48:27,18,24,71,657
2023-02-06 10:48:28,18,22,71,657
2023-02-06 10:48:51,18,24,71,657
2023-02-06 10:48:52,18,23,71,657
2023-02-06 10:49:23,18,24,71,657
2023-02-06 10:49:23,18,22,71,657
2023-02-06 10:51:19,18,20,71,657
2023-02-06 10:51:21,18,20,71,672
2023-02-06 10:51:26,17,20,71,672
2023-02-06 10:51:26,16,20,71,672
2023-02-06 10:51:51,16,17,71,672
2023-02-06 10:51:52,15,17,71,672
2023-02-06 10:51:52,12,17,71,672
2023-02-06 10:52:04,13,17,71,672
2023-02-06 10:52:07,12,17,71,672
2023-02-06 10:52:08,13,17,71,672
2023-02-06 10:52:18,12,17,71,672
2023-02-06 10:52:19,13,17,71,672
2023-02-06 10:52:20,13,15,71,672
2023-02-06 10:52:20,12,15,71,672
2023-02-06 10:52:23,13,15,71,672
2023-02-06 10:52:52,13,16,71,672
2023-02-06 10:53:10,12,16,71,672
2023-02-06 10:53:13,13,16,71,672
2023-02-06 10:53:35,12,16,71,672
2023-02-06 10:53:51,12,18,71,672
2023-02-06 10:53:52,12,16,71,672
2023-02-06 10:54:15,13,16,71,672
2023-02-06 10:54:16,13,18,71,672
2023-02-06 10:54:18,13,17,71,672
2023-02-06 10:54:18,13,15,71,672
2023-02-06 10:54:24,12,15,71,672
2023-02-06 10:54:26,13,15,71,672
2023-02-06 10:54:29,12,15,71,672
2023-02-06 10:54:42,13,15,71,672
2023-02-06 10:54:43,12,15,71,672
2023-02-06 10:54:47,12,19,71,672
2023-02-06 10:54:48,12,20,71,672
2023-02-06 10:54:48,12,18,71,672
2023-02-06 10:54:48,12,16,71,672
2023-02-06 10:55:22,12,18,71,672
2023-02-06 10:55:22,12,17,71,672
2023-02-06 10:55:23,12,15,71,672
2023-02-06 10:55:38,13,15,71,672
2023-02-06 10:55:40,12,15,71,672
2023-02-06 10:55:46,13,15,71,672
2023-02-06 10:56:02,12,15,71,672
2023-02-06 10:56:21,12,18,71,672
2023-02-06 10:56:23,12,16,71,672
2023-02-06 10:56:50,12,14,71,672
2023-02-06 10:56:50,10,14,71,672
2023-02-06 10:57:06,11,14,71,672
2023-02-06 10:57:12,10,14,71,672
2023-02-06 10:57:18,10,13,71,672
2023-02-06 10:58:14,11,13,71,672
2023-02-06 10:58:17,10,13,71,672
2023-02-06 10:58:55,11,13,71,672
2023-02-06 10:58:55,10,13,71,672
2023-02-06 10:59:10,11,13,71,672
2023-02-06 10:59:18,10,13,71,672
2023-02-06 10:59:22,11,13,71,672
2023-02-06 10:59:40,10,13,71,672
2023-02-06 10:59:45,11,13,71,672
2023-02-06 10:59:48,11,14,71,672
2023-02-06 11:00:02,10,14,71,672
2023-02-06 11:00:04,11,14,71,672
2023-02-06 11:00:14,10,14,71,672
2023-02-06 11:00:16,11,14,71,672
2023-02-06 11:00:17,10,14,71,672
2023-02-06 11:00:19,11,14,71,672
2023-02-06 11:00:21,10,14,71,672
2023-02-06 11:00:35,11,14,71,672
2023-02-06 11:00:50,11,13,71,672
2023-02-06 11:00:53,12,13,71,672
2023-02-06 11:01:12,10,13,71,672
2023-02-06 11:01:18,11,13,71,672
2023-02-06 11:01:19,11,15,71,672
2023-02-06 11:01:20,10,15,71,672
2023-02-06 11:01:20,11,15,71,672
2023-02-06 11:01:51,11,14,71,672
2023-02-06 11:02:03,10,14,71,672
2023-02-06 11:02:04,11,14,71,672
2023-02-06 11:02:15,12,14,71,672
2023-02-06 11:02:49,13,14,71,672
2023-02-06 11:03:20,13,15,71,672
2023-02-06 11:03:28,11,15,71,672
2023-02-06 11:03:34,12,15,71,672
2023-02-06 11:04:46,10,15,71,672
2023-02-06 11:04:46,13,15,71,672
2023-02-06 11:05:36,11,15,71,672
2023-02-06 11:06:31,10,15,71,672
2023-02-06 11:06:32,10,16,71,672
2023-02-06 11:06:32,10,14,71,672
2023-02-06 11:06:57,9,14,71,672
2023-02-06 11:06:57,9,13,71,672
2023-02-06 11:07:22,9,11,71,672
2023-02-06 11:07:22,8,11,71,672
2023-02-06 11:07:33,9,11,71,672
2023-02-06 11:08:17,8,11,71,672
2023-02-06 11:08:17,10,11,71,672
2023-02-06 11:08:22,10,12,71,672
2023-02-06 11:08:57,11,12,71,672
2023-02-06 11:09:19,11,13,71,672
2023-02-06 11:09:34,12,13,71,672
2023-02-06 11:09:47,11,13,71,672
2023-02-06 11:09:47,11,13,71,687
2023-02-06 11:09:50,11,14,71,687
2023-02-06 11:10:25,12,14,71,687
2023-02-06 11:10:27,12,16,71,687
2023-02-06 11:10:43,12,15,71,687
2023-02-06 11:10:51,11,15,71,687
2023-02-06 11:11:20,10,15,71,687
2023-02-06 11:11:21,10,14,71,687
2023-02-06 11:11:48,10,15,71,687
2023-02-06 11:11:48,10,17,71,687
2023-02-06 11:11:49,10,16,71,687
2023-02-06 11:11:49,11,16,71,687
2023-02-06 11:12:19,12,16,71,687
2023-02-06 11:13:21,11,16,71,687
2023-02-06 11:14:13,12,16,71,687
2023-02-06 11:15:04,12,15,71,687
2023-02-06 11:15:12,12,16,71,687
2023-02-06 11:15:13,12,15,71,687
2023-02-06 11:15:26,11,15,71,687
2023-02-06 11:16:19,10,15,71,687
2023-02-06 11:16:34,11,15,71,687
2023-02-06 11:16:50,11,14,71,687
2023-02-06 11:17:34,11,13,71,687
2023-02-06 11:17:34,11,14,71,687
2023-02-06 11:17:35,11,13,71,687
2023-02-06 11:17:37,10,14,71,687
2023-02-06 11:17:38,10,13,71,687
2023-02-06 11:18:05,10,14,71,687
2023-02-06 11:18:10,10,13,71,687
2023-02-06 11:18:18,10,12,71,687
2023-02-06 11:18:44,9,12,71,687
2023-02-06 11:18:56,9,11,71,687
2023-02-06 11:19:08,8,11,71,687
2023-02-06 11:19:49,6,11,71,687
2023-02-06 11:19:49,6,10,71,687
2023-02-06 11:20:06,8,10,71,687
2023-02-06 11:20:26,8,9,71,687
2023-02-06 11:20:50,8,10,71,687
2023-02-06 11:20:50,8,11,71,687
2023-02-06 11:21:22,8,10,71,687
2023-02-06 11:24:18,8,9,71,687
2023-02-06 11:24:25,8,10,71,687
2023-02-06 11:24:26,8,9,71,687
2023-02-06 11:24:39,8,10,71,687
2023-02-06 11:25:32,8,9,71,687
2023-02-06 11:25:35,8,10,71,687
2023-02-06 11:25:37,8,9,71,687
2023-02-06 11:25:44,8,10,71,687
2023-02-06 11:25:45,8,9,71,687
2023-02-06 11:25:47,8,10,71,687
2023-02-06 11:25:50,8,9,71,687
2023-02-06 11:26:17,8,10,71,687
2023-02-06 11:26:26,8,9,71,687
2023-02-06 11:26:48,8,10,71,687
2023-02-06 11:26:48,8,11,71,687
2023-02-06 11:26:52,8,9,71,687
2023-02-06 11:26:58,8,11,71,687
2023-02-06 11:27:04,8,9,71,687
2023-02-06 11:27:25,7,9,71,687
2023-02-06 11:30:27,7,9,91,707
2023-02-06 11:32:11,7,9,106,722
2023-02-06 11:32:40,6,9,106,722
2023-02-06 11:33:43,6,10,106,722
2023-02-06 11:34:17,6,11,106,722
2023-02-06 11:40:23,6,12,106,722
2023-02-06 11:40:28,7,12,106,722
2023-02-06 11:40:59,7,13,106,722
2023-02-06 11:42:53,7,10,106,722
2023-02-06 11:42:53,7,9,106,722
2023-02-06 11:43:01,6,9,106,722
2023-02-06 11:43:31,7,9,106,722
2023-02-06 11:45:33,6,9,106,722
2023-02-06 11:45:52,6,10,106,722
2023-02-06 11:45:53,6,9,106,722
2023-02-06 11:46:03,7,9,106,722
2023-02-06 11:46:22,9,10,727,1343
2023-02-06 11:46:27,7,10,727,1343
2023-02-06 11:47:18,7,11,727,1343
2023-02-06 11:47:48,7,10,727,1343
2023-02-06 11:48:25,8,10,727,1343
2023-02-06 11:48:48,8,12,727,1343
2023-02-06 11:49:05,9,12,727,1343
2023-02-06 11:49:48,9,13,727,1343
2023-02-06 11:50:25,10,13,727,1343
2023-02-06 11:50:51,10,14,727,1343
2023-02-06 11:51:19,10,13,727,1343
2023-02-06 11:51:36,9,13,727,1343
2023-02-06 11:52:17,9,12,727,1343
2023-02-06 11:52:17,8,12,727,1343
2023-02-06 11:52:47,8,11,727,1343
2023-02-06 11:52:48,7,11,727,1343
2023-02-06 11:53:06,8,11,727,1343
2023-02-06 11:53:47,9,11,727,1343
2023-02-06 11:53:52,9,12,727,1343
2023-02-06 11:54:17,8,12,727,1343
2023-02-06 11:54:24,10,12,727,1343
2023-02-06 11:54:36,9,12,727,1343
2023-02-06 11:54:47,10,12,727,1343
2023-02-06 11:54:48,10,13,727,1343
2023-02-06 11:55:19,9,13,727,1343
2023-02-06 11:55:20,9,14,727,1343
2023-02-06 11:55:22,9,13,727,1343
2023-02-06 11:55:25,10,13,727,1343
2023-02-06 11:55:44,9,13,727,1343
2023-02-06 11:55:52,10,13,727,1343
2023-02-06 11:56:26,9,13,727,1343
2023-02-06 11:56:33,10,13,727,1343
2023-02-06 11:56:38,11,13,727,1343
2023-02-06 11:57:07,12,13,727,1343
2023-02-06 11:57:12,11,13,727,1343
2023-02-06 11:57:12,11,13,727,1358
2023-02-06 11:57:15,11,13,827,1458
2023-02-06 11:57:17,11,13,835,1466
2023-02-06 11:57:19,11,14,835,1466
2023-02-06 11:57:19,13,14,835,1466
2023-02-06 11:57:21,13,15,835,1466
2023-02-06 11:57:29,11,15,835,1466
2023-02-06 11:57:32,11,15,892,1543
2023-02-06 11:57:34,13,15,892,1543
2023-02-06 11:57:49,12,15,892,1543
2023-02-06 11:57:49,12,17,892,1543
2023-02-06 11:57:50,13,17,892,1543
2023-02-06 11:57:55,13,16,892,1543
2023-02-06 11:58:07,13,17,892,1543
2023-02-06 11:58:07,13,15,892,1543
2023-02-06 11:58:46,11,15,892,1543
2023-02-06 11:58:56,12,15,892,1543
2023-02-06 11:59:08,11,15,892,1543
2023-02-06 11:59:20,12,15,892,1543
2023-02-06 11:59:21,13,15,892,1543
2023-02-06 11:59:36,12,15,892,1543
2023-02-06 12:00:39,10,15,892,1543
2023-02-06 12:00:40,11,15,892,1543
2023-02-06 12:00:40,12,15,892,1543
2023-02-06 12:01:03,12,16,892,1543
2023-02-06 12:01:05,13,16,892,1543
2023-02-06 12:01:09,13,17,892,1543
2023-02-06 12:01:21,13,17,1225,1876
2023-02-06 12:01:26,15,17,1225,1876
2023-02-06 12:01:37,13,18,1225,1876
2023-02-06 12:01:38,14,18,1225,1876
2023-02-06 12:02:02,15,18,1225,1876
2023-02-06 12:02:24,15,20,1225,1876
2023-02-06 12:02:28,15,19,1225,1876
2023-02-06 12:02:47,15,20,1225,1876
2023-02-06 12:02:48,16,20,1225,1876
2023-02-06 12:02:48,17,20,1225,1876
2023-02-06 12:03:07,17,18,1225,1876
2023-02-06 12:03:43,17,20,1225,1876
2023-02-06 12:03:44,17,18,1225,1876
2023-02-06 12:03:48,15,18,1225,1876
2023-02-06 12:04:05,15,18,1154,1947
2023-02-06 12:04:50,15,17,1154,1947
2023-02-06 12:05:05,15,18,1146,1955
2023-02-06 12:05:27,15,16,1146,1955
2023-02-06 12:05:36,14,15,1146,2299
2023-02-06 12:05:45,14,16,1146,2299
2023-02-06 12:06:10,14,16,1146,2314
2023-02-06 12:06:20,13,16,1146,2314
2023-02-06 12:06:21,12,16,1146,2314
2023-02-06 12:06:57,12,15,1146,2314
2023-02-06 12:07:12,12,16,1146,2314
2023-02-06 12:07:12,12,15,1146,2314
2023-02-06 12:07:18,11,15,1146,2314
2023-02-06 12:08:21,11,14,1146,2314
2023-02-06 12:08:34,12,14,1146,2314
2023-02-06 12:08:49,11,14,1146,2314
2023-02-06 12:08:49,11,16,1146,2314
2023-02-06 12:08:51,12,16,1146,2314
2023-02-06 12:09:15,12,15,1146,2314
2023-02-06 12:09:26,12,16,1146,2314
2023-02-06 12:09:35,12,15,1146,2314
2023-02-06 12:09:49,12,16,1146,2314
2023-02-06 12:09:49,12,15,1146,2314
2023-02-06 12:09:49,11,15,1146,2314
2023-02-06 12:10:50,10,15,1146,2314
2023-02-06 12:10:50,10,16,1146,2314
2023-02-06 12:10:51,11,16,1146,2314
2023-02-06 12:10:51,11,15,1146,2314
2023-02-06 12:10:52,11,14,1146,2314
2023-02-06 12:11:11,10,14,1146,2314
2023-02-06 12:11:49,10,13,1146,2314
2023-02-06 12:11:51,11,13,1146,2314
2023-02-06 12:12:08,10,13,1146,2314
2023-02-06 12:12:19,10,14,1146,2314
2023-02-06 12:12:49,9,14,1146,2314
2023-02-06 12:12:51,9,13,1146,2314
2023-02-06 12:12:53,10,13,1146,2314
2023-02-06 12:13:51,10,14,1146,2314
2023-02-06 12:14:14,11,14,1146,2314
2023-02-06 12:14:49,10,14,1146,2314
2023-02-06 12:14:55,11,14,1146,2314
2023-02-06 12:15:15,12,14,1146,2314
2023-02-06 12:15:27,11,14,1146,2314
2023-02-06 12:15:36,12,14,1146,2314
2023-02-06 12:15:50,11,14,1146,2314
2023-02-06 12:15:51,11,15,1146,2314
2023-02-06 12:15:52,12,15,1146,2314
2023-02-06 12:15:52,12,16,1146,2314
2023-02-06 12:15:57,12,14,1146,2314
2023-02-06 12:16:09,12,15,1146,2314
2023-02-06 12:16:18,12,16,1146,2314
2023-02-06 12:16:18,12,15,1146,2314
2023-02-06 12:16:23,12,14,1146,2314
2023-02-06 12:16:23,11,14,1146,2314
2023-02-06 12:16:33,10,14,1146,2314
2023-02-06 12:16:50,10,15,1146,2314
2023-02-06 12:16:58,10,14,1146,2314
2023-02-06 12:17:16,10,15,1146,2314
2023-02-06 12:17:19,10,14,1146,2314
2023-02-06 12:17:38,11,14,1146,2314
2023-02-06 12:17:49,10,14,1146,2314
2023-02-06 12:17:59,11,14,1146,2314
2023-02-06 12:18:10,10,14,1146,2314
2023-02-06 12:18:10,12,14,1146,2314
2023-02-06 12:18:19,13,14,1146,2314
2023-02-06 12:18:21,13,15,1146,2314
2023-02-06 12:18:40,12,15,1146,2314
2023-02-06 12:18:49,12,16,1146,2314
2023-02-06 12:19:00,13,16,1146,2314
2023-02-06 12:19:16,12,16,1146,2314
2023-02-06 12:19:16,13,16,1146,2314
2023-02-06 12:19:47,14,16,1146,2314
2023-02-06 12:19:48,14,17,1146,2314
2023-02-06 12:19:51,15,17,1146,2314
2023-02-06 12:20:26,15,19,1146,2314
2023-02-06 12:20:41,15,20,1146,2314
2023-02-06 12:20:42,15,18,1146,2314
2023-02-06 12:20:54,15,19,1146,2314
2023-02-06 12:21:22,16,19,1146,2314
2023-02-06 12:21:49,15,19,1146,2314
2023-02-06 12:21:56,15,20,1146,2314
2023-02-06 12:22:04,15,17,1146,2314
2023-02-06 12:22:17,15,18,1146,2314
2023-02-06 12:22:22,14,18,1146,2314
2023-02-06 12:22:44,15,18,1146,2314
2023-02-06 12:22:59,14,18,1146,2314
2023-02-06 12:23:09,14,17,1146,2314
2023-02-06 12:23:21,14,18,1146,2314
2023-02-06 12:23:25,14,16,1146,2314
2023-02-06 12:23:45,14,17,1146,2314
2023-02-06 12:23:45,14,16,1146,2314
2023-02-06 12:23:55,12,16,1146,2314
2023-02-06 12:24:26,13,16,1146,2314
2023-02-06 12:24:46,14,16,1146,2314
2023-02-06 12:24:48,14,18,1146,2314
2023-02-06 12:25:10,13,18,1146,2314
2023-02-06 12:25:10,13,17,1146,2314
2023-02-06 12:25:22,13,18,1146,2314
2023-02-06 12:25:23,13,17,1146,2314
2023-02-06 12:25:27,14,17,1146,2314
2023-02-06 12:25:47,13,17,1146,2314
2023-02-06 12:26:11,13,18,1146,2314
2023-02-06 12:26:11,13,15,1146,2314
2023-02-06 12:26:20,12,15,1146,2314
2023-02-06 12:26:31,12,16,1146,2314
2023-02-06 12:27:27,12,17,1146,2314
2023-02-06 12:27:28,12,15,1146,2314
2023-02-06 12:27:29,13,15,1146,2314
2023-02-06 12:27:41,12,15,1146,2314
2023-02-06 12:27:49,13,15,1146,2314
2023-02-06 12:27:52,13,17,1146,2314
2023-02-06 12:28:12,12,17,1146,2314
2023-02-06 12:28:12,12,16,1146,2314
2023-02-06 12:28:31,13,16,1146,2314
2023-02-06 12:28:51,12,16,1146,2314
2023-02-06 12:28:52,13,16,1146,2314
2023-02-06 12:29:48,12,16,1146,2314
2023-02-06 12:29:53,13,16,1146,2314
2023-02-06 12:30:13,12,16,1146,2314
2023-02-06 12:30:52,12,17,1146,2314
2023-02-06 12:30:52,12,16,1146,2314
2023-02-06 12:30:53,12,15,1146,2314
2023-02-06 12:31:15,12,15,1146,2322
2023-02-06 12:31:16,12,13,1146,2322
2023-02-06 12:31:19,11,13,1146,2322
2023-02-06 12:31:21,10,13,1146,2322
2023-02-06 12:31:48,10,14,1146,2322
2023-02-06 12:31:49,9,14,1146,2322
2023-02-06 12:31:50,9,12,1146,2322
2023-02-06 12:31:50,8,12,1146,2322
2023-02-06 12:31:54,9,12,1146,2322
2023-02-06 12:32:53,8,12,1146,2322
2023-02-06 12:32:53,8,13,1146,2322
2023-02-06 12:32:53,9,13,1146,2322
2023-02-06 12:32:56,9,12,1146,2322
2023-02-06 12:33:16,9,13,1146,2322
2023-02-06 12:33:16,9,12,1146,2322
2023-02-06 12:33:26,8,12,1146,2322
2023-02-06 12:33:36,9,12,1146,2322
2023-02-06 12:33:52,8,12,1146,2322
2023-02-06 12:33:56,9,12,1146,2322
2023-02-06 12:34:49,8,12,1146,2322
2023-02-06 12:34:57,9,12,1146,2322
2023-02-06 12:35:11,8,12,1146,2322
2023-02-06 12:35:17,9,12,1146,2322
2023-02-06 12:35:29,8,12,1146,2322
2023-02-06 12:35:38,9,12,1146,2322
2023-02-06 12:35:55,8,12,1146,2322
2023-02-06 12:35:56,8,11,1146,2322
2023-02-06 12:35:58,9,11,1146,2322
2023-02-06 12:36:19,8,11,1146,2322
2023-02-06 12:36:50,8,10,1146,2322
2023-02-06 12:36:51,7,10,1146,2322
2023-02-06 12:36:59,8,10,1146,2322
2023-02-06 12:37:17,7,11,1146,2322
2023-02-06 12:37:18,7,12,1146,2322
2023-02-06 12:37:18,7,11,1146,2322
2023-02-06 12:37:40,8,11,1146,2322
2023-02-06 12:38:01,7,11,1146,2322
2023-02-06 12:38:17,7,12,1146,2322
2023-02-06 12:38:18,7,11,1146,2322
2023-02-06 12:38:52,6,11,1146,2322
2023-02-06 12:38:52,6,9,1146,2322
2023-02-06 12:39:02,7,9,1146,2322
2023-02-06 12:39:18,7,10,1146,2322
2023-02-06 12:39:22,8,10,1146,2322
2023-02-06 12:39:50,8,11,1146,2322
2023-02-06 12:40:48,8,12,1146,2322
2023-02-06 12:40:48,8,11,1146,2322
2023-02-06 12:41:19,7,11,1146,2322
2023-02-06 12:41:49,7,10,1146,2322
2023-02-06 12:41:57,6,10,1146,2322
2023-02-06 12:42:25,7,10,1146,2322
2023-02-06 12:42:47,6,10,1146,2322
2023-02-06 12:43:02,7,10,1146,2322
2023-02-06 12:43:27,8,10,1146,2322
2023-02-06 12:43:47,7,10,1146,2322
2023-02-06 12:44:08,8,10,1146,2322
2023-02-06 12:44:19,8,12,1146,2322
2023-02-06 12:44:21,8,11,1146,2322
2023-02-06 12:44:34,9,11,1146,2322
2023-02-06 12:44:36,10,11,1146,2322
2023-02-06 12:44:48,10,11,1146,2330
2023-02-06 12:44:50,10,12,1146,2330
2023-02-06 12:45:21,9,12,1146,2330
2023-02-06 12:45:21,9,13,1146,2330
2023-02-06 12:45:48,9,12,1146,2330
2023-02-06 12:46:18,8,12,1146,2330
2023-02-06 12:46:30,8,11,1146,2330
2023-02-06 12:46:46,8,12,1146,2330
2023-02-06 12:46:46,7,12,1146,2330
2023-02-06 12:46:47,6,12,1146,2330
2023-02-06 12:46:47,6,9,1146,2330
2023-02-06 12:46:50,7,9,1146,2330
2023-02-06 12:47:25,6,9,1146,2330
2023-02-06 12:48:12,7,9,1146,2330
2023-02-06 12:48:19,7,10,1146,2330
2023-02-06 12:48:21,7,9,1146,2330
2023-02-06 12:48:47,6,10,1146,2330
2023-02-06 12:48:47,6,11,1146,2330
2023-02-06 12:48:49,6,10,1146,2330
2023-02-06 12:48:57,8,10,1146,2330
2023-02-06 12:49:13,7,10,1146,2330
2023-02-06 12:49:45,6,10,1146,2330
2023-02-06 12:49:58,7,10,1146,2330
2023-02-06 12:50:59,8,10,1146,2330
2023-02-06 12:51:36,7,10,1146,2330
2023-02-06 12:51:59,8,10,1146,2330
2023-02-06 12:52:18,8,12,1146,2330
2023-02-06 12:52:18,8,11,1146,2330
2023-02-06 12:52:35,9,11,1146,2330
2023-02-06 12:52:37,10,11,1146,2330
2023-02-06 12:52:48,9,12,1146,2330
2023-02-06 12:53:00,10,12,1146,2330
2023-02-06 12:53:17,9,12,1146,2330
2023-02-06 12:53:19,9,13,1146,2330
2023-02-06 12:53:38,10,13,1146,2330
2023-02-06 12:54:18,9,13,1146,2330
2023-02-06 12:54:50,9,12,1146,2330
2023-02-06 12:54:52,8,12,1146,2330
2023-02-06 12:54:53,9,12,1146,2330
2023-02-06 12:54:54,8,12,1146,2330
2023-02-06 12:55:01,10,12,1146,2330
2023-02-06 12:55:24,10,13,1146,2330
2023-02-06 12:56:20,9,13,1146,2330
2023-02-06 12:57:03,10,13,1146,2330
2023-02-06 12:57:18,9,13,1146,2330
2023-02-06 12:57:22,10,13,1146,2330
2023-02-06 12:57:55,9,13,1146,2330
2023-02-06 12:58:03,10,13,1146,2330
2023-02-06 12:58:18,9,13,1146,2330
2023-02-06 12:58:44,9,12,1146,2330
2023-02-06 12:59:18,8,12,1146,2330
2023-02-06 12:59:23,9,12,1146,2330
2023-02-06 12:59:45,10,12,1146,2330
2023-02-06 12:59:46,10,13,1146,2330
2023-02-06 12:59:56,9,13,1146,2330
2023-02-06 13:00:57,10,13,1146,2330
2023-02-06 13:01:02,12,13,1146,2330
2023-02-06 13:01:06,12,13,1154,2338
2023-02-06 13:01:07,12,13,1154,2353
2023-02-06 13:01:13,12,13,1254,2453
2023-02-06 13:01:26,12,13,1262,2461
2023-02-06 13:01:51,12,15,1262,2461
2023-02-06 13:03:19,11,15,1262,2461
2023-02-06 13:03:19,10,15,1262,2461
2023-02-06 13:03:20,10,14,1262,2461
2023-02-06 13:03:29,11,14,1262,2461
2023-02-06 13:03:49,10,14,1262,2461
2023-02-06 13:03:49,11,14,1262,2461
2023-02-06 13:03:50,11,15,1262,2461
2023-02-06 13:04:47,10,15,1262,2461
2023-02-06 13:04:47,11,15,1262,2461
2023-02-06 13:04:51,12,15,1262,2461
2023-02-06 13:05:11,11,15,1262,2461
2023-02-06 13:05:26,12,15,1262,2461
2023-02-06 13:05:43,12,13,1262,2461
2023-02-06 13:05:48,11,13,1262,2461
2023-02-06 13:06:12,10,13,1262,2935
2023-02-06 13:06:12,10,12,1262,2935
2023-02-06 13:06:21,9,12,1262,2935
2023-02-06 13:06:28,9,13,1262,2935
2023-02-06 13:06:32,10,13,1262,2935
2023-02-06 13:06:46,9,14,1262,2935
2023-02-06 13:06:46,10,14,1262,2935
2023-02-06 13:06:52,10,13,1262,2935
2023-02-06 13:06:54,10,14,1262,2935
2023-02-06 13:07:13,12,14,1262,2935
2023-02-06 13:07:18,12,13,1262,2935
2023-02-06 13:07:21,12,13,1362,3035
2023-02-06 13:07:25,11,13,1462,3135
2023-02-06 13:07:28,11,13,1562,3235
2023-02-06 13:07:33,11,13,1570,3243
2023-02-06 13:07:34,12,13,1570,3243
2023-02-06 13:07:42,12,14,1570,3370
2023-02-06 13:07:52,12,15,1570,3370
2023-02-06 13:07:52,12,18,1570,3370
2023-02-06 13:07:53,13,18,1570,3370
2023-02-06 13:07:53,13,17,1570,3370
2023-02-06 13:09:06,13,16,1570,3370
2023-02-06 13:09:15,13,15,1570,3370
2023-02-06 13:09:31,13,16,1570,3370
2023-02-06 13:09:43,13,14,1570,3370
2023-02-06 13:09:49,11,14,1570,3370
2023-02-06 13:09:53,11,15,1570,3370
2023-02-06 13:09:56,11,14,1570,3370
2023-02-06 13:10:52,11,15,1570,3370
2023-02-06 13:11:15,12,15,1570,3370
2023-02-06 13:11:18,14,15,1570,3370
2023-02-06 13:11:21,14,17,1570,3370
2023-02-06 13:11:22,14,15,1570,3370
2023-02-06 13:11:23,14,15,1670,3470
2023-02-06 13:11:25,14,15,1685,3485
2023-02-06 13:11:30,14,15,1785,3585
2023-02-06 13:11:32,13,15,1785,3585
2023-02-06 13:11:34,13,15,1885,3685
2023-02-06 13:11:37,13,17,2076,3876
2023-02-06 13:11:38,15,17,2076,3876
2023-02-06 13:11:43,16,17,2076,3876
2023-02-06 13:11:50,16,17,2053,3914
2023-02-06 13:11:50,16,19,2053,3914
2023-02-06 13:11:51,16,21,2053,3914
2023-02-06 13:11:51,18,21,2053,3914
2023-02-06 13:11:59,18,19,2053,3914
2023-02-06 13:12:11,18,20,2053,3914
2023-02-06 13:12:19,14,20,2053,3914
2023-02-06 13:12:19,17,20,2053,3914
2023-02-06 13:12:20,17,20,2045,3922
2023-02-06 13:12:21,17,21,2045,3922
2023-02-06 13:12:21,17,18,2045,3922
2023-02-06 13:12:44,17,20,2045,3922
2023-02-06 13:12:45,17,20,2037,3930
2023-02-06 13:12:45,17,20,2037,3940
2023-02-06 13:12:50,15,20,2037,3940
2023-02-06 13:12:51,15,19,2037,3940
2023-02-06 13:13:00,15,17,2037,3940
2023-02-06 13:13:20,15,18,2037,3940
2023-02-06 13:13:20,15,18,2037,3948
2023-02-06 13:13:21,15,16,2037,3948
2023-02-06 13:13:28,14,16,2037,4050
2023-02-06 13:13:44,14,17,2037,4050
2023-02-06 13:13:45,14,17,2037,4058
2023-02-06 13:13:46,14,17,2037,4068
2023-02-06 13:13:47,13,14,2037,4277
2023-02-06 13:14:14,13,15,2037,4277
2023-02-06 13:14:21,13,15,2037,4285
2023-02-06 13:14:22,13,14,2037,4285
2023-02-06 13:14:26,12,14,2037,4418
2023-02-06 13:14:28,10,14,2037,4418
2023-02-06 13:14:46,10,13,2037,4418
2023-02-06 13:16:26,10,14,2037,4418
2023-02-06 13:17:49,10,13,2037,4418
2023-02-06 13:18:18,10,14,2037,4418
2023-02-06 13:18:24,10,13,2037,4418
2023-02-06 13:18:47,10,14,2037,4418
2023-02-06 13:18:47,10,13,2037,4418
2023-02-06 13:19:48,10,14,2037,4418
2023-02-06 13:20:06,10,12,2037,4418
2023-02-06 13:20:23,10,13,2037,4418
2023-02-06 13:20:24,9,13,2037,4418
2023-02-06 13:20:24,9,12,2037,4418
2023-02-06 13:20:40,8,12,2037,4418
2023-02-06 13:20:40,9,12,2037,4418
2023-02-06 13:20:53,9,13,2037,4418
2023-02-06 13:21:19,9,14,2037,4418
2023-02-06 13:21:20,9,13,2037,4418
2023-02-06 13:21:28,9,12,2037,4418
2023-02-06 13:21:48,8,13,2037,4418
2023-02-06 13:21:49,8,12,2037,4418
2023-02-06 13:22:08,9,12,2037,4418
2023-02-06 13:22:15,8,12,2037,4418
2023-02-06 13:22:20,9,12,2037,4418
2023-02-06 13:22:39,10,12,2037,4418
2023-02-06 13:22:49,10,13,2037,4418
2023-02-06 13:23:19,11,13,2037,4418
2023-02-06 13:23:48,11,14,2037,4418
2023-02-06 13:23:48,11,15,2037,4418
2023-02-06 13:23:53,11,14,2037,4418
2023-02-06 13:24:03,10,14,2037,4418
2023-02-06 13:24:09,10,15,2037,4418
2023-02-06 13:24:11,10,13,2037,4418
2023-02-06 13:24:31,10,14,2037,4418
2023-02-06 13:25:12,11,14,2037,4418
2023-02-06 13:25:49,11,16,2037,4418
2023-02-06 13:25:49,11,15,2037,4418
2023-02-06 13:25:54,11,14,2037,4418
2023-02-06 13:26:12,11,15,2037,4418
2023-02-06 13:26:18,11,14,2037,4418
2023-02-06 13:26:19,12,14,2037,4418
2023-02-06 13:26:36,13,14,2037,4418
2023-02-06 13:26:50,13,15,2037,4418
2023-02-06 13:26:50,13,17,2037,4418
2023-02-06 13:26:51,13,16,2037,4418
2023-02-06 13:27:21,14,16,2037,4418
2023-02-06 13:27:28,14,17,2037,4418
2023-02-06 13:27:37,14,18,2037,4418
2023-02-06 13:27:48,14,19,2037,4418
2023-02-06 13:27:48,14,17,2037,4418
2023-02-06 13:28:26,14,18,2037,4418
2023-02-06 13:28:49,14,19,2037,4418
2023-02-06 13:28:55,15,19,2037,4418
2023-02-06 13:29:15,14,19,2037,4418
2023-02-06 13:29:15,15,19,2037,4418
2023-02-06 13:29:16,15,18,2037,4418
2023-02-06 13:29:18,15,19,2187,4568
2023-02-06 13:29:30,14,19,2187,4568
2023-02-06 13:29:34,15,19,2187,4568
2023-02-06 13:29:36,15,18,2187,4568
2023-02-06 13:29:39,14,18,2187,4568
2023-02-06 13:29:50,14,19,2187,4568
2023-02-06 13:29:50,15,19,2187,4568
2023-02-06 13:30:02,16,19,2187,4568
2023-02-06 13:30:17,16,20,2187,4568
2023-02-06 13:30:17,16,18,2187,4568
2023-02-06 13:30:21,15,18,2187,4568
2023-02-06 13:30:25,16,18,2187,4568
2023-02-06 13:30:37,16,19,2187,4568
2023-02-06 13:30:37,16,17,2187,4568
2023-02-06 13:30:48,15,17,2187,4568
2023-02-06 13:30:48,14,17,2187,4568
2023-02-06 13:30:49,14,18,2187,4568
2023-02-06 13:31:19,14,16,2187,4568
2023-02-06 13:31:19,15,16,2187,4568
2023-02-06 13:31:38,15,17,2187,4568
2023-02-06 13:31:49,15,18,2187,4568
2023-02-06 13:31:49,14,18,2187,4568
2023-02-06 13:31:50,14,19,2187,4568
2023-02-06 13:31:59,14,18,2187,4568
2023-02-06 13:32:20,14,19,2187,4568
2023-02-06 13:32:20,14,18,2187,4568
2023-02-06 13:32:28,15,18,2187,4568
2023-02-06 13:32:39,15,19,2187,4568
2023-02-06 13:32:54,14,19,2187,4568
2023-02-06 13:32:55,15,19,2187,4568
2023-02-06 13:33:00,15,18,2187,4568
2023-02-06 13:33:20,15,19,2187,4568
2023-02-06 13:33:21,15,17,2187,4568
2023-02-06 13:33:34,15,18,2187,4568
2023-02-06 13:33:41,15,17,2187,4568
2023-02-06 13:33:52,15,18,2187,4568
2023-02-06 13:34:01,15,17,2187,4568
2023-02-06 13:34:20,15,18,2187,4568
2023-02-06 13:34:21,13,18,2187,4568
2023-02-06 13:34:22,13,17,2187,4568
2023-02-06 13:34:23,13,16,2187,4568
2023-02-06 13:34:25,14,16,2187,4568
2023-02-06 13:34:42,14,17,2187,4568
2023-02-06 13:35:02,14,18,2187,4568
2023-02-06 13:35:03,14,17,2187,4568
2023-02-06 13:35:23,14,18,2187,4568
2023-02-06 13:35:24,14,16,2187,4568
2023-02-06 13:35:44,14,17,2187,4568
2023-02-06 13:35:45,14,16,2187,4568
2023-02-06 13:35:49,13,16,2187,4568
2023-02-06 13:35:56,13,17,2187,4568
2023-02-06 13:36:03,13,15,2187,4568
2023-02-06 13:36:17,13,16,2187,4568
2023-02-06 13:36:17,14,16,2187,4568
2023-02-06 13:36:45,15,16,2187,4568
2023-02-06 13:36:47,14,16,2187,4568
2023-02-06 13:36:51,14,18,2187,4568
2023-02-06 13:37:04,14,17,2187,4568
2023-02-06 13:37:21,14,18,2187,4568
2023-02-06 13:37:25,14,16,2187,4568
2023-02-06 13:37:40,14,17,2187,4568
2023-02-06 13:37:45,14,16,2187,4568
2023-02-06 13:38:05,14,17,2187,4568
2023-02-06 13:38:19,14,18,2187,4568
2023-02-06 13:38:27,14,17,2187,4568
2023-02-06 13:38:46,14,18,2187,4568
2023-02-06 13:38:47,14,16,2187,4568
2023-02-06 13:38:50,13,16,2187,4568
2023-02-06 13:39:07,13,17,2187,4568
2023-02-06 13:39:07,13,16,2187,4568
2023-02-06 13:39:20,13,17,2187,4568
2023-02-06 13:39:48,13,16,2187,4568
2023-02-06 13:40:08,13,17,2187,4568
2023-02-06 13:40:27,13,18,2187,4568
2023-02-06 13:40:29,13,17,2187,4568
2023-02-06 13:40:40,14,17,2187,4568
2023-02-06 13:40:41,15,17,2187,4568
2023-02-06 13:40:44,14,17,2187,4568
2023-02-06 13:40:44,16,17,2187,4568
2023-02-06 13:41:10,14,17,2187,4568
2023-02-06 13:41:11,15,17,2187,4568
2023-02-06 13:41:16,16,17,2187,4568
2023-02-06 13:41:20,16,19,2187,4568
2023-02-06 13:41:29,17,19,2187,4568
2023-02-06 13:41:35,17,20,2187,4568
2023-02-06 13:41:35,17,19,2187,4568
2023-02-06 13:41:38,18,19,2187,4568
2023-02-06 13:41:45,17,19,2187,4568
2023-02-06 13:41:49,17,20,2187,4568
2023-02-06 13:42:03,18,20,2187,4568
2023-02-06 13:42:09,17,20,2187,4568
2023-02-06 13:42:19,17,21,2187,4568
2023-02-06 13:42:34,17,22,2187,4568
2023-02-06 13:42:34,17,19,2187,4568
2023-02-06 13:42:49,17,20,2187,4568
2023-02-06 13:42:53,17,19,2187,4568
2023-02-06 13:42:56,16,19,2187,4568
2023-02-06 13:43:05,16,20,2187,4568
2023-02-06 13:43:20,17,20,2187,4568
2023-02-06 13:43:48,17,21,2187,4568
2023-02-06 13:44:11,16,21,2187,4568
2023-02-06 13:44:12,16,20,2187,4568
2023-02-06 13:44:19,17,20,2187,4568
2023-02-06 13:44:25,17,21,2187,4568
2023-02-06 13:44:36,17,18,2187,4568
2023-02-06 13:44:53,17,19,2187,4568
2023-02-06 13:44:54,17,19,2187,4576
2023-02-06 13:44:54,15,19,2187,4576
2023-02-06 13:44:55,15,18,2187,4576
2023-02-06 13:44:55,14,18,2187,4576
2023-02-06 13:45:00,15,18,2187,4576
2023-02-06 13:45:05,14,18,2187,4576
2023-02-06 13:45:37,14,17,2187,4576
2023-02-06 13:46:05,15,17,2187,4576
2023-02-06 13:46:10,14,17,2187,4576
2023-02-06 13:46:18,14,18,2187,4576
2023-02-06 13:46:18,15,18,2187,4576
2023-02-06 13:46:25,14,18,2187,4576
2023-02-06 13:46:25,16,18,2187,4576
2023-02-06 13:46:43,17,18,2187,4576
2023-02-06 13:46:48,17,20,2187,4576
2023-02-06 13:47:06,16,20,2187,4576
2023-02-06 13:47:16,17,20,2187,4576
2023-02-06 13:47:17,17,21,2187,4576
2023-02-06 13:47:36,16,21,2187,4576
2023-02-06 13:47:37,17,21,2187,4576
2023-02-06 13:47:38,17,20,2187,4576
2023-02-06 13:48:20,17,21,2187,4576
2023-02-06 13:48:37,17,19,2187,4576
2023-02-06 13:48:48,17,20,2187,4576
2023-02-06 13:49:18,17,19,2187,4576
2023-02-06 13:49:38,17,20,2187,4576
2023-02-06 13:49:38,17,19,2187,4576
2023-02-06 13:50:04,17,20,2187,4576
2023-02-06 13:50:04,17,19,2187,4576
2023-02-06 13:50:05,16,19,2187,4576
2023-02-06 13:50:21,16,20,2187,4576
2023-02-06 13:50:25,16,18,2187,4576
2023-02-06 13:50:38,16,19,2187,4576
2023-02-06 13:50:45,16,17,2187,4576
2023-02-06 13:50:48,14,17,2187,4576
2023-02-06 13:50:49,14,15,2187,4576
2023-02-06 13:50:49,13,15,2187,4576
2023-02-06 13:51:02,12,15,2187,4576
2023-02-06 13:51:18,12,17,2187,4576
2023-02-06 13:51:19,12,16,2187,4576
2023-02-06 13:51:33,13,16,2187,4576
2023-02-06 13:51:41,12,16,2187,4576
2023-02-06 13:51:41,14,16,2187,4576
2023-02-06 13:51:50,14,17,2187,4576
2023-02-06 13:51:50,14,15,2187,4576
2023-02-06 13:52:15,14,15,2187,4591
2023-02-06 13:52:19,13,17,2187,4591
2023-02-06 13:52:27,15,17,2187,4591
2023-02-06 13:52:46,14,17,2187,4591
2023-02-06 13:52:47,14,18,2187,4591
2023-02-06 13:52:48,15,18,2187,4591
2023-02-06 13:53:09,14,18,2187,4591
2023-02-06 13:53:19,14,16,2187,4591
2023-02-06 13:53:20,13,16,2187,4591
2023-02-06 13:53:26,14,16,2187,4591
2023-02-06 13:53:39,13,16,2187,4591
2023-02-06 13:53:46,14,16,2187,4591
2023-02-06 13:53:49,14,17,2187,4591
2023-02-06 13:54:21,13,17,2187,4591
2023-02-06 13:54:27,14,17,2187,4591
2023-02-06 13:54:47,13,17,2187,4591
2023-02-06 13:54:48,15,17,2187,4591
2023-02-06 13:55:09,14,17,2187,4591
2023-02-06 13:55:21,13,17,2187,4591
2023-02-06 13:55:21,13,18,2187,4591
2023-02-06 13:55:28,14,18,2187,4591
2023-02-06 13:55:48,13,18,2187,4591
2023-02-06 13:55:48,13,17,2187,4591
2023-02-06 13:55:56,13,16,2187,4591
2023-02-06 13:56:23,12,17,2187,4591
2023-02-06 13:56:24,12,18,2187,4591
2023-02-06 13:56:24,12,16,2187,4591
2023-02-06 13:56:29,14,16,2187,4591
2023-02-06 13:56:50,13,16,2187,4591
2023-02-06 13:57:03,12,16,2187,4591
2023-02-06 13:57:11,13,16,2187,4591
2023-02-06 13:57:19,13,15,2187,4591
2023-02-06 13:57:30,12,15,2187,4591
2023-02-06 13:57:47,11,15,2187,4591
2023-02-06 13:57:49,11,14,2187,4591
2023-02-06 13:57:51,12,14,2187,4591
2023-02-06 13:58:06,11,14,2187,4591
2023-02-06 13:58:21,11,13,2187,4591
2023-02-06 13:58:22,10,13,2187,4591
2023-02-06 13:58:42,9,13,2187,4591
2023-02-06 13:58:53,11,13,2187,4591
2023-02-06 13:58:54,11,12,2187,4591
2023-02-06 13:59:13,10,12,2187,4591
2023-02-06 13:59:48,9,12,2187,4591
2023-02-06 13:59:53,10,12,2187,4591
2023-02-06 14:00:09,9,12,2187,4591
2023-02-06 14:00:09,9,11,2187,4591
2023-02-06 14:00:26,8,11,2187,4591
2023-02-06 14:00:42,7,11,2187,5139
2023-02-06 14:00:51,7,10,2187,5139
2023-02-06 14:00:51,7,9,2187,5139
2023-02-06 14:01:22,7,8,2187,5139
2023-02-06 14:01:51,6,8,2187,5139
2023-02-06 14:01:55,7,8,2187,5139
2023-02-06 14:02:23,6,7,2187,5147
2023-02-06 14:02:35,6,7,2187,5155
2023-02-06 14:02:56,6,7,2187,5163
2023-02-06 14:03:16,6,7,2187,5171
2023-02-06 14:03:37,6,7,2187,5179
2023-02-06 14:03:51,6,8,2187,5179
2023-02-06 14:04:23,6,7,2187,5179
2023-02-06 14:04:23,6,7,2410,5402
2023-02-06 14:05:39,6,7,2410,5410
2023-02-06 14:05:53,6,8,2410,5410
2023-02-06 14:05:59,7,8,2410,5410
2023-02-06 14:06:11,6,8,2410,5410
2023-02-06 14:06:47,6,7,2410,5410
2023-02-06 14:09:18,6,8,2410,5410
2023-02-06 14:09:18,6,7,2410,5410
2023-02-06 14:09:49,5,6,2452,5452
2023-02-06 14:10:05,4,6,2456,5460
2023-02-06 14:10:06,5,6,2456,5460
2023-02-06 14:10:38,4,6,2456,5460
2023-02-06 14:10:49,4,7,2456,5460
2023-02-06 14:10:50,4,6,2456,5460
2023-02-06 14:10:59,3,6,2456,5460
2023-02-06 14:11:06,5,6,2456,5460
2023-02-06 14:11:18,4,6,2456,5460
2023-02-06 14:11:19,4,5,2456,5460
2023-02-06 14:11:39,3,5,2456,5460
2023-02-06 14:11:47,3,5,2464,5468
2023-02-06 14:11:47,4,5,2464,5468
2023-02-06 14:11:51,4,6,2464,5468
2023-02-06 14:12:07,5,6,2464,5468
2023-02-06 14:12:19,4,6,2464,5468
2023-02-06 14:12:28,5,6,2464,5468
2023-02-06 14:12:48,4,6,2472,5476
2023-02-06 14:12:49,5,6,2472,5476
2023-02-06 14:13:20,4,6,2472,5476
2023-02-06 14:13:40,3,6,2472,5476
2023-02-06 14:13:49,4,6,2472,5476
2023-02-06 14:13:54,4,7,2472,5476
2023-02-06 14:13:54,4,5,2472,5476
2023-02-06 14:14:01,3,5,2472,5476
2023-02-06 14:14:10,4,5,2472,5476
2023-02-06 14:14:22,3,5,2472,5476
2023-02-06 14:14:30,4,5,2472,5476
2023-02-06 14:14:44,3,5,2472,5476
2023-02-06 14:14:50,4,5,2472,5476
2023-02-06 14:14:51,4,7,2472,5476
2023-02-06 14:14:51,4,8,2472,5476
2023-02-06 14:15:07,3,9,2472,5476
2023-02-06 14:15:11,5,9,2472,5476
2023-02-06 14:15:23,4,5,2472,5476
2023-02-06 14:15:44,3,5,2472,5476
2023-02-06 14:15:52,4,5,2472,5476
2023-02-06 14:16:05,3,5,2472,5476
2023-02-06 14:16:12,4,5,2472,5476
2023-02-06 14:16:20,3,4,2480,5484
2023-02-06 14:16:49,3,5,2480,5484
2023-02-06 14:16:50,3,6,2480,5484
2023-02-06 14:16:50,3,7,2480,5484
2023-02-06 14:19:54,4,7,2480,5484
2023-02-06 14:20:07,3,7,2480,5484
2023-02-06 14:20:14,5,7,2480,5484
2023-02-06 14:20:26,4,7,2480,5484
2023-02-06 14:20:47,3,7,2480,5484
2023-02-06 14:20:58,3,5,2480,5484
2023-02-06 14:21:52,3,6,2480,5484
2023-02-06 14:21:58,3,7,2480,5484
2023-02-06 14:22:04,3,6,2480,5484
2023-02-06 14:22:16,3,7,2480,5484
2023-02-06 14:22:25,4,7,2480,5484
2023-02-06 14:22:36,3,7,2480,5484
2023-02-06 14:22:44,4,7,2480,5484
2023-02-06 14:22:58,3,7,2480,5484
2023-02-06 14:23:04,3,6,2480,5484
2023-02-06 14:23:07,4,6,2480,5484
2023-02-06 14:23:19,3,6,2480,5484
2023-02-06 14:23:25,4,6,2480,5484
2023-02-06 14:23:38,3,6,2480,5484
2023-02-06 14:23:45,4,6,2480,5484
2023-02-06 14:23:45,4,7,2480,5484
2023-02-06 14:23:58,3,7,2480,5484
2023-02-06 14:24:08,4,7,2480,5484
2023-02-06 14:24:20,3,7,2480,5484
2023-02-06 14:24:26,4,7,2480,5484
2023-02-06 14:24:37,3,7,2480,5484
2023-02-06 14:24:47,5,7,2480,5484
2023-02-06 14:24:58,4,7,2480,5484
2023-02-06 14:25:08,3,7,2480,5484
2023-02-06 14:25:09,5,7,2480,5484
2023-02-06 14:25:24,4,7,2480,5484
2023-02-06 14:25:27,5,7,2480,5484
2023-02-06 14:25:39,4,7,2480,5484
2023-02-06 14:25:49,5,7,2480,5484
2023-02-06 14:26:03,4,7,2480,5484
2023-02-06 14:26:10,5,7,2480,5484
2023-02-06 14:26:23,4,7,2480,5484
2023-02-06 14:26:28,5,7,2480,5484
2023-02-06 14:26:41,4,7,2480,5484
2023-02-06 14:26:50,5,7,2480,5484
2023-02-06 14:27:05,4,7,2480,5484
2023-02-06 14:27:09,4,9,2480,5484
2023-02-06 14:27:10,5,9,2480,5484
2023-02-06 14:27:20,5,7,2480,5484
2023-02-06 14:27:24,4,7,2480,5484
2023-02-06 14:27:29,4,9,2480,5484
2023-02-06 14:27:29,5,9,2480,5484
2023-02-06 14:28:30,4,9,2480,5484
2023-02-06 14:28:31,6,9,2480,5484
2023-02-06 14:28:48,5,6,2480,5484
2023-02-06 14:28:48,3,5,2490,5494
2023-02-06 14:28:51,3,5,2498,5502
2023-02-06 14:28:51,3,5,2508,5512
2023-02-06 14:29:13,3,5,2516,5520
2023-02-06 14:29:13,3,5,2526,5530
2023-02-06 14:29:14,3,5,2626,5630
2023-02-06 14:29:30,3,6,2856,5860
2023-02-06 14:29:32,5,6,2856,5860
2023-02-06 14:29:47,4,6,2856,5860
2023-02-06 14:29:52,4,6,2864,5868
2023-02-06 14:29:53,5,6,2864,5868
2023-02-06 14:30:24,4,6,2864,5868
2023-02-06 14:30:25,4,5,2864,5868
2023-02-06 14:30:33,4,5,2872,5876
2023-02-06 14:30:46,4,5,2880,5884
2023-02-06 14:30:47,4,5,2890,5894
2023-02-06 14:31:06,3,5,2898,5902
2023-02-06 14:31:06,3,5,2908,5912
2023-02-06 14:31:06,3,5,3008,6012
2023-02-06 14:31:12,3,7,3455,6459
2023-02-06 14:31:26,6,7,3455,6459
2023-02-06 14:31:52,5,6,3463,6467
2023-02-06 14:32:07,5,6,3471,6475
2023-02-06 14:32:08,3,6,3471,6475
2023-02-06 14:32:08,5,6,3471,6475
2023-02-06 14:32:27,5,6,3479,6483
2023-02-06 14:32:48,5,6,3487,6491
2023-02-06 14:32:49,3,5,3497,6501
2023-02-06 14:33:04,3,6,3665,6669
2023-02-06 14:33:08,3,6,3673,6677
2023-02-06 14:33:08,5,6,3673,6677
2023-02-06 14:33:28,5,6,3681,6685
2023-02-06 14:33:32,5,6,4014,7018
2023-02-06 14:33:44,5,7,4038,7042
2023-02-06 14:33:50,3,7,4046,7050
2023-02-06 14:33:50,4,7,4046,7050
2023-02-06 14:33:50,6,7,4046,7050
2023-02-06 14:34:09,6,7,4054,7058
2023-02-06 14:34:10,6,7,4064,7068
2023-02-06 14:34:17,4,7,4064,7068
2023-02-06 14:34:19,4,8,4064,7068
2023-02-06 14:34:20,3,8,4064,7068
2023-02-06 14:34:21,3,9,4064,7068
2023-02-06 14:34:30,7,9,4064,7068
2023-02-06 14:34:43,6,9,4064,7068
2023-02-06 14:34:51,8,9,4064,7068
2023-02-06 14:35:01,8,10,4064,7068
2023-02-06 14:35:22,7,9,4064,7068
2023-02-06 14:35:23,7,8,4064,7068
2023-02-06 14:35:45,6,9,4204,7208
2023-02-06 14:35:49,6,7,4204,7208
2023-02-06 14:35:51,6,7,4212,7216
2023-02-06 14:35:52,5,7,4212,7216
2023-02-06 14:35:52,5,7,4222,7226
2023-02-06 14:36:01,5,8,4378,7382
2023-02-06 14:36:12,5,8,4386,7390
2023-02-06 14:36:12,4,8,4386,7390
2023-02-06 14:36:12,7,8,4386,7390
2023-02-06 14:36:21,7,9,4386,7390
2023-02-06 14:36:23,7,10,4386,7390
2023-02-06 14:36:49,6,10,4386,7390
2023-02-06 14:36:49,6,8,4386,7390
2023-02-06 14:36:52,7,8,4386,7390
2023-02-06 14:37:03,6,8,4386,7390
2023-02-06 14:37:13,6,8,4394,7398
2023-02-06 14:37:14,7,8,4394,7398
2023-02-06 14:37:33,7,8,4402,7406
2023-02-06 14:37:56,5,8,4410,7414
2023-02-06 14:37:57,5,8,4420,7424
2023-02-06 14:38:00,5,9,4547,7551
2023-02-06 14:38:16,5,9,4555,7559
2023-02-06 14:38:17,8,9,4555,7559
2023-02-06 14:38:19,8,10,4555,7559
2023-02-06 14:38:37,9,10,4555,7559
2023-02-06 14:38:49,8,10,4555,7559
2023-02-06 14:39:17,9,10,4555,7559
2023-02-06 14:39:19,9,11,4555,7559
2023-02-06 14:39:19,9,10,4555,7559
2023-02-06 14:39:38,8,10,4555,7559
2023-02-06 14:40:11,7,10,4555,7559
2023-02-06 14:40:19,8,10,4555,7559
2023-02-06 14:40:28,8,9,4555,7559
2023-02-06 14:40:32,7,9,4555,7559
2023-02-06 14:40:39,7,9,4563,7567
2023-02-06 14:40:40,8,9,4563,7567
2023-02-06 14:40:53,8,10,4563,7567
2023-02-06 14:40:59,9,10,4563,7567
2023-02-06 14:41:19,8,10,4563,7567
2023-02-06 14:41:20,9,10,4563,7567
2023-02-06 14:41:25,9,11,4735,7739
2023-02-06 14:41:31,8,11,4735,7739
2023-02-06 14:41:36,9,11,4735,7739
2023-02-06 14:41:40,9,11,4743,7747
2023-02-06 14:41:41,9,11,4753,7757
2023-02-06 14:41:58,9,12,4948,7952
2023-02-06 14:42:00,9,12,4956,7960
2023-02-06 14:42:01,11,12,4956,7960
2023-02-06 14:42:20,11,12,4964,7968
2023-02-06 14:42:21,11,14,4964,7968
2023-02-06 14:42:34,10,14,4740,8202
2023-02-06 14:42:40,10,12,4740,8202
2023-02-06 14:43:19,9,12,4740,8202
2023-02-06 14:43:20,9,11,4740,8202
2023-02-06 14:43:41,7,10,4740,8202
2023-02-06 14:43:42,8,10,4740,8202
2023-02-06 14:43:50,8,9,4740,8202
2023-02-06 14:44:02,7,9,4740,8202
2023-02-06 14:44:19,6,9,4740,8202
2023-02-06 14:44:20,6,8,4740,8202
2023-02-06 14:44:23,7,8,4740,8202
2023-02-06 14:45:21,6,8,4740,8202
2023-02-06 14:45:24,7,8,4740,8202
2023-02-06 14:46:04,6,8,4740,8202
2023-02-06 14:46:05,6,8,4748,8210
2023-02-06 14:46:05,7,8,4748,8210
2023-02-06 14:46:14,7,8,4756,8218
2023-02-06 14:46:28,7,9,4937,8399
2023-02-06 14:46:32,7,9,4945,8407
2023-02-06 14:46:32,8,9,4945,8407
2023-02-06 14:46:51,8,10,4945,8407
2023-02-06 14:46:55,7,10,4945,8407
2023-02-06 14:47:17,7,9,4945,8407
2023-02-06 14:47:19,6,9,4945,8407
2023-02-06 14:47:46,5,9,4945,8407
2023-02-06 14:47:47,5,8,4945,8407
2023-02-06 14:47:48,5,7,4945,8407
2023-02-06 14:47:53,6,7,4945,8407
2023-02-06 14:48:05,5,7,4945,8407
2023-02-06 14:48:14,6,7,4945,8407
2023-02-06 14:48:34,5,7,4953,8415
2023-02-06 14:48:34,6,7,4953,8415
2023-02-06 14:48:44,6,8,5147,8609
2023-02-06 14:48:54,7,8,5147,8609
2023-02-06 14:49:35,6,8,5147,8609
2023-02-06 14:49:46,5,7,5147,8609
2023-02-06 14:49:55,6,7,5147,8609
2023-02-06 14:50:07,5,7,5147,8609
2023-02-06 14:50:16,6,7,5147,8609
2023-02-06 14:50:28,5,7,5147,8609
2023-02-06 14:50:30,6,7,5147,8609
2023-02-06 14:50:45,5,7,5147,8609
2023-02-06 14:50:49,5,8,5147,8609
2023-02-06 14:50:50,5,8,5155,8617
2023-02-06 14:50:51,7,8,5155,8617
2023-02-06 14:51:10,7,8,5163,8625
2023-02-06 14:51:19,7,9,5163,8625
2023-02-06 14:51:31,8,9,5163,8625
2023-02-06 14:51:47,7,9,5163,8625
2023-02-06 14:51:47,7,10,5163,8625
2023-02-06 14:51:51,8,10,5163,8625
2023-02-06 14:52:47,7,10,5163,8625
2023-02-06 14:52:47,7,11,5163,8625
2023-02-06 14:52:48,7,10,5163,8625
2023-02-06 14:52:52,8,10,5163,8625
2023-02-06 14:53:13,7,10,5163,8625
2023-02-06 14:53:18,7,9,5163,8625
2023-02-06 14:53:33,6,9,5163,8625
2023-02-06 14:53:47,5,9,5163,8625
2023-02-06 14:53:48,5,8,5163,8625
2023-02-06 14:53:53,6,8,5163,8625
2023-02-06 14:54:31,5,8,5163,8625
2023-02-06 14:54:34,6,8,5163,8625
2023-02-06 14:55:14,5,8,5163,8625
2023-02-06 14:55:15,6,8,5163,8625
2023-02-06 14:55:21,6,7,5163,8625
2023-02-06 14:55:31,5,7,5163,8625
2023-02-06 14:55:50,4,7,5163,8625
2023-02-06 14:55:50,4,6,5163,8625
2023-02-06 14:55:56,5,6,5163,8625
2023-02-06 14:56:49,4,6,5163,8625
2023-02-06 14:56:56,4,6,5171,8633
2023-02-06 14:56:57,5,6,5171,8633
2023-02-06 14:57:20,5,7,5171,8633
2023-02-06 14:57:48,5,6,5171,8633
2023-02-06 14:57:50,4,6,5171,8633
2023-02-06 14:57:57,4,6,5179,8641
2023-02-06 14:57:58,5,6,5179,8641
2023-02-06 14:58:17,5,8,5495,8957
2023-02-06 14:58:18,7,8,5495,8957
2023-02-06 14:58:19,6,7,5503,8965
2023-02-06 14:58:24,6,8,5728,9190
2023-02-06 14:58:57,5,8,5728,9190
2023-02-06 14:59:01,5,9,5984,9446
2023-02-06 14:59:16,4,9,5984,9446
2023-02-06 14:59:17,5,9,5984,9446
2023-02-06 14:59:17,7,9,5984,9446
2023-02-06 14:59:18,7,10,5984,9446
2023-02-06 14:59:23,7,8,5984,9446
2023-02-06 14:59:43,7,9,5984,9446
2023-02-06 14:59:43,7,9,5976,9454
2023-02-06 14:59:44,7,8,5976,9454
2023-02-06 14:59:47,3,8,5976,9454
2023-02-06 15:00:05,3,10,5976,9454
2023-02-06 15:00:05,3,6,5976,9454
2023-02-06 15:00:16,3,7,5976,9454
2023-02-06 15:00:24,3,6,5976,9454
2023-02-06 15:00:35,3,7,5976,9454
2023-02-06 15:01:05,3,8,5976,9454
2023-02-06 15:01:05,3,6,5976,9454
2023-02-06 15:01:16,3,7,5976,9454
2023-02-06 15:01:25,3,6,5976,9454
2023-02-06 15:01:42,3,7,5976,9454
2023-02-06 15:02:06,4,8,5976,9454
2023-02-06 15:02:22,3,8,5976,9454
2023-02-06 15:02:28,3,7,5976,9454
2023-02-06 15:02:40,3,8,5976,9454
2023-02-06 15:02:48,3,7,5976,9454
2023-02-06 15:03:07,3,8,5976,9454
2023-02-06 15:03:07,3,7,5976,9454
2023-02-06 15:03:19,3,8,5976,9454
2023-02-06 15:03:28,3,6,5976,9454
2023-02-06 15:03:40,3,7,5976,9454
2023-02-06 15:03:48,3,6,5976,9454
2023-02-06 15:04:04,3,7,5976,9454
2023-02-06 15:04:26,3,8,5976,9454
2023-02-06 15:04:33,3,10,5976,9454
2023-02-06 15:04:33,3,7,5976,9454
2023-02-06 15:04:49,3,8,5976,9454
2023-02-06 15:04:49,3,7,5976,9454
2023-02-06 15:05:03,3,8,5976,9454
2023-02-06 15:05:10,3,7,5976,9454
2023-02-06 15:05:22,3,8,5976,9454
2023-02-06 15:05:34,4,10,5976,9454
2023-02-06 15:05:34,4,8,5976,9454
2023-02-06 15:05:50,4,9,5976,9454
2023-02-06 15:05:50,4,8,5976,9454
2023-02-06 15:06:07,5,9,5976,9454
2023-02-06 15:06:34,6,12,5976,9454
2023-02-06 15:06:35,6,10,5976,9454
2023-02-06 15:06:49,5,11,5976,9454
2023-02-06 15:06:50,7,11,5976,9454
2023-02-06 15:06:51,7,10,5976,9454
2023-02-06 15:07:02,7,11,5976,9454
2023-02-06 15:07:07,5,11,5976,9454
2023-02-06 15:07:11,6,11,5976,9454
2023-02-06 15:07:11,6,10,5976,9454
2023-02-06 15:07:23,5,10,5976,9454
2023-02-06 15:07:23,5,11,5976,9454
2023-02-06 15:07:35,6,13,5976,9454
2023-02-06 15:07:35,6,10,5976,9454
2023-02-06 15:07:37,7,10,5976,9454
2023-02-06 15:07:44,6,10,5976,9454
2023-02-06 15:07:52,6,11,5976,9454
2023-02-06 15:07:52,6,10,5976,9454
2023-02-06 15:08:06,5,11,5976,9454
2023-02-06 15:08:13,5,8,5976,9454
2023-02-06 15:08:36,5,11,5976,9454
2023-02-06 15:08:36,5,8,5976,9454
2023-02-06 15:08:50,5,9,5976,9454
2023-02-06 15:08:53,5,8,5976,9454
2023-02-06 15:09:13,5,9,5976,9454
2023-02-06 15:09:13,5,8,5976,9454
2023-02-06 15:09:36,5,11,5976,9454
2023-02-06 15:09:36,5,8,5976,9454
2023-02-06 15:09:54,5,9,5976,9454
2023-02-06 15:09:54,5,7,5976,9454
2023-02-06 15:10:01,3,7,5976,9454
2023-02-06 15:10:03,4,7,5976,9454
2023-02-06 15:10:14,4,8,5976,9454
2023-02-06 15:10:14,4,7,5976,9454
2023-02-06 15:10:37,4,11,5976,9454
2023-02-06 15:10:37,4,7,5976,9454
2023-02-06 15:10:42,4,7,5976,9461
2023-02-06 15:10:55,4,8,5976,9461
2023-02-06 15:11:15,4,9,5976,9461
2023-02-06 15:11:16,4,8,5976,9461
2023-02-06 15:11:38,6,11,5976,9461
2023-02-06 15:11:39,6,13,5976,9461
2023-02-06 15:11:39,6,8,5976,9461
2023-02-06 15:11:42,8,9,5976,9469
2023-02-06 15:12:04,8,11,5976,9469
2023-02-06 15:12:08,8,12,5976,9477
2023-02-06 15:12:17,8,10,5976,9477
2023-02-06 15:12:24,8,11,5976,9485
2023-02-06 15:12:37,9,11,5976,9485
2023-02-06 15:12:57,8,13,5976,9485
2023-02-06 15:12:58,8,12,5976,9485
2023-02-06 15:13:03,9,12,5976,9485
2023-02-06 15:13:05,10,12,5976,9485
2023-02-06 15:13:14,9,13,5976,9485
2023-02-06 15:13:16,9,15,5976,9495
2023-02-06 15:13:19,9,13,5976,9495
2023-02-06 15:13:32,8,14,5976,9495
2023-02-06 15:13:32,9,14,5976,9495
2023-02-06 15:13:39,9,11,5976,9495
2023-02-06 15:13:50,9,12,5976,9495
2023-02-06 15:14:06,8,12,5976,9495
2023-02-06 15:14:18,9,13,5976,9495
2023-02-06 15:14:19,9,11,5976,9495
2023-02-06 15:14:20,10,11,5976,9495
2023-02-06 15:14:35,10,15,5976,9505
2023-02-06 15:14:40,10,13,5976,9505
2023-02-06 15:14:45,9,13,5976,9505
2023-02-06 15:14:46,10,13,5976,9505
2023-02-06 15:14:54,9,14,5976,9505
2023-02-06 15:14:56,10,14,5976,9505
2023-02-06 15:15:00,10,12,5976,9505
2023-02-06 15:15:02,11,12,5976,9505
2023-02-06 15:15:11,11,13,5976,9505
2023-02-06 15:15:13,12,13,5976,9505
2023-02-06 15:15:18,12,15,5976,9515
2023-02-06 15:15:18,11,15,5976,9515
2023-02-06 15:15:24,12,15,5976,9515
2023-02-06 15:15:26,12,16,5976,9515
2023-02-06 15:15:34,12,17,5983,9540
2023-02-06 15:15:34,14,17,5983,9540
2023-02-06 15:15:46,15,17,5983,9540
2023-02-06 15:16:06,16,18,5983,9540
2023-02-06 15:16:07,17,18,5983,9540
2023-02-06 15:16:16,17,20,5983,9540
2023-02-06 15:16:17,18,20,5983,9540
2023-02-06 15:16:20,17,20,5983,9540
2023-02-06 15:16:24,17,21,5983,9540
2023-02-06 15:16:24,17,20,5983,9540
2023-02-06 15:16:25,17,21,5983,9540
2023-02-06 15:16:33,15,17,5976,9547
2023-02-06 15:16:51,14,18,5976,9547
2023-02-06 15:16:52,13,18,5976,9547
2023-02-06 15:16:53,13,17,5976,9547
2023-02-06 15:17:07,12,17,5976,9547
2023-02-06 15:17:14,12,14,5976,9547
2023-02-06 15:17:34,11,15,5976,9547
2023-02-06 15:17:52,11,16,5976,9547
2023-02-06 15:17:52,11,15,5976,9547
2023-02-06 15:17:52,10,15,5976,9547
2023-02-06 15:17:55,10,14,5976,9547
2023-02-06 15:18:06,9,15,5976,9547
2023-02-06 15:18:07,9,13,5976,9547
2023-02-06 15:18:15,9,11,5976,9547
2023-02-06 15:18:20,7,11,5976,9547
2023-02-06 15:18:26,6,11,5976,9547
2023-02-06 15:18:28,6,12,5976,9547
2023-02-06 15:18:36,6,10,5976,9547
2023-02-06 15:18:55,6,11,5976,9547
2023-02-06 15:18:56,6,9,5976,9547
2023-02-06 15:19:12,6,10,5976,9547
2023-02-06 15:19:16,6,9,5976,9547
2023-02-06 15:19:36,6,10,5976,9547
2023-02-06 15:19:36,6,9,5976,9547
2023-02-06 15:19:56,6,10,5976,9547
2023-02-06 15:19:56,7,10,5976,9547
2023-02-06 15:20:05,6,10,5976,9547
2023-02-06 15:20:12,6,11,5976,9547
2023-02-06 15:20:17,6,10,5976,9547
2023-02-06 15:20:33,6,11,5976,9547
2023-02-06 15:20:34,5,11,5976,9547
2023-02-06 15:20:37,5,8,5976,9547
2023-02-06 15:20:53,5,9,5976,9547
2023-02-06 15:20:53,5,8,5976,9547
2023-02-06 15:21:57,5,11,5976,9547
2023-02-06 15:21:57,5,13,5976,9547
2023-02-06 15:21:57,6,13,5976,9547
2023-02-06 15:22:02,6,10,5976,9547
2023-02-06 15:22:09,7,10,5976,9547
2023-02-06 15:22:27,7,12,5976,9547
2023-02-06 15:22:27,8,12,5976,9547
2023-02-06 15:22:33,8,13,5976,9557
2023-02-06 15:22:52,9,13,5976,9557
2023-02-06 15:23:14,9,14,5976,9557
2023-02-06 15:23:14,10,14,5976,9557
2023-02-06 15:23:19,9,14,5976,9557
2023-02-06 15:23:23,8,14,5976,9557
2023-02-06 15:23:32,9,14,5976,9557
2023-02-06 15:23:41,10,14,5976,9557
2023-02-06 15:23:42,9,14,5976,9557
2023-02-06 15:23:43,10,14,5976,9557
2023-02-06 15:23:45,9,14,5976,9557
2023-02-06 15:23:46,10,14,5976,9557
2023-02-06 15:23:58,9,15,5976,9557
2023-02-06 15:24:03,10,15,5976,9557
2023-02-06 15:24:09,9,15,5976,9557
2023-02-06 15:24:18,9,14,5976,9557
2023-02-06 15:24:20,10,14,5976,9557
2023-02-06 15:24:23,9,14,5976,9557
2023-02-06 15:24:27,10,14,5976,9557
2023-02-06 15:24:33,9,14,5976,9557
2023-02-06 15:24:52,10,14,5976,9557
2023-02-06 15:24:53,12,14,5976,9557
2023-02-06 15:25:02,11,17,5976,9557
2023-02-06 15:25:07,12,17,5976,9557
2023-02-06 15:25:10,11,17,5976,9557
2023-02-06 15:25:13,11,16,5976,9557
2023-02-06 15:25:19,10,16,5976,9557
2023-02-06 15:25:30,9,16,5976,9557
2023-02-06 15:25:33,10,16,5976,9557
2023-02-06 15:25:39,10,15,5976,9557
2023-02-06 15:25:40,11,15,5976,9557
2023-02-06 15:25:47,12,15,5976,9557
2023-02-06 15:25:48,12,14,5976,9557
2023-02-06 15:25:50,11,14,5976,9557
2023-02-06 15:26:00,12,14,5976,9557
2023-02-06 15:26:06,11,14,5976,9557
2023-02-06 15:26:07,12,14,5976,9557
2023-02-06 15:26:10,12,18,5976,9557
2023-02-06 15:26:11,15,20,5976,9557
2023-02-06 15:26:13,15,24,5976,9557
2023-02-06 15:26:14,15,22,5976,9557
2023-02-06 15:26:28,15,20,5976,9557
2023-02-06 15:26:48,15,19,5976,9557
2023-02-06 15:27:04,13,19,5976,9557
2023-02-06 15:27:07,14,19,5976,9557
2023-02-06 15:27:07,14,18,5976,9557
2023-02-06 15:27:13,15,18,5976,9557
2023-02-06 15:27:25,15,20,5976,9567
2023-02-06 15:27:35,14,20,5976,9567
2023-02-06 15:27:43,14,18,5976,9567
2023-02-06 15:27:48,14,17,5976,9567
2023-02-06 15:28:06,12,17,5976,9567
2023-02-06 15:28:06,13,17,5976,9567
2023-02-06 15:28:07,13,14,5976,9567
2023-02-06 15:28:08,12,14,5976,9567
2023-02-06 15:28:11,13,14,5976,9567
2023-02-06 15:28:14,13,17,5976,9567
2023-02-06 15:28:17,14,17,5976,9567
2023-02-06 15:28:25,13,17,5976,9567
2023-02-06 15:28:34,13,18,5976,9567
2023-02-06 15:28:35,12,18,5976,9567
2023-02-06 15:28:36,13,18,5976,9567
2023-02-06 15:28:49,13,16,5976,9567
2023-02-06 15:28:51,12,16,5976,9567
2023-02-06 15:28:57,11,16,5976,9567
2023-02-06 15:29:04,10,16,5976,9567
2023-02-06 15:29:10,10,13,5976,9567
2023-02-06 15:29:25,11,13,5976,9567
2023-02-06 15:29:41,11,16,5976,9567
2023-02-06 15:29:41,10,16,5976,9567
2023-02-06 15:29:42,11,16,5976,9567
2023-02-06 15:29:53,12,17,5976,9567
2023-02-06 15:29:56,12,16,5976,9567
2023-02-06 15:29:57,10,16,6001,9592
2023-02-06 15:30:03,10,16,6031,9622
2023-02-06 15:30:04,10,15,6031,9622
2023-02-06 15:30:04,8,15,6031,9622
2023-02-06 15:30:05,15,17,6036,9627
2023-02-06 15:30:08,17,19,6036,9637
2023-02-06 15:30:08,17,18,6036,9637
2023-02-06 15:30:08,17,19,6036,9637
2023-02-06 15:30:12,13,19,6036,9637
2023-02-06 15:30:13,13,18,6036,9637
2023-02-06 15:30:13,18,19,6041,9642
2023-02-06 15:30:13,18,19,6046,9647
2023-02-06 15:30:18,13,19,6046,9647
2023-02-06 15:30:21,13,18,6046,9647
2023-02-06 15:30:21,13,17,6046,9647
2023-02-06 15:30:26,16,17,6046,9647
2023-02-06 15:30:29,16,19,6046,9677
2023-02-06 15:30:29,16,18,6046,9677
2023-02-06 15:30:29,13,15,6046,9687
2023-02-06 15:30:31,13,17,6046,9687
2023-02-06 15:30:32,15,17,6046,9687
2023-02-06 15:30:32,15,19,6046,9687
2023-02-06 15:30:45,13,19,6046,9687
2023-02-06 15:30:45,13,18,6046,9687
2023-02-06 15:30:46,15,18,6046,9687
2023-02-06 15:30:47,15,19,6046,9687
2023-02-06 15:30:49,15,18,6046,9687
2023-02-06 15:31:08,15,19,6046,9687
2023-02-06 15:31:08,14,19,6046,9687
2023-02-06 15:31:08,14,17,6046,9687
2023-02-06 15:31:14,14,16,6046,9687
2023-02-06 15:31:16,14,17,6046,9687
2023-02-06 15:31:28,13,16,6046,9687
2023-02-06 15:31:37,11,16,6046,9687
2023-02-06 15:31:37,11,15,6046,9687
2023-02-06 15:31:38,11,14,6046,9687
2023-02-06 15:31:44,11,13,6046,9687
2023-02-06 15:31:45,11,14,6046,9687
2023-02-06 15:31:46,11,13,6046,9687
2023-02-06 15:31:48,9,13,6046,9687
2023-02-06 15:31:55,9,12,6046,9687
2023-02-06 15:32:02,9,13,6046,9687
2023-02-06 15:32:06,9,12,6046,9687
2023-02-06 15:32:07,9,11,6046,9687
2023-02-06 15:32:07,9,10,6046,9687
2023-02-06 15:32:08,8,10,6046,9687
2023-02-06 15:33:59,8,9,6046,9687
2023-02-06 15:34:00,8,10,6046,9687
2023-02-06 15:34:12,8,9,6046,9687
2023-02-06 15:34:15,8,9,6046,9692
2023-02-06 15:34:36,5,8,6046,9842
2023-02-06 15:34:55,6,8,6046,9842
2023-02-06 15:35:09,6,7,6046,9842
2023-02-06 15:35:35,4,9,6046,10233
2023-02-06 15:35:35,5,9,6046,10233
2023-02-06 15:35:44,5,10,6046,10233
2023-02-06 15:36:02,5,9,6046,10233
2023-02-06 15:36:04,5,8,6046,10233
2023-02-06 15:36:15,5,7,6046,10233
2023-02-06 15:36:16,4,7,6046,10233
2023-02-06 15:36:37,3,7,6046,10233
2023-02-06 15:36:39,3,6,6046,10233
2023-02-06 15:37:12,3,7,6046,10233
2023-02-06 15:37:16,3,6,6046,10233
2023-02-06 15:37:22,3,7,6046,10233
2023-02-06 15:37:31,3,6,6046,10233
2023-02-06 15:37:38,3,7,6046,10233
2023-02-06 15:37:54,3,6,6046,10233
2023-02-06 15:37:55,3,7,6046,10233
2023-02-06 15:37:56,3,6,6046,10233
2023-02-06 15:37:57,3,7,6046,10233
2023-02-06 15:37:59,3,6,6046,10233
2023-02-06 15:38:05,3,7,6046,10233
2023-02-06 15:38:29,3,6,6046,10233
2023-02-06 15:38:32,3,7,6046,10233
2023-02-06 15:38:33,3,6,6046,10233
2023-02-06 15:38:54,3,7,6046,10233
2023-02-06 15:39:12,3,6,6046,10233
2023-02-06 15:39:49,3,7,6046,10233
2023-02-06 15:40:07,3,6,6046,10233
2023-02-06 15:40:26,3,5,6046,10233
2023-02-06 15:40:31,3,6,6046,10233
2023-02-06 15:40:34,3,5,6046,10233
2023-02-06 15:40:37,3,6,6046,10233
2023-02-06 15:41:11,3,5,6046,10233
2023-02-06 15:41:17,3,6,6046,10233
2023-02-06 15:41:31,3,5,6046,10233
2023-02-06 15:42:20,3,6,6046,10233
2023-02-06 15:43:46,3,6,6052,10239
2023-02-06 15:43:59,3,5,6052,10239
2023-02-06 15:44:12,3,6,6052,10239
2023-02-06 15:44:19,3,5,6052,10239
2023-02-06 15:44:21,3,6,6052,10239
2023-02-06 15:44:52,3,5,6052,10239
2023-02-06 15:44:54,3,6,6052,10239
2023-02-06 15:44:57,3,5,6052,10239
2023-02-06 15:45:01,3,6,6052,10239
2023-02-06 15:45:25,3,5,6052,10239
2023-02-06 15:46:01,3,6,6052,10239
2023-02-06 15:46:06,3,6,6072,10259
2023-02-06 15:46:11,3,7,6072,10259
2023-02-06 15:46:14,3,6,6072,10259
2023-02-06 15:46:19,3,7,6072,10259
2023-02-06 15:46:21,3,6,6072,10259
2023-02-06 15:46:25,3,7,6072,10259
2023-02-06 15:46:39,3,8,6072,10259
2023-02-06 15:46:46,3,11,6105,10292
2023-02-06 15:46:47,7,11,6105,10292
2023-02-06 15:47:11,7,13,6105,10292
2023-02-06 15:47:11,7,9,6105,10292
2023-02-06 15:47:11,4,9,6105,10292
2023-02-06 15:47:11,5,9,6105,10292
2023-02-06 15:47:20,6,9,6105,10292
2023-02-06 15:47:36,5,9,6105,10292
2023-02-06 15:47:42,6,9,6105,10292
2023-02-06 15:47:43,5,9,6105,10292
2023-02-06 15:48:27,5,7,6105,10292
2023-02-06 15:48:28,4,7,6105,10292
2023-02-06 15:49:56,4,7,6105,10302
2023-02-06 15:50:53,3,7,6105,10307
2023-02-06 15:50:59,3,6,6105,10307
2023-02-06 15:51:22,3,6,6105,10362
2023-02-06 15:51:29,2,6,6102,10563
2023-02-06 15:51:34,2,3,6102,10563
2023-02-06 15:51:44,2,6,6102,10563
2023-02-06 15:51:59,1,6,6102,10563
2023-02-06 15:52:01,1,7,6102,10563
2023-02-06 15:52:12,1,6,6102,10563
2023-02-06 15:52:17,0,6,6902,11363
2023-02-06 15:53:20,0,5,6902,11363
2023-02-06 15:53:22,0,6,6902,11363
2023-02-06 15:53:23,0,5,6902,11363
2023-02-06 15:53:24,0,6,6902,11363
2023-02-06 15:53:25,0,5,6902,11363
2023-02-06 15:53:29,0,6,6902,11363
2023-02-06 15:53:29,0,4,6902,11363
2023-02-06 15:53:29,0,6,6902,11363
2023-02-06 15:53:29,0,5,6902,11363
2023-02-06 15:53:29,0,6,6902,11363
2023-02-06 15:53:30,0,4,6902,11363
2023-02-06 15:53:30,0,6,6902,11363
2023-02-06 15:53:33,0,5,6902,11363
2023-02-06 15:53:35,0,1,6902,11363
