datetime,bid,ask,open_interest,volume
2023-08-03 09:53:27,23,100,0,0
2023-08-03 09:53:27,23,33,0,0
2023-08-03 09:53:28,24,33,0,0
2023-08-03 09:53:28,24,32,0,0
2023-08-03 09:53:29,24,31,0,0
2023-08-03 09:53:29,25,31,0,0
2023-08-03 09:53:30,25,30,0,0
2023-08-03 09:53:30,26,30,0,0
2023-08-03 09:53:31,27,30,0,0
2023-08-03 09:53:33,26,30,0,0
2023-08-03 09:53:35,26,31,0,0
2023-08-03 09:53:41,25,31,0,0
2023-08-03 09:53:47,24,31,0,0
2023-08-03 09:53:51,25,31,0,0
2023-08-03 09:53:52,24,31,0,0
2023-08-03 09:53:55,20,31,0,0
2023-08-03 09:54:02,21,31,0,0
2023-08-03 09:54:03,22,31,0,0
2023-08-03 09:54:04,23,31,0,0
2023-08-03 09:55:05,23,33,0,0
2023-08-03 09:55:06,24,33,0,0
2023-08-03 09:55:06,24,32,0,0
2023-08-03 09:55:07,24,35,0,0
2023-08-03 09:55:07,25,35,0,0
2023-08-03 09:55:08,26,35,0,0
2023-08-03 09:55:08,26,34,0,0
2023-08-03 09:55:09,26,33,0,0
2023-08-03 09:55:09,27,33,0,0
2023-08-03 09:55:10,28,33,0,0
2023-08-03 09:55:11,29,32,0,0
2023-08-03 09:55:13,29,31,0,0
2023-08-03 09:55:17,28,31,0,0
2023-08-03 09:55:34,26,31,0,0
2023-08-03 09:55:57,25,31,0,0
2023-08-03 09:56:08,24,31,0,0
2023-08-03 09:56:10,21,31,0,0
2023-08-03 09:56:19,0,31,0,0
2023-08-03 09:56:19,20,31,0,0
2023-08-03 09:56:22,21,31,0,0
2023-08-03 09:56:23,22,31,0,0
2023-08-03 09:56:32,21,31,0,0
2023-08-03 09:56:32,20,31,0,0
2023-08-03 09:56:33,20,30,0,0
2023-08-03 09:56:33,21,30,0,0
2023-08-03 09:56:37,22,30,0,0
2023-08-03 09:56:46,23,30,0,0
2023-08-03 09:56:46,23,29,0,0
2023-08-03 09:56:47,24,29,0,0
2023-08-03 09:56:47,24,28,0,0
2023-08-03 09:56:48,25,28,0,0
2023-08-03 09:56:49,25,27,0,0
2023-08-03 09:56:53,25,28,0,0
2023-08-03 09:56:55,25,29,0,0
2023-08-03 09:57:09,25,30,0,0
2023-08-03 09:57:10,25,32,0,0
2023-08-03 09:57:13,25,100,0,0
2023-08-03 09:57:13,25,35,0,0
2023-08-03 09:57:13,25,33,0,0
2023-08-03 09:57:14,25,32,0,0
2023-08-03 09:57:15,25,31,0,0
2023-08-03 09:57:16,25,30,0,0
2023-08-03 09:57:27,25,31,0,0
2023-08-03 09:57:30,25,32,0,0
2023-08-03 09:57:41,25,31,0,0
2023-08-03 09:58:01,25,32,0,0
2023-08-03 09:58:14,25,31,0,0
2023-08-03 09:58:23,25,32,0,0
2023-08-03 09:58:28,25,31,0,0
2023-08-03 09:58:48,24,31,0,0
2023-08-03 10:00:00,24,30,0,0
2023-08-03 10:00:03,23,30,0,0
2023-08-03 10:00:04,21,30,0,0
2023-08-03 10:00:04,19,30,0,0
2023-08-03 10:00:14,0,30,0,0
2023-08-03 10:00:14,0,100,0,0
2023-08-03 10:00:14,19,100,0,0
2023-08-03 10:00:14,21,100,0,0
2023-08-03 10:00:14,21,33,0,0
2023-08-03 10:00:14,21,31,0,0
2023-08-03 10:00:22,21,30,0,0
2023-08-03 10:00:23,22,29,0,0
2023-08-03 10:00:24,24,29,0,0
2023-08-03 10:00:24,24,28,0,0
2023-08-03 10:00:25,24,27,0,0
2023-08-03 10:00:27,24,28,0,0
2023-08-03 10:00:31,24,29,0,0
2023-08-03 10:00:32,24,30,0,0
2023-08-03 10:00:33,24,33,0,0
2023-08-03 10:00:33,24,100,0,0
2023-08-03 10:00:33,24,34,0,0
2023-08-03 10:00:40,0,34,0,0
2023-08-03 10:00:40,0,100,0,0
2023-08-03 10:00:40,26,100,0,0
2023-08-03 10:00:40,26,36,0,0
2023-08-03 10:00:41,27,36,0,0
2023-08-03 10:00:46,27,100,0,0
2023-08-03 10:00:46,27,37,0,0
2023-08-03 10:00:46,27,35,0,0
2023-08-03 10:00:54,27,34,0,0
2023-08-03 10:00:55,27,33,0,0
2023-08-03 10:00:56,28,33,0,0
2023-08-03 10:00:56,28,32,0,0
2023-08-03 10:00:57,27,32,0,0
2023-08-03 10:00:59,28,32,0,0
2023-08-03 10:01:03,28,34,0,0
2023-08-03 10:01:10,28,100,0,0
2023-08-03 10:01:10,28,32,0,0
2023-08-03 10:01:18,22,32,0,0
2023-08-03 10:01:18,22,31,0,0
2023-08-03 10:01:19,22,30,0,0
2023-08-03 10:01:19,0,30,0,0
2023-08-03 10:01:19,21,30,0,0
2023-08-03 10:01:19,23,30,0,0
2023-08-03 10:01:20,23,29,0,0
2023-08-03 10:01:20,24,29,0,0
2023-08-03 10:01:21,24,30,0,0
2023-08-03 10:01:21,25,30,0,0
2023-08-03 10:01:23,25,31,0,0
2023-08-03 10:01:34,25,34,0,0
2023-08-03 10:01:34,25,100,0,0
2023-08-03 10:01:34,25,37,0,0
2023-08-03 10:01:34,25,35,0,0
2023-08-03 10:01:47,25,100,0,0
2023-08-03 10:01:47,26,100,0,0
2023-08-03 10:01:47,26,36,0,0
2023-08-03 10:02:01,25,36,0,0
2023-08-03 10:02:01,25,100,0,0
2023-08-03 10:02:01,28,100,0,0
2023-08-03 10:02:01,28,40,0,0
2023-08-03 10:02:01,28,38,0,0
2023-08-03 10:02:13,29,38,0,0
2023-08-03 10:02:14,29,100,0,0
2023-08-03 10:02:14,29,37,0,0
2023-08-03 10:02:15,30,37,0,0
2023-08-03 10:02:15,30,36,0,0
2023-08-03 10:02:16,30,35,0,0
2023-08-03 10:02:18,29,35,0,0
2023-08-03 10:02:19,30,35,0,0
2023-08-03 10:02:20,29,35,0,0
2023-08-03 10:02:24,30,35,0,0
2023-08-03 10:02:28,30,34,0,0
2023-08-03 10:02:35,30,100,0,0
2023-08-03 10:02:35,30,34,0,0
2023-08-03 10:02:35,30,32,0,0
2023-08-03 10:03:06,21,32,0,0
2023-08-03 10:03:06,21,31,0,0
2023-08-03 10:03:07,21,30,0,0
2023-08-03 10:03:08,21,29,0,0
2023-08-03 10:03:11,22,29,0,0
2023-08-03 10:03:11,23,29,0,0
2023-08-03 10:03:12,24,29,0,0
2023-08-03 10:03:13,25,29,0,0
2023-08-03 10:03:14,26,29,0,0
2023-08-03 10:03:29,25,29,0,0
2023-08-03 10:03:37,25,30,0,0
2023-08-03 10:03:38,25,31,0,0
2023-08-03 10:03:44,25,34,0,0
2023-08-03 10:03:46,25,100,0,0
2023-08-03 10:03:46,25,36,0,0
2023-08-03 10:03:54,25,35,0,0
2023-08-03 10:03:55,25,34,0,0
2023-08-03 10:03:56,25,33,0,0
2023-08-03 10:04:14,26,33,0,0
2023-08-03 10:04:15,27,33,0,0
2023-08-03 10:04:16,28,33,0,0
2023-08-03 10:04:46,28,100,0,0
2023-08-03 10:04:46,28,36,0,0
2023-08-03 10:04:52,28,100,0,0
2023-08-03 10:04:52,28,35,0,0
2023-08-03 10:04:57,27,35,0,0
2023-08-03 10:05:05,27,100,0,0
2023-08-03 10:05:05,27,35,0,0
2023-08-03 10:05:05,27,33,0,0
2023-08-03 10:05:07,27,32,0,0
2023-08-03 10:05:08,27,33,0,0
2023-08-03 10:05:08,26,33,0,0
2023-08-03 10:05:08,22,33,0,0
2023-08-03 10:05:09,22,32,0,0
2023-08-03 10:05:10,22,31,0,0
2023-08-03 10:05:11,22,30,0,0
2023-08-03 10:05:12,22,29,0,0
2023-08-03 10:05:13,22,30,0,0
2023-08-03 10:05:14,22,29,0,0
2023-08-03 10:05:18,22,30,0,0
2023-08-03 10:05:18,23,30,0,0
2023-08-03 10:05:19,24,30,0,0
2023-08-03 10:05:20,25,30,0,0
2023-08-03 10:05:26,25,31,0,0
2023-08-03 10:05:34,25,32,0,0
2023-08-03 10:06:01,25,31,0,0
2023-08-03 10:06:03,25,32,0,0
2023-08-03 10:06:08,25,31,0,0
2023-08-03 10:06:24,25,30,0,0
2023-08-03 10:06:25,25,29,0,0
2023-08-03 10:06:29,25,28,0,0
2023-08-03 10:06:40,25,29,0,0
2023-08-03 10:06:40,25,30,0,0
2023-08-03 10:06:40,25,31,0,0
2023-08-03 10:06:59,24,31,0,0
2023-08-03 10:07:56,24,30,0,0
2023-08-03 10:08:02,23,30,0,0
2023-08-03 10:08:16,24,30,0,0
2023-08-03 10:08:21,24,31,0,0
2023-08-03 10:08:21,24,29,0,0
2023-08-03 10:08:30,24,31,0,0
2023-08-03 10:08:57,24,29,0,0
2023-08-03 10:09:12,19,29,0,0
2023-08-03 10:09:13,20,29,0,0
2023-08-03 10:09:13,20,31,0,0
2023-08-03 10:09:13,20,28,0,0
2023-08-03 10:09:28,21,28,0,0
2023-08-03 10:09:29,22,28,0,0
2023-08-03 10:09:33,23,28,0,0
2023-08-03 10:09:34,22,28,0,0
2023-08-03 10:10:03,21,28,0,0
2023-08-03 10:10:13,21,31,0,0
2023-08-03 10:10:13,21,29,0,0
2023-08-03 10:10:13,21,27,0,0
2023-08-03 10:10:18,20,27,0,0
2023-08-03 10:10:20,17,27,0,0
2023-08-03 10:10:20,17,31,0,0
2023-08-03 10:10:20,0,31,0,0
2023-08-03 10:10:20,14,31,0,0
2023-08-03 10:10:20,16,31,0,0
2023-08-03 10:10:20,16,28,0,0
2023-08-03 10:10:20,16,26,0,0
2023-08-03 10:10:31,17,26,0,0
2023-08-03 10:10:32,18,26,0,0
2023-08-03 10:10:33,19,26,0,0
2023-08-03 10:10:35,20,26,0,0
2023-08-03 10:10:37,19,26,0,0
2023-08-03 10:10:59,19,31,0,0
2023-08-03 10:10:59,19,28,0,0
2023-08-03 10:11:53,19,31,0,0
2023-08-03 10:11:53,19,29,0,0
2023-08-03 10:12:09,19,31,0,0
2023-08-03 10:12:09,20,31,0,0
2023-08-03 10:12:09,20,30,0,0
2023-08-03 10:12:21,20,31,0,0
2023-08-03 10:12:21,19,31,0,0
2023-08-03 10:12:21,19,29,0,0
2023-08-03 10:13:14,19,31,0,0
2023-08-03 10:13:14,19,28,0,0
2023-08-03 10:13:30,19,31,0,0
2023-08-03 10:13:30,19,29,0,0
2023-08-03 10:13:50,19,31,0,0
2023-08-03 10:13:50,20,31,0,0
2023-08-03 10:14:27,19,31,0,0
2023-08-03 10:14:27,19,29,0,0
2023-08-03 10:14:36,19,31,0,0
2023-08-03 10:14:36,19,30,0,0
2023-08-03 10:14:36,19,28,0,0
2023-08-03 10:15:10,19,31,0,0
2023-08-03 10:15:10,19,26,0,0
2023-08-03 10:16:10,19,31,0,0
2023-08-03 10:16:10,19,28,0,0
2023-08-03 10:16:10,19,26,0,0
2023-08-03 10:16:19,18,26,0,0
2023-08-03 10:16:54,18,31,0,0
2023-08-03 10:16:54,18,26,0,0
2023-08-03 10:16:54,18,24,0,0
2023-08-03 10:17:08,17,24,0,0
2023-08-03 10:17:15,18,24,0,0
2023-08-03 10:17:28,19,24,0,0
2023-08-03 10:17:29,18,24,0,0
2023-08-03 10:17:30,19,24,0,0
2023-08-03 10:17:54,19,31,0,0
2023-08-03 10:17:54,19,28,0,0
2023-08-03 10:17:54,19,26,0,0
2023-08-03 10:18:07,18,26,0,0
2023-08-03 10:18:21,18,31,0,0
2023-08-03 10:18:21,18,27,0,0
2023-08-03 10:18:39,18,31,0,0
2023-08-03 10:18:39,18,26,0,0
2023-08-03 10:19:03,18,31,0,0
2023-08-03 10:19:03,18,25,0,0
2023-08-03 10:19:37,18,31,0,0
2023-08-03 10:19:37,18,28,0,0
2023-08-03 10:19:37,18,26,0,0
2023-08-03 10:19:43,18,31,0,0
2023-08-03 10:19:43,18,29,0,0
2023-08-03 10:19:43,18,27,0,0
2023-08-03 10:20:43,18,31,0,0
2023-08-03 10:20:43,18,26,0,0
2023-08-03 10:21:13,18,31,0,0
2023-08-03 10:21:13,18,25,0,0
2023-08-03 10:21:19,17,25,0,0
2023-08-03 10:21:19,17,31,0,0
2023-08-03 10:21:19,17,26,0,0
2023-08-03 10:21:19,17,24,0,0
2023-08-03 10:21:29,13,24,0,0
2023-08-03 10:21:58,14,24,0,0
2023-08-03 10:21:59,15,24,0,0
2023-08-03 10:22:00,16,24,0,0
2023-08-03 10:22:01,17,24,0,0
2023-08-03 10:22:11,16,24,0,0
2023-08-03 10:22:19,16,31,0,0
2023-08-03 10:22:19,16,23,0,0
2023-08-03 10:22:28,15,23,0,0
2023-08-03 10:23:19,15,31,0,0
2023-08-03 10:23:19,15,23,0,0
2023-08-03 10:24:04,15,31,0,0
2023-08-03 10:24:04,15,21,0,0
2023-08-03 10:24:05,14,21,0,0
2023-08-03 10:24:06,15,21,0,0
2023-08-03 10:24:32,14,21,0,0
2023-08-03 10:25:03,14,31,0,0
2023-08-03 10:25:03,14,22,0,0
2023-08-03 10:25:03,14,20,0,0
2023-08-03 10:25:13,10,20,0,0
2023-08-03 10:25:14,11,20,0,0
2023-08-03 10:25:15,12,20,0,0
2023-08-03 10:25:17,13,20,0,0
2023-08-03 10:25:18,14,20,0,0
2023-08-03 10:25:49,13,20,0,0
2023-08-03 10:26:03,13,31,0,0
2023-08-03 10:26:03,13,22,0,0
2023-08-03 10:26:03,13,20,0,0
2023-08-03 10:27:03,13,31,0,0
2023-08-03 10:27:03,13,19,0,0
2023-08-03 10:27:05,12,19,0,0
2023-08-03 10:27:12,11,19,0,0
2023-08-03 10:27:13,11,31,0,0
2023-08-03 10:27:13,11,20,0,0
2023-08-03 10:27:13,11,18,0,0
2023-08-03 10:27:14,12,18,0,0
2023-08-03 10:27:22,11,18,0,0
2023-08-03 10:27:24,12,18,0,0
2023-08-03 10:27:27,11,18,0,0
2023-08-03 10:27:28,12,18,0,0
2023-08-03 10:27:38,11,18,0,0
2023-08-03 10:27:55,12,18,0,0
2023-08-03 10:28:13,12,31,0,0
2023-08-03 10:28:13,12,20,0,0
2023-08-03 10:28:13,12,18,0,0
2023-08-03 10:28:21,11,18,0,0
2023-08-03 10:28:30,8,18,0,0
2023-08-03 10:28:34,9,18,0,0
2023-08-03 10:28:35,10,18,0,0
2023-08-03 10:28:47,10,31,0,0
2023-08-03 10:28:47,10,17,0,0
2023-08-03 10:28:50,9,17,0,0
2023-08-03 10:29:14,10,17,0,0
2023-08-03 10:29:15,9,17,0,0
2023-08-03 10:29:17,6,17,0,0
2023-08-03 10:29:18,7,17,0,0
2023-08-03 10:29:19,8,17,0,0
2023-08-03 10:29:24,8,31,0,0
2023-08-03 10:29:24,8,18,0,0
2023-08-03 10:29:47,8,31,0,0
2023-08-03 10:29:47,8,18,0,0
2023-08-03 10:29:47,8,16,0,0
2023-08-03 10:30:47,8,31,0,0
2023-08-03 10:30:47,8,16,0,0
2023-08-03 10:31:17,8,31,0,0
2023-08-03 10:31:17,8,19,0,0
2023-08-03 10:31:17,8,17,0,0
2023-08-03 10:32:17,8,31,0,0
2023-08-03 10:32:17,8,18,0,0
2023-08-03 10:33:17,8,31,0,0
2023-08-03 10:33:17,8,20,0,0
2023-08-03 10:33:17,8,18,0,0
2023-08-03 10:34:18,8,31,0,0
2023-08-03 10:34:18,9,31,0,0
2023-08-03 10:34:18,9,21,0,0
2023-08-03 10:34:18,9,19,0,0
2023-08-03 10:35:04,8,19,0,0
2023-08-03 10:35:04,8,31,0,0
2023-08-03 10:35:04,9,31,0,0
2023-08-03 10:35:04,10,31,0,0
2023-08-03 10:35:04,10,22,0,0
2023-08-03 10:35:04,10,20,0,0
2023-08-03 10:35:37,8,20,0,0
2023-08-03 10:35:37,8,31,0,0
2023-08-03 10:35:37,10,31,0,0
2023-08-03 10:35:37,11,31,0,0
2023-08-03 10:35:37,11,22,0,0
2023-08-03 10:35:47,8,22,0,0
2023-08-03 10:35:47,8,31,0,0
2023-08-03 10:35:47,13,31,0,0
2023-08-03 10:35:47,13,25,0,0
2023-08-03 10:35:47,13,23,0,0
2023-08-03 10:36:07,13,31,0,0
2023-08-03 10:36:07,8,31,0,0
2023-08-03 10:36:07,12,31,0,0
2023-08-03 10:36:07,12,22,0,0
2023-08-03 10:36:15,8,22,0,0
2023-08-03 10:36:15,8,31,0,0
2023-08-03 10:36:15,13,31,0,0
2023-08-03 10:36:15,13,23,0,0
2023-08-03 10:36:51,13,31,0,0
2023-08-03 10:36:51,8,31,0,0
2023-08-03 10:36:51,9,31,0,0
2023-08-03 10:36:51,11,31,0,0
2023-08-03 10:36:51,11,22,0,0
2023-08-03 10:37:08,11,31,0,0
2023-08-03 10:37:08,8,31,0,0
2023-08-03 10:37:08,9,31,0,0
2023-08-03 10:37:08,10,31,0,0
2023-08-03 10:37:08,10,20,0,0
2023-08-03 10:38:08,10,31,0,0
2023-08-03 10:38:08,11,31,0,0
2023-08-03 10:38:08,11,23,0,0
2023-08-03 10:38:08,11,21,0,0
2023-08-03 10:39:08,9,31,0,0
2023-08-03 10:39:08,11,31,0,0
2023-08-03 10:39:08,11,21,0,0
2023-08-03 10:39:27,8,21,0,0
2023-08-03 10:39:27,8,31,0,0
2023-08-03 10:39:27,12,31,0,0
2023-08-03 10:39:27,12,22,0,0
2023-08-03 10:40:27,11,31,0,0
2023-08-03 10:40:27,11,22,0,0
2023-08-03 10:40:40,8,22,0,0
2023-08-03 10:40:40,8,31,0,0
2023-08-03 10:40:40,11,31,0,0
2023-08-03 10:40:40,13,31,0,0
2023-08-03 10:40:40,13,25,0,0
2023-08-03 10:40:40,13,23,0,0
2023-08-03 10:41:04,13,31,0,0
2023-08-03 10:41:04,8,31,0,0
2023-08-03 10:41:04,12,31,0,0
2023-08-03 10:41:04,12,24,0,0
2023-08-03 10:41:04,12,22,0,0
2023-08-03 10:42:04,12,31,0,0
2023-08-03 10:42:04,12,22,0,0
2023-08-03 10:43:04,13,31,0,0
2023-08-03 10:43:04,13,23,0,0
2023-08-03 10:44:05,12,31,0,0
2023-08-03 10:44:05,12,22,0,0
2023-08-03 10:44:42,8,22,0,0
2023-08-03 10:44:42,8,31,0,0
2023-08-03 10:44:42,11,31,0,0
2023-08-03 10:44:42,13,31,0,0
2023-08-03 10:44:42,13,23,0,0
2023-08-03 10:45:25,13,31,0,0
2023-08-03 10:45:25,8,31,0,0
2023-08-03 10:45:25,10,31,0,0
2023-08-03 10:45:25,12,31,0,0
2023-08-03 10:45:25,12,24,0,0
2023-08-03 10:45:25,12,22,0,0
2023-08-03 10:45:56,12,31,0,0
2023-08-03 10:45:56,8,31,0,0
2023-08-03 10:45:56,11,31,0,0
2023-08-03 10:45:56,11,21,0,0
2023-08-03 10:46:56,11,31,0,0
2023-08-03 10:46:56,11,21,0,0
2023-08-03 10:47:41,8,21,0,0
2023-08-03 10:47:41,8,31,0,0
2023-08-03 10:47:41,10,31,0,0
2023-08-03 10:47:41,12,31,0,0
2023-08-03 10:47:41,12,24,0,0
2023-08-03 10:47:41,12,22,0,0
2023-08-03 10:47:56,8,22,0,0
2023-08-03 10:47:56,8,31,0,0
2023-08-03 10:47:56,14,31,0,0
2023-08-03 10:47:56,14,24,0,0
2023-08-03 10:48:43,14,31,0,0
2023-08-03 10:48:43,8,31,0,0
2023-08-03 10:48:43,10,31,0,0
2023-08-03 10:48:43,12,31,0,0
2023-08-03 10:48:43,12,23,0,0
2023-08-03 10:49:04,8,23,0,0
2023-08-03 10:49:04,8,31,0,0
2023-08-03 10:49:05,12,31,0,0
2023-08-03 10:49:05,14,31,0,0
2023-08-03 10:49:05,14,24,0,0
2023-08-03 10:50:05,13,31,0,0
2023-08-03 10:50:05,13,25,0,0
2023-08-03 10:50:05,13,23,0,0
2023-08-03 10:50:25,13,31,0,0
2023-08-03 10:50:25,8,31,0,0
2023-08-03 10:50:25,10,31,0,0
2023-08-03 10:50:25,12,31,0,0
2023-08-03 10:50:25,12,24,0,0
2023-08-03 10:50:25,12,22,0,0
2023-08-03 10:51:13,12,31,0,0
2023-08-03 10:51:13,8,31,0,0
2023-08-03 10:51:13,11,31,0,0
2023-08-03 10:51:13,11,23,0,0
2023-08-03 10:51:13,11,21,0,0
2023-08-03 10:51:45,11,31,0,0
2023-08-03 10:51:45,8,31,0,0
2023-08-03 10:51:45,9,31,0,0
2023-08-03 10:51:45,9,21,0,0
2023-08-03 10:51:45,9,19,0,0
2023-08-03 10:52:45,8,31,0,0
2023-08-03 10:52:45,9,31,0,0
2023-08-03 10:52:46,9,22,0,0
2023-08-03 10:52:46,9,20,0,0
2023-08-03 10:53:46,8,31,0,0
2023-08-03 10:53:46,9,31,0,0
2023-08-03 10:53:46,9,20,0,0
2023-08-03 10:54:46,9,31,0,0
2023-08-03 10:54:46,9,21,0,0
2023-08-03 10:54:46,9,19,0,0
2023-08-03 10:55:18,9,31,0,0
2023-08-03 10:55:18,8,31,0,0
2023-08-03 10:55:18,8,20,0,0
2023-08-03 10:55:18,8,18,0,0
2023-08-03 10:56:18,8,31,0,0
2023-08-03 10:56:18,8,20,0,0
2023-08-03 10:56:18,8,18,0,0
2023-08-03 10:56:33,8,31,0,0
2023-08-03 10:56:33,9,31,0,0
2023-08-03 10:56:33,9,19,0,0
2023-08-03 10:57:33,8,31,0,0
2023-08-03 10:57:33,8,20,0,0
2023-08-03 10:57:33,8,18,0,0
2023-08-03 10:57:50,8,31,0,0
2023-08-03 10:57:50,10,31,0,0
2023-08-03 10:57:50,10,20,0,0
2023-08-03 10:58:15,8,20,0,0
2023-08-03 10:58:15,8,31,0,0
2023-08-03 10:58:15,10,31,0,0
2023-08-03 10:58:15,11,31,0,0
2023-08-03 10:58:15,11,21,0,0
2023-08-03 10:58:55,8,21,0,0
2023-08-03 10:58:55,8,31,0,0
2023-08-03 10:58:55,13,31,0,0
2023-08-03 10:58:55,13,25,0,0
2023-08-03 10:58:55,13,23,0,0
2023-08-03 10:59:55,14,31,0,0
2023-08-03 10:59:55,14,24,0,0
2023-08-03 11:00:22,8,24,0,0
2023-08-03 11:00:22,8,31,0,0
2023-08-03 11:00:22,13,31,0,0
2023-08-03 11:00:22,15,31,0,0
2023-08-03 11:00:22,15,27,0,0
2023-08-03 11:00:22,15,25,0,0
2023-08-03 11:00:30,15,31,0,0
2023-08-03 11:00:30,8,31,0,0
2023-08-03 11:00:30,12,31,0,0
2023-08-03 11:00:30,14,31,0,0
2023-08-03 11:00:30,14,26,0,0
2023-08-03 11:00:30,14,24,0,0
2023-08-03 11:01:30,12,31,0,0
2023-08-03 11:01:30,14,31,0,0
2023-08-03 11:01:30,14,25,0,0
2023-08-03 11:02:16,14,31,0,0
2023-08-03 11:02:16,8,31,0,0
2023-08-03 11:02:16,13,31,0,0
2023-08-03 11:02:16,13,25,0,0
2023-08-03 11:02:16,13,23,0,0
2023-08-03 11:03:16,11,31,0,0
2023-08-03 11:03:16,13,31,0,0
2023-08-03 11:03:16,13,25,0,0
2023-08-03 11:03:16,13,23,0,0
2023-08-03 11:03:42,8,23,0,0
2023-08-03 11:03:42,8,31,0,0
2023-08-03 11:03:42,12,31,0,0
2023-08-03 11:03:42,14,31,0,0
2023-08-03 11:03:42,14,26,0,0
2023-08-03 11:03:42,14,24,0,0
2023-08-03 11:03:54,8,24,0,0
2023-08-03 11:03:54,8,31,0,0
2023-08-03 11:03:54,13,31,0,0
2023-08-03 11:03:54,15,31,0,0
2023-08-03 11:03:54,15,27,0,0
2023-08-03 11:03:54,15,25,0,0
2023-08-03 11:04:27,8,25,0,0
2023-08-03 11:04:27,8,31,0,0
2023-08-03 11:04:27,14,31,0,0
2023-08-03 11:04:27,16,31,0,0
2023-08-03 11:04:27,16,27,0,0
2023-08-03 11:05:13,16,31,0,0
2023-08-03 11:05:13,8,31,0,0
2023-08-03 11:05:13,13,31,0,0
2023-08-03 11:05:13,15,31,0,0
2023-08-03 11:05:13,15,25,0,0
2023-08-03 11:05:23,8,25,0,0
2023-08-03 11:05:23,8,31,0,0
2023-08-03 11:05:23,15,31,0,0
2023-08-03 11:05:23,17,31,0,0
2023-08-03 11:05:23,17,29,0,0
2023-08-03 11:05:23,17,27,0,0
2023-08-03 11:05:57,8,27,0,0
2023-08-03 11:05:57,8,31,0,0
2023-08-03 11:05:57,16,31,0,0
2023-08-03 11:05:57,18,31,0,0
2023-08-03 11:05:57,18,30,0,0
2023-08-03 11:05:57,18,28,0,0
2023-08-03 11:06:57,15,31,0,0
2023-08-03 11:06:57,17,31,0,0
2023-08-03 11:06:57,17,29,0,0
2023-08-03 11:06:57,17,27,0,0
2023-08-03 11:07:57,20,31,0,0
2023-08-03 11:07:57,20,25,0,0
2023-08-03 11:08:58,18,31,0,0
2023-08-03 11:08:58,20,31,0,0
2023-08-03 11:08:58,20,25,0,0
2023-08-03 11:09:58,17,31,0,0
2023-08-03 11:09:58,19,31,0,0
2023-08-03 11:09:58,19,27,0,0
2023-08-03 11:09:58,19,25,0,0
2023-08-03 11:10:42,19,31,0,0
2023-08-03 11:10:43,8,31,0,0
2023-08-03 11:10:43,18,31,0,0
2023-08-03 11:10:43,18,25,0,0
2023-08-03 11:10:43,18,23,0,0
2023-08-03 11:11:23,8,23,0,0
2023-08-03 11:11:23,8,31,0,0
2023-08-03 11:11:23,18,31,0,0
2023-08-03 11:11:23,20,31,0,0
2023-08-03 11:11:23,20,25,0,0
2023-08-03 11:12:23,21,31,0,0
2023-08-03 11:12:23,21,28,0,0
2023-08-03 11:12:23,21,26,0,0
2023-08-03 11:12:36,21,31,0,0
2023-08-03 11:12:36,8,31,0,0
2023-08-03 11:12:36,19,31,0,0
2023-08-03 11:12:36,19,25,0,0
2023-08-03 11:13:18,8,25,0,0
2023-08-03 11:13:18,8,31,0,0
2023-08-03 11:13:18,19,31,0,0
2023-08-03 11:13:18,21,31,0,0
2023-08-03 11:13:18,21,26,0,0
2023-08-03 11:14:01,21,31,0,0
2023-08-03 11:14:01,8,31,0,0
2023-08-03 11:14:01,19,31,0,0
2023-08-03 11:14:01,19,26,0,0
2023-08-03 11:14:01,19,24,0,0
2023-08-03 11:14:27,8,24,0,0
2023-08-03 11:14:27,8,31,0,0
2023-08-03 11:14:27,18,31,0,0
2023-08-03 11:14:27,20,31,0,0
2023-08-03 11:14:27,20,26,0,0
2023-08-03 11:15:01,8,26,0,0
2023-08-03 11:15:01,8,31,0,0
2023-08-03 11:15:01,22,31,0,0
2023-08-03 11:15:01,22,29,0,0
2023-08-03 11:15:01,22,27,0,0
2023-08-03 11:15:11,22,31,0,0
2023-08-03 11:15:11,8,31,0,0
2023-08-03 11:15:11,18,31,0,0
2023-08-03 11:15:11,20,31,0,0
2023-08-03 11:15:11,20,28,0,0
2023-08-03 11:15:11,20,26,0,0
2023-08-03 11:15:56,8,26,0,0
2023-08-03 11:15:56,8,31,0,0
2023-08-03 11:15:56,20,31,0,0
2023-08-03 11:15:56,22,31,0,0
2023-08-03 11:15:56,22,27,0,0
2023-08-03 11:16:27,8,27,0,0
2023-08-03 11:16:27,8,31,0,0
2023-08-03 11:16:27,23,31,0,0
2023-08-03 11:16:27,23,30,0,0
2023-08-03 11:16:27,23,28,0,0
2023-08-03 11:16:47,8,28,0,0
2023-08-03 11:16:47,8,31,0,0
2023-08-03 11:16:47,24,31,0,0
2023-08-03 11:16:47,24,30,0,0
2023-08-03 11:17:47,25,31,0,0
2023-08-03 11:18:02,8,31,0,0
2023-08-03 11:18:02,8,32,0,0
2023-08-03 11:18:02,27,32,0,0
2023-08-03 11:18:26,8,32,0,0
2023-08-03 11:18:26,26,32,0,0
2023-08-03 11:18:26,28,32,0,0
2023-08-03 11:18:33,28,31,0,0
2023-08-03 11:18:39,0,31,0,0
2023-08-03 11:18:39,24,31,0,0
2023-08-03 11:18:39,26,31,0,0
2023-08-03 11:18:41,26,30,0,0
2023-08-03 11:18:44,26,29,0,0
2023-08-03 11:18:45,0,29,0,0
2023-08-03 11:18:45,25,29,0,0
2023-08-03 11:18:46,25,28,0,0
2023-08-03 11:18:53,25,29,0,0
2023-08-03 11:18:53,26,30,0,0
2023-08-03 11:18:54,27,30,0,0
2023-08-03 11:18:55,28,30,0,0
2023-08-03 11:18:58,27,30,0,0
2023-08-03 11:19:01,27,100,0,0
2023-08-03 11:19:01,27,33,0,0
2023-08-03 11:19:01,27,31,0,0
2023-08-03 11:19:09,27,100,0,0
2023-08-03 11:19:09,27,33,0,0
2023-08-03 11:19:10,27,100,0,0
2023-08-03 11:19:10,27,40,0,0
2023-08-03 11:19:10,27,38,0,0
2023-08-03 11:19:13,27,37,0,0
2023-08-03 11:19:14,27,36,0,0
2023-08-03 11:19:17,0,36,0,0
2023-08-03 11:19:17,28,36,0,0
2023-08-03 11:19:17,31,36,0,0
2023-08-03 11:19:18,31,37,0,0
2023-08-03 11:19:19,33,37,0,0
2023-08-03 11:19:20,34,37,0,0
2023-08-03 11:19:21,34,36,0,0
2023-08-03 11:19:26,32,36,0,0
2023-08-03 11:19:27,32,37,0,0
2023-08-03 11:19:27,33,37,0,0
2023-08-03 11:19:53,31,37,0,0
2023-08-03 11:19:53,31,36,0,0
2023-08-03 11:19:55,32,36,0,0
2023-08-03 11:19:56,33,36,0,0
2023-08-03 11:19:59,32,36,0,0
2023-08-03 11:20:03,33,36,0,0
2023-08-03 11:20:04,33,37,0,0
2023-08-03 11:20:04,34,37,0,0
2023-08-03 11:20:24,33,37,0,0
2023-08-03 11:20:24,33,36,0,0
2023-08-03 11:20:32,32,36,0,0
2023-08-03 11:20:37,30,36,0,0
2023-08-03 11:20:44,0,36,0,0
2023-08-03 11:20:44,0,100,0,0
2023-08-03 11:20:44,30,100,0,0
2023-08-03 11:20:44,32,100,0,0
2023-08-03 11:20:44,32,39,0,0
2023-08-03 11:20:44,32,37,0,0
2023-08-03 11:20:53,33,37,0,0
2023-08-03 11:20:57,32,36,0,0
2023-08-03 11:20:58,33,36,0,0
2023-08-03 11:20:59,32,36,0,0
2023-08-03 11:21:03,33,36,0,0
2023-08-03 11:21:05,33,37,0,0
2023-08-03 11:21:05,34,37,0,0
2023-08-03 11:21:07,35,37,0,0
2023-08-03 11:21:10,35,100,0,0
2023-08-03 11:21:10,35,38,0,0
2023-08-03 11:21:14,35,37,0,0
2023-08-03 11:21:16,34,37,0,0
2023-08-03 11:21:26,34,36,0,0
2023-08-03 11:21:27,33,36,0,0
2023-08-03 11:21:30,33,37,0,0
2023-08-03 11:21:32,33,38,0,0
2023-08-03 11:21:48,33,100,0,0
2023-08-03 11:21:48,33,39,0,0
2023-08-03 11:21:50,32,39,0,0
2023-08-03 11:21:51,32,38,0,0
2023-08-03 11:21:52,32,37,0,0
2023-08-03 11:21:53,32,36,0,0
2023-08-03 11:21:55,33,36,0,0
2023-08-03 11:22:02,33,37,0,0
2023-08-03 11:22:09,32,37,0,0
2023-08-03 11:22:10,33,37,0,0
2023-08-03 11:22:11,32,37,0,0
2023-08-03 11:22:12,33,37,0,0
2023-08-03 11:22:16,32,37,0,0
2023-08-03 11:22:19,28,37,0,0
2023-08-03 11:22:25,29,37,0,0
2023-08-03 11:22:26,30,37,0,0
2023-08-03 11:22:27,31,37,0,0
2023-08-03 11:22:48,31,35,0,0
2023-08-03 11:23:27,30,35,0,0
2023-08-03 11:23:36,30,37,0,0
2023-08-03 11:23:36,30,34,0,0
2023-08-03 11:23:42,29,34,0,0
2023-08-03 11:23:46,28,34,0,0
2023-08-03 11:23:55,29,34,0,0
2023-08-03 11:24:00,30,34,0,0
2023-08-03 11:24:01,29,34,0,0
2023-08-03 11:24:06,28,34,0,0
2023-08-03 11:24:07,29,34,0,0
2023-08-03 11:24:27,30,34,0,0
2023-08-03 11:24:29,31,34,0,0
2023-08-03 11:24:36,31,37,0,0
2023-08-03 11:24:36,31,34,0,0
2023-08-03 11:24:46,31,37,0,0
2023-08-03 11:24:46,31,35,0,0
2023-08-03 11:25:20,31,37,0,0
2023-08-03 11:26:12,32,37,0,0
2023-08-03 11:26:15,32,38,0,0
2023-08-03 11:26:19,32,37,0,0
2023-08-03 11:26:20,32,36,0,0
2023-08-03 11:26:21,32,37,0,0
2023-08-03 11:26:33,31,37,0,0
2023-08-03 11:26:33,31,36,0,0
2023-08-03 11:27:01,31,37,0,0
2023-08-03 11:27:01,30,37,0,0
2023-08-03 11:27:01,30,35,0,0
2023-08-03 11:27:17,30,37,0,0
2023-08-03 11:27:17,31,37,0,0
2023-08-03 11:27:17,31,36,0,0
2023-08-03 11:28:17,32,37,0,0
2023-08-03 11:28:49,32,36,0,0
2023-08-03 11:28:52,32,37,0,0
2023-08-03 11:28:52,33,37,0,0
2023-08-03 11:29:06,33,36,0,0
2023-08-03 11:29:16,33,35,0,0
2023-08-03 11:29:18,32,35,0,0
2023-08-03 11:29:19,33,35,0,0
2023-08-03 11:29:36,33,36,0,0
2023-08-03 11:29:36,33,37,0,0
2023-08-03 11:29:53,32,37,0,0
2023-08-03 11:29:56,31,37,0,0
2023-08-03 11:29:59,31,36,0,0
2023-08-03 11:30:00,31,35,0,0
2023-08-03 11:30:03,31,36,0,0
2023-08-03 11:30:03,31,37,0,0
2023-08-03 11:30:03,32,37,0,0
2023-08-03 11:30:04,33,37,0,0
2023-08-03 11:30:04,33,36,0,0
2023-08-03 11:30:09,34,36,0,0
2023-08-03 11:30:15,35,36,0,0
2023-08-03 11:30:25,34,36,100,100
2023-08-03 11:30:27,33,36,100,100
2023-08-03 11:30:33,33,100,100,100
2023-08-03 11:30:33,33,37,100,100
2023-08-03 11:30:51,33,36,100,100
2023-08-03 11:31:00,33,35,100,100
2023-08-03 11:31:01,33,36,100,100
2023-08-03 11:31:01,32,37,100,100
2023-08-03 11:31:02,33,37,100,100
2023-08-03 11:31:03,33,36,100,100
2023-08-03 11:31:07,33,36,100,100
2023-08-03 11:31:15,32,36,100,100
2023-08-03 11:31:23,0,36,100,100
2023-08-03 11:31:23,28,36,100,100
2023-08-03 11:31:23,31,36,100,100
2023-08-03 11:31:29,32,36,100,100
2023-08-03 11:31:38,31,36,100,100
2023-08-03 11:31:46,0,36,100,100
2023-08-03 11:31:46,32,36,100,100
2023-08-03 11:31:47,32,37,100,100
2023-08-03 11:31:47,33,37,100,100
2023-08-03 11:31:48,34,37,100,100
2023-08-03 11:31:54,33,37,100,100
2023-08-03 11:31:54,33,36,100,100
2023-08-03 11:31:59,32,36,100,100
2023-08-03 11:32:02,32,37,100,100
2023-08-03 11:32:10,33,37,100,100
2023-08-03 11:32:10,33,36,100,100
2023-08-03 11:32:13,34,36,100,100
2023-08-03 11:32:16,34,37,100,100
2023-08-03 11:32:19,33,37,100,100
2023-08-03 11:32:19,33,36,100,100
2023-08-03 11:32:24,33,35,100,100
2023-08-03 11:32:25,32,35,100,100
2023-08-03 11:32:25,0,35,100,100
2023-08-03 11:32:25,31,35,100,100
2023-08-03 11:32:27,31,34,100,100
2023-08-03 11:32:36,0,34,100,100
2023-08-03 11:32:36,28,34,100,100
2023-08-03 11:32:37,29,34,100,100
2023-08-03 11:32:38,30,34,100,100
2023-08-03 11:32:39,31,34,100,100
2023-08-03 11:32:56,31,35,100,100
2023-08-03 11:33:03,28,35,100,100
2023-08-03 11:33:03,28,34,100,100
2023-08-03 11:33:04,28,33,100,100
2023-08-03 11:33:07,29,33,100,100
2023-08-03 11:33:21,29,34,100,100
2023-08-03 11:33:31,29,35,100,100
2023-08-03 11:33:32,29,34,100,100
2023-08-03 11:33:34,29,35,100,100
2023-08-03 11:33:36,29,100,100,100
2023-08-03 11:33:36,30,100,100,100
2023-08-03 11:33:36,30,38,100,100
2023-08-03 11:33:36,30,36,100,100
2023-08-03 11:33:45,30,35,100,100
2023-08-03 11:33:46,30,34,100,100
2023-08-03 11:33:54,30,35,100,100
2023-08-03 11:34:13,29,35,100,100
2023-08-03 11:34:13,29,34,100,100
2023-08-03 11:34:15,29,33,100,100
2023-08-03 11:34:34,28,33,100,100
2023-08-03 11:34:40,29,33,100,100
2023-08-03 11:34:41,30,33,100,100
2023-08-03 11:34:47,31,33,100,100
2023-08-03 11:34:51,31,35,100,100
2023-08-03 11:34:51,31,34,100,100
2023-08-03 11:35:02,32,34,100,100
2023-08-03 11:35:04,33,34,100,100
2023-08-03 11:35:07,33,35,100,100
2023-08-03 11:35:24,33,34,100,100
2023-08-03 11:35:26,32,34,200,200
2023-08-03 11:35:35,31,34,300,300
2023-08-03 11:35:37,30,34,300,300
2023-08-03 11:35:37,29,33,300,300
2023-08-03 11:35:38,29,32,300,300
2023-08-03 11:35:57,29,31,300,300
2023-08-03 11:35:58,29,32,300,300
2023-08-03 11:36:12,30,32,300,300
2023-08-03 11:36:13,31,32,300,300
2023-08-03 11:36:16,31,32,50,550
2023-08-03 11:36:17,31,35,50,550
2023-08-03 11:36:19,31,34,50,550
2023-08-03 11:36:34,31,35,50,550
2023-08-03 11:36:42,31,34,50,550
2023-08-03 11:36:45,31,33,50,550
2023-08-03 11:37:16,30,33,50,550
2023-08-03 11:37:17,29,33,50,550
2023-08-03 11:37:18,30,33,50,550
2023-08-03 11:37:20,29,33,50,550
2023-08-03 11:37:23,27,33,50,550
2023-08-03 11:37:26,28,33,50,550
2023-08-03 11:37:27,29,33,50,550
2023-08-03 11:37:43,28,33,50,550
2023-08-03 11:37:59,29,33,50,550
2023-08-03 11:38:02,29,34,50,550
2023-08-03 11:38:33,29,35,50,550
2023-08-03 11:38:33,30,35,50,550
2023-08-03 11:38:51,29,35,50,550
2023-08-03 11:38:51,29,100,50,550
2023-08-03 11:38:51,31,100,50,550
2023-08-03 11:38:51,31,37,50,550
2023-08-03 11:38:56,31,36,50,550
2023-08-03 11:39:11,31,37,50,550
2023-08-03 11:39:14,31,36,50,550
2023-08-03 11:39:17,31,37,50,550
2023-08-03 11:39:30,31,36,50,550
2023-08-03 11:39:40,31,35,50,550
2023-08-03 11:39:41,31,36,50,550
2023-08-03 11:39:50,31,35,50,550
2023-08-03 11:39:51,29,34,50,550
2023-08-03 11:39:51,31,34,50,550
2023-08-03 11:40:17,29,34,50,550
2023-08-03 11:41:31,29,35,50,550
2023-08-03 11:41:31,28,35,50,550
2023-08-03 11:41:32,0,35,50,550
2023-08-03 11:41:32,0,100,50,550
2023-08-03 11:41:32,31,100,50,550
2023-08-03 11:41:32,31,36,50,550
2023-08-03 11:41:32,31,35,50,550
2023-08-03 11:41:33,31,36,50,550
2023-08-03 11:41:36,32,36,50,550
2023-08-03 11:41:37,33,36,50,550
2023-08-03 11:41:39,33,35,50,550
2023-08-03 11:41:41,32,35,50,550
2023-08-03 11:41:47,31,35,50,550
2023-08-03 11:42:00,31,36,50,550
2023-08-03 11:42:08,32,36,50,550
2023-08-03 11:42:09,33,36,50,550
2023-08-03 11:42:23,32,36,50,550
2023-08-03 11:42:26,32,35,50,550
2023-08-03 11:42:27,29,35,50,550
2023-08-03 11:42:34,29,36,50,550
2023-08-03 11:42:34,31,36,50,550
2023-08-03 11:42:36,32,36,50,550
2023-08-03 11:42:38,33,36,50,550
2023-08-03 11:42:46,33,36,50,553
2023-08-03 11:42:51,34,36,50,553
2023-08-03 11:42:53,35,36,50,553
2023-08-03 11:42:54,35,100,50,553
2023-08-03 11:42:54,35,39,50,553
2023-08-03 11:42:54,35,37,50,553
2023-08-03 11:42:59,34,37,50,553
2023-08-03 11:43:00,33,37,50,553
2023-08-03 11:43:00,33,36,50,553
2023-08-03 11:43:01,33,37,50,553
2023-08-03 11:43:02,33,36,50,553
2023-08-03 11:43:15,32,36,50,553
2023-08-03 11:43:27,32,37,50,553
2023-08-03 11:43:44,29,37,50,553
2023-08-03 11:43:44,30,37,50,553
2023-08-03 11:43:44,30,36,50,553
2023-08-03 11:43:45,31,36,50,553
2023-08-03 11:44:03,31,35,50,553
2023-08-03 11:44:15,30,35,50,553
2023-08-03 11:44:30,29,35,50,553
2023-08-03 11:44:31,30,35,50,553
2023-08-03 11:44:33,29,35,50,553
2023-08-03 11:44:35,30,35,50,553
2023-08-03 11:44:40,29,35,50,553
2023-08-03 11:44:55,30,35,50,553
2023-08-03 11:45:17,30,34,50,553
2023-08-03 11:45:23,29,34,50,553
2023-08-03 11:45:31,28,34,50,553
2023-08-03 11:45:33,28,35,50,553
2023-08-03 11:45:33,0,35,50,553
2023-08-03 11:45:33,27,35,50,553
2023-08-03 11:45:33,27,34,50,553
2023-08-03 11:45:33,27,32,50,553
2023-08-03 11:45:58,27,35,50,553
2023-08-03 11:45:58,0,35,50,553
2023-08-03 11:45:58,23,35,50,553
2023-08-03 11:45:58,25,35,50,553
2023-08-03 11:45:58,25,31,50,553
2023-08-03 11:46:12,26,31,50,553
2023-08-03 11:46:13,27,31,50,553
2023-08-03 11:46:23,26,31,50,553
2023-08-03 11:46:24,27,31,50,553
2023-08-03 11:46:26,26,31,50,553
2023-08-03 11:46:29,27,31,50,553
2023-08-03 11:46:34,26,31,50,553
2023-08-03 11:46:36,27,31,50,553
2023-08-03 11:46:48,25,31,50,553
2023-08-03 11:46:49,26,31,50,553
2023-08-03 11:46:53,25,31,50,553
2023-08-03 11:46:54,26,31,50,553
2023-08-03 11:46:57,27,31,50,553
2023-08-03 11:46:58,27,35,50,553
2023-08-03 11:46:58,27,32,50,553
2023-08-03 11:46:58,27,30,50,553
2023-08-03 11:47:02,26,30,50,553
2023-08-03 11:47:04,27,30,50,553
2023-08-03 11:47:07,28,30,50,553
2023-08-03 11:47:10,28,35,50,553
2023-08-03 11:47:10,28,33,50,553
2023-08-03 11:47:10,28,31,50,553
2023-08-03 11:47:35,27,31,50,553
2023-08-03 11:47:44,26,31,50,553
2023-08-03 11:47:49,27,31,50,553
2023-08-03 11:47:52,26,31,50,553
2023-08-03 11:47:53,27,31,50,553
2023-08-03 11:47:54,26,31,50,553
2023-08-03 11:47:56,27,31,50,553
2023-08-03 11:48:10,27,35,50,553
2023-08-03 11:48:10,27,33,50,553
2023-08-03 11:48:10,27,31,50,553
2023-08-03 11:48:13,26,31,50,553
2023-08-03 11:48:17,27,31,50,553
2023-08-03 11:48:24,26,31,50,553
2023-08-03 11:48:25,27,31,50,553
2023-08-03 11:48:47,27,35,50,553
2023-08-03 11:48:47,27,34,50,553
2023-08-03 11:48:47,27,32,50,553
2023-08-03 11:49:02,27,35,50,553
2023-08-03 11:49:02,28,35,50,553
2023-08-03 11:49:02,28,33,50,553
2023-08-03 11:49:35,27,33,50,553
2023-08-03 11:49:35,27,35,50,553
2023-08-03 11:49:35,28,35,50,553
2023-08-03 11:50:11,27,35,50,553
2023-08-03 11:50:11,28,35,50,553
2023-08-03 11:50:11,31,35,50,553
2023-08-03 11:50:12,31,36,50,553
2023-08-03 11:50:19,31,37,50,553
2023-08-03 11:50:19,27,37,50,553
2023-08-03 11:50:19,28,37,50,553
2023-08-03 11:50:19,28,35,50,553
2023-08-03 11:50:35,27,35,50,553
2023-08-03 11:50:35,27,37,50,553
2023-08-03 11:50:35,31,37,50,553
2023-08-03 11:50:35,31,36,50,553
2023-08-03 11:50:39,31,35,50,553
2023-08-03 11:50:42,31,36,50,553
2023-08-03 11:51:03,32,36,50,553
2023-08-03 11:51:04,33,36,50,553
2023-08-03 11:51:05,34,36,50,553
2023-08-03 11:51:07,34,100,50,553
2023-08-03 11:51:07,34,38,50,553
2023-08-03 11:51:10,34,37,50,553
2023-08-03 11:51:14,33,37,50,553
2023-08-03 11:51:14,33,36,50,553
2023-08-03 11:51:18,33,37,50,553
2023-08-03 11:51:23,33,38,50,553
2023-08-03 11:51:23,32,38,50,553
2023-08-03 11:51:25,0,38,50,553
2023-08-03 11:51:25,0,100,50,553
2023-08-03 11:51:25,32,100,50,553
2023-08-03 11:51:25,34,100,50,553
2023-08-03 11:51:25,34,41,50,553
2023-08-03 11:51:25,34,39,50,553
2023-08-03 11:51:31,0,39,50,553
2023-08-03 11:51:31,0,100,50,553
2023-08-03 11:51:31,35,100,50,553
2023-08-03 11:51:31,35,41,50,553
2023-08-03 11:51:34,36,41,50,553
2023-08-03 11:51:35,37,40,50,553
2023-08-03 11:51:37,37,41,50,553
2023-08-03 11:51:44,37,100,50,553
2023-08-03 11:51:44,37,43,50,553
2023-08-03 11:51:45,37,42,50,553
2023-08-03 11:51:46,37,41,50,553
2023-08-03 11:51:50,37,40,50,553
2023-08-03 11:51:58,37,41,50,553
2023-08-03 11:52:12,37,42,50,553
2023-08-03 11:52:16,37,43,50,553
2023-08-03 11:52:17,38,43,50,553
2023-08-03 11:52:21,38,42,50,553
2023-08-03 11:52:25,38,41,50,553
2023-08-03 11:52:31,38,42,50,553
2023-08-03 11:52:32,38,43,50,553
2023-08-03 11:52:43,38,44,50,553
2023-08-03 11:52:45,0,44,50,553
2023-08-03 11:52:45,0,100,50,553
2023-08-03 11:52:45,37,100,50,553
2023-08-03 11:52:45,39,100,50,553
2023-08-03 11:52:45,39,45,50,553
2023-08-03 11:52:54,40,45,50,553
2023-08-03 11:52:55,41,44,50,553
2023-08-03 11:52:57,41,45,50,553
2023-08-03 11:52:59,40,45,50,553
2023-08-03 11:53:03,39,44,50,553
2023-08-03 11:53:04,39,43,50,553
2023-08-03 11:53:05,39,42,50,553
2023-08-03 11:53:12,0,42,50,553
2023-08-03 11:53:12,38,42,50,553
2023-08-03 11:53:13,39,42,50,553
2023-08-03 11:53:14,40,42,50,553
2023-08-03 11:53:15,39,42,50,553
2023-08-03 11:53:16,40,42,50,553
2023-08-03 11:53:19,40,41,50,553
2023-08-03 11:53:23,37,41,50,553
2023-08-03 11:53:26,38,41,50,553
2023-08-03 11:53:28,37,41,50,553
2023-08-03 11:53:33,38,41,50,553
2023-08-03 11:53:49,37,41,50,553
2023-08-03 11:53:52,38,41,50,553
2023-08-03 11:53:58,38,42,50,553
2023-08-03 11:54:25,37,42,50,553
2023-08-03 11:54:26,38,42,50,553
2023-08-03 11:54:28,37,42,50,553
2023-08-03 11:54:29,38,42,50,553
2023-08-03 11:54:31,37,42,50,553
2023-08-03 11:54:33,38,42,50,553
2023-08-03 11:55:06,37,42,50,553
2023-08-03 11:55:06,37,41,50,553
2023-08-03 11:55:20,35,41,50,553
2023-08-03 11:55:21,36,41,50,553
2023-08-03 11:55:26,37,41,50,553
2023-08-03 11:55:28,38,41,50,553
2023-08-03 11:55:29,37,41,50,553
2023-08-03 11:55:31,35,41,50,553
2023-08-03 11:55:32,36,41,50,553
2023-08-03 11:55:34,37,41,50,553
2023-08-03 11:55:37,37,42,50,553
2023-08-03 11:55:37,37,41,50,553
2023-08-03 11:55:37,37,39,50,553
2023-08-03 11:55:42,34,39,50,553
2023-08-03 11:55:43,35,39,50,553
2023-08-03 11:56:09,35,42,50,553
2023-08-03 11:56:09,35,41,50,553
2023-08-03 11:56:53,35,42,50,553
2023-08-03 11:56:53,0,42,50,553
2023-08-03 11:56:53,27,42,50,553
2023-08-03 11:56:53,28,42,50,553
2023-08-03 11:56:53,28,40,50,553
2023-08-03 11:56:54,28,100,50,553
2023-08-03 11:56:54,0,100,50,553
2023-08-03 11:56:54,30,100,50,553
2023-08-03 11:56:54,30,36,50,553
2023-08-03 11:57:03,30,35,50,553
2023-08-03 11:57:03,31,35,50,553
2023-08-03 11:57:04,31,34,50,553
2023-08-03 11:57:05,31,33,50,553
2023-08-03 11:57:12,31,32,50,553
2023-08-03 11:57:17,28,32,50,553
2023-08-03 11:57:18,29,32,50,553
2023-08-03 11:57:20,30,32,50,553
2023-08-03 11:57:29,29,32,50,553
2023-08-03 11:57:30,28,32,50,553
2023-08-03 11:57:35,29,32,50,553
2023-08-03 11:57:41,28,32,50,553
2023-08-03 11:57:45,29,32,50,553
2023-08-03 11:57:53,28,32,50,553
2023-08-03 11:57:56,26,32,50,553
2023-08-03 11:57:58,27,32,50,553
2023-08-03 11:57:59,28,32,50,553
2023-08-03 11:58:01,29,32,50,553
2023-08-03 11:58:03,30,32,50,553
2023-08-03 11:58:05,30,33,50,553
2023-08-03 11:58:09,29,33,50,553
2023-08-03 11:58:10,28,33,50,553
2023-08-03 11:58:23,28,32,50,553
2023-08-03 11:58:46,28,33,50,553
2023-08-03 11:59:46,28,34,50,553
2023-08-03 12:00:11,28,32,50,553
2023-08-03 12:00:17,27,32,50,553
2023-08-03 12:00:22,26,32,50,553
2023-08-03 12:00:25,27,32,50,553
2023-08-03 12:00:28,28,32,50,553
2023-08-03 12:00:39,27,32,50,553
2023-08-03 12:01:00,27,34,50,553
2023-08-03 12:01:00,27,32,50,553
2023-08-03 12:01:00,27,30,50,553
2023-08-03 12:01:06,27,34,50,553
2023-08-03 12:01:06,27,32,50,553
2023-08-03 12:01:47,26,32,50,553
2023-08-03 12:01:55,27,32,50,553
2023-08-03 12:01:59,26,32,50,553
2023-08-03 12:02:06,26,34,50,553
2023-08-03 12:02:06,26,33,50,553
2023-08-03 12:02:06,26,31,50,553
2023-08-03 12:02:23,27,31,50,553
2023-08-03 12:02:33,27,34,50,553
2023-08-03 12:02:33,27,32,50,553
2023-08-03 12:02:49,27,34,50,553
2023-08-03 12:02:49,28,34,50,553
2023-08-03 12:03:49,27,34,50,553
2023-08-03 12:03:49,28,34,50,553
2023-08-03 12:03:49,28,33,50,553
2023-08-03 12:04:05,28,34,50,553
2023-08-03 12:04:05,27,34,50,553
2023-08-03 12:04:05,27,32,50,553
2023-08-03 12:04:06,26,32,50,553
2023-08-03 12:04:12,26,34,50,553
2023-08-03 12:04:12,0,34,50,553
2023-08-03 12:04:12,23,34,50,553
2023-08-03 12:04:12,25,34,50,553
2023-08-03 12:04:12,25,30,50,553
2023-08-03 12:04:28,26,30,50,553
2023-08-03 12:04:29,27,30,50,553
2023-08-03 12:04:29,27,34,50,553
2023-08-03 12:04:29,27,31,50,553
2023-08-03 12:04:30,28,31,50,553
2023-08-03 12:04:31,29,31,50,553
2023-08-03 12:04:38,29,34,50,553
2023-08-03 12:04:38,29,33,50,553
2023-08-03 12:04:44,28,33,50,553
2023-08-03 12:05:03,27,33,50,553
2023-08-03 12:05:38,27,34,50,553
2023-08-03 12:05:38,27,32,50,553
2023-08-03 12:05:49,27,34,50,553
2023-08-03 12:05:49,28,34,50,553
2023-08-03 12:06:30,27,34,50,553
2023-08-03 12:06:30,27,32,50,553
2023-08-03 12:07:09,27,34,50,553
2023-08-03 12:07:09,26,34,50,553
2023-08-03 12:07:09,26,31,50,553
2023-08-03 12:07:13,27,31,50,553
2023-08-03 12:07:23,27,34,50,553
2023-08-03 12:07:23,27,32,50,553
2023-08-03 12:08:06,27,34,50,553
2023-08-03 12:08:06,28,34,50,553
2023-08-03 12:08:28,27,34,50,553
2023-08-03 12:08:28,28,34,50,553
2023-08-03 12:09:28,28,35,50,553
2023-08-03 12:09:28,31,35,50,553
2023-08-03 12:09:34,31,34,50,553
2023-08-03 12:09:38,31,33,50,553
2023-08-03 12:09:39,31,34,53,653
2023-08-03 12:09:43,31,33,53,653
2023-08-03 12:09:58,31,32,53,653
2023-08-03 12:09:58,27,32,53,653
2023-08-03 12:09:58,30,32,53,653
2023-08-03 12:09:59,30,33,153,753
2023-08-03 12:10:03,30,34,153,753
2023-08-03 12:10:20,30,35,153,753
2023-08-03 12:10:24,27,35,153,753
2023-08-03 12:10:24,28,35,153,753
2023-08-03 12:10:24,31,35,153,753
2023-08-03 12:10:25,31,36,153,753
2023-08-03 12:10:31,31,35,153,753
2023-08-03 12:10:32,31,34,153,753
2023-08-03 12:10:50,31,35,153,753
2023-08-03 12:10:55,31,34,153,753
2023-08-03 12:11:24,31,35,153,753
2023-08-03 12:11:24,28,35,153,753
2023-08-03 12:11:24,31,35,153,753
2023-08-03 12:11:33,31,34,153,753
2023-08-03 12:11:41,27,34,153,753
2023-08-03 12:11:41,28,34,153,753
2023-08-03 12:11:42,28,33,153,753
2023-08-03 12:11:54,28,34,153,753
2023-08-03 12:11:55,28,35,153,753
2023-08-03 12:11:57,27,35,153,753
2023-08-03 12:11:57,31,35,153,753
2023-08-03 12:12:06,31,34,153,753
2023-08-03 12:12:13,31,35,153,753
2023-08-03 12:12:16,31,34,153,753
2023-08-03 12:12:40,27,34,153,753
2023-08-03 12:12:40,28,34,153,753
2023-08-03 12:13:30,27,34,153,753
2023-08-03 12:13:30,28,34,153,753
2023-08-03 12:14:30,28,33,153,753
2023-08-03 12:15:22,28,34,153,753
2023-08-03 12:15:22,27,34,153,753
2023-08-03 12:15:22,27,32,153,753
2023-08-03 12:15:54,27,34,153,753
2023-08-03 12:15:54,28,34,153,753
2023-08-03 12:15:54,28,33,153,753
2023-08-03 12:16:36,28,34,153,753
2023-08-03 12:16:36,27,34,153,753
2023-08-03 12:16:36,27,32,153,753
2023-08-03 12:17:00,27,34,153,753
2023-08-03 12:17:00,28,34,153,753
2023-08-03 12:17:00,28,33,153,753
2023-08-03 12:17:12,28,34,153,753
2023-08-03 12:17:12,27,34,153,753
2023-08-03 12:17:12,27,32,153,753
2023-08-03 12:17:32,27,34,153,753
2023-08-03 12:17:32,28,34,153,753
2023-08-03 12:17:32,28,33,153,753
2023-08-03 12:18:32,27,34,153,753
2023-08-03 12:18:32,27,33,153,753
2023-08-03 12:18:58,27,34,153,753
2023-08-03 12:18:58,28,34,153,753
2023-08-03 12:19:02,27,34,153,753
2023-08-03 12:19:02,31,34,153,753
2023-08-03 12:19:21,27,34,153,753
2023-08-03 12:19:21,30,34,153,753
2023-08-03 12:19:21,32,34,153,753
2023-08-03 12:19:24,32,34,403,1003
2023-08-03 12:19:27,32,34,653,1253
2023-08-03 12:19:30,32,35,753,1353
2023-08-03 12:19:45,27,35,753,1353
2023-08-03 12:19:45,33,35,753,1353
2023-08-03 12:19:47,33,39,853,1453
2023-08-03 12:19:53,27,39,853,1453
2023-08-03 12:19:53,27,100,853,1453
2023-08-03 12:19:53,32,100,853,1453
2023-08-03 12:19:53,34,100,853,1453
2023-08-03 12:19:53,34,43,853,1453
2023-08-03 12:19:53,34,40,853,1453
2023-08-03 12:20:18,27,40,853,1453
2023-08-03 12:20:18,27,100,853,1453
2023-08-03 12:20:18,36,100,853,1453
2023-08-03 12:20:18,36,41,853,1453
2023-08-03 12:21:18,34,100,853,1453
2023-08-03 12:21:18,36,100,853,1453
2023-08-03 12:21:18,36,43,853,1453
2023-08-03 12:22:03,36,100,853,1453
2023-08-03 12:22:03,27,100,853,1453
2023-08-03 12:22:03,33,100,853,1453
2023-08-03 12:22:03,35,100,853,1453
2023-08-03 12:22:03,35,44,853,1453
2023-08-03 12:22:03,35,40,853,1453
2023-08-03 12:22:30,35,100,853,1453
2023-08-03 12:22:30,27,100,853,1453
2023-08-03 12:22:30,28,100,853,1453
2023-08-03 12:22:30,30,100,853,1453
2023-08-03 12:22:30,30,43,853,1453
2023-08-03 12:22:30,30,40,853,1453
2023-08-03 12:23:15,27,40,853,1453
2023-08-03 12:23:15,27,100,853,1453
2023-08-03 12:23:15,32,100,853,1453
2023-08-03 12:23:15,34,100,853,1453
2023-08-03 12:23:15,34,39,853,1453
2023-08-03 12:23:29,34,100,853,1453
2023-08-03 12:23:29,27,100,853,1453
2023-08-03 12:23:29,30,100,853,1453
2023-08-03 12:23:29,32,100,853,1453
2023-08-03 12:23:29,32,40,853,1453
2023-08-03 12:23:29,32,38,853,1453
2023-08-03 12:24:29,30,100,853,1453
2023-08-03 12:24:29,32,100,853,1453
2023-08-03 12:24:29,32,37,853,1453
2023-08-03 12:24:50,27,37,853,1453
2023-08-03 12:24:50,27,100,853,1453
2023-08-03 12:24:50,33,100,853,1453
2023-08-03 12:24:50,33,40,853,1453
2023-08-03 12:24:50,33,38,853,1453
2023-08-03 12:25:01,27,38,853,1453
2023-08-03 12:25:01,27,100,853,1453
2023-08-03 12:25:01,34,100,853,1453
2023-08-03 12:25:01,34,43,853,1453
2023-08-03 12:25:01,34,40,853,1453
2023-08-03 12:26:02,35,100,853,1453
2023-08-03 12:26:02,35,43,853,1453
2023-08-03 12:26:02,35,40,853,1453
2023-08-03 12:26:10,35,100,853,1453
2023-08-03 12:26:10,27,100,853,1453
2023-08-03 12:26:10,34,100,853,1453
2023-08-03 12:26:10,34,39,853,1453
2023-08-03 12:26:55,27,39,853,1453
2023-08-03 12:26:55,27,100,853,1453
2023-08-03 12:26:55,35,100,853,1453
2023-08-03 12:26:55,35,43,853,1453
2023-08-03 12:26:55,35,40,853,1453
2023-08-03 12:27:13,35,100,853,1453
2023-08-03 12:27:13,27,100,853,1453
2023-08-03 12:27:13,32,100,853,1453
2023-08-03 12:27:13,34,100,853,1453
2023-08-03 12:27:13,34,41,853,1453
2023-08-03 12:27:13,34,39,853,1453
2023-08-03 12:27:23,27,39,853,1453
2023-08-03 12:27:23,27,100,853,1453
2023-08-03 12:27:23,35,100,853,1453
2023-08-03 12:27:23,35,40,853,1453
2023-08-03 12:27:58,35,100,853,1453
2023-08-03 12:27:58,27,100,853,1453
2023-08-03 12:27:58,33,100,853,1453
2023-08-03 12:27:58,33,39,853,1453
2023-08-03 12:28:06,33,100,853,1453
2023-08-03 12:28:06,27,100,853,1453
2023-08-03 12:28:06,30,100,853,1453
2023-08-03 12:28:06,32,100,853,1453
2023-08-03 12:28:06,32,39,853,1453
2023-08-03 12:28:06,32,37,853,1453
2023-08-03 12:28:38,32,100,853,1453
2023-08-03 12:28:38,27,100,853,1453
2023-08-03 12:28:38,28,100,853,1453
2023-08-03 12:28:38,31,100,853,1453
2023-08-03 12:28:38,31,36,853,1453
2023-08-03 12:28:48,27,36,853,1453
2023-08-03 12:28:48,27,100,853,1453
2023-08-03 12:28:48,32,100,853,1453
2023-08-03 12:28:48,32,38,853,1453
2023-08-03 12:29:46,27,38,853,1453
2023-08-03 12:29:46,27,100,853,1453
2023-08-03 12:29:46,34,100,853,1453
2023-08-03 12:29:46,34,41,853,1453
2023-08-03 12:29:46,34,39,853,1453
2023-08-03 12:30:07,27,39,853,1453
2023-08-03 12:30:07,27,100,853,1453
2023-08-03 12:30:07,35,100,853,1453
2023-08-03 12:30:07,35,43,853,1453
2023-08-03 12:30:07,35,40,853,1453
2023-08-03 12:30:28,27,40,853,1453
2023-08-03 12:30:28,27,100,853,1453
2023-08-03 12:30:28,34,100,853,1453
2023-08-03 12:30:28,36,100,853,1453
2023-08-03 12:30:28,36,45,853,1453
2023-08-03 12:30:28,36,43,853,1453
2023-08-03 12:30:51,27,43,853,1453
2023-08-03 12:30:51,27,100,853,1453
2023-08-03 12:30:51,38,100,853,1453
2023-08-03 12:30:51,38,45,853,1453
2023-08-03 12:30:51,38,44,853,1453
2023-08-03 12:31:31,38,100,853,1453
2023-08-03 12:31:31,27,100,853,1453
2023-08-03 12:31:31,36,100,853,1453
2023-08-03 12:31:31,36,41,853,1453
2023-08-03 12:31:56,27,41,853,1453
2023-08-03 12:31:56,27,100,853,1453
2023-08-03 12:31:56,37,100,853,1453
2023-08-03 12:31:56,37,44,853,1453
2023-08-03 12:31:56,37,43,853,1453
2023-08-03 12:32:43,27,43,853,1453
2023-08-03 12:32:43,27,100,853,1453
2023-08-03 12:32:43,36,100,853,1453
2023-08-03 12:32:43,38,100,853,1453
2023-08-03 12:32:43,38,44,853,1453
2023-08-03 12:33:20,38,100,853,1453
2023-08-03 12:33:20,27,100,853,1453
2023-08-03 12:33:20,35,100,853,1453
2023-08-03 12:33:20,37,100,853,1453
2023-08-03 12:33:20,37,44,853,1453
2023-08-03 12:33:20,37,43,853,1453
2023-08-03 12:33:54,37,100,853,1453
2023-08-03 12:33:54,27,100,853,1453
2023-08-03 12:33:54,33,100,853,1453
2023-08-03 12:33:54,35,100,853,1453
2023-08-03 12:33:54,35,44,853,1453
2023-08-03 12:33:54,35,41,853,1453
2023-08-03 12:34:54,33,100,853,1453
2023-08-03 12:34:54,35,100,853,1453
2023-08-03 12:34:54,35,44,853,1453
2023-08-03 12:34:54,35,41,853,1453
2023-08-03 12:35:08,27,41,853,1453
2023-08-03 12:35:08,27,100,853,1453
2023-08-03 12:35:08,35,100,853,1453
2023-08-03 12:35:08,37,100,853,1453
2023-08-03 12:35:08,37,44,853,1453
2023-08-03 12:35:08,37,43,853,1453
2023-08-03 12:36:08,35,100,853,1453
2023-08-03 12:36:08,37,100,853,1453
2023-08-03 12:36:08,37,45,853,1453
2023-08-03 12:36:08,37,44,853,1453
2023-08-03 12:36:41,27,44,853,1453
2023-08-03 12:36:41,27,100,853,1453
2023-08-03 12:36:41,37,100,853,1453
2023-08-03 12:36:41,39,100,853,1453
2023-08-03 12:36:41,39,44,853,1453
2023-08-03 12:36:43,27,44,853,1453
2023-08-03 12:36:43,27,100,853,1453
2023-08-03 12:36:43,41,100,853,1453
2023-08-03 12:36:43,41,46,853,1453
2023-08-03 12:37:04,41,100,853,1453
2023-08-03 12:37:04,27,100,853,1453
2023-08-03 12:37:04,37,100,853,1453
2023-08-03 12:37:04,39,100,853,1453
2023-08-03 12:37:04,39,45,853,1453
2023-08-03 12:38:04,38,100,853,1453
2023-08-03 12:38:04,40,100,853,1453
2023-08-03 12:38:04,40,45,853,1453
2023-08-03 12:38:52,40,100,853,1453
2023-08-03 12:38:52,27,100,853,1453
2023-08-03 12:38:52,39,100,853,1453
2023-08-03 12:38:52,39,44,853,1453
2023-08-03 12:39:01,27,44,853,1453
2023-08-03 12:39:01,27,100,853,1453
2023-08-03 12:39:01,40,100,853,1453
2023-08-03 12:39:01,40,47,853,1453
2023-08-03 12:39:01,40,45,853,1453
2023-08-03 12:39:49,40,100,853,1453
2023-08-03 12:39:49,27,100,853,1453
2023-08-03 12:39:49,37,100,853,1453
2023-08-03 12:39:49,39,100,853,1453
2023-08-03 12:39:49,39,46,853,1453
2023-08-03 12:39:49,39,44,853,1453
2023-08-03 12:40:15,27,44,853,1453
2023-08-03 12:40:15,27,100,853,1453
2023-08-03 12:40:15,40,100,853,1453
2023-08-03 12:40:15,40,46,853,1453
2023-08-03 12:40:40,27,46,853,1453
2023-08-03 12:40:40,27,100,853,1453
2023-08-03 12:40:40,41,100,853,1453
2023-08-03 12:40:40,41,49,853,1453
2023-08-03 12:40:40,41,47,853,1453
2023-08-03 12:40:56,27,47,853,1453
2023-08-03 12:40:56,27,100,853,1453
2023-08-03 12:40:56,43,100,853,1453
2023-08-03 12:40:56,43,48,853,1453
2023-08-03 12:41:27,27,48,853,1453
2023-08-03 12:41:27,27,100,853,1453
2023-08-03 12:41:27,44,100,853,1453
2023-08-03 12:41:27,44,49,853,1453
2023-08-03 12:41:54,27,49,853,1453
2023-08-03 12:41:54,27,100,853,1453
2023-08-03 12:41:54,45,100,853,1453
2023-08-03 12:41:54,45,53,853,1453
2023-08-03 12:41:54,45,51,853,1453
2023-08-03 12:42:10,27,51,853,1453
2023-08-03 12:42:10,27,100,853,1453
2023-08-03 12:42:10,44,100,853,1453
2023-08-03 12:42:10,47,100,853,1453
2023-08-03 12:42:10,47,52,853,1453
2023-08-03 12:42:38,27,52,853,1453
2023-08-03 12:42:38,27,100,853,1453
2023-08-03 12:42:38,48,100,853,1453
2023-08-03 12:42:38,48,53,853,1453
2023-08-03 12:42:47,27,53,853,1453
2023-08-03 12:42:47,27,100,853,1453
2023-08-03 12:42:47,46,100,853,1453
2023-08-03 12:42:47,49,100,853,1453
2023-08-03 12:42:47,49,57,853,1453
2023-08-03 12:42:47,49,55,853,1453
2023-08-03 12:42:59,27,55,853,1453
2023-08-03 12:42:59,27,100,853,1453
2023-08-03 12:42:59,51,100,853,1453
2023-08-03 12:42:59,51,56,853,1453
2023-08-03 12:43:05,27,56,853,1453
2023-08-03 12:43:05,27,100,853,1453
2023-08-03 12:43:05,49,100,853,1453
2023-08-03 12:43:05,52,100,853,1453
2023-08-03 12:43:05,52,60,853,1453
2023-08-03 12:43:05,52,58,853,1453
2023-08-03 12:43:12,27,58,853,1453
2023-08-03 12:43:12,27,100,853,1453
2023-08-03 12:43:12,54,100,853,1453
2023-08-03 12:43:12,54,59,853,1453
2023-08-03 12:43:41,54,100,853,1453
2023-08-03 12:43:41,27,100,853,1453
2023-08-03 12:43:41,50,100,853,1453
2023-08-03 12:43:41,52,100,853,1453
2023-08-03 12:43:41,52,59,853,1453
2023-08-03 12:43:41,52,57,853,1453
2023-08-03 12:44:07,27,57,853,1453
2023-08-03 12:44:07,27,100,853,1453
2023-08-03 12:44:07,53,100,853,1453
2023-08-03 12:44:07,53,59,853,1453
2023-08-03 12:44:52,27,59,853,1453
2023-08-03 12:44:52,27,100,853,1453
2023-08-03 12:44:52,53,100,853,1453
2023-08-03 12:44:52,55,100,853,1453
2023-08-03 12:44:52,55,60,853,1453
2023-08-03 12:45:14,27,60,853,1453
2023-08-03 12:45:14,27,100,853,1453
2023-08-03 12:45:14,56,100,853,1453
2023-08-03 12:45:14,56,61,853,1453
2023-08-03 12:45:39,27,61,853,1453
2023-08-03 12:45:39,27,100,853,1453
2023-08-03 12:45:39,55,100,853,1453
2023-08-03 12:45:39,56,100,853,1453
2023-08-03 12:45:39,56,65,853,1453
2023-08-03 12:45:39,56,63,853,1453
2023-08-03 12:46:09,27,63,853,1453
2023-08-03 12:46:09,27,100,853,1453
2023-08-03 12:46:09,59,100,853,1453
2023-08-03 12:46:09,59,64,853,1453
2023-08-03 12:47:05,27,64,853,1453
2023-08-03 12:47:05,27,100,853,1453
2023-08-03 12:47:05,57,100,853,1453
2023-08-03 12:47:05,60,100,853,1453
2023-08-03 12:47:05,60,67,853,1453
2023-08-03 12:47:05,60,65,853,1453
2023-08-03 12:47:40,60,100,853,1453
2023-08-03 12:47:40,27,100,853,1453
2023-08-03 12:47:40,56,100,853,1453
2023-08-03 12:47:40,57,100,853,1453
2023-08-03 12:47:40,57,65,853,1453
2023-08-03 12:47:40,57,63,853,1453
2023-08-03 12:48:07,27,63,853,1453
2023-08-03 12:48:07,27,100,853,1453
2023-08-03 12:48:07,56,100,853,1453
2023-08-03 12:48:07,59,100,853,1453
2023-08-03 12:48:07,59,65,853,1453
2023-08-03 12:48:29,59,100,853,1453
2023-08-03 12:48:29,27,100,853,1453
2023-08-03 12:48:29,57,100,853,1453
2023-08-03 12:48:29,57,64,853,1453
2023-08-03 12:49:02,27,64,853,1453
2023-08-03 12:49:02,27,100,853,1453
2023-08-03 12:49:02,57,100,853,1453
2023-08-03 12:49:02,60,100,853,1453
2023-08-03 12:49:02,60,67,853,1453
2023-08-03 12:49:02,60,65,853,1453
2023-08-03 12:49:33,27,65,853,1453
2023-08-03 12:49:33,27,100,853,1453
2023-08-03 12:49:33,61,100,853,1453
2023-08-03 12:49:33,61,66,853,1453
2023-08-03 12:50:02,27,66,853,1453
2023-08-03 12:50:02,27,100,853,1453
2023-08-03 12:50:02,62,100,853,1453
2023-08-03 12:50:02,62,69,853,1453
2023-08-03 12:50:02,62,67,853,1453
2023-08-03 12:50:21,62,100,853,1453
2023-08-03 12:50:21,27,100,853,1453
2023-08-03 12:50:21,61,100,853,1453
2023-08-03 12:50:21,61,68,853,1453
2023-08-03 12:50:21,61,66,853,1453
2023-08-03 12:50:51,27,66,853,1453
2023-08-03 12:50:51,27,100,853,1453
2023-08-03 12:50:51,62,100,853,1453
2023-08-03 12:50:51,62,69,853,1453
2023-08-03 12:50:51,62,67,853,1453
2023-08-03 12:51:09,27,67,853,1453
2023-08-03 12:51:09,27,100,853,1453
2023-08-03 12:51:09,61,100,853,1453
2023-08-03 12:51:09,63,100,853,1453
2023-08-03 12:51:09,63,69,853,1453
2023-08-03 12:51:26,63,100,853,1453
2023-08-03 12:51:26,27,100,853,1453
2023-08-03 12:51:26,60,100,853,1453
2023-08-03 12:51:26,62,100,853,1453
2023-08-03 12:51:26,62,67,853,1453
2023-08-03 12:51:30,62,100,853,1453
2023-08-03 12:51:30,27,100,853,1453
2023-08-03 12:51:30,57,100,853,1453
2023-08-03 12:51:30,60,100,853,1453
2023-08-03 12:51:30,60,67,853,1453
2023-08-03 12:51:30,60,65,853,1453
2023-08-03 12:51:45,60,64,853,1453
2023-08-03 12:51:46,60,63,853,1453
2023-08-03 12:51:48,60,62,853,1453
2023-08-03 12:51:52,60,63,1053,1653
2023-08-03 12:52:00,60,64,1053,1653
2023-08-03 12:52:00,61,64,1053,1653
2023-08-03 12:52:02,61,65,1053,1653
2023-08-03 12:52:02,62,65,1053,1653
2023-08-03 12:52:02,62,100,1053,1653
2023-08-03 12:52:02,62,67,1053,1653
2023-08-03 12:52:13,62,100,1053,1653
2023-08-03 12:52:13,62,66,1053,1653
2023-08-03 12:52:19,61,66,1053,1653
2023-08-03 12:52:19,61,65,1053,1653
2023-08-03 12:52:20,61,64,1053,1653
2023-08-03 12:52:21,60,64,1053,1653
2023-08-03 12:52:21,60,63,1053,1653
2023-08-03 12:52:41,0,63,1053,1653
2023-08-03 12:52:41,59,63,1053,1653
2023-08-03 12:53:21,60,63,1053,1653
2023-08-03 12:53:22,60,64,1053,1653
2023-08-03 12:53:22,61,64,1053,1653
2023-08-03 12:53:24,60,64,1053,1653
2023-08-03 12:53:25,61,64,1053,1653
2023-08-03 12:53:31,60,64,1053,1653
2023-08-03 12:53:41,57,64,1053,1653
2023-08-03 12:53:41,57,63,1053,1653
2023-08-03 12:53:42,58,63,1053,1653
2023-08-03 12:53:59,58,64,1053,1653
2023-08-03 12:53:59,58,62,1053,1653
2023-08-03 12:54:05,56,62,1053,1653
2023-08-03 12:54:06,57,62,1053,1653
2023-08-03 12:54:22,58,62,1053,1653
2023-08-03 12:54:22,58,64,1053,1653
2023-08-03 12:54:22,58,63,1053,1653
2023-08-03 12:54:23,59,63,1053,1653
2023-08-03 12:54:36,58,63,1053,1653
2023-08-03 12:54:48,58,64,1053,1653
2023-08-03 12:54:48,58,62,1053,1653
2023-08-03 12:54:51,57,62,1053,1653
2023-08-03 12:55:11,58,62,1053,1653
2023-08-03 12:55:48,58,64,1053,1653
2023-08-03 12:55:48,58,63,1053,1653
2023-08-03 12:56:10,58,64,1053,1653
2023-08-03 12:56:10,59,64,1053,1653
2023-08-03 12:56:26,58,64,1053,1653
2023-08-03 12:56:26,58,63,1053,1653
2023-08-03 12:56:29,57,63,1053,1653
2023-08-03 12:56:32,58,63,1053,1653
2023-08-03 12:56:49,57,63,1053,1653
2023-08-03 12:56:50,58,63,1053,1653
2023-08-03 12:56:51,59,63,1053,1653
2023-08-03 12:56:56,58,63,1053,1653
2023-08-03 12:56:56,58,64,1053,1653
2023-08-03 12:56:58,57,64,1053,1653
2023-08-03 12:57:07,58,64,1053,1653
2023-08-03 12:57:14,57,64,1053,1653
2023-08-03 12:57:15,58,64,1053,1653
2023-08-03 12:57:17,58,100,1053,1653
2023-08-03 12:57:27,0,100,953,1753
2023-08-03 12:57:44,54,100,953,1753
2023-08-03 12:57:44,56,100,953,1753
2023-08-03 12:57:44,56,63,953,1753
2023-08-03 12:57:44,56,61,953,1753
2023-08-03 12:57:45,57,61,953,1753
2023-08-03 12:57:45,57,60,953,1753
2023-08-03 12:57:46,58,60,953,1753
2023-08-03 12:57:52,57,60,953,1753
2023-08-03 12:57:56,58,60,953,1753
2023-08-03 12:57:57,58,61,953,1753
2023-08-03 12:58:02,58,63,953,1753
2023-08-03 12:58:03,58,62,953,1753
2023-08-03 12:58:10,58,63,953,1753
2023-08-03 12:58:13,58,62,953,1753
2023-08-03 12:58:14,58,63,953,1753
2023-08-03 12:58:14,59,63,953,1753
2023-08-03 12:58:22,59,62,953,1753
2023-08-03 12:58:23,59,63,953,1753
2023-08-03 12:58:27,59,62,953,1753
2023-08-03 12:58:36,59,63,953,1753
2023-08-03 12:58:40,59,64,953,1753
2023-08-03 12:58:45,59,63,953,1753
2023-08-03 12:59:03,58,63,953,1753
2023-08-03 12:59:03,60,63,953,1753
2023-08-03 12:59:17,60,65,953,1753
2023-08-03 12:59:24,60,64,953,1753
2023-08-03 12:59:26,60,63,953,1753
2023-08-03 12:59:28,60,62,953,1753
2023-08-03 12:59:33,58,62,953,1753
2023-08-03 12:59:33,59,62,953,1753
2023-08-03 12:59:42,59,63,953,1753
2023-08-03 12:59:46,59,64,953,1753
2023-08-03 12:59:48,58,64,953,1753
2023-08-03 12:59:48,60,64,953,1753
2023-08-03 13:00:04,60,63,953,1753
2023-08-03 13:00:15,60,64,953,1753
2023-08-03 13:00:19,60,66,953,1753
2023-08-03 13:00:24,60,65,953,1753
2023-08-03 13:00:26,60,64,953,1753
2023-08-03 13:00:30,58,64,953,1753
2023-08-03 13:00:30,59,64,953,1753
2023-08-03 13:00:49,58,64,953,1753
2023-08-03 13:00:49,60,64,953,1753
2023-08-03 13:01:34,58,64,953,1753
2023-08-03 13:01:34,59,64,953,1753
2023-08-03 13:02:14,57,64,953,1753
2023-08-03 13:02:14,57,63,953,1753
2023-08-03 13:02:15,58,63,953,1753
2023-08-03 13:02:16,59,63,953,1753
2023-08-03 13:02:19,60,63,953,1753
2023-08-03 13:02:24,60,100,953,1753
2023-08-03 13:02:24,60,72,953,1753
2023-08-03 13:02:24,60,69,953,1753
2023-08-03 13:02:26,61,69,953,1753
2023-08-03 13:02:35,61,68,953,1753
2023-08-03 13:02:36,61,67,953,1753
2023-08-03 13:02:37,61,66,953,1753
2023-08-03 13:02:38,61,65,953,1753
2023-08-03 13:02:56,60,65,953,1753
2023-08-03 13:03:06,59,65,953,1753
2023-08-03 13:03:06,59,64,953,1753
2023-08-03 13:03:30,59,65,953,1753
2023-08-03 13:03:30,59,63,953,1753
2023-08-03 13:03:31,58,63,953,1753
2023-08-03 13:03:32,56,63,953,1753
2023-08-03 13:03:40,57,63,953,1753
2023-08-03 13:03:41,58,63,953,1753
2023-08-03 13:03:49,59,63,953,1753
2023-08-03 13:03:51,59,100,953,1753
2023-08-03 13:03:51,59,64,953,1753
2023-08-03 13:03:53,60,64,953,1753
2023-08-03 13:04:01,61,64,953,1753
2023-08-03 13:04:15,61,63,953,1753
2023-08-03 13:04:26,61,66,953,1753
2023-08-03 13:04:27,61,65,953,1753
2023-08-03 13:04:29,61,64,953,1753
2023-08-03 13:04:30,61,65,953,1753
2023-08-03 13:04:33,61,64,953,1753
2023-08-03 13:04:49,60,64,953,1753
2023-08-03 13:04:55,59,64,953,1753
2023-08-03 13:05:09,59,63,953,1753
2023-08-03 13:05:10,58,63,953,1753
2023-08-03 13:05:11,57,63,953,1753
2023-08-03 13:05:12,58,63,953,1753
2023-08-03 13:05:15,58,64,953,1753
2023-08-03 13:05:15,58,63,953,1753
2023-08-03 13:05:15,58,61,953,1753
2023-08-03 13:05:20,56,61,953,1753
2023-08-03 13:05:21,56,60,953,1753
2023-08-03 13:05:22,56,59,953,1753
2023-08-03 13:05:22,0,59,953,1753
2023-08-03 13:05:22,55,59,953,1753
2023-08-03 13:05:23,55,58,953,1753
2023-08-03 13:05:24,55,57,953,1753
2023-08-03 13:05:25,56,57,953,1753
2023-08-03 13:05:29,56,58,953,1753
2023-08-03 13:05:32,56,59,953,1753
2023-08-03 13:05:35,56,60,953,1753
2023-08-03 13:05:46,56,59,953,1753
2023-08-03 13:05:55,56,60,953,1753
2023-08-03 13:06:07,56,59,953,1753
2023-08-03 13:06:15,56,60,953,1753
2023-08-03 13:06:27,56,61,953,1753
2023-08-03 13:06:41,56,62,953,1753
2023-08-03 13:06:41,56,100,953,1753
2023-08-03 13:06:41,0,100,953,1753
2023-08-03 13:06:41,54,100,953,1753
2023-08-03 13:06:41,56,100,953,1753
2023-08-03 13:06:41,56,63,953,1753
2023-08-03 13:06:41,56,61,953,1753
2023-08-03 13:06:42,56,60,953,1753
2023-08-03 13:06:43,56,59,953,1753
2023-08-03 13:06:44,56,58,953,1753
2023-08-03 13:06:49,56,59,953,1753
2023-08-03 13:06:50,56,60,953,1753
2023-08-03 13:06:51,56,59,953,1753
2023-08-03 13:07:00,0,59,953,1753
2023-08-03 13:07:00,52,59,953,1753
2023-08-03 13:07:00,54,59,953,1753
2023-08-03 13:07:08,54,60,953,1753
2023-08-03 13:07:09,55,60,953,1753
2023-08-03 13:07:10,56,60,953,1753
2023-08-03 13:07:11,56,59,953,1753
2023-08-03 13:07:13,56,58,953,1753
2023-08-03 13:07:21,57,58,953,1753
2023-08-03 13:07:36,56,58,953,1753
2023-08-03 13:07:38,55,59,953,1753
2023-08-03 13:07:50,54,59,953,1753
2023-08-03 13:07:52,55,59,953,1753
2023-08-03 13:07:53,54,59,953,1753
2023-08-03 13:07:56,55,59,953,1753
2023-08-03 13:08:05,54,59,953,1753
2023-08-03 13:08:06,55,59,953,1753
2023-08-03 13:08:08,56,59,953,1753
2023-08-03 13:08:15,55,59,953,1753
2023-08-03 13:08:18,54,59,953,1753
2023-08-03 13:08:33,55,59,953,1753
2023-08-03 13:08:42,54,59,953,1753
2023-08-03 13:08:43,0,59,953,1753
2023-08-03 13:08:43,52,59,953,1753
2023-08-03 13:08:43,52,58,953,1753
2023-08-03 13:08:52,53,58,953,1753
2023-08-03 13:08:53,54,58,953,1753
2023-08-03 13:08:53,54,57,953,1753
2023-08-03 13:08:55,53,57,953,1753
2023-08-03 13:08:55,53,56,953,1753
2023-08-03 13:08:56,53,55,953,1753
2023-08-03 13:09:03,51,55,953,1753
2023-08-03 13:09:07,0,55,953,1753
2023-08-03 13:09:07,50,55,953,1753
2023-08-03 13:09:26,51,55,953,1753
2023-08-03 13:09:27,52,55,953,1753
2023-08-03 13:09:28,53,55,953,1753
2023-08-03 13:09:30,54,55,953,1753
2023-08-03 13:09:31,53,55,853,1853
2023-08-03 13:09:32,53,57,853,2003
2023-08-03 13:09:33,52,57,753,2103
2023-08-03 13:09:34,52,56,753,2103
2023-08-03 13:09:36,52,55,753,2103
2023-08-03 13:09:37,51,55,753,2103
2023-08-03 13:09:37,50,55,753,2103
2023-08-03 13:09:38,0,55,753,2103
2023-08-03 13:09:38,49,55,753,2103
2023-08-03 13:09:38,51,55,753,2103
2023-08-03 13:09:45,49,55,853,2353
2023-08-03 13:09:46,49,56,853,2353
2023-08-03 13:09:47,0,57,853,2353
2023-08-03 13:09:47,0,100,853,2353
2023-08-03 13:09:47,51,100,853,2353
2023-08-03 13:09:47,53,100,853,2353
2023-08-03 13:09:47,53,60,853,2353
2023-08-03 13:09:47,53,58,853,2353
2023-08-03 13:09:48,0,58,853,2353
2023-08-03 13:09:48,0,100,853,2353
2023-08-03 13:09:48,53,100,853,2353
2023-08-03 13:09:48,55,100,853,2353
2023-08-03 13:09:48,55,62,853,2353
2023-08-03 13:09:48,55,60,853,2353
2023-08-03 13:09:50,56,60,853,2353
2023-08-03 13:09:50,56,100,853,2353
2023-08-03 13:09:50,56,61,853,2353
2023-08-03 13:09:50,56,59,853,2353
2023-08-03 13:09:52,56,100,853,2353
2023-08-03 13:09:52,56,59,853,2353
2023-08-03 13:09:52,56,57,853,2353
2023-08-03 13:09:56,52,57,753,2453
2023-08-03 13:09:57,53,57,753,2453
2023-08-03 13:09:58,54,57,753,2453
2023-08-03 13:09:59,55,57,753,2453
2023-08-03 13:10:02,55,100,753,2453
2023-08-03 13:10:02,55,62,753,2453
2023-08-03 13:10:02,55,59,753,2453
2023-08-03 13:10:06,56,59,753,2453
2023-08-03 13:10:11,56,58,753,2453
2023-08-03 13:10:14,56,59,753,2453
2023-08-03 13:10:33,56,63,753,2453
2023-08-03 13:10:38,56,62,753,2453
2023-08-03 13:10:39,56,61,753,2453
2023-08-03 13:10:40,56,60,753,2453
2023-08-03 13:10:44,55,60,753,2453
2023-08-03 13:10:55,56,60,753,2453
2023-08-03 13:11:02,56,61,753,2453
2023-08-03 13:11:26,55,61,753,2453
2023-08-03 13:11:26,56,61,753,2453
2023-08-03 13:11:32,56,62,753,2453
2023-08-03 13:11:38,56,61,753,2453
2023-08-03 13:11:54,56,62,753,2453
2023-08-03 13:11:55,56,63,753,2453
2023-08-03 13:11:56,57,63,753,2453
2023-08-03 13:11:57,57,100,753,2453
2023-08-03 13:11:57,57,63,753,2453
2023-08-03 13:11:57,57,61,753,2453
2023-08-03 13:11:58,55,61,753,2453
2023-08-03 13:11:59,55,59,753,2453
2023-08-03 13:12:01,55,58,753,2453
2023-08-03 13:12:05,56,58,753,2453
2023-08-03 13:12:06,57,58,753,2453
2023-08-03 13:12:13,57,59,853,2553
2023-08-03 13:12:14,58,59,853,2553
2023-08-03 13:12:16,58,62,953,2653
2023-08-03 13:12:24,60,62,953,2653
2023-08-03 13:12:28,60,61,953,2653
2023-08-03 13:12:28,58,61,953,2653
2023-08-03 13:12:29,58,62,953,2653
2023-08-03 13:12:30,58,61,953,2653
2023-08-03 13:12:34,58,60,953,2653
2023-08-03 13:12:36,58,61,953,2653
2023-08-03 13:12:37,58,62,953,2653
2023-08-03 13:13:32,57,62,953,2653
2023-08-03 13:13:43,56,62,953,2653
2023-08-03 13:13:50,57,62,953,2653
2023-08-03 13:13:54,58,62,953,2653
2023-08-03 13:14:07,57,62,953,2653
2023-08-03 13:14:29,58,62,953,2653
2023-08-03 13:14:56,57,62,953,2653
2023-08-03 13:15:05,56,62,953,2653
2023-08-03 13:15:05,0,62,953,2653
2023-08-03 13:15:05,56,62,953,2653
2023-08-03 13:15:05,56,61,953,2653
2023-08-03 13:15:21,57,61,953,2653
2023-08-03 13:15:22,58,61,953,2653
2023-08-03 13:15:36,57,61,953,2653
2023-08-03 13:16:01,58,61,953,2653
2023-08-03 13:16:05,58,62,953,2653
2023-08-03 13:16:05,58,61,953,2653
2023-08-03 13:16:16,58,61,703,2903
2023-08-03 13:16:18,56,61,653,2953
2023-08-03 13:16:21,56,62,653,2953
2023-08-03 13:16:21,0,62,653,2953
2023-08-03 13:16:21,52,62,653,2953
2023-08-03 13:16:21,54,62,653,2953
2023-08-03 13:16:21,54,61,653,2953
2023-08-03 13:16:21,54,59,653,2953
2023-08-03 13:16:29,55,59,653,2953
2023-08-03 13:16:30,56,59,653,2953
2023-08-03 13:16:31,55,59,653,2953
2023-08-03 13:16:35,56,59,653,2953
2023-08-03 13:16:41,56,62,653,2953
2023-08-03 13:16:41,56,60,653,2953
2023-08-03 13:16:41,56,58,653,2953
2023-08-03 13:16:44,56,100,653,2953
2023-08-03 13:16:44,56,100,553,3053
2023-08-03 13:16:44,56,58,553,3053
2023-08-03 13:16:45,56,58,303,3303
2023-08-03 13:16:48,51,58,253,3353
2023-08-03 13:16:49,48,58,353,3453
2023-08-03 13:16:50,48,58,753,3853
2023-08-03 13:16:53,48,56,753,3853
2023-08-03 13:16:54,48,55,753,3853
2023-08-03 13:16:59,48,56,753,3853
2023-08-03 13:16:59,48,58,753,3853
2023-08-03 13:17:00,0,58,853,3953
2023-08-03 13:17:00,0,57,853,3953
2023-08-03 13:17:21,0,58,853,3953
2023-08-03 13:17:31,0,100,853,3953
2023-08-03 13:17:31,50,100,853,3953
2023-08-03 13:17:31,52,100,853,3953
2023-08-03 13:17:31,52,59,853,3953
2023-08-03 13:17:31,52,57,853,3953
2023-08-03 13:17:32,53,57,853,3953
2023-08-03 13:17:33,54,57,853,3953
2023-08-03 13:17:34,55,57,853,3953
2023-08-03 13:17:41,55,100,853,3953
2023-08-03 13:17:41,55,59,853,3953
2023-08-03 13:17:52,55,58,853,3953
2023-08-03 13:17:54,55,59,853,3953
2023-08-03 13:18:11,55,100,853,3953
2023-08-03 13:18:11,55,62,853,3953
2023-08-03 13:18:11,55,60,853,3953
2023-08-03 13:19:11,56,60,853,3953
2023-08-03 13:19:13,56,61,853,3953
2023-08-03 13:19:24,55,61,853,3953
2023-08-03 13:19:24,55,100,853,3953
2023-08-03 13:19:24,56,100,853,3953
2023-08-03 13:19:24,57,100,853,3953
2023-08-03 13:19:24,57,65,853,3953
2023-08-03 13:19:24,57,63,853,3953
2023-08-03 13:19:25,57,62,853,3953
2023-08-03 13:19:26,57,61,853,3953
2023-08-03 13:19:32,57,62,853,3953
2023-08-03 13:19:44,57,61,853,3953
2023-08-03 13:19:45,55,61,853,3953
2023-08-03 13:19:45,56,61,853,3953
2023-08-03 13:19:46,56,60,853,3953
2023-08-03 13:19:54,56,61,853,3953
2023-08-03 13:20:09,55,61,853,3953
2023-08-03 13:20:09,55,62,853,3953
2023-08-03 13:20:09,56,62,853,3953
2023-08-03 13:20:10,56,63,853,3953
2023-08-03 13:20:35,55,63,853,3953
2023-08-03 13:20:35,55,100,853,3953
2023-08-03 13:20:35,56,100,853,3953
2023-08-03 13:20:35,59,100,853,3953
2023-08-03 13:20:35,59,64,853,3953
2023-08-03 13:20:40,59,63,853,3953
2023-08-03 13:20:48,59,64,853,3953
2023-08-03 13:21:31,55,64,853,3953
2023-08-03 13:21:31,61,64,853,3953
2023-08-03 13:21:37,55,64,853,3953
2023-08-03 13:21:37,60,64,853,3953
2023-08-03 13:21:37,62,64,853,3953
2023-08-03 13:21:40,62,67,953,4053
2023-08-03 13:22:13,62,66,953,4053
2023-08-03 13:22:15,62,67,953,4053
2023-08-03 13:22:29,55,67,953,4053
2023-08-03 13:22:29,61,67,953,4053
2023-08-03 13:22:29,61,66,953,4053
2023-08-03 13:22:33,61,67,953,4053
2023-08-03 13:22:33,55,67,953,4053
2023-08-03 13:22:33,59,67,953,4053
2023-08-03 13:22:33,59,65,953,4053
2023-08-03 13:22:50,55,65,953,4053
2023-08-03 13:22:50,55,67,953,4053
2023-08-03 13:22:50,59,67,953,4053
2023-08-03 13:22:50,61,67,953,4053
2023-08-03 13:22:50,61,66,953,4053
2023-08-03 13:23:50,61,67,953,4053
2023-08-03 13:24:44,55,67,953,4053
2023-08-03 13:24:44,61,67,953,4053
2023-08-03 13:24:44,63,67,953,4053
2023-08-03 13:25:12,63,68,953,4053
2023-08-03 13:25:13,63,67,953,4053
2023-08-03 13:25:17,63,68,953,4053
2023-08-03 13:25:24,55,68,953,4053
2023-08-03 13:25:24,62,68,953,4053
2023-08-03 13:25:24,64,68,953,4053
2023-08-03 13:25:37,55,68,953,4053
2023-08-03 13:25:37,59,68,953,4053
2023-08-03 13:26:07,55,68,953,4053
2023-08-03 13:26:07,62,68,953,4053
2023-08-03 13:26:13,63,68,953,4053
2023-08-03 13:26:13,63,67,953,4053
2023-08-03 13:26:14,64,67,953,4053
2023-08-03 13:26:17,65,67,953,4053
2023-08-03 13:26:23,66,67,953,4053
2023-08-03 13:26:40,65,67,953,4053
2023-08-03 13:26:41,65,72,953,4053
2023-08-03 13:26:42,65,71,953,4053
2023-08-03 13:26:42,65,69,953,4053
2023-08-03 13:26:48,65,68,953,4053
2023-08-03 13:27:01,64,68,953,4053
2023-08-03 13:27:14,64,65,953,4053
2023-08-03 13:27:15,64,68,553,4453
2023-08-03 13:27:36,64,69,553,4453
2023-08-03 13:27:38,64,66,553,4453
2023-08-03 13:27:42,64,71,353,4653
2023-08-03 13:27:42,64,70,353,4653
2023-08-03 13:27:48,64,69,353,4653
2023-08-03 13:27:54,64,70,353,4653
2023-08-03 13:27:55,64,69,353,4653
2023-08-03 13:29:08,64,67,353,4653
2023-08-03 13:29:10,63,67,353,4653
2023-08-03 13:29:23,62,67,353,4653
2023-08-03 13:29:23,62,100,353,4653
2023-08-03 13:29:23,0,100,353,4653
2023-08-03 13:29:23,54,100,353,4653
2023-08-03 13:29:23,56,100,353,4653
2023-08-03 13:29:23,56,70,353,4653
2023-08-03 13:29:23,56,68,353,4653
2023-08-03 13:29:25,57,68,353,4653
2023-08-03 13:29:25,57,67,353,4653
2023-08-03 13:29:26,58,67,353,4653
2023-08-03 13:29:26,58,66,353,4653
2023-08-03 13:29:28,58,65,353,4653
2023-08-03 13:29:28,59,65,353,4653
2023-08-03 13:29:29,59,64,353,4653
2023-08-03 13:29:32,60,64,353,4653
2023-08-03 13:29:32,60,63,353,4653
2023-08-03 13:29:33,60,62,353,4653
2023-08-03 13:29:36,60,61,353,4653
2023-08-03 13:29:41,59,61,153,4853
2023-08-03 13:29:42,59,60,153,4853
2023-08-03 13:29:45,58,60,53,4953
2023-08-03 13:29:52,57,60,53,4953
2023-08-03 13:29:59,58,60,53,4953
2023-08-03 13:30:02,59,60,53,4953
2023-08-03 13:30:06,59,63,200,5153
2023-08-03 13:30:07,59,65,200,5153
2023-08-03 13:31:07,60,65,200,5153
2023-08-03 13:31:34,59,65,200,5153
2023-08-03 13:31:34,59,64,200,5153
2023-08-03 13:31:52,58,64,200,5153
2023-08-03 13:31:53,58,65,200,5153
2023-08-03 13:31:53,58,62,200,5153
2023-08-03 13:31:54,57,62,200,5153
2023-08-03 13:32:02,58,62,200,5153
2023-08-03 13:32:26,58,65,200,5153
2023-08-03 13:32:26,58,60,200,5153
2023-08-03 13:32:31,58,60,400,5403
2023-08-03 13:32:33,55,60,400,5403
2023-08-03 13:32:41,55,65,400,5403
2023-08-03 13:32:41,0,65,400,5403
2023-08-03 13:32:41,51,65,400,5403
2023-08-03 13:32:41,53,65,400,5403
2023-08-03 13:32:41,53,58,400,5403
2023-08-03 13:32:45,54,58,400,5403
2023-08-03 13:32:46,55,58,400,5403
2023-08-03 13:32:53,54,58,400,5403
2023-08-03 13:32:54,53,58,400,5403
2023-08-03 13:32:55,54,58,400,5403
2023-08-03 13:32:55,54,57,400,5403
2023-08-03 13:32:56,54,56,400,5403
2023-08-03 13:32:58,54,58,400,5403
2023-08-03 13:32:58,55,58,400,5403
2023-08-03 13:33:04,55,100,400,5403
2023-08-03 13:33:04,55,59,400,5403
2023-08-03 13:33:04,55,57,400,5403
2023-08-03 13:33:06,51,57,400,5403
2023-08-03 13:33:07,51,56,400,5403
2023-08-03 13:33:12,51,55,400,5403
2023-08-03 13:33:13,51,54,400,5403
2023-08-03 13:33:15,51,55,300,5503
2023-08-03 13:33:20,52,55,300,5503
2023-08-03 13:33:21,52,56,300,5503
2023-08-03 13:33:21,53,56,300,5503
2023-08-03 13:33:28,53,57,300,5503
2023-08-03 13:33:30,51,57,300,5503
2023-08-03 13:33:30,51,56,300,5503
2023-08-03 13:33:31,51,57,300,5503
2023-08-03 13:33:34,51,56,300,5503
2023-08-03 13:33:35,52,55,300,5503
2023-08-03 13:33:35,53,55,300,5503
2023-08-03 13:33:36,54,55,300,5503
2023-08-03 13:33:39,53,55,300,5503
2023-08-03 13:33:41,50,55,300,5503
2023-08-03 13:33:45,0,55,300,5503
2023-08-03 13:33:45,51,55,300,5503
2023-08-03 13:33:52,51,54,200,5753
2023-08-03 13:33:52,51,53,200,5753
2023-08-03 13:33:53,51,52,200,5753
2023-08-03 13:33:55,51,53,253,5853
2023-08-03 13:33:57,51,54,253,5853
2023-08-03 13:33:57,51,55,253,5853
2023-08-03 13:33:57,52,55,253,5853
2023-08-03 13:33:59,52,57,253,5853
2023-08-03 13:33:59,53,57,253,5853
2023-08-03 13:34:02,52,57,253,5853
2023-08-03 13:34:02,52,56,253,5853
2023-08-03 13:34:03,51,56,253,5853
2023-08-03 13:34:03,51,55,253,5853
2023-08-03 13:34:06,51,54,253,5853
2023-08-03 13:34:08,49,54,453,6053
2023-08-03 13:34:10,49,54,553,6153
2023-08-03 13:34:10,49,52,553,6153
2023-08-03 13:34:11,49,54,653,6253
2023-08-03 13:34:13,49,55,753,6353
2023-08-03 13:34:18,49,54,753,6353
2023-08-03 13:34:19,49,55,853,6453
2023-08-03 13:34:25,49,57,853,6453
2023-08-03 13:34:25,50,57,853,6453
2023-08-03 13:34:26,51,57,853,6453
2023-08-03 13:34:27,52,57,853,6453
2023-08-03 13:34:28,51,57,853,6453
2023-08-03 13:34:29,52,57,853,6453
2023-08-03 13:34:32,52,56,853,6453
2023-08-03 13:34:33,52,55,853,6453
2023-08-03 13:34:34,52,54,853,6453
2023-08-03 13:34:36,53,54,853,6453
2023-08-03 13:34:39,52,54,753,6553
2023-08-03 13:34:43,52,54,503,6803
2023-08-03 13:34:47,51,54,453,6853
2023-08-03 13:34:48,50,54,453,6853
2023-08-03 13:34:50,50,53,453,6853
2023-08-03 13:34:54,50,52,453,6853
2023-08-03 13:34:55,47,52,553,6953
2023-08-03 13:34:57,47,53,553,6953
2023-08-03 13:34:57,47,54,553,6953
2023-08-03 13:34:57,47,55,553,6953
2023-08-03 13:34:58,48,55,553,6953
2023-08-03 13:34:59,49,55,553,6953
2023-08-03 13:35:00,50,55,553,6953
2023-08-03 13:35:01,50,100,553,6953
2023-08-03 13:35:01,50,55,553,6953
2023-08-03 13:35:01,50,53,553,6953
2023-08-03 13:35:01,51,53,553,6953
2023-08-03 13:35:02,50,53,553,6953
2023-08-03 13:35:04,50,52,553,6953
2023-08-03 13:35:06,49,52,553,6953
2023-08-03 13:35:06,48,53,553,6953
2023-08-03 13:35:09,48,100,553,6953
2023-08-03 13:35:09,0,100,553,6953
2023-08-03 13:35:09,43,100,553,6953
2023-08-03 13:35:09,46,100,553,6953
2023-08-03 13:35:09,46,52,553,6953
2023-08-03 13:35:11,46,100,553,6953
2023-08-03 13:35:11,0,100,553,6953
2023-08-03 13:35:11,45,100,553,6953
2023-08-03 13:35:11,45,50,553,6953
2023-08-03 13:35:14,46,50,553,6953
2023-08-03 13:35:15,46,49,553,6953
2023-08-03 13:35:16,46,48,553,6953
2023-08-03 13:35:21,46,49,553,6953
2023-08-03 13:35:23,45,49,553,6953
2023-08-03 13:35:27,45,50,553,6953
2023-08-03 13:35:28,43,50,603,7003
2023-08-03 13:35:44,44,50,603,7003
2023-08-03 13:35:44,44,100,603,7003
2023-08-03 13:35:44,46,100,603,7003
2023-08-03 13:35:44,46,52,603,7003
2023-08-03 13:35:46,47,52,603,7003
2023-08-03 13:35:51,47,100,603,7003
2023-08-03 13:35:51,47,53,603,7003
2023-08-03 13:35:53,48,53,603,7003
2023-08-03 13:35:54,49,53,603,7003
2023-08-03 13:35:56,49,100,603,7003
2023-08-03 13:35:56,49,51,603,7003
2023-08-03 13:35:57,50,51,603,7003
2023-08-03 13:35:59,48,51,403,7203
2023-08-03 13:36:00,49,51,403,7203
2023-08-03 13:36:01,48,51,353,7403
2023-08-03 13:36:02,49,51,353,7403
2023-08-03 13:36:05,48,51,550,7603
2023-08-03 13:36:12,48,50,550,7603
2023-08-03 13:36:13,48,49,550,7603
2023-08-03 13:36:24,47,49,550,7603
2023-08-03 13:36:25,44,49,550,7703
2023-08-03 13:36:26,44,51,550,7703
2023-08-03 13:36:39,0,51,550,7703
2023-08-03 13:36:39,0,100,550,7703
2023-08-03 13:36:39,44,100,550,7703
2023-08-03 13:36:39,47,100,550,7703
2023-08-03 13:36:39,47,55,550,7703
2023-08-03 13:36:39,47,53,550,7703
2023-08-03 13:36:47,47,52,550,7703
2023-08-03 13:36:48,47,51,550,7703
2023-08-03 13:36:50,47,50,550,7703
2023-08-03 13:36:50,47,51,453,7803
2023-08-03 13:36:52,47,53,453,7803
2023-08-03 13:36:53,47,52,453,7803
2023-08-03 13:36:54,47,51,453,7803
2023-08-03 13:36:56,47,52,453,7903
2023-08-03 13:36:58,47,51,453,7903
2023-08-03 13:36:59,44,51,703,8153
2023-08-03 13:36:59,0,51,703,8153
2023-08-03 13:36:59,47,51,703,8153
2023-08-03 13:36:59,49,51,703,8153
2023-08-03 13:37:00,49,50,703,8153
2023-08-03 13:37:00,47,50,803,8253
2023-08-03 13:37:00,47,52,853,8453
2023-08-03 13:37:01,47,52,1253,8853
2023-08-03 13:37:02,47,54,1253,8853
2023-08-03 13:37:03,0,54,1353,8953
2023-08-03 13:37:21,0,100,1353,8953
2023-08-03 13:37:21,48,100,1353,8953
2023-08-03 13:37:21,50,100,1353,8953
2023-08-03 13:37:21,50,59,1353,8953
2023-08-03 13:37:21,50,56,1353,8953
2023-08-03 13:37:22,50,55,1353,8953
2023-08-03 13:37:22,48,55,1603,9203
2023-08-03 13:37:23,48,56,1603,9203
2023-08-03 13:37:36,48,100,1603,9203
2023-08-03 13:37:36,0,100,1603,9203
2023-08-03 13:37:36,46,100,1603,9203
2023-08-03 13:37:36,49,100,1603,9203
2023-08-03 13:37:36,49,57,1603,9203
2023-08-03 13:37:36,49,55,1603,9203
2023-08-03 13:38:02,49,100,1603,9203
2023-08-03 13:38:02,0,100,1603,9203
2023-08-03 13:38:02,48,100,1603,9203
2023-08-03 13:38:02,48,55,1603,9203
2023-08-03 13:38:02,48,53,1603,9203
2023-08-03 13:38:18,48,50,1603,9203
2023-08-03 13:38:19,48,53,1603,9453
2023-08-03 13:38:28,48,50,1603,9453
2023-08-03 13:38:29,48,50,1603,9703
2023-08-03 13:38:31,48,53,1603,9853
2023-08-03 13:38:40,48,50,1603,9853
2023-08-03 13:38:42,48,50,1603,10103
2023-08-03 13:38:44,49,50,1603,10103
2023-08-03 13:38:44,49,54,1603,10303
2023-08-03 13:39:01,49,100,1603,10303
2023-08-03 13:39:01,51,100,1603,10303
2023-08-03 13:39:01,51,58,1603,10303
2023-08-03 13:39:02,51,56,1603,10303
2023-08-03 13:39:20,51,53,1603,10303
2023-08-03 13:39:22,51,53,1603,10553
2023-08-03 13:39:24,51,56,1603,10703
2023-08-03 13:39:29,49,56,1603,10703
2023-08-03 13:39:29,49,100,1603,10703
2023-08-03 13:39:29,52,100,1603,10703
2023-08-03 13:39:29,52,58,1603,10703
2023-08-03 13:39:31,49,58,1603,10703
2023-08-03 13:39:31,49,100,1603,10703
2023-08-03 13:39:31,54,100,1603,10703
2023-08-03 13:39:31,54,59,1603,10703
2023-08-03 13:40:06,54,100,1603,10703
2023-08-03 13:40:06,49,100,1603,10703
2023-08-03 13:40:06,52,100,1603,10703
2023-08-03 13:40:06,52,61,1603,10703
2023-08-03 13:40:06,52,58,1603,10703
2023-08-03 13:40:18,52,100,1603,10703
2023-08-03 13:40:18,49,100,1603,10703
2023-08-03 13:40:18,51,100,1603,10703
2023-08-03 13:40:18,51,58,1603,10703
2023-08-03 13:40:18,51,56,1603,10703
2023-08-03 13:40:49,51,100,1603,10703
2023-08-03 13:40:49,49,100,1603,10703
2023-08-03 13:40:49,50,100,1603,10703
2023-08-03 13:40:49,50,55,1603,10703
2023-08-03 13:41:25,50,100,1603,10703
2023-08-03 13:41:25,49,100,1603,10703
2023-08-03 13:41:25,49,53,1603,10703
2023-08-03 13:41:35,49,100,1603,10703
2023-08-03 13:41:35,49,52,1603,10703
2023-08-03 13:41:40,48,52,1403,10903
2023-08-03 13:42:10,48,100,1403,10903
2023-08-03 13:42:10,48,50,1403,10903
2023-08-03 13:42:14,48,50,1153,11153
2023-08-03 13:42:16,45,50,1003,11303
2023-08-03 13:42:17,0,50,1003,11303
2023-08-03 13:42:17,0,100,1003,11303
2023-08-03 13:42:17,46,100,1003,11303
2023-08-03 13:42:17,46,54,1003,11303
2023-08-03 13:42:17,46,52,1003,11303
2023-08-03 13:43:05,46,100,1003,11303
2023-08-03 13:43:05,0,100,1003,11303
2023-08-03 13:43:05,43,100,1003,11303
2023-08-03 13:43:05,45,100,1003,11303
2023-08-03 13:43:05,45,53,1003,11303
2023-08-03 13:43:05,45,50,1003,11303
2023-08-03 13:43:44,45,100,1003,11303
2023-08-03 13:43:44,0,100,1003,11303
2023-08-03 13:43:44,43,100,1003,11303
2023-08-03 13:43:44,43,49,1003,11303
2023-08-03 13:43:57,43,100,1003,11303
2023-08-03 13:43:57,0,100,1003,11303
2023-08-03 13:43:57,42,100,1003,11303
2023-08-03 13:43:57,42,49,1003,11303
2023-08-03 13:43:57,42,47,1003,11303
2023-08-03 13:44:07,40,47,1003,11303
2023-08-03 13:44:07,0,47,1003,11303
2023-08-03 13:44:07,0,100,1003,11303
2023-08-03 13:45:03,41,100,1003,11303
2023-08-03 13:45:03,41,48,1003,11303
2023-08-03 13:45:03,41,46,1003,11303
2023-08-03 13:45:07,41,100,1003,11303
2023-08-03 13:45:07,0,100,1003,11303
2023-08-03 13:45:07,37,100,1003,11303
2023-08-03 13:45:07,39,100,1003,11303
2023-08-03 13:45:07,39,47,1003,11303
2023-08-03 13:45:07,39,45,1003,11303
2023-08-03 13:45:11,39,100,1003,11303
2023-08-03 13:45:11,0,100,1003,11303
2023-08-03 13:45:11,36,100,1003,11303
2023-08-03 13:45:11,38,100,1003,11303
2023-08-03 13:45:11,38,45,1003,11303
2023-08-03 13:45:11,38,44,1003,11303
2023-08-03 13:45:22,38,100,1003,11303
2023-08-03 13:45:22,0,100,1003,11303
2023-08-03 13:45:22,37,100,1003,11303
2023-08-03 13:45:22,37,45,1003,11303
2023-08-03 13:45:22,37,43,1003,11303
2023-08-03 13:45:46,37,100,1003,11303
2023-08-03 13:45:46,0,100,1003,11303
2023-08-03 13:45:46,35,100,1003,11303
2023-08-03 13:45:46,35,41,1003,11303
2023-08-03 13:46:00,0,41,1003,11303
2023-08-03 13:46:00,0,100,1003,11303
2023-08-03 13:46:00,34,100,1003,11303
2023-08-03 13:46:00,36,100,1003,11303
2023-08-03 13:46:00,36,43,1003,11303
2023-08-03 13:46:13,0,43,1003,11303
2023-08-03 13:46:13,0,100,1003,11303
2023-08-03 13:46:13,38,100,1003,11303
2023-08-03 13:46:13,38,45,1003,11303
2023-08-03 13:46:13,38,44,1003,11303
2023-08-03 13:46:25,0,44,1003,11303
2023-08-03 13:46:25,0,100,1003,11303
2023-08-03 13:46:25,37,100,1003,11303
2023-08-03 13:46:25,39,100,1003,11303
2023-08-03 13:46:25,39,48,1003,11303
2023-08-03 13:46:25,39,45,1003,11303
2023-08-03 13:47:05,39,100,1003,11303
2023-08-03 13:47:05,0,100,1003,11303
2023-08-03 13:47:05,36,100,1003,11303
2023-08-03 13:47:05,38,100,1003,11303
2023-08-03 13:47:05,38,44,1003,11303
2023-08-03 13:47:40,0,44,1003,11303
2023-08-03 13:47:40,0,100,1003,11303
2023-08-03 13:47:40,39,100,1003,11303
2023-08-03 13:47:40,39,47,1003,11303
2023-08-03 13:47:40,39,44,1003,11303
2023-08-03 13:48:23,0,44,1003,11303
2023-08-03 13:48:23,0,100,1003,11303
2023-08-03 13:48:23,38,100,1003,11303
2023-08-03 13:48:23,40,100,1003,11303
2023-08-03 13:48:23,40,48,1003,11303
2023-08-03 13:48:23,40,46,1003,11303
2023-08-03 13:48:49,0,46,1003,11303
2023-08-03 13:48:49,0,100,1003,11303
2023-08-03 13:48:49,39,100,1003,11303
2023-08-03 13:48:49,41,100,1003,11303
2023-08-03 13:48:49,41,50,1003,11303
2023-08-03 13:48:49,41,47,1003,11303
2023-08-03 13:49:01,0,47,1003,11303
2023-08-03 13:49:01,0,100,1003,11303
2023-08-03 13:49:01,41,100,1003,11303
2023-08-03 13:49:01,43,100,1003,11303
2023-08-03 13:49:01,43,48,1003,11303
2023-08-03 13:49:32,43,47,1003,11303
2023-08-03 13:49:32,41,47,1103,11403
2023-08-03 13:49:33,41,47,1503,11803
2023-08-03 13:49:33,41,46,1503,11803
2023-08-03 13:49:34,0,46,1603,11903
2023-08-03 13:49:40,0,48,1603,11903
2023-08-03 13:49:49,0,100,1603,11903
2023-08-03 13:49:49,35,100,1603,11903
2023-08-03 13:49:49,38,100,1603,11903
2023-08-03 13:49:49,38,52,1603,11903
2023-08-03 13:49:49,38,49,1603,11903
2023-08-03 13:49:51,39,49,1603,11903
2023-08-03 13:49:52,38,49,1603,11903
2023-08-03 13:49:52,40,49,1603,11903
2023-08-03 13:49:55,41,49,1603,11903
2023-08-03 13:49:56,40,49,1603,11903
2023-08-03 13:49:56,38,49,1603,11903
2023-08-03 13:49:57,39,49,1603,11903
2023-08-03 13:49:58,40,49,1603,11903
2023-08-03 13:49:59,38,49,1603,11903
2023-08-03 13:50:00,39,49,1603,11903
2023-08-03 13:50:01,38,49,1603,11903
2023-08-03 13:50:01,40,49,1603,11903
2023-08-03 13:50:02,40,100,1603,11903
2023-08-03 13:50:02,40,45,1603,11903
2023-08-03 13:50:06,41,45,1603,11903
2023-08-03 13:50:08,39,45,1603,11903
2023-08-03 13:50:38,40,45,1603,11903
2023-08-03 13:50:40,40,100,1603,11903
2023-08-03 13:50:40,40,46,1603,11903
2023-08-03 13:50:41,35,46,1603,11903
2023-08-03 13:50:58,36,46,1603,11903
2023-08-03 13:50:59,35,46,1603,11903
2023-08-03 13:50:59,37,46,1603,11903
2023-08-03 13:51:00,35,46,1603,11903
2023-08-03 13:51:00,38,46,1603,11903
2023-08-03 13:51:02,38,100,1603,11903
2023-08-03 13:51:02,38,46,1603,11903
2023-08-03 13:51:02,38,44,1603,11903
2023-08-03 13:51:03,39,44,1603,11903
2023-08-03 13:51:04,38,44,1603,11903
2023-08-03 13:51:05,35,44,1603,11903
2023-08-03 13:52:02,34,100,1603,11903
2023-08-03 13:52:02,34,46,1603,11903
2023-08-03 13:52:02,34,44,1603,11903
2023-08-03 13:52:20,35,44,1603,11903
2023-08-03 13:52:23,36,44,1603,11903
2023-08-03 13:52:24,35,44,1603,11903
2023-08-03 13:52:25,34,44,1603,11903
2023-08-03 13:52:26,36,44,1603,11903
2023-08-03 13:52:30,35,44,1603,11903
2023-08-03 13:52:44,35,44,1603,11903
2023-08-03 13:52:45,36,44,1603,11903
2023-08-03 13:52:46,37,44,1603,11903
2023-08-03 13:52:47,36,44,1603,11903
2023-08-03 13:52:47,38,44,1603,11903
2023-08-03 13:52:51,39,44,1603,11903
2023-08-03 13:52:52,38,44,1603,11903
2023-08-03 13:52:52,35,44,1603,11903
2023-08-03 13:52:54,35,44,1603,11903
2023-08-03 13:52:55,36,44,1603,11903
2023-08-03 13:52:56,37,44,1603,11903
2023-08-03 13:53:02,37,100,1603,11903
2023-08-03 13:53:02,37,45,1603,11903
2023-08-03 13:53:03,37,44,1603,11903
2023-08-03 13:53:03,35,44,1603,11903
2023-08-03 13:53:13,35,100,1603,11903
2023-08-03 13:53:13,36,100,1603,11903
2023-08-03 13:53:13,36,44,1603,11903
2023-08-03 13:53:29,0,44,1603,11903
2023-08-03 13:53:29,0,100,1603,11903
2023-08-03 13:53:29,37,100,1603,11903
2023-08-03 13:53:29,37,49,1603,11903
2023-08-03 13:53:29,37,46,1603,11903
2023-08-03 13:53:36,37,44,1603,11903
2023-08-03 13:53:59,0,44,1603,11903
2023-08-03 13:53:59,39,44,1603,11903
2023-08-03 13:54:00,37,44,1653,11953
2023-08-03 13:54:50,0,44,1653,11953
2023-08-03 13:54:50,34,44,1653,11953
2023-08-03 13:54:50,36,44,1653,11953
2023-08-03 13:55:15,37,44,1653,11953
2023-08-03 13:55:30,34,44,1653,11953
2023-08-03 13:55:37,35,44,1653,11953
2023-08-03 13:55:38,34,44,1653,11953
2023-08-03 13:55:38,36,44,1653,11953
2023-08-03 13:55:40,32,44,1653,11953
2023-08-03 13:55:40,37,44,1653,11953
2023-08-03 13:55:41,32,44,1653,11953
2023-08-03 13:55:42,0,44,1653,11953
2023-08-03 13:55:42,31,44,1653,11953
2023-08-03 13:55:42,31,41,1653,11953
2023-08-03 13:55:44,33,41,1653,11953
2023-08-03 13:55:51,33,44,1653,11953
2023-08-03 13:55:51,33,40,1653,11953
2023-08-03 13:55:57,30,40,1653,11953
2023-08-03 13:55:57,34,40,1653,11953
2023-08-03 13:55:58,35,40,1653,11953
2023-08-03 13:55:59,34,40,1653,11953
2023-08-03 13:56:00,35,40,1653,11953
2023-08-03 13:56:01,36,40,1653,11953
2023-08-03 13:56:01,35,40,1553,12053
2023-08-03 13:56:03,35,39,1553,12053
2023-08-03 13:56:05,36,39,1553,12053
2023-08-03 13:56:08,36,38,1303,12303
2023-08-03 13:56:10,35,38,1253,12353
2023-08-03 13:56:13,36,38,1253,12353
2023-08-03 13:56:13,35,38,1153,12453
2023-08-03 13:56:14,36,38,1153,12453
2023-08-03 13:56:15,36,39,1153,12453
2023-08-03 13:56:16,36,38,1153,12453
2023-08-03 13:56:16,35,38,1053,12553
2023-08-03 13:56:22,35,37,1053,12553
2023-08-03 13:56:23,30,37,1053,12553
2023-08-03 13:56:23,0,37,1053,12553
2023-08-03 13:56:23,26,37,1053,12553
2023-08-03 13:56:23,28,37,1053,12553
2023-08-03 13:56:33,0,37,1053,12553
2023-08-03 13:56:33,25,37,1053,12553
2023-08-03 13:56:33,27,37,1053,12553
2023-08-03 13:56:34,29,37,1053,12553
2023-08-03 13:56:35,30,37,1053,12553
2023-08-03 13:56:36,31,37,1053,12553
2023-08-03 13:56:37,32,37,1053,12553
2023-08-03 13:56:38,31,37,1053,12553
2023-08-03 13:56:42,32,37,1053,12553
2023-08-03 13:56:44,31,37,953,12653
2023-08-03 13:56:44,33,37,953,12653
2023-08-03 13:56:46,31,37,853,12753
2023-08-03 13:57:05,30,37,853,12753
2023-08-03 13:57:51,30,38,853,12753
2023-08-03 13:59:42,29,38,853,12753
2023-08-03 13:59:43,0,38,853,12753
2023-08-03 13:59:54,0,39,853,12753
2023-08-03 14:20:32,28,44,853,12753
2023-08-03 14:20:32,30,44,853,12753
2023-08-03 14:20:32,30,41,853,12753
2023-08-03 14:20:33,30,40,853,12753
2023-08-03 14:20:34,31,39,853,12753
2023-08-03 14:20:34,32,39,853,12753
2023-08-03 14:20:35,33,39,853,12753
2023-08-03 14:20:36,34,39,853,12753
2023-08-03 14:20:37,35,39,853,12753
2023-08-03 14:20:38,36,39,853,12753
2023-08-03 14:20:39,37,39,853,12753
2023-08-03 14:20:44,37,40,853,12753
2023-08-03 14:20:48,36,40,853,12753
2023-08-03 14:20:48,36,39,853,12753
2023-08-03 14:20:49,36,40,853,12753
2023-08-03 14:20:51,35,40,853,12753
2023-08-03 14:20:55,35,39,853,12753
2023-08-03 14:20:56,35,38,853,12753
2023-08-03 14:20:58,35,39,853,12753
2023-08-03 14:21:00,35,40,853,12753
2023-08-03 14:21:24,35,39,853,12753
2023-08-03 14:21:29,35,38,853,12753
2023-08-03 14:21:48,35,40,853,12753
2023-08-03 14:22:03,34,40,853,12753
2023-08-03 14:22:03,32,43,853,12753
2023-08-03 14:22:30,33,43,853,12753
2023-08-03 14:22:30,33,42,853,12753
2023-08-03 14:22:31,33,41,853,12753
2023-08-03 14:22:32,32,41,853,12753
2023-08-03 14:22:33,32,40,853,12753
2023-08-03 14:22:33,33,40,853,12753
2023-08-03 14:22:34,34,40,853,12753
2023-08-03 14:22:35,33,39,853,12753
2023-08-03 14:22:35,33,38,853,12753
2023-08-03 14:22:36,33,37,853,12753
2023-08-03 14:22:38,34,37,853,12753
2023-08-03 14:22:39,35,37,853,12753
2023-08-03 14:22:39,35,37,1103,13003
2023-08-03 14:22:42,35,38,1253,13153
2023-08-03 14:22:42,35,37,1253,13153
2023-08-03 14:22:44,35,38,1453,13353
2023-08-03 14:22:45,35,37,1453,13353
2023-08-03 14:22:47,35,38,1653,13553
2023-08-03 14:22:51,36,38,1653,13553
2023-08-03 14:22:53,37,38,1653,13553
2023-08-03 14:22:54,36,38,1653,13553
2023-08-03 14:22:55,37,38,1653,13553
2023-08-03 14:23:28,37,44,1653,13553
2023-08-03 14:23:28,35,44,1653,13553
2023-08-03 14:23:28,34,44,1653,13553
2023-08-03 14:23:35,34,44,1653,13553
2023-08-03 14:23:40,33,44,1653,13553
2023-08-03 14:23:40,34,44,1653,13553
2023-08-03 14:23:40,36,44,1653,13553
2023-08-03 14:23:55,37,44,1653,13553
2023-08-03 14:24:08,38,44,1653,13553
2023-08-03 14:24:10,39,44,1653,13553
2023-08-03 14:24:13,40,44,1653,13553
2023-08-03 14:24:14,39,44,1653,13553
2023-08-03 14:24:15,38,44,1653,13553
2023-08-03 14:24:15,37,44,1653,13553
2023-08-03 14:24:17,38,44,1653,13553
2023-08-03 14:24:18,37,44,1653,13553
2023-08-03 14:24:21,38,44,1653,13553
2023-08-03 14:24:22,39,44,1653,13553
2023-08-03 14:24:23,40,44,1653,13553
2023-08-03 14:24:24,39,44,1653,13553
2023-08-03 14:24:24,41,44,1653,13553
2023-08-03 14:24:50,38,44,1653,13553
2023-08-03 14:24:53,39,44,1653,13553
2023-08-03 14:25:09,38,44,1653,13553
2023-08-03 14:25:23,37,44,1653,13553
2023-08-03 14:25:33,38,44,1653,13553
2023-08-03 14:25:34,39,44,1653,13553
2023-08-03 14:25:37,40,44,1653,13553
2023-08-03 14:25:38,39,44,1653,13553
2023-08-03 14:25:39,38,44,1653,13553
2023-08-03 14:25:42,0,44,1653,13553
2023-08-03 14:25:42,35,44,1653,13553
2023-08-03 14:25:42,37,44,1653,13553
2023-08-03 14:25:49,0,44,1653,13553
2023-08-03 14:25:49,33,44,1653,13553
2023-08-03 14:25:49,35,44,1653,13553
2023-08-03 14:25:52,36,44,1653,13553
2023-08-03 14:26:19,37,44,1653,13553
2023-08-03 14:26:20,38,44,1653,13553
2023-08-03 14:26:25,39,44,1653,13553
2023-08-03 14:26:53,33,44,1653,13553
2023-08-03 14:26:54,34,44,1653,13553
2023-08-03 14:26:55,33,44,1653,13553
2023-08-03 14:26:57,34,44,1653,13553
2023-08-03 14:26:58,35,44,1653,13553
2023-08-03 14:26:59,32,44,1653,13553
2023-08-03 14:27:06,33,44,1653,13553
2023-08-03 14:27:07,34,44,1653,13553
2023-08-03 14:27:08,33,44,1653,13553
2023-08-03 14:27:08,35,44,1653,13553
2023-08-03 14:27:09,33,44,1653,13553
2023-08-03 14:27:09,36,44,1653,13553
2023-08-03 14:27:10,37,44,1653,13553
2023-08-03 14:27:11,38,44,1653,13553
2023-08-03 14:27:12,39,44,1653,13553
2023-08-03 14:27:13,38,44,1553,13653
2023-08-03 14:27:14,38,43,1553,13653
2023-08-03 14:27:21,38,44,1553,13653
2023-08-03 14:27:21,37,44,1553,13653
2023-08-03 14:27:21,32,44,1553,13653
2023-08-03 14:27:22,32,43,1553,13653
2023-08-03 14:27:22,33,43,1553,13653
2023-08-03 14:27:36,33,42,1553,13653
2023-08-03 14:27:36,34,41,1553,13653
2023-08-03 14:27:37,35,41,1553,13653
2023-08-03 14:27:37,35,40,1553,13653
2023-08-03 14:27:38,35,39,1553,13653
2023-08-03 14:27:39,35,38,1553,13653
2023-08-03 14:27:41,35,37,1553,13653
2023-08-03 14:27:51,36,37,1553,13653
2023-08-03 14:27:53,35,37,1353,13853
2023-08-03 14:27:54,36,37,1353,13853
2023-08-03 14:28:17,36,38,1353,13853
2023-08-03 14:28:21,35,38,1353,13853
2023-08-03 14:28:22,34,38,1353,13853
2023-08-03 14:28:23,28,38,1353,13853
2023-08-03 14:28:27,0,38,1353,13853
2023-08-03 14:28:27,26,38,1353,13853
2023-08-03 14:28:27,28,38,1353,13853
2023-08-03 14:28:39,0,38,1353,13853
2023-08-03 14:28:39,27,38,1353,13853
2023-08-03 14:28:39,28,38,1353,13853
2023-08-03 14:28:51,29,38,1353,13853
2023-08-03 14:28:52,30,38,1353,13853
2023-08-03 14:28:58,30,39,1353,13853
2023-08-03 14:28:58,28,39,1353,13853
2023-08-03 14:29:01,28,39,1353,13853
2023-08-03 14:29:01,29,39,1353,13853
2023-08-03 14:29:02,30,39,1353,13853
2023-08-03 14:29:02,30,38,1353,13853
2023-08-03 14:29:03,31,38,1353,13853
2023-08-03 14:29:04,31,39,1353,13853
2023-08-03 14:29:05,31,40,1353,13853
2023-08-03 14:29:05,31,44,1353,13853
2023-08-03 14:29:05,31,41,1353,13853
2023-08-03 14:29:07,31,40,1353,13853
2023-08-03 14:29:09,31,39,1353,13853
2023-08-03 14:29:10,30,39,1353,13853
2023-08-03 14:29:12,30,38,1353,13853
2023-08-03 14:29:14,30,37,1353,13853
2023-08-03 14:29:15,30,36,1353,13853
2023-08-03 14:29:15,0,36,1353,13853
2023-08-03 14:29:15,30,36,1353,13853
2023-08-03 14:29:15,32,36,1353,13853
2023-08-03 14:29:17,32,35,1353,13853
2023-08-03 14:29:17,32,37,1553,14053
2023-08-03 14:29:30,33,37,1553,14053
2023-08-03 14:29:31,34,37,1553,14053
2023-08-03 14:29:35,35,37,1553,14053
2023-08-03 14:29:36,34,37,1553,14053
2023-08-03 14:29:37,35,37,1553,14053
2023-08-03 14:29:38,36,37,1553,14053
2023-08-03 14:29:53,36,38,1553,14053
2023-08-03 14:29:54,36,41,1553,14053
2023-08-03 14:29:58,36,40,1553,14053
2023-08-03 14:29:59,35,40,1553,14053
2023-08-03 14:29:59,35,39,1553,14053
2023-08-03 14:30:09,35,41,1553,14053
2023-08-03 14:30:09,31,41,1553,14053
2023-08-03 14:30:10,31,40,1553,14053
2023-08-03 14:30:10,32,40,1553,14053
2023-08-03 14:30:26,32,39,1553,14053
2023-08-03 14:30:27,33,39,1553,14053
2023-08-03 14:30:29,34,39,1553,14053
2023-08-03 14:30:31,35,39,1553,14053
2023-08-03 14:30:32,35,40,1553,14053
2023-08-03 14:30:33,35,43,1553,14053
2023-08-03 14:30:33,36,43,1553,14053
2023-08-03 14:30:40,36,44,1553,14053
2023-08-03 14:30:40,36,41,1553,14053
2023-08-03 14:30:46,35,41,1453,14153
2023-08-03 14:30:51,35,40,1453,14153
2023-08-03 14:30:52,35,39,1453,14153
2023-08-03 14:30:54,34,39,1453,14153
2023-08-03 14:30:55,35,39,1453,14153
2023-08-03 14:31:00,36,39,1453,14153
2023-08-03 14:31:01,37,39,1453,14153
2023-08-03 14:31:02,36,39,1453,14153
2023-08-03 14:31:19,36,43,1453,14153
2023-08-03 14:31:20,36,42,1453,14153
2023-08-03 14:31:42,34,42,1453,14153
2023-08-03 14:31:54,35,42,1453,14153
2023-08-03 14:31:55,35,41,1453,14153
2023-08-03 14:31:56,37,41,1453,14153
2023-08-03 14:31:57,38,41,1453,14153
2023-08-03 14:31:58,38,42,1453,14153
2023-08-03 14:32:01,38,44,1453,14153
2023-08-03 14:32:03,34,44,1453,14153
2023-08-03 14:32:10,0,44,1453,14153
2023-08-03 14:32:10,36,44,1453,14153
2023-08-03 14:32:28,0,44,1453,14153
2023-08-03 14:32:28,32,44,1453,14153
2023-08-03 14:32:28,34,44,1453,14153
2023-08-03 14:32:31,0,44,1453,14153
2023-08-03 14:32:31,30,44,1453,14153
2023-08-03 14:32:31,32,44,1453,14153
2023-08-03 14:32:49,0,44,1453,14153
2023-08-03 14:32:49,32,44,1453,14153
2023-08-03 14:32:49,34,44,1453,14153
2023-08-03 14:33:00,34,43,1453,14153
2023-08-03 14:33:01,36,43,1453,14153
2023-08-03 14:33:01,36,42,1453,14153
2023-08-03 14:33:02,36,41,1453,14153
2023-08-03 14:33:03,36,40,1453,14153
2023-08-03 14:33:04,36,39,1453,14153
2023-08-03 14:33:04,36,40,1553,14253
2023-08-03 14:33:05,36,39,1553,14253
2023-08-03 14:33:07,36,40,1753,14453
2023-08-03 14:33:15,36,44,1753,14453
2023-08-03 14:33:17,33,44,1753,14453
2023-08-03 14:33:18,34,44,1753,14453
2023-08-03 14:33:37,35,44,1753,14453
2023-08-03 14:33:38,36,44,1753,14453
2023-08-03 14:33:39,36,43,1753,14453
2023-08-03 14:33:40,37,43,1753,14453
2023-08-03 14:33:41,36,43,1753,14453
2023-08-03 14:33:43,37,43,1753,14453
2023-08-03 14:33:44,38,43,1753,14453
2023-08-03 14:33:46,37,43,1653,14553
2023-08-03 14:33:49,36,43,1553,14653
2023-08-03 14:33:50,36,42,1553,14653
2023-08-03 14:33:51,36,41,1553,14653
2023-08-03 14:33:52,36,40,1553,14653
2023-08-03 14:33:54,36,39,1553,14653
2023-08-03 14:33:55,36,38,1553,14653
2023-08-03 14:33:56,36,37,1553,14653
2023-08-03 14:35:33,36,37,1303,14903
2023-08-03 14:35:40,35,37,1153,15053
2023-08-03 14:35:41,35,36,1153,15053
2023-08-03 14:35:42,26,36,1053,15153
2023-08-03 14:35:44,26,37,1053,15153
2023-08-03 14:35:44,0,37,1053,15153
2023-08-03 14:35:44,23,37,1053,15153
2023-08-03 14:35:44,25,37,1053,15153
2023-08-03 14:35:44,25,35,1053,15153
2023-08-03 14:36:01,25,37,1053,15153
2023-08-03 14:36:01,0,37,1053,15153
2023-08-03 14:36:01,20,37,1053,15153
2023-08-03 14:36:01,22,37,1053,15153
2023-08-03 14:36:01,22,34,1053,15153
2023-08-03 14:36:01,22,32,1053,15153
2023-08-03 14:36:10,22,37,1053,15153
2023-08-03 14:36:10,0,37,1053,15153
2023-08-03 14:36:10,18,37,1053,15153
2023-08-03 14:36:10,20,37,1053,15153
2023-08-03 14:36:10,20,30,1053,15153
2023-08-03 14:36:26,0,30,1053,15153
2023-08-03 14:36:26,0,37,1053,15153
2023-08-03 14:36:26,21,37,1053,15153
2023-08-03 14:36:26,21,32,1053,15153
2023-08-03 14:36:37,21,37,1053,15153
2023-08-03 14:36:37,0,37,1053,15153
2023-08-03 14:36:37,20,37,1053,15153
2023-08-03 14:36:37,20,32,1053,15153
2023-08-03 14:36:37,20,30,1053,15153
2023-08-03 14:36:47,20,37,1053,15153
2023-08-03 14:36:47,0,37,1053,15153
2023-08-03 14:36:47,18,37,1053,15153
2023-08-03 14:36:47,18,31,1053,15153
2023-08-03 14:36:47,18,29,1053,15153
2023-08-03 14:36:55,18,37,1053,15153
2023-08-03 14:36:55,0,37,1053,15153
2023-08-03 14:36:55,15,37,1053,15153
2023-08-03 14:36:55,17,37,1053,15153
2023-08-03 14:36:55,17,29,1053,15153
2023-08-03 14:36:55,17,27,1053,15153
2023-08-03 14:37:29,0,27,1053,15153
2023-08-03 14:37:29,0,37,1053,15153
2023-08-03 14:37:29,16,37,1053,15153
2023-08-03 14:37:29,18,37,1053,15153
2023-08-03 14:37:29,18,30,1053,15153
2023-08-03 14:37:29,18,28,1053,15153
2023-08-03 14:37:47,0,28,1053,15153
2023-08-03 14:37:47,0,37,1053,15153
2023-08-03 14:37:47,19,37,1053,15153
2023-08-03 14:37:47,19,30,1053,15153
2023-08-03 14:38:10,0,30,1053,15153
2023-08-03 14:38:10,0,37,1053,15153
2023-08-03 14:38:10,21,37,1053,15153
2023-08-03 14:38:10,21,31,1053,15153
2023-08-03 14:38:24,0,31,1053,15153
2023-08-03 14:38:24,0,37,1053,15153
2023-08-03 14:38:24,21,37,1053,15153
2023-08-03 14:38:24,23,37,1053,15153
2023-08-03 14:38:24,23,35,1053,15153
2023-08-03 14:38:24,23,33,1053,15153
2023-08-03 14:38:38,0,33,1053,15153
2023-08-03 14:38:38,0,37,1053,15153
2023-08-03 14:38:38,22,37,1053,15153
2023-08-03 14:38:38,24,37,1053,15153
2023-08-03 14:38:38,24,36,1053,15153
2023-08-03 14:38:38,24,34,1053,15153
2023-08-03 14:38:52,24,37,1053,15153
2023-08-03 14:38:52,0,37,1053,15153
2023-08-03 14:38:52,21,37,1053,15153
2023-08-03 14:38:52,23,37,1053,15153
2023-08-03 14:38:52,23,33,1053,15153
2023-08-03 14:39:13,0,33,1053,15153
2023-08-03 14:39:13,0,37,1053,15153
2023-08-03 14:39:13,24,37,1053,15153
2023-08-03 14:39:13,24,35,1053,15153
2023-08-03 14:39:21,24,35,1053,15159
2023-08-03 14:39:27,24,37,1053,15159
2023-08-03 14:39:27,0,37,1053,15159
2023-08-03 14:39:27,21,37,1053,15159
2023-08-03 14:39:27,23,37,1053,15159
2023-08-03 14:39:27,23,33,1053,15159
2023-08-03 14:40:09,0,33,1053,15159
2023-08-03 14:40:09,0,37,1053,15159
2023-08-03 14:40:09,24,37,1053,15159
2023-08-03 14:40:09,24,35,1053,15159
2023-08-03 14:41:06,0,35,1053,15159
2023-08-03 14:41:06,0,37,1053,15159
2023-08-03 14:41:06,26,37,1053,15159
2023-08-03 14:41:06,26,36,1053,15159
2023-08-03 14:41:18,26,37,1053,15159
2023-08-03 14:41:18,0,37,1053,15159
2023-08-03 14:41:18,24,37,1053,15159
2023-08-03 14:41:18,24,36,1053,15159
2023-08-03 14:41:18,24,34,1053,15159
2023-08-03 14:41:26,0,34,1053,15159
2023-08-03 14:41:26,0,37,1053,15159
2023-08-03 14:41:26,25,37,1053,15159
2023-08-03 14:41:26,25,36,1053,15159
2023-08-03 14:41:32,0,36,1053,15159
2023-08-03 14:41:32,0,37,1053,15159
2023-08-03 14:41:32,25,37,1053,15159
2023-08-03 14:41:32,27,37,1053,15159
2023-08-03 14:41:46,0,37,1053,15159
2023-08-03 14:41:46,28,37,1053,15159
2023-08-03 14:41:56,0,37,1053,15159
2023-08-03 14:41:56,27,37,1053,15159
2023-08-03 14:41:56,28,37,1053,15159
2023-08-03 14:42:04,0,37,1053,15159
2023-08-03 14:42:04,28,37,1053,15159
2023-08-03 14:42:04,31,37,1053,15159
2023-08-03 14:42:16,0,37,1053,15159
2023-08-03 14:42:16,32,37,1053,15159
2023-08-03 14:43:00,0,37,1053,15159
2023-08-03 14:43:00,34,37,1053,15159
2023-08-03 14:43:02,34,37,1303,15409
2023-08-03 14:43:04,34,38,1453,15559
2023-08-03 14:43:11,0,38,1453,15559
2023-08-03 14:43:11,30,38,1453,15559
