datetime,bid,ask,open_interest,volume
2023-07-19 09:30:16,29,39,594,602
2023-07-19 09:30:17,29,40,594,602
2023-07-19 09:30:17,29,38,594,602
2023-07-19 09:30:18,29,37,594,602
2023-07-19 09:30:19,29,38,594,602
2023-07-19 09:30:19,29,36,594,602
2023-07-19 09:30:20,29,40,594,602
2023-07-19 09:30:20,29,35,594,602
2023-07-19 09:30:31,29,34,594,602
2023-07-19 09:30:48,30,34,594,602
2023-07-19 09:30:57,29,34,594,602
2023-07-19 09:30:58,30,34,594,602
2023-07-19 09:30:59,29,34,594,602
2023-07-19 09:31:00,29,31,594,602
2023-07-19 09:31:00,29,30,594,602
2023-07-19 09:31:02,29,30,944,952
2023-07-19 09:31:03,29,30,1344,1352
2023-07-19 09:31:04,29,30,1744,1752
2023-07-19 09:31:05,29,30,2144,2152
2023-07-19 09:31:06,29,30,2544,2552
2023-07-19 09:31:07,29,34,2944,2952
2023-07-19 09:31:08,30,34,2944,2952
2023-07-19 09:31:09,31,34,2944,2952
2023-07-19 09:31:10,30,34,2944,2952
2023-07-19 09:31:10,29,34,2944,2952
2023-07-19 09:31:11,28,34,2939,2963
2023-07-19 09:31:14,28,33,2939,2963
2023-07-19 09:31:15,28,32,2939,2963
2023-07-19 09:31:19,28,32,2539,3363
2023-07-19 09:31:20,28,30,2539,3363
2023-07-19 09:31:24,28,29,2539,3363
2023-07-19 09:31:25,28,29,2139,3763
2023-07-19 09:31:26,27,29,1739,4163
2023-07-19 09:31:27,28,29,1739,4163
2023-07-19 09:31:27,27,28,1339,4563
2023-07-19 09:31:28,27,29,1339,4663
2023-07-19 09:31:29,28,29,1339,4663
2023-07-19 09:31:29,28,29,1239,4763
2023-07-19 09:31:31,28,30,1350,5063
2023-07-19 09:31:33,28,29,1350,5063
2023-07-19 09:31:34,28,30,1700,5413
2023-07-19 09:31:34,28,29,1700,5413
2023-07-19 09:31:34,28,29,1630,5483
2023-07-19 09:31:42,29,30,1630,5484
2023-07-19 09:31:52,28,30,1630,5484
2023-07-19 09:31:55,29,30,1630,5484
2023-07-19 09:32:12,29,30,1990,5884
2023-07-19 09:32:15,29,31,1990,5884
2023-07-19 09:32:15,29,30,1990,5884
2023-07-19 09:32:20,29,30,2390,6284
2023-07-19 09:32:21,29,31,2390,6284
2023-07-19 09:32:22,29,31,2790,6684
2023-07-19 09:32:23,29,32,2990,6884
2023-07-19 09:32:27,30,32,2990,6884
2023-07-19 09:32:33,29,32,2990,6884
2023-07-19 09:32:49,30,32,2990,6884
2023-07-19 09:32:50,29,32,2990,6884
2023-07-19 09:32:56,29,33,2990,6884
2023-07-19 09:33:16,29,34,2990,6884
2023-07-19 09:33:21,30,34,2990,6884
2023-07-19 09:33:22,31,34,2990,6884
2023-07-19 09:33:30,30,34,2990,6884
2023-07-19 09:33:33,31,34,2990,6884
2023-07-19 09:33:48,30,34,2990,6884
2023-07-19 09:33:51,31,34,2990,6884
2023-07-19 09:33:52,30,34,2990,6884
2023-07-19 09:33:56,31,34,2990,6884
2023-07-19 09:34:02,31,33,2990,6884
2023-07-19 09:34:06,31,35,2990,6884
2023-07-19 09:34:06,31,32,2990,6884
2023-07-19 09:34:09,31,35,2990,6884
2023-07-19 09:34:09,31,33,2990,6884
2023-07-19 09:34:11,31,35,2990,6884
2023-07-19 09:34:11,31,32,2990,6884
2023-07-19 09:34:12,31,34,3040,6934
2023-07-19 09:34:12,31,35,3040,6934
2023-07-19 09:34:12,31,33,3040,6934
2023-07-19 09:34:13,32,33,3040,6934
2023-07-19 09:34:14,32,35,3190,7084
2023-07-19 09:34:15,32,34,3190,7084
2023-07-19 09:34:15,32,35,3190,7084
2023-07-19 09:34:16,32,33,3190,7084
2023-07-19 09:34:28,32,35,3290,7184
2023-07-19 09:34:32,32,33,3290,7184
2023-07-19 09:34:37,32,35,3290,7184
2023-07-19 09:34:37,32,33,3290,7184
2023-07-19 09:34:45,32,34,3391,7285
2023-07-19 09:34:54,32,33,3391,7285
2023-07-19 09:34:58,32,34,3492,7386
2023-07-19 09:35:02,32,33,3492,7386
2023-07-19 09:35:05,32,34,3492,7386
2023-07-19 09:35:06,32,33,3492,7386
2023-07-19 09:35:44,32,34,3543,7437
2023-07-19 09:35:46,32,33,3543,7437
2023-07-19 09:37:19,31,32,3543,7439
2023-07-19 09:38:10,32,33,3544,7440
2023-07-19 09:38:16,31,33,3544,7440
2023-07-19 09:38:41,32,33,3544,7440
2023-07-19 09:38:52,31,33,3544,7440
2023-07-19 09:38:56,31,32,3544,7440
2023-07-19 09:38:59,31,33,3744,7640
2023-07-19 09:39:05,31,34,3744,7640
2023-07-19 09:39:05,31,33,3744,7640
2023-07-19 09:39:21,31,32,3744,7640
2023-07-19 09:40:34,30,31,3744,7643
2023-07-19 09:40:35,29,31,3591,7796
2023-07-19 09:40:36,29,31,3389,8196
2023-07-19 09:40:37,29,30,3389,8196
2023-07-19 09:40:37,28,30,3389,8248
2023-07-19 09:40:38,28,31,3389,8248
2023-07-19 09:40:38,28,29,3389,8248
2023-07-19 09:40:39,28,30,2989,8648
2023-07-19 09:40:39,28,30,2589,9048
2023-07-19 09:40:40,28,30,2189,9448
2023-07-19 09:40:41,28,29,2080,9848
2023-07-19 09:40:42,28,29,2080,10248
2023-07-19 09:40:47,28,30,2080,10248
2023-07-19 09:40:56,28,30,2079,10454
2023-07-19 09:41:19,28,29,2079,10454
2023-07-19 09:41:23,27,28,2081,10456
2023-07-19 09:41:25,27,28,2332,10856
2023-07-19 09:41:26,27,28,2683,11256
2023-07-19 09:41:27,27,28,3083,11656
2023-07-19 09:41:28,27,29,3083,11656
2023-07-19 09:41:28,27,29,3283,11906
2023-07-19 09:41:29,26,29,3483,12106
2023-07-19 09:41:30,26,29,3883,12506
2023-07-19 09:41:35,26,28,3883,12506
2023-07-19 09:41:36,26,28,3883,12856
2023-07-19 09:41:37,26,29,3883,12856
2023-07-19 09:41:37,26,28,3883,12856
2023-07-19 09:41:37,26,27,3883,12856
2023-07-19 09:41:40,26,28,4083,13056
2023-07-19 09:41:43,26,29,4083,13056
2023-07-19 09:41:49,26,28,4083,13056
2023-07-19 09:41:50,26,29,4083,13056
2023-07-19 09:41:51,26,28,4083,13056
2023-07-19 09:42:05,27,28,4083,13056
2023-07-19 09:42:08,26,28,4083,13056
2023-07-19 09:42:08,27,28,4083,13056
2023-07-19 09:42:32,28,29,4082,13057
2023-07-19 09:42:34,28,29,3682,13457
2023-07-19 09:42:35,28,29,3282,13857
2023-07-19 09:42:36,28,30,2926,14213
2023-07-19 09:42:37,28,30,2526,14613
2023-07-19 09:42:39,29,30,2526,14613
2023-07-19 09:42:46,29,30,2226,15013
2023-07-19 09:42:47,29,30,2225,15413
2023-07-19 09:42:48,29,30,2225,15813
2023-07-19 09:42:49,29,31,2439,16213
2023-07-19 09:42:50,29,31,2839,16613
2023-07-19 09:42:51,29,31,3238,17013
2023-07-19 09:42:52,29,32,3488,17263
2023-07-19 09:42:55,30,32,3488,17263
2023-07-19 09:42:56,31,32,3488,17263
2023-07-19 09:42:57,31,32,3739,17514
2023-07-19 09:42:58,31,33,3739,17741
2023-07-19 09:42:58,31,32,3739,17741
2023-07-19 09:43:01,30,32,3739,17741
2023-07-19 09:43:02,31,32,3739,17741
2023-07-19 09:43:17,29,32,3740,17743
2023-07-19 09:43:25,29,31,3740,17743
2023-07-19 09:43:26,28,31,3490,17994
2023-07-19 09:43:27,28,31,3091,18394
2023-07-19 09:43:28,28,30,3091,18394
2023-07-19 09:43:28,28,30,2691,18794
2023-07-19 09:43:29,28,30,2291,19194
2023-07-19 09:43:29,28,29,2291,19194
2023-07-19 09:43:30,28,29,2000,19594
2023-07-19 09:43:31,28,29,2199,19994
2023-07-19 09:43:32,28,29,2250,20244
2023-07-19 09:43:33,27,28,2251,20245
2023-07-19 09:43:34,27,28,2352,20645
2023-07-19 09:43:35,27,28,2752,21045
2023-07-19 09:43:36,27,28,3152,21445
2023-07-19 09:43:37,27,28,3552,21845
2023-07-19 09:43:38,27,28,3802,22195
2023-07-19 09:43:39,26,28,3802,22195
2023-07-19 09:43:39,26,27,3802,22195
2023-07-19 09:43:42,26,27,4002,22395
2023-07-19 09:43:43,26,29,4002,22395
2023-07-19 09:43:43,27,29,4002,22395
2023-07-19 09:43:44,26,29,4002,22395
2023-07-19 09:43:45,27,29,4002,22395
2023-07-19 09:43:46,26,29,4002,22395
2023-07-19 09:43:47,27,29,4002,22395
2023-07-19 09:43:49,26,29,4002,22395
2023-07-19 09:43:52,27,29,4002,22395
2023-07-19 09:44:01,28,29,4002,22395
2023-07-19 09:44:03,28,30,3801,22596
2023-07-19 09:44:04,29,30,3801,22596
2023-07-19 09:44:07,29,30,3401,22996
2023-07-19 09:44:15,29,30,3001,23396
2023-07-19 09:44:16,29,30,2601,23796
2023-07-19 09:44:40,29,30,2201,24196
2023-07-19 09:44:43,29,31,2100,24297
2023-07-19 09:44:44,30,31,2100,24297
2023-07-19 09:45:07,30,31,1999,24697
2023-07-19 09:45:08,30,32,1999,25097
2023-07-19 09:45:10,30,31,1999,25097
2023-07-19 09:45:11,30,31,2191,25497
2023-07-19 09:45:12,30,32,2191,25497
2023-07-19 09:46:55,31,32,2191,25497
2023-07-19 09:47:08,31,33,2191,25498
2023-07-19 09:47:09,32,33,2191,25498
2023-07-19 09:47:10,32,33,2590,25898
2023-07-19 09:47:11,32,33,2990,26298
2023-07-19 09:47:12,32,34,3390,26698
2023-07-19 09:47:13,32,33,3390,26698
2023-07-19 09:48:34,32,34,3390,26698
2023-07-19 09:48:35,32,35,3431,26739
2023-07-19 09:49:00,32,34,3431,26739
2023-07-19 09:49:25,33,34,3431,26739
2023-07-19 09:49:33,32,34,3431,26739
2023-07-19 09:49:48,33,34,3431,26739
2023-07-19 09:49:51,33,35,3431,26739
2023-07-19 09:51:05,33,36,3743,27051
2023-07-19 09:51:06,35,36,3743,27051
2023-07-19 09:51:08,34,36,3743,27051
2023-07-19 09:51:14,35,36,3743,27051
2023-07-19 09:51:27,34,36,3743,27051
2023-07-19 09:51:29,34,35,3743,27051
2023-07-19 09:52:06,35,36,3744,27052
2023-07-19 09:52:09,34,36,3744,27052
2023-07-19 09:52:10,35,36,3744,27052
2023-07-19 09:52:14,34,36,3744,27052
2023-07-19 09:52:20,35,36,3744,27052
2023-07-19 09:52:26,34,36,3744,27052
2023-07-19 09:52:28,35,36,3744,27052
2023-07-19 09:52:31,34,36,3744,27052
2023-07-19 09:52:39,35,36,3744,27052
2023-07-19 09:52:47,34,36,3744,27052
2023-07-19 09:52:59,35,36,3744,27052
2023-07-19 09:53:37,35,36,3744,27102
2023-07-19 09:53:40,34,36,3544,27302
2023-07-19 09:53:42,34,35,3544,27302
2023-07-19 09:55:37,35,36,3545,27303
2023-07-19 09:55:57,34,36,3545,27303
2023-07-19 09:56:04,35,36,3545,27303
2023-07-19 09:56:07,34,36,3545,27303
2023-07-19 09:56:08,34,37,3696,27454
2023-07-19 09:56:08,34,36,3696,27454
2023-07-19 09:56:14,35,36,3696,27454
2023-07-19 09:57:20,34,36,3696,27454
2023-07-19 09:57:40,35,36,3696,27454
2023-07-19 09:57:41,34,36,3696,27454
2023-07-19 09:57:49,35,36,3696,27454
2023-07-19 09:57:59,34,36,3696,27454
2023-07-19 09:58:05,35,36,3696,27454
2023-07-19 09:58:06,34,36,3696,27454
2023-07-19 09:58:08,35,36,3696,27454
2023-07-19 09:58:09,34,36,3695,27555
2023-07-19 09:58:16,35,36,3695,27555
2023-07-19 09:58:17,34,36,3695,27555
2023-07-19 09:59:17,34,36,4095,27955
2023-07-19 10:00:02,34,37,4346,28206
2023-07-19 10:00:17,35,37,4346,28206
2023-07-19 10:00:25,35,36,4346,28206
2023-07-19 10:00:39,35,37,4447,28307
2023-07-19 10:00:42,35,36,4447,28307
2023-07-19 10:02:56,35,36,4447,28507
2023-07-19 10:03:38,35,37,4648,28708
2023-07-19 10:03:55,35,36,4648,28708
2023-07-19 10:08:50,36,37,4649,28709
2023-07-19 10:09:21,37,38,4750,28810
2023-07-19 10:10:13,37,38,4950,29010
2023-07-19 10:10:19,37,38,5250,29310
2023-07-19 10:10:27,37,38,5350,29410
2023-07-19 10:11:51,37,38,5550,29610
2023-07-19 10:11:57,37,38,5552,29612
2023-07-19 10:13:24,38,39,5653,29713
2023-07-19 10:15:58,39,40,5654,29714
2023-07-19 10:17:28,39,40,5654,30064
2023-07-19 10:17:39,39,40,5754,30164
2023-07-19 10:17:59,39,40,5854,30264
2023-07-19 10:18:11,39,40,6054,30464
2023-07-19 10:18:31,38,39,6296,30756
2023-07-19 10:18:37,38,40,6296,30756
2023-07-19 10:18:37,38,39,6296,30756
2023-07-19 10:18:44,38,40,6296,30756
2023-07-19 10:18:44,38,39,6296,30756
2023-07-19 10:25:04,37,39,6298,30759
2023-07-19 10:25:07,36,39,6298,30759
2023-07-19 10:25:23,38,39,6298,30759
2023-07-19 10:25:52,39,40,6299,30760
2023-07-19 10:25:52,39,40,6399,30860
2023-07-19 10:25:55,39,40,6403,30864
2023-07-19 10:26:41,39,40,6503,30964
2023-07-19 10:26:47,39,40,6511,30972
2023-07-19 10:26:47,38,40,6511,30972
2023-07-19 10:27:34,39,40,6511,30972
2023-07-19 10:28:07,40,41,6679,31140
2023-07-19 10:28:16,40,41,6879,31340
2023-07-19 10:28:32,40,41,6883,31344
2023-07-19 10:28:39,40,41,6885,31346
2023-07-19 10:30:24,41,42,6886,31347
2023-07-19 10:31:14,41,43,6886,31347
2023-07-19 10:31:20,41,42,6886,31347
2023-07-19 10:31:27,41,43,6886,31347
2023-07-19 10:31:27,41,43,6886,31697
2023-07-19 10:31:37,41,42,6886,31697
2023-07-19 10:31:49,41,42,6886,32047
2023-07-19 10:31:52,41,42,6886,32397
2023-07-19 10:34:42,42,43,6836,32448
2023-07-19 10:34:52,41,43,6836,32448
2023-07-19 10:35:08,43,44,6836,32699
2023-07-19 10:35:09,43,44,6740,33049
2023-07-19 10:35:24,43,44,6740,33399
2023-07-19 10:35:26,42,44,6740,33448
2023-07-19 10:35:33,42,43,6740,33448
2023-07-19 10:35:49,41,42,6739,33449
2023-07-19 10:35:51,41,43,6739,33449
2023-07-19 10:36:05,41,42,6739,33449
2023-07-19 10:36:12,41,43,6739,33449
2023-07-19 10:36:18,41,42,6739,33449
2023-07-19 10:36:56,42,43,6740,33450
2023-07-19 10:37:40,42,43,6790,33500
2023-07-19 10:37:43,42,43,6792,33502
2023-07-19 10:38:27,41,43,6792,33824
2023-07-19 10:38:38,40,43,6792,33826
2023-07-19 10:38:45,40,42,6792,33826
2023-07-19 10:39:37,41,42,6792,33826
2023-07-19 10:39:42,40,42,6792,33826
2023-07-19 10:40:29,40,43,6837,33871
2023-07-19 10:40:29,40,42,6837,33871
2023-07-19 10:40:38,40,41,6837,33871
2023-07-19 10:41:10,39,41,6837,33875
2023-07-19 10:41:14,39,41,6837,33877
2023-07-19 10:41:31,38,41,6837,33880
2023-07-19 10:41:32,38,40,6837,33880
2023-07-19 10:41:34,38,41,6837,33880
2023-07-19 10:41:35,39,41,6837,33880
2023-07-19 10:41:36,39,41,6837,33882
2023-07-19 10:41:37,39,40,6837,33882
2023-07-19 10:41:39,39,41,6837,33882
2023-07-19 10:41:41,39,40,6837,33882
2023-07-19 10:41:42,37,40,6837,33882
2023-07-19 10:41:42,38,40,6837,33882
2023-07-19 10:41:54,39,40,6837,33882
2023-07-19 10:41:57,39,40,7237,34282
2023-07-19 10:42:01,38,40,7237,34282
2023-07-19 10:42:17,38,39,7237,34282
2023-07-19 10:42:17,37,39,7237,34284
2023-07-19 10:42:18,37,38,7237,34284
2023-07-19 10:42:20,37,40,7237,34284
2023-07-19 10:42:21,37,39,7237,34284
2023-07-19 10:42:22,37,40,7237,34284
2023-07-19 10:42:22,37,38,7237,34284
2023-07-19 10:42:23,37,40,7237,34284
2023-07-19 10:42:23,37,40,7237,34285
2023-07-19 10:42:25,37,39,7237,34285
2023-07-19 10:42:31,38,39,7237,34285
2023-07-19 10:42:35,37,39,7237,34285
2023-07-19 10:43:01,37,38,7237,34285
2023-07-19 10:43:01,36,38,7237,34285
2023-07-19 10:43:04,36,39,7237,34285
2023-07-19 10:43:06,36,38,7237,34285
2023-07-19 10:43:08,36,39,7237,34285
2023-07-19 10:43:12,36,38,7237,34285
2023-07-19 10:43:13,36,37,7237,34285
2023-07-19 10:43:14,35,37,7237,34288
2023-07-19 10:43:24,35,38,7237,34288
2023-07-19 10:43:24,35,37,7237,34288
2023-07-19 10:43:26,35,37,7237,34292
2023-07-19 10:43:27,34,37,7237,34292
2023-07-19 10:43:27,36,37,7237,34292
2023-07-19 10:43:28,34,37,6951,34578
2023-07-19 10:44:28,34,36,6951,34578
2023-07-19 10:44:34,33,36,6952,34581
2023-07-19 10:44:34,33,35,6952,34581
2023-07-19 10:44:36,33,36,6952,34581
2023-07-19 10:44:36,33,37,6952,34581
2023-07-19 10:44:36,33,36,6952,34581
2023-07-19 10:44:41,34,36,6952,34581
2023-07-19 10:44:42,33,36,6952,34581
2023-07-19 10:44:43,34,36,6952,34581
2023-07-19 10:44:47,33,36,6952,34831
2023-07-19 10:44:48,33,35,6952,34831
2023-07-19 10:44:50,34,35,6952,34831
2023-07-19 10:44:51,33,35,6952,35081
2023-07-19 10:44:53,32,35,6951,35331
2023-07-19 10:44:53,33,35,6951,35331
2023-07-19 10:44:57,33,34,6951,35331
2023-07-19 10:45:00,33,35,6951,35331
2023-07-19 10:45:01,33,34,6951,35331
2023-07-19 10:45:16,33,35,6951,35331
2023-07-19 10:45:20,35,36,6951,35332
2023-07-19 10:45:27,35,37,6201,36083
2023-07-19 10:45:34,34,37,6201,36083
2023-07-19 10:45:36,34,36,6201,36083
2023-07-19 10:46:08,34,35,6201,36083
2023-07-19 10:46:09,33,35,6200,36334
2023-07-19 10:46:10,32,35,6199,36585
2023-07-19 10:46:10,32,34,6199,36585
2023-07-19 10:46:10,33,34,6199,36585
2023-07-19 10:46:16,33,35,6199,36585
2023-07-19 10:46:17,33,34,6199,36585
2023-07-19 10:46:25,34,35,6200,36586
2023-07-19 10:47:07,35,36,6201,36587
2023-07-19 10:47:09,36,37,6202,36588
2023-07-19 10:47:34,36,37,6302,36688
2023-07-19 10:47:51,36,37,6303,37088
2023-07-19 10:47:52,36,38,6303,37189
2023-07-19 10:48:25,36,39,6554,37440
2023-07-19 10:48:46,36,38,6554,37440
2023-07-19 10:48:50,36,37,6554,37440
2023-07-19 10:49:50,36,38,6554,37440
2023-07-19 10:49:50,37,38,6554,37440
2023-07-19 10:50:22,37,39,6554,37440
2023-07-19 10:50:23,38,39,6554,37440
2023-07-19 10:50:52,38,39,6556,37442
2023-07-19 10:50:53,37,39,6556,37442
2023-07-19 10:50:59,37,39,6556,37446
2023-07-19 10:51:35,36,39,6308,37694
2023-07-19 10:51:40,35,39,6307,37945
2023-07-19 10:51:40,35,38,6307,37945
2023-07-19 10:51:40,36,38,6307,37945
2023-07-19 10:51:41,35,38,6307,38195
2023-07-19 10:51:42,35,38,6157,38595
2023-07-19 10:51:43,35,37,6157,38595
2023-07-19 10:51:43,35,37,6006,38995
2023-07-19 10:51:44,35,36,6006,38995
2023-07-19 10:51:45,34,35,6006,38996
2023-07-19 10:51:53,34,35,5906,39096
2023-07-19 10:51:54,33,35,5905,39347
2023-07-19 10:51:59,34,35,5905,39347
2023-07-19 10:52:09,34,36,5905,39347
2023-07-19 10:52:22,33,36,5905,39347
2023-07-19 10:52:22,34,36,5905,39347
2023-07-19 10:52:25,33,36,5905,39347
2023-07-19 10:52:28,33,35,5905,39347
2023-07-19 10:52:33,34,35,5905,39347
2023-07-19 10:52:40,33,35,5905,39347
2023-07-19 10:52:43,33,34,5905,39347
2023-07-19 10:53:39,33,34,5573,39680
2023-07-19 10:53:44,33,35,5573,39680
2023-07-19 10:53:45,33,34,5573,39680
2023-07-19 10:53:50,33,35,5473,39781
2023-07-19 10:54:04,34,35,5473,39781
2023-07-19 10:54:13,34,36,5373,39882
2023-07-19 10:54:15,34,35,5373,39882
2023-07-19 10:54:16,33,35,5373,39882
2023-07-19 10:54:16,33,36,5173,40082
2023-07-19 10:54:21,33,37,5200,40283
2023-07-19 10:54:22,33,36,5200,40283
2023-07-19 10:54:27,33,37,5200,40283
2023-07-19 10:54:27,33,36,5200,40283
2023-07-19 10:54:33,34,36,5200,40283
2023-07-19 10:54:34,35,36,5200,40283
2023-07-19 10:54:34,37,38,5200,40285
2023-07-19 10:54:35,34,38,5200,40285
2023-07-19 10:54:35,38,39,5200,40286
2023-07-19 10:54:44,38,39,5192,40295
2023-07-19 10:54:46,38,40,5192,40295
2023-07-19 10:54:47,39,40,5192,40295
2023-07-19 10:54:49,39,40,4893,40595
2023-07-19 10:54:49,39,40,4699,40995
2023-07-19 10:54:49,39,41,4699,40995
2023-07-19 10:54:49,40,41,4699,40995
2023-07-19 10:54:50,40,42,4700,41207
2023-07-19 10:54:50,39,42,4700,41207
2023-07-19 10:54:50,40,42,4700,41207
2023-07-19 10:54:51,40,43,4968,41508
2023-07-19 10:54:52,40,43,4968,41514
2023-07-19 10:54:52,40,42,4968,41514
2023-07-19 10:54:52,39,42,4968,41514
2023-07-19 10:54:52,40,42,4968,41514
2023-07-19 10:54:55,40,43,5218,41764
2023-07-19 10:54:55,40,42,5218,41764
2023-07-19 10:54:56,40,43,5468,42014
2023-07-19 10:54:56,41,43,5468,42014
2023-07-19 10:54:57,41,43,5468,42045
2023-07-19 10:54:57,42,43,5468,42045
2023-07-19 10:55:04,42,44,5682,42259
2023-07-19 10:55:13,43,44,5682,42259
2023-07-19 10:55:15,42,44,5782,42379
2023-07-19 10:55:26,42,43,5782,42379
2023-07-19 10:55:48,43,44,5783,42380
2023-07-19 10:56:01,42,44,5783,42380
2023-07-19 10:57:00,42,43,5783,42380
2023-07-19 10:57:06,42,43,5783,42730
2023-07-19 10:57:14,42,43,5383,43130
2023-07-19 10:57:15,41,43,5151,43362
2023-07-19 10:57:28,42,43,5151,43362
2023-07-19 10:57:29,41,43,5151,43362
2023-07-19 10:58:04,41,42,5151,43362
2023-07-19 10:58:08,41,43,5151,43362
2023-07-19 10:58:23,41,42,5151,43362
2023-07-19 10:58:35,41,43,5151,43362
2023-07-19 10:59:33,41,42,5151,43362
2023-07-19 11:00:36,42,43,5152,43363
2023-07-19 11:00:40,41,43,5152,43363
2023-07-19 11:00:47,41,42,5152,43363
2023-07-19 11:00:48,41,43,5152,43363
2023-07-19 11:01:07,42,43,5152,43363
2023-07-19 11:01:11,41,43,5152,43363
2023-07-19 11:01:24,42,43,5152,43363
2023-07-19 11:01:25,41,43,5152,43363
2023-07-19 11:01:34,42,43,5152,43363
2023-07-19 11:01:36,41,43,5152,43363
2023-07-19 11:02:04,41,42,5152,43363
2023-07-19 11:02:05,41,43,5152,43363
2023-07-19 11:02:22,42,43,5152,43363
2023-07-19 11:02:26,41,43,5152,43363
2023-07-19 11:03:11,41,42,5152,43363
2023-07-19 11:03:17,41,43,5152,43363
2023-07-19 11:03:25,41,43,5250,43463
2023-07-19 11:03:25,41,42,5250,43463
2023-07-19 11:03:25,41,43,5250,43463
2023-07-19 11:03:26,41,42,5250,43463
2023-07-19 11:03:26,41,43,5250,43463
2023-07-19 11:03:35,40,43,5250,43463
2023-07-19 11:03:39,40,42,5250,43463
2023-07-19 11:03:47,41,42,5250,43463
2023-07-19 11:03:49,41,43,5250,43463
2023-07-19 11:03:50,40,43,5250,43463
2023-07-19 11:04:27,40,44,5551,43764
2023-07-19 11:04:27,41,44,5551,43764
2023-07-19 11:04:28,41,43,5551,43764
2023-07-19 11:05:00,42,43,5551,43764
2023-07-19 11:05:01,41,43,5551,43764
2023-07-19 11:05:03,42,43,5551,43764
2023-07-19 11:05:05,41,43,5551,43764
2023-07-19 11:06:09,42,43,5551,43764
2023-07-19 11:06:13,42,44,5802,44015
2023-07-19 11:06:20,41,44,5802,44015
2023-07-19 11:06:22,42,44,5802,44015
2023-07-19 11:06:23,41,44,5802,44015
2023-07-19 11:06:23,41,43,5802,44015
2023-07-19 11:06:24,42,43,5802,44015
2023-07-19 11:06:29,41,42,5798,44019
2023-07-19 11:06:34,41,43,5798,44019
2023-07-19 11:07:46,40,43,5798,44019
2023-07-19 11:07:50,41,43,5798,44019
2023-07-19 11:07:59,40,43,5798,44019
2023-07-19 11:08:01,41,43,5798,44019
2023-07-19 11:08:02,42,43,5798,44019
2023-07-19 11:08:07,42,43,5801,44022
2023-07-19 11:08:15,42,43,5806,44027
2023-07-19 11:08:20,41,43,5806,44027
2023-07-19 11:08:22,40,43,5806,44027
2023-07-19 11:08:24,40,43,5806,44028
2023-07-19 11:08:24,41,43,5806,44028
2023-07-19 11:08:25,40,43,5806,44028
2023-07-19 11:08:28,41,43,5806,44028
2023-07-19 11:08:41,40,43,5806,44028
2023-07-19 11:08:48,41,43,5806,44028
2023-07-19 11:08:49,42,43,5806,44028
2023-07-19 11:08:51,42,43,5808,44030
2023-07-19 11:08:55,41,43,5808,44030
2023-07-19 11:09:01,40,43,5808,44030
2023-07-19 11:09:03,40,42,5808,44030
2023-07-19 11:09:07,40,41,5808,44030
2023-07-19 11:09:07,39,41,5808,44030
2023-07-19 11:09:07,41,42,5708,44130
2023-07-19 11:09:19,39,42,5708,44130
2023-07-19 11:09:19,40,42,5708,44130
2023-07-19 11:09:23,41,42,5708,44130
2023-07-19 11:09:35,40,42,5708,44130
2023-07-19 11:09:39,40,43,5708,44130
2023-07-19 11:09:43,41,43,5708,44130
2023-07-19 11:09:46,42,43,5708,44130
2023-07-19 11:09:48,41,43,5708,44130
2023-07-19 11:09:50,40,43,5708,44130
2023-07-19 11:09:55,41,43,5708,44130
2023-07-19 11:10:12,40,43,5708,44130
2023-07-19 11:10:13,41,43,5708,44130
2023-07-19 11:10:58,40,43,5708,44130
2023-07-19 11:11:00,40,42,5708,44130
2023-07-19 11:11:04,40,43,5708,44130
2023-07-19 11:11:58,39,43,5708,44130
2023-07-19 11:12:08,39,43,5708,44131
2023-07-19 11:12:12,40,43,5708,44131
2023-07-19 11:12:13,40,42,5708,44131
2023-07-19 11:12:17,41,42,5708,44131
2023-07-19 11:12:19,41,42,5758,44181
2023-07-19 11:12:19,41,42,5770,44193
2023-07-19 11:12:28,40,41,5808,44231
2023-07-19 11:12:42,40,42,5808,44231
2023-07-19 11:12:42,40,41,5808,44231
2023-07-19 11:12:47,40,42,6208,44631
2023-07-19 11:12:50,38,42,6208,44631
2023-07-19 11:12:51,38,41,6208,44631
2023-07-19 11:12:52,38,40,6208,44631
2023-07-19 11:12:55,38,39,6208,44631
2023-07-19 11:13:12,37,39,6208,44649
2023-07-19 11:13:14,37,38,6208,44649
2023-07-19 11:13:17,37,39,6208,44649
2023-07-19 11:13:20,36,39,6208,44649
2023-07-19 11:13:23,37,39,6208,44649
2023-07-19 11:13:25,37,39,6208,44657
2023-07-19 11:14:10,36,39,6208,44657
2023-07-19 11:14:10,38,39,6208,44657
2023-07-19 11:14:11,36,39,6208,44657
2023-07-19 11:14:11,37,39,6208,44657
2023-07-19 11:14:12,36,39,5833,45032
2023-07-19 11:14:23,36,38,5833,45032
2023-07-19 11:15:12,35,38,5833,45032
2023-07-19 11:15:59,35,37,5833,45032
2023-07-19 11:16:00,35,36,5833,45032
2023-07-19 11:16:01,34,35,5831,45034
2023-07-19 11:16:06,34,36,5831,45034
2023-07-19 11:16:09,34,36,5831,45035
2023-07-19 11:16:18,34,35,5831,45035
2023-07-19 11:16:21,33,35,5831,45037
2023-07-19 11:16:52,32,35,5830,45288
2023-07-19 11:16:52,34,35,5830,45288
2023-07-19 11:16:52,32,35,5830,45288
2023-07-19 11:16:52,33,35,5830,45288
2023-07-19 11:16:53,32,35,5830,45538
2023-07-19 11:16:54,33,35,5830,45538
2023-07-19 11:16:55,32,35,5830,45788
2023-07-19 11:16:56,32,35,5430,46188
2023-07-19 11:16:57,32,34,5430,46188
2023-07-19 11:16:58,32,33,5430,46188
2023-07-19 11:16:59,32,34,5230,46538
2023-07-19 11:17:01,32,35,5130,46638
2023-07-19 11:17:04,32,34,5130,46638
2023-07-19 11:17:05,32,33,5130,46638
2023-07-19 11:17:05,32,35,5182,46838
2023-07-19 11:17:06,32,34,5182,46838
2023-07-19 11:17:06,32,34,5433,47238
2023-07-19 11:17:07,32,33,5433,47238
2023-07-19 11:17:08,32,35,5633,47438
2023-07-19 11:17:08,32,33,5633,47438
2023-07-19 11:17:10,32,35,5933,47738
2023-07-19 11:17:10,32,33,5933,47738
2023-07-19 11:17:11,32,33,5933,48138
2023-07-19 11:17:12,32,33,5933,48538
2023-07-19 11:17:13,31,33,6183,48788
2023-07-19 11:17:14,32,33,6183,48788
2023-07-19 11:17:15,31,33,6183,48888
2023-07-19 11:17:16,31,34,6383,49089
2023-07-19 11:17:18,31,34,6733,49439
2023-07-19 11:17:20,32,34,7083,49789
2023-07-19 11:17:22,32,34,7433,50139
2023-07-19 11:17:24,32,35,7583,50289
2023-07-19 11:17:27,32,34,7583,50289
2023-07-19 11:17:35,32,35,7784,50490
2023-07-19 11:17:37,32,34,7784,50490
2023-07-19 11:17:42,33,34,7784,50490
2023-07-19 11:17:45,33,35,7784,50490
2023-07-19 11:17:59,33,34,7784,50490
2023-07-19 11:18:01,33,35,7784,50490
2023-07-19 11:18:02,34,35,7784,50490
2023-07-19 11:18:08,33,35,7784,50490
2023-07-19 11:18:18,33,34,7784,50490
2023-07-19 11:18:42,32,34,7784,50490
2023-07-19 11:18:43,32,33,7784,50490
2023-07-19 11:20:02,33,34,7784,50491
2023-07-19 11:20:06,34,35,7784,50492
2023-07-19 11:20:17,34,36,7784,50693
2023-07-19 11:20:20,33,36,7784,50693
2023-07-19 11:20:23,34,36,7784,50693
2023-07-19 11:21:21,35,36,7784,50693
2023-07-19 11:21:23,34,36,7784,50693
2023-07-19 11:21:51,34,37,8085,50994
2023-07-19 11:21:57,35,37,8085,50994
2023-07-19 11:21:59,36,37,8085,50994
2023-07-19 11:22:06,35,37,8085,50994
2023-07-19 11:22:11,34,37,8085,50994
2023-07-19 11:22:22,35,37,8085,50994
2023-07-19 11:23:27,36,37,8085,50994
2023-07-19 11:23:36,35,37,8085,50994
2023-07-19 11:23:36,36,37,8085,50994
2023-07-19 11:23:50,37,38,8085,50995
2023-07-19 11:23:51,38,39,8085,50996
2023-07-19 11:24:22,38,40,8085,50996
2023-07-19 11:24:25,38,40,7686,51396
2023-07-19 11:24:26,38,40,7286,51796
2023-07-19 11:24:27,39,40,7286,51796
2023-07-19 11:24:27,39,40,6886,52196
2023-07-19 11:24:28,39,41,6835,52247
2023-07-19 11:24:29,39,42,6835,52498
2023-07-19 11:24:30,39,43,6835,52749
2023-07-19 11:24:30,39,41,6835,52749
2023-07-19 11:24:31,40,41,6835,52749
2023-07-19 11:24:31,40,41,6835,52999
2023-07-19 11:24:32,40,42,6835,53249
2023-07-19 11:24:33,39,42,6835,53249
2023-07-19 11:24:51,39,42,6835,53249
2023-07-19 11:24:52,40,42,6835,53249
2023-07-19 11:24:53,39,42,6835,53249
2023-07-19 11:24:56,39,41,6835,53249
2023-07-19 11:25:33,38,41,6835,53249
2023-07-19 11:25:33,37,41,6835,53249
2023-07-19 11:25:33,38,41,6835,53249
2023-07-19 11:25:49,38,41,6835,53649
2023-07-19 11:25:50,38,41,6835,54049
2023-07-19 11:25:51,37,41,6835,54249
2023-07-19 11:25:51,37,40,6835,54249
2023-07-19 11:25:58,37,39,6835,54249
2023-07-19 11:25:59,37,38,6835,54249
2023-07-19 11:26:01,36,38,7085,54500
2023-07-19 11:26:05,35,38,7335,54751
2023-07-19 11:26:06,34,38,7585,55002
2023-07-19 11:26:06,35,38,7585,55002
2023-07-19 11:26:07,35,37,7585,55002
2023-07-19 11:26:09,35,36,7585,55002
2023-07-19 11:26:15,35,37,7585,55002
2023-07-19 11:26:24,34,37,7585,55002
2023-07-19 11:26:32,34,36,7585,55002
2023-07-19 11:26:33,33,36,7835,55253
2023-07-19 11:26:37,34,36,7835,55253
2023-07-19 11:26:42,34,37,7835,55253
2023-07-19 11:26:46,34,38,7835,55253
2023-07-19 11:26:53,34,37,7835,55253
2023-07-19 11:26:54,34,36,7835,55253
2023-07-19 11:27:08,34,36,7835,55653
2023-07-19 11:27:25,34,37,7835,55854
2023-07-19 11:28:31,34,36,7835,55854
2023-07-19 11:28:38,34,37,7835,55854
2023-07-19 11:28:48,34,36,7835,55854
2023-07-19 11:28:50,34,37,7835,55854
2023-07-19 11:28:54,34,36,7835,55854
2023-07-19 11:28:56,34,37,7835,55854
2023-07-19 11:28:56,34,36,7835,55854
2023-07-19 11:29:56,34,37,7835,55854
2023-07-19 11:30:44,35,37,7835,55854
2023-07-19 11:30:45,36,37,7835,55854
2023-07-19 11:30:48,35,37,7835,55854
2023-07-19 11:30:49,34,37,7835,55854
2023-07-19 11:30:52,35,37,7835,55854
2023-07-19 11:30:53,36,37,7835,55854
2023-07-19 11:30:55,35,37,7835,55854
2023-07-19 11:30:59,34,37,7835,55854
2023-07-19 11:31:08,35,37,7835,55854
2023-07-19 11:31:18,36,37,7835,55854
2023-07-19 11:31:23,35,36,7832,55857
2023-07-19 11:31:39,35,36,7832,55858
2023-07-19 11:31:43,34,36,7832,55858
2023-07-19 11:31:44,34,35,7832,55858
2023-07-19 11:31:45,33,35,7832,55959
2023-07-19 11:31:46,34,35,7832,55959
2023-07-19 11:31:49,34,36,7832,55959
2023-07-19 11:31:59,35,36,7832,55959
2023-07-19 11:32:04,34,36,7832,55959
2023-07-19 11:32:08,35,36,7832,55959
2023-07-19 11:32:09,36,37,7832,55960
2023-07-19 11:32:11,35,37,7832,55960
2023-07-19 11:32:12,35,36,7832,55960
2023-07-19 11:32:13,34,36,7832,55960
2023-07-19 11:32:14,35,36,7832,55960
2023-07-19 11:32:17,35,37,7832,55960
2023-07-19 11:32:18,35,36,7832,55960
2023-07-19 11:33:25,34,36,7832,55960
2023-07-19 11:33:43,34,35,7832,55960
2023-07-19 11:33:45,34,36,7832,55960
2023-07-19 11:33:47,34,35,7832,55960
2023-07-19 11:34:30,33,34,7831,55961
2023-07-19 11:34:34,33,35,7831,55961
2023-07-19 11:34:39,33,34,7831,55961
2023-07-19 11:34:42,33,35,7831,55961
2023-07-19 11:34:44,33,34,7831,55961
2023-07-19 11:36:12,34,35,7831,55962
2023-07-19 11:36:55,33,35,7831,55962
2023-07-19 11:36:55,33,34,7831,55962
2023-07-19 11:37:00,33,35,7831,55962
2023-07-19 11:37:02,34,35,7831,55962
2023-07-19 11:37:35,35,36,7831,55963
2023-07-19 11:37:37,34,36,7831,55963
2023-07-19 11:37:38,35,36,7831,55963
2023-07-19 11:40:01,36,37,7831,55964
2023-07-19 11:40:01,36,38,7833,55976
2023-07-19 11:40:02,35,38,7433,56376
2023-07-19 11:40:04,36,38,7433,56376
2023-07-19 11:40:04,35,38,7033,56776
2023-07-19 11:40:16,36,38,7033,56776
2023-07-19 11:40:27,35,38,6847,56962
2023-07-19 11:41:21,36,38,6847,56962
2023-07-19 11:43:18,36,39,6847,56962
2023-07-19 11:43:27,37,39,6847,56962
2023-07-19 11:43:44,38,39,6847,56962
2023-07-19 11:43:45,39,40,6847,56963
2023-07-19 11:43:45,38,39,6847,57062
2023-07-19 11:43:46,38,40,6847,57312
2023-07-19 11:43:47,39,40,6847,57312
2023-07-19 11:43:47,39,40,6847,57712
2023-07-19 11:43:48,38,40,6847,57712
2023-07-19 11:43:48,38,40,6847,58112
2023-07-19 11:43:49,39,40,6847,58112
2023-07-19 11:43:50,40,41,6847,58113
2023-07-19 11:43:51,39,41,6748,58212
2023-07-19 11:43:53,38,41,6748,58212
2023-07-19 11:43:53,39,41,6748,58212
2023-07-19 11:43:59,40,41,6748,58212
2023-07-19 11:44:00,41,42,6748,58463
2023-07-19 11:44:02,40,42,6548,58663
2023-07-19 11:44:02,41,42,6548,58663
2023-07-19 11:44:04,40,42,6470,58763
2023-07-19 11:44:09,41,42,6470,58763
2023-07-19 11:44:09,40,42,6470,58863
2023-07-19 11:44:10,41,42,6470,58863
2023-07-19 11:44:10,40,42,6570,58963
2023-07-19 11:44:16,40,42,6570,58963
2023-07-19 11:44:16,40,41,6570,58963
2023-07-19 11:44:18,40,42,6570,58963
2023-07-19 11:44:19,41,42,6570,58963
2023-07-19 11:44:20,42,43,6571,58964
2023-07-19 11:44:23,40,43,6921,59364
2023-07-19 11:44:24,40,44,6972,59415
2023-07-19 11:44:25,40,44,7372,59815
2023-07-19 11:44:30,40,44,7772,60215
2023-07-19 11:44:31,41,44,7772,60215
2023-07-19 11:44:32,42,44,7772,60215
2023-07-19 11:44:33,43,44,7772,60215
2023-07-19 11:44:33,43,45,7772,60215
2023-07-19 11:44:33,43,44,7772,60215
2023-07-19 11:44:34,40,44,7772,60215
2023-07-19 11:44:34,40,45,8072,60515
2023-07-19 11:44:47,40,44,8072,60515
2023-07-19 11:44:47,40,43,8072,60515
2023-07-19 11:44:55,40,45,8072,60515
2023-07-19 11:44:55,40,44,8072,60515
2023-07-19 11:44:55,40,43,8072,60515
2023-07-19 11:45:05,40,42,8072,60515
2023-07-19 11:45:09,40,41,8072,60515
2023-07-19 11:45:39,39,41,8072,60515
2023-07-19 11:45:51,38,41,8067,60520
2023-07-19 11:45:52,38,41,7667,60920
2023-07-19 11:45:54,38,40,7667,60920
2023-07-19 11:46:37,37,40,7662,60925
2023-07-19 11:46:45,37,40,7262,61325
2023-07-19 11:46:46,37,39,7262,61325
2023-07-19 11:46:46,38,39,7262,61325
2023-07-19 11:46:47,38,39,6862,61725
2023-07-19 11:46:48,37,39,6711,61876
2023-07-19 11:46:49,37,38,6711,61876
2023-07-19 11:46:50,36,38,6711,62126
2023-07-19 11:46:51,36,37,6711,62126
2023-07-19 11:46:54,36,38,6711,62126
2023-07-19 11:46:56,36,39,6711,62126
2023-07-19 11:47:04,37,39,6711,62126
2023-07-19 11:47:05,36,39,6798,62376
2023-07-19 11:47:08,37,39,6798,62376
2023-07-19 11:47:09,36,39,7048,62626
2023-07-19 11:47:23,35,39,7048,62626
2023-07-19 11:47:23,35,38,7048,62626
2023-07-19 11:47:27,35,37,7048,62626
2023-07-19 11:47:49,35,37,7298,63026
2023-07-19 11:47:51,35,38,7399,63127
2023-07-19 11:47:55,36,38,7399,63127
2023-07-19 11:47:56,37,38,7399,63127
2023-07-19 11:48:03,36,38,7399,63127
2023-07-19 11:48:06,35,38,7399,63127
2023-07-19 11:48:15,36,38,7399,63127
2023-07-19 11:48:16,35,38,7399,63127
2023-07-19 11:48:33,35,37,7399,63127
2023-07-19 11:48:34,35,38,7399,63127
2023-07-19 11:48:45,36,38,7399,63127
2023-07-19 11:48:48,35,38,7399,63127
2023-07-19 11:48:48,36,38,7399,63127
2023-07-19 11:48:55,35,38,7399,63127
2023-07-19 11:49:10,35,37,7399,63127
2023-07-19 11:49:13,35,38,7399,63127
2023-07-19 11:49:24,35,37,7399,63127
2023-07-19 11:50:05,35,36,7399,63127
2023-07-19 11:50:07,35,36,7399,63477
2023-07-19 11:50:31,34,35,7398,63478
2023-07-19 11:50:33,34,36,7398,63478
2023-07-19 11:50:34,34,35,7398,63478
2023-07-19 11:50:41,34,36,7398,63478
2023-07-19 11:50:42,34,35,7398,63478
2023-07-19 11:50:44,35,36,7398,63579
2023-07-19 11:50:51,34,36,7398,63579
2023-07-19 11:50:51,34,36,7399,63912
2023-07-19 11:50:53,35,36,7399,63912
2023-07-19 11:50:57,35,37,7399,64229
2023-07-19 11:52:55,35,38,7400,64230
2023-07-19 11:53:14,35,37,7400,64230
2023-07-19 11:53:18,35,38,7400,64230
2023-07-19 11:53:25,35,37,7400,64230
2023-07-19 11:53:26,35,38,7400,64230
2023-07-19 11:54:09,35,37,7400,64230
2023-07-19 11:54:24,35,37,7400,64430
2023-07-19 11:54:50,36,37,7400,64430
2023-07-19 11:54:57,35,37,7400,64430
2023-07-19 11:54:59,36,37,7400,64430
2023-07-19 11:56:13,36,38,7481,64511
2023-07-19 11:56:17,37,38,7481,64511
2023-07-19 11:56:17,37,39,7481,64511
2023-07-19 11:56:29,38,39,7481,64511
2023-07-19 11:56:40,38,40,7481,64511
2023-07-19 11:56:40,38,41,7481,64511
2023-07-19 11:56:40,39,41,7481,64511
2023-07-19 11:56:48,40,41,7481,64511
2023-07-19 11:56:49,41,42,7481,64512
2023-07-19 11:57:05,41,43,7481,64763
2023-07-19 11:57:05,40,43,7481,64763
2023-07-19 11:57:05,40,42,7481,64763
2023-07-19 11:57:06,40,43,7481,65013
2023-07-19 11:57:06,40,42,7481,65013
2023-07-19 11:57:07,40,43,7481,65263
2023-07-19 11:57:08,41,43,7481,65263
2023-07-19 11:57:09,42,43,7481,65263
2023-07-19 11:57:13,42,44,7547,65514
2023-07-19 11:57:17,41,44,7547,65514
2023-07-19 11:57:18,40,44,7547,65514
2023-07-19 11:57:19,41,44,7547,65514
2023-07-19 11:58:59,42,44,7547,65514
2023-07-19 11:59:00,41,44,7547,65514
2023-07-19 11:59:59,41,43,7547,65514
2023-07-19 12:00:00,41,44,7547,65564
2023-07-19 12:00:13,41,43,7547,65564
2023-07-19 12:03:33,39,40,7547,65567
2023-07-19 12:03:33,37,40,7547,65567
2023-07-19 12:03:34,37,42,7547,65567
2023-07-19 12:03:34,36,42,7547,65567
2023-07-19 12:03:34,38,42,7547,65567
2023-07-19 12:03:34,38,39,7547,65567
2023-07-19 12:03:34,36,39,7547,65567
2023-07-19 12:03:35,36,42,7547,65567
2023-07-19 12:03:35,37,42,7547,65567
2023-07-19 12:03:35,37,39,7547,65567
2023-07-19 12:03:35,38,39,7547,65567
2023-07-19 12:03:36,38,42,7547,65567
2023-07-19 12:03:36,38,39,7547,65567
2023-07-19 12:03:37,37,39,7547,65567
2023-07-19 12:03:37,36,39,7547,65567
2023-07-19 12:03:37,36,41,7547,65567
2023-07-19 12:03:37,36,40,7547,65567
2023-07-19 12:03:37,36,38,7547,65567
2023-07-19 12:03:38,37,38,7547,65567
2023-07-19 12:03:38,37,41,7547,65567
2023-07-19 12:03:38,37,39,7547,65567
2023-07-19 12:03:39,37,42,7547,65567
2023-07-19 12:03:39,37,39,7547,65567
2023-07-19 12:03:40,38,39,7547,65567
2023-07-19 12:03:41,38,42,7547,65567
2023-07-19 12:03:41,38,40,7547,65567
2023-07-19 12:03:47,37,40,7547,65567
2023-07-19 12:03:47,37,42,7547,65567
2023-07-19 12:03:47,36,42,7547,65567
2023-07-19 12:03:47,36,41,7547,65567
2023-07-19 12:03:47,36,39,7547,65567
2023-07-19 12:03:47,37,39,7547,65567
2023-07-19 12:03:48,37,42,7547,65567
2023-07-19 12:03:48,37,39,7547,65567
2023-07-19 12:03:48,36,39,7547,65567
2023-07-19 12:03:48,36,42,7547,65567
2023-07-19 12:03:49,36,39,7547,65567
2023-07-19 12:03:49,36,40,7547,65567
2023-07-19 12:03:49,36,37,7547,65567
2023-07-19 12:03:51,36,39,7547,65567
2023-07-19 12:03:51,35,36,7547,65569
2023-07-19 12:03:52,35,39,7547,65569
2023-07-19 12:03:52,35,38,7547,65569
2023-07-19 12:03:52,35,36,7547,65569
2023-07-19 12:03:52,33,36,7547,65582
2023-07-19 12:03:54,33,34,7547,65582
2023-07-19 12:03:55,33,37,7547,65582
2023-07-19 12:03:55,33,35,7547,65582
2023-07-19 12:03:56,34,35,7547,65582
2023-07-19 12:03:56,34,38,7547,65582
2023-07-19 12:03:56,34,36,7547,65582
2023-07-19 12:03:58,34,39,7547,65582
2023-07-19 12:03:58,34,36,7547,65582
2023-07-19 12:03:58,35,36,7547,65582
2023-07-19 12:03:59,35,36,7547,65583
2023-07-19 12:03:59,34,36,7547,65583
2023-07-19 12:03:59,35,36,7547,65583
2023-07-19 12:03:59,36,37,7547,65784
2023-07-19 12:04:00,36,37,7197,66134
2023-07-19 12:04:00,35,37,7197,66134
2023-07-19 12:04:01,36,37,7197,66134
2023-07-19 12:04:01,37,38,7197,66135
2023-07-19 12:04:02,36,38,7197,66135
2023-07-19 12:04:02,36,38,7197,66138
2023-07-19 12:04:02,38,39,7197,66139
2023-07-19 12:04:02,36,39,7197,66139
2023-07-19 12:04:02,37,39,7197,66139
2023-07-19 12:04:03,37,40,7197,66139
2023-07-19 12:04:04,36,40,7197,66139
2023-07-19 12:04:04,35,40,7197,66139
2023-07-19 12:04:04,35,39,7197,66139
2023-07-19 12:04:05,36,39,7197,66139
2023-07-19 12:04:09,36,38,7197,66139
2023-07-19 12:04:09,35,38,7197,66139
2023-07-19 12:04:10,35,37,7197,66139
2023-07-19 12:04:11,36,37,7197,66139
2023-07-19 12:04:12,34,35,7197,66141
2023-07-19 12:04:14,35,38,7197,66239
2023-07-19 12:04:14,35,37,7197,66239
2023-07-19 12:04:19,35,38,7197,66239
2023-07-19 12:04:19,35,37,7197,66239
2023-07-19 12:04:21,34,37,7197,66239
2023-07-19 12:04:21,34,38,7197,66239
2023-07-19 12:04:21,34,36,7197,66239
2023-07-19 12:04:24,34,37,7197,66239
2023-07-19 12:04:24,34,36,7197,66239
2023-07-19 12:04:26,34,35,7197,66239
2023-07-19 12:04:30,33,34,7197,66240
2023-07-19 12:04:33,32,33,7197,66429
2023-07-19 12:04:34,31,32,7197,66430
2023-07-19 12:04:36,31,34,7197,66430
2023-07-19 12:04:36,31,33,7197,66430
2023-07-19 12:04:38,31,32,7197,66430
2023-07-19 12:04:39,31,32,7197,66630
2023-07-19 12:04:39,31,34,7197,66630
2023-07-19 12:04:39,31,33,7197,66630
2023-07-19 12:04:40,32,33,7197,66630
2023-07-19 12:04:40,32,34,7197,66630
2023-07-19 12:04:41,33,34,7197,66630
2023-07-19 12:04:41,33,35,7197,66630
2023-07-19 12:04:42,33,35,7197,66631
2023-07-19 12:04:42,33,35,7197,66632
2023-07-19 12:04:42,33,34,7197,66632
2023-07-19 12:04:45,34,35,7197,66633
2023-07-19 12:04:46,35,36,7197,66634
2023-07-19 12:04:49,36,37,7197,66835
2023-07-19 12:04:54,36,38,7197,66978
2023-07-19 12:04:54,37,38,7197,66978
2023-07-19 12:05:02,37,38,7397,67178
2023-07-19 12:05:03,36,37,7397,67180
2023-07-19 12:05:05,35,36,7396,67181
2023-07-19 12:05:24,34,35,7395,67182
2023-07-19 12:05:29,34,35,7395,67187
2023-07-19 12:05:30,33,35,7395,67187
2023-07-19 12:05:30,33,34,7395,67187
2023-07-19 12:05:39,33,34,7395,67197
2023-07-19 12:05:41,32,33,7394,67198
2023-07-19 12:05:44,32,33,7394,67202
2023-07-19 12:05:49,33,34,7197,67400
2023-07-19 12:05:52,34,35,7197,67401
2023-07-19 12:05:53,33,35,7197,67401
2023-07-19 12:05:58,34,35,7197,67401
2023-07-19 12:06:03,35,36,7197,67402
2023-07-19 12:06:04,36,37,7147,67453
2023-07-19 12:06:05,35,37,7147,67453
2023-07-19 12:06:05,36,37,7147,67453
2023-07-19 12:06:09,35,37,7147,67453
2023-07-19 12:06:12,34,37,7147,67453
2023-07-19 12:06:14,34,36,7147,67453
2023-07-19 12:06:20,35,36,7147,67453
2023-07-19 12:06:20,35,37,7147,67453
2023-07-19 12:06:22,36,37,7147,67453
2023-07-19 12:06:22,36,37,7148,67454
2023-07-19 12:06:28,37,38,7148,67455
2023-07-19 12:06:33,36,38,7148,67655
2023-07-19 12:06:33,35,38,7148,67655
2023-07-19 12:06:34,35,37,7148,67655
2023-07-19 12:06:39,35,38,7148,67655
2023-07-19 12:06:39,35,37,7148,67655
2023-07-19 12:06:40,35,36,7148,67655
2023-07-19 12:06:41,35,37,7148,67655
2023-07-19 12:06:41,35,38,7148,67655
2023-07-19 12:06:41,35,37,7148,67655
2023-07-19 12:06:43,35,38,7148,67655
2023-07-19 12:06:43,35,37,7148,67655
2023-07-19 12:06:43,35,36,7148,67655
2023-07-19 12:07:01,34,36,7147,67656
2023-07-19 12:07:02,34,35,7147,67656
2023-07-19 12:07:28,33,34,7147,67659
2023-07-19 12:07:37,33,35,7147,67659
2023-07-19 12:07:39,34,35,7147,67659
2023-07-19 12:07:40,33,35,7147,67659
2023-07-19 12:07:45,33,34,7147,67659
2023-07-19 12:08:08,32,33,7147,67660
2023-07-19 12:08:12,32,34,7147,67660
2023-07-19 12:08:21,32,33,7147,67660
2023-07-19 12:08:23,32,34,7147,67660
2023-07-19 12:08:25,32,33,7147,67660
2023-07-19 12:08:27,32,34,7147,67660
2023-07-19 12:08:28,33,34,7147,67660
2023-07-19 12:08:54,33,35,7147,67660
2023-07-19 12:09:04,32,35,7147,67660
2023-07-19 12:09:04,32,34,7147,67660
2023-07-19 12:09:09,32,33,7147,67660
2023-07-19 12:09:19,32,34,7147,67660
2023-07-19 12:09:25,33,34,7147,67660
2023-07-19 12:09:25,33,35,7147,67660
2023-07-19 12:09:27,33,34,7147,67660
2023-07-19 12:09:28,34,35,7147,67661
2023-07-19 12:09:29,33,35,7147,67661
2023-07-19 12:09:29,34,35,7147,67661
2023-07-19 12:09:30,33,35,7147,67661
2023-07-19 12:09:31,34,35,7147,67661
2023-07-19 12:09:32,33,35,7147,67661
2023-07-19 12:09:34,34,35,7147,67661
2023-07-19 12:09:42,35,36,7147,67662
2023-07-19 12:09:47,36,37,7147,67663
2023-07-19 12:09:48,35,37,7147,67663
2023-07-19 12:09:49,36,37,7147,67663
2023-07-19 12:09:54,35,37,7147,67663
2023-07-19 12:10:03,34,37,7147,67663
2023-07-19 12:10:04,35,37,7147,67663
2023-07-19 12:10:06,34,37,7147,67663
2023-07-19 12:10:06,35,37,7147,67663
2023-07-19 12:10:07,34,37,7147,67663
2023-07-19 12:10:09,35,37,7147,67663
2023-07-19 12:10:29,35,38,7147,67663
2023-07-19 12:10:50,36,38,7147,67663
2023-07-19 12:10:51,35,38,7147,67663
2023-07-19 12:11:01,35,37,7147,67663
2023-07-19 12:11:10,35,36,7147,67663
2023-07-19 12:11:14,35,37,7147,67663
2023-07-19 12:11:16,35,36,7147,67663
2023-07-19 12:11:17,34,35,7146,67664
2023-07-19 12:11:19,34,37,7146,67664
2023-07-19 12:11:21,35,37,7146,67664
2023-07-19 12:11:26,35,36,7146,67664
2023-07-19 12:11:28,35,37,7146,67664
2023-07-19 12:11:31,34,37,7146,67664
2023-07-19 12:11:32,35,37,7146,67664
2023-07-19 12:11:33,34,37,7146,67664
2023-07-19 12:11:34,35,37,7146,67664
2023-07-19 12:11:35,34,37,7146,67664
2023-07-19 12:11:36,35,37,7146,67664
2023-07-19 12:11:38,34,37,7146,67664
2023-07-19 12:11:39,34,36,7146,67664
2023-07-19 12:11:40,35,36,7146,67664
2023-07-19 12:11:42,34,37,7146,67664
2023-07-19 12:11:46,34,36,7146,67664
2023-07-19 12:11:50,34,35,7146,67664
2023-07-19 12:11:56,34,37,7146,67664
2023-07-19 12:11:58,34,36,7146,67664
2023-07-19 12:12:00,34,37,7146,67664
2023-07-19 12:12:01,35,37,7146,67664
2023-07-19 12:12:08,36,37,7146,67664
2023-07-19 12:12:20,36,38,7146,67664
2023-07-19 12:12:22,35,38,7146,67664
2023-07-19 12:12:27,36,38,7146,67664
2023-07-19 12:12:33,37,38,7146,67664
2023-07-19 12:12:34,37,39,7146,67664
2023-07-19 12:12:37,36,39,7146,67664
2023-07-19 12:12:43,35,39,7146,67664
2023-07-19 12:12:46,35,38,7146,67664
2023-07-19 12:12:53,35,37,7146,67664
2023-07-19 12:12:54,34,37,7146,67664
2023-07-19 12:12:54,34,36,7146,67664
2023-07-19 12:12:56,34,37,7146,67664
2023-07-19 12:12:57,35,37,7146,67664
2023-07-19 12:13:00,34,37,7146,67664
2023-07-19 12:13:02,35,37,7146,67664
2023-07-19 12:13:09,36,37,7146,67664
2023-07-19 12:13:13,35,37,7146,67664
2023-07-19 12:13:17,34,37,7146,67664
2023-07-19 12:13:20,35,37,7146,67664
2023-07-19 12:13:24,36,37,7146,67664
2023-07-19 12:13:33,36,38,7146,67664
2023-07-19 12:13:37,37,38,7146,67664
2023-07-19 12:13:46,38,39,7147,67665
2023-07-19 12:13:50,37,39,7147,67665
2023-07-19 12:13:51,37,40,7147,67665
2023-07-19 12:13:52,37,39,7147,67665
2023-07-19 12:13:53,37,40,7147,67665
2023-07-19 12:14:13,38,40,7147,67665
2023-07-19 12:14:17,37,40,7147,67665
2023-07-19 12:14:27,38,40,7147,67665
2023-07-19 12:14:35,39,40,7147,67665
2023-07-19 12:14:35,38,40,7147,67665
2023-07-19 12:14:37,39,40,7147,67665
2023-07-19 12:14:38,38,40,7147,67665
2023-07-19 12:14:38,40,41,7148,67666
2023-07-19 12:14:39,38,41,7148,67666
2023-07-19 12:14:39,37,41,7148,67666
2023-07-19 12:14:41,38,41,7148,67666
2023-07-19 12:14:47,37,41,7148,67666
2023-07-19 12:14:53,38,41,7148,67666
2023-07-19 12:14:54,37,41,7148,67666
2023-07-19 12:14:56,37,40,7148,67666
2023-07-19 12:14:58,37,39,7148,67666
2023-07-19 12:14:59,37,40,7148,67666
2023-07-19 12:15:08,37,41,7148,67666
2023-07-19 12:15:10,38,41,7148,67666
2023-07-19 12:15:11,39,41,7148,67666
2023-07-19 12:15:12,40,41,7148,67666
2023-07-19 12:15:16,40,41,7148,67669
2023-07-19 12:15:17,39,41,7148,67669
2023-07-19 12:15:18,39,42,7148,67669
2023-07-19 12:15:19,40,42,7148,67669
2023-07-19 12:15:20,41,42,7148,67669
2023-07-19 12:15:22,41,42,7148,67672
2023-07-19 12:15:22,39,42,7148,67672
2023-07-19 12:15:23,40,42,7148,67672
2023-07-19 12:15:23,39,42,7148,67672
2023-07-19 12:15:29,40,42,7148,67672
2023-07-19 12:15:43,41,42,7148,67672
2023-07-19 12:15:45,42,43,7149,67673
2023-07-19 12:15:46,41,43,7149,67673
2023-07-19 12:15:46,41,44,7400,67974
2023-07-19 12:15:48,42,44,7400,67974
2023-07-19 12:15:49,41,44,7400,67974
2023-07-19 12:15:49,43,44,7400,67974
2023-07-19 12:15:49,43,44,7400,67979
2023-07-19 12:15:50,41,44,7400,67979
2023-07-19 12:15:51,42,44,7400,67979
2023-07-19 12:15:52,42,45,7646,68225
2023-07-19 12:15:52,42,44,7646,68225
2023-07-19 12:15:54,40,44,7646,68225
2023-07-19 12:15:54,43,44,7646,68225
2023-07-19 12:15:57,40,44,7646,68225
2023-07-19 12:15:57,41,44,7646,68225
2023-07-19 12:15:58,42,44,7646,68225
2023-07-19 12:15:59,42,45,7896,68475
2023-07-19 12:15:59,43,44,7896,68475
2023-07-19 12:16:02,41,44,7896,68475
2023-07-19 12:16:03,41,45,7897,68526
2023-07-19 12:16:06,42,45,7897,68526
2023-07-19 12:16:07,41,45,7897,68526
2023-07-19 12:16:09,42,45,7897,68526
2023-07-19 12:16:10,43,45,7897,68526
2023-07-19 12:16:11,44,45,7897,68526
2023-07-19 12:16:14,44,45,7910,68926
2023-07-19 12:16:21,41,45,7910,68926
2023-07-19 12:16:23,42,45,7910,68926
2023-07-19 12:16:24,41,45,7910,68926
2023-07-19 12:16:24,41,44,7910,68926
2023-07-19 12:16:25,41,45,7910,68926
2023-07-19 12:16:25,42,45,7910,68926
2023-07-19 12:16:28,41,45,7910,68926
2023-07-19 12:16:28,42,45,7910,68926
2023-07-19 12:16:28,43,45,7910,68926
2023-07-19 12:16:33,43,45,7892,68944
2023-07-19 12:16:50,43,45,7885,68951
2023-07-19 12:16:51,44,45,7885,68951
2023-07-19 12:16:56,44,45,7869,68967
2023-07-19 12:16:58,44,45,7869,68968
2023-07-19 12:17:00,43,45,7869,68968
2023-07-19 12:17:03,43,46,7895,69066
2023-07-19 12:17:04,45,46,7895,69066
2023-07-19 12:17:05,46,47,7896,69067
2023-07-19 12:17:06,46,47,7896,69117
2023-07-19 12:17:13,43,47,7896,69117
2023-07-19 12:17:13,44,47,7896,69117
2023-07-19 12:17:20,44,48,7897,69131
2023-07-19 12:17:21,45,48,7897,69131
2023-07-19 12:17:48,45,47,7897,69131
2023-07-19 12:17:50,45,48,7997,69231
2023-07-19 12:18:09,45,47,7997,69231
2023-07-19 12:18:14,45,48,7997,69231
2023-07-19 12:18:14,45,47,7997,69231
2023-07-19 12:18:19,45,48,7997,69231
2023-07-19 12:18:19,45,46,7997,69231
2023-07-19 12:18:31,45,47,7997,69231
2023-07-19 12:18:36,45,48,7997,69231
2023-07-19 12:18:36,45,47,7997,69231
2023-07-19 12:18:58,44,45,7997,69233
2023-07-19 12:19:33,43,45,7997,69260
2023-07-19 12:19:47,44,45,7997,69260
2023-07-19 12:19:50,43,45,7997,69260
2023-07-19 12:19:55,43,45,8004,69267
2023-07-19 12:20:52,43,46,7954,69400
2023-07-19 12:21:06,44,46,7954,69400
2023-07-19 12:21:20,44,47,7954,69400
2023-07-19 12:21:22,45,47,7954,69400
2023-07-19 12:21:31,44,47,7954,69400
2023-07-19 12:21:31,46,47,7954,69400
2023-07-19 12:21:46,45,47,7954,69400
2023-07-19 12:21:46,47,48,7954,69401
2023-07-19 12:21:47,47,48,7930,69426
2023-07-19 12:21:48,45,48,7930,69426
2023-07-19 12:21:48,46,48,7930,69426
2023-07-19 12:21:50,46,48,7930,69726
2023-07-19 12:21:51,45,48,7930,69726
2023-07-19 12:21:51,47,48,7930,69726
2023-07-19 12:21:52,47,48,7924,69732
2023-07-19 12:21:53,46,48,7924,69732
2023-07-19 12:21:55,47,48,7924,69732
2023-07-19 12:21:59,46,48,7924,69732
2023-07-19 12:21:59,46,48,7919,69737
2023-07-19 12:22:00,46,49,7920,69803
2023-07-19 12:22:21,47,49,7920,69803
2023-07-19 12:23:08,47,49,7920,69813
2023-07-19 12:23:08,47,48,7920,69814
2023-07-19 12:23:08,47,49,7920,69814
2023-07-19 12:23:09,47,48,7920,69823
2023-07-19 12:23:09,47,49,7920,69823
2023-07-19 12:23:09,47,48,7920,69823
2023-07-19 12:23:10,47,48,7920,70023
2023-07-19 12:23:10,47,48,7920,70223
2023-07-19 12:23:10,47,49,7920,70223
2023-07-19 12:23:11,47,48,7920,70223
2023-07-19 12:23:11,46,48,7920,70266
2023-07-19 12:23:11,46,49,7920,70266
2023-07-19 12:23:18,46,48,7920,70266
2023-07-19 12:23:18,46,49,7920,70266
2023-07-19 12:23:18,46,49,7917,70270
2023-07-19 12:23:19,46,48,7917,70270
2023-07-19 12:23:20,46,49,7917,70270
2023-07-19 12:23:20,46,48,7917,70270
2023-07-19 12:23:22,46,49,7917,70270
2023-07-19 12:23:22,46,49,8116,70470
2023-07-19 12:23:23,46,48,8116,70470
2023-07-19 12:23:28,46,47,8116,70470
2023-07-19 12:23:28,46,48,8116,70470
2023-07-19 12:23:38,45,48,8167,70522
2023-07-19 12:23:39,46,48,8167,70522
2023-07-19 12:24:35,46,48,8168,70527
2023-07-19 12:24:40,46,48,8168,70530
2023-07-19 12:24:57,45,48,8168,70530
2023-07-19 12:25:09,45,48,8168,70533
2023-07-19 12:25:27,45,47,8168,70533
2023-07-19 12:25:27,45,48,8168,70533
2023-07-19 12:25:27,45,47,8168,70533
2023-07-19 12:25:30,45,47,8168,70536
2023-07-19 12:25:37,45,47,8168,70542
2023-07-19 12:25:44,45,46,8168,70542
2023-07-19 12:25:45,45,47,8168,70542
2023-07-19 12:25:45,45,46,8168,70542
2023-07-19 12:25:47,45,47,8168,70542
2023-07-19 12:25:48,45,46,8168,70542
2023-07-19 12:25:52,45,48,8168,70542
2023-07-19 12:25:52,45,47,8168,70542
2023-07-19 12:25:53,45,47,8168,70549
2023-07-19 12:27:08,44,47,8168,70550
2023-07-19 12:27:41,44,46,8168,70550
2023-07-19 12:29:15,44,46,8168,70553
2023-07-19 12:30:32,44,46,8168,70556
2023-07-19 12:30:33,44,45,8168,70556
2023-07-19 12:30:48,44,45,8168,70563
2023-07-19 12:30:51,43,45,8168,70563
2023-07-19 12:31:06,42,45,8168,70566
2023-07-19 12:31:15,42,44,8168,70566
2023-07-19 12:31:19,42,45,8168,70566
2023-07-19 12:31:20,42,44,8168,70566
2023-07-19 12:31:26,42,44,8168,70572
2023-07-19 12:31:38,42,43,8168,70572
2023-07-19 12:31:39,42,44,8168,70572
2023-07-19 12:31:39,42,45,8168,70572
2023-07-19 12:31:39,42,44,8168,70572
2023-07-19 12:31:40,41,42,8168,70573
2023-07-19 12:31:43,41,42,8180,70585
2023-07-19 12:31:58,41,42,8184,70589
2023-07-19 12:32:12,41,43,8418,70823
2023-07-19 12:33:11,41,45,8420,71030
2023-07-19 12:33:12,42,45,8420,71030
2023-07-19 12:33:13,41,45,8420,71030
2023-07-19 12:33:13,43,45,8420,71030
2023-07-19 12:33:14,44,45,8420,71030
2023-07-19 12:33:17,43,45,8420,71030
2023-07-19 12:37:15,41,45,8753,71363
2023-07-19 12:37:15,42,45,8753,71363
2023-07-19 12:37:38,42,44,8753,71363
2023-07-19 12:37:39,42,45,9006,71616
2023-07-19 12:37:50,43,45,9006,71616
2023-07-19 12:41:45,44,45,9006,71616
2023-07-19 12:42:37,44,46,9225,71835
2023-07-19 12:43:56,45,46,9225,71835
2023-07-19 12:44:10,45,47,9225,71835
2023-07-19 12:45:34,44,47,9225,71835
2023-07-19 12:45:34,46,47,9225,71835
2023-07-19 12:45:45,46,47,9225,71896
2023-07-19 12:46:19,46,48,9225,71896
2023-07-19 12:46:28,45,48,9225,72085
2023-07-19 12:46:44,44,48,9225,72085
2023-07-19 12:46:58,45,48,9225,72085
2023-07-19 12:47:09,44,48,9225,72085
2023-07-19 12:48:24,45,48,9225,72085
2023-07-19 12:48:30,44,48,9225,72085
2023-07-19 12:49:00,45,48,9225,72085
2023-07-19 12:49:02,44,48,9225,72085
2023-07-19 12:49:10,45,48,9225,72085
2023-07-19 12:49:39,44,48,9225,72085
2023-07-19 12:49:56,45,48,9225,72085
2023-07-19 12:50:06,44,48,9225,72085
2023-07-19 12:50:16,44,47,9225,72085
2023-07-19 12:50:22,44,48,9225,72085
2023-07-19 12:50:33,45,48,9225,72085
2023-07-19 12:54:42,45,46,9225,72085
2023-07-19 12:54:43,45,48,9503,72363
2023-07-19 13:01:22,48,49,9754,72614
2023-07-19 13:04:52,47,49,9953,72813
2023-07-19 13:05:33,47,48,9953,72813
2023-07-19 13:05:37,47,49,9953,72813
2023-07-19 13:05:37,47,48,9953,72813
2023-07-19 13:05:55,46,47,9953,72814
2023-07-19 13:06:03,45,47,9953,72814
2023-07-19 13:06:03,44,47,9953,72814
2023-07-19 13:06:03,45,47,9953,72814
2023-07-19 13:06:04,45,46,9953,72814
2023-07-19 13:06:07,45,47,9953,72814
2023-07-19 13:06:07,45,46,9953,72814
2023-07-19 13:06:21,46,47,9953,72815
2023-07-19 13:06:48,45,47,9953,72815
2023-07-19 13:06:53,45,46,9953,72815
2023-07-19 13:07:02,45,47,9953,72815
2023-07-19 13:07:02,45,47,9953,72915
2023-07-19 13:07:03,45,46,9953,72915
2023-07-19 13:07:10,46,47,9954,72916
2023-07-19 13:07:10,46,47,9955,72917
2023-07-19 13:07:21,46,47,9955,73017
2023-07-19 13:07:51,45,47,9955,73017
2023-07-19 13:07:56,45,46,9955,73017
2023-07-19 13:08:03,45,47,9955,73017
2023-07-19 13:08:03,45,46,9955,73017
2023-07-19 13:08:05,44,45,9955,73019
2023-07-19 13:08:24,43,44,9955,73021
2023-07-19 13:08:28,43,45,9955,73021
2023-07-19 13:08:28,43,44,9955,73021
2023-07-19 13:08:33,43,45,9955,73021
2023-07-19 13:08:33,43,44,9955,73021
2023-07-19 13:08:37,42,44,9949,73027
2023-07-19 13:08:52,42,43,9949,73027
2023-07-19 13:08:57,42,44,9949,73027
2023-07-19 13:08:59,41,44,9949,73075
2023-07-19 13:09:08,41,45,10833,73959
2023-07-19 13:09:08,42,45,10833,73959
2023-07-19 13:09:10,42,44,10833,73959
2023-07-19 13:09:10,41,44,10833,73959
2023-07-19 13:09:10,41,43,10833,73959
2023-07-19 13:09:12,41,44,10833,73959
2023-07-19 13:09:12,41,43,10833,73959
2023-07-19 13:09:14,41,44,11384,74510
2023-07-19 13:09:18,42,44,11384,74510
2023-07-19 13:09:19,42,45,11384,74510
2023-07-19 13:09:19,42,44,11384,74510
2023-07-19 13:09:19,42,43,11384,74510
2023-07-19 13:09:22,42,46,11384,74510
2023-07-19 13:09:22,42,44,11384,74510
2023-07-19 13:09:22,43,44,11384,74510
2023-07-19 13:09:46,44,45,11384,74511
2023-07-19 13:10:26,45,46,11384,74512
2023-07-19 13:10:38,46,47,11385,74513
2023-07-19 13:10:39,45,47,11385,74513
2023-07-19 13:10:51,46,47,11385,74513
2023-07-19 13:11:26,47,48,11386,74514
2023-07-19 13:11:31,46,48,11386,74514
2023-07-19 13:11:52,46,47,11386,74514
2023-07-19 13:11:58,46,48,11386,74514
2023-07-19 13:11:58,45,46,11386,74515
2023-07-19 13:13:02,46,47,11386,74517
2023-07-19 13:13:28,47,48,11387,74518
2023-07-19 13:13:30,46,48,11387,74518
2023-07-19 13:13:39,47,48,11387,74518
2023-07-19 13:13:40,46,48,11387,74518
2023-07-19 13:13:43,46,47,11387,74518
2023-07-19 13:14:02,46,48,11387,74518
2023-07-19 13:14:28,47,48,11387,74518
2023-07-19 13:14:30,46,48,11387,74518
2023-07-19 13:14:37,47,48,11387,74518
2023-07-19 13:14:43,48,49,11388,74519
2023-07-19 13:14:46,47,49,11388,74519
2023-07-19 13:14:58,48,49,11388,74519
2023-07-19 13:14:59,47,49,11388,74519
2023-07-19 13:15:00,48,49,11388,74519
2023-07-19 13:15:02,47,48,11488,74619
2023-07-19 13:16:44,48,49,11488,74681
2023-07-19 13:17:36,48,49,11438,74731
2023-07-19 13:18:05,48,49,11438,74732
2023-07-19 13:18:09,48,49,11432,74738
2023-07-19 13:18:15,48,49,11429,74741
2023-07-19 13:18:30,48,49,11425,74745
2023-07-19 13:18:35,47,48,11301,74869
2023-07-19 13:18:38,46,48,11301,74869
2023-07-19 13:18:58,45,48,11301,74869
2023-07-19 13:19:00,44,48,11292,74878
2023-07-19 13:19:16,45,48,11292,74878
2023-07-19 13:19:23,45,47,11292,74878
2023-07-19 13:19:41,45,46,11292,74878
2023-07-19 13:19:42,44,46,11292,74878
2023-07-19 13:19:46,45,46,11292,74878
2023-07-19 13:20:10,45,47,11293,74879
2023-07-19 13:20:17,45,48,11294,74880
2023-07-19 13:20:23,46,48,11294,74880
2023-07-19 13:20:25,45,48,11294,74880
2023-07-19 13:20:29,45,47,11294,74880
2023-07-19 13:20:49,45,47,11294,74903
2023-07-19 13:20:52,46,47,11294,74903
2023-07-19 13:21:14,46,48,11295,74931
2023-07-19 13:21:41,47,48,11295,74931
2023-07-19 13:21:44,47,48,11295,74978
2023-07-19 13:21:49,46,48,11295,74978
2023-07-19 13:21:49,46,48,10649,75624
2023-07-19 13:23:03,48,49,10650,75625
2023-07-19 13:23:36,47,49,10650,75625
2023-07-19 13:23:48,47,49,10699,75674
2023-07-19 13:25:02,49,50,10700,75675
2023-07-19 13:26:02,48,50,10717,75692
2023-07-19 13:26:02,48,49,10717,75692
2023-07-19 13:26:21,47,49,10717,75692
2023-07-19 13:26:21,47,48,10717,75692
2023-07-19 13:26:28,47,49,10717,75692
2023-07-19 13:26:54,48,49,10717,75692
2023-07-19 13:27:00,47,49,10717,75692
2023-07-19 13:27:16,48,49,10717,75692
2023-07-19 13:27:21,47,49,10717,75692
2023-07-19 13:27:21,48,49,10717,75692
2023-07-19 13:27:40,47,49,10717,75692
2023-07-19 13:28:31,48,49,10717,75692
2023-07-19 13:28:34,47,49,10717,75692
2023-07-19 13:28:38,48,49,10717,75692
2023-07-19 13:30:25,47,49,10717,75692
2023-07-19 13:30:44,48,49,10717,75692
2023-07-19 13:30:45,47,49,10717,75692
2023-07-19 13:30:52,48,49,10717,75692
2023-07-19 13:30:53,47,49,10717,75692
2023-07-19 13:30:54,48,49,10717,75692
2023-07-19 13:31:21,48,49,10717,75742
2023-07-19 13:31:27,48,50,10735,75760
2023-07-19 13:32:15,47,50,10735,75760
2023-07-19 13:32:46,48,50,10735,75760
2023-07-19 13:32:50,49,50,10735,75760
2023-07-19 13:32:51,48,50,10735,75760
2023-07-19 13:32:54,49,50,10735,75760
2023-07-19 13:32:55,48,50,10735,75760
2023-07-19 13:32:59,49,50,10735,75760
2023-07-19 13:33:03,47,50,10735,75760
2023-07-19 13:33:04,47,49,10735,75760
2023-07-19 13:34:20,46,49,10735,75760
2023-07-19 13:34:21,46,48,10735,75760
2023-07-19 13:34:29,46,49,10735,75760
2023-07-19 13:34:45,46,48,10735,75760
2023-07-19 13:35:00,46,47,10735,75760
2023-07-19 13:35:13,45,46,10735,75764
2023-07-19 13:35:19,43,46,10735,75764
2023-07-19 13:35:21,43,46,10733,75767
2023-07-19 13:35:21,43,45,10733,75767
2023-07-19 13:35:22,43,46,10733,75767
2023-07-19 13:35:24,43,45,10733,75767
2023-07-19 13:35:27,43,45,10733,75769
2023-07-19 13:35:31,44,45,10733,75769
2023-07-19 13:35:50,45,46,10734,75770
2023-07-19 13:35:53,44,46,10734,75770
2023-07-19 13:35:54,44,45,10734,75770
2023-07-19 13:36:19,43,45,10734,75770
2023-07-19 13:36:42,44,45,10734,75770
2023-07-19 13:37:18,44,46,10734,75770
2023-07-19 13:37:40,44,45,10734,75770
2023-07-19 13:38:06,43,45,10734,75770
2023-07-19 13:38:48,43,44,10734,75770
2023-07-19 13:39:22,42,43,10732,75772
2023-07-19 13:39:23,41,42,10730,75774
2023-07-19 13:39:25,41,44,10730,75774
2023-07-19 13:39:25,42,44,10730,75774
2023-07-19 13:39:26,42,43,10730,75774
2023-07-19 13:40:02,41,43,10730,76024
2023-07-19 13:40:03,40,43,10730,76274
2023-07-19 13:40:03,41,43,10730,76274
2023-07-19 13:40:04,40,43,10730,76524
2023-07-19 13:40:04,40,42,10730,76524
2023-07-19 13:40:05,40,42,10330,76924
2023-07-19 13:40:05,40,41,10330,76924
2023-07-19 13:40:06,39,41,10329,77175
2023-07-19 13:40:07,39,40,10329,77175
2023-07-19 13:40:07,39,40,9929,77575
2023-07-19 13:40:08,40,41,9914,77675
2023-07-19 13:40:08,39,41,9914,78075
2023-07-19 13:40:09,39,40,9914,78075
2023-07-19 13:40:09,39,40,9914,78475
2023-07-19 13:40:12,39,41,10114,78675
2023-07-19 13:40:14,39,41,10114,79075
2023-07-19 13:40:15,39,41,10364,79475
2023-07-19 13:40:15,39,40,10364,79475
2023-07-19 13:40:19,39,41,10365,79476
2023-07-19 13:40:23,40,41,10365,79476
2023-07-19 13:40:24,40,42,10366,79477
2023-07-19 13:40:27,40,43,10567,79678
2023-07-19 13:40:28,40,43,10573,79684
2023-07-19 13:40:35,40,42,10573,79684
2023-07-19 13:40:38,40,42,10923,80034
2023-07-19 13:40:39,40,43,10923,80034
2023-07-19 13:40:39,40,43,10930,80041
2023-07-19 13:40:39,40,42,10930,80041
2023-07-19 13:40:57,41,42,10930,80041
2023-07-19 13:41:01,40,42,10930,80041
2023-07-19 13:41:01,41,42,10930,80041
2023-07-19 13:41:01,41,43,10931,80042
2023-07-19 13:41:04,41,43,11281,80392
2023-07-19 13:41:05,41,44,11281,80392
2023-07-19 13:41:22,41,45,11482,80593
2023-07-19 13:41:23,42,45,11482,80593
2023-07-19 13:42:39,43,45,11482,80593
2023-07-19 13:42:44,43,46,11484,80595
2023-07-19 13:42:51,43,47,11484,80595
2023-07-19 13:42:51,42,47,11484,80595
2023-07-19 13:42:51,44,47,11484,80595
2023-07-19 13:42:58,45,47,11484,80595
2023-07-19 13:42:58,44,47,11085,80995
2023-07-19 13:43:08,44,47,11085,80998
2023-07-19 13:43:38,45,47,11085,80998
2023-07-19 13:43:39,47,48,11085,80999
2023-07-19 13:43:48,47,48,10834,81251
2023-07-19 13:43:52,46,48,10834,81251
2023-07-19 13:44:03,47,48,10834,81251
2023-07-19 13:44:07,48,49,10834,81252
2023-07-19 13:44:11,46,49,10435,81652
2023-07-19 13:44:16,46,50,10234,81853
2023-07-19 13:44:26,46,49,10234,81853
2023-07-19 13:44:54,46,48,10234,81853
2023-07-19 13:44:55,46,49,10234,81853
2023-07-19 13:45:50,47,49,10234,81853
2023-07-19 13:46:07,48,49,10234,81853
2023-07-19 13:46:08,47,49,10234,81853
2023-07-19 13:46:09,48,49,10234,81853
2023-07-19 13:46:50,49,50,10234,81854
2023-07-19 13:46:51,49,51,10234,82059
2023-07-19 13:47:58,48,51,10234,82475
2023-07-19 13:48:36,48,51,10234,82808
2023-07-19 13:48:41,48,51,10234,83141
2023-07-19 13:49:30,48,50,10234,83141
2023-07-19 13:49:31,48,51,10234,83141
2023-07-19 13:49:54,48,50,10234,83141
2023-07-19 13:50:03,48,51,10234,83141
2023-07-19 13:51:00,49,51,10234,83141
2023-07-19 13:51:02,48,51,10234,83141
2023-07-19 13:52:14,48,50,10234,83141
2023-07-19 13:55:51,48,51,10234,83141
2023-07-19 13:56:40,49,51,10234,83141
2023-07-19 13:56:52,50,51,10234,83141
2023-07-19 13:57:05,49,51,10234,83141
2023-07-19 13:57:05,50,51,10234,83141
2023-07-19 13:57:20,49,51,10234,83141
2023-07-19 13:57:20,50,51,10234,83141
2023-07-19 13:57:23,49,51,10234,83141
2023-07-19 13:58:08,50,51,10234,83141
2023-07-19 13:58:09,51,52,10234,83142
2023-07-19 13:58:25,50,52,10234,83142
2023-07-19 13:58:33,51,52,10234,83142
2023-07-19 13:58:34,50,52,10234,83142
2023-07-19 13:58:46,50,51,10234,83142
2023-07-19 13:58:59,49,51,10234,83142
2023-07-19 13:58:59,48,51,10234,83142
2023-07-19 13:59:01,48,50,10234,83142
2023-07-19 14:00:38,49,50,10234,83142
2023-07-19 14:00:41,49,51,10234,83142
2023-07-19 14:00:54,50,51,10234,83142
2023-07-19 14:00:55,49,51,10234,83142
2023-07-19 14:00:55,51,52,10234,83143
2023-07-19 14:00:56,50,53,10133,83245
2023-07-19 14:01:17,50,52,10133,83245
2023-07-19 14:04:08,50,51,10133,83245
2023-07-19 14:04:24,50,52,10133,83245
2023-07-19 14:04:24,49,52,10133,83245
2023-07-19 14:04:25,49,51,10133,83245
2023-07-19 14:06:16,48,51,10133,83245
2023-07-19 14:06:57,48,50,10133,83245
2023-07-19 14:07:05,48,49,10133,83245
2023-07-19 14:07:11,47,49,10127,83251
2023-07-19 14:07:11,47,48,10127,83251
2023-07-19 14:07:19,47,49,10127,83251
2023-07-19 14:07:22,46,49,10127,83251
2023-07-19 14:07:22,46,48,10127,83251
2023-07-19 14:07:25,46,47,10127,83251
2023-07-19 14:07:39,45,46,10127,83253
2023-07-19 14:07:43,45,46,10117,83263
2023-07-19 14:07:55,44,46,10107,83273
2023-07-19 14:07:56,43,46,10107,83614
2023-07-19 14:07:57,42,46,10107,83815
2023-07-19 14:07:57,42,45,10107,83815
2023-07-19 14:07:59,42,44,10107,83815
2023-07-19 14:08:02,42,46,10107,83815
2023-07-19 14:08:03,42,45,10107,83815
2023-07-19 14:08:08,43,45,10107,83815
2023-07-19 14:08:08,43,44,10107,83815
2023-07-19 14:08:10,43,45,10107,83815
2023-07-19 14:08:11,43,45,10107,83915
2023-07-19 14:08:12,42,45,10107,83915
2023-07-19 14:08:14,43,45,10107,83915
2023-07-19 14:08:15,43,44,10107,83915
2023-07-19 14:08:16,43,45,10107,83915
2023-07-19 14:08:17,43,44,10107,83915
2023-07-19 14:08:19,42,44,10107,84115
2023-07-19 14:08:21,42,45,10107,84115
2023-07-19 14:08:23,42,44,10107,84115
2023-07-19 14:08:26,43,44,10107,84115
2023-07-19 14:08:27,42,44,10357,84365
2023-07-19 14:08:27,41,44,10357,84365
2023-07-19 14:08:28,41,43,10357,84365
2023-07-19 14:08:29,41,42,10357,84365
2023-07-19 14:08:30,40,41,10357,84765
2023-07-19 14:08:37,39,41,10607,85415
2023-07-19 14:08:38,38,41,10857,85665
2023-07-19 14:08:39,39,41,10857,85665
2023-07-19 14:08:42,39,42,10857,85665
2023-07-19 14:08:44,39,41,10857,85665
2023-07-19 14:08:45,39,40,10857,85665
2023-07-19 14:08:47,40,41,10857,85765
2023-07-19 14:08:47,40,42,10857,85765
2023-07-19 14:08:48,39,42,10857,85765
2023-07-19 14:08:49,39,40,10857,85765
2023-07-19 14:08:51,40,41,10857,85766
2023-07-19 14:09:02,39,41,10857,85766
2023-07-19 14:09:12,38,41,10857,85766
2023-07-19 14:09:16,38,40,10857,85766
2023-07-19 14:09:17,38,41,10857,85766
2023-07-19 14:09:17,38,40,10857,85766
2023-07-19 14:09:17,38,39,10857,85766
2023-07-19 14:09:29,37,39,10857,85766
2023-07-19 14:09:32,37,38,10857,85766
2023-07-19 14:09:34,37,39,10857,85766
2023-07-19 14:09:40,38,39,10857,85766
2023-07-19 14:09:42,38,39,10855,85768
2023-07-19 14:09:48,39,40,10855,85769
2023-07-19 14:09:49,38,40,10855,85769
2023-07-19 14:09:58,38,39,10855,85769
2023-07-19 14:10:09,37,38,10851,85773
2023-07-19 14:10:13,37,38,10848,85776
2023-07-19 14:10:15,37,39,10848,85776
2023-07-19 14:10:15,37,40,10848,85776
2023-07-19 14:10:15,37,39,10848,85776
2023-07-19 14:10:16,38,39,10848,85776
2023-07-19 14:10:17,38,39,10848,85777
2023-07-19 14:10:48,39,40,10848,85778
2023-07-19 14:10:49,38,40,10848,85778
2023-07-19 14:10:57,38,39,10848,85778
2023-07-19 14:11:41,39,40,10848,85779
2023-07-19 14:12:07,40,41,10848,85780
2023-07-19 14:12:12,40,42,10849,85781
2023-07-19 14:12:16,40,43,10850,85782
2023-07-19 14:12:28,41,43,10850,85782
2023-07-19 14:12:41,41,45,11052,85984
2023-07-19 14:12:42,42,45,11052,85984
2023-07-19 14:12:42,42,44,11052,85984
2023-07-19 14:12:43,42,45,11052,85984
2023-07-19 14:13:15,43,45,11052,85984
2023-07-19 14:13:16,42,45,11052,85984
2023-07-19 14:13:17,43,45,11052,85984
2023-07-19 14:13:23,43,46,11253,86185
2023-07-19 14:13:26,43,45,11253,86185
2023-07-19 14:13:28,43,46,11253,86185
2023-07-19 14:13:31,43,45,11253,86185
2023-07-19 14:13:42,43,44,11253,86185
2023-07-19 14:13:43,43,44,11253,86535
2023-07-19 14:13:45,43,44,11253,86885
2023-07-19 14:13:48,43,45,11253,86885
2023-07-19 14:13:50,43,44,11253,86885
2023-07-19 14:13:51,43,45,11253,86931
2023-07-19 14:14:24,43,44,11253,86931
2023-07-19 14:14:35,42,44,11253,86931
2023-07-19 14:14:35,42,43,11253,86931
2023-07-19 14:14:45,42,44,11253,86931
2023-07-19 14:14:57,43,44,11253,86931
2023-07-19 14:15:08,43,45,11253,86931
2023-07-19 14:16:39,43,44,11253,86931
2023-07-19 14:17:16,41,44,11253,87136
2023-07-19 14:17:33,41,43,11253,87136
2023-07-19 14:17:38,40,43,11253,87136
2023-07-19 14:17:57,40,42,11253,87136
2023-07-19 14:18:01,40,41,11253,87136
2023-07-19 14:18:09,40,42,11253,87136
2023-07-19 14:18:47,40,41,11253,87136
2023-07-19 14:18:52,38,41,11251,87138
2023-07-19 14:18:54,38,40,11251,87138
2023-07-19 14:19:07,38,40,11251,87197
2023-07-19 14:19:37,39,40,11251,87197
2023-07-19 14:19:37,39,40,11251,87288
2023-07-19 14:19:38,38,40,11251,87288
2023-07-19 14:20:05,37,40,11251,87288
2023-07-19 14:20:07,37,39,11251,87288
2023-07-19 14:20:08,38,39,11251,87288
2023-07-19 14:20:08,38,40,11251,87288
2023-07-19 14:20:10,39,40,11251,87288
2023-07-19 14:20:12,38,40,11251,87288
2023-07-19 14:20:22,39,40,11251,87288
2023-07-19 14:20:25,40,41,11251,87289
2023-07-19 14:20:28,41,42,11251,87290
2023-07-19 14:20:28,41,42,11248,87293
2023-07-19 14:20:32,41,43,11248,87293
2023-07-19 14:20:33,40,43,11248,87293
2023-07-19 14:20:35,41,43,11248,87293
2023-07-19 14:20:40,40,43,11248,87293
2023-07-19 14:20:54,40,42,11248,87293
2023-07-19 14:21:00,40,43,11248,87293
2023-07-19 14:21:02,40,42,11248,87293
2023-07-19 14:21:08,40,41,11248,87293
2023-07-19 14:21:18,38,41,11246,87295
2023-07-19 14:21:18,38,40,11246,87295
2023-07-19 14:21:20,38,39,11246,87295
2023-07-19 14:21:30,37,39,11242,87299
2023-07-19 14:21:31,37,38,11242,87299
2023-07-19 14:21:32,37,38,11242,87419
2023-07-19 14:21:33,36,38,11242,87419
2023-07-19 14:21:33,36,39,11242,87419
2023-07-19 14:21:35,37,39,11242,87419
2023-07-19 14:21:38,37,39,11237,87426
2023-07-19 14:21:41,37,40,11237,87426
2023-07-19 14:21:43,37,39,11237,87426
2023-07-19 14:22:59,37,40,11237,87426
2023-07-19 14:23:16,38,40,11237,87426
2023-07-19 14:23:27,38,40,11237,87437
2023-07-19 14:23:29,37,40,11237,87437
2023-07-19 14:23:40,37,40,11237,87459
2023-07-19 14:23:58,38,40,11237,87459
2023-07-19 14:24:09,37,40,11237,87459
2023-07-19 14:24:10,38,40,11237,87459
2023-07-19 14:24:58,37,40,11238,87471
2023-07-19 14:25:07,38,40,11238,87471
2023-07-19 14:25:09,39,40,11238,87471
2023-07-19 14:25:16,40,41,11237,87472
2023-07-19 14:25:28,40,42,11237,87472
2023-07-19 14:25:28,40,43,11237,87472
2023-07-19 14:25:31,41,43,11237,87472
2023-07-19 14:25:49,42,43,11237,87472
2023-07-19 14:26:02,42,44,11237,87472
2023-07-19 14:26:03,43,44,11237,87472
2023-07-19 14:26:22,43,45,11237,87472
2023-07-19 14:26:24,43,46,11238,87473
2023-07-19 14:26:27,43,45,11238,87473
2023-07-19 14:26:32,43,44,11238,87473
2023-07-19 14:26:37,42,44,11238,87473
2023-07-19 14:27:39,43,44,11238,87473
2023-07-19 14:27:49,43,45,11238,87473
2023-07-19 14:27:49,44,45,11238,87473
2023-07-19 14:27:58,44,46,11278,87513
2023-07-19 14:27:58,43,46,11278,87513
2023-07-19 14:28:05,43,45,11278,87513
2023-07-19 14:28:15,43,44,11278,87513
2023-07-19 14:28:17,43,45,11278,87513
2023-07-19 14:28:43,43,46,11278,87513
2023-07-19 14:29:25,43,45,11278,87513
2023-07-19 14:29:27,43,46,11278,87513
2023-07-19 14:29:33,43,45,11278,87513
2023-07-19 14:29:47,43,44,11278,87513
2023-07-19 14:29:52,42,44,11278,87513
2023-07-19 14:30:03,42,45,11278,87513
2023-07-19 14:30:17,43,45,11278,87513
2023-07-19 14:30:23,44,45,11278,87513
2023-07-19 14:30:43,44,47,11278,87513
2023-07-19 14:30:43,45,47,11278,87513
2023-07-19 14:30:49,46,47,11278,87513
2023-07-19 14:30:53,46,49,11281,87518
2023-07-19 14:30:53,45,49,11281,87518
2023-07-19 14:30:53,47,49,11281,87518
2023-07-19 14:30:59,47,48,11281,87518
2023-07-19 14:30:59,45,48,11281,87518
2023-07-19 14:30:59,46,48,11281,87518
2023-07-19 14:31:00,47,48,11281,87518
2023-07-19 14:32:57,47,49,11281,87518
2023-07-19 14:33:35,48,49,11281,87518
2023-07-19 14:33:36,49,50,11281,87519
2023-07-19 14:33:38,50,51,11281,87520
2023-07-19 14:33:40,50,51,11289,87528
2023-07-19 14:33:44,50,52,11490,87729
2023-07-19 14:33:44,51,52,11490,87729
2023-07-19 14:33:48,51,53,11691,87930
2023-07-19 14:33:49,51,52,11691,87930
2023-07-19 14:33:50,50,52,11691,87930
2023-07-19 14:33:50,51,52,11691,87930
2023-07-19 14:33:51,51,53,11891,88130
2023-07-19 14:34:01,51,52,11891,88130
2023-07-19 14:34:03,51,53,11891,88130
2023-07-19 14:34:05,51,52,11891,88130
2023-07-19 14:34:14,51,53,11891,88130
2023-07-19 14:34:18,51,52,11891,88130
2023-07-19 14:35:17,52,53,11891,88131
2023-07-19 14:35:21,52,53,11891,88281
2023-07-19 14:35:22,52,54,11891,88281
2023-07-19 14:35:25,53,54,11891,88281
2023-07-19 14:35:28,53,54,12241,88631
2023-07-19 14:35:29,53,55,12241,88631
2023-07-19 14:35:30,54,55,12241,88631
2023-07-19 14:35:34,53,55,12241,88831
2023-07-19 14:35:43,54,55,12241,88831
2023-07-19 14:35:46,53,55,12241,88831
2023-07-19 14:35:47,54,55,12241,88831
2023-07-19 14:35:48,53,55,12241,88831
2023-07-19 14:35:49,54,55,12241,88831
2023-07-19 14:35:50,53,56,12241,89032
2023-07-19 14:35:51,54,56,12241,89032
2023-07-19 14:35:52,55,56,12241,89032
2023-07-19 14:35:53,56,57,12241,89033
2023-07-19 14:35:54,55,58,12241,89079
2023-07-19 14:35:54,53,57,12241,89079
2023-07-19 14:35:55,53,58,12241,89124
2023-07-19 14:35:55,53,57,12241,89124
2023-07-19 14:35:56,54,57,12241,89124
2023-07-19 14:36:00,55,57,12241,89124
2023-07-19 14:36:00,55,58,12241,89169
2023-07-19 14:36:01,54,58,12241,89169
2023-07-19 14:36:01,56,58,12241,89169
2023-07-19 14:36:01,56,57,12241,89169
2023-07-19 14:36:04,56,58,12241,89169
2023-07-19 14:36:05,57,58,12241,89169
2023-07-19 14:36:05,57,59,12241,89214
2023-07-19 14:36:06,55,59,12241,89214
2023-07-19 14:36:07,56,59,12241,89214
2023-07-19 14:36:08,55,59,12241,89214
2023-07-19 14:36:10,56,59,12241,89214
2023-07-19 14:36:11,57,59,12241,89214
2023-07-19 14:36:13,58,59,12241,89214
2023-07-19 14:36:13,56,59,12141,89314
2023-07-19 14:36:19,57,59,12141,89314
2023-07-19 14:36:20,56,59,12141,89314
2023-07-19 14:36:20,58,59,12141,89314
2023-07-19 14:36:21,59,60,12141,89315
2023-07-19 14:36:21,56,60,11942,89514
2023-07-19 14:36:22,56,60,11942,89536
2023-07-19 14:36:23,56,61,11914,89610
2023-07-19 14:36:24,56,60,11914,89610
2023-07-19 14:36:24,56,61,11914,89655
2023-07-19 14:36:27,57,61,11914,89655
2023-07-19 14:36:27,57,60,11914,89655
2023-07-19 14:36:28,56,60,11914,89655
2023-07-19 14:36:28,58,60,11914,89655
2023-07-19 14:36:28,56,61,11914,89805
2023-07-19 14:36:34,57,61,11914,89805
2023-07-19 14:36:44,58,61,11914,89805
2023-07-19 14:36:44,58,60,11914,89805
2023-07-19 14:36:45,57,60,11814,89905
2023-07-19 14:36:46,57,61,11814,89905
2023-07-19 14:36:46,57,59,11814,89905
2023-07-19 14:36:49,56,59,11812,89907
2023-07-19 14:37:13,56,58,11812,89907
2023-07-19 14:37:14,56,59,11812,89907
2023-07-19 14:37:14,56,57,11812,89907
2023-07-19 14:37:18,56,59,11812,89907
2023-07-19 14:37:18,55,56,11812,89908
2023-07-19 14:37:27,54,56,11812,89908
2023-07-19 14:37:45,54,57,11812,89908
2023-07-19 14:38:07,55,57,11812,89908
2023-07-19 14:38:09,55,57,11804,89916
2023-07-19 14:38:26,55,60,12135,90247
2023-07-19 14:38:27,55,57,12135,90247
2023-07-19 14:38:44,55,56,12135,90247
2023-07-19 14:38:45,55,57,12135,90247
2023-07-19 14:38:45,54,55,12135,90248
2023-07-19 14:38:47,53,55,12124,90259
2023-07-19 14:39:02,54,55,12124,90259
2023-07-19 14:39:14,54,56,12124,90259
2023-07-19 14:39:18,53,56,12124,90259
2023-07-19 14:39:18,52,56,12124,90259
2023-07-19 14:39:18,53,56,12124,90259
2023-07-19 14:39:25,54,56,12124,90259
2023-07-19 14:39:26,53,56,11862,90521
2023-07-19 14:39:31,51,56,11862,90521
2023-07-19 14:39:31,52,56,11862,90521
2023-07-19 14:39:46,53,56,11862,90521
2023-07-19 14:39:47,51,56,11862,90521
2023-07-19 14:39:47,52,56,11862,90521
2023-07-19 14:39:48,51,56,11862,90521
2023-07-19 14:40:01,52,56,11862,90521
2023-07-19 14:40:01,54,56,11862,90521
2023-07-19 14:40:21,53,56,11862,90521
2023-07-19 14:40:34,54,56,11862,90521
2023-07-19 14:40:44,53,56,11862,90521
2023-07-19 14:40:49,52,56,11862,90521
2023-07-19 14:40:51,55,56,11862,90521
2023-07-19 14:40:54,54,56,11862,90521
2023-07-19 14:41:01,53,56,11862,90521
2023-07-19 14:41:09,52,56,11862,90521
2023-07-19 14:41:09,54,56,11862,90521
2023-07-19 14:41:20,52,56,11862,90521
2023-07-19 14:41:20,53,56,11862,90521
2023-07-19 14:41:26,54,56,11862,90521
2023-07-19 14:41:35,53,56,11862,90521
2023-07-19 14:41:35,55,56,11862,90521
2023-07-19 14:41:50,55,57,11862,90521
2023-07-19 14:42:29,53,57,11862,90521
2023-07-19 14:42:36,57,58,11862,90522
2023-07-19 14:42:38,58,59,11862,90523
2023-07-19 14:42:39,59,60,11862,90524
2023-07-19 14:42:48,59,60,11862,90524
2023-07-19 14:42:49,60,61,11862,90525
2023-07-19 14:42:49,59,61,11862,90525
2023-07-19 14:42:51,57,61,11862,90525
2023-07-19 14:42:59,58,61,11862,90525
2023-07-19 14:43:13,57,61,11862,90525
2023-07-19 14:43:16,58,61,11862,90525
2023-07-19 14:43:17,57,61,11862,90525
2023-07-19 14:43:17,59,61,11862,90525
2023-07-19 14:43:17,57,62,11812,90621
2023-07-19 14:43:17,58,62,11812,90621
2023-07-19 14:43:17,58,61,11812,90621
2023-07-19 14:43:18,58,62,11812,90666
2023-07-19 14:43:18,58,61,11812,90666
2023-07-19 14:43:19,58,62,11812,90711
2023-07-19 14:43:23,58,61,11812,90711
2023-07-19 14:43:24,58,62,11812,90756
2023-07-19 14:43:27,59,62,11812,90756
2023-07-19 14:43:28,60,62,11812,90756
2023-07-19 14:43:29,59,62,11812,90756
2023-07-19 14:43:38,60,62,11812,90756
2023-07-19 14:43:39,59,62,11812,90756
2023-07-19 14:43:39,61,62,11812,90756
2023-07-19 14:43:39,59,62,11712,90856
2023-07-19 14:43:41,60,62,11712,90856
2023-07-19 14:43:42,61,62,11712,90856
2023-07-19 14:43:42,59,62,11612,90956
2023-07-19 14:43:44,60,62,11612,90956
2023-07-19 14:43:45,59,62,11512,91056
2023-07-19 14:43:48,60,62,11512,91056
2023-07-19 14:43:50,59,62,11332,91236
2023-07-19 14:43:52,59,63,11332,91282
2023-07-19 14:43:52,59,62,11332,91282
2023-07-19 14:43:53,59,63,11332,91327
2023-07-19 14:43:53,60,63,11332,91327
2023-07-19 14:43:54,59,63,11242,91417
2023-07-19 14:43:54,59,62,11242,91417
2023-07-19 14:43:56,59,61,11242,91417
2023-07-19 14:43:59,59,60,11242,91417
2023-07-19 14:44:02,59,61,11242,91417
2023-07-19 14:44:03,58,61,11240,91419
2023-07-19 14:44:58,59,61,11240,91419
2023-07-19 14:45:00,58,61,11240,91419
2023-07-19 14:45:01,59,61,11240,91419
2023-07-19 14:45:10,59,62,11240,91419
2023-07-19 14:45:12,60,62,11240,91419
2023-07-19 14:45:13,59,62,11240,91419
2023-07-19 14:45:19,60,62,11240,91419
2023-07-19 14:45:20,59,62,11240,91419
2023-07-19 14:45:21,60,62,11240,91419
2023-07-19 14:45:26,59,62,11240,91419
2023-07-19 14:45:26,60,62,11240,91419
2023-07-19 14:45:35,59,60,11239,91420
2023-07-19 14:45:50,58,60,11239,91420
2023-07-19 14:45:54,59,60,11239,91420
2023-07-19 14:46:14,59,61,11239,91420
2023-07-19 14:46:35,58,61,11239,91420
2023-07-19 14:46:44,58,60,11239,91420
2023-07-19 14:46:48,58,61,11239,91420
2023-07-19 14:46:59,57,59,11239,91420
2023-07-19 14:47:00,57,58,11239,91420
2023-07-19 14:47:08,55,58,11235,91425
2023-07-19 14:47:08,55,57,11235,91425
2023-07-19 14:47:11,56,57,11235,91425
2023-07-19 14:47:11,56,58,11235,91425
2023-07-19 14:47:11,56,59,11235,91425
2023-07-19 14:47:11,56,58,11235,91425
2023-07-19 14:47:18,55,58,11235,91425
2023-07-19 14:47:19,55,57,11235,91425
2023-07-19 14:47:21,54,57,11235,91425
2023-07-19 14:47:22,54,56,11235,91425
2023-07-19 14:47:24,51,56,11235,91425
2023-07-19 14:47:24,53,56,11235,91425
2023-07-19 14:47:25,53,55,11235,91425
2023-07-19 14:47:29,52,55,11235,91425
2023-07-19 14:47:32,52,54,11235,91425
2023-07-19 14:47:33,50,54,11235,91425
2023-07-19 14:47:42,52,54,11235,91425
2023-07-19 14:47:43,52,55,11235,91425
2023-07-19 14:47:43,52,56,11235,91425
2023-07-19 14:47:43,52,55,11235,91425
2023-07-19 14:47:44,53,55,11235,91425
2023-07-19 14:47:46,53,56,11235,91425
2023-07-19 14:47:53,53,55,11235,91425
2023-07-19 14:48:01,52,55,11235,91425
2023-07-19 14:48:03,52,54,11235,91425
2023-07-19 14:48:08,52,55,11235,91425
2023-07-19 14:48:18,51,55,11235,91425
2023-07-19 14:48:37,51,55,11235,91425
2023-07-19 14:48:37,52,55,11235,91425
2023-07-19 14:48:41,50,55,11235,91425
2023-07-19 14:48:41,51,55,11235,91425
2023-07-19 14:48:41,51,54,11235,91425
2023-07-19 14:48:47,51,53,11235,91425
2023-07-19 14:48:59,51,54,11235,91425
2023-07-19 14:49:00,52,54,11235,91425
2023-07-19 14:49:05,51,54,11235,91425
2023-07-19 14:49:05,51,53,11235,91425
2023-07-19 14:49:08,51,54,11235,91425
2023-07-19 14:49:09,52,54,11235,91425
2023-07-19 14:49:21,53,54,11235,91425
2023-07-19 14:49:23,51,54,11235,91425
2023-07-19 14:49:28,52,54,11237,91427
2023-07-19 14:50:08,53,54,11237,91427
2023-07-19 14:50:16,52,54,11237,91427
2023-07-19 14:50:19,51,54,11237,91427
2023-07-19 14:50:20,51,53,11237,91427
2023-07-19 14:50:24,50,53,11237,91427
2023-07-19 14:50:43,51,53,11237,91427
2023-07-19 14:50:55,50,53,11237,91427
2023-07-19 14:50:59,51,53,11237,91427
2023-07-19 14:51:09,52,53,11237,91427
2023-07-19 14:51:13,52,54,11237,91427
2023-07-19 14:51:13,53,54,11237,91427
2023-07-19 14:51:24,54,55,11237,91428
2023-07-19 14:51:31,55,56,11237,91429
2023-07-19 14:51:35,56,57,11237,91430
2023-07-19 14:51:36,57,58,11237,91431
2023-07-19 14:51:37,58,59,11237,91432
2023-07-19 14:51:40,57,59,11237,91432
2023-07-19 14:51:49,58,59,11237,91432
2023-07-19 14:51:50,59,60,11234,91436
2023-07-19 14:51:51,59,61,11184,91532
2023-07-19 14:51:52,60,61,11184,91532
2023-07-19 14:52:02,60,61,11184,91578
2023-07-19 14:52:09,59,61,11184,91578
2023-07-19 14:52:10,59,60,11184,91578
2023-07-19 14:52:32,58,60,11184,91578
2023-07-19 14:52:32,57,60,11184,91578
2023-07-19 14:52:33,57,59,11184,91578
2023-07-19 14:53:01,57,58,11184,91578
2023-07-19 14:53:05,56,58,11184,91578
2023-07-19 14:53:08,56,57,11184,91578
2023-07-19 14:53:09,56,58,11184,91578
2023-07-19 14:53:10,56,57,11184,91578
2023-07-19 14:53:19,56,57,11181,91581
2023-07-19 14:53:20,55,57,11181,91581
2023-07-19 14:53:46,56,57,11181,91581
2023-07-19 14:53:49,55,57,11181,91581
2023-07-19 14:54:12,56,57,11181,91581
2023-07-19 14:55:07,56,58,11181,91581
2023-07-19 14:55:08,57,58,11181,91581
2023-07-19 14:55:09,56,58,11181,91581
2023-07-19 14:55:55,56,57,11181,91581
2023-07-19 14:56:00,56,58,11181,91581
2023-07-19 14:56:25,57,58,11181,91581
2023-07-19 14:56:27,56,58,11181,91581
2023-07-19 14:56:27,57,58,11181,91581
2023-07-19 14:56:27,58,59,11181,91582
2023-07-19 14:56:35,59,60,11181,91583
2023-07-19 14:56:40,59,61,11181,91583
2023-07-19 14:56:44,60,61,11181,91583
2023-07-19 14:56:46,59,61,11181,91583
2023-07-19 14:56:55,60,61,11181,91583
2023-07-19 14:56:56,59,61,11181,91583
2023-07-19 14:57:05,60,61,11181,91583
2023-07-19 14:57:08,60,61,11176,91588
2023-07-19 14:57:10,59,61,11176,91588
2023-07-19 14:57:18,59,60,11176,91588
2023-07-19 14:57:30,59,61,11176,91588
2023-07-19 14:57:49,60,61,11176,91588
2023-07-19 14:57:54,59,61,11176,91588
2023-07-19 14:57:57,60,61,11176,91588
2023-07-19 14:58:06,59,61,11176,91588
2023-07-19 14:58:14,60,61,11176,91588
2023-07-19 14:58:21,61,62,11176,91589
2023-07-19 14:58:29,60,62,11176,91589
2023-07-19 14:58:36,61,62,11176,91589
2023-07-19 14:58:41,61,63,11176,91589
2023-07-19 14:58:48,62,63,11176,91589
2023-07-19 14:58:49,61,63,11176,91589
2023-07-19 14:58:53,62,63,11176,91589
2023-07-19 14:58:56,61,63,11176,91589
2023-07-19 14:59:04,60,63,11176,91589
2023-07-19 14:59:04,62,63,11176,91589
2023-07-19 14:59:10,63,64,11176,91590
2023-07-19 14:59:17,64,65,11176,91591
2023-07-19 14:59:21,64,66,11176,91591
2023-07-19 14:59:23,65,66,11176,91591
2023-07-19 14:59:24,66,67,11176,91592
2023-07-19 14:59:26,66,67,11176,91593
2023-07-19 14:59:26,66,67,11176,91638
2023-07-19 14:59:37,65,67,11176,91638
2023-07-19 14:59:49,66,67,11176,91638
2023-07-19 14:59:55,67,68,11176,91639
2023-07-19 14:59:55,67,68,11176,91700
2023-07-19 14:59:59,67,68,11172,91704
2023-07-19 15:00:01,68,69,11172,91705
2023-07-19 15:00:04,67,69,11172,91705
2023-07-19 15:00:05,66,69,11172,91705
2023-07-19 15:00:05,67,69,11172,91705
2023-07-19 15:00:05,68,69,11172,91705
2023-07-19 15:00:22,69,70,11172,91706
2023-07-19 15:00:24,69,71,11122,91757
2023-07-19 15:00:24,70,71,11122,91757
2023-07-19 15:00:25,69,71,11122,91757
2023-07-19 15:00:26,70,71,11122,91757
2023-07-19 15:00:31,70,72,11122,91757
2023-07-19 15:00:37,70,71,11122,91757
2023-07-19 15:00:37,69,71,11122,91757
2023-07-19 15:00:38,69,72,11122,91757
2023-07-19 15:00:41,69,72,11122,91757
2023-07-19 15:00:42,70,72,11122,91757
2023-07-19 15:00:49,71,72,11122,91757
2023-07-19 15:00:51,73,74,11122,91804
2023-07-19 15:00:58,70,74,11122,91854
2023-07-19 15:00:58,70,72,11122,91854
2023-07-19 15:01:12,69,72,11122,91854
2023-07-19 15:01:16,70,72,11122,91854
2023-07-19 15:01:25,69,72,11122,91854
2023-07-19 15:01:30,70,72,11122,91854
2023-07-19 15:01:36,69,72,11122,91854
2023-07-19 15:01:42,70,72,11122,91854
2023-07-19 15:01:50,70,71,11122,91854
2023-07-19 15:01:50,70,72,11122,91854
2023-07-19 15:01:50,70,71,11122,91854
2023-07-19 15:02:01,70,72,11122,91854
2023-07-19 15:02:13,70,71,11122,91854
2023-07-19 15:02:13,70,72,11122,91854
2023-07-19 15:02:19,70,72,11122,91854
2023-07-19 15:02:20,70,71,11122,91854
2023-07-19 15:02:34,71,72,11122,91855
2023-07-19 15:02:40,72,73,11122,91906
2023-07-19 15:03:00,73,74,11122,91907
2023-07-19 15:03:39,72,74,11122,91907
2023-07-19 15:04:02,73,74,11122,91907
2023-07-19 15:04:27,74,75,11122,91908
2023-07-19 15:04:48,75,76,11122,91909
2023-07-19 15:05:09,75,77,11122,91909
2023-07-19 15:05:20,76,77,11122,91909
2023-07-19 15:05:23,75,77,11122,91939
2023-07-19 15:05:23,75,77,11148,91965
2023-07-19 15:05:33,75,76,11148,91965
2023-07-19 15:05:34,75,77,11148,92015
2023-07-19 15:05:34,75,76,11148,92015
2023-07-19 15:05:35,75,77,11148,92065
2023-07-19 15:05:35,75,76,11148,92065
2023-07-19 15:05:35,75,77,11148,92065
2023-07-19 15:05:43,75,76,11148,92065
2023-07-19 15:05:44,75,77,11148,92115
2023-07-19 15:06:20,74,77,11148,92115
2023-07-19 15:06:23,75,77,11148,92115
2023-07-19 15:06:26,75,78,11122,92142
2023-07-19 15:06:26,75,77,11122,92142
2023-07-19 15:06:27,75,78,11122,92238
2023-07-19 15:06:43,76,78,11122,92238
2023-07-19 15:06:44,77,78,11122,92238
2023-07-19 15:06:50,77,78,11114,92247
2023-07-19 15:08:32,77,79,11114,92247
2023-07-19 15:08:32,78,79,11114,92247
2023-07-19 15:08:41,78,80,11102,92261
2023-07-19 15:08:50,78,79,11102,92261
2023-07-19 15:08:50,77,79,11147,92308
2023-07-19 15:08:51,77,80,11147,92311
2023-07-19 15:09:10,77,79,11147,92311
2023-07-19 15:09:11,77,80,11102,92356
2023-07-19 15:09:28,78,80,11102,92356
2023-07-19 15:09:31,78,79,11102,92356
2023-07-19 15:09:32,78,80,11034,92424
2023-07-19 15:09:38,78,81,10996,92463
2023-07-19 15:09:39,78,80,10996,92463
2023-07-19 15:10:30,79,80,10996,92463
2023-07-19 15:10:31,79,81,10996,92463
2023-07-19 15:10:31,80,81,10996,92463
2023-07-19 15:10:32,81,82,10996,92464
2023-07-19 15:10:33,81,82,10996,92465
2023-07-19 15:10:33,81,82,10996,92511
2023-07-19 15:10:33,81,82,10996,92556
2023-07-19 15:10:33,80,82,10996,92601
2023-07-19 15:10:34,79,82,10934,92663
2023-07-19 15:10:34,79,81,10934,92689
2023-07-19 15:10:37,79,81,10947,92776
2023-07-19 15:10:38,80,81,10947,92776
2023-07-19 15:10:39,79,81,10917,92976
2023-07-19 15:10:39,78,79,10949,93008
2023-07-19 15:10:40,78,81,11117,93176
2023-07-19 15:10:43,79,81,11117,93176
2023-07-19 15:10:44,80,81,11117,93176
2023-07-19 15:10:44,79,81,11217,93276
2023-07-19 15:10:46,78,81,11317,93376
2023-07-19 15:10:47,78,81,11329,93389
2023-07-19 15:10:48,78,80,11329,93389
2023-07-19 15:10:49,79,80,11329,93389
2023-07-19 15:10:52,79,80,11400,93460
2023-07-19 15:10:55,79,81,11400,93517
2023-07-19 15:10:55,79,80,11400,93517
2023-07-19 15:10:56,79,80,11411,93528
2023-07-19 15:11:03,79,80,11411,93628
2023-07-19 15:11:08,79,81,11411,93628
2023-07-19 15:11:52,79,80,11411,93628
2023-07-19 15:11:55,79,81,11411,93628
2023-07-19 15:12:42,79,80,11411,93628
2023-07-19 15:12:43,79,81,11456,93673
2023-07-19 15:12:57,80,81,11456,93673
2023-07-19 15:12:58,81,82,11457,93674
2023-07-19 15:12:58,80,81,11556,93773
2023-07-19 15:12:58,80,82,11556,93773
2023-07-19 15:12:59,80,81,11556,93773
2023-07-19 15:12:59,80,82,11605,93869
2023-07-19 15:13:00,81,83,11650,93917
2023-07-19 15:13:00,81,83,11749,94016
2023-07-19 15:13:01,82,83,11749,94016
2023-07-19 15:13:02,83,84,11750,94017
2023-07-19 15:13:02,83,84,11794,94061
2023-07-19 15:13:02,83,84,11838,94105
2023-07-19 15:13:04,83,84,11860,94127
2023-07-19 15:13:06,82,84,11860,94316
2023-07-19 15:13:06,82,83,11860,94316
2023-07-19 15:13:07,82,84,11905,94361
2023-07-19 15:13:11,82,84,11915,94371
2023-07-19 15:13:16,82,83,11915,94371
2023-07-19 15:13:17,82,84,11960,94416
2023-07-19 15:13:19,82,83,11960,94416
2023-07-19 15:13:20,82,84,11960,94466
2023-07-19 15:13:20,82,84,11970,94476
2023-07-19 15:13:35,82,85,11971,94477
2023-07-19 15:14:48,83,85,11971,94477
2023-07-19 15:14:49,84,85,11971,94477
2023-07-19 15:14:59,84,85,11985,94491
2023-07-19 15:15:04,84,86,11985,94491
2023-07-19 15:15:18,84,87,11985,94491
2023-07-19 15:15:33,84,86,11985,94491
2023-07-19 15:15:37,84,86,12059,94565
2023-07-19 15:15:37,84,87,12059,94565
2023-07-19 15:15:38,84,86,12059,94565
2023-07-19 15:15:55,84,86,12066,94572
2023-07-19 15:15:58,84,87,12066,94572
2023-07-19 15:17:15,85,87,12066,94572
2023-07-19 15:17:19,85,87,12066,94584
2023-07-19 15:17:27,84,87,12066,94707
2023-07-19 15:17:33,84,86,12066,94707
2023-07-19 15:17:49,84,86,12067,94708
2023-07-19 15:19:27,84,87,12240,94881
2023-07-19 15:19:27,86,87,12240,94881
2023-07-19 15:19:33,85,87,12240,94881
2023-07-19 15:20:09,85,87,12240,94893
2023-07-19 15:20:14,84,87,12240,94893
2023-07-19 15:20:14,86,87,12240,94893
2023-07-19 15:20:17,86,87,12240,94915
2023-07-19 15:20:22,84,87,12240,94915
2023-07-19 15:20:22,85,87,12240,94915
2023-07-19 15:20:35,84,87,12240,94915
2023-07-19 15:20:37,84,86,12240,94915
2023-07-19 15:20:39,86,87,12240,94960
2023-07-19 15:20:39,86,87,12240,95010
2023-07-19 15:20:46,85,87,12135,95115
2023-07-19 15:20:58,85,87,12135,95144
2023-07-19 15:21:16,85,88,12181,95490
2023-07-19 15:21:16,85,88,11820,95890
2023-07-19 15:21:16,85,87,11820,95890
2023-07-19 15:21:18,84,87,11620,96090
2023-07-19 15:21:19,84,86,11620,96090
2023-07-19 15:21:19,83,86,11620,96090
2023-07-19 15:21:19,84,86,11620,96090
2023-07-19 15:21:19,85,86,11620,96090
2023-07-19 15:21:20,84,85,11619,96091
2023-07-19 15:21:26,84,86,11619,96091
2023-07-19 15:21:27,84,85,11619,96091
2023-07-19 15:21:33,85,86,11619,96092
2023-07-19 15:21:34,84,86,11619,96092
2023-07-19 15:21:35,85,86,11619,96092
2023-07-19 15:21:37,84,86,11619,96092
2023-07-19 15:21:46,85,86,11619,96092
2023-07-19 15:21:48,84,86,11619,96092
2023-07-19 15:21:49,85,86,11619,96092
2023-07-19 15:21:54,85,87,11628,96101
2023-07-19 15:22:01,86,87,11628,96101
2023-07-19 15:22:08,85,87,11628,96101
2023-07-19 15:22:10,85,87,11629,96102
2023-07-19 15:22:15,84,87,11526,96205
2023-07-19 15:23:14,85,87,11526,96205
2023-07-19 15:23:15,84,87,11526,96205
2023-07-19 15:23:18,85,87,11526,96205
2023-07-19 15:23:20,84,87,11526,96205
2023-07-19 15:23:21,85,87,11526,96205
2023-07-19 15:24:02,84,87,11526,96205
2023-07-19 15:24:05,85,87,11526,96205
2023-07-19 15:25:22,85,88,11536,96215
2023-07-19 15:26:00,86,88,11536,96215
2023-07-19 15:27:08,87,88,11536,96215
2023-07-19 15:27:09,87,89,11737,96416
2023-07-19 15:27:15,86,89,11737,96416
2023-07-19 15:27:32,87,89,11737,96416
2023-07-19 15:27:35,86,89,11537,96616
2023-07-19 15:27:45,87,89,11537,96616
2023-07-19 15:28:02,88,89,11537,96616
2023-07-19 15:28:03,89,90,11538,96617
2023-07-19 15:28:09,89,90,11565,96644
2023-07-19 15:28:24,89,91,11866,96945
2023-07-19 15:28:25,89,90,11866,96945
2023-07-19 15:28:26,89,91,12066,97145
2023-07-19 15:28:28,89,90,12066,97145
2023-07-19 15:28:29,89,91,12266,97345
2023-07-19 15:29:00,89,92,12617,97696
2023-07-19 15:29:11,90,92,12617,97696
2023-07-19 15:30:38,91,92,12617,97696
2023-07-19 15:30:42,91,92,12617,97729
2023-07-19 15:31:01,92,93,12617,97730
2023-07-19 15:31:08,91,93,12617,97730
2023-07-19 15:31:20,92,93,12617,97730
2023-07-19 15:31:22,92,93,12617,97758
2023-07-19 15:31:25,91,93,12617,97758
2023-07-19 15:31:26,92,93,12617,97758
2023-07-19 15:31:33,92,93,12617,97772
2023-07-19 15:31:44,93,94,12617,97773
2023-07-19 15:31:44,91,92,12617,98172
2023-07-19 15:31:45,92,94,12617,98173
2023-07-19 15:31:47,91,94,12617,98173
2023-07-19 15:31:48,92,94,12617,98173
2023-07-19 15:32:15,92,93,12617,98173
2023-07-19 15:33:00,92,94,12818,98374
2023-07-19 15:33:08,92,93,12818,98374
2023-07-19 15:33:09,92,94,13018,98574
2023-07-19 15:33:10,93,94,13018,98574
2023-07-19 15:33:10,93,95,13269,98825
2023-07-19 15:33:11,94,95,13269,98825
2023-07-19 15:33:15,94,95,13349,98905
2023-07-19 15:33:16,92,95,13349,98905
2023-07-19 15:34:19,93,95,13349,98905
2023-07-19 15:34:59,94,95,13349,98905
2023-07-19 15:34:59,94,95,13349,98965
2023-07-19 15:35:00,93,95,13349,98965
2023-07-19 15:35:02,94,95,13349,98965
2023-07-19 15:35:04,93,95,13349,98965
2023-07-19 15:35:09,94,95,13349,98965
2023-07-19 15:35:09,95,96,13349,98966
2023-07-19 15:35:09,95,96,13349,99011
2023-07-19 15:35:09,95,96,13349,99057
2023-07-19 15:35:09,95,96,13349,99103
2023-07-19 15:35:09,95,96,13349,99149
2023-07-19 15:35:10,94,96,13349,99149
2023-07-19 15:35:10,95,96,13349,99149
2023-07-19 15:35:10,95,96,13349,99194
2023-07-19 15:35:10,95,96,13349,99239
2023-07-19 15:35:11,94,96,13349,99239
2023-07-19 15:35:26,94,96,13349,99299
2023-07-19 15:35:26,94,95,13349,99299
2023-07-19 15:35:27,94,96,13349,99499
2023-07-19 15:35:27,95,96,13349,99499
2023-07-19 15:35:27,95,96,13349,99503
2023-07-19 15:35:27,95,96,13349,99507
2023-07-19 15:35:27,94,96,13349,99559
2023-07-19 15:35:27,94,95,13349,99559
2023-07-19 15:35:27,94,96,13349,99559
2023-07-19 15:35:28,95,96,13349,99604
2023-07-19 15:35:28,94,96,13349,99619
2023-07-19 15:35:28,94,96,13349,99662
2023-07-19 15:35:28,94,95,13349,99662
2023-07-19 15:35:32,93,95,13347,99664
2023-07-19 15:35:33,95,96,13247,99779
2023-07-19 15:35:33,94,95,13162,99864
2023-07-19 15:35:33,94,95,13162,99964
2023-07-19 15:35:33,94,95,13162,100014
2023-07-19 15:35:34,93,95,13162,100014
2023-07-19 15:35:35,93,94,13162,100014
2023-07-19 15:35:36,92,94,13128,100048
2023-07-19 15:35:36,92,93,13128,100048
2023-07-19 15:35:37,92,93,13128,100081
2023-07-19 15:35:38,93,94,13128,100093
2023-07-19 15:35:40,93,94,13128,100094
2023-07-19 15:35:41,91,94,12894,100328
2023-07-19 15:35:41,91,93,12894,100328
2023-07-19 15:35:45,90,93,12693,100529
2023-07-19 15:35:45,90,92,12693,100529
2023-07-19 15:35:46,91,92,12693,100529
2023-07-19 15:35:46,90,92,12691,100531
2023-07-19 15:35:53,89,92,12690,100532
2023-07-19 15:35:54,89,91,12690,100532
2023-07-19 15:35:56,88,91,12487,100735
2023-07-19 15:35:56,89,91,12487,100735
2023-07-19 15:35:58,88,91,12442,100780
2023-07-19 15:35:58,90,91,12442,100780
2023-07-19 15:36:06,90,92,12442,100790
2023-07-19 15:36:13,91,92,12442,100790
2023-07-19 15:36:13,91,92,12442,100851
2023-07-19 15:36:14,90,92,12442,100851
2023-07-19 15:36:23,91,92,12442,100851
2023-07-19 15:36:25,90,92,12442,100851
2023-07-19 15:36:25,92,93,12442,100853
2023-07-19 15:36:25,92,93,12442,100858
2023-07-19 15:36:25,92,93,12442,100863
2023-07-19 15:36:25,92,93,12442,100868
2023-07-19 15:36:25,92,93,12442,100873
2023-07-19 15:36:26,90,93,12442,100873
2023-07-19 15:36:26,91,93,12442,100873
2023-07-19 15:36:32,92,93,12442,100873
2023-07-19 15:36:37,91,93,12442,100873
2023-07-19 15:36:37,92,93,12442,100873
2023-07-19 15:36:37,93,94,12442,100874
2023-07-19 15:36:59,92,94,12480,100925
2023-07-19 15:37:17,92,93,12480,100925
2023-07-19 15:37:25,91,93,12480,100925
2023-07-19 15:37:37,92,93,12480,100925
2023-07-19 15:38:35,93,94,12481,100926
2023-07-19 15:38:41,93,95,12682,101127
2023-07-19 15:39:15,93,94,12682,101127
2023-07-19 15:39:24,93,95,12682,101127
2023-07-19 15:39:40,93,94,12682,101127
2023-07-19 15:40:36,93,95,12682,101127
2023-07-19 15:41:25,94,95,12682,101127
2023-07-19 15:41:26,93,95,12682,101127
2023-07-19 15:41:40,94,95,12682,101127
2023-07-19 15:42:57,93,95,12682,101127
2023-07-19 15:43:02,94,95,12682,101127
2023-07-19 15:43:31,93,95,12682,101127
2023-07-19 15:43:32,94,95,12682,101127
2023-07-19 15:43:50,93,95,12682,101127
2023-07-19 15:44:00,93,94,12682,101127
2023-07-19 15:44:08,93,95,12682,101127
2023-07-19 15:44:08,93,95,12644,101165
2023-07-19 15:44:11,92,95,12644,101165
2023-07-19 15:44:11,92,94,12644,101165
2023-07-19 15:44:16,93,94,12644,101165
2023-07-19 15:44:16,93,95,12644,101165
2023-07-19 15:44:17,92,95,12644,101165
2023-07-19 15:44:19,92,94,12644,101165
2023-07-19 15:44:23,93,94,12644,101165
2023-07-19 15:44:23,93,95,12644,101165
2023-07-19 15:44:31,92,95,12644,101165
2023-07-19 15:44:40,92,94,12644,101165
2023-07-19 15:44:42,92,95,12644,101165
2023-07-19 15:44:53,93,95,12644,101165
2023-07-19 15:44:59,94,95,12644,101165
2023-07-19 15:45:26,93,95,12644,101165
2023-07-19 15:46:12,94,95,12644,101165
2023-07-19 15:46:36,95,96,12645,101166
2023-07-19 15:46:54,95,97,12700,101221
2023-07-19 15:49:29,96,97,12700,101221
2023-07-19 15:49:37,96,97,13201,101722
2023-07-19 15:50:07,96,97,12801,102122
2023-07-19 15:50:09,96,98,13002,102323
2023-07-19 15:50:22,96,97,13002,102323
2023-07-19 15:50:25,96,98,13002,102323
2023-07-19 15:50:32,96,98,13046,102370
2023-07-19 15:50:35,97,98,13046,102370
2023-07-19 15:51:03,96,98,13551,102875
2023-07-19 15:51:04,95,98,13551,102875
2023-07-19 15:51:25,95,97,13551,102875
2023-07-19 15:51:28,95,98,13551,102875
2023-07-19 15:51:50,96,98,13551,102875
2023-07-19 15:52:01,96,97,13551,102875
2023-07-19 15:52:07,95,97,13551,102875
2023-07-19 15:52:10,96,97,13551,102875
2023-07-19 15:52:24,96,98,13551,103276
2023-07-19 15:52:38,97,98,13551,103276
2023-07-19 15:52:45,97,98,13551,103476
2023-07-19 15:52:46,97,98,13551,103876
2023-07-19 15:52:47,96,97,13551,103885
2023-07-19 15:53:01,96,98,13952,104286
2023-07-19 15:53:41,96,99,13952,104287
2023-07-19 15:53:52,97,99,13952,104287
2023-07-19 15:53:54,96,99,13952,104287
2023-07-19 15:53:54,98,99,13952,104287
2023-07-19 15:53:54,98,99,13952,104348
2023-07-19 15:54:01,98,99,13952,104548
2023-07-19 15:54:02,98,99,13952,104748
2023-07-19 15:54:07,96,99,13952,104748
2023-07-19 15:54:07,96,99,13952,104948
2023-07-19 15:54:07,97,99,13952,104948
2023-07-19 15:54:08,98,99,13952,104948
2023-07-19 15:54:10,97,99,13952,104948
2023-07-19 15:54:33,97,100,14353,106051
2023-07-19 15:54:40,98,100,14353,106051
2023-07-19 15:54:50,99,100,14353,106051
2023-07-19 15:54:50,98,100,14353,106251
2023-07-19 15:54:50,98,99,14353,106251
2023-07-19 15:54:52,98,99,14353,106311
2023-07-19 15:54:52,98,99,14353,106372
2023-07-19 15:54:53,97,99,14353,106372
2023-07-19 15:54:53,97,98,14353,106372
2023-07-19 15:54:57,96,98,14353,106373
2023-07-19 15:55:00,96,99,14353,106373
2023-07-19 15:55:02,96,98,14353,106373
2023-07-19 15:55:04,97,98,14353,106373
2023-07-19 15:55:22,96,98,14353,106373
2023-07-19 15:55:22,98,99,14353,106374
2023-07-19 15:55:24,96,99,14353,106374
2023-07-19 15:55:25,98,99,14353,106374
2023-07-19 15:55:35,97,99,14353,106374
2023-07-19 15:55:35,99,100,14353,106376
2023-07-19 15:55:43,98,100,14353,106376
2023-07-19 15:55:45,98,99,14353,106376
2023-07-19 15:55:54,99,100,14308,106421
2023-07-19 15:56:04,98,100,14308,106421
2023-07-19 15:56:11,99,100,14308,106421
2023-07-19 15:56:14,98,100,14308,106421
2023-07-19 15:56:15,99,100,14308,106421
2023-07-19 15:56:23,99,100,14308,106616
2023-07-19 15:56:23,97,100,14308,106625
2023-07-19 15:56:23,97,100,14308,106626
2023-07-19 15:56:24,99,100,14308,106626
2023-07-19 15:56:31,98,100,14308,106626
2023-07-19 15:56:42,99,100,14308,106626
2023-07-19 15:57:03,98,100,14308,106626
2023-07-19 15:57:21,96,100,14308,106626
2023-07-19 15:57:21,99,100,14308,106626
2023-07-19 15:57:24,96,100,14308,106626
2023-07-19 15:57:25,98,100,14308,106631
2023-07-19 15:57:29,96,100,14308,106631
2023-07-19 15:57:29,99,100,14308,106631
2023-07-19 15:57:38,96,100,14308,106631
2023-07-19 15:57:40,97,100,14308,106631
2023-07-19 15:57:41,96,100,14308,106631
2023-07-19 15:57:46,97,100,14308,106631
2023-07-19 15:57:48,98,100,14308,106631
2023-07-19 15:58:00,96,100,14308,106631
2023-07-19 15:58:00,99,100,14308,106631
2023-07-19 15:58:01,96,100,14308,106631
2023-07-19 15:58:03,96,100,14308,106631
2023-07-19 15:58:03,99,100,14308,106631
