datetime,bid,ask,open_interest,volume
2023-12-08 09:30:52,32,99,0,0
2023-12-08 09:30:52,34,99,0,0
2023-12-08 09:30:52,36,99,0,0
2023-12-08 09:30:52,36,43,0,0
2023-12-08 09:30:57,0,43,0,0
2023-12-08 09:30:57,0,99,0,0
2023-12-08 09:30:57,34,99,0,0
2023-12-08 09:30:57,36,99,0,0
2023-12-08 09:30:57,38,99,0,0
2023-12-08 09:30:57,38,49,0,0
2023-12-08 09:30:57,38,46,0,0
2023-12-08 09:30:57,38,44,0,0
2023-12-08 09:31:01,0,44,0,0
2023-12-08 09:31:01,0,99,0,0
2023-12-08 09:31:01,37,99,0,0
2023-12-08 09:31:01,39,99,0,0
2023-12-08 09:31:01,39,45,0,0
2023-12-08 09:31:11,39,99,0,0
2023-12-08 09:31:11,0,99,0,0
2023-12-08 09:31:11,35,99,0,0
2023-12-08 09:31:11,37,99,0,0
2023-12-08 09:31:11,37,48,0,0
2023-12-08 09:31:11,37,46,0,0
2023-12-08 09:31:11,37,44,0,0
2023-12-08 09:31:18,0,44,0,0
2023-12-08 09:31:18,0,99,0,0
2023-12-08 09:31:18,35,99,0,0
2023-12-08 09:31:18,39,99,0,0
2023-12-08 09:31:18,39,45,0,0
2023-12-08 09:31:26,0,45,0,0
2023-12-08 09:31:26,0,99,0,0
2023-12-08 09:31:26,36,99,0,0
2023-12-08 09:31:26,40,99,0,0
2023-12-08 09:31:26,40,51,0,0
2023-12-08 09:31:26,40,46,0,0
2023-12-08 09:31:31,40,99,0,0
2023-12-08 09:31:31,0,99,0,0
2023-12-08 09:31:31,37,99,0,0
2023-12-08 09:31:31,39,99,0,0
2023-12-08 09:31:31,39,45,0,0
2023-12-08 09:31:34,39,99,0,0
2023-12-08 09:31:34,0,99,0,0
2023-12-08 09:31:34,36,99,0,0
2023-12-08 09:31:34,38,99,0,0
2023-12-08 09:31:34,38,46,0,0
2023-12-08 09:31:34,38,44,0,0
2023-12-08 09:31:42,38,99,0,0
2023-12-08 09:31:42,0,99,0,0
2023-12-08 09:31:42,36,99,0,0
2023-12-08 09:31:42,36,47,0,0
2023-12-08 09:31:42,36,44,0,0
2023-12-08 09:31:42,36,43,0,0
2023-12-08 09:31:57,36,99,0,0
2023-12-08 09:31:57,0,99,0,0
2023-12-08 09:31:57,32,99,0,0
2023-12-08 09:31:57,34,99,0,0
2023-12-08 09:31:57,34,40,0,0
2023-12-08 09:31:59,34,99,0,0
2023-12-08 09:31:59,0,99,0,0
2023-12-08 09:31:59,28,99,0,0
2023-12-08 09:31:59,33,99,0,0
2023-12-08 09:31:59,33,44,0,0
2023-12-08 09:31:59,33,39,0,0
2023-12-08 09:32:04,33,99,0,0
2023-12-08 09:32:04,0,99,0,0
2023-12-08 09:32:04,27,99,0,0
2023-12-08 09:32:04,31,99,0,0
2023-12-08 09:32:04,31,43,0,0
2023-12-08 09:32:04,31,37,0,0
2023-12-08 09:32:07,0,37,0,0
2023-12-08 09:32:07,0,99,0,0
2023-12-08 09:32:07,28,99,0,0
2023-12-08 09:32:07,31,99,0,0
2023-12-08 09:32:07,33,99,0,0
2023-12-08 09:32:07,33,44,0,0
2023-12-08 09:32:07,33,41,0,0
2023-12-08 09:32:07,33,39,0,0
2023-12-08 09:32:11,0,39,0,0
2023-12-08 09:32:11,0,99,0,0
2023-12-08 09:32:11,33,99,0,0
2023-12-08 09:32:11,35,99,0,0
2023-12-08 09:32:11,35,44,0,0
2023-12-08 09:32:11,35,41,0,0
2023-12-08 09:32:16,0,41,0,0
2023-12-08 09:32:16,0,99,0,0
2023-12-08 09:32:16,32,99,0,0
2023-12-08 09:32:16,36,99,0,0
2023-12-08 09:32:16,36,45,0,0
2023-12-08 09:32:16,36,43,0,0
2023-12-08 09:32:29,0,43,0,0
2023-12-08 09:32:29,0,99,0,0
2023-12-08 09:32:29,33,99,0,0
2023-12-08 09:32:29,37,99,0,0
2023-12-08 09:32:29,37,48,0,0
2023-12-08 09:32:29,37,45,0,0
2023-12-08 09:32:29,37,44,0,0
2023-12-08 09:32:36,37,99,0,0
2023-12-08 09:32:36,0,99,0,0
2023-12-08 09:32:36,32,99,0,0
2023-12-08 09:32:36,36,99,0,0
2023-12-08 09:32:36,36,47,0,0
2023-12-08 09:32:36,36,43,0,0
2023-12-08 09:32:42,0,43,0,0
2023-12-08 09:32:42,0,99,0,0
2023-12-08 09:32:42,38,99,0,0
2023-12-08 09:32:42,38,49,0,0
2023-12-08 09:32:42,38,44,0,0
2023-12-08 09:32:57,38,99,0,0
2023-12-08 09:32:57,0,99,0,0
2023-12-08 09:32:57,36,99,0,0
2023-12-08 09:32:57,36,43,0,0
2023-12-08 09:33:04,0,43,0,0
2023-12-08 09:33:04,0,99,0,0
2023-12-08 09:33:04,34,99,0,0
2023-12-08 09:33:04,38,99,0,0
2023-12-08 09:33:04,38,47,0,0
2023-12-08 09:33:04,38,44,0,0
2023-12-08 09:33:43,0,44,0,0
2023-12-08 09:33:43,0,99,0,0
2023-12-08 09:33:43,35,99,0,0
2023-12-08 09:33:43,39,99,0,0
2023-12-08 09:33:43,39,45,0,0
2023-12-08 09:34:03,0,45,0,0
2023-12-08 09:34:03,0,99,0,0
2023-12-08 09:34:03,35,99,0,0
2023-12-08 09:34:03,38,99,0,0
2023-12-08 09:34:03,40,99,0,0
2023-12-08 09:34:03,40,49,0,0
2023-12-08 09:34:03,40,46,0,0
2023-12-08 09:34:09,40,99,0,0
2023-12-08 09:34:09,0,99,0,0
2023-12-08 09:34:09,35,99,0,0
2023-12-08 09:34:09,37,99,0,0
2023-12-08 09:34:09,39,99,0,0
2023-12-08 09:34:09,39,48,0,0
2023-12-08 09:34:09,39,45,0,0
2023-12-08 09:34:12,39,99,0,0
2023-12-08 09:34:12,0,99,0,0
2023-12-08 09:34:12,36,99,0,0
2023-12-08 09:34:12,38,99,0,0
2023-12-08 09:34:12,38,49,0,0
2023-12-08 09:34:12,38,44,0,0
2023-12-08 09:34:28,0,44,0,0
2023-12-08 09:34:28,0,99,0,0
2023-12-08 09:34:28,35,99,0,0
2023-12-08 09:34:28,37,99,0,0
2023-12-08 09:34:28,39,99,0,0
2023-12-08 09:34:28,39,50,0,0
2023-12-08 09:34:28,39,45,0,0
2023-12-08 09:34:33,39,99,0,0
2023-12-08 09:34:33,0,99,0,0
2023-12-08 09:34:33,34,99,0,0
2023-12-08 09:34:33,38,99,0,0
2023-12-08 09:34:33,38,49,0,0
2023-12-08 09:34:33,38,46,0,0
2023-12-08 09:34:33,38,44,0,0
2023-12-08 09:34:43,38,99,0,0
2023-12-08 09:34:43,0,99,0,0
2023-12-08 09:34:43,34,99,0,0
2023-12-08 09:34:43,36,99,0,0
2023-12-08 09:34:43,36,44,0,0
2023-12-08 09:34:43,36,43,0,0
2023-12-08 09:34:52,0,43,0,0
2023-12-08 09:34:52,0,99,0,0
2023-12-08 09:34:52,36,99,0,0
2023-12-08 09:34:52,38,99,0,0
2023-12-08 09:34:52,38,48,0,0
2023-12-08 09:34:52,38,44,0,0
2023-12-08 09:34:55,0,44,0,0
2023-12-08 09:34:55,0,99,0,0
2023-12-08 09:34:55,34,99,0,0
2023-12-08 09:34:55,37,99,0,0
2023-12-08 09:34:55,39,99,0,0
2023-12-08 09:34:55,39,50,0,0
2023-12-08 09:34:55,39,47,0,0
2023-12-08 09:34:55,39,45,0,0
2023-12-08 09:35:24,0,45,0,0
2023-12-08 09:35:24,0,99,0,0
2023-12-08 09:35:24,38,99,0,0
2023-12-08 09:35:24,40,99,0,0
2023-12-08 09:35:24,40,46,0,0
2023-12-08 09:35:31,40,99,0,0
2023-12-08 09:35:31,0,99,0,0
2023-12-08 09:35:31,35,99,0,0
2023-12-08 09:35:31,39,99,0,0
2023-12-08 09:35:31,39,47,0,0
2023-12-08 09:35:31,39,45,0,0
2023-12-08 09:35:44,0,45,0,0
2023-12-08 09:35:44,0,99,0,0
2023-12-08 09:35:44,39,99,0,0
2023-12-08 09:35:44,41,99,0,0
2023-12-08 09:35:44,41,49,0,0
2023-12-08 09:35:44,41,47,0,0
2023-12-08 09:35:54,41,99,0,0
2023-12-08 09:35:54,0,99,0,0
2023-12-08 09:35:54,37,99,0,0
2023-12-08 09:35:54,39,99,0,0
2023-12-08 09:35:54,39,45,0,0
2023-12-08 09:36:17,39,42,0,0
2023-12-08 09:36:18,36,42,0,0
2023-12-08 09:36:18,38,42,0,0
2023-12-08 09:36:20,36,42,0,0
2023-12-08 09:36:20,37,42,0,0
2023-12-08 09:36:20,39,42,0,0
2023-12-08 09:36:21,39,45,0,0
2023-12-08 09:36:34,36,45,0,0
2023-12-08 09:36:34,36,99,0,0
2023-12-08 09:36:34,41,99,0,0
2023-12-08 09:36:34,41,50,0,0
2023-12-08 09:36:34,41,47,0,0
2023-12-08 09:36:44,41,99,0,0
2023-12-08 09:36:44,36,99,0,0
2023-12-08 09:36:44,39,99,0,0
2023-12-08 09:36:44,39,50,0,0
2023-12-08 09:36:44,39,47,0,0
2023-12-08 09:36:44,39,45,0,0
2023-12-08 09:37:18,36,45,0,0
2023-12-08 09:37:18,38,45,0,0
2023-12-08 09:37:18,38,44,0,0
2023-12-08 09:37:21,38,45,0,0
2023-12-08 09:37:21,36,45,0,0
2023-12-08 09:37:21,37,45,0,0
2023-12-08 09:37:21,37,44,0,0
2023-12-08 09:37:26,0,44,0,0
2023-12-08 09:37:26,0,45,0,0
2023-12-08 09:37:26,36,45,0,0
2023-12-08 09:37:26,38,45,0,0
2023-12-08 09:37:26,38,44,0,0
2023-12-08 09:37:40,38,45,0,0
2023-12-08 09:37:40,35,45,0,0
2023-12-08 09:37:40,37,45,0,0
2023-12-08 09:37:40,37,44,0,0
2023-12-08 09:37:54,35,44,0,0
2023-12-08 09:37:54,35,45,0,0
2023-12-08 09:37:54,36,45,0,0
2023-12-08 09:37:54,38,45,0,0
2023-12-08 09:37:54,38,44,0,0
2023-12-08 09:38:05,38,45,0,0
2023-12-08 09:38:05,35,45,0,0
2023-12-08 09:38:05,37,45,0,0
2023-12-08 09:38:05,37,44,0,0
2023-12-08 09:38:12,35,44,0,0
2023-12-08 09:38:12,35,45,0,0
2023-12-08 09:38:12,36,45,0,0
2023-12-08 09:38:12,38,45,0,0
2023-12-08 09:38:12,38,44,0,0
2023-12-08 09:38:25,35,44,0,0
2023-12-08 09:38:25,35,45,0,0
2023-12-08 09:38:25,39,45,0,0
2023-12-08 09:38:44,35,45,0,0
2023-12-08 09:38:44,36,45,0,0
2023-12-08 09:38:44,41,45,0,0
2023-12-08 09:38:48,41,46,0,0
2023-12-08 09:38:51,41,45,0,0
2023-12-08 09:39:05,0,45,0,0
2023-12-08 09:39:05,35,45,0,0
2023-12-08 09:39:05,39,45,0,0
2023-12-08 09:39:38,37,45,0,0
2023-12-08 09:39:38,38,45,0,0
2023-12-08 09:39:38,38,44,0,0
2023-12-08 09:40:16,37,44,0,0
2023-12-08 09:40:16,37,45,0,0
2023-12-08 09:40:16,39,45,0,0
2023-12-08 09:40:43,37,45,0,0
2023-12-08 09:40:43,37,46,0,0
2023-12-08 09:40:43,41,46,0,0
2023-12-08 09:40:54,41,47,0,0
2023-12-08 09:41:07,37,47,0,0
2023-12-08 09:41:07,37,48,0,0
2023-12-08 09:41:07,40,48,0,0
2023-12-08 09:41:07,42,48,0,0
2023-12-08 09:41:12,37,48,0,0
2023-12-08 09:41:12,42,48,0,0
2023-12-08 09:41:12,44,48,0,0
2023-12-08 09:41:15,44,50,0,0
2023-12-08 09:41:28,37,50,0,0
2023-12-08 09:41:28,40,50,0,0
2023-12-08 09:41:28,42,50,0,0
2023-12-08 09:41:28,42,48,0,0
2023-12-08 09:41:37,37,48,0,0
2023-12-08 09:41:37,37,50,0,0
2023-12-08 09:41:37,43,50,0,0
2023-12-08 09:41:37,43,49,0,0
2023-12-08 09:41:44,0,49,0,0
2023-12-08 09:41:44,0,50,0,0
2023-12-08 09:41:44,45,50,0,0
2023-12-08 09:41:45,45,51,0,0
2023-12-08 09:42:12,45,52,0,0
2023-12-08 09:42:12,0,52,0,0
2023-12-08 09:42:12,39,52,0,0
2023-12-08 09:42:12,44,52,0,0
2023-12-08 09:42:12,44,49,0,0
2023-12-08 09:42:25,44,52,0,0
2023-12-08 09:42:25,0,52,0,0
2023-12-08 09:42:25,42,52,0,0
2023-12-08 09:42:25,42,48,0,0
2023-12-08 09:42:36,0,48,0,0
2023-12-08 09:42:36,0,52,0,0
2023-12-08 09:42:36,40,52,0,0
2023-12-08 09:42:36,43,52,0,0
2023-12-08 09:42:36,43,49,0,0
2023-12-08 09:42:41,0,49,0,0
2023-12-08 09:42:41,0,52,0,0
2023-12-08 09:42:41,40,52,0,0
2023-12-08 09:42:41,43,52,0,0
2023-12-08 09:42:41,45,52,0,0
2023-12-08 09:42:41,45,51,0,0
2023-12-08 09:43:01,0,51,0,0
2023-12-08 09:43:01,0,52,0,0
2023-12-08 09:43:01,41,52,0,0
2023-12-08 09:43:01,44,52,0,0
2023-12-08 09:43:01,46,52,0,0
2023-12-08 09:43:12,47,52,0,0
2023-12-08 09:43:47,47,53,0,0
2023-12-08 09:43:47,48,53,0,0
2023-12-08 09:43:56,47,53,0,0
2023-12-08 09:43:56,47,54,0,0
2023-12-08 09:43:56,49,54,0,0
2023-12-08 09:43:58,49,55,0,0
2023-12-08 09:44:01,47,55,0,0
2023-12-08 09:44:01,47,99,0,0
2023-12-08 09:44:01,50,99,0,0
2023-12-08 09:44:01,50,58,0,0
2023-12-08 09:44:01,50,56,0,0
2023-12-08 09:44:11,47,56,0,0
2023-12-08 09:44:11,47,99,0,0
2023-12-08 09:44:11,50,99,0,0
2023-12-08 09:44:11,52,99,0,0
2023-12-08 09:44:11,52,62,0,0
2023-12-08 09:44:11,52,58,0,0
2023-12-08 09:44:28,52,99,0,0
2023-12-08 09:44:28,47,99,0,0
2023-12-08 09:44:28,49,99,0,0
2023-12-08 09:44:28,51,99,0,0
2023-12-08 09:44:28,51,62,0,0
2023-12-08 09:44:28,51,57,0,0
2023-12-08 09:44:52,0,57,0,0
2023-12-08 09:44:52,0,60,0,0
2023-12-08 09:44:52,49,60,0,0
2023-12-08 09:44:52,52,60,0,0
2023-12-08 09:44:52,52,58,0,0
2023-12-08 09:45:06,0,58,0,0
2023-12-08 09:45:06,0,60,0,0
2023-12-08 09:45:46,43,60,0,0
2023-12-08 09:45:46,48,60,0,0
2023-12-08 09:45:46,48,56,0,0
2023-12-08 09:45:46,48,54,0,0
2023-12-08 09:46:05,0,54,0,0
2023-12-08 09:46:05,0,60,0,0
2023-12-08 09:46:05,44,60,0,0
2023-12-08 09:46:05,47,60,0,0
2023-12-08 09:46:05,49,60,0,0
2023-12-08 09:46:05,49,55,0,0
2023-12-08 09:47:05,49,57,0,0
2023-12-08 09:47:06,50,99,0,0
2023-12-08 09:47:06,50,56,0,0
2023-12-08 09:47:09,0,56,0,0
2023-12-08 09:47:09,0,99,0,0
2023-12-08 09:47:09,46,99,0,0
2023-12-08 09:47:09,49,99,0,0
2023-12-08 09:47:09,51,99,0,0
2023-12-08 09:47:09,51,57,0,0
2023-12-08 09:47:24,51,99,0,0
2023-12-08 09:47:24,0,99,0,0
2023-12-08 09:47:24,45,99,0,0
2023-12-08 09:47:24,47,99,0,0
2023-12-08 09:47:24,50,99,0,0
2023-12-08 09:47:24,50,56,0,0
2023-12-08 09:47:33,50,99,0,0
2023-12-08 09:47:33,0,99,0,0
2023-12-08 09:47:33,44,99,0,0
2023-12-08 09:47:33,46,99,0,0
2023-12-08 09:47:33,49,99,0,0
2023-12-08 09:47:33,49,56,0,0
2023-12-08 09:47:33,49,54,0,0
2023-12-08 09:48:14,0,54,0,0
2023-12-08 09:48:14,0,99,0,0
2023-12-08 09:48:14,47,99,0,0
2023-12-08 09:48:14,50,99,0,0
2023-12-08 09:48:14,50,59,0,0
2023-12-08 09:48:14,50,56,0,0
2023-12-08 09:48:38,50,99,0,0
2023-12-08 09:48:38,0,99,0,0
2023-12-08 09:48:38,44,99,0,0
2023-12-08 09:48:38,46,99,0,0
2023-12-08 09:48:38,49,99,0,0
2023-12-08 09:48:38,49,56,0,0
2023-12-08 09:48:38,49,54,0,0
2023-12-08 09:48:43,0,54,0,0
2023-12-08 09:48:43,0,99,0,0
2023-12-08 09:48:43,48,99,0,0
2023-12-08 09:48:43,50,99,0,0
2023-12-08 09:48:43,50,58,0,0
2023-12-08 09:48:43,50,56,0,0
2023-12-08 09:49:16,0,56,0,0
2023-12-08 09:49:16,0,99,0,0
2023-12-08 09:49:16,51,99,0,0
2023-12-08 09:49:16,51,57,0,0
2023-12-08 09:49:39,0,57,0,0
2023-12-08 09:49:39,0,99,0,0
2023-12-08 09:49:39,50,99,0,0
2023-12-08 09:49:39,52,99,0,0
2023-12-08 09:49:39,52,60,0,0
2023-12-08 09:49:39,52,58,0,0
2023-12-08 09:49:42,0,58,0,0
2023-12-08 09:49:42,0,99,0,0
2023-12-08 09:49:42,54,99,0,0
2023-12-08 09:49:42,54,60,0,0
2023-12-08 09:49:47,54,99,0,0
2023-12-08 09:49:47,0,99,0,0
2023-12-08 09:49:47,52,99,0,0
2023-12-08 09:49:47,52,62,0,0
2023-12-08 09:49:47,52,60,0,0
2023-12-08 09:49:47,52,58,0,0
2023-12-08 09:50:38,0,58,0,0
2023-12-08 09:50:38,0,99,0,0
2023-12-08 09:50:38,54,99,0,0
2023-12-08 09:50:38,54,59,0,0
2023-12-08 09:51:21,54,99,0,0
2023-12-08 09:51:21,0,99,0,0
2023-12-08 09:51:21,49,99,0,0
2023-12-08 09:51:21,52,99,0,0
2023-12-08 09:51:21,52,58,0,0
2023-12-08 09:51:31,52,99,0,0
2023-12-08 09:51:31,0,99,0,0
2023-12-08 09:51:31,51,99,0,0
2023-12-08 09:51:31,51,62,0,0
2023-12-08 09:51:31,51,59,0,0
2023-12-08 09:51:31,51,57,0,0
2023-12-08 09:51:46,51,99,0,0
2023-12-08 09:51:46,0,99,0,0
2023-12-08 09:51:46,50,99,0,0
2023-12-08 09:51:46,50,55,0,0
2023-12-08 09:52:05,0,55,0,0
2023-12-08 09:52:05,0,99,0,0
2023-12-08 09:52:05,46,99,0,0
2023-12-08 09:52:05,49,99,0,0
2023-12-08 09:52:05,51,99,0,0
2023-12-08 09:52:05,51,59,0,0
2023-12-08 09:52:05,51,57,0,0
2023-12-08 09:52:58,51,99,0,0
2023-12-08 09:52:58,0,99,0,0
2023-12-08 09:52:58,44,99,0,0
2023-12-08 09:52:58,49,99,0,0
2023-12-08 09:52:58,49,60,0,0
2023-12-08 09:52:58,49,55,0,0
2023-12-08 09:53:15,49,99,0,0
2023-12-08 09:53:15,0,99,0,0
2023-12-08 09:53:15,46,99,0,0
2023-12-08 09:53:15,48,99,0,0
2023-12-08 09:53:15,48,56,0,0
2023-12-08 09:53:15,48,54,0,0
2023-12-08 09:53:31,48,99,0,0
2023-12-08 09:53:31,0,99,0,0
2023-12-08 09:53:31,47,99,0,0
2023-12-08 09:53:31,47,58,0,0
2023-12-08 09:53:31,47,53,0,0
2023-12-08 09:53:56,47,99,0,0
2023-12-08 09:53:56,0,99,0,0
2023-12-08 09:53:56,42,99,0,0
2023-12-08 09:53:56,42,58,0,0
2023-12-08 09:53:56,42,56,0,0
2023-12-08 09:53:56,42,53,0,0
2023-12-08 09:54:56,39,53,0,0
2023-12-08 09:54:57,42,99,0,0
2023-12-08 09:54:57,44,99,0,0
2023-12-08 09:54:57,44,52,0,0
2023-12-08 09:54:57,44,50,0,0
2023-12-08 09:55:04,0,50,0,0
2023-12-08 09:55:04,0,99,0,0
2023-12-08 09:55:04,42,99,0,0
2023-12-08 09:55:04,45,99,0,0
2023-12-08 09:55:04,45,54,0,0
2023-12-08 09:55:04,45,51,0,0
2023-12-08 09:55:06,0,51,0,0
2023-12-08 09:55:06,0,99,0,0
2023-12-08 09:55:06,41,99,0,0
2023-12-08 09:55:06,44,99,0,0
2023-12-08 09:55:06,46,99,0,0
2023-12-08 09:55:06,46,52,0,0
2023-12-08 09:55:50,46,99,0,0
2023-12-08 09:55:50,0,99,0,0
2023-12-08 09:55:50,43,99,0,0
2023-12-08 09:55:50,45,99,0,0
2023-12-08 09:55:50,45,56,0,0
2023-12-08 09:55:50,45,53,0,0
2023-12-08 09:55:50,45,51,0,0
2023-12-08 09:56:14,45,99,0,0
2023-12-08 09:56:14,0,99,0,0
2023-12-08 09:56:14,43,99,0,0
2023-12-08 09:56:14,43,51,0,0
2023-12-08 09:56:14,43,49,0,0
2023-12-08 09:56:56,0,49,0,0
2023-12-08 09:56:56,0,99,0,0
2023-12-08 09:56:56,43,99,0,0
2023-12-08 09:56:56,45,99,0,0
2023-12-08 09:56:56,45,50,0,0
2023-12-08 09:57:09,45,99,0,0
2023-12-08 09:57:09,0,99,0,0
2023-12-08 09:57:09,40,99,0,0
2023-12-08 09:57:09,43,99,0,0
2023-12-08 09:57:09,43,54,0,0
2023-12-08 09:57:09,43,52,0,0
2023-12-08 09:57:09,43,49,0,0
2023-12-08 09:57:25,43,99,0,0
2023-12-08 09:57:25,0,99,0,0
2023-12-08 09:57:25,42,99,0,0
2023-12-08 09:57:25,42,53,0,0
2023-12-08 09:57:25,42,51,0,0
2023-12-08 09:57:25,42,48,0,0
2023-12-08 09:58:16,42,99,0,0
2023-12-08 09:58:16,0,99,0,0
2023-12-08 09:58:16,39,99,0,0
2023-12-08 09:58:16,41,99,0,0
2023-12-08 09:58:16,41,49,0,0
2023-12-08 09:58:16,41,47,0,0
2023-12-08 09:58:41,0,47,0,0
2023-12-08 09:58:41,0,99,0,0
2023-12-08 09:58:41,39,99,0,0
2023-12-08 09:58:41,42,99,0,0
2023-12-08 09:58:41,42,48,0,0
2023-12-08 09:59:01,0,48,0,0
2023-12-08 09:59:01,0,99,0,0
2023-12-08 09:59:01,41,99,0,0
2023-12-08 09:59:01,43,99,0,0
2023-12-08 09:59:01,43,54,0,0
2023-12-08 09:59:01,43,49,0,0
2023-12-08 09:59:18,0,49,0,0
2023-12-08 09:59:18,0,99,0,0
2023-12-08 09:59:18,41,99,0,0
2023-12-08 09:59:18,45,99,0,0
2023-12-08 09:59:18,45,51,0,0
2023-12-08 10:00:00,45,54,125,125
2023-12-08 10:00:01,0,54,125,125
2023-12-08 10:00:01,0,56,125,125
2023-12-08 10:00:01,0,99,125,125
2023-12-08 10:00:01,45,99,125,125
2023-12-08 10:00:01,50,99,125,125
2023-12-08 10:00:01,50,64,125,125
2023-12-08 10:00:01,50,61,125,125
2023-12-08 10:00:02,0,61,125,125
2023-12-08 10:00:02,0,99,125,125
2023-12-08 10:00:02,50,99,125,125
2023-12-08 10:00:02,53,99,125,125
2023-12-08 10:00:02,53,63,125,125
2023-12-08 10:00:05,0,63,125,125
2023-12-08 10:00:05,0,99,125,125
2023-12-08 10:00:05,52,99,125,125
2023-12-08 10:00:05,54,99,125,125
2023-12-08 10:00:05,56,99,125,125
2023-12-08 10:00:05,56,63,125,125
2023-12-08 10:00:07,0,63,125,125
2023-12-08 10:00:07,0,99,125,125
2023-12-08 10:00:07,59,99,125,125
2023-12-08 10:00:07,59,69,125,125
2023-12-08 10:00:07,59,65,125,125
2023-12-08 10:00:09,0,65,125,125
2023-12-08 10:00:09,0,99,125,125
2023-12-08 10:00:09,57,99,125,125
2023-12-08 10:00:09,60,99,125,125
2023-12-08 10:00:09,60,70,125,125
2023-12-08 10:00:09,60,66,125,125
2023-12-08 10:00:10,0,66,125,125
2023-12-08 10:00:10,0,99,125,125
2023-12-08 10:00:10,59,99,125,125
2023-12-08 10:00:10,61,99,125,125
2023-12-08 10:00:10,61,72,125,125
2023-12-08 10:00:10,61,67,125,125
2023-12-08 10:00:12,0,67,125,125
2023-12-08 10:00:12,0,99,125,125
2023-12-08 10:00:12,61,99,125,125
2023-12-08 10:00:12,63,99,125,125
2023-12-08 10:00:12,63,69,125,125
2023-12-08 10:00:25,63,99,125,125
2023-12-08 10:00:25,0,99,125,125
2023-12-08 10:00:25,56,99,125,125
2023-12-08 10:00:25,62,99,125,125
2023-12-08 10:00:25,62,72,125,125
2023-12-08 10:00:25,62,70,125,125
2023-12-08 10:00:25,62,68,125,125
2023-12-08 10:00:31,62,99,125,125
2023-12-08 10:00:31,0,99,125,125
2023-12-08 10:00:31,57,99,125,125
2023-12-08 10:00:31,60,99,125,125
2023-12-08 10:00:31,60,68,125,125
2023-12-08 10:00:31,60,66,125,125
2023-12-08 10:00:36,0,66,125,125
2023-12-08 10:00:36,0,99,125,125
2023-12-08 10:00:36,62,99,125,125
2023-12-08 10:00:36,62,70,125,125
2023-12-08 10:00:36,62,68,125,125
2023-12-08 10:00:40,0,68,125,125
2023-12-08 10:00:40,0,99,125,125
2023-12-08 10:00:40,61,99,125,125
2023-12-08 10:00:40,63,99,125,125
2023-12-08 10:00:40,63,73,125,125
2023-12-08 10:00:40,63,72,125,125
2023-12-08 10:00:40,63,69,125,125
2023-12-08 10:00:45,63,99,125,125
2023-12-08 10:00:45,0,99,125,125
2023-12-08 10:00:45,62,99,125,125
2023-12-08 10:00:45,62,72,125,125
2023-12-08 10:00:45,62,68,125,125
2023-12-08 10:01:34,62,99,125,125
2023-12-08 10:01:34,0,99,125,125
2023-12-08 10:01:34,61,99,125,125
2023-12-08 10:01:34,61,72,125,125
2023-12-08 10:01:34,61,69,125,125
2023-12-08 10:01:34,61,67,125,125
2023-12-08 10:01:50,0,67,125,125
2023-12-08 10:01:50,0,99,125,125
2023-12-08 10:01:50,60,99,125,125
2023-12-08 10:01:50,62,99,125,125
2023-12-08 10:01:50,62,68,125,125
2023-12-08 10:02:09,0,68,125,125
2023-12-08 10:02:09,0,99,125,125
2023-12-08 10:02:09,62,99,125,125
2023-12-08 10:02:09,64,99,125,125
2023-12-08 10:02:09,64,73,125,125
2023-12-08 10:02:09,64,72,125,125
2023-12-08 10:02:09,64,69,125,125
2023-12-08 10:02:18,64,99,125,125
2023-12-08 10:02:18,0,99,125,125
2023-12-08 10:02:18,62,99,125,125
2023-12-08 10:02:18,62,70,125,125
2023-12-08 10:02:18,62,68,125,125
2023-12-08 10:02:21,62,99,125,125
2023-12-08 10:02:21,0,99,125,125
2023-12-08 10:02:21,60,99,125,125
2023-12-08 10:02:21,60,68,125,125
2023-12-08 10:02:21,60,66,125,125
2023-12-08 10:02:23,60,99,125,125
2023-12-08 10:02:23,0,99,125,125
2023-12-08 10:02:23,56,99,125,125
2023-12-08 10:02:23,57,99,125,125
2023-12-08 10:02:23,57,66,125,125
2023-12-08 10:02:23,57,64,125,125
2023-12-08 10:02:24,57,99,125,125
2023-12-08 10:02:24,0,99,125,125
2023-12-08 10:02:24,55,99,125,125
2023-12-08 10:02:24,56,99,125,125
2023-12-08 10:02:24,56,63,125,125
2023-12-08 10:02:42,0,63,125,125
2023-12-08 10:02:42,0,99,125,125
2023-12-08 10:02:42,55,99,125,125
2023-12-08 10:02:42,57,99,125,125
2023-12-08 10:02:42,57,66,125,125
2023-12-08 10:02:42,57,64,125,125
2023-12-08 10:03:02,0,64,125,125
2023-12-08 10:03:02,0,99,125,125
2023-12-08 10:03:02,55,99,125,125
2023-12-08 10:03:02,57,99,125,125
2023-12-08 10:03:02,57,73,125,125
2023-12-08 10:03:02,57,69,125,125
2023-12-08 10:03:26,0,69,125,125
2023-12-08 10:03:26,0,99,125,125
2023-12-08 10:03:26,60,99,125,125
2023-12-08 10:03:26,62,99,125,125
2023-12-08 10:03:26,62,68,125,125
2023-12-08 10:03:31,0,68,125,125
2023-12-08 10:03:31,0,99,125,125
2023-12-08 10:03:31,59,99,125,125
2023-12-08 10:03:31,64,99,125,125
2023-12-08 10:03:31,64,74,125,125
2023-12-08 10:03:31,64,72,125,125
2023-12-08 10:03:31,64,70,125,125
2023-12-08 10:04:08,64,99,125,125
2023-12-08 10:04:08,0,99,125,125
2023-12-08 10:04:08,56,99,125,125
2023-12-08 10:04:08,60,99,125,125
2023-12-08 10:04:08,62,99,125,125
2023-12-08 10:04:08,62,68,125,125
2023-12-08 10:04:29,0,68,125,125
2023-12-08 10:04:29,0,99,125,125
2023-12-08 10:04:29,61,99,125,125
2023-12-08 10:04:29,63,99,125,125
2023-12-08 10:04:29,63,73,125,125
2023-12-08 10:04:29,63,69,125,125
2023-12-08 10:04:55,0,69,125,125
2023-12-08 10:04:55,0,99,125,125
2023-12-08 10:04:55,61,99,125,125
2023-12-08 10:04:55,63,99,125,125
2023-12-08 10:04:55,65,99,125,125
2023-12-08 10:04:55,65,75,125,125
2023-12-08 10:04:55,65,73,125,125
2023-12-08 10:04:55,65,72,125,125
2023-12-08 10:05:02,65,99,125,125
2023-12-08 10:05:02,0,99,125,125
2023-12-08 10:05:02,61,99,125,125
2023-12-08 10:05:02,63,99,125,125
2023-12-08 10:05:02,63,73,125,125
2023-12-08 10:05:02,63,69,125,125
2023-12-08 10:05:04,67,69,125,125
2023-12-08 10:05:08,67,74,125,125
2023-12-08 10:05:08,67,72,125,125
2023-12-08 10:05:12,65,72,125,125
2023-12-08 10:05:21,65,74,125,125
2023-12-08 10:05:21,64,74,125,125
2023-12-08 10:05:21,64,72,125,125
2023-12-08 10:05:21,64,69,125,125
2023-12-08 10:05:30,64,74,125,125
2023-12-08 10:05:30,64,70,125,125
2023-12-08 10:05:30,64,68,125,125
2023-12-08 10:05:31,62,68,125,125
2023-12-08 10:05:35,64,68,125,125
2023-12-08 10:05:42,64,74,125,125
2023-12-08 10:05:42,64,69,125,125
2023-12-08 10:06:01,64,74,125,125
2023-12-08 10:06:01,65,74,125,125
2023-12-08 10:06:01,65,70,125,125
2023-12-08 10:06:43,64,70,125,125
2023-12-08 10:06:43,64,73,125,125
2023-12-08 10:06:43,66,73,125,125
2023-12-08 10:06:43,66,72,125,125
2023-12-08 10:06:51,64,72,125,125
2023-12-08 10:06:51,64,99,125,125
2023-12-08 10:06:51,67,99,125,125
2023-12-08 10:06:51,67,77,125,125
2023-12-08 10:06:51,67,73,125,125
2023-12-08 10:07:12,0,73,125,125
2023-12-08 10:07:12,0,75,125,125
2023-12-08 10:07:12,66,75,125,125
2023-12-08 10:07:12,68,75,125,125
2023-12-08 10:07:12,68,74,125,125
2023-12-08 10:07:25,0,74,125,125
2023-12-08 10:07:25,0,99,125,125
2023-12-08 10:07:25,68,99,125,125
2023-12-08 10:07:25,70,99,125,125
2023-12-08 10:07:25,70,76,125,125
2023-12-08 10:08:03,70,79,125,125
2023-12-08 10:08:03,0,79,125,125
2023-12-08 10:08:03,68,79,125,125
2023-12-08 10:08:03,68,78,125,125
2023-12-08 10:08:03,68,76,125,125
2023-12-08 10:08:03,68,74,125,125
2023-12-08 10:08:08,69,74,125,125
2023-12-08 10:08:15,69,79,125,125
2023-12-08 10:08:15,69,77,125,125
2023-12-08 10:08:15,69,75,125,125
2023-12-08 10:08:31,69,79,125,125
2023-12-08 10:08:31,71,79,125,125
2023-12-08 10:08:31,71,77,125,125
2023-12-08 10:09:08,69,77,125,125
2023-12-08 10:09:08,69,81,125,125
2023-12-08 10:09:08,72,81,125,125
2023-12-08 10:09:08,72,78,125,125
2023-12-08 10:09:37,69,78,125,125
2023-12-08 10:09:37,69,81,125,125
2023-12-08 10:09:37,71,81,125,125
2023-12-08 10:09:37,73,81,125,125
2023-12-08 10:09:37,73,79,125,125
2023-12-08 10:10:23,75,79,125,125
2023-12-08 10:10:37,75,83,125,125
2023-12-08 10:10:38,75,79,125,125
2023-12-08 10:11:27,74,79,125,125
2023-12-08 10:11:38,74,81,125,125
2023-12-08 10:11:38,74,82,125,125
2023-12-08 10:11:38,74,80,125,125
2023-12-08 10:11:47,74,99,125,125
2023-12-08 10:11:47,75,99,125,125
2023-12-08 10:11:47,75,83,125,125
2023-12-08 10:11:47,75,81,125,125
2023-12-08 10:12:47,75,83,125,125
2023-12-08 10:12:48,75,83,125,125
2023-12-08 10:12:48,75,81,125,125
2023-12-08 10:12:52,75,83,125,125
2023-12-08 10:12:52,74,83,125,125
2023-12-08 10:12:52,74,82,125,125
2023-12-08 10:12:52,74,80,125,125
2023-12-08 10:13:04,74,83,125,125
2023-12-08 10:13:04,74,80,125,125
2023-12-08 10:13:04,74,78,125,125
2023-12-08 10:13:07,72,78,125,125
2023-12-08 10:13:18,72,83,125,125
2023-12-08 10:13:18,0,83,125,125
2023-12-08 10:13:18,67,83,125,125
2023-12-08 10:13:18,71,83,125,125
2023-12-08 10:13:18,71,80,125,125
2023-12-08 10:13:18,71,78,125,125
2023-12-08 10:13:18,71,76,125,125
2023-12-08 10:13:46,70,76,125,125
2023-12-08 10:13:46,70,99,125,125
2023-12-08 10:13:46,72,99,125,125
2023-12-08 10:13:46,72,78,125,125
2023-12-08 10:14:02,70,78,125,125
2023-12-08 10:14:02,70,79,125,125
2023-12-08 10:14:02,71,79,125,125
2023-12-08 10:14:02,73,79,125,125
2023-12-08 10:14:29,70,79,125,125
2023-12-08 10:14:29,70,99,125,125
2023-12-08 10:14:29,73,82,125,125
2023-12-08 10:14:29,75,82,125,125
2023-12-08 10:14:29,75,80,125,125
2023-12-08 10:15:02,70,80,125,125
2023-12-08 10:15:02,70,84,125,125
2023-12-08 10:15:02,76,84,125,125
2023-12-08 10:15:02,76,82,125,125
2023-12-08 10:15:44,77,82,125,125
2023-12-08 10:16:02,77,99,125,125
2023-12-08 10:16:03,77,85,125,125
2023-12-08 10:16:03,77,84,125,125
2023-12-08 10:16:03,77,82,125,125
2023-12-08 10:16:18,77,99,125,125
2023-12-08 10:16:18,78,99,125,125
2023-12-08 10:16:18,78,83,125,125
2023-12-08 10:16:27,77,83,125,125
2023-12-08 10:16:27,77,86,125,125
2023-12-08 10:16:27,79,86,125,125
2023-12-08 10:16:27,79,85,125,125
2023-12-08 10:16:58,77,85,125,125
2023-12-08 10:16:58,77,88,125,125
2023-12-08 10:16:58,78,88,125,125
2023-12-08 10:16:58,80,88,125,125
2023-12-08 10:16:58,80,86,125,125
2023-12-08 10:17:07,77,86,125,125
2023-12-08 10:17:07,77,99,125,125
2023-12-08 10:17:07,80,99,125,125
2023-12-08 10:17:07,82,99,125,125
2023-12-08 10:17:07,82,88,125,125
2023-12-08 10:17:07,82,87,125,125
2023-12-08 10:17:22,82,90,125,125
2023-12-08 10:17:22,0,90,125,125
2023-12-08 10:17:22,78,90,125,125
2023-12-08 10:17:22,80,90,125,125
2023-12-08 10:17:22,80,88,125,125
2023-12-08 10:17:22,80,86,125,125
2023-12-08 10:17:27,82,86,125,125
2023-12-08 10:18:14,80,86,125,125
2023-12-08 10:18:17,81,86,125,125
2023-12-08 10:18:22,81,88,125,125
2023-12-08 10:18:23,81,87,125,125
2023-12-08 10:18:23,81,85,125,125
2023-12-08 10:19:23,81,87,125,125
2023-12-08 10:19:24,81,86,125,125
2023-12-08 10:19:43,80,86,125,125
2023-12-08 10:19:51,81,86,125,125
2023-12-08 10:19:55,80,86,125,125
2023-12-08 10:19:56,80,89,125,125
2023-12-08 10:19:56,0,89,125,125
2023-12-08 10:19:56,75,89,125,125
2023-12-08 10:19:56,77,89,125,125
2023-12-08 10:19:56,79,89,125,125
2023-12-08 10:19:56,79,88,125,125
2023-12-08 10:19:56,79,87,125,125
2023-12-08 10:19:56,79,85,125,125
2023-12-08 10:20:05,80,85,125,125
2023-12-08 10:20:37,79,85,125,125
2023-12-08 10:20:39,79,99,125,125
2023-12-08 10:20:39,0,99,125,125
2023-12-08 10:20:39,74,99,125,125
2023-12-08 10:20:39,78,99,125,125
2023-12-08 10:20:39,78,84,125,125
2023-12-08 10:20:50,79,84,125,125
2023-12-08 10:21:39,79,87,125,125
2023-12-08 10:21:39,79,90,125,125
2023-12-08 10:21:39,79,93,125,125
2023-12-08 10:21:39,79,96,125,125
2023-12-08 10:21:39,79,99,125,125
2023-12-08 10:21:40,79,85,125,125
2023-12-08 10:22:07,79,87,125,125
2023-12-08 10:22:07,79,83,125,125
2023-12-08 10:22:22,79,87,125,125
2023-12-08 10:22:22,79,85,125,125
2023-12-08 10:22:48,81,85,125,125
2023-12-08 10:23:22,81,88,125,125
2023-12-08 10:23:23,81,87,125,125
2023-12-08 10:23:23,81,85,125,125
2023-12-08 10:23:30,79,85,125,125
2023-12-08 10:23:42,79,88,125,125
2023-12-08 10:23:42,79,87,125,125
2023-12-08 10:23:42,79,84,125,125
2023-12-08 10:24:01,79,99,125,125
2023-12-08 10:24:01,79,87,125,125
2023-12-08 10:24:01,79,85,125,125
2023-12-08 10:25:01,79,87,125,125
2023-12-08 10:25:02,80,88,125,125
2023-12-08 10:25:02,80,85,125,125
2023-12-08 10:25:30,80,88,125,125
2023-12-08 10:25:30,79,88,125,125
2023-12-08 10:25:30,79,87,125,125
2023-12-08 10:25:30,79,84,125,125
2023-12-08 10:25:46,79,99,125,125
2023-12-08 10:25:46,79,87,125,125
2023-12-08 10:25:46,79,84,125,125
2023-12-08 10:25:51,76,84,125,125
2023-12-08 10:25:51,74,84,125,125
2023-12-08 10:25:54,76,84,125,125
2023-12-08 10:26:17,76,83,125,125
2023-12-08 10:26:17,76,81,125,125
2023-12-08 10:26:31,75,81,125,125
2023-12-08 10:26:33,76,81,125,125
2023-12-08 10:26:37,76,84,125,125
2023-12-08 10:26:37,76,82,125,125
2023-12-08 10:27:37,76,85,125,125
2023-12-08 10:27:38,77,85,125,125
2023-12-08 10:27:38,77,84,125,125
2023-12-08 10:27:38,77,82,125,125
2023-12-08 10:27:53,76,82,125,125
2023-12-08 10:27:53,76,85,125,125
2023-12-08 10:27:53,78,85,125,125
2023-12-08 10:27:53,78,84,125,125
2023-12-08 10:28:32,79,84,125,125
2023-12-08 10:28:53,79,86,125,125
2023-12-08 10:28:54,79,84,125,125
2023-12-08 10:28:57,78,84,125,125
2023-12-08 10:28:59,79,84,125,125
2023-12-08 10:29:05,78,84,125,125
2023-12-08 10:29:08,78,86,125,125
2023-12-08 10:29:08,0,86,125,125
2023-12-08 10:29:08,75,86,125,125
2023-12-08 10:29:08,77,86,125,125
2023-12-08 10:29:08,77,83,125,125
2023-12-08 10:29:13,78,83,125,125
2023-12-08 10:29:27,77,83,125,125
2023-12-08 10:29:56,77,99,125,125
2023-12-08 10:29:56,76,99,125,125
2023-12-08 10:29:56,76,84,125,125
2023-12-08 10:29:56,76,81,125,125
2023-12-08 10:30:10,76,85,125,125
2023-12-08 10:30:10,77,85,125,125
2023-12-08 10:30:10,77,83,125,125
2023-12-08 10:30:37,77,85,125,125
2023-12-08 10:30:37,76,85,125,125
2023-12-08 10:30:37,76,81,125,125
2023-12-08 10:30:50,76,85,125,125
2023-12-08 10:30:50,0,85,125,125
2023-12-08 10:30:50,74,85,125,125
2023-12-08 10:30:50,74,80,125,125
2023-12-08 10:31:23,74,85,125,125
2023-12-08 10:31:23,73,85,125,125
2023-12-08 10:31:23,73,82,125,125
2023-12-08 10:31:23,73,81,125,125
2023-12-08 10:31:23,73,79,125,125
2023-12-08 10:31:58,73,99,125,125
2023-12-08 10:31:58,0,99,125,125
2023-12-08 10:31:58,69,99,125,125
2023-12-08 10:31:58,71,99,125,125
2023-12-08 10:31:58,71,79,125,125
2023-12-08 10:31:58,71,77,125,125
2023-12-08 10:32:20,0,77,125,125
2023-12-08 10:32:20,0,99,125,125
2023-12-08 10:32:20,71,99,125,125
2023-12-08 10:32:20,73,99,125,125
2023-12-08 10:32:20,73,81,125,125
2023-12-08 10:32:20,73,79,125,125
2023-12-08 10:32:35,75,79,125,125
2023-12-08 10:32:38,75,83,125,125
2023-12-08 10:32:38,75,82,125,125
2023-12-08 10:32:38,75,80,125,125
2023-12-08 10:33:01,74,80,125,125
2023-12-08 10:33:04,75,80,125,125
2023-12-08 10:33:07,74,80,125,125
2023-12-08 10:33:07,74,83,125,125
2023-12-08 10:33:07,0,83,125,125
2023-12-08 10:33:07,69,83,125,125
2023-12-08 10:33:07,71,83,125,125
2023-12-08 10:33:07,73,83,125,125
2023-12-08 10:33:07,73,80,125,125
2023-12-08 10:33:07,73,78,125,125
2023-12-08 10:33:44,73,83,125,125
2023-12-08 10:33:44,0,83,125,125
2023-12-08 10:33:44,67,83,125,125
2023-12-08 10:33:44,69,83,125,125
2023-12-08 10:33:44,71,83,125,125
2023-12-08 10:33:44,71,81,125,125
2023-12-08 10:33:44,71,79,125,125
2023-12-08 10:33:44,71,77,125,125
2023-12-08 10:33:45,72,77,125,125
2023-12-08 10:33:48,71,77,125,125
2023-12-08 10:33:58,71,83,125,125
2023-12-08 10:33:58,71,80,125,125
2023-12-08 10:33:58,71,76,125,125
2023-12-08 10:34:00,70,76,125,125
2023-12-08 10:34:27,70,83,125,125
2023-12-08 10:34:27,69,83,125,125
2023-12-08 10:34:27,69,78,125,125
2023-12-08 10:34:27,69,76,125,125
2023-12-08 10:34:27,69,74,125,125
2023-12-08 10:34:30,69,99,125,125
2023-12-08 10:34:30,0,99,125,125
2023-12-08 10:34:30,67,99,125,125
2023-12-08 10:34:30,67,77,125,125
2023-12-08 10:34:30,67,73,125,125
2023-12-08 10:35:11,67,75,125,125
2023-12-08 10:35:11,66,75,125,125
2023-12-08 10:35:11,66,72,125,125
2023-12-08 10:35:26,66,75,125,125
2023-12-08 10:35:26,64,75,125,125
2023-12-08 10:35:26,65,75,125,125
2023-12-08 10:35:26,65,72,125,125
2023-12-08 10:35:32,65,75,125,125
2023-12-08 10:35:32,64,75,125,125
2023-12-08 10:35:32,64,72,125,125
2023-12-08 10:35:32,64,69,125,125
2023-12-08 10:35:46,63,69,125,125
2023-12-08 10:35:51,63,75,125,125
2023-12-08 10:35:51,63,70,125,125
2023-12-08 10:35:51,63,68,125,125
2023-12-08 10:35:53,62,68,125,125
2023-12-08 10:35:53,62,75,125,125
2023-12-08 10:35:53,0,75,125,125
2023-12-08 10:35:53,60,75,125,125
2023-12-08 10:35:53,60,70,125,125
2023-12-08 10:35:53,60,66,125,125
2023-12-08 10:36:02,60,75,125,125
2023-12-08 10:36:02,0,75,125,125
2023-12-08 10:36:02,51,75,125,125
2023-12-08 10:36:02,56,75,125,125
2023-12-08 10:36:02,56,68,125,125
2023-12-08 10:36:02,56,66,125,125
2023-12-08 10:36:05,58,66,125,125
2023-12-08 10:36:09,56,66,125,125
2023-12-08 10:36:11,57,66,125,125
2023-12-08 10:36:25,57,65,125,125
2023-12-08 10:36:28,57,66,125,125
2023-12-08 10:36:39,59,66,125,125
2023-12-08 10:36:39,59,65,125,125
2023-12-08 10:37:04,59,67,125,125
2023-12-08 10:37:04,57,67,125,125
2023-12-08 10:37:04,57,64,125,125
2023-12-08 10:37:06,57,67,125,125
2023-12-08 10:37:06,57,63,125,125
2023-12-08 10:37:07,54,63,125,125
2023-12-08 10:37:07,53,63,125,125
2023-12-08 10:37:11,54,63,125,125
2023-12-08 10:37:18,54,67,125,125
2023-12-08 10:37:18,54,59,125,125
2023-12-08 10:37:34,54,67,125,125
2023-12-08 10:37:34,55,67,125,125
2023-12-08 10:37:34,55,61,125,125
2023-12-08 10:38:02,54,61,125,125
2023-12-08 10:38:02,54,67,125,125
2023-12-08 10:38:02,56,67,125,125
2023-12-08 10:38:02,56,66,125,125
2023-12-08 10:38:02,56,62,125,125
2023-12-08 10:38:18,56,67,125,125
2023-12-08 10:38:18,54,67,125,125
2023-12-08 10:38:18,55,67,125,125
2023-12-08 10:38:18,55,65,125,125
2023-12-08 10:38:18,55,61,125,125
2023-12-08 10:38:39,54,61,125,125
2023-12-08 10:38:39,54,99,125,125
2023-12-08 10:38:39,56,99,125,125
2023-12-08 10:38:39,56,64,125,125
2023-12-08 10:38:39,56,62,125,125
2023-12-08 10:38:52,56,64,125,125
2023-12-08 10:38:52,0,64,125,125
2023-12-08 10:38:52,47,64,125,125
2023-12-08 10:38:52,49,64,125,125
2023-12-08 10:38:52,52,64,125,125
2023-12-08 10:38:52,52,62,125,125
2023-12-08 10:39:15,55,62,125,125
2023-12-08 10:39:33,52,62,125,125
2023-12-08 10:39:35,54,62,125,125
2023-12-08 10:39:51,54,64,125,125
2023-12-08 10:39:51,55,64,125,125
2023-12-08 10:39:51,55,63,125,125
2023-12-08 10:39:51,55,61,125,125
2023-12-08 10:40:03,55,64,125,125
2023-12-08 10:40:03,54,64,125,125
2023-12-08 10:40:03,54,60,125,125
2023-12-08 10:40:19,54,64,125,125
2023-12-08 10:40:19,55,64,125,125
2023-12-08 10:40:19,55,63,125,125
2023-12-08 10:40:19,55,61,125,125
2023-12-08 10:40:29,54,61,125,125
2023-12-08 10:40:29,54,64,125,125
2023-12-08 10:40:29,56,64,125,125
2023-12-08 10:40:29,56,62,125,125
2023-12-08 10:40:40,54,62,125,125
2023-12-08 10:40:40,54,99,125,125
2023-12-08 10:40:40,56,99,125,125
2023-12-08 10:40:40,57,99,125,125
2023-12-08 10:40:40,57,64,125,125
2023-12-08 10:40:49,54,64,125,125
2023-12-08 10:40:49,54,67,125,125
2023-12-08 10:40:49,59,67,125,125
2023-12-08 10:40:49,59,65,125,125
2023-12-08 10:40:57,59,67,125,125
2023-12-08 10:40:57,0,67,125,125
2023-12-08 10:40:57,56,67,125,125
2023-12-08 10:40:57,57,67,125,125
2023-12-08 10:40:57,57,64,125,125
2023-12-08 10:41:04,58,64,125,125
2023-12-08 10:41:21,58,67,125,125
2023-12-08 10:41:21,58,64,125,125
2023-12-08 10:41:21,58,62,125,125
2023-12-08 10:41:43,56,62,125,125
2023-12-08 10:41:46,57,62,125,125
2023-12-08 10:42:20,57,63,125,125
2023-12-08 10:42:20,57,61,125,125
2023-12-08 10:42:24,55,61,125,125
2023-12-08 10:42:34,55,63,125,125
2023-12-08 10:42:34,56,63,125,125
2023-12-08 10:42:34,56,62,125,125
2023-12-08 10:42:42,55,62,125,125
2023-12-08 10:42:42,55,100,125,125
2023-12-08 10:42:42,56,100,125,125
2023-12-08 10:42:42,57,100,125,125
2023-12-08 10:42:42,57,68,125,125
2023-12-08 10:42:42,57,66,125,125
2023-12-08 10:42:42,57,64,125,125
2023-12-08 10:43:10,55,64,125,125
2023-12-08 10:43:10,56,64,125,125
2023-12-08 10:43:10,56,62,125,125
2023-12-08 10:43:49,58,62,125,125
2023-12-08 10:43:56,58,66,125,125
2023-12-08 10:43:56,58,64,125,125
2023-12-08 10:44:16,58,100,125,125
2023-12-08 10:44:16,59,100,125,125
2023-12-08 10:44:16,59,67,125,125
2023-12-08 10:44:16,59,65,125,125
2023-12-08 10:44:24,58,65,125,125
2023-12-08 10:44:24,58,69,125,125
2023-12-08 10:44:24,60,69,125,125
2023-12-08 10:44:24,60,68,125,125
2023-12-08 10:44:24,60,66,125,125
2023-12-08 10:45:03,60,69,125,125
2023-12-08 10:45:03,58,69,125,125
2023-12-08 10:45:03,59,69,125,125
2023-12-08 10:45:03,59,65,125,125
2023-12-08 10:45:23,59,69,125,125
2023-12-08 10:45:23,58,69,125,125
2023-12-08 10:45:23,58,63,125,125
2023-12-08 10:45:26,56,63,125,125
2023-12-08 10:45:29,57,63,125,125
2023-12-08 10:45:34,57,69,125,125
2023-12-08 10:45:34,59,69,125,125
2023-12-08 10:45:34,59,65,125,125
2023-12-08 10:45:48,59,100,125,125
2023-12-08 10:45:48,57,100,125,125
2023-12-08 10:45:48,57,67,125,125
2023-12-08 10:45:48,57,65,125,125
2023-12-08 10:45:48,57,63,125,125
2023-12-08 10:46:03,57,100,125,125
2023-12-08 10:46:03,59,100,125,125
2023-12-08 10:46:03,59,66,125,125
2023-12-08 10:46:03,59,64,125,125
2023-12-08 10:46:47,57,64,125,125
2023-12-08 10:46:47,57,100,125,125
2023-12-08 10:46:47,60,100,125,125
2023-12-08 10:46:47,60,70,125,125
2023-12-08 10:46:47,60,66,125,125
2023-12-08 10:46:54,57,66,125,125
2023-12-08 10:46:54,57,100,125,125
2023-12-08 10:46:54,61,100,125,125
2023-12-08 10:46:54,61,72,125,125
2023-12-08 10:46:54,61,69,125,125
2023-12-08 10:46:54,61,67,125,125
2023-12-08 10:47:01,61,69,125,125
2023-12-08 10:47:01,57,69,125,125
2023-12-08 10:47:01,60,69,125,125
2023-12-08 10:47:01,60,66,125,125
2023-12-08 10:47:16,60,69,125,125
2023-12-08 10:47:16,57,69,125,125
2023-12-08 10:47:16,57,66,125,125
2023-12-08 10:47:16,57,64,125,125
2023-12-08 10:47:26,59,64,125,125
2023-12-08 10:47:36,59,69,125,125
2023-12-08 10:47:36,60,69,125,125
2023-12-08 10:47:36,60,68,125,125
2023-12-08 10:47:36,60,66,125,125
2023-12-08 10:47:47,59,66,125,125
2023-12-08 10:47:47,59,69,125,125
2023-12-08 10:47:47,61,69,125,125
2023-12-08 10:47:47,61,67,125,125
2023-12-08 10:48:37,59,67,125,125
2023-12-08 10:48:37,59,70,125,125
2023-12-08 10:48:37,62,70,125,125
2023-12-08 10:48:37,62,68,125,125
2023-12-08 10:49:37,62,70,125,125
2023-12-08 10:49:38,63,70,125,125
2023-12-08 10:49:38,63,68,125,125
2023-12-08 10:50:38,63,70,125,125
2023-12-08 10:50:38,63,100,125,125
2023-12-08 10:50:38,63,73,125,125
2023-12-08 10:50:38,63,72,125,125
2023-12-08 10:50:38,63,69,125,125
2023-12-08 10:51:06,0,69,125,125
2023-12-08 10:51:06,0,72,125,125
2023-12-08 10:51:06,63,72,125,125
2023-12-08 10:51:06,65,72,125,125
2023-12-08 10:51:14,0,72,125,125
2023-12-08 10:51:14,0,73,125,125
2023-12-08 10:51:14,62,73,125,125
2023-12-08 10:51:14,66,73,125,125
2023-12-08 10:51:14,66,72,125,125
2023-12-08 10:51:19,67,72,125,125
2023-12-08 10:51:29,67,74,125,125
2023-12-08 10:51:29,68,74,125,125
2023-12-08 10:51:29,68,73,125,125
2023-12-08 10:52:12,67,73,125,125
2023-12-08 10:52:12,67,75,125,125
2023-12-08 10:52:12,69,75,125,125
2023-12-08 10:52:44,67,75,125,125
2023-12-08 10:52:44,67,77,125,125
2023-12-08 10:52:44,70,77,125,125
2023-12-08 10:52:44,70,76,125,125
2023-12-08 10:53:01,67,76,125,125
2023-12-08 10:53:01,67,100,125,125
2023-12-08 10:53:01,70,100,125,125
2023-12-08 10:53:01,72,100,125,125
2023-12-08 10:53:01,72,79,125,125
2023-12-08 10:53:01,72,77,125,125
2023-12-08 10:53:17,0,77,125,125
2023-12-08 10:53:17,0,79,125,125
2023-12-08 10:53:17,71,79,125,125
2023-12-08 10:53:17,73,79,125,125
2023-12-08 10:53:21,0,79,125,125
2023-12-08 10:53:21,0,100,125,125
2023-12-08 10:53:21,74,100,125,125
2023-12-08 10:53:21,74,82,125,125
2023-12-08 10:53:21,74,80,125,125
2023-12-08 10:53:24,0,80,125,125
2023-12-08 10:53:24,0,100,125,125
2023-12-08 10:53:24,72,100,125,125
2023-12-08 10:53:24,74,100,125,125
2023-12-08 10:53:24,76,100,125,125
2023-12-08 10:53:24,76,84,125,125
2023-12-08 10:53:24,76,82,125,125
2023-12-08 10:53:25,76,81,125,125
2023-12-08 10:53:29,76,82,125,125
2023-12-08 10:54:24,76,84,125,125
2023-12-08 10:54:25,76,85,125,125
2023-12-08 10:54:25,76,82,125,125
2023-12-08 10:55:08,77,82,125,125
2023-12-08 10:55:14,77,85,125,125
2023-12-08 10:55:14,77,82,125,125
2023-12-08 10:55:14,77,80,125,125
2023-12-08 10:55:15,75,80,125,125
2023-12-08 10:55:26,75,85,125,125
2023-12-08 10:55:26,76,85,125,125
2023-12-08 10:55:26,76,84,125,125
2023-12-08 10:55:26,76,82,125,125
2023-12-08 10:56:22,75,82,125,125
2023-12-08 10:56:22,75,100,125,125
2023-12-08 10:56:22,77,100,125,125
2023-12-08 10:56:22,77,85,125,125
2023-12-08 10:56:22,77,83,125,125
2023-12-08 10:57:22,77,85,125,125
2023-12-08 10:57:23,77,83,125,125
2023-12-08 10:57:44,77,100,125,125
2023-12-08 10:57:44,79,100,125,125
2023-12-08 10:57:44,79,87,125,125
2023-12-08 10:57:44,79,85,125,125
2023-12-08 10:57:51,77,85,125,125
2023-12-08 10:57:51,77,100,125,125
2023-12-08 10:57:51,80,100,125,125
2023-12-08 10:57:51,80,86,125,125
2023-12-08 10:58:51,80,88,125,125
2023-12-08 10:58:52,80,89,125,125
2023-12-08 10:58:52,80,85,125,125
2023-12-08 10:59:52,80,88,125,125
2023-12-08 10:59:53,80,86,125,125
2023-12-08 11:00:26,80,88,125,125
2023-12-08 11:00:26,80,87,125,125
2023-12-08 11:00:26,80,86,125,125
2023-12-08 11:00:26,80,84,125,125
2023-12-08 11:00:27,79,84,125,125
2023-12-08 11:00:50,79,88,125,125
2023-12-08 11:00:50,78,88,125,125
2023-12-08 11:00:50,78,85,125,125
2023-12-08 11:00:50,78,83,125,125
2023-12-08 11:00:52,77,83,125,125
2023-12-08 11:01:41,77,86,125,125
2023-12-08 11:01:41,79,86,125,125
2023-12-08 11:01:41,79,84,125,125
2023-12-08 11:02:36,79,84,136,136
2023-12-08 11:02:41,79,86,136,136
2023-12-08 11:02:42,77,87,136,136
2023-12-08 11:02:42,80,87,136,136
2023-12-08 11:02:42,80,85,136,136
2023-12-08 11:02:57,80,87,136,136
2023-12-08 11:02:57,0,87,136,136
2023-12-08 11:02:57,76,87,136,136
2023-12-08 11:02:57,78,87,136,136
2023-12-08 11:02:57,78,86,136,136
2023-12-08 11:02:57,78,84,136,136
2023-12-08 11:03:14,78,87,136,136
2023-12-08 11:03:14,0,87,136,136
2023-12-08 11:03:14,72,87,136,136
2023-12-08 11:03:14,76,87,136,136
2023-12-08 11:03:14,76,82,136,136
2023-12-08 11:03:24,76,87,136,136
2023-12-08 11:03:24,76,83,136,136
2023-12-08 11:03:24,76,81,136,136
2023-12-08 11:03:24,75,81,136,136
2023-12-08 11:03:28,75,87,136,136
2023-12-08 11:03:28,73,87,136,136
2023-12-08 11:03:28,73,81,136,136
2023-12-08 11:03:28,73,79,136,136
2023-12-08 11:04:23,73,100,136,136
2023-12-08 11:04:23,75,100,136,136
2023-12-08 11:04:23,75,81,136,136
2023-12-08 11:05:11,75,83,136,136
2023-12-08 11:05:11,73,83,136,136
2023-12-08 11:05:11,74,83,136,136
2023-12-08 11:05:11,74,82,136,136
2023-12-08 11:05:11,74,80,136,136
2023-12-08 11:05:16,73,80,136,136
2023-12-08 11:05:16,73,83,136,136
2023-12-08 11:05:16,75,83,136,136
2023-12-08 11:05:16,75,81,136,136
2023-12-08 11:05:16,75,83,136,136
2023-12-08 11:05:16,73,83,136,136
2023-12-08 11:05:16,73,80,136,136
2023-12-08 11:05:17,70,80,136,136
2023-12-08 11:05:18,70,83,136,136
2023-12-08 11:05:18,0,83,136,136
2023-12-08 11:05:18,70,83,136,136
2023-12-08 11:05:18,70,80,136,136
2023-12-08 11:05:18,70,76,136,136
2023-12-08 11:05:23,70,83,136,136
2023-12-08 11:05:23,0,83,136,136
2023-12-08 11:05:23,65,83,136,136
2023-12-08 11:05:23,69,83,136,136
2023-12-08 11:05:23,69,75,136,136
2023-12-08 11:05:57,69,83,136,136
2023-12-08 11:05:57,63,83,136,136
2023-12-08 11:05:57,60,83,136,136
2023-12-08 11:05:57,0,83,136,136
2023-12-08 11:05:57,66,83,136,136
2023-12-08 11:05:57,68,83,136,136
2023-12-08 11:05:57,68,78,136,136
2023-12-08 11:05:57,68,74,136,136
2023-12-08 11:06:48,68,76,136,136
2023-12-08 11:06:48,69,76,136,136
2023-12-08 11:06:48,69,75,136,136
2023-12-08 11:07:16,68,75,136,136
2023-12-08 11:07:16,68,78,136,136
2023-12-08 11:07:16,69,78,136,136
2023-12-08 11:07:16,71,78,136,136
2023-12-08 11:07:16,71,77,136,136
2023-12-08 11:07:32,71,77,148,148
2023-12-08 11:07:44,71,78,148,148
2023-12-08 11:07:44,0,78,148,148
2023-12-08 11:07:44,66,78,148,148
2023-12-08 11:07:44,66,77,148,148
2023-12-08 11:07:47,68,77,148,148
2023-12-08 11:07:51,68,78,148,148
2023-12-08 11:07:51,68,77,148,148
2023-12-08 11:07:51,68,73,148,148
2023-12-08 11:07:53,67,73,148,148
2023-12-08 11:08:07,67,78,148,148
2023-12-08 11:08:07,66,78,148,148
2023-12-08 11:08:07,66,76,148,148
2023-12-08 11:08:07,66,74,148,148
2023-12-08 11:08:07,66,72,148,148
2023-12-08 11:09:03,65,72,148,148
2023-12-08 11:09:03,65,74,148,148
2023-12-08 11:09:03,67,74,148,148
2023-12-08 11:09:03,67,73,148,148
2023-12-08 11:09:42,65,73,148,148
2023-12-08 11:09:42,66,73,148,148
2023-12-08 11:09:42,66,72,148,148
2023-12-08 11:10:39,66,74,148,148
2023-12-08 11:10:39,0,74,148,148
2023-12-08 11:10:39,61,74,148,148
2023-12-08 11:10:39,63,74,148,148
2023-12-08 11:10:39,65,74,148,148
2023-12-08 11:10:39,65,73,148,148
2023-12-08 11:10:39,65,72,148,148
2023-12-08 11:10:57,65,74,148,148
2023-12-08 11:10:57,64,74,148,148
2023-12-08 11:10:57,64,73,148,148
2023-12-08 11:10:57,64,72,148,148
2023-12-08 11:10:57,64,69,148,148
2023-12-08 11:10:59,63,69,148,148
2023-12-08 11:11:26,62,69,148,148
2023-12-08 11:11:26,62,74,148,148
2023-12-08 11:11:26,63,74,148,148
2023-12-08 11:11:26,65,74,148,148
2023-12-08 11:11:26,65,73,148,148
2023-12-08 11:11:26,65,72,148,148
2023-12-08 11:12:00,62,72,148,148
2023-12-08 11:12:00,62,100,148,148
2023-12-08 11:12:00,64,100,148,148
2023-12-08 11:12:00,66,100,148,148
2023-12-08 11:12:00,66,72,148,148
2023-12-08 11:12:06,66,100,148,148
2023-12-08 11:12:06,62,100,148,148
2023-12-08 11:12:06,63,100,148,148
2023-12-08 11:12:06,65,100,148,148
2023-12-08 11:12:06,65,72,148,148
2023-12-08 11:12:06,65,70,148,148
2023-12-08 11:12:43,65,72,148,148
2023-12-08 11:12:43,64,72,148,148
2023-12-08 11:12:43,64,69,148,148
2023-12-08 11:12:44,63,69,148,148
2023-12-08 11:12:53,63,72,148,148
2023-12-08 11:12:53,0,72,148,148
2023-12-08 11:12:53,62,72,148,148
2023-12-08 11:12:53,62,69,148,148
2023-12-08 11:12:53,62,67,148,148
2023-12-08 11:13:07,62,72,148,148
2023-12-08 11:13:07,63,72,148,148
2023-12-08 11:13:07,63,69,148,148
2023-12-08 11:13:14,63,72,148,148
2023-12-08 11:13:14,62,72,148,148
2023-12-08 11:13:14,62,67,148,148
2023-12-08 11:13:34,62,72,148,148
2023-12-08 11:13:34,61,72,148,148
2023-12-08 11:13:34,61,66,148,148
2023-12-08 11:13:34,60,66,148,148
2023-12-08 11:13:36,60,72,148,148
2023-12-08 11:13:36,0,72,148,148
2023-12-08 11:13:36,56,72,148,148
2023-12-08 11:13:36,59,72,148,148
2023-12-08 11:13:36,59,67,148,148
2023-12-08 11:13:36,59,65,148,148
2023-12-08 11:14:36,59,66,148,148
2023-12-08 11:14:36,58,69,148,148
2023-12-08 11:14:36,58,72,148,148
2023-12-08 11:14:36,58,75,148,148
2023-12-08 11:14:36,58,100,148,148
2023-12-08 11:14:37,59,100,148,148
2023-12-08 11:14:37,59,65,148,148
2023-12-08 11:14:47,58,65,148,148
2023-12-08 11:14:47,58,100,148,148
2023-12-08 11:14:47,59,100,148,148
2023-12-08 11:14:47,61,100,148,148
2023-12-08 11:14:47,61,68,148,148
2023-12-08 11:14:47,61,66,148,148
2023-12-08 11:15:12,61,68,148,148
2023-12-08 11:15:12,58,68,148,148
2023-12-08 11:15:12,59,68,148,148
2023-12-08 11:15:12,59,67,148,148
2023-12-08 11:15:12,59,65,148,148
2023-12-08 11:15:44,59,68,148,148
2023-12-08 11:15:44,57,68,148,148
2023-12-08 11:15:44,57,66,148,148
2023-12-08 11:15:44,57,64,148,148
2023-12-08 11:15:52,57,68,148,148
2023-12-08 11:15:52,57,64,148,148
2023-12-08 11:15:52,57,62,148,148
2023-12-08 11:15:55,56,62,148,148
2023-12-08 11:16:06,0,62,148,148
2023-12-08 11:16:06,0,68,148,148
2023-12-08 11:16:06,56,68,148,148
2023-12-08 11:16:06,57,68,148,148
2023-12-08 11:16:06,57,66,148,148
2023-12-08 11:16:06,57,64,148,148
2023-12-08 11:16:26,57,68,148,148
2023-12-08 11:16:26,56,68,148,148
2023-12-08 11:16:26,56,64,148,148
2023-12-08 11:16:26,56,62,148,148
2023-12-08 11:16:41,56,100,148,148
2023-12-08 11:16:41,56,63,148,148
2023-12-08 11:16:41,56,61,148,148
2023-12-08 11:16:45,53,61,148,148
2023-12-08 11:16:45,51,61,148,148
2023-12-08 11:16:48,53,61,148,148
2023-12-08 11:16:50,53,59,148,148
2023-12-08 11:16:52,53,57,148,148
2023-12-08 11:16:55,53,59,148,148
2023-12-08 11:16:55,53,58,148,148
2023-12-08 11:16:55,53,56,148,148
2023-12-08 11:16:57,50,56,148,148
2023-12-08 11:17:10,50,59,148,148
2023-12-08 11:17:10,0,59,148,148
2023-12-08 11:17:10,46,59,148,148
2023-12-08 11:17:10,48,59,148,148
2023-12-08 11:17:10,48,56,148,148
2023-12-08 11:17:10,48,54,148,148
2023-12-08 11:17:22,48,59,148,148
2023-12-08 11:17:22,46,59,148,148
2023-12-08 11:17:22,47,59,148,148
2023-12-08 11:17:22,47,58,148,148
2023-12-08 11:17:22,47,53,148,148
2023-12-08 11:18:22,47,56,148,148
2023-12-08 11:18:23,47,58,148,148
2023-12-08 11:18:23,47,53,148,148
2023-12-08 11:18:30,47,59,148,148
2023-12-08 11:18:30,48,59,148,148
2023-12-08 11:18:30,48,56,148,148
2023-12-08 11:18:30,48,54,148,148
2023-12-08 11:18:54,48,53,148,148
2023-12-08 11:18:55,47,53,148,148
2023-12-08 11:19:05,46,53,148,148
2023-12-08 11:19:05,46,52,148,148
2023-12-08 11:19:17,46,53,148,148
2023-12-08 11:19:17,47,53,148,148
2023-12-08 11:19:49,46,53,148,148
2023-12-08 11:19:49,46,100,148,148
2023-12-08 11:19:49,48,100,148,148
2023-12-08 11:19:49,48,56,148,148
2023-12-08 11:19:49,48,54,148,148
2023-12-08 11:20:28,48,56,148,148
2023-12-08 11:20:28,0,56,148,148
2023-12-08 11:20:28,42,56,148,148
2023-12-08 11:20:28,47,56,148,148
2023-12-08 11:20:28,47,55,148,148
2023-12-08 11:20:28,47,52,148,148
2023-12-08 11:20:46,49,52,148,148
2023-12-08 11:20:47,49,56,148,148
2023-12-08 11:20:47,49,54,148,148
2023-12-08 11:21:10,49,56,148,148
2023-12-08 11:21:10,49,55,148,148
2023-12-08 11:22:05,49,56,148,148
2023-12-08 11:22:05,49,54,148,148
2023-12-08 11:22:11,48,54,148,148
2023-12-08 11:22:25,49,54,148,148
2023-12-08 11:22:30,48,54,148,148
2023-12-08 11:22:40,48,56,148,148
2023-12-08 11:22:40,50,56,148,148
2023-12-08 11:22:40,50,55,148,148
2023-12-08 11:23:07,50,100,148,148
2023-12-08 11:23:07,48,100,148,148
2023-12-08 11:23:07,48,54,148,148
2023-12-08 11:24:07,48,56,148,148
2023-12-08 11:24:08,49,56,148,148
2023-12-08 11:24:08,49,55,148,148
2023-12-08 11:24:41,50,55,148,148
2023-12-08 11:24:47,49,55,148,148
2023-12-08 11:24:50,50,55,148,148
2023-12-08 11:24:52,49,55,148,148
2023-12-08 11:25:08,49,56,148,148
2023-12-08 11:25:08,49,54,148,148
2023-12-08 11:25:25,49,100,148,148
2023-12-08 11:25:25,49,58,148,148
2023-12-08 11:25:25,49,55,148,148
2023-12-08 11:25:25,49,53,148,148
2023-12-08 11:25:25,47,53,148,148
2023-12-08 11:26:25,47,55,148,148
2023-12-08 11:26:25,49,100,148,148
2023-12-08 11:26:25,49,57,148,148
2023-12-08 11:26:25,49,55,148,148
2023-12-08 11:26:28,47,55,148,148
2023-12-08 11:26:28,47,100,148,148
2023-12-08 11:26:28,50,100,148,148
2023-12-08 11:26:28,50,56,148,148
2023-12-08 11:26:33,47,56,148,148
2023-12-08 11:26:33,47,100,148,148
2023-12-08 11:26:33,51,100,148,148
2023-12-08 11:26:33,51,59,148,148
2023-12-08 11:26:33,51,57,148,148
2023-12-08 11:26:44,51,59,173,173
2023-12-08 11:26:45,47,59,173,173
2023-12-08 11:26:45,47,100,173,173
2023-12-08 11:26:45,53,100,173,173
2023-12-08 11:26:45,53,59,173,173
2023-12-08 11:26:46,47,59,173,173
2023-12-08 11:26:46,47,61,173,173
2023-12-08 11:26:46,50,61,173,173
2023-12-08 11:26:46,52,61,173,173
2023-12-08 11:26:46,55,61,173,173
2023-12-08 11:26:46,55,60,173,173
2023-12-08 11:27:46,54,60,173,173
2023-12-08 11:27:47,54,62,173,173
2023-12-08 11:27:47,54,60,173,173
2023-12-08 11:28:15,54,63,173,173
2023-12-08 11:28:15,55,63,173,173
2023-12-08 11:28:15,55,61,173,173
2023-12-08 11:28:22,54,61,173,173
2023-12-08 11:28:22,54,100,173,173
2023-12-08 11:28:22,56,100,173,173
2023-12-08 11:28:22,56,62,173,173
2023-12-08 11:28:36,56,66,173,173
2023-12-08 11:28:36,54,66,173,173
2023-12-08 11:28:36,55,66,173,173
2023-12-08 11:28:36,55,61,173,173
2023-12-08 11:28:39,55,66,173,173
2023-12-08 11:28:39,54,66,173,173
2023-12-08 11:28:39,54,59,173,173
2023-12-08 11:28:46,54,66,173,173
2023-12-08 11:28:46,54,64,173,173
2023-12-08 11:28:46,54,59,173,173
2023-12-08 11:28:49,51,59,173,173
2023-12-08 11:28:49,48,59,173,173
2023-12-08 11:28:53,48,66,173,173
2023-12-08 11:28:53,0,66,173,173
2023-12-08 11:28:53,46,66,173,173
2023-12-08 11:28:53,49,66,173,173
2023-12-08 11:28:53,49,55,173,173
2023-12-08 11:29:04,0,55,173,173
2023-12-08 11:29:04,0,66,173,173
2023-12-08 11:29:04,50,66,173,173
2023-12-08 11:29:04,50,61,173,173
2023-12-08 11:29:04,50,59,173,173
2023-12-08 11:29:04,50,56,173,173
2023-12-08 11:29:17,0,56,173,173
2023-12-08 11:29:17,0,66,173,173
2023-12-08 11:29:17,52,66,173,173
2023-12-08 11:29:17,52,62,173,173
2023-12-08 11:29:17,52,57,173,173
2023-12-08 11:29:53,52,66,173,173
2023-12-08 11:29:53,53,66,173,173
2023-12-08 11:29:53,53,59,173,173
2023-12-08 11:29:56,52,59,173,173
2023-12-08 11:29:56,52,66,173,173
2023-12-08 11:29:56,54,66,173,173
2023-12-08 11:29:56,54,60,173,173
2023-12-08 11:30:02,52,60,173,173
2023-12-08 11:30:02,52,66,173,173
2023-12-08 11:30:02,56,66,173,173
2023-12-08 11:30:02,56,62,173,173
2023-12-08 11:30:43,52,62,173,173
2023-12-08 11:30:43,52,66,173,173
2023-12-08 11:30:43,56,66,173,173
2023-12-08 11:30:43,56,63,173,173
2023-12-08 11:31:19,0,63,173,173
2023-12-08 11:31:19,0,66,173,173
2023-12-08 11:31:19,55,66,173,173
2023-12-08 11:31:19,56,66,173,173
2023-12-08 11:31:19,59,66,173,173
2023-12-08 11:31:19,59,65,173,173
2023-12-08 11:31:26,59,65,183,183
2023-12-08 11:31:47,61,65,183,183
2023-12-08 11:31:53,59,65,183,183
2023-12-08 11:31:55,60,65,183,183
2023-12-08 11:32:18,60,68,183,183
2023-12-08 11:32:18,60,66,183,183
2023-12-08 11:32:51,60,69,183,183
2023-12-08 11:32:51,60,68,183,183
2023-12-08 11:32:51,60,66,183,183
2023-12-08 11:32:51,60,64,183,183
2023-12-08 11:32:54,59,64,183,183
2023-12-08 11:33:09,62,64,183,183
2023-12-08 11:33:15,59,64,183,183
2023-12-08 11:33:18,60,64,183,183
2023-12-08 11:33:24,59,64,183,183
2023-12-08 11:33:38,60,64,183,183
2023-12-08 11:33:41,59,64,183,183
2023-12-08 11:33:51,59,66,183,183
2023-12-08 11:33:52,57,69,183,183
2023-12-08 11:33:52,57,64,183,183
2023-12-08 11:34:06,60,64,183,183
2023-12-08 11:34:13,57,64,183,183
2023-12-08 11:34:18,60,64,183,183
2023-12-08 11:34:23,57,64,183,183
2023-12-08 11:34:26,58,64,183,183
2023-12-08 11:34:35,58,66,183,183
2023-12-08 11:34:35,58,62,183,183
2023-12-08 11:34:43,56,62,183,183
2023-12-08 11:34:46,57,62,183,183
2023-12-08 11:34:48,57,66,183,183
2023-12-08 11:34:48,57,61,183,183
2023-12-08 11:34:49,54,61,183,183
2023-12-08 11:34:49,51,61,183,183
2023-12-08 11:34:49,50,61,183,183
2023-12-08 11:34:58,0,61,183,183
2023-12-08 11:34:58,0,66,183,183
2023-12-08 11:34:58,54,66,183,183
2023-12-08 11:34:58,54,60,183,183
2023-12-08 11:35:07,0,60,183,183
2023-12-08 11:35:07,0,66,183,183
2023-12-08 11:35:07,53,66,183,183
2023-12-08 11:35:07,55,66,183,183
2023-12-08 11:35:07,55,61,183,183
2023-12-08 11:35:10,57,61,183,183
2023-12-08 11:35:39,55,61,183,183
2023-12-08 11:35:49,57,61,183,183
2023-12-08 11:36:04,57,64,183,183
2023-12-08 11:36:04,57,62,183,183
2023-12-08 11:37:02,56,62,183,183
2023-12-08 11:37:04,0,62,183,183
2023-12-08 11:37:04,56,65,183,183
2023-12-08 11:37:05,56,62,183,183
2023-12-08 11:37:18,56,65,183,183
2023-12-08 11:37:18,0,65,183,183
2023-12-08 11:37:18,49,65,183,183
2023-12-08 11:37:18,51,65,183,183
2023-12-08 11:37:18,54,65,183,183
2023-12-08 11:37:18,54,62,183,183
2023-12-08 11:37:18,54,60,183,183
2023-12-08 11:37:31,55,60,183,183
2023-12-08 11:37:36,54,60,183,183
2023-12-08 11:37:46,54,100,183,183
2023-12-08 11:37:46,0,100,183,183
2023-12-08 11:37:46,52,100,183,183
2023-12-08 11:37:46,52,63,183,183
2023-12-08 11:37:46,52,60,183,183
2023-12-08 11:37:46,52,58,183,183
2023-12-08 11:37:48,52,100,183,183
2023-12-08 11:37:48,0,100,183,183
2023-12-08 11:37:48,46,100,183,183
2023-12-08 11:37:48,49,100,183,183
2023-12-08 11:37:48,51,100,183,183
2023-12-08 11:37:48,51,57,183,183
2023-12-08 11:37:53,51,100,183,183
2023-12-08 11:37:53,0,100,183,183
2023-12-08 11:37:53,49,100,183,183
2023-12-08 11:37:53,49,59,183,183
2023-12-08 11:37:53,49,55,183,183
2023-12-08 11:38:01,49,100,183,183
2023-12-08 11:38:01,0,100,183,183
2023-12-08 11:38:01,45,100,183,183
2023-12-08 11:38:01,48,100,183,183
2023-12-08 11:38:01,48,55,183,183
2023-12-08 11:38:01,48,53,183,183
2023-12-08 11:38:12,47,53,183,183
2023-12-08 11:38:12,47,52,183,183
2023-12-08 11:38:13,47,53,183,183
2023-12-08 11:38:13,47,50,183,183
2023-12-08 11:38:15,44,50,183,183
2023-12-08 11:38:49,44,53,183,183
2023-12-08 11:38:49,0,53,183,183
2023-12-08 11:38:49,36,53,183,183
2023-12-08 11:38:49,38,53,183,183
2023-12-08 11:38:49,38,48,183,183
2023-12-08 11:38:51,38,53,183,183
2023-12-08 11:38:51,0,53,183,183
2023-12-08 11:38:51,36,53,183,183
2023-12-08 11:38:51,38,53,183,183
2023-12-08 11:38:51,38,44,183,183
2023-12-08 11:39:23,37,44,183,183
2023-12-08 11:39:23,37,53,183,183
2023-12-08 11:39:23,40,53,183,183
2023-12-08 11:39:23,40,49,183,183
2023-12-08 11:39:23,40,46,183,183
2023-12-08 11:39:35,37,46,183,183
2023-12-08 11:39:35,37,53,183,183
2023-12-08 11:39:35,41,53,183,183
2023-12-08 11:39:35,41,47,183,183
2023-12-08 11:40:07,37,47,183,183
2023-12-08 11:40:07,37,46,183,183
2023-12-08 11:40:12,36,46,183,183
2023-12-08 11:40:46,36,47,183,183
2023-12-08 11:40:46,36,43,183,183
2023-12-08 11:41:03,36,47,183,183
2023-12-08 11:41:03,38,47,183,183
2023-12-08 11:41:03,38,44,183,183
2023-12-08 11:41:28,36,44,183,183
2023-12-08 11:41:28,36,47,183,183
2023-12-08 11:41:28,39,47,183,183
2023-12-08 11:41:28,39,45,183,183
2023-12-08 11:42:08,39,44,183,183
2023-12-08 11:42:13,37,44,183,183
2023-12-08 11:42:13,38,44,183,183
2023-12-08 11:42:45,38,45,183,183
2023-12-08 11:42:45,37,45,183,183
2023-12-08 11:42:45,37,44,183,183
2023-12-08 11:42:51,36,44,183,183
2023-12-08 11:43:45,35,44,183,183
2023-12-08 11:43:46,35,44,183,183
2023-12-08 11:44:20,35,42,183,183
2023-12-08 11:44:30,35,44,183,183
2023-12-08 11:44:32,35,43,183,183
2023-12-08 11:44:35,0,43,183,183
2023-12-08 11:44:35,37,43,183,183
2023-12-08 11:44:37,37,45,183,183
2023-12-08 11:44:48,0,45,183,183
2023-12-08 11:44:48,0,46,183,183
2023-12-08 11:44:48,38,46,183,183
2023-12-08 11:44:48,40,46,183,183
2023-12-08 11:45:14,40,100,183,183
2023-12-08 11:45:14,40,53,183,183
2023-12-08 11:45:14,40,48,183,183
2023-12-08 11:45:20,40,100,183,183
2023-12-08 11:45:20,41,100,183,183
2023-12-08 11:45:20,41,54,183,183
2023-12-08 11:45:20,41,51,183,183
2023-12-08 11:45:20,41,49,183,183
2023-12-08 11:45:42,40,49,183,183
2023-12-08 11:45:42,40,48,183,183
2023-12-08 11:45:48,40,49,183,183
2023-12-08 11:45:48,40,46,183,183
2023-12-08 11:45:49,38,46,183,183
2023-12-08 11:46:07,39,46,183,183
2023-12-08 11:46:09,38,46,183,183
2023-12-08 11:46:12,39,46,183,183
2023-12-08 11:46:20,39,49,183,183
2023-12-08 11:46:20,40,49,183,183
2023-12-08 11:46:20,40,48,183,183
2023-12-08 11:47:08,40,49,183,183
2023-12-08 11:47:08,39,49,183,183
2023-12-08 11:47:08,39,46,183,183
2023-12-08 11:47:12,38,46,183,183
2023-12-08 11:47:40,38,100,183,183
2023-12-08 11:47:40,39,100,183,183
2023-12-08 11:47:40,39,47,183,183
2023-12-08 11:48:11,38,47,183,183
2023-12-08 11:48:11,41,47,183,183
2023-12-08 11:48:13,41,49,183,183
2023-12-08 11:48:24,38,49,183,183
2023-12-08 11:48:24,38,100,183,183
2023-12-08 11:48:24,39,100,183,183
2023-12-08 11:48:24,42,100,183,183
2023-12-08 11:48:24,42,50,183,183
2023-12-08 11:48:51,0,50,183,183
2023-12-08 11:48:51,36,50,183,183
2023-12-08 11:48:51,41,50,183,183
2023-12-08 11:48:51,41,48,183,183
2023-12-08 11:49:23,41,50,183,183
2023-12-08 11:49:23,42,50,183,183
2023-12-08 11:50:05,41,50,183,183
2023-12-08 11:50:05,41,100,183,183
2023-12-08 11:50:05,43,100,183,183
2023-12-08 11:50:05,43,54,183,183
2023-12-08 11:50:05,43,51,183,183
2023-12-08 11:50:13,41,51,183,183
2023-12-08 11:50:13,41,100,183,183
2023-12-08 11:50:13,42,100,183,183
2023-12-08 11:50:13,45,100,183,183
2023-12-08 11:50:13,45,58,183,183
2023-12-08 11:50:13,45,53,183,183
2023-12-08 11:50:21,45,50,183,183
2023-12-08 11:50:27,45,53,183,183
2023-12-08 11:50:29,45,50,183,183
2023-12-08 11:50:29,41,50,183,183
2023-12-08 11:50:29,43,50,183,183
2023-12-08 11:50:53,43,51,183,183
2023-12-08 11:50:59,44,51,183,183
2023-12-08 11:51:20,44,50,183,183
2023-12-08 11:51:30,43,50,183,183
2023-12-08 11:52:01,42,50,183,183
2023-12-08 11:52:01,42,49,183,183
2023-12-08 11:52:01,41,49,183,183
2023-12-08 11:52:26,41,50,183,183
2023-12-08 11:52:26,0,50,183,183
2023-12-08 11:52:26,37,50,183,183
2023-12-08 11:52:26,40,50,183,183
2023-12-08 11:52:26,40,47,183,183
2023-12-08 11:52:45,41,47,183,183
2023-12-08 11:52:50,40,47,183,183
2023-12-08 11:53:26,40,50,183,183
2023-12-08 11:53:26,41,100,183,183
2023-12-08 11:53:27,41,52,183,183
2023-12-08 11:53:27,41,50,183,183
2023-12-08 11:53:27,41,47,183,183
2023-12-08 11:53:42,39,47,183,183
2023-12-08 11:53:44,41,47,183,183
2023-12-08 11:54:03,41,49,183,183
2023-12-08 11:54:07,41,100,183,183
2023-12-08 11:54:07,42,100,183,183
2023-12-08 11:54:07,42,50,183,183
2023-12-08 11:54:34,41,50,183,183
2023-12-08 11:54:34,41,49,183,183
2023-12-08 11:54:55,41,50,183,183
2023-12-08 11:54:55,42,50,183,183
2023-12-08 11:55:04,41,50,183,183
2023-12-08 11:55:04,41,100,183,183
2023-12-08 11:55:04,42,100,183,183
2023-12-08 11:55:04,44,100,183,183
2023-12-08 11:55:04,44,57,183,183
2023-12-08 11:55:04,44,52,183,183
2023-12-08 11:55:39,46,52,183,183
2023-12-08 11:55:55,46,53,183,183
2023-12-08 11:56:14,46,100,183,183
2023-12-08 11:56:14,47,100,183,183
2023-12-08 11:56:14,47,55,183,183
2023-12-08 11:56:14,47,54,183,183
2023-12-08 11:56:18,47,55,183,183
2023-12-08 11:56:24,46,55,183,183
2023-12-08 11:56:24,46,100,183,183
2023-12-08 11:56:24,48,100,183,183
2023-12-08 11:56:24,48,61,183,183
2023-12-08 11:56:24,48,58,183,183
2023-12-08 11:56:24,48,56,183,183
2023-12-08 11:56:52,46,56,183,183
2023-12-08 11:56:52,47,56,183,183
2023-12-08 11:56:52,47,55,183,183
2023-12-08 11:57:09,47,56,183,183
2023-12-08 11:57:09,46,56,183,183
2023-12-08 11:57:09,46,54,183,183
2023-12-08 11:57:14,46,56,183,183
2023-12-08 11:57:14,0,56,183,183
2023-12-08 11:57:14,42,56,183,183
2023-12-08 11:57:14,44,56,183,183
2023-12-08 11:57:14,44,55,183,183
2023-12-08 11:57:14,44,52,183,183
2023-12-08 11:57:20,0,52,183,183
2023-12-08 11:57:20,0,56,183,183
2023-12-08 11:57:20,46,56,183,183
2023-12-08 11:57:20,46,54,183,183
2023-12-08 11:57:31,46,56,183,183
2023-12-08 11:57:31,0,56,183,183
2023-12-08 11:57:31,39,56,183,183
2023-12-08 11:57:31,41,56,183,183
2023-12-08 11:57:31,44,56,183,183
2023-12-08 11:57:31,44,54,183,183
2023-12-08 11:57:31,44,52,183,183
2023-12-08 11:57:33,46,52,183,183
2023-12-08 11:57:40,44,52,183,183
2023-12-08 11:57:44,46,52,183,183
2023-12-08 11:58:28,44,52,183,183
2023-12-08 11:58:31,0,52,183,183
2023-12-08 11:58:31,45,52,183,183
2023-12-08 11:58:36,44,52,183,183
2023-12-08 11:58:49,0,52,183,183
2023-12-08 11:58:49,42,52,183,183
2023-12-08 11:58:49,42,50,183,183
2023-12-08 11:58:50,43,50,183,183
2023-12-08 11:59:02,43,52,183,183
2023-12-08 11:59:02,44,52,183,183
2023-12-08 11:59:54,44,51,183,183
2023-12-08 12:00:02,43,51,183,183
2023-12-08 12:00:06,43,100,183,183
2023-12-08 12:00:06,44,100,183,183
2023-12-08 12:00:06,44,58,183,183
2023-12-08 12:00:06,44,55,183,183
2023-12-08 12:00:11,44,54,183,183
2023-12-08 12:00:14,44,55,183,183
2023-12-08 12:00:29,48,55,183,183
2023-12-08 12:00:31,45,55,183,183
2023-12-08 12:00:31,44,55,183,183
2023-12-08 12:00:33,46,55,183,183
2023-12-08 12:00:37,46,52,183,183
2023-12-08 12:01:01,46,55,183,183
2023-12-08 12:01:04,46,54,183,183
2023-12-08 12:01:45,46,100,183,183
2023-12-08 12:01:45,46,57,183,183
2023-12-08 12:01:45,46,55,183,183
2023-12-08 12:01:45,46,52,183,183
2023-12-08 12:01:46,44,52,183,183
2023-12-08 12:01:50,45,52,183,183
2023-12-08 12:01:51,45,51,183,183
2023-12-08 12:01:56,44,51,183,183
2023-12-08 12:02:45,43,51,183,183
2023-12-08 12:02:55,43,50,183,183
2023-12-08 12:02:55,42,50,183,183
2023-12-08 12:02:58,42,51,183,183
2023-12-08 12:02:58,0,51,183,183
2023-12-08 12:02:58,40,51,183,183
2023-12-08 12:02:58,40,50,183,183
2023-12-08 12:02:58,40,48,183,183
2023-12-08 12:03:05,0,48,183,183
2023-12-08 12:03:05,0,51,183,183
2023-12-08 12:03:05,42,51,183,183
2023-12-08 12:03:05,42,50,183,183
2023-12-08 12:03:11,0,50,183,183
2023-12-08 12:03:11,0,100,183,183
2023-12-08 12:03:11,44,100,183,183
2023-12-08 12:03:11,44,55,183,183
2023-12-08 12:03:11,44,52,183,183
2023-12-08 12:03:15,0,52,183,183
2023-12-08 12:03:15,0,100,183,183
2023-12-08 12:03:15,40,100,183,183
2023-12-08 12:03:15,42,100,183,183
2023-12-08 12:03:15,45,100,183,183
2023-12-08 12:03:15,45,53,183,183
2023-12-08 12:03:21,47,53,183,183
2023-12-08 12:03:25,47,52,183,183
2023-12-08 12:03:34,47,53,183,183
2023-12-08 12:03:36,47,100,183,183
2023-12-08 12:03:36,47,60,183,183
2023-12-08 12:03:36,47,55,183,183
2023-12-08 12:04:04,48,55,183,183
2023-12-08 12:04:05,48,56,183,183
2023-12-08 12:04:29,48,57,183,183
2023-12-08 12:04:29,47,57,183,183
2023-12-08 12:04:29,47,55,183,183
2023-12-08 12:04:29,45,55,183,183
2023-12-08 12:05:01,45,57,183,183
2023-12-08 12:05:01,45,52,183,183
2023-12-08 12:06:01,45,100,183,183
2023-12-08 12:06:02,45,58,183,183
2023-12-08 12:06:02,45,56,183,183
2023-12-08 12:06:02,45,53,183,183
2023-12-08 12:06:09,45,53,184,184
2023-12-08 12:06:35,45,54,184,184
2023-12-08 12:06:35,47,54,184,184
2023-12-08 12:07:10,45,54,184,184
2023-12-08 12:07:10,45,53,184,184
2023-12-08 12:07:57,46,53,184,184
2023-12-08 12:08:03,45,53,184,184
2023-12-08 12:08:07,46,53,184,184
2023-12-08 12:08:08,46,52,184,184
2023-12-08 12:08:14,45,52,184,184
2023-12-08 12:08:18,44,52,184,184
2023-12-08 12:08:18,44,51,184,184
2023-12-08 12:08:30,43,51,184,184
2023-12-08 12:08:31,43,52,184,184
2023-12-08 12:08:31,0,52,184,184
2023-12-08 12:08:31,37,52,184,184
2023-12-08 12:08:31,42,52,184,184
2023-12-08 12:08:31,42,50,184,184
2023-12-08 12:08:41,0,50,184,184
2023-12-08 12:08:41,0,52,184,184
2023-12-08 12:08:41,38,52,184,184
2023-12-08 12:08:41,40,52,184,184
2023-12-08 12:08:41,43,52,184,184
2023-12-08 12:08:41,43,51,184,184
2023-12-08 12:08:44,0,51,184,184
2023-12-08 12:08:44,0,52,184,184
2023-12-08 12:08:44,40,52,184,184
2023-12-08 12:08:44,42,52,184,184
2023-12-08 12:08:44,45,52,184,184
2023-12-08 12:08:46,45,53,184,184
2023-12-08 12:08:49,0,53,184,184
2023-12-08 12:08:49,0,100,184,184
2023-12-08 12:08:49,44,100,184,184
2023-12-08 12:08:49,46,100,184,184
2023-12-08 12:08:49,46,54,184,184
2023-12-08 12:08:50,48,54,184,184
2023-12-08 12:09:07,46,54,184,184
2023-12-08 12:09:23,47,54,184,184
2023-12-08 12:09:34,44,54,184,184
2023-12-08 12:09:34,44,52,184,184
2023-12-08 12:09:44,45,52,184,184
2023-12-08 12:09:48,44,52,184,184
2023-12-08 12:09:49,44,54,184,184
2023-12-08 12:09:49,0,54,184,184
2023-12-08 12:09:49,38,54,184,184
2023-12-08 12:09:49,43,54,184,184
2023-12-08 12:09:49,43,53,184,184
2023-12-08 12:09:49,43,51,184,184
2023-12-08 12:10:14,44,51,184,184
2023-12-08 12:10:16,43,51,184,184
2023-12-08 12:10:22,43,54,184,184
2023-12-08 12:10:22,42,54,184,184
2023-12-08 12:10:22,42,49,184,184
2023-12-08 12:10:27,41,49,184,184
2023-12-08 12:10:33,42,49,184,184
2023-12-08 12:10:40,41,49,184,184
2023-12-08 12:10:43,42,49,184,184
2023-12-08 12:10:45,42,54,184,184
2023-12-08 12:10:45,42,51,184,184
2023-12-08 12:10:45,42,48,184,184
2023-12-08 12:10:45,40,48,184,184
2023-12-08 12:10:48,42,48,184,184
2023-12-08 12:10:52,40,48,184,184
2023-12-08 12:11:17,40,100,184,184
2023-12-08 12:11:17,40,51,184,184
2023-12-08 12:11:17,40,49,184,184
2023-12-08 12:11:17,40,46,184,184
2023-12-08 12:11:20,39,46,184,184
2023-12-08 12:11:25,39,45,184,184
2023-12-08 12:11:34,39,46,184,184
2023-12-08 12:11:35,39,100,184,184
2023-12-08 12:11:35,40,100,184,184
2023-12-08 12:11:35,40,48,184,184
2023-12-08 12:11:36,40,46,184,184
2023-12-08 12:11:41,40,48,184,184
2023-12-08 12:12:35,39,48,184,184
2023-12-08 12:12:36,40,49,184,184
2023-12-08 12:12:36,40,48,184,184
2023-12-08 12:13:21,40,49,184,184
2023-12-08 12:13:21,40,47,184,184
2023-12-08 12:13:26,39,47,184,184
2023-12-08 12:13:30,39,49,184,184
2023-12-08 12:13:30,38,49,184,184
2023-12-08 12:13:30,38,45,184,184
2023-12-08 12:13:32,37,45,184,184
2023-12-08 12:13:41,37,100,184,184
2023-12-08 12:13:41,37,48,184,184
2023-12-08 12:13:41,37,46,184,184
2023-12-08 12:13:41,37,44,184,184
2023-12-08 12:13:43,35,44,184,184
2023-12-08 12:13:44,35,100,184,184
2023-12-08 12:13:44,0,100,184,184
2023-12-08 12:13:44,30,100,184,184
2023-12-08 12:13:44,32,100,184,184
2023-12-08 12:13:44,34,100,184,184
2023-12-08 12:13:44,34,47,184,184
2023-12-08 12:13:44,34,44,184,184
2023-12-08 12:13:44,34,43,184,184
2023-12-08 12:13:46,36,43,184,184
2023-12-08 12:13:51,34,43,184,184
2023-12-08 12:14:01,34,42,184,184
2023-12-08 12:14:28,33,42,184,184
2023-12-08 12:14:28,33,40,184,184
2023-12-08 12:15:01,33,42,184,184
2023-12-08 12:15:01,32,42,184,184
2023-12-08 12:15:01,32,41,184,184
2023-12-08 12:15:01,32,39,184,184
2023-12-08 12:15:02,32,42,184,184
2023-12-08 12:15:02,33,42,184,184
2023-12-08 12:15:02,33,40,184,184
2023-12-08 12:15:16,33,42,184,184
2023-12-08 12:15:16,0,42,184,184
2023-12-08 12:15:16,27,42,184,184
2023-12-08 12:15:16,31,42,184,184
2023-12-08 12:15:16,31,39,184,184
2023-12-08 12:15:26,31,100,184,184
2023-12-08 12:15:26,0,100,184,184
2023-12-08 12:15:26,27,100,184,184
2023-12-08 12:15:26,28,100,184,184
2023-12-08 12:15:26,28,37,184,184
2023-12-08 12:15:27,28,100,184,184
2023-12-08 12:15:27,0,100,184,184
2023-12-08 12:15:27,26,100,184,184
2023-12-08 12:15:27,26,40,184,184
2023-12-08 12:15:27,26,38,184,184
2023-12-08 12:15:27,26,36,184,184
2023-12-08 12:15:31,0,36,184,184
2023-12-08 12:15:31,0,100,184,184
2023-12-08 12:15:31,25,100,184,184
2023-12-08 12:15:31,28,100,184,184
2023-12-08 12:15:31,28,40,184,184
2023-12-08 12:15:31,28,37,184,184
2023-12-08 12:15:36,29,37,184,184
2023-12-08 12:15:41,29,100,184,184
2023-12-08 12:15:41,31,100,184,184
2023-12-08 12:15:41,31,38,184,184
2023-12-08 12:15:45,29,38,184,184
2023-12-08 12:15:45,30,38,184,184
2023-12-08 12:15:45,32,38,184,184
2023-12-08 12:15:46,32,40,184,184
2023-12-08 12:16:01,29,40,184,184
2023-12-08 12:16:01,34,40,184,184
2023-12-08 12:16:03,34,43,184,184
2023-12-08 12:16:05,29,43,184,184
2023-12-08 12:16:05,29,100,184,184
2023-12-08 12:16:05,31,100,184,184
2023-12-08 12:16:05,33,100,184,184
2023-12-08 12:16:05,35,100,184,184
2023-12-08 12:16:05,35,51,184,184
2023-12-08 12:16:05,35,46,184,184
2023-12-08 12:16:10,35,43,184,184
2023-12-08 12:16:13,35,46,184,184
2023-12-08 12:16:33,35,42,184,184
2023-12-08 12:16:38,35,45,184,184
2023-12-08 12:16:38,35,46,184,184
2023-12-08 12:16:47,35,44,184,184
2023-12-08 12:16:50,35,46,184,184
2023-12-08 12:16:52,29,46,184,184
2023-12-08 12:16:52,29,100,184,184
2023-12-08 12:16:52,36,100,184,184
2023-12-08 12:16:52,38,100,184,184
2023-12-08 12:16:52,38,49,184,184
2023-12-08 12:16:52,38,46,184,184
2023-12-08 12:16:57,29,46,184,184
2023-12-08 12:16:57,29,100,184,184
2023-12-08 12:16:57,35,100,184,184
2023-12-08 12:16:57,40,100,184,184
2023-12-08 12:16:57,40,48,184,184
2023-12-08 12:17:23,0,48,184,184
2023-12-08 12:17:23,0,100,184,184
2023-12-08 12:17:23,37,100,184,184
2023-12-08 12:17:23,42,100,184,184
2023-12-08 12:17:23,42,55,184,184
2023-12-08 12:17:23,42,50,184,184
2023-12-08 12:17:24,0,50,184,184
2023-12-08 12:17:24,0,100,184,184
2023-12-08 12:17:24,40,100,184,184
2023-12-08 12:17:24,43,100,184,184
2023-12-08 12:17:24,43,56,184,184
2023-12-08 12:17:24,43,54,184,184
2023-12-08 12:17:24,43,51,184,184
2023-12-08 12:17:54,45,51,184,184
2023-12-08 12:18:09,45,52,184,184
2023-12-08 12:18:09,45,53,184,184
2023-12-08 12:18:21,45,100,184,184
2023-12-08 12:18:21,46,100,184,184
2023-12-08 12:18:21,46,59,184,184
2023-12-08 12:18:21,46,56,184,184
2023-12-08 12:18:21,46,54,184,184
2023-12-08 12:18:29,46,100,184,184
2023-12-08 12:18:29,45,100,184,184
2023-12-08 12:18:29,45,58,184,184
2023-12-08 12:18:29,45,56,184,184
2023-12-08 12:18:29,45,53,184,184
2023-12-08 12:18:39,45,100,184,184
2023-12-08 12:18:39,45,57,184,184
2023-12-08 12:18:39,45,55,184,184
2023-12-08 12:18:39,45,52,184,184
2023-12-08 12:18:54,44,52,184,184
2023-12-08 12:18:56,45,52,184,184
2023-12-08 12:19:09,45,100,184,184
2023-12-08 12:19:09,45,56,184,184
2023-12-08 12:19:09,45,53,184,184
2023-12-08 12:19:18,45,100,184,184
2023-12-08 12:19:18,46,100,184,184
2023-12-08 12:19:18,46,56,184,184
2023-12-08 12:19:18,46,54,184,184
2023-12-08 12:19:47,45,54,184,184
2023-12-08 12:19:47,45,100,184,184
2023-12-08 12:19:47,48,100,184,184
2023-12-08 12:19:47,48,58,184,184
2023-12-08 12:19:47,48,56,184,184
2023-12-08 12:20:02,45,56,184,184
2023-12-08 12:20:02,45,100,184,184
2023-12-08 12:20:02,50,100,184,184
2023-12-08 12:20:02,50,58,184,184
2023-12-08 12:21:02,48,58,184,184
2023-12-08 12:21:03,45,59,184,184
2023-12-08 12:21:03,48,59,184,184
2023-12-08 12:21:03,50,59,184,184
2023-12-08 12:21:03,50,58,184,184
2023-12-08 12:21:14,0,58,184,184
2023-12-08 12:21:14,0,100,184,184
2023-12-08 12:21:14,51,100,184,184
2023-12-08 12:21:14,51,59,184,184
2023-12-08 12:21:27,51,58,184,184
2023-12-08 12:22:13,51,100,184,184
2023-12-08 12:22:13,51,64,184,184
2023-12-08 12:22:13,51,62,184,184
2023-12-08 12:22:13,51,59,184,184
2023-12-08 12:22:33,51,62,184,184
2023-12-08 12:22:33,53,62,184,184
2023-12-08 12:22:33,53,61,184,184
2023-12-08 12:22:42,51,61,184,184
2023-12-08 12:22:42,51,63,184,184
2023-12-08 12:22:42,52,63,184,184
2023-12-08 12:22:42,54,63,184,184
2023-12-08 12:22:42,54,62,184,184
2023-12-08 12:23:19,58,62,184,184
2023-12-08 12:23:32,55,62,184,184
2023-12-08 12:23:32,54,62,184,184
2023-12-08 12:23:35,56,62,184,184
2023-12-08 12:23:42,56,66,184,184
2023-12-08 12:23:43,56,61,184,184
2023-12-08 12:24:09,56,66,184,184
2023-12-08 12:24:09,56,65,184,184
2023-12-08 12:24:09,56,62,184,184
2023-12-08 12:24:09,56,60,184,184
2023-12-08 12:24:10,53,60,184,184
2023-12-08 12:24:10,52,60,184,184
2023-12-08 12:24:14,54,60,184,184
2023-12-08 12:24:19,52,60,184,184
2023-12-08 12:24:32,56,60,184,184
2023-12-08 12:24:36,56,66,184,184
2023-12-08 12:24:36,56,61,184,184
2023-12-08 12:25:02,53,61,184,184
2023-12-08 12:25:06,56,61,184,184
2023-12-08 12:25:19,56,65,184,184
2023-12-08 12:25:19,56,62,184,184
2023-12-08 12:26:19,56,100,184,184
2023-12-08 12:26:20,56,67,184,184
2023-12-08 12:26:20,56,64,184,184
2023-12-08 12:26:20,56,62,184,184
2023-12-08 12:26:25,55,62,184,184
2023-12-08 12:26:52,55,64,184,184
2023-12-08 12:26:52,0,64,184,184
2023-12-08 12:26:52,53,64,184,184
2023-12-08 12:26:52,53,61,184,184
2023-12-08 12:27:26,57,61,184,184
2023-12-08 12:27:39,57,64,184,184
2023-12-08 12:27:39,57,62,184,184
2023-12-08 12:28:17,57,65,184,184
2023-12-08 12:28:17,57,64,184,184
2023-12-08 12:28:22,57,67,184,184
2023-12-08 12:28:22,57,65,184,184
2023-12-08 12:28:27,57,100,184,184
2023-12-08 12:28:27,57,70,184,184
2023-12-08 12:28:27,57,68,184,184
2023-12-08 12:28:27,57,66,184,184
2023-12-08 12:29:05,0,66,184,184
2023-12-08 12:29:05,0,70,184,184
2023-12-08 12:29:05,55,70,184,184
2023-12-08 12:29:05,56,70,184,184
2023-12-08 12:29:05,60,70,184,184
2023-12-08 12:29:05,60,68,184,184
2023-12-08 12:29:10,0,68,184,184
2023-12-08 12:29:10,0,71,184,184
2023-12-08 12:29:10,56,71,184,184
2023-12-08 12:29:10,62,71,184,184
2023-12-08 12:29:10,62,70,184,184
2023-12-08 12:29:11,65,70,184,184
2023-12-08 12:29:22,62,70,184,184
2023-12-08 12:29:49,62,72,184,184
2023-12-08 12:29:49,62,70,184,184
2023-12-08 12:29:49,62,68,184,184
2023-12-08 12:30:00,62,72,184,184
2023-12-08 12:30:00,62,69,184,184
2023-12-08 12:30:00,62,67,184,184
2023-12-08 12:30:04,62,72,184,184
2023-12-08 12:30:04,62,70,184,184
2023-12-08 12:30:04,62,68,184,184
2023-12-08 12:30:33,62,72,184,184
2023-12-08 12:30:33,62,69,184,184
2023-12-08 12:30:59,63,69,184,184
2023-12-08 12:31:13,63,70,184,184
2023-12-08 12:31:13,63,68,184,184
2023-12-08 12:31:40,60,68,184,184
2023-12-08 12:31:54,63,68,184,184
2023-12-08 12:32:04,60,68,184,184
2023-12-08 12:32:13,57,68,184,184
2023-12-08 12:32:13,56,70,184,184
2023-12-08 12:32:13,59,70,184,184
2023-12-08 12:32:13,59,67,184,184
2023-12-08 12:32:16,62,67,184,184
2023-12-08 12:33:13,62,69,184,184
2023-12-08 12:33:14,62,68,184,184
2023-12-08 12:33:35,62,70,184,184
2023-12-08 12:33:35,62,66,184,184
2023-12-08 12:33:38,59,66,184,184
2023-12-08 12:33:38,57,66,184,184
2023-12-08 12:33:43,61,66,184,184
2023-12-08 12:33:46,58,66,184,184
2023-12-08 12:33:46,57,66,184,184
2023-12-08 12:33:49,60,66,184,184
2023-12-08 12:33:57,60,100,184,184
2023-12-08 12:33:57,60,69,184,184
2023-12-08 12:33:57,60,67,184,184
2023-12-08 12:33:57,60,65,184,184
2023-12-08 12:34:11,57,65,184,184
2023-12-08 12:34:11,56,65,184,184
2023-12-08 12:34:13,56,66,184,184
2023-12-08 12:34:13,0,66,184,184
2023-12-08 12:34:13,55,66,184,184
2023-12-08 12:34:13,55,63,184,184
2023-12-08 12:34:16,55,66,184,184
2023-12-08 12:34:16,0,66,184,184
2023-12-08 12:34:16,49,66,184,184
2023-12-08 12:34:16,51,66,184,184
2023-12-08 12:34:16,54,66,184,184
2023-12-08 12:34:16,54,65,184,184
2023-12-08 12:34:16,54,62,184,184
2023-12-08 12:34:28,0,62,184,184
2023-12-08 12:34:28,0,66,184,184
2023-12-08 12:34:28,55,66,184,184
2023-12-08 12:34:28,55,63,184,184
2023-12-08 12:34:30,58,63,184,184
2023-12-08 12:34:43,58,66,184,184
2023-12-08 12:34:43,58,65,184,184
2023-12-08 12:35:02,58,69,184,184
2023-12-08 12:35:02,58,68,184,184
2023-12-08 12:35:02,58,66,184,184
2023-12-08 12:35:20,58,69,184,184
2023-12-08 12:35:20,58,65,184,184
2023-12-08 12:36:16,58,69,184,184
2023-12-08 12:36:16,58,65,184,184
2023-12-08 12:36:16,58,63,184,184
2023-12-08 12:36:19,55,63,184,184
2023-12-08 12:36:30,58,63,184,184
2023-12-08 12:37:02,55,63,184,184
2023-12-08 12:37:05,58,63,184,184
2023-12-08 12:37:16,58,66,184,184
2023-12-08 12:37:17,58,64,184,184
2023-12-08 12:37:19,56,64,184,184
2023-12-08 12:37:22,57,64,184,184
2023-12-08 12:37:27,57,66,184,184
2023-12-08 12:37:27,57,62,184,184
2023-12-08 12:37:27,54,62,184,184
2023-12-08 12:37:36,57,62,184,184
2023-12-08 12:38:06,57,66,184,184
2023-12-08 12:38:06,57,64,184,184
2023-12-08 12:38:15,57,69,184,184
2023-12-08 12:38:15,57,72,184,184
2023-12-08 12:38:15,57,75,184,184
2023-12-08 12:38:15,57,100,184,184
2023-12-08 12:38:15,57,69,184,184
2023-12-08 12:38:15,57,67,184,184
2023-12-08 12:38:15,57,65,184,184
2023-12-08 12:38:26,57,100,184,184
2023-12-08 12:38:26,59,100,184,184
2023-12-08 12:38:26,59,67,184,184
2023-12-08 12:39:26,56,67,184,184
2023-12-08 12:39:27,55,70,184,184
2023-12-08 12:39:27,56,70,184,184
2023-12-08 12:39:27,60,70,184,184
2023-12-08 12:39:27,60,69,184,184
2023-12-08 12:39:27,60,67,184,184
2023-12-08 12:39:39,63,67,184,184
2023-12-08 12:39:49,60,67,184,184
2023-12-08 12:39:52,62,67,184,184
2023-12-08 12:40:28,62,69,184,184
2023-12-08 12:40:28,62,70,184,184
2023-12-08 12:40:28,62,68,184,184
2023-12-08 12:40:48,62,71,184,184
2023-12-08 12:40:48,62,67,184,184
2023-12-08 12:41:28,59,67,184,184
2023-12-08 12:41:30,61,67,184,184
2023-12-08 12:41:32,61,71,184,184
2023-12-08 12:41:32,61,70,184,184
2023-12-08 12:41:32,61,66,184,184
2023-12-08 12:41:35,58,66,184,184
2023-12-08 12:41:35,57,66,184,184
2023-12-08 12:41:50,61,66,184,184
2023-12-08 12:41:57,61,71,184,184
2023-12-08 12:41:57,61,69,184,184
2023-12-08 12:42:18,61,71,184,184
2023-12-08 12:42:18,62,71,184,184
2023-12-08 12:42:18,62,69,184,184
2023-12-08 12:42:33,61,69,184,184
2023-12-08 12:42:33,61,73,184,184
2023-12-08 12:42:33,63,73,184,184
2023-12-08 12:42:33,63,72,184,184
2023-12-08 12:42:48,63,73,184,184
2023-12-08 12:42:48,61,73,184,184
2023-12-08 12:42:48,62,73,184,184
2023-12-08 12:42:48,62,72,184,184
2023-12-08 12:42:48,62,70,184,184
2023-12-08 12:43:48,62,72,184,184
2023-12-08 12:43:49,63,73,184,184
2023-12-08 12:43:49,63,72,184,184
2023-12-08 12:43:55,67,72,184,184
2023-12-08 12:44:02,67,100,184,184
2023-12-08 12:44:02,67,74,184,184
2023-12-08 12:44:02,67,72,184,184
2023-12-08 12:44:26,65,72,184,184
2023-12-08 12:44:27,65,73,184,184
2023-12-08 12:44:27,0,73,184,184
2023-12-08 12:44:27,57,73,184,184
2023-12-08 12:44:27,61,73,184,184
2023-12-08 12:44:27,63,73,184,184
2023-12-08 12:44:27,63,72,184,184
2023-12-08 12:44:28,65,72,184,184
2023-12-08 12:44:34,63,72,184,184
2023-12-08 12:44:44,65,72,184,184
2023-12-08 12:45:20,65,74,184,184
2023-12-08 12:45:20,65,72,184,184
2023-12-08 12:46:07,65,75,184,184
2023-12-08 12:46:07,65,72,184,184
2023-12-08 12:46:26,63,72,184,184
2023-12-08 12:46:36,65,72,184,184
2023-12-08 12:47:07,65,73,184,184
2023-12-08 12:47:08,65,72,184,184
2023-12-08 12:47:17,65,75,184,184
2023-12-08 12:47:17,65,73,184,184
2023-12-08 12:48:17,63,73,184,184
2023-12-08 12:48:18,68,77,184,184
2023-12-08 12:48:18,68,74,184,184
2023-12-08 12:48:18,68,72,184,184
2023-12-08 12:48:25,65,72,184,184
2023-12-08 12:48:29,67,72,184,184
2023-12-08 12:49:04,67,77,184,184
2023-12-08 12:49:04,67,76,184,184
2023-12-08 12:49:04,67,74,184,184
2023-12-08 12:49:51,67,77,184,184
2023-12-08 12:49:51,67,76,184,184
2023-12-08 12:49:51,67,72,184,184
2023-12-08 12:49:58,64,72,184,184
2023-12-08 12:50:09,69,72,184,184
2023-12-08 12:50:12,69,77,184,184
2023-12-08 12:50:12,69,75,184,184
2023-12-08 12:50:12,69,73,184,184
2023-12-08 12:50:18,66,73,184,184
2023-12-08 12:50:21,68,73,184,184
2023-12-08 12:50:23,68,77,184,184
2023-12-08 12:50:23,68,74,184,184
2023-12-08 12:50:23,68,72,184,184
2023-12-08 12:50:30,68,72,244,244
2023-12-08 12:50:35,65,72,244,244
2023-12-08 12:50:35,64,72,244,244
2023-12-08 12:50:38,66,72,244,244
2023-12-08 12:50:53,66,77,244,244
2023-12-08 12:50:53,66,74,244,244
2023-12-08 12:51:03,66,77,244,244
2023-12-08 12:51:03,67,77,244,244
2023-12-08 12:51:03,67,75,244,244
2023-12-08 12:51:26,66,75,244,244
2023-12-08 12:51:26,66,100,244,244
2023-12-08 12:51:26,69,100,244,244
2023-12-08 12:51:26,69,81,244,244
2023-12-08 12:51:26,69,79,244,244
2023-12-08 12:51:26,69,77,244,244
2023-12-08 12:51:40,69,80,244,244
2023-12-08 12:51:40,66,80,244,244
2023-12-08 12:51:40,68,80,244,244
2023-12-08 12:51:40,68,77,244,244
2023-12-08 12:51:40,68,75,244,244
2023-12-08 12:51:42,68,80,244,244
2023-12-08 12:51:42,66,80,244,244
2023-12-08 12:51:42,66,74,244,244
2023-12-08 12:51:48,66,80,244,244
2023-12-08 12:51:48,66,72,244,244
2023-12-08 12:52:21,64,72,244,244
2023-12-08 12:52:26,65,72,244,244
2023-12-08 12:52:36,64,72,244,244
2023-12-08 12:52:39,64,80,244,244
2023-12-08 12:52:39,64,75,244,244
2023-12-08 12:52:39,64,73,244,244
2023-12-08 12:52:39,64,72,244,244
2023-12-08 12:53:09,64,100,244,244
2023-12-08 12:53:09,64,76,244,244
2023-12-08 12:53:09,64,72,244,244
2023-12-08 12:53:21,64,100,244,244
2023-12-08 12:53:21,66,100,244,244
2023-12-08 12:53:21,66,74,244,244
2023-12-08 12:53:35,64,74,244,244
2023-12-08 12:53:35,64,77,244,244
2023-12-08 12:53:35,66,77,244,244
2023-12-08 12:53:35,68,77,244,244
2023-12-08 12:53:35,68,76,244,244
2023-12-08 12:54:05,64,76,244,244
2023-12-08 12:54:05,64,79,244,244
2023-12-08 12:54:05,67,79,244,244
2023-12-08 12:54:05,69,79,244,244
2023-12-08 12:54:05,69,77,244,244
2023-12-08 12:54:32,69,79,244,244
2023-12-08 12:54:32,0,79,244,244
2023-12-08 12:54:32,68,79,244,244
2023-12-08 12:54:32,68,77,244,244
2023-12-08 12:54:32,68,75,244,244
2023-12-08 12:54:35,69,75,244,244
2023-12-08 12:55:32,69,79,244,244
2023-12-08 12:55:33,69,78,244,244
2023-12-08 12:55:33,69,76,244,244
2023-12-08 12:56:31,68,76,244,244
2023-12-08 12:56:33,64,76,244,244
2023-12-08 12:56:34,64,100,244,244
2023-12-08 12:56:34,68,100,244,244
2023-12-08 12:56:34,68,78,244,244
2023-12-08 12:56:34,68,76,244,244
2023-12-08 12:57:29,68,79,244,244
2023-12-08 12:57:29,0,79,244,244
2023-12-08 12:57:29,63,79,244,244
2023-12-08 12:57:29,67,79,244,244
2023-12-08 12:57:29,67,75,244,244
2023-12-08 12:57:36,69,75,244,244
2023-12-08 12:58:00,67,75,244,244
2023-12-08 12:58:09,67,79,244,244
2023-12-08 12:58:09,66,79,244,244
2023-12-08 12:58:09,66,75,244,244
2023-12-08 12:58:09,66,73,244,244
2023-12-08 12:58:11,65,73,244,244
2023-12-08 12:58:12,65,79,244,244
2023-12-08 12:58:12,0,79,244,244
2023-12-08 12:58:12,60,79,244,244
2023-12-08 12:58:12,64,79,244,244
2023-12-08 12:58:12,64,76,244,244
2023-12-08 12:58:12,64,72,244,244
2023-12-08 12:58:15,65,72,244,244
2023-12-08 12:59:00,65,74,244,244
2023-12-08 12:59:00,65,73,244,244
2023-12-08 12:59:10,65,100,244,244
2023-12-08 12:59:10,67,100,244,244
2023-12-08 12:59:10,67,75,244,244
2023-12-08 13:00:10,65,75,244,244
2023-12-08 13:00:11,68,78,244,244
2023-12-08 13:00:11,68,76,244,244
2023-12-08 13:00:32,69,76,244,244
2023-12-08 13:00:35,68,76,244,244
2023-12-08 13:00:35,68,78,244,244
2023-12-08 13:00:35,0,78,244,244
2023-12-08 13:00:35,61,78,244,244
2023-12-08 13:00:35,64,78,244,244
2023-12-08 13:00:35,66,78,244,244
2023-12-08 13:00:35,66,74,244,244
2023-12-08 13:00:42,66,78,244,244
2023-12-08 13:00:42,0,78,244,244
2023-12-08 13:00:42,63,78,244,244
2023-12-08 13:00:42,65,78,244,244
2023-12-08 13:00:42,65,73,244,244
2023-12-08 13:00:57,65,78,244,244
2023-12-08 13:00:57,0,78,244,244
2023-12-08 13:00:57,64,78,244,244
2023-12-08 13:00:57,64,76,244,244
2023-12-08 13:00:57,64,72,244,244
2023-12-08 13:01:14,0,72,244,244
2023-12-08 13:01:14,0,78,244,244
2023-12-08 13:01:14,60,78,244,244
2023-12-08 13:01:14,63,78,244,244
2023-12-08 13:01:14,65,78,244,244
2023-12-08 13:01:14,65,77,244,244
2023-12-08 13:01:14,65,75,244,244
2023-12-08 13:01:14,65,73,244,244
2023-12-08 13:01:26,69,73,244,244
2023-12-08 13:02:14,69,75,244,244
2023-12-08 13:02:15,69,76,244,244
2023-12-08 13:02:15,69,74,244,244
2023-12-08 13:02:24,69,77,244,244
2023-12-08 13:02:24,69,75,244,244
2023-12-08 13:02:35,69,77,244,244
2023-12-08 13:02:35,69,76,244,244
2023-12-08 13:02:55,68,76,244,244
2023-12-08 13:03:10,68,79,244,244
2023-12-08 13:03:10,68,75,244,244
2023-12-08 13:03:56,68,79,244,244
2023-12-08 13:03:56,68,73,244,244
2023-12-08 13:04:22,68,79,244,244
2023-12-08 13:04:22,68,75,244,244
2023-12-08 13:04:41,67,75,244,244
2023-12-08 13:04:54,68,75,244,244
2023-12-08 13:05:22,68,77,244,244
2023-12-08 13:05:23,68,75,244,244
2023-12-08 13:05:53,68,100,244,244
2023-12-08 13:05:53,69,100,244,244
2023-12-08 13:05:53,69,81,244,244
2023-12-08 13:05:53,69,79,244,244
2023-12-08 13:05:53,69,77,244,244
2023-12-08 13:06:17,68,77,244,244
2023-12-08 13:06:17,68,80,244,244
2023-12-08 13:06:17,70,80,244,244
2023-12-08 13:06:17,70,78,244,244
2023-12-08 13:06:39,68,78,244,244
2023-12-08 13:06:39,68,83,244,244
2023-12-08 13:06:39,72,83,244,244
2023-12-08 13:06:39,72,82,244,244
2023-12-08 13:06:39,72,79,244,244
2023-12-08 13:06:57,72,83,244,244
2023-12-08 13:06:57,0,83,244,244
2023-12-08 13:06:57,70,83,244,244
2023-12-08 13:06:57,70,78,244,244
2023-12-08 13:07:21,71,78,244,244
2023-12-08 13:07:26,70,78,244,244
2023-12-08 13:07:33,70,83,244,244
2023-12-08 13:07:33,70,76,244,244
2023-12-08 13:07:45,68,76,244,244
2023-12-08 13:07:48,69,76,244,244
2023-12-08 13:07:57,69,83,244,244
2023-12-08 13:07:57,69,77,244,244
2023-12-08 13:07:57,67,77,244,244
2023-12-08 13:07:57,67,75,244,244
2023-12-08 13:08:15,71,75,244,244
2023-12-08 13:08:19,68,75,244,244
2023-12-08 13:08:19,67,75,244,244
2023-12-08 13:08:22,69,75,244,244
2023-12-08 13:08:49,69,77,244,244
2023-12-08 13:08:49,69,76,244,244
2023-12-08 13:09:04,69,78,244,244
2023-12-08 13:09:04,69,77,244,244
2023-12-08 13:09:04,69,75,244,244
2023-12-08 13:09:11,67,75,244,244
2023-12-08 13:09:13,68,75,244,244
2023-12-08 13:10:04,68,77,244,244
2023-12-08 13:10:04,68,81,244,244
2023-12-08 13:10:04,68,84,244,244
2023-12-08 13:10:04,68,87,244,244
2023-12-08 13:10:04,68,100,244,244
2023-12-08 13:10:05,68,80,244,244
2023-12-08 13:10:05,68,78,244,244
2023-12-08 13:10:05,68,76,244,244
2023-12-08 13:10:09,68,80,244,244
2023-12-08 13:10:09,69,80,244,244
2023-12-08 13:10:09,69,79,244,244
2023-12-08 13:10:09,69,77,244,244
2023-12-08 13:10:18,68,77,244,244
2023-12-08 13:10:18,68,100,244,244
2023-12-08 13:10:18,71,100,244,244
2023-12-08 13:10:18,71,83,244,244
2023-12-08 13:10:18,71,79,244,244
2023-12-08 13:10:55,68,79,244,244
2023-12-08 13:10:55,68,82,244,244
2023-12-08 13:10:55,70,82,244,244
2023-12-08 13:10:55,72,82,244,244
2023-12-08 13:10:55,72,80,244,244
2023-12-08 13:11:11,72,82,244,244
2023-12-08 13:11:11,0,82,244,244
2023-12-08 13:11:11,69,82,244,244
2023-12-08 13:11:11,71,82,244,244
2023-12-08 13:11:11,71,80,244,244
2023-12-08 13:11:11,71,78,244,244
2023-12-08 13:11:12,73,78,244,244
2023-12-08 13:11:26,73,82,244,244
2023-12-08 13:11:26,73,80,244,244
2023-12-08 13:12:02,73,83,244,244
2023-12-08 13:12:02,73,81,244,244
2023-12-08 13:12:54,76,81,244,244
2023-12-08 13:13:02,76,83,244,244
2023-12-08 13:13:03,76,82,244,244
2023-12-08 13:13:16,73,82,244,244
2023-12-08 13:13:16,72,82,244,244
2023-12-08 13:13:18,72,84,244,244
2023-12-08 13:13:18,0,84,244,244
2023-12-08 13:13:18,69,84,244,244
2023-12-08 13:13:18,71,84,244,244
2023-12-08 13:13:18,71,83,244,244
2023-12-08 13:13:18,71,81,244,244
2023-12-08 13:13:38,74,81,244,244
2023-12-08 13:14:07,74,100,244,244
2023-12-08 13:14:07,74,85,244,244
2023-12-08 13:14:07,74,84,244,244
2023-12-08 13:14:07,74,82,244,244
2023-12-08 13:14:12,74,100,244,244
2023-12-08 13:14:12,74,84,244,244
2023-12-08 13:14:43,74,100,244,244
2023-12-08 13:14:43,75,100,244,244
2023-12-08 13:14:43,75,89,244,244
2023-12-08 13:14:43,75,88,244,244
2023-12-08 13:14:43,75,86,244,244
2023-12-08 13:15:33,0,86,244,244
2023-12-08 13:15:33,0,100,244,244
2023-12-08 13:15:33,72,100,244,244
2023-12-08 13:15:33,74,100,244,244
2023-12-08 13:15:33,76,100,244,244
2023-12-08 13:15:33,76,90,244,244
2023-12-08 13:15:33,76,89,244,244
2023-12-08 13:15:33,76,87,244,244
2023-12-08 13:16:00,0,87,244,244
2023-12-08 13:16:00,75,87,244,244
2023-12-08 13:16:00,75,85,244,244
2023-12-08 13:16:20,75,87,244,244
2023-12-08 13:16:20,0,87,244,244
2023-12-08 13:16:20,70,87,244,244
2023-12-08 13:16:20,72,87,244,244
2023-12-08 13:16:20,74,87,244,244
2023-12-08 13:16:20,74,86,244,244
2023-12-08 13:16:20,74,84,244,244
2023-12-08 13:16:42,78,84,244,244
2023-12-08 13:17:20,78,87,244,244
2023-12-08 13:17:20,75,100,244,244
2023-12-08 13:17:20,72,100,244,244
2023-12-08 13:17:20,69,100,244,244
2023-12-08 13:17:20,0,100,244,244
2023-12-08 13:17:21,69,100,244,244
2023-12-08 13:17:21,73,100,244,244
2023-12-08 13:17:21,73,86,244,244
2023-12-08 13:17:21,73,84,244,244
2023-12-08 13:17:27,76,84,244,244
2023-12-08 13:17:53,76,82,244,244
2023-12-08 13:17:54,73,82,244,244
2023-12-08 13:17:54,72,82,244,244
2023-12-08 13:17:57,75,82,244,244
2023-12-08 13:17:58,75,84,244,244
2023-12-08 13:17:58,75,83,244,244
2023-12-08 13:17:58,75,81,244,244
2023-12-08 13:18:02,72,81,244,244
2023-12-08 13:18:02,71,81,244,244
2023-12-08 13:18:13,74,81,244,244
2023-12-08 13:18:32,74,84,244,244
2023-12-08 13:18:32,74,82,244,244
2023-12-08 13:18:50,74,84,244,244
2023-12-08 13:19:50,74,85,244,244
2023-12-08 13:19:51,74,83,244,244
2023-12-08 13:20:09,73,83,244,244
2023-12-08 13:20:11,73,85,244,244
2023-12-08 13:20:11,0,85,244,244
2023-12-08 13:20:11,68,85,244,244
2023-12-08 13:20:11,72,85,244,244
2023-12-08 13:20:11,72,82,244,244
2023-12-08 13:20:30,72,85,244,244
2023-12-08 13:20:30,0,85,244,244
2023-12-08 13:20:30,71,85,244,244
2023-12-08 13:20:30,71,83,244,244
2023-12-08 13:20:30,71,81,244,244
2023-12-08 13:20:40,71,85,244,244
2023-12-08 13:20:40,0,85,244,244
2023-12-08 13:20:40,65,85,244,244
2023-12-08 13:20:40,67,85,244,244
2023-12-08 13:20:40,69,85,244,244
2023-12-08 13:20:40,69,82,244,244
2023-12-08 13:20:40,69,80,244,244
2023-12-08 13:20:46,0,80,244,244
2023-12-08 13:20:46,0,100,244,244
2023-12-08 13:20:46,67,100,244,244
2023-12-08 13:20:46,69,100,244,244
2023-12-08 13:20:46,71,100,244,244
2023-12-08 13:20:46,71,81,244,244
2023-12-08 13:21:07,0,81,244,244
2023-12-08 13:21:07,0,100,244,244
2023-12-08 13:21:07,72,100,244,244
2023-12-08 13:21:07,72,83,244,244
2023-12-08 13:21:16,76,83,244,244
2023-12-08 13:21:57,73,83,244,244
2023-12-08 13:21:57,72,83,244,244
2023-12-08 13:22:07,70,83,244,244
2023-12-08 13:22:08,68,85,244,244
2023-12-08 13:22:08,70,85,244,244
2023-12-08 13:22:08,72,85,244,244
2023-12-08 13:22:08,72,84,244,244
2023-12-08 13:22:08,72,82,244,244
2023-12-08 13:22:15,75,82,244,244
2023-12-08 13:22:24,75,85,244,244
2023-12-08 13:22:24,75,83,244,244
2023-12-08 13:22:53,75,85,244,244
2023-12-08 13:23:45,74,85,244,244
2023-12-08 13:23:53,72,85,244,244
2023-12-08 13:23:54,70,85,244,244
2023-12-08 13:23:54,74,85,244,244
2023-12-08 13:23:54,74,84,244,244
2023-12-08 13:24:29,0,84,244,244
2023-12-08 13:24:29,0,85,244,244
2023-12-08 13:24:29,75,85,244,244
2023-12-08 13:25:16,79,85,244,244
2023-12-08 13:25:29,79,87,244,244
2023-12-08 13:25:30,79,85,244,244
2023-12-08 13:25:36,76,85,244,244
2023-12-08 13:25:36,75,85,244,244
2023-12-08 13:25:39,78,85,244,244
2023-12-08 13:25:44,78,87,244,244
2023-12-08 13:25:44,78,84,244,244
2023-12-08 13:26:11,78,87,244,244
2023-12-08 13:26:11,78,85,244,244
2023-12-08 13:27:11,78,87,244,244
2023-12-08 13:27:12,78,86,244,244
2023-12-08 13:27:20,76,86,244,244
2023-12-08 13:27:32,79,86,244,244
2023-12-08 13:28:12,79,89,244,244
2023-12-08 13:28:12,79,89,244,244
2023-12-08 13:28:13,79,87,244,244
2023-12-08 13:28:34,79,89,244,244
2023-12-08 13:28:34,79,88,244,244
2023-12-08 13:28:34,79,89,244,244
2023-12-08 13:28:35,79,90,244,244
2023-12-08 13:29:00,79,93,244,244
2023-12-08 13:29:00,79,88,244,244
2023-12-08 13:29:27,78,88,244,244
2023-12-08 13:29:45,81,88,244,244
2023-12-08 13:30:00,81,90,244,244
2023-12-08 13:30:01,81,91,244,244
2023-12-08 13:30:01,81,90,244,244
2023-12-08 13:30:01,81,88,244,244
2023-12-08 13:30:31,78,88,244,244
2023-12-08 13:30:44,82,88,244,244
2023-12-08 13:30:55,79,88,244,244
2023-12-08 13:30:55,78,88,244,244
2023-12-08 13:30:57,78,90,244,244
2023-12-08 13:30:57,0,90,244,244
2023-12-08 13:30:57,74,90,244,244
2023-12-08 13:30:57,76,90,244,244
2023-12-08 13:30:57,76,87,244,244
2023-12-08 13:30:58,79,87,244,244
2023-12-08 13:31:02,79,90,244,244
2023-12-08 13:31:02,79,87,244,244
2023-12-08 13:31:02,79,85,244,244
2023-12-08 13:31:03,76,85,244,244
2023-12-08 13:31:03,75,85,244,244
2023-12-08 13:31:06,75,90,244,244
2023-12-08 13:31:06,0,90,244,244
2023-12-08 13:31:06,72,90,244,244
2023-12-08 13:31:06,74,90,244,244
2023-12-08 13:31:06,74,86,244,244
2023-12-08 13:31:06,74,84,244,244
2023-12-08 13:31:06,76,84,244,244
2023-12-08 13:31:13,76,90,244,244
2023-12-08 13:31:13,76,87,244,244
2023-12-08 13:31:13,76,85,244,244
2023-12-08 13:31:41,76,85,255,255
2023-12-08 13:32:05,76,90,255,255
2023-12-08 13:32:05,76,88,255,255
2023-12-08 13:32:05,76,86,255,255
2023-12-08 13:32:29,76,100,255,255
2023-12-08 13:32:29,77,100,255,255
2023-12-08 13:32:29,77,91,255,255
2023-12-08 13:32:29,77,90,255,255
2023-12-08 13:32:29,77,88,255,255
2023-12-08 13:32:40,81,88,255,255
2023-12-08 13:32:50,78,88,255,255
2023-12-08 13:32:50,77,88,255,255
2023-12-08 13:32:53,80,88,255,255
2023-12-08 13:33:12,80,89,255,255
2023-12-08 13:33:12,80,86,255,255
2023-12-08 13:33:23,77,86,255,255
2023-12-08 13:33:23,76,86,255,255
2023-12-08 13:33:36,80,86,255,255
2023-12-08 13:34:12,80,89,255,255
2023-12-08 13:34:13,80,89,255,255
2023-12-08 13:34:13,80,87,255,255
2023-12-08 13:34:26,80,100,255,255
2023-12-08 13:34:26,80,90,255,255
2023-12-08 13:34:26,80,89,255,255
2023-12-08 13:35:14,80,91,255,255
2023-12-08 13:35:14,80,90,255,255
2023-12-08 13:35:14,80,87,255,255
2023-12-08 13:35:17,77,87,255,255
2023-12-08 13:35:23,77,91,255,255
2023-12-08 13:35:23,0,91,255,255
2023-12-08 13:35:23,76,91,255,255
2023-12-08 13:35:23,76,86,255,255
2023-12-08 13:35:24,0,86,255,255
2023-12-08 13:35:24,0,91,255,255
2023-12-08 13:35:24,77,91,255,255
2023-12-08 13:35:24,77,89,255,255
2023-12-08 13:35:25,77,87,255,255
2023-12-08 13:35:25,0,87,255,255
2023-12-08 13:35:25,0,91,255,255
2023-12-08 13:35:25,79,91,255,255
2023-12-08 13:35:25,79,89,255,255
2023-12-08 13:35:29,79,91,255,255
2023-12-08 13:35:29,0,91,255,255
2023-12-08 13:35:29,73,91,255,255
2023-12-08 13:35:29,75,91,255,255
2023-12-08 13:35:29,77,91,255,255
2023-12-08 13:35:29,77,90,255,255
2023-12-08 13:35:29,77,88,255,255
2023-12-08 13:35:37,0,88,255,255
2023-12-08 13:35:37,0,91,255,255
2023-12-08 13:35:37,77,91,255,255
2023-12-08 13:35:37,79,91,255,255
2023-12-08 13:35:37,79,89,255,255
2023-12-08 13:35:39,82,89,255,255
2023-12-08 13:35:47,79,89,255,255
2023-12-08 13:35:49,79,91,255,255
2023-12-08 13:35:49,0,91,255,255
2023-12-08 13:35:49,73,91,255,255
2023-12-08 13:35:49,75,91,255,255
2023-12-08 13:35:49,77,91,255,255
2023-12-08 13:35:49,77,90,255,255
2023-12-08 13:35:49,77,88,255,255
2023-12-08 13:35:49,80,88,255,255
2023-12-08 13:36:16,80,91,255,255
2023-12-08 13:36:16,80,89,255,255
2023-12-08 13:37:16,80,90,255,255
2023-12-08 13:37:17,77,91,255,255
2023-12-08 13:37:17,78,91,255,255
2023-12-08 13:37:17,78,90,255,255
2023-12-08 13:37:17,78,89,255,255
2023-12-08 13:37:24,81,89,255,255
2023-12-08 13:38:17,81,91,255,255
2023-12-08 13:38:18,81,90,255,255
2023-12-08 13:38:18,81,88,255,255
2023-12-08 13:38:30,78,88,255,255
2023-12-08 13:38:41,81,88,255,255
2023-12-08 13:38:47,81,87,255,255
2023-12-08 13:38:50,78,87,255,255
2023-12-08 13:38:50,77,87,255,255
2023-12-08 13:38:53,79,87,255,255
2023-12-08 13:38:56,77,87,255,255
2023-12-08 13:39:13,81,87,255,255
2023-12-08 13:39:23,81,90,255,255
2023-12-08 13:39:23,81,88,255,255
2023-12-08 13:39:37,78,88,255,255
2023-12-08 13:39:38,78,90,255,255
2023-12-08 13:39:38,0,90,255,255
2023-12-08 13:39:38,75,90,255,255
2023-12-08 13:39:38,77,90,255,255
2023-12-08 13:39:38,77,89,255,255
2023-12-08 13:39:38,77,87,255,255
2023-12-08 13:39:39,80,87,255,255
2023-12-08 13:40:15,80,90,255,255
2023-12-08 13:40:15,80,89,255,255
2023-12-08 13:40:15,80,88,255,255
2023-12-08 13:40:15,80,86,255,255
2023-12-08 13:40:17,77,86,255,255
2023-12-08 13:40:17,75,86,255,255
2023-12-08 13:40:20,78,86,255,255
2023-12-08 13:40:21,78,90,255,255
2023-12-08 13:40:21,78,84,255,255
2023-12-08 13:40:28,75,84,255,255
2023-12-08 13:40:28,74,84,255,255
2023-12-08 13:40:34,0,84,255,255
2023-12-08 13:40:34,0,90,255,255
2023-12-08 13:40:34,74,90,255,255
2023-12-08 13:40:34,76,90,255,255
2023-12-08 13:40:34,76,88,255,255
2023-12-08 13:40:34,76,86,255,255
2023-12-08 13:40:57,79,86,255,255
2023-12-08 13:41:14,76,86,255,255
2023-12-08 13:41:16,77,86,255,255
2023-12-08 13:41:17,77,100,255,255
2023-12-08 13:41:17,77,85,255,255
2023-12-08 13:42:00,74,85,255,255
2023-12-08 13:42:02,76,85,255,255
2023-12-08 13:42:06,74,85,255,255
2023-12-08 13:42:07,0,85,255,255
2023-12-08 13:42:07,71,85,255,255
2023-12-08 13:42:07,73,85,255,255
2023-12-08 13:42:07,73,83,255,255
2023-12-08 13:42:16,73,85,255,255
2023-12-08 13:42:16,0,85,255,255
2023-12-08 13:42:16,72,85,255,255
2023-12-08 13:42:16,72,82,255,255
2023-12-08 13:42:24,73,82,255,255
2023-12-08 13:42:29,73,85,255,255
2023-12-08 13:42:29,73,84,255,255
