datetime,bid,ask,open_interest,volume
2023-01-24 09:30:03,42,44,975,976
2023-01-24 09:31:01,43,44,975,976
2023-01-24 09:31:02,43,46,975,976
2023-01-24 09:32:17,44,46,975,976
2023-01-24 09:32:18,44,48,975,976
2023-01-24 09:32:41,43,48,975,976
2023-01-24 09:32:41,46,48,975,976
2023-01-24 09:32:42,46,50,975,976
2023-01-24 09:34:51,48,50,975,976
2023-01-24 09:34:53,46,48,975,976
2023-01-24 09:34:54,44,48,975,976
2023-01-24 09:35:23,44,54,979,980
2023-01-24 09:35:45,43,54,1029,1080
2023-01-24 09:36:25,43,53,1029,1080
2023-01-24 09:36:25,43,54,1029,1080
2023-01-24 09:36:41,44,54,1029,1080
2023-01-24 09:37:03,44,53,1029,1080
2023-01-24 09:37:05,46,53,1029,1080
2023-01-24 09:37:10,46,54,1029,1080
2023-01-24 09:37:14,44,54,1029,1080
2023-01-24 09:37:24,43,54,1029,1080
2023-01-24 09:37:35,43,53,1029,1080
2023-01-24 09:37:47,44,53,1029,1080
2023-01-24 09:38:05,43,53,1029,1080
2023-01-24 09:38:20,44,53,1029,1080
2023-01-24 09:38:24,43,53,1029,1080
2023-01-24 09:38:26,43,52,1029,1080
2023-01-24 09:38:48,42,52,1079,1180
2023-01-24 09:38:56,42,51,1079,1180
2023-01-24 09:39:01,42,52,1079,1180
2023-01-24 09:39:09,40,52,1109,1240
2023-01-24 09:39:12,40,51,1109,1240
2023-01-24 09:39:30,36,51,1109,1240
2023-01-24 09:39:31,36,52,1109,1240
2023-01-24 09:39:31,36,51,1109,1240
2023-01-24 09:39:52,37,51,1109,1240
2023-01-24 09:39:58,38,51,1109,1240
2023-01-24 09:39:58,38,52,1109,1240
2023-01-24 09:39:59,38,51,1109,1240
2023-01-24 09:40:02,38,52,1109,1240
2023-01-24 09:40:04,38,44,1109,1240
2023-01-24 09:40:39,37,44,1109,1240
2023-01-24 09:40:49,38,44,1109,1240
2023-01-24 09:40:49,38,43,1109,1240
2023-01-24 09:41:18,38,41,1109,1240
2023-01-24 09:41:48,38,43,1109,1240
2023-01-24 09:41:56,37,43,1109,1240
2023-01-24 09:41:56,40,43,1109,1240
2023-01-24 09:42:11,42,43,1109,1240
2023-01-24 09:42:27,42,43,1112,1245
2023-01-24 09:42:38,42,43,1445,1578
2023-01-24 09:42:43,40,43,1445,1578
2023-01-24 09:42:49,40,48,1445,1578
2023-01-24 09:42:50,41,48,1445,1578
2023-01-24 09:43:18,40,48,1445,1578
2023-01-24 09:43:18,42,48,1445,1578
2023-01-24 09:43:47,40,48,1445,1578
2023-01-24 09:43:47,41,48,1445,1578
2023-01-24 09:43:48,43,48,1445,1578
2023-01-24 09:43:51,43,49,1445,1578
2023-01-24 09:44:17,43,50,1445,1578
2023-01-24 09:44:18,45,50,1445,1578
2023-01-24 09:44:48,44,50,1445,1578
2023-01-24 09:45:02,44,47,1445,1578
2023-01-24 09:45:12,44,49,1445,1578
2023-01-24 09:45:20,44,50,1445,1578
2023-01-24 09:45:21,43,50,1445,1578
2023-01-24 09:45:22,45,50,1445,1578
2023-01-24 09:45:31,45,49,1445,1578
2023-01-24 09:45:42,45,50,1445,1578
2023-01-24 09:45:48,44,50,1445,1578
2023-01-24 09:45:49,46,50,1445,1578
2023-01-24 09:45:49,46,51,1445,1578
2023-01-24 09:45:50,46,52,1445,1578
2023-01-24 09:46:18,44,49,1445,1578
2023-01-24 09:46:20,43,49,1445,1578
2023-01-24 09:46:47,45,49,1445,1578
2023-01-24 09:46:48,45,50,1445,1578
2023-01-24 09:47:11,47,50,1445,1578
2023-01-24 09:47:18,47,52,1445,1578
2023-01-24 09:47:18,47,55,1445,1578
2023-01-24 09:47:18,47,53,1445,1578
2023-01-24 09:47:29,48,53,1445,1578
2023-01-24 09:47:31,49,53,1445,1578
2023-01-24 09:47:47,48,53,1445,1578
2023-01-24 09:47:47,48,55,1445,1578
2023-01-24 09:47:47,49,55,1445,1578
2023-01-24 09:48:19,49,54,1445,1578
2023-01-24 09:48:19,48,54,1445,1578
2023-01-24 09:48:54,49,54,1445,1578
2023-01-24 09:49:11,49,54,1470,1603
2023-01-24 09:49:16,49,57,1470,1603
2023-01-24 09:49:16,49,55,1470,1603
2023-01-24 09:49:32,50,55,1470,1603
2023-01-24 09:49:47,50,54,1470,1603
2023-01-24 09:50:49,50,53,1470,1603
2023-01-24 09:51:48,50,55,1470,1603
2023-01-24 09:51:48,50,54,1470,1603
2023-01-24 09:52:49,50,55,1470,1603
2023-01-24 09:52:50,51,55,1470,1603
2023-01-24 09:53:49,51,57,1470,1603
2023-01-24 09:53:50,51,56,1470,1603
2023-01-24 09:54:17,52,56,1470,1603
2023-01-24 09:54:17,52,57,1470,1603
2023-01-24 09:55:19,52,58,1470,1603
2023-01-24 09:56:17,52,57,1470,1603
2023-01-24 09:56:18,51,57,1470,1603
2023-01-24 09:56:19,51,56,1470,1603
2023-01-24 09:56:57,51,55,1470,1603
2023-01-24 09:57:09,51,53,1470,1603
2023-01-24 09:57:38,51,53,1636,1936
2023-01-24 09:57:45,51,53,1736,2036
2023-01-24 09:57:48,51,52,1736,2036
2023-01-24 09:57:49,50,52,1736,2036
2023-01-24 09:57:52,50,51,1736,2036
2023-01-24 09:57:58,46,51,1836,2236
2023-01-24 09:58:18,44,51,1836,2236
2023-01-24 09:58:18,43,51,1836,2236
2023-01-24 09:58:18,45,51,1836,2236
2023-01-24 09:58:47,43,51,1836,2236
2023-01-24 09:58:49,43,49,1836,2236
2023-01-24 09:59:18,43,48,1836,2236
2023-01-24 09:59:28,45,48,1836,2236
2023-01-24 09:59:29,45,47,1836,2236
2023-01-24 09:59:38,45,47,1936,2336
2023-01-24 09:59:45,45,47,1941,2341
2023-01-24 09:59:46,45,48,1941,2341
2023-01-24 09:59:48,45,48,2041,2441
2023-01-24 09:59:48,45,47,2041,2441
2023-01-24 09:59:48,41,45,2136,2536
2023-01-24 09:59:57,40,45,2136,2536
2023-01-24 09:59:57,43,45,2136,2536
2023-01-24 10:00:02,40,45,2136,2536
2023-01-24 10:00:03,41,45,2136,2536
2023-01-24 10:00:11,43,45,2136,2536
2023-01-24 10:00:26,39,43,2139,2541
2023-01-24 10:00:26,41,43,2144,2546
2023-01-24 10:00:26,41,43,2144,2546
2023-01-24 10:00:49,41,45,2144,2546
2023-01-24 10:00:50,41,46,2144,2546
2023-01-24 10:01:19,41,43,2144,2546
2023-01-24 10:01:48,41,46,2144,2546
2023-01-24 10:01:48,41,44,2144,2546
2023-01-24 10:01:48,41,42,2144,2546
2023-01-24 10:02:16,41,44,2442,2844
2023-01-24 10:02:20,41,46,2442,2844
2023-01-24 10:02:20,41,47,2442,2844
2023-01-24 10:02:20,41,45,2442,2844
2023-01-24 10:03:20,41,46,2442,2844
2023-01-24 10:04:17,41,48,2442,2844
2023-01-24 10:04:18,42,48,2442,2844
2023-01-24 10:04:47,42,47,2442,2844
2023-01-24 10:05:20,42,51,2442,2844
2023-01-24 10:05:20,42,48,2442,2844
2023-01-24 10:05:21,41,48,2442,2844
2023-01-24 10:05:22,41,46,2442,2844
2023-01-24 10:05:48,41,47,2442,2844
2023-01-24 10:05:48,41,45,2442,2844
2023-01-24 10:06:10,39,41,2447,2849
2023-01-24 10:06:18,39,45,2447,2849
2023-01-24 10:06:19,39,40,2447,2849
2023-01-24 10:06:19,37,40,2447,2849
2023-01-24 10:06:20,35,40,2447,2849
2023-01-24 10:06:48,35,39,2447,2849
2023-01-24 10:07:17,35,40,2447,2849
2023-01-24 10:08:19,35,43,2447,2849
2023-01-24 10:08:20,35,41,2447,2849
2023-01-24 10:09:19,35,43,2447,2849
2023-01-24 10:09:19,38,43,2447,2849
2023-01-24 10:09:49,39,43,2447,2849
2023-01-24 10:09:50,41,43,2447,2849
2023-01-24 10:09:51,41,46,2447,2849
2023-01-24 10:10:26,39,46,2447,2849
2023-01-24 10:10:26,40,46,2447,2849
2023-01-24 10:10:50,40,48,2447,2849
2023-01-24 10:10:51,40,46,2447,2849
2023-01-24 10:11:19,38,46,2447,2849
2023-01-24 10:11:19,36,46,2447,2849
2023-01-24 10:11:19,37,46,2447,2849
2023-01-24 10:11:20,39,46,2447,2849
2023-01-24 10:11:21,41,46,2447,2849
2023-01-24 10:11:39,41,45,2447,2849
2023-01-24 10:11:51,43,45,2447,2849
2023-01-24 10:12:05,43,49,2447,2849
2023-01-24 10:12:19,45,49,2447,2849
2023-01-24 10:12:20,45,50,2447,2849
2023-01-24 10:12:42,45,50,2447,2859
2023-01-24 10:12:48,45,52,2447,2859
2023-01-24 10:12:48,45,51,2447,2859
2023-01-24 10:12:48,45,49,2447,2859
2023-01-24 10:12:48,40,49,2447,2859
2023-01-24 10:12:49,44,49,2447,2859
2023-01-24 10:13:19,44,50,2447,2859
2023-01-24 10:13:37,44,49,2447,2859
2023-01-24 10:13:37,44,46,2447,2859
2023-01-24 10:14:02,44,49,2447,2859
2023-01-24 10:14:40,45,49,2447,2859
2023-01-24 10:14:47,45,50,2447,2859
2023-01-24 10:14:48,45,49,2447,2859
2023-01-24 10:14:50,45,50,2447,2859
2023-01-24 10:14:54,46,50,2447,2859
2023-01-24 10:15:02,45,50,2447,2859
2023-01-24 10:15:06,45,50,2447,2859
2023-01-24 10:15:06,45,50,2452,2864
2023-01-24 10:15:20,45,50,2502,2964
2023-01-24 10:15:22,45,52,2502,2964
2023-01-24 10:15:22,45,54,2502,2964
2023-01-24 10:15:23,45,55,2502,2964
2023-01-24 10:15:23,46,55,2502,2964
2023-01-24 10:15:23,48,55,2502,2964
2023-01-24 10:15:23,48,53,2502,2964
2023-01-24 10:15:28,50,53,2502,2964
2023-01-24 10:15:48,50,55,2502,2964
2023-01-24 10:15:49,50,56,2502,2964
2023-01-24 10:15:51,52,56,2502,2964
2023-01-24 10:15:53,52,57,2502,2964
2023-01-24 10:15:53,52,54,2502,2964
2023-01-24 10:16:32,52,54,2502,2969
2023-01-24 10:16:41,52,58,2502,2969
2023-01-24 10:16:41,52,55,2502,2969
2023-01-24 10:16:50,50,55,2502,2969
2023-01-24 10:16:50,51,55,2502,2969
2023-01-24 10:17:11,51,57,2502,2969
2023-01-24 10:17:18,51,55,2502,2969
2023-01-24 10:17:20,50,55,2502,2969
2023-01-24 10:18:18,48,55,2502,2969
2023-01-24 10:18:19,50,55,2502,2969
2023-01-24 10:18:48,52,55,2502,2969
2023-01-24 10:19:17,52,54,2502,2969
2023-01-24 10:19:41,48,54,2512,2989
2023-01-24 10:19:41,48,53,2512,2989
2023-01-24 10:19:54,48,50,2512,2989
2023-01-24 10:20:03,48,54,2512,2989
2023-01-24 10:20:04,48,52,2512,2989
2023-01-24 10:20:23,48,54,2512,2989
2023-01-24 10:20:25,48,51,2512,2989
2023-01-24 10:20:25,46,51,2512,2989
2023-01-24 10:20:37,45,51,2512,2989
2023-01-24 10:20:49,44,51,2512,2989
2023-01-24 10:20:50,44,52,2512,2989
2023-01-24 10:20:51,46,52,2512,2989
2023-01-24 10:21:27,47,52,2512,2989
2023-01-24 10:21:49,47,54,2512,2989
2023-01-24 10:21:52,47,53,2512,2989
2023-01-24 10:22:51,47,52,2512,2989
2023-01-24 10:23:18,46,52,2512,2989
2023-01-24 10:23:49,47,52,2512,2989
2023-01-24 10:23:55,47,48,2512,2989
2023-01-24 10:24:01,47,52,2512,2989
2023-01-24 10:24:19,45,52,2512,2989
2023-01-24 10:24:19,44,52,2512,2989
2023-01-24 10:24:20,46,52,2512,2989
2023-01-24 10:24:23,46,50,2512,2989
2023-01-24 10:24:25,46,52,2512,2989
2023-01-24 10:24:25,46,48,2512,2989
2023-01-24 10:24:43,46,50,2512,2989
2023-01-24 10:24:49,46,49,2512,2989
2023-01-24 10:24:50,44,49,2512,2989
2023-01-24 10:25:51,46,49,2512,2989
2023-01-24 10:25:52,46,52,2512,2989
2023-01-24 10:26:49,46,54,2512,2989
2023-01-24 10:26:49,46,53,2512,2989
2023-01-24 10:26:50,47,53,2512,2989
2023-01-24 10:26:50,47,54,2512,2989
2023-01-24 10:26:50,47,53,2512,2989
2023-01-24 10:27:28,47,52,2512,2989
2023-01-24 10:28:09,47,49,2512,2989
2023-01-24 10:29:17,47,53,2512,2989
2023-01-24 10:29:17,47,52,2512,2989
2023-01-24 10:29:17,47,53,2512,2989
2023-01-24 10:29:28,47,50,2512,2989
2023-01-24 10:29:32,47,53,2512,2989
2023-01-24 10:29:42,49,53,2512,2989
2023-01-24 10:29:50,49,55,2512,2989
2023-01-24 10:29:51,49,56,2512,2989
2023-01-24 10:29:53,49,55,2512,2989
2023-01-24 10:29:53,49,54,2512,2989
2023-01-24 10:30:24,48,54,2512,2989
2023-01-24 10:30:24,50,54,2512,2989
2023-01-24 10:30:26,50,53,2512,2989
2023-01-24 10:30:31,50,52,2512,2989
2023-01-24 10:30:44,50,54,2512,2989
2023-01-24 10:30:45,50,53,2512,2989
2023-01-24 10:30:45,50,54,2512,2989
2023-01-24 10:30:51,48,54,2512,2989
2023-01-24 10:30:51,46,54,2512,2989
2023-01-24 10:30:51,46,52,2512,2989
2023-01-24 10:30:57,48,52,2512,2989
2023-01-24 10:31:13,50,52,2512,2989
2023-01-24 10:31:20,50,54,2512,2989
2023-01-24 10:31:22,49,54,2512,2989
2023-01-24 10:31:50,49,55,2512,2989
2023-01-24 10:31:56,50,55,2512,2989
2023-01-24 10:32:48,50,56,2512,2989
2023-01-24 10:32:54,51,56,2512,2989
2023-01-24 10:33:18,50,56,2512,2989
2023-01-24 10:33:49,51,56,2512,2989
2023-01-24 10:34:17,50,56,2512,2989
2023-01-24 10:34:18,52,56,2512,2989
2023-01-24 10:34:48,51,56,2512,2989
2023-01-24 10:35:23,50,56,2512,2989
2023-01-24 10:35:49,48,56,2512,2989
2023-01-24 10:35:51,48,54,2512,2989
2023-01-24 10:35:51,49,54,2512,2989
2023-01-24 10:36:20,49,56,2862,3339
2023-01-24 10:36:21,49,54,2862,3339
2023-01-24 10:36:31,49,51,2862,3339
2023-01-24 10:36:34,49,51,2912,3439
2023-01-24 10:36:36,49,55,2912,3439
2023-01-24 10:36:36,49,55,2914,3444
2023-01-24 10:36:44,49,55,2964,3544
2023-01-24 10:36:48,49,54,2964,3544
2023-01-24 10:36:51,45,54,2964,3544
2023-01-24 10:36:51,45,53,2964,3544
2023-01-24 10:36:53,45,51,2964,3544
2023-01-24 10:37:02,45,53,3403,3983
2023-01-24 10:37:17,47,53,3403,3983
2023-01-24 10:37:47,47,54,3403,3983
2023-01-24 10:37:47,47,52,3403,3983
2023-01-24 10:38:14,46,52,3403,3983
2023-01-24 10:38:14,49,52,3403,3983
2023-01-24 10:38:19,49,54,3403,3983
2023-01-24 10:38:19,49,51,3403,3983
2023-01-24 10:38:44,45,51,3403,3983
2023-01-24 10:38:44,47,51,3403,3983
2023-01-24 10:38:48,47,53,3403,3983
2023-01-24 10:38:52,49,53,3403,3983
2023-01-24 10:39:03,47,53,3403,3983
2023-01-24 10:39:48,49,53,3403,3983
2023-01-24 10:39:49,49,52,3403,3983
2023-01-24 10:39:49,47,52,3403,3983
2023-01-24 10:39:50,49,52,3403,3983
2023-01-24 10:40:01,49,53,3796,4376
2023-01-24 10:40:12,47,53,3796,4376
2023-01-24 10:40:17,49,53,3796,4376
2023-01-24 10:40:18,47,53,3796,4376
2023-01-24 10:40:39,49,53,3796,4376
2023-01-24 10:40:41,47,53,3796,4376
2023-01-24 10:40:43,49,53,3796,4376
2023-01-24 10:40:44,47,53,3796,4376
2023-01-24 10:40:57,49,53,3796,4376
2023-01-24 10:41:04,47,53,3796,4376
2023-01-24 10:41:04,51,53,3796,4376
2023-01-24 10:41:19,51,56,3796,4376
2023-01-24 10:41:20,51,54,3796,4376
2023-01-24 10:41:36,49,54,3796,4376
2023-01-24 10:41:48,49,56,3796,4376
2023-01-24 10:41:48,49,55,3796,4376
2023-01-24 10:41:53,51,55,3796,4376
2023-01-24 10:42:18,51,56,3796,4376
2023-01-24 10:42:33,50,56,3796,4376
2023-01-24 10:42:33,53,56,3796,4376
2023-01-24 10:43:16,55,56,3796,4376
2023-01-24 10:43:55,55,56,3799,4381
2023-01-24 10:43:56,54,56,3799,4381
2023-01-24 10:44:18,56,58,3896,4576
2023-01-24 10:44:49,53,58,3896,4576
2023-01-24 10:44:50,55,58,3896,4576
2023-01-24 10:44:51,57,58,3896,4576
2023-01-24 10:45:21,56,58,3896,4576
2023-01-24 10:45:49,54,58,3896,4576
2023-01-24 10:45:50,55,58,3896,4576
2023-01-24 10:46:18,57,58,3896,4576
2023-01-24 10:46:47,59,60,4046,4876
2023-01-24 10:47:17,57,60,4046,4876
2023-01-24 10:47:52,57,60,4047,4878
2023-01-24 10:48:17,55,60,4047,4878
2023-01-24 10:48:18,56,60,4047,4878
2023-01-24 10:48:50,58,60,4047,4878
2023-01-24 10:49:12,58,60,4047,4978
2023-01-24 10:49:19,57,60,4047,4978
2023-01-24 10:49:47,58,60,4047,4978
2023-01-24 10:51:18,59,60,4047,4978
2023-01-24 10:51:28,59,60,4055,4994
2023-01-24 10:52:20,58,60,4055,4994
2023-01-24 10:52:49,57,60,4055,4994
2023-01-24 10:53:19,59,60,4055,4994
2023-01-24 10:53:46,57,60,4055,4994
2023-01-24 10:53:47,58,60,4055,4994
2023-01-24 10:54:18,57,60,4055,4994
2023-01-24 10:54:19,59,60,4055,4994
2023-01-24 10:55:14,59,60,4058,4999
2023-01-24 10:55:22,59,60,4058,5501
2023-01-24 10:55:50,63,65,4058,5898
2023-01-24 10:56:20,62,65,4058,5898
2023-01-24 10:56:49,60,65,4058,5898
2023-01-24 10:56:49,61,65,4058,5898
2023-01-24 10:57:03,61,67,4058,5898
2023-01-24 10:57:17,61,66,4058,5898
2023-01-24 10:57:17,61,67,4058,5898
2023-01-24 10:57:18,62,67,4058,5898
2023-01-24 10:57:48,61,67,4058,5898
2023-01-24 10:57:48,63,67,4058,5898
2023-01-24 10:58:47,61,67,4058,5898
2023-01-24 10:58:47,62,67,4058,5898
2023-01-24 10:59:58,62,66,4058,5898
2023-01-24 10:59:59,62,67,4058,5898
2023-01-24 11:00:25,60,67,4058,5898
2023-01-24 11:00:27,61,67,4058,5898
2023-01-24 11:01:07,61,67,4062,5905
2023-01-24 11:01:08,62,67,4062,5905
2023-01-24 11:01:20,62,66,4062,5905
2023-01-24 11:01:48,62,68,4062,5905
2023-01-24 11:01:49,62,70,4062,5905
2023-01-24 11:01:49,62,67,4062,5905
2023-01-24 11:01:49,62,70,4062,5905
2023-01-24 11:01:49,62,69,4062,5905
2023-01-24 11:01:50,62,70,4062,5905
2023-01-24 11:01:50,62,68,4062,5905
2023-01-24 11:01:50,62,67,4062,5905
2023-01-24 11:01:50,62,66,4062,5905
2023-01-24 11:01:52,62,67,4062,5905
2023-01-24 11:01:52,62,66,4062,5905
2023-01-24 11:02:00,62,67,4062,5905
2023-01-24 11:02:48,62,68,4062,5905
2023-01-24 11:03:15,64,68,4062,5905
2023-01-24 11:03:26,64,68,4072,5915
2023-01-24 11:03:48,64,70,4072,5915
2023-01-24 11:03:48,64,68,4072,5915
2023-01-24 11:05:23,64,67,4072,5915
2023-01-24 11:05:24,64,68,4072,5915
2023-01-24 11:05:39,64,67,4072,5915
2023-01-24 11:05:40,64,68,4072,5915
2023-01-24 11:05:45,64,67,4072,5915
2023-01-24 11:05:46,64,68,4072,5915
2023-01-24 11:05:48,64,70,4072,5915
2023-01-24 11:05:49,64,67,4072,5915
2023-01-24 11:06:15,64,67,4239,6248
2023-01-24 11:07:20,64,69,4239,6248
2023-01-24 11:07:37,64,67,4560,6581
2023-01-24 11:08:18,64,66,4560,6581
2023-01-24 11:08:52,64,68,4560,6581
2023-01-24 11:08:52,64,69,4560,6581
2023-01-24 11:08:53,64,67,4560,6581
2023-01-24 11:10:49,64,71,4560,6581
2023-01-24 11:10:49,64,68,4560,6581
2023-01-24 11:11:48,64,69,4560,6581
2023-01-24 11:11:49,64,67,4560,6581
2023-01-24 11:13:07,64,66,4560,6581
2023-01-24 11:13:09,64,67,4560,6581
2023-01-24 11:13:09,62,67,4889,6910
2023-01-24 11:13:13,62,66,4889,6910
2023-01-24 11:13:17,62,67,4889,6910
2023-01-24 11:13:19,60,69,4889,6910
2023-01-24 11:13:19,60,68,4889,6910
2023-01-24 11:13:19,61,68,4889,6910
2023-01-24 11:13:20,61,67,4889,6910
2023-01-24 11:13:49,60,67,4889,6910
2023-01-24 11:13:50,60,65,4889,6910
2023-01-24 11:13:50,61,65,4889,6910
2023-01-24 11:13:51,60,65,4889,6910
2023-01-24 11:14:25,61,65,4889,6910
2023-01-24 11:14:27,60,65,4889,6910
2023-01-24 11:14:29,61,65,4889,6910
2023-01-24 11:14:30,60,65,4889,6910
2023-01-24 11:14:32,61,65,4889,6910
2023-01-24 11:15:23,62,65,4889,6910
2023-01-24 11:15:25,61,65,4889,6910
2023-01-24 11:15:50,61,67,4889,6910
2023-01-24 11:15:50,61,66,4889,6910
2023-01-24 11:16:24,61,65,4889,6910
2023-01-24 11:16:25,61,66,4889,6910
2023-01-24 11:16:25,61,65,4889,6910
2023-01-24 11:16:26,61,66,4889,6910
2023-01-24 11:16:28,61,65,4889,6910
2023-01-24 11:16:29,61,66,4889,6910
2023-01-24 11:16:36,61,65,4889,6910
2023-01-24 11:16:37,61,66,4889,6910
2023-01-24 11:16:44,61,65,4889,6910
2023-01-24 11:16:45,61,66,4889,6910
2023-01-24 11:16:45,61,65,4889,6910
2023-01-24 11:16:46,61,66,4889,6910
2023-01-24 11:16:46,61,65,4889,6910
2023-01-24 11:16:47,61,66,4889,6910
2023-01-24 11:16:48,61,65,4889,6910
2023-01-24 11:16:49,61,64,4889,6910
2023-01-24 11:16:50,61,63,4889,6910
2023-01-24 11:16:51,61,64,4889,6910
2023-01-24 11:16:51,61,63,4889,6910
2023-01-24 11:16:52,61,64,4889,6910
2023-01-24 11:17:17,61,65,4889,6910
2023-01-24 11:17:17,61,63,4889,6910
2023-01-24 11:17:48,61,65,4889,6910
2023-01-24 11:17:48,61,64,4889,6910
2023-01-24 11:19:17,61,66,4889,6910
2023-01-24 11:19:17,61,67,4889,6910
2023-01-24 11:19:18,61,66,4889,6910
2023-01-24 11:19:18,61,67,4889,6910
2023-01-24 11:19:18,61,66,4889,6910
2023-01-24 11:19:19,61,67,4889,6910
2023-01-24 11:19:19,61,65,4889,6910
2023-01-24 11:19:19,61,63,4889,6910
2023-01-24 11:19:47,61,65,4889,6910
2023-01-24 11:19:48,61,64,4889,6910
2023-01-24 11:20:07,62,64,4889,6910
2023-01-24 11:21:19,62,63,4889,6910
2023-01-24 11:22:09,62,63,5045,7066
2023-01-24 11:22:17,62,65,5045,7066
2023-01-24 11:22:17,62,64,5045,7066
2023-01-24 11:22:47,62,65,5045,7066
2023-01-24 11:24:04,65,66,5423,7522
2023-01-24 11:24:18,65,68,5423,7522
2023-01-24 11:24:20,65,67,5423,7522
2023-01-24 11:24:51,65,68,5423,7522
2023-01-24 11:25:20,65,69,5423,7522
2023-01-24 11:25:48,65,71,5423,7522
2023-01-24 11:25:49,65,70,5423,7522
2023-01-24 11:25:49,65,68,5423,7522
2023-01-24 11:26:18,65,71,5423,7522
2023-01-24 11:26:18,65,70,5423,7522
2023-01-24 11:26:20,65,69,5423,7522
2023-01-24 11:26:22,65,67,5423,7522
2023-01-24 11:26:48,65,68,5423,7522
2023-01-24 11:27:39,66,68,5423,7522
2023-01-24 11:27:40,65,68,5423,7522
2023-01-24 11:27:44,66,68,5423,7522
2023-01-24 11:27:45,65,68,5423,7522
2023-01-24 11:28:03,66,68,5423,7522
2023-01-24 11:28:03,65,68,5423,7522
2023-01-24 11:28:18,65,69,5423,7522
2023-01-24 11:28:38,66,69,5423,7522
2023-01-24 11:28:39,65,69,5423,7522
2023-01-24 11:28:40,66,69,5423,7522
2023-01-24 11:28:48,65,69,5423,7522
2023-01-24 11:28:49,66,69,5423,7522
2023-01-24 11:28:50,65,69,5423,7522
2023-01-24 11:28:51,66,69,5423,7522
2023-01-24 11:28:51,66,69,6014,8113
2023-01-24 11:28:55,65,69,6014,8113
2023-01-24 11:28:55,66,69,6014,8113
2023-01-24 11:28:56,65,69,6014,8113
2023-01-24 11:28:57,67,69,6014,8113
2023-01-24 11:28:59,66,69,6014,8113
2023-01-24 11:29:00,67,69,6014,8113
2023-01-24 11:29:01,66,69,6014,8113
2023-01-24 11:29:02,67,69,6014,8113
2023-01-24 11:29:04,65,69,6014,8113
2023-01-24 11:29:05,67,69,6014,8113
2023-01-24 11:29:09,65,69,6014,8113
2023-01-24 11:29:11,67,69,6014,8113
2023-01-24 11:29:12,65,69,6014,8113
2023-01-24 11:29:13,68,69,6014,8113
2023-01-24 11:29:14,67,69,6014,8113
2023-01-24 11:29:15,68,69,6014,8113
2023-01-24 11:29:17,66,69,6014,8113
2023-01-24 11:29:20,67,69,6014,8113
2023-01-24 11:29:21,66,69,6014,8113
2023-01-24 11:29:24,67,69,6014,8113
2023-01-24 11:29:28,66,69,6014,8113
2023-01-24 11:29:30,67,69,6014,8113
2023-01-24 11:29:33,66,69,6014,8113
2023-01-24 11:29:33,67,69,6014,8113
2023-01-24 11:29:34,66,69,6014,8113
2023-01-24 11:29:35,67,69,6014,8113
2023-01-24 11:29:38,66,69,6014,8113
2023-01-24 11:29:39,67,69,6014,8113
2023-01-24 11:29:48,66,69,6014,8113
2023-01-24 11:29:48,66,71,6014,8113
2023-01-24 11:29:51,67,71,6014,8113
2023-01-24 11:29:53,66,71,6014,8113
2023-01-24 11:29:53,67,71,6014,8113
2023-01-24 11:29:54,66,71,6014,8113
2023-01-24 11:29:55,67,71,6014,8113
2023-01-24 11:29:59,66,71,6014,8113
2023-01-24 11:30:01,67,71,6014,8113
2023-01-24 11:30:03,66,71,6014,8113
2023-01-24 11:30:04,67,71,6014,8113
2023-01-24 11:30:06,66,71,6014,8113
2023-01-24 11:30:09,67,71,6014,8113
2023-01-24 11:30:11,66,71,6014,8113
2023-01-24 11:30:13,67,71,6014,8113
2023-01-24 11:30:19,66,71,6014,8113
2023-01-24 11:30:20,67,71,6014,8113
2023-01-24 11:30:23,66,71,6014,8113
2023-01-24 11:30:25,67,71,6014,8113
2023-01-24 11:30:26,66,71,6014,8113
2023-01-24 11:30:27,67,71,6014,8113
2023-01-24 11:30:30,66,71,6014,8113
2023-01-24 11:30:32,67,71,6014,8113
2023-01-24 11:30:33,66,71,6014,8113
2023-01-24 11:30:37,67,72,6014,8113
2023-01-24 11:30:38,66,72,6014,8113
2023-01-24 11:30:44,67,72,6014,8113
2023-01-24 11:30:46,66,72,6014,8113
2023-01-24 11:30:48,66,73,6014,8113
2023-01-24 11:30:48,66,71,6014,8113
2023-01-24 11:31:18,65,71,6014,8113
2023-01-24 11:31:49,65,70,6014,8113
2023-01-24 11:32:19,65,69,6014,8113
2023-01-24 11:32:48,65,71,6014,8113
2023-01-24 11:32:50,65,70,6014,8113
2023-01-24 11:33:21,64,70,6014,8113
2023-01-24 11:33:21,64,69,6014,8113
2023-01-24 11:33:22,64,70,6014,8113
2023-01-24 11:33:22,64,69,6014,8113
2023-01-24 11:33:23,64,70,6014,8113
2023-01-24 11:33:27,64,69,6014,8113
2023-01-24 11:33:29,64,70,6014,8113
2023-01-24 11:33:31,64,69,6014,8113
2023-01-24 11:33:32,64,70,6014,8113
2023-01-24 11:33:32,64,69,6014,8113
2023-01-24 11:33:34,64,70,6014,8113
2023-01-24 11:33:35,64,69,6014,8113
2023-01-24 11:33:36,64,70,6014,8113
2023-01-24 11:33:36,64,69,6014,8113
2023-01-24 11:33:48,64,68,6014,8113
2023-01-24 11:33:50,63,68,6014,8113
2023-01-24 11:34:11,63,68,6024,8133
2023-01-24 11:34:18,63,69,6024,8133
2023-01-24 11:34:18,63,68,6024,8133
2023-01-24 11:34:20,63,69,6024,8133
2023-01-24 11:34:20,63,68,6024,8133
2023-01-24 11:34:21,63,69,6024,8133
2023-01-24 11:34:24,63,68,6024,8133
2023-01-24 11:34:25,63,69,6024,8133
2023-01-24 11:34:28,63,68,6024,8133
2023-01-24 11:34:30,63,69,6024,8133
2023-01-24 11:34:30,63,68,6024,8133
2023-01-24 11:34:33,63,69,6024,8133
2023-01-24 11:34:38,63,68,6024,8133
2023-01-24 11:34:39,63,69,6024,8133
2023-01-24 11:34:39,63,68,6024,8133
2023-01-24 11:34:40,64,69,6024,8133
2023-01-24 11:34:42,64,68,6024,8133
2023-01-24 11:34:43,64,69,6024,8133
2023-01-24 11:34:48,64,68,6024,8133
2023-01-24 11:35:48,64,69,6024,8133
2023-01-24 11:35:48,64,67,6024,8133
2023-01-24 11:36:17,64,68,6024,8133
2023-01-24 11:36:33,63,68,6024,8133
2023-01-24 11:36:35,64,68,6024,8133
2023-01-24 11:36:36,63,68,6024,8133
2023-01-24 11:36:40,64,68,6024,8133
2023-01-24 11:36:41,63,68,6024,8133
2023-01-24 11:36:43,64,68,6024,8133
2023-01-24 11:36:45,63,68,6024,8133
2023-01-24 11:36:46,62,68,6024,8133
2023-01-24 11:36:46,64,68,6024,8133
2023-01-24 11:36:46,64,69,6024,8133
2023-01-24 11:38:06,67,69,6024,8133
2023-01-24 11:39:30,67,69,6579,8688
2023-01-24 11:39:32,63,69,6579,8688
2023-01-24 11:39:49,64,69,6579,8688
2023-01-24 11:39:51,63,69,6579,8688
2023-01-24 11:39:53,64,69,6579,8688
2023-01-24 11:39:53,67,69,6579,8688
2023-01-24 11:40:08,67,69,6879,8988
2023-01-24 11:40:21,67,69,6891,9000
2023-01-24 11:40:30,67,70,6891,9000
2023-01-24 11:40:51,67,71,6891,9000
2023-01-24 11:40:53,67,70,6891,9000
2023-01-24 11:40:54,67,71,6891,9000
2023-01-24 11:40:54,67,70,6891,9000
2023-01-24 11:40:55,67,71,6891,9000
2023-01-24 11:40:55,67,70,6891,9000
2023-01-24 11:40:56,67,71,6891,9000
2023-01-24 11:40:56,67,68,6891,9000
2023-01-24 11:40:57,67,69,6891,9000
2023-01-24 11:40:57,67,71,6891,9000
2023-01-24 11:40:57,67,69,6891,9000
2023-01-24 11:40:58,67,71,6891,9000
2023-01-24 11:40:58,67,69,6891,9000
2023-01-24 11:41:03,67,68,6891,9000
2023-01-24 11:41:04,67,69,6891,9000
2023-01-24 11:41:19,67,68,6891,9000
2023-01-24 11:41:19,66,68,6891,9000
2023-01-24 11:41:19,65,68,6891,9000
2023-01-24 11:41:20,65,69,6891,9000
2023-01-24 11:41:20,65,68,6891,9000
2023-01-24 11:41:21,65,69,6891,9000
2023-01-24 11:41:21,65,68,6891,9000
2023-01-24 11:41:22,65,69,6891,9000
2023-01-24 11:41:22,65,68,6891,9000
2023-01-24 11:41:23,65,69,6891,9000
2023-01-24 11:41:25,65,68,6891,9000
2023-01-24 11:41:26,65,69,6891,9000
2023-01-24 11:41:26,65,67,6891,9000
2023-01-24 11:41:27,65,69,6891,9000
2023-01-24 11:41:27,65,67,6891,9000
2023-01-24 11:41:28,65,69,6891,9000
2023-01-24 11:41:28,65,67,6891,9000
2023-01-24 11:41:29,65,69,6891,9000
2023-01-24 11:41:30,65,67,6891,9000
2023-01-24 11:41:31,65,69,6891,9000
2023-01-24 11:41:31,65,67,6891,9000
2023-01-24 11:41:32,65,69,6891,9000
2023-01-24 11:41:32,65,67,6891,9000
2023-01-24 11:41:34,65,69,6891,9000
2023-01-24 11:41:37,65,67,6891,9000
2023-01-24 11:41:38,65,69,6891,9000
2023-01-24 11:41:41,65,68,6891,9000
2023-01-24 11:41:42,65,69,6891,9000
2023-01-24 11:41:44,65,68,6891,9000
2023-01-24 11:41:45,65,69,6891,9000
2023-01-24 11:41:46,65,68,6891,9000
2023-01-24 11:41:47,65,69,6891,9000
2023-01-24 11:41:48,63,69,6891,9000
2023-01-24 11:42:17,64,69,6891,9000
2023-01-24 11:42:28,65,69,6891,9000
2023-01-24 11:43:39,65,70,6891,9000
2023-01-24 11:44:32,65,69,6891,9000
2023-01-24 11:44:33,65,70,6891,9000
2023-01-24 11:44:37,65,69,6891,9000
2023-01-24 11:44:38,65,70,6891,9000
2023-01-24 11:44:44,65,69,6891,9000
2023-01-24 11:44:45,65,70,6891,9000
2023-01-24 11:44:55,65,69,6891,9000
2023-01-24 11:44:56,65,70,6891,9000
2023-01-24 11:44:56,65,69,6891,9000
2023-01-24 11:44:57,65,70,6891,9000
2023-01-24 11:44:58,65,69,6891,9000
2023-01-24 11:44:59,65,70,6891,9000
2023-01-24 11:45:00,65,69,6891,9000
2023-01-24 11:45:01,65,70,6891,9000
2023-01-24 11:45:02,65,69,6891,9000
2023-01-24 11:45:03,65,70,6891,9000
2023-01-24 11:45:03,65,69,6891,9000
2023-01-24 11:45:04,65,70,6891,9000
2023-01-24 11:45:06,65,69,6891,9000
2023-01-24 11:45:07,65,70,6891,9000
2023-01-24 11:45:07,65,69,6891,9000
2023-01-24 11:45:09,65,70,6891,9000
2023-01-24 11:45:09,65,69,6891,9000
2023-01-24 11:45:10,65,70,6891,9000
2023-01-24 11:45:10,65,69,6891,9000
2023-01-24 11:45:11,65,70,6891,9000
2023-01-24 11:45:11,65,69,6891,9000
2023-01-24 11:45:12,65,70,6891,9000
2023-01-24 11:45:14,65,69,6891,9000
2023-01-24 11:45:15,65,70,6891,9000
2023-01-24 11:45:15,65,69,6891,9000
2023-01-24 11:45:16,65,70,6891,9000
2023-01-24 11:45:16,65,69,6891,9000
2023-01-24 11:45:17,65,70,6891,9000
2023-01-24 11:45:18,65,69,6891,9000
2023-01-24 11:45:19,65,70,6891,9000
2023-01-24 11:45:19,65,69,6891,9000
2023-01-24 11:46:19,65,71,6891,9000
2023-01-24 11:46:19,65,70,6891,9000
2023-01-24 11:46:47,65,71,6891,9000
2023-01-24 11:46:47,66,71,6891,9000
2023-01-24 11:46:48,66,70,6891,9000
2023-01-24 11:46:49,66,71,6891,9000
2023-01-24 11:47:18,66,70,6891,9000
2023-01-24 11:47:19,66,71,6891,9000
2023-01-24 11:47:36,66,70,6891,9000
2023-01-24 11:47:38,66,71,6891,9000
2023-01-24 11:47:43,66,70,6891,9000
2023-01-24 11:47:44,66,71,6891,9000
2023-01-24 11:47:44,66,70,6891,9000
2023-01-24 11:47:45,66,71,6891,9000
2023-01-24 11:47:48,64,71,6891,9000
2023-01-24 11:47:48,64,70,6891,9000
2023-01-24 11:47:48,65,70,6891,9000
2023-01-24 11:49:23,66,70,6891,9000
2023-01-24 11:50:22,66,71,6891,9000
2023-01-24 11:51:10,67,71,6891,9000
2023-01-24 11:51:11,66,71,6891,9000
2023-01-24 11:51:12,67,71,6891,9000
2023-01-24 11:51:13,66,71,6891,9000
2023-01-24 11:51:16,67,71,6891,9000
2023-01-24 11:51:17,66,71,6891,9000
2023-01-24 11:51:17,67,71,6891,9000
2023-01-24 11:51:39,68,71,6891,9000
2023-01-24 11:51:40,67,71,6891,9000
2023-01-24 11:53:29,67,71,6918,9027
2023-01-24 11:53:48,66,71,6918,9027
2023-01-24 11:54:34,66,70,6918,9027
2023-01-24 11:54:35,66,71,6918,9027
2023-01-24 11:54:37,66,70,6918,9027
2023-01-24 11:54:38,66,71,6918,9027
2023-01-24 11:54:40,66,70,6918,9027
2023-01-24 11:54:41,66,71,6918,9027
2023-01-24 11:54:41,66,70,6918,9027
2023-01-24 11:54:42,66,71,6918,9027
2023-01-24 11:54:46,66,70,6918,9027
2023-01-24 11:54:47,66,71,6918,9027
2023-01-24 11:54:47,66,70,6918,9027
2023-01-24 11:55:50,66,71,6918,9027
2023-01-24 11:58:15,66,70,6918,9027
2023-01-24 11:58:16,66,71,6918,9027
2023-01-24 11:58:16,66,70,6918,9027
2023-01-24 11:58:18,66,71,6918,9027
2023-01-24 11:58:28,66,71,7118,9227
2023-01-24 11:58:29,66,70,7118,9227
2023-01-24 11:58:30,66,69,7118,9227
2023-01-24 11:58:47,64,69,7118,9227
2023-01-24 11:58:47,62,69,7118,9227
2023-01-24 11:58:47,63,69,7118,9227
2023-01-24 11:58:48,65,69,7118,9227
2023-01-24 11:58:55,66,69,7118,9227
2023-01-24 12:00:55,66,68,7118,9227
2023-01-24 12:00:56,66,69,7118,9227
2023-01-24 12:00:56,66,68,7118,9227
2023-01-24 12:00:57,66,69,7118,9227
2023-01-24 12:00:58,66,67,7118,9227
2023-01-24 12:01:03,66,67,7451,9560
2023-01-24 12:01:11,66,67,7453,9562
2023-01-24 12:01:12,66,69,7458,9567
2023-01-24 12:01:12,66,69,7460,9569
2023-01-24 12:01:12,66,69,7464,9573
2023-01-24 12:01:14,66,69,7466,9575
2023-01-24 12:01:15,66,69,7468,9577
2023-01-24 12:01:15,66,69,7472,9581
2023-01-24 12:01:16,66,69,7474,9583
2023-01-24 12:01:16,66,69,7478,9587
2023-01-24 12:01:17,66,69,7480,9589
2023-01-24 12:01:17,66,69,7484,9593
2023-01-24 12:01:19,66,69,7486,9595
2023-01-24 12:01:19,66,69,7490,9599
2023-01-24 12:01:20,66,68,7490,9599
2023-01-24 12:01:20,66,69,7490,9599
2023-01-24 12:01:20,66,69,7492,9601
2023-01-24 12:01:20,66,69,7496,9605
2023-01-24 12:01:21,66,68,7496,9605
2023-01-24 12:01:21,66,68,7829,9938
2023-01-24 12:01:21,66,69,7829,9938
2023-01-24 12:01:21,66,69,7831,9940
2023-01-24 12:01:21,66,69,7835,9944
2023-01-24 12:01:22,66,68,7835,9944
2023-01-24 12:01:22,66,68,7837,9946
2023-01-24 12:01:22,66,68,7841,9950
2023-01-24 12:01:22,66,69,7841,9950
2023-01-24 12:01:23,66,68,7841,9950
2023-01-24 12:01:23,66,69,7841,9950
2023-01-24 12:01:23,66,69,7843,9952
2023-01-24 12:01:23,66,69,7847,9956
2023-01-24 12:01:24,63,69,7847,9956
2023-01-24 12:01:24,63,69,7848,9958
2023-01-24 12:01:24,63,64,7848,9958
2023-01-24 12:01:25,63,69,7848,9958
2023-01-24 12:01:25,63,69,7849,9960
2023-01-24 12:01:25,63,64,7849,9960
2023-01-24 12:01:26,63,69,7849,9960
2023-01-24 12:01:26,63,64,7849,9960
2023-01-24 12:01:27,63,69,7849,9960
2023-01-24 12:01:27,63,64,7849,9960
2023-01-24 12:01:28,63,69,7849,9960
2023-01-24 12:01:28,63,64,7849,9960
2023-01-24 12:01:29,63,69,7849,9960
2023-01-24 12:01:29,63,64,7849,9960
2023-01-24 12:01:30,63,69,7849,9960
2023-01-24 12:01:30,63,69,7850,9962
2023-01-24 12:01:31,63,69,7851,9964
2023-01-24 12:01:33,63,69,7852,9966
2023-01-24 12:01:34,63,69,7853,9968
2023-01-24 12:01:35,63,69,7854,9970
2023-01-24 12:01:36,63,69,7855,9972
2023-01-24 12:01:37,63,69,7856,9974
2023-01-24 12:01:38,63,69,7857,9976
2023-01-24 12:01:38,63,64,7857,9976
2023-01-24 12:01:40,63,69,7857,9976
2023-01-24 12:01:40,63,69,7858,9978
2023-01-24 12:01:40,63,69,7860,9982
2023-01-24 12:01:41,63,68,7860,9982
2023-01-24 12:01:41,63,69,7860,9982
2023-01-24 12:01:41,63,69,7861,9984
2023-01-24 12:01:42,63,69,7863,9988
2023-01-24 12:01:42,63,69,7913,10088
2023-01-24 12:01:43,63,69,7914,10090
2023-01-24 12:01:44,63,69,7915,10092
2023-01-24 12:01:44,63,69,7917,10096
2023-01-24 12:01:44,63,68,7917,10096
2023-01-24 12:01:45,63,69,7917,10096
2023-01-24 12:01:45,63,67,7917,10096
2023-01-24 12:01:45,63,67,7918,10098
2023-01-24 12:01:45,63,69,7918,10098
2023-01-24 12:01:45,63,69,7920,10102
2023-01-24 12:01:46,63,69,7921,10104
2023-01-24 12:01:46,63,69,7923,10108
2023-01-24 12:01:47,63,68,7923,10108
2023-01-24 12:01:47,63,69,7923,10108
2023-01-24 12:01:47,63,69,7924,10110
2023-01-24 12:01:47,63,69,7926,10114
2023-01-24 12:01:48,61,69,7926,10114
2023-01-24 12:01:48,61,68,7926,10114
2023-01-24 12:01:49,61,69,7926,10114
2023-01-24 12:01:49,61,64,7926,10114
2023-01-24 12:02:18,61,62,7926,10114
2023-01-24 12:02:33,61,62,7927,10116
2023-01-24 12:02:33,61,62,7929,10120
2023-01-24 12:02:34,61,62,7930,10122
2023-01-24 12:02:35,61,62,7932,10126
2023-01-24 12:02:35,61,62,7933,10128
2023-01-24 12:02:36,61,62,7934,10130
2023-01-24 12:02:37,61,62,7935,10132
2023-01-24 12:02:38,61,62,7936,10134
2023-01-24 12:02:43,61,62,8103,10467
2023-01-24 12:02:47,58,59,8190,10641
2023-01-24 12:03:05,58,61,8252,10765
2023-01-24 12:03:11,58,61,8254,10770
2023-01-24 12:03:12,56,61,8254,10770
2023-01-24 12:03:13,54,61,8254,10770
2023-01-24 12:03:14,61,63,8562,11078
2023-01-24 12:03:17,55,61,8567,11083
2023-01-24 12:03:18,55,59,8567,11083
2023-01-24 12:03:23,55,59,8734,11416
2023-01-24 12:03:35,56,59,8734,11416
2023-01-24 12:03:48,56,61,8734,11416
2023-01-24 12:03:59,57,61,8734,11416
2023-01-24 12:03:59,56,61,8734,11416
2023-01-24 12:04:01,57,61,8734,11416
2023-01-24 12:04:06,58,61,8734,11416
2023-01-24 12:04:07,57,61,8734,11416
2023-01-24 12:04:09,58,61,8734,11416
2023-01-24 12:04:10,57,61,8734,11416
2023-01-24 12:04:13,58,61,8734,11416
2023-01-24 12:04:16,57,61,8734,11416
2023-01-24 12:04:16,58,61,8734,11416
2023-01-24 12:04:17,57,61,8734,11416
2023-01-24 12:04:17,57,61,8900,11749
2023-01-24 12:04:18,57,63,8900,11749
2023-01-24 12:04:18,59,63,8900,11749
2023-01-24 12:04:18,59,65,8900,11749
2023-01-24 12:04:19,59,64,8900,11749
2023-01-24 12:04:19,59,65,8900,11749
2023-01-24 12:04:49,57,65,8900,11749
2023-01-24 12:04:49,62,65,8900,11749
2023-01-24 12:05:03,62,67,8900,11749
2023-01-24 12:05:20,63,67,8900,11749
2023-01-24 12:05:30,63,67,8901,11750
2023-01-24 12:05:47,65,67,8901,11750
2023-01-24 12:05:47,65,68,8901,11750
2023-01-24 12:05:48,65,67,8901,11750
2023-01-24 12:05:48,63,67,8901,11750
2023-01-24 12:05:50,64,67,8901,11750
2023-01-24 12:05:55,65,67,8901,11750
2023-01-24 12:05:55,65,69,8901,11750
2023-01-24 12:05:56,64,69,8901,11750
2023-01-24 12:05:57,64,67,8901,11750
2023-01-24 12:05:58,65,67,8901,11750
2023-01-24 12:05:58,65,69,8901,11750
2023-01-24 12:05:59,64,69,8901,11750
2023-01-24 12:05:59,64,67,8901,11750
2023-01-24 12:06:18,63,67,8901,11750
2023-01-24 12:06:18,65,67,8901,11750
2023-01-24 12:06:29,66,67,8901,11750
2023-01-24 12:07:01,66,69,8901,11750
2023-01-24 12:07:24,66,70,8901,11750
2023-01-24 12:07:24,67,70,8901,11750
2023-01-24 12:07:48,67,71,8901,11750
2023-01-24 12:08:19,68,71,8901,11750
2023-01-24 12:10:47,69,71,8901,11750
2023-01-24 12:10:48,69,73,8901,11750
2023-01-24 12:11:48,70,73,8901,11750
2023-01-24 12:13:49,69,73,8901,11750
2023-01-24 12:14:19,70,73,8901,11750
2023-01-24 12:15:17,71,73,8901,11750
2023-01-24 12:15:17,71,75,8901,11750
2023-01-24 12:16:22,71,73,8901,11750
2023-01-24 12:17:05,71,76,8905,11754
2023-01-24 12:18:48,71,78,8905,11754
2023-01-24 12:18:48,71,77,8905,11754
2023-01-24 12:18:49,72,77,8905,11754
2023-01-24 12:19:00,72,76,8905,11754
2023-01-24 12:20:25,71,76,8905,11754
2023-01-24 12:20:25,71,77,8905,11754
2023-01-24 12:20:25,72,77,8905,11754
2023-01-24 12:20:25,72,76,8905,11754
2023-01-24 12:20:50,72,77,8905,11754
2023-01-24 12:20:51,72,78,8905,11754
2023-01-24 12:20:51,72,76,8905,11754
2023-01-24 12:20:51,71,76,8905,11754
2023-01-24 12:20:51,71,78,8905,11754
2023-01-24 12:20:52,71,76,8905,11754
2023-01-24 12:20:52,71,75,8905,11754
2023-01-24 12:20:55,71,76,8905,11754
2023-01-24 12:23:14,71,75,8905,11754
2023-01-24 12:23:17,70,75,8905,11754
2023-01-24 12:23:17,71,75,8905,11754
2023-01-24 12:23:18,71,76,8905,11754
2023-01-24 12:23:20,71,75,8905,11754
2023-01-24 12:23:24,71,76,8905,11754
2023-01-24 12:23:47,70,76,8905,11754
2023-01-24 12:23:47,70,75,8905,11754
2023-01-24 12:24:00,70,73,8905,11754
2023-01-24 12:24:47,71,73,8905,11754
2023-01-24 12:25:50,70,73,8905,11754
2023-01-24 12:25:51,72,73,8905,11754
2023-01-24 12:26:17,70,73,8905,11754
2023-01-24 12:27:45,71,73,8905,11754
2023-01-24 12:28:18,72,73,8905,11754
2023-01-24 12:29:48,71,73,8905,11754
2023-01-24 12:29:49,72,73,8905,11754
2023-01-24 12:30:51,71,73,8905,11754
2023-01-24 12:31:53,72,73,8905,11754
2023-01-24 12:35:40,72,73,9238,12087
2023-01-24 12:35:48,71,73,9238,12087
2023-01-24 12:35:49,70,73,9238,12087
2023-01-24 12:36:19,69,73,9238,12087
2023-01-24 12:36:46,70,73,9238,12087
2023-01-24 12:37:29,71,73,9238,12087
2023-01-24 12:38:17,72,73,9238,12087
2023-01-24 12:38:46,73,77,9388,12387
2023-01-24 12:39:18,72,77,9388,12387
2023-01-24 12:39:28,72,76,9388,12387
2023-01-24 12:39:47,71,76,9388,12387
2023-01-24 12:39:48,71,77,9388,12387
2023-01-24 12:39:48,71,75,9388,12387
2023-01-24 12:39:50,71,74,9388,12387
2023-01-24 12:40:47,71,75,9388,12387
2023-01-24 12:41:06,71,74,9388,12387
2023-01-24 12:41:12,71,75,9388,12387
2023-01-24 12:41:20,71,76,9388,12387
2023-01-24 12:41:21,71,74,9388,12387
2023-01-24 12:42:01,71,74,9721,12720
2023-01-24 12:42:17,71,76,9721,12720
2023-01-24 12:42:17,71,73,9721,12720
2023-01-24 12:42:42,71,73,9726,12725
2023-01-24 12:42:48,71,77,9726,12725
2023-01-24 12:42:48,71,78,9726,12725
2023-01-24 12:42:48,71,77,9726,12725
2023-01-24 12:42:48,71,78,9726,12725
2023-01-24 12:42:48,71,76,9726,12725
2023-01-24 12:42:49,71,74,9726,12725
2023-01-24 12:43:08,69,74,9738,12737
2023-01-24 12:43:17,67,74,9738,12737
2023-01-24 12:43:18,67,72,9738,12737
2023-01-24 12:44:17,67,73,9738,12737
2023-01-24 12:44:17,68,73,9738,12737
2023-01-24 12:44:49,68,74,9738,12737
2023-01-24 12:44:50,69,74,9738,12737
2023-01-24 12:45:19,68,74,9738,12737
2023-01-24 12:45:20,68,73,9738,12737
2023-01-24 12:46:17,68,75,9738,12737
2023-01-24 12:46:17,68,74,9738,12737
2023-01-24 12:46:19,69,74,9738,12737
2023-01-24 12:47:51,68,74,9738,12737
2023-01-24 12:48:17,68,73,9738,12737
2023-01-24 12:48:47,68,72,9738,12737
2023-01-24 12:49:17,68,74,9738,12737
2023-01-24 12:49:17,68,77,9738,12737
2023-01-24 12:49:17,68,73,9738,12737
2023-01-24 12:49:24,69,73,9738,12737
2023-01-24 12:49:46,69,75,9738,12737
2023-01-24 12:49:47,69,76,9738,12737
2023-01-24 12:49:48,69,74,9738,12737
2023-01-24 12:50:23,69,76,9738,12737
2023-01-24 12:50:23,68,76,9738,12737
2023-01-24 12:50:24,68,73,9738,12737
2023-01-24 12:51:07,69,73,9738,12737
2023-01-24 12:51:21,69,74,9738,12737
2023-01-24 12:51:48,69,76,9738,12737
2023-01-24 12:51:48,70,76,9738,12737
2023-01-24 12:51:48,70,75,9738,12737
2023-01-24 12:52:17,68,75,9738,12737
2023-01-24 12:52:18,68,73,9738,12737
2023-01-24 12:53:09,70,73,9738,12737
2023-01-24 12:53:34,71,73,9738,12737
2023-01-24 12:53:47,71,75,9738,12737
2023-01-24 12:54:26,70,75,9738,12737
2023-01-24 12:54:46,69,75,9738,12737
2023-01-24 12:54:47,69,74,9738,12737
2023-01-24 12:55:46,69,77,9738,12737
2023-01-24 12:55:47,69,75,9738,12737
2023-01-24 12:56:13,71,75,9738,12737
2023-01-24 12:56:46,71,77,9738,12737
2023-01-24 12:56:47,71,76,9738,12737
2023-01-24 12:57:16,71,77,9738,12737
2023-01-24 12:57:17,71,75,9738,12737
2023-01-24 12:57:17,70,75,9738,12737
2023-01-24 12:58:17,70,74,9738,12737
2023-01-24 12:58:17,69,74,9738,12737
2023-01-24 12:59:16,69,76,9738,12737
2023-01-24 12:59:16,70,76,9738,12737
2023-01-24 12:59:17,70,77,9738,12737
2023-01-24 12:59:17,70,75,9738,12737
2023-01-24 12:59:45,70,77,9738,12737
2023-01-24 12:59:46,70,76,9738,12737
2023-01-24 13:00:23,70,75,9738,12737
2023-01-24 13:00:49,69,75,9738,12737
2023-01-24 13:01:18,69,78,9738,12737
2023-01-24 13:01:18,69,74,9738,12737
2023-01-24 13:01:38,69,74,9764,12763
2023-01-24 13:01:44,71,74,9764,12763
2023-01-24 13:01:47,71,75,9764,12763
2023-01-24 13:02:17,73,75,9764,12763
2023-01-24 13:02:17,73,78,9764,12763
2023-01-24 13:03:17,74,78,9764,12763
2023-01-24 13:03:46,73,78,9764,12763
2023-01-24 13:04:10,73,77,9764,12763
2023-01-24 13:04:14,73,78,9764,12763
2023-01-24 13:04:17,73,77,9764,12763
2023-01-24 13:04:18,72,77,9764,12763
2023-01-24 13:04:47,68,77,9764,12763
2023-01-24 13:04:47,68,76,9764,12763
2023-01-24 13:04:48,68,74,9764,12763
2023-01-24 13:04:48,69,74,9764,12763
2023-01-24 13:04:49,69,73,9764,12763
2023-01-24 13:05:05,71,73,9764,12763
2023-01-24 13:05:21,71,72,9764,12763
2023-01-24 13:05:21,68,70,9914,13063
2023-01-24 13:05:21,65,70,9914,13063
2023-01-24 13:05:37,64,70,9914,13063
2023-01-24 13:05:47,65,70,9914,13063
2023-01-24 13:05:47,65,73,9914,13063
2023-01-24 13:05:47,65,71,9914,13063
2023-01-24 13:06:17,65,69,9914,13063
2023-01-24 13:06:47,65,73,9914,13063
2023-01-24 13:06:48,65,72,9914,13063
2023-01-24 13:06:49,65,70,9914,13063
2023-01-24 13:07:16,65,72,9914,13063
2023-01-24 13:07:16,65,73,9914,13063
2023-01-24 13:07:17,65,71,9914,13063
2023-01-24 13:07:17,66,71,9914,13063
2023-01-24 13:07:42,67,71,9914,13063
2023-01-24 13:08:17,67,73,9914,13063
2023-01-24 13:08:17,67,72,9914,13063
2023-01-24 13:08:31,69,72,9914,13063
2023-01-24 13:08:46,69,74,9914,13063
2023-01-24 13:08:48,71,74,9914,13063
2023-01-24 13:08:49,69,74,9914,13063
2023-01-24 13:09:15,71,74,9914,13063
2023-01-24 13:09:16,71,76,9914,13063
2023-01-24 13:10:23,71,75,9914,13063
2023-01-24 13:10:47,71,78,9914,13063
2023-01-24 13:10:48,73,78,9914,13063
2023-01-24 13:11:39,74,78,9914,13063
2023-01-24 13:12:02,73,78,9914,13063
2023-01-24 13:12:16,73,79,9914,13063
2023-01-24 13:12:18,75,79,9914,13063
2023-01-24 13:15:47,74,79,9914,13063
2023-01-24 13:16:08,75,79,9914,13063
2023-01-24 13:16:47,76,79,9914,13063
2023-01-24 13:17:17,75,79,9914,13063
2023-01-24 13:18:27,77,79,9914,13063
2023-01-24 13:20:03,77,82,10114,13263
2023-01-24 13:20:25,77,84,10114,13263
2023-01-24 13:20:25,77,82,10114,13263
2023-01-24 13:21:48,77,84,10114,13263
2023-01-24 13:21:48,77,82,10114,13263
2023-01-24 13:22:17,77,84,10114,13263
2023-01-24 13:22:17,77,81,10114,13263
2023-01-24 13:23:17,75,81,10114,13263
2023-01-24 13:23:17,76,81,10114,13263
2023-01-24 13:23:47,74,81,10114,13263
2023-01-24 13:23:47,74,83,10114,13263
2023-01-24 13:23:47,74,80,10114,13263
2023-01-24 13:23:48,75,80,10114,13263
2023-01-24 13:24:16,75,79,10114,13263
2023-01-24 13:24:16,74,79,10114,13263
2023-01-24 13:24:46,75,79,10114,13263
2023-01-24 13:25:21,75,81,10114,13263
2023-01-24 13:25:21,76,81,10114,13263
2023-01-24 13:26:48,76,83,10114,13263
2023-01-24 13:26:48,76,82,10114,13263
2023-01-24 13:26:48,76,80,10114,13263
2023-01-24 13:26:52,75,80,10114,13263
2023-01-24 13:27:26,75,78,10114,13263
2023-01-24 13:27:47,75,80,10114,13263
2023-01-24 13:27:48,76,80,10114,13263
2023-01-24 13:27:50,76,81,10114,13263
2023-01-24 13:28:47,77,81,10114,13263
2023-01-24 13:28:47,77,82,10114,13263
2023-01-24 13:28:58,79,82,10114,13263
2023-01-24 13:30:24,79,84,10114,13263
2023-01-24 13:30:26,79,83,10114,13263
2023-01-24 13:30:28,81,83,10114,13263
2023-01-24 13:33:46,81,85,10114,13263
2023-01-24 13:33:47,81,86,10114,13263
2023-01-24 13:33:47,81,84,10114,13263
2023-01-24 13:33:47,81,86,10114,13263
2023-01-24 13:33:47,81,83,10114,13263
2023-01-24 13:33:47,81,86,10114,13263
2023-01-24 13:33:48,81,84,10114,13263
2023-01-24 13:33:48,81,83,10114,13263
2023-01-24 13:34:16,81,84,10114,13263
2023-01-24 13:34:24,83,84,10114,13263
2023-01-24 13:34:46,83,86,10114,13263
2023-01-24 13:34:46,83,85,10114,13263
2023-01-24 13:34:47,81,83,10214,13463
2023-01-24 13:36:19,81,82,10214,13463
2023-01-24 13:37:47,81,83,10214,13463
2023-01-24 13:38:16,81,84,10214,13463
2023-01-24 13:38:46,81,83,10214,13463
2023-01-24 13:40:25,81,84,10214,13463
2023-01-24 13:40:49,81,85,10214,13463
2023-01-24 13:41:19,82,85,10214,13463
2023-01-24 13:41:21,82,85,10514,13763
2023-01-24 13:41:22,82,87,10514,13763
2023-01-24 13:41:35,82,86,10514,13763
2023-01-24 13:41:48,81,86,10514,13763
2023-01-24 13:41:49,83,86,10514,13763
2023-01-24 13:41:54,85,86,10514,13763
2023-01-24 13:41:55,85,87,10514,13763
2023-01-24 13:42:29,85,87,10628,13877
2023-01-24 13:42:48,85,88,10628,13877
2023-01-24 13:42:48,85,87,10628,13877
2023-01-24 13:42:52,83,87,10628,13877
2023-01-24 13:43:49,81,87,10628,13877
2023-01-24 13:43:50,82,87,10628,13877
2023-01-24 13:43:51,82,89,10628,13877
2023-01-24 13:43:51,82,88,10628,13877
2023-01-24 13:43:51,84,88,10628,13877
2023-01-24 13:44:18,84,89,10628,13877
2023-01-24 13:44:35,84,87,10628,13877
2023-01-24 13:44:52,82,84,10809,14238
2023-01-24 13:45:12,82,85,10809,14238
2023-01-24 13:45:19,84,85,10809,14238
2023-01-24 13:46:12,84,88,10809,14238
2023-01-24 13:46:20,84,88,10809,14538
2023-01-24 13:46:26,84,85,10809,14538
2023-01-24 13:46:46,84,88,10809,14538
2023-01-24 13:46:51,84,85,10809,14538
2023-01-24 13:47:05,84,87,10809,14538
2023-01-24 13:47:07,84,88,10809,14538
2023-01-24 13:47:22,84,85,10809,14538
2023-01-24 13:48:25,84,88,10809,14538
2023-01-24 13:48:32,84,86,10809,14538
2023-01-24 13:48:42,84,88,10809,14538
2023-01-24 13:48:56,84,85,10809,14538
2023-01-24 13:49:14,84,88,11021,14750
2023-01-24 13:49:20,84,85,11021,14750
2023-01-24 13:50:18,84,87,11021,14750
2023-01-24 13:50:19,84,88,11021,14750
2023-01-24 13:50:24,84,85,11021,14750
2023-01-24 13:51:23,84,88,11021,14750
2023-01-24 13:51:32,84,85,11021,14750
2023-01-24 13:51:48,84,88,11021,14750
2023-01-24 13:52:02,84,85,11021,14750
2023-01-24 13:52:20,84,88,11021,14750
2023-01-24 13:52:26,84,85,11021,14750
2023-01-24 13:52:48,84,88,11021,14750
2023-01-24 13:52:49,84,85,11021,14750
2023-01-24 13:53:06,84,88,11021,14750
2023-01-24 13:53:10,84,89,11021,14750
2023-01-24 13:53:12,84,85,11021,14750
2023-01-24 13:54:16,84,89,11021,14750
2023-01-24 13:54:16,84,88,11021,14750
2023-01-24 13:54:30,84,85,11021,14750
2023-01-24 13:54:47,85,89,11021,14750
2023-01-24 13:54:54,85,86,11021,14750
2023-01-24 13:55:35,85,88,11021,14750
2023-01-24 13:55:35,85,89,11021,14750
2023-01-24 13:55:40,85,86,11021,14750
2023-01-24 13:56:18,85,89,11021,14750
2023-01-24 13:56:36,85,86,11021,14750
2023-01-24 13:56:47,85,89,11021,14750
2023-01-24 13:56:55,85,88,11021,14750
2023-01-24 13:56:58,85,89,11021,14750
2023-01-24 13:57:00,85,86,11021,14750
2023-01-24 13:57:45,85,89,11021,14750
2023-01-24 13:57:45,84,89,11021,14750
2023-01-24 13:57:46,85,89,11021,14750
2023-01-24 13:57:47,85,90,11021,14750
2023-01-24 13:57:51,85,89,11021,14750
2023-01-24 13:57:56,85,90,11021,14750
2023-01-24 13:58:02,85,86,11021,14750
2023-01-24 13:58:16,86,90,11021,14750
2023-01-24 13:58:17,86,89,11021,14750
2023-01-24 13:58:17,86,90,11021,14750
2023-01-24 13:58:26,85,86,11157,15023
2023-01-24 13:58:39,85,86,11167,15033
2023-01-24 13:58:45,85,89,11167,15033
2023-01-24 13:58:47,85,90,11167,15033
2023-01-24 13:58:48,85,89,11167,15033
2023-01-24 13:58:50,85,86,11167,15033
2023-01-24 13:59:16,84,86,11167,15033
2023-01-24 14:00:25,85,86,11167,15033
2023-01-24 14:00:40,85,88,11167,15033
2023-01-24 14:00:40,85,89,11167,15033
2023-01-24 14:00:46,85,86,11167,15033
2023-01-24 14:01:04,85,88,11167,15033
2023-01-24 14:01:05,85,89,11167,15033
2023-01-24 14:01:13,85,86,11167,15033
2023-01-24 14:01:22,84,86,11167,15033
2023-01-24 14:01:31,84,89,11167,15033
2023-01-24 14:01:34,84,89,11343,15364
2023-01-24 14:01:48,82,89,11343,15364
2023-01-24 14:01:48,82,90,11343,15364
2023-01-24 14:01:48,82,88,11343,15364
2023-01-24 14:01:49,77,88,11343,15364
2023-01-24 14:01:49,77,90,11343,15364
2023-01-24 14:01:49,77,87,11343,15364
2023-01-24 14:01:49,77,90,11343,15364
2023-01-24 14:01:49,77,86,11343,15364
2023-01-24 14:01:49,77,85,11343,15364
2023-01-24 14:01:49,77,83,11343,15364
2023-01-24 14:01:50,79,83,11343,15364
2023-01-24 14:01:58,79,82,11343,15364
2023-01-24 14:02:17,79,85,11343,15364
2023-01-24 14:02:17,79,80,11343,15364
2023-01-24 14:02:17,77,80,11343,15364
2023-01-24 14:02:18,75,80,11343,15364
2023-01-24 14:02:46,76,80,11343,15364
2023-01-24 14:02:47,76,82,11343,15364
2023-01-24 14:02:47,76,81,11343,15364
2023-01-24 14:03:17,77,81,11343,15364
2023-01-24 14:03:17,78,81,11343,15364
2023-01-24 14:03:51,78,83,11343,15364
2023-01-24 14:03:51,78,82,11343,15364
2023-01-24 14:03:52,78,83,11343,15364
2023-01-24 14:04:48,79,83,11343,15364
2023-01-24 14:05:21,78,83,11343,15364
2023-01-24 14:05:21,78,81,11343,15364
2023-01-24 14:05:25,76,81,11343,15364
2023-01-24 14:05:27,77,81,11343,15364
2023-01-24 14:05:28,76,81,11343,15364
2023-01-24 14:05:46,76,80,11343,15364
2023-01-24 14:05:46,75,80,11343,15364
2023-01-24 14:06:05,77,80,11343,15364
2023-01-24 14:06:45,77,82,11343,15364
2023-01-24 14:06:45,77,81,11343,15364
2023-01-24 14:06:46,77,82,11343,15364
2023-01-24 14:07:17,77,81,11343,15364
2023-01-24 14:07:17,76,81,11343,15364
2023-01-24 14:07:44,77,81,11343,15364
2023-01-24 14:07:47,77,79,11343,15364
2023-01-24 14:08:17,77,81,11343,15364
2023-01-24 14:08:18,77,88,11343,15364
2023-01-24 14:08:18,77,80,11343,15364
2023-01-24 14:08:18,77,82,11343,15364
2023-01-24 14:08:18,77,81,11343,15364
2023-01-24 14:08:18,77,82,11343,15364
2023-01-24 14:08:40,78,82,11343,15364
2023-01-24 14:08:47,78,84,11343,15364
2023-01-24 14:08:48,79,84,11343,15364
2023-01-24 14:08:55,79,83,11343,15364
2023-01-24 14:09:03,79,84,11343,15364
2023-01-24 14:09:10,79,83,11343,15364
2023-01-24 14:09:16,77,83,11343,15364
2023-01-24 14:09:17,77,82,11343,15364
2023-01-24 14:09:17,78,82,11343,15364
2023-01-24 14:09:47,77,82,11343,15364
2023-01-24 14:10:56,77,81,11343,15364
2023-01-24 14:11:08,79,81,11343,15364
2023-01-24 14:11:08,79,82,11343,15364
2023-01-24 14:11:14,77,82,11343,15364
2023-01-24 14:11:18,77,81,11343,15364
2023-01-24 14:11:18,79,81,11343,15364
2023-01-24 14:11:19,79,82,11343,15364
2023-01-24 14:12:48,80,82,11343,15364
2023-01-24 14:13:04,80,82,11345,15369
2023-01-24 14:14:16,79,82,11345,15369
2023-01-24 14:15:25,78,79,11345,15374
2023-01-24 14:15:29,78,82,11345,15374
2023-01-24 14:15:47,77,82,11345,15374
2023-01-24 14:15:49,79,82,11345,15374
2023-01-24 14:16:46,77,82,11345,15374
2023-01-24 14:16:46,78,82,11345,15374
2023-01-24 14:16:47,80,82,11345,15374
2023-01-24 14:17:16,79,82,11345,15374
2023-01-24 14:17:37,79,83,11345,15374
2023-01-24 14:17:46,80,83,11345,15374
2023-01-24 14:18:18,82,83,11345,15374
2023-01-24 14:20:24,80,83,11345,15374
2023-01-24 14:20:48,79,83,11345,15374
2023-01-24 14:20:48,81,83,11345,15374
2023-01-24 14:22:16,77,83,11345,15374
2023-01-24 14:22:16,80,83,11345,15374
2023-01-24 14:22:17,82,83,11345,15374
2023-01-24 14:22:46,81,83,11345,15374
2023-01-24 14:23:16,77,83,11345,15374
2023-01-24 14:23:17,80,83,11345,15374
2023-01-24 14:23:48,82,83,11345,15374
2023-01-24 14:24:47,81,83,11345,15374
2023-01-24 14:24:47,83,87,11345,15574
2023-01-24 14:24:56,81,87,11405,15694
2023-01-24 14:25:08,82,87,11405,15694
2023-01-24 14:25:17,82,85,11405,15694
2023-01-24 14:25:49,83,85,11405,15694
2023-01-24 14:26:53,83,88,11405,15694
2023-01-24 14:27:17,85,88,11405,15694
2023-01-24 14:27:17,85,89,11405,15694
2023-01-24 14:27:17,85,88,11405,15694
2023-01-24 14:27:18,85,89,11405,15694
2023-01-24 14:28:17,83,89,11405,15694
2023-01-24 14:28:17,84,89,11405,15694
2023-01-24 14:29:18,82,89,11405,15694
2023-01-24 14:29:19,82,88,11405,15694
2023-01-24 14:29:19,83,88,11405,15694
2023-01-24 14:29:48,84,88,11405,15694
2023-01-24 14:30:22,84,89,11405,15694
2023-01-24 14:30:43,84,89,11505,15794
2023-01-24 14:30:50,85,89,11505,15794
2023-01-24 14:31:53,85,90,11505,15794
2023-01-24 14:32:04,85,90,11565,15914
2023-01-24 14:32:18,83,90,11565,15914
2023-01-24 14:32:18,83,91,11565,15914
2023-01-24 14:32:18,86,91,11565,15914
2023-01-24 14:32:18,88,91,11565,15914
2023-01-24 14:32:48,87,91,11565,15914
2023-01-24 14:32:49,86,91,11565,15914
2023-01-24 14:33:18,87,91,11565,15914
2023-01-24 14:33:43,87,90,11565,15914
2023-01-24 14:33:51,88,90,11565,15914
2023-01-24 14:34:16,89,90,11565,15914
2023-01-24 14:34:29,89,92,11565,15914
2023-01-24 14:34:40,89,91,11565,15914
2023-01-24 14:34:45,88,91,11565,15914
2023-01-24 14:35:01,88,92,11565,15914
2023-01-24 14:35:04,88,91,11565,15914
2023-01-24 14:35:20,88,92,11565,15914
2023-01-24 14:35:48,87,92,11565,15914
2023-01-24 14:35:49,88,92,11565,15914
2023-01-24 14:36:18,89,92,11565,15914
2023-01-24 14:36:48,89,93,11565,15914
2023-01-24 14:36:54,89,92,11565,15914
2023-01-24 14:38:19,88,92,11565,15914
2023-01-24 14:39:16,89,92,11565,15914
2023-01-24 14:39:17,89,93,11565,15914
2023-01-24 14:39:22,89,92,11565,15914
2023-01-24 14:39:46,89,93,11565,15914
2023-01-24 14:40:08,89,92,11565,15914
2023-01-24 14:40:24,89,93,11565,15914
2023-01-24 14:40:30,89,92,11565,15914
2023-01-24 14:40:49,89,93,11565,15914
2023-01-24 14:40:49,89,92,11565,15914
2023-01-24 14:40:49,88,92,11565,15914
2023-01-24 14:41:18,89,92,11565,15914
2023-01-24 14:41:32,89,93,11565,15914
2023-01-24 14:41:37,89,93,11568,15919
2023-01-24 14:41:37,89,92,11568,15919
2023-01-24 14:41:58,89,92,11570,15924
2023-01-24 14:43:09,89,93,11570,15924
2023-01-24 14:43:47,90,93,11570,15924
2023-01-24 14:44:46,89,93,11570,15924
2023-01-24 14:44:47,90,93,11570,15924
2023-01-24 14:44:59,91,93,11570,15924
2023-01-24 14:45:30,91,93,11650,16004
2023-01-24 14:46:18,92,93,11650,16004
2023-01-24 14:46:28,92,93,11650,16009
2023-01-24 14:46:41,92,95,11770,16129
2023-01-24 14:46:48,92,94,11770,16129
2023-01-24 14:47:07,92,95,11770,16129
2023-01-24 14:47:12,92,94,11770,16129
2023-01-24 14:47:45,92,95,11770,16129
2023-01-24 14:47:45,91,95,11770,16129
2023-01-24 14:48:01,91,94,11770,16129
2023-01-24 14:48:17,91,95,11770,16129
2023-01-24 14:48:18,92,95,11770,16129
2023-01-24 14:48:24,92,94,11770,16129
2023-01-24 14:48:45,92,95,11770,16129
2023-01-24 14:48:48,92,94,11770,16129
2023-01-24 14:49:47,91,94,11770,16129
2023-01-24 14:50:00,91,93,11770,16129
2023-01-24 14:50:15,91,95,11770,16129
2023-01-24 14:50:23,91,94,11770,16129
2023-01-24 14:50:24,91,93,11770,16129
2023-01-24 14:51:34,91,92,11770,16129
2023-01-24 14:51:57,91,92,11778,16139
2023-01-24 14:52:17,91,94,11778,16139
2023-01-24 14:52:18,91,93,11778,16139
2023-01-24 14:52:20,91,93,11788,16149
2023-01-24 14:52:32,91,94,11788,16149
2023-01-24 14:52:32,91,93,11788,16149
2023-01-24 14:52:42,91,94,11798,16159
2023-01-24 14:53:32,91,94,11805,16174
2023-01-24 14:53:47,91,95,11805,16174
2023-01-24 14:53:48,92,95,11805,16174
2023-01-24 14:53:51,92,94,11805,16174
2023-01-24 14:54:14,92,95,11805,16174
2023-01-24 14:54:33,93,95,11805,16174
2023-01-24 14:55:19,93,95,11815,16184
2023-01-24 14:55:41,93,95,11825,16194
2023-01-24 14:56:18,94,95,11825,16194
2023-01-24 14:57:19,94,96,12140,16509
2023-01-24 14:57:48,94,98,12140,16509
2023-01-24 14:57:48,94,97,12140,16509
2023-01-24 14:58:04,94,96,12140,16509
2023-01-24 14:58:15,94,97,12140,16509
2023-01-24 14:58:28,94,96,12140,16509
2023-01-24 14:58:45,94,97,12140,16509
2023-01-24 14:58:50,94,96,12140,16509
2023-01-24 14:59:48,95,96,12140,16509
2023-01-24 14:59:51,95,97,12140,16509
2023-01-24 14:59:54,95,98,12140,16509
2023-01-24 14:59:56,95,97,12140,16509
2023-01-24 15:00:02,95,96,12140,16509
2023-01-24 15:00:19,95,98,12140,16509
2023-01-24 15:00:26,95,97,12140,16509
2023-01-24 15:00:42,95,98,12140,16509
2023-01-24 15:00:46,95,97,12140,16509
2023-01-24 15:01:11,95,96,12140,16509
2023-01-24 15:01:43,95,96,12150,16529
2023-01-24 15:01:48,95,98,12150,16529
2023-01-24 15:01:49,94,98,12150,16529
2023-01-24 15:01:56,94,97,12150,16529
2023-01-24 15:02:17,95,97,12150,16529
2023-01-24 15:03:17,95,98,12150,16529
2023-01-24 15:03:22,95,97,12150,16529
2023-01-24 15:03:46,94,97,12150,16529
2023-01-24 15:03:47,93,97,12150,16529
2023-01-24 15:04:17,94,97,12150,16529
2023-01-24 15:04:17,95,97,12150,16529
2023-01-24 15:04:47,94,97,12150,16529
2023-01-24 15:04:48,93,97,12150,16529
2023-01-24 15:05:19,94,97,12150,16529
2023-01-24 15:05:19,95,97,12150,16529
2023-01-24 15:06:12,95,96,12150,16529
2023-01-24 15:06:18,94,96,12150,16529
2023-01-24 15:06:35,94,96,12153,16534
2023-01-24 15:06:47,94,98,12153,16534
2023-01-24 15:06:47,94,97,12153,16534
2023-01-24 15:06:47,95,97,12153,16534
2023-01-24 15:07:05,95,98,12153,16534
2023-01-24 15:07:06,95,97,12153,16534
2023-01-24 15:07:12,95,96,12153,16534
2023-01-24 15:07:28,95,97,12153,16534
2023-01-24 15:08:48,94,97,12153,16534
2023-01-24 15:08:48,95,97,12153,16534
2023-01-24 15:10:24,94,97,12153,16534
2023-01-24 15:10:50,95,97,12153,16534
2023-01-24 15:11:19,94,97,12153,16534
2023-01-24 15:11:41,94,96,12153,16534
2023-01-24 15:11:49,95,96,12153,16534
2023-01-24 15:12:02,95,98,12153,16534
2023-01-24 15:12:06,95,97,12153,16534
2023-01-24 15:12:46,96,97,12153,16534
2023-01-24 15:12:52,96,98,12153,16534
2023-01-24 15:13:16,95,98,12153,16534
2023-01-24 15:13:16,94,98,12153,16534
2023-01-24 15:13:16,93,98,12153,16534
2023-01-24 15:13:22,93,97,12153,16534
2023-01-24 15:13:44,93,96,12153,16534
2023-01-24 15:13:47,94,96,12153,16534
2023-01-24 15:14:17,94,98,12153,16534
2023-01-24 15:14:18,94,97,12153,16534
2023-01-24 15:15:19,94,98,12153,16534
2023-01-24 15:15:20,94,97,12153,16534
2023-01-24 15:15:35,94,98,12153,16534
2023-01-24 15:16:16,94,97,12153,16534
2023-01-24 15:16:26,93,97,12219,16666
2023-01-24 15:16:28,93,94,12219,16666
2023-01-24 15:16:46,93,97,12219,16666
2023-01-24 15:16:47,94,97,12219,16666
2023-01-24 15:16:53,94,96,12219,16666
2023-01-24 15:17:17,95,96,12219,16666
2023-01-24 15:17:25,95,98,12219,16666
2023-01-24 15:17:33,95,97,12219,16666
2023-01-24 15:17:45,94,97,12219,16666
2023-01-24 15:18:46,95,97,12219,16666
2023-01-24 15:23:16,94,97,12219,16666
2023-01-24 15:23:18,93,97,12219,16666
2023-01-24 15:24:46,95,97,12219,16666
2023-01-24 15:25:15,95,100,12219,16666
2023-01-24 15:25:24,95,99,12219,16666
2023-01-24 15:26:22,93,99,12219,16666
2023-01-24 15:27:25,95,99,12219,16666
2023-01-24 15:27:26,95,100,12284,16796
2023-01-24 15:28:13,95,99,12284,16796
2023-01-24 15:29:03,97,99,12284,16796
2023-01-24 15:30:33,93,99,12284,16796
2023-01-24 15:30:33,95,99,12284,16796
2023-01-24 15:31:21,93,99,12284,16796
2023-01-24 15:33:54,94,99,12284,16796
2023-01-24 15:33:55,95,99,12284,16796
2023-01-24 15:34:10,95,99,12334,16896
2023-01-24 15:34:11,95,99,12344,16916
2023-01-24 15:34:15,94,99,12375,16978
2023-01-24 15:34:22,93,99,12375,16978
2023-01-24 15:34:30,93,98,12375,16978
2023-01-24 15:34:42,93,98,12475,17078
2023-01-24 15:34:45,93,98,12490,17093
2023-01-24 15:34:49,93,97,12490,17093
2023-01-24 15:35:10,93,97,12510,17113
2023-01-24 15:35:13,93,97,12710,17313
2023-01-24 15:35:20,93,96,12710,17313
2023-01-24 15:35:21,92,96,12805,17458
2023-01-24 15:35:31,91,96,12849,17546
2023-01-24 15:35:46,91,96,12854,17556
2023-01-24 15:35:48,91,95,12854,17556
2023-01-24 15:36:18,91,96,12854,17556
2023-01-24 15:36:19,92,96,12854,17556
2023-01-24 15:36:19,93,96,12854,17556
2023-01-24 15:37:08,92,96,12901,17650
2023-01-24 15:37:08,92,95,12901,17650
2023-01-24 15:37:13,92,96,12901,17650
2023-01-24 15:37:18,92,97,12901,17650
2023-01-24 15:37:18,92,96,12901,17650
2023-01-24 15:37:18,91,95,12901,17650
2023-01-24 15:37:47,92,95,12901,17650
2023-01-24 15:37:50,92,95,12903,17655
2023-01-24 15:38:18,94,95,12903,17655
2023-01-24 15:38:18,94,97,12903,17655
2023-01-24 15:38:36,94,97,12911,17670
2023-01-24 15:38:46,93,97,12911,17670
2023-01-24 15:38:52,91,92,12997,17843
2023-01-24 15:38:57,89,92,13032,17913
2023-01-24 15:38:58,89,92,13040,17928
2023-01-24 15:39:08,89,97,13040,17928
2023-01-24 15:39:09,92,97,13040,17928
2023-01-24 15:39:18,92,98,13040,17928
2023-01-24 15:39:18,89,98,13040,17928
2023-01-24 15:39:23,89,96,13040,17928
2023-01-24 15:40:26,89,96,13140,18028
2023-01-24 15:40:43,85,96,13140,18028
2023-01-24 15:40:44,85,96,13230,18118
2023-01-24 15:40:56,83,96,13230,18118
2023-01-24 15:40:58,83,95,13230,18118
2023-01-24 15:41:04,83,93,13230,18118
2023-01-24 15:41:13,79,93,13230,18118
2023-01-24 15:41:14,83,93,13230,18118
2023-01-24 15:41:18,79,93,13230,18118
2023-01-24 15:41:26,79,92,13230,18118
2023-01-24 15:41:35,79,91,13230,18118
2023-01-24 15:41:35,76,91,13230,18118
2023-01-24 15:41:37,80,91,13230,18118
2023-01-24 15:41:44,76,91,13230,18118
2023-01-24 15:41:45,80,91,13230,18118
2023-01-24 15:41:47,76,91,13230,18118
2023-01-24 15:41:48,76,86,13230,18118
2023-01-24 15:41:56,80,86,13230,18118
2023-01-24 15:42:07,80,94,13230,18118
2023-01-24 15:42:11,80,85,13230,18118
2023-01-24 15:42:32,80,95,13230,18118
2023-01-24 15:42:32,80,94,13230,18118
2023-01-24 15:42:32,76,94,13230,18118
2023-01-24 15:42:33,76,90,13230,18118
2023-01-24 15:42:44,76,89,13230,18118
2023-01-24 15:42:49,76,95,13230,18118
2023-01-24 15:42:50,76,94,13230,18118
2023-01-24 15:42:56,76,87,13230,18118
2023-01-24 15:43:01,73,87,13230,18118
2023-01-24 15:43:02,77,87,13230,18118
2023-01-24 15:43:15,81,95,13230,18118
2023-01-24 15:43:15,81,94,13230,18118
2023-01-24 15:43:18,77,81,13232,18123
2023-01-24 15:43:32,70,81,13232,18123
2023-01-24 15:43:32,73,81,13232,18123
2023-01-24 15:43:35,73,94,13232,18123
2023-01-24 15:43:35,73,85,13232,18123
2023-01-24 15:43:35,77,85,13232,18123
2023-01-24 15:43:44,77,80,13232,18123
2023-01-24 15:43:47,73,80,13232,18123
2023-01-24 15:43:56,70,80,13232,18123
2023-01-24 15:43:56,77,80,13232,18123
2023-01-24 15:43:57,73,80,13232,18123
2023-01-24 15:44:21,77,80,13232,18123
2023-01-24 15:44:22,74,80,13232,18123
2023-01-24 15:44:25,74,82,13257,18173
2023-01-24 15:44:39,75,82,13257,18173
2023-01-24 15:44:43,77,82,13257,18173
2023-01-24 15:44:43,77,85,13257,18173
2023-01-24 15:44:48,77,83,13257,18173
2023-01-24 15:44:52,75,83,13257,18173
2023-01-24 15:44:52,81,83,13257,18173
2023-01-24 15:45:03,75,83,13257,18173
2023-01-24 15:45:03,78,83,13257,18173
2023-01-24 15:45:10,78,86,13257,18173
2023-01-24 15:45:18,78,82,13257,18173
2023-01-24 15:45:19,75,82,13257,18173
2023-01-24 15:45:21,78,82,13257,18173
2023-01-24 15:45:21,78,86,13257,18173
2023-01-24 15:45:22,78,88,13257,18173
2023-01-24 15:45:22,75,88,13257,18173
2023-01-24 15:45:22,75,82,13257,18173
2023-01-24 15:45:23,75,88,13257,18173
2023-01-24 15:45:23,75,86,13257,18173
2023-01-24 15:45:23,78,86,13257,18173
2023-01-24 15:45:32,78,95,13257,18173
2023-01-24 15:45:32,78,82,13257,18173
2023-01-24 15:45:32,75,82,13257,18173
2023-01-24 15:46:07,78,82,13257,18173
2023-01-24 15:46:08,78,86,13257,18173
2023-01-24 15:46:20,75,86,13257,18173
2023-01-24 15:46:20,75,93,13257,18173
2023-01-24 15:46:21,75,83,13257,18173
2023-01-24 15:46:26,75,93,13257,18173
2023-01-24 15:46:26,78,93,13257,18173
2023-01-24 15:46:26,78,86,13257,18173
2023-01-24 15:46:33,75,86,13257,18173
2023-01-24 15:46:33,75,83,13257,18173
2023-01-24 15:46:34,75,93,13257,18173
2023-01-24 15:46:34,75,87,13257,18173
2023-01-24 15:46:35,79,87,13257,18173
2023-01-24 15:46:41,75,87,13257,18173
2023-01-24 15:47:17,79,83,13257,18173
2023-01-24 15:47:17,79,87,13257,18173
2023-01-24 15:47:24,79,83,13257,18173
2023-01-24 15:47:24,66,83,13257,18173
2023-01-24 15:47:25,75,83,13257,18173
2023-01-24 15:47:32,75,90,13257,18173
2023-01-24 15:47:32,75,87,13257,18173
2023-01-24 15:47:32,66,87,13257,18173
2023-01-24 15:47:32,79,87,13257,18173
2023-01-24 15:48:13,79,85,13257,18173
2023-01-24 15:48:31,79,87,13257,18173
2023-01-24 15:48:32,83,87,13257,18173
2023-01-24 15:48:33,83,91,13257,18173
2023-01-24 15:48:36,83,87,13257,18173
2023-01-24 15:48:36,66,87,13257,18173
2023-01-24 15:48:36,80,87,13257,18173
2023-01-24 15:48:36,66,87,13257,18173
2023-01-24 15:48:36,83,87,13257,18173
2023-01-24 15:48:50,80,87,13257,18173
2023-01-24 15:48:55,80,96,13257,18173
2023-01-24 15:48:55,80,91,13257,18173
2023-01-24 15:48:55,66,91,13257,18173
2023-01-24 15:48:55,83,91,13257,18173
2023-01-24 15:48:56,66,91,13257,18173
2023-01-24 15:48:56,80,91,13257,18173
2023-01-24 15:48:56,80,88,13257,18173
2023-01-24 15:48:57,66,88,13257,18173
2023-01-24 15:48:57,66,91,13257,18173
2023-01-24 15:48:58,83,90,13257,18173
2023-01-24 15:49:17,83,91,13257,18173
2023-01-24 15:49:18,86,91,13257,18173
2023-01-24 15:49:19,86,94,13257,18173
2023-01-24 15:49:21,86,91,13257,18173
2023-01-24 15:49:27,84,91,13257,18173
2023-01-24 15:49:35,87,91,13257,18173
2023-01-24 15:49:37,87,95,13257,18173
2023-01-24 15:49:37,87,92,13257,18173
2023-01-24 15:49:37,84,92,13257,18173
2023-01-24 15:50:05,84,95,13257,18173
2023-01-24 15:50:05,87,95,13257,18173
2023-01-24 15:50:06,89,95,13257,18173
2023-01-24 15:50:06,89,98,13257,18173
2023-01-24 15:50:06,89,97,13257,18173
2023-01-24 15:50:11,84,97,13257,18173
2023-01-24 15:50:11,91,97,13257,18173
2023-01-24 15:50:11,91,99,13257,18173
2023-01-24 15:50:29,91,99,13262,18178
2023-01-24 15:50:29,95,99,13262,18178
2023-01-24 15:50:34,97,99,13262,18178
2023-01-24 15:51:13,93,97,13265,18183
2023-01-24 15:51:26,95,97,13265,18183
2023-01-24 15:51:57,95,99,13265,18183
2023-01-24 15:51:58,97,99,13265,18183
2023-01-24 15:52:27,97,100,13674,18592
2023-01-24 15:52:40,97,99,13674,18592
2023-01-24 15:53:07,97,100,14072,18990
2023-01-24 15:53:07,97,99,14072,18990
2023-01-24 15:53:14,97,100,14082,19000
2023-01-24 15:53:24,99,100,14082,19000
2023-01-24 15:53:24,99,100,14087,19010
2023-01-24 15:53:24,99,100,14092,19020
2023-01-24 15:53:34,97,100,14123,19083
2023-01-24 15:54:38,98,100,14123,19083
2023-01-24 15:55:21,99,100,14123,19083
