datetime,bid,ask,open_interest,volume
2023-12-05 09:30:01,27,38,2080,2080
2023-12-05 09:30:18,27,35,2080,2080
2023-12-05 09:30:55,24,35,2080,2080
2023-12-05 09:30:55,21,35,2080,2080
2023-12-05 09:30:55,18,35,2080,2080
2023-12-05 09:30:55,1,35,2080,2080
2023-12-05 09:30:56,26,35,2080,2080
2023-12-05 09:31:00,26,34,2080,2080
2023-12-05 09:31:00,27,32,2080,2080
2023-12-05 09:31:00,28,32,2080,2080
2023-12-05 09:31:00,28,31,2080,2080
2023-12-05 09:31:01,28,32,2080,2080
2023-12-05 09:31:01,28,31,2080,2080
2023-12-05 09:31:04,28,32,2080,2080
2023-12-05 09:31:07,29,31,2080,2080
2023-12-05 09:31:10,29,32,2080,2080
2023-12-05 09:31:12,29,31,2080,2080
2023-12-05 09:31:13,29,32,2080,2080
2023-12-05 09:31:24,29,31,2080,2080
2023-12-05 09:31:26,29,32,2080,2080
2023-12-05 09:31:31,29,31,2080,2080
2023-12-05 09:31:32,29,32,2080,2080
2023-12-05 09:31:58,29,33,2080,2080
2023-12-05 09:32:01,31,33,2080,2080
2023-12-05 09:32:36,30,33,2080,2080
2023-12-05 09:32:36,29,33,2080,2080
2023-12-05 09:32:36,29,32,2080,2080
2023-12-05 09:32:40,29,31,2080,2080
2023-12-05 09:32:42,28,31,2080,2080
2023-12-05 09:32:44,29,31,2080,2080
2023-12-05 09:32:45,28,31,2080,2080
2023-12-05 09:32:54,29,31,2080,2080
2023-12-05 09:32:56,28,31,2080,2080
2023-12-05 09:33:14,29,31,2080,2080
2023-12-05 09:33:15,28,31,2080,2080
2023-12-05 09:33:17,29,31,2080,2080
2023-12-05 09:33:19,29,32,2080,2080
2023-12-05 09:33:28,29,31,2080,2080
2023-12-05 09:33:35,29,32,2080,2080
2023-12-05 09:33:39,29,31,2080,2080
2023-12-05 09:33:42,28,31,2080,2080
2023-12-05 09:33:44,29,31,2080,2080
2023-12-05 09:33:57,29,32,2080,2080
2023-12-05 09:34:12,30,32,2080,2080
2023-12-05 09:34:31,30,33,2080,2080
2023-12-05 09:34:53,31,33,2080,2080
2023-12-05 09:34:54,32,33,2080,2080
2023-12-05 09:35:01,32,34,2080,2080
2023-12-05 09:35:09,32,33,2080,2080
2023-12-05 09:35:10,31,33,2080,2080
2023-12-05 09:35:12,30,33,2080,2080
2023-12-05 09:35:18,30,32,2080,2080
2023-12-05 09:35:20,30,33,2080,2080
2023-12-05 09:35:21,30,32,2080,2080
2023-12-05 09:35:22,29,32,2080,2080
2023-12-05 09:35:25,29,31,2080,2080
2023-12-05 09:35:29,29,32,2080,2080
2023-12-05 09:35:40,30,32,2080,2080
2023-12-05 09:35:42,29,32,2080,2080
2023-12-05 09:35:46,30,32,2080,2080
2023-12-05 09:35:47,29,32,2080,2080
2023-12-05 09:35:47,30,32,2080,2080
2023-12-05 09:35:48,29,32,2080,2080
2023-12-05 09:35:54,30,32,2080,2080
2023-12-05 09:35:55,29,32,2080,2080
2023-12-05 09:35:56,30,32,2080,2080
2023-12-05 09:35:59,30,33,2080,2080
2023-12-05 09:36:00,30,32,2080,2080
2023-12-05 09:36:02,29,32,2080,2080
2023-12-05 09:36:06,30,33,2080,2080
2023-12-05 09:36:16,31,33,2080,2080
2023-12-05 09:36:21,31,34,2080,2080
2023-12-05 09:36:27,31,33,2080,2080
2023-12-05 09:36:29,31,34,2080,2080
2023-12-05 09:36:33,33,34,2080,2080
2023-12-05 09:36:33,33,34,2080,2140
2023-12-05 09:36:41,32,33,2080,2160
2023-12-05 09:36:41,31,33,2080,2160
2023-12-05 09:36:47,30,33,2080,2160
2023-12-05 09:36:48,30,32,2080,2160
2023-12-05 09:36:50,29,32,2080,2160
2023-12-05 09:36:56,30,32,2080,2160
2023-12-05 09:37:16,31,32,2080,2160
2023-12-05 09:37:26,31,33,2080,2160
2023-12-05 09:37:26,31,32,2080,2160
2023-12-05 09:37:27,30,32,2080,2160
2023-12-05 09:37:29,30,33,2080,2160
2023-12-05 09:37:30,30,32,2080,2160
2023-12-05 09:37:30,31,32,2080,2160
2023-12-05 09:37:36,30,32,2080,2160
2023-12-05 09:37:46,30,33,2080,2160
2023-12-05 09:37:47,31,33,2080,2160
2023-12-05 09:37:52,30,33,2080,2160
2023-12-05 09:37:52,31,33,2080,2160
2023-12-05 09:37:53,31,32,2080,2160
2023-12-05 09:37:56,30,32,2080,2160
2023-12-05 09:37:57,31,32,2080,2160
2023-12-05 09:38:08,31,33,2080,2160
2023-12-05 09:38:11,32,33,2080,2160
2023-12-05 09:38:13,30,33,2080,2160
2023-12-05 09:38:13,31,33,2080,2160
2023-12-05 09:38:15,32,33,2080,2160
2023-12-05 09:38:19,30,32,2262,2342
2023-12-05 09:38:19,31,32,2262,2342
2023-12-05 09:38:20,31,33,2262,2342
2023-12-05 09:38:22,32,33,2262,2342
2023-12-05 09:38:34,31,33,2262,2342
2023-12-05 09:38:35,32,33,2262,2342
2023-12-05 09:38:36,32,34,2262,2342
2023-12-05 09:38:36,31,34,2262,2342
2023-12-05 09:38:37,32,34,2262,2342
2023-12-05 09:38:47,33,34,2262,2342
2023-12-05 09:39:11,32,34,2262,2342
2023-12-05 09:39:28,33,34,2262,2342
2023-12-05 09:39:31,32,34,2262,2342
2023-12-05 09:39:32,33,34,2262,2342
2023-12-05 09:39:34,32,34,2262,2342
2023-12-05 09:39:35,33,34,2262,2342
2023-12-05 09:39:41,31,34,2262,2342
2023-12-05 09:39:42,32,34,2262,2342
2023-12-05 09:39:42,33,34,2262,2342
2023-12-05 09:39:43,32,34,2262,2342
2023-12-05 09:39:45,31,34,2262,2342
2023-12-05 09:39:48,32,34,2262,2342
2023-12-05 09:39:49,33,34,2262,2342
2023-12-05 09:39:51,32,34,2262,2342
2023-12-05 09:39:51,33,34,2262,2342
2023-12-05 09:39:58,32,34,2262,2342
2023-12-05 09:40:19,32,35,2462,2542
2023-12-05 09:40:20,33,35,2462,2542
2023-12-05 09:40:43,33,35,2762,2842
2023-12-05 09:40:44,34,35,2762,2842
2023-12-05 09:41:02,33,35,2762,2842
2023-12-05 09:41:17,34,35,2762,2842
2023-12-05 09:41:28,34,36,2762,2842
2023-12-05 09:42:09,33,36,2762,2842
2023-12-05 09:42:13,33,35,2762,2842
2023-12-05 09:42:24,33,36,2762,2842
2023-12-05 09:42:30,33,35,2762,2842
2023-12-05 09:42:32,33,36,2762,2842
2023-12-05 09:42:33,33,35,2762,2842
2023-12-05 09:42:37,33,36,2762,2842
2023-12-05 09:42:39,33,35,2762,2842
2023-12-05 09:42:42,33,36,2762,2842
2023-12-05 09:42:44,33,35,2762,2842
2023-12-05 09:42:46,33,36,2762,2842
2023-12-05 09:42:52,33,35,2762,2842
2023-12-05 09:42:59,33,36,2762,2842
2023-12-05 09:43:00,33,35,2762,2842
2023-12-05 09:43:33,32,35,2762,2842
2023-12-05 09:43:38,32,35,2882,2962
2023-12-05 09:43:38,32,33,2882,2962
2023-12-05 09:43:39,32,35,2882,2962
2023-12-05 09:43:39,32,34,2882,2962
2023-12-05 09:43:40,32,34,3031,3111
2023-12-05 09:43:41,32,33,3031,3111
2023-12-05 09:43:41,32,33,3031,3342
2023-12-05 09:43:42,31,33,3031,3342
2023-12-05 09:43:44,32,33,3031,3342
2023-12-05 09:43:45,31,33,3031,3342
2023-12-05 09:44:00,31,32,3031,3342
2023-12-05 09:44:01,30,32,3031,3342
2023-12-05 09:44:04,31,32,3031,3342
2023-12-05 09:44:08,30,32,3031,3342
2023-12-05 09:44:12,30,33,3031,3342
2023-12-05 09:44:12,30,31,3031,3342
2023-12-05 09:44:16,30,32,3031,3342
2023-12-05 09:44:16,30,33,3031,3342
2023-12-05 09:44:16,30,32,3031,3342
2023-12-05 09:44:17,30,33,3031,3342
2023-12-05 09:44:17,30,31,3031,3342
2023-12-05 09:44:18,30,33,3031,3342
2023-12-05 09:44:18,30,32,3031,3342
2023-12-05 09:44:21,30,33,3031,3342
2023-12-05 09:44:21,30,31,3031,3342
2023-12-05 09:44:25,30,33,3031,3342
2023-12-05 09:44:25,30,32,3031,3342
2023-12-05 09:44:26,30,31,3031,3342
2023-12-05 09:44:45,30,31,3031,3444
2023-12-05 09:44:47,30,31,3031,3561
2023-12-05 09:45:00,30,32,3031,3561
2023-12-05 09:45:00,30,33,3031,3561
2023-12-05 09:45:00,30,32,3031,3561
2023-12-05 09:45:08,30,33,3031,3561
2023-12-05 09:45:08,31,33,3031,3561
2023-12-05 09:45:13,31,32,3031,3561
2023-12-05 09:45:15,31,33,3031,3561
2023-12-05 09:45:16,30,33,3031,3561
2023-12-05 09:45:16,30,32,3031,3561
2023-12-05 09:45:17,31,32,3031,3561
2023-12-05 09:45:18,30,32,3031,3561
2023-12-05 09:45:21,30,33,3031,3561
2023-12-05 09:45:21,31,33,3031,3561
2023-12-05 09:45:24,31,32,3031,3561
2023-12-05 09:45:25,31,33,3031,3561
2023-12-05 09:45:27,31,32,3031,3561
2023-12-05 09:45:32,30,32,3031,3561
2023-12-05 09:45:33,31,32,3031,3561
2023-12-05 09:45:35,32,33,3031,3561
2023-12-05 09:45:35,32,34,3151,3681
2023-12-05 09:45:40,32,35,3151,3681
2023-12-05 09:45:40,33,35,3151,3681
2023-12-05 09:45:44,33,34,3151,3681
2023-12-05 09:45:53,33,35,3151,3681
2023-12-05 09:46:02,33,34,3151,3681
2023-12-05 09:46:06,33,35,3151,3681
2023-12-05 09:46:13,33,34,3151,3681
2023-12-05 09:46:13,33,34,3151,3981
2023-12-05 09:46:20,32,34,3151,3981
2023-12-05 09:46:24,32,33,3151,3981
2023-12-05 09:46:25,31,33,3151,3981
2023-12-05 09:46:25,32,33,3151,3981
2023-12-05 09:46:36,32,34,3151,4070
2023-12-05 09:46:43,32,35,3151,4070
2023-12-05 09:46:52,32,34,3151,4070
2023-12-05 09:46:54,32,33,3151,4070
2023-12-05 09:46:56,32,33,3151,4130
2023-12-05 09:46:57,31,33,3011,4270
2023-12-05 09:46:58,30,33,3011,4270
2023-12-05 09:46:59,30,32,3011,4270
2023-12-05 09:47:06,30,31,3011,4270
2023-12-05 09:47:14,30,32,3011,4270
2023-12-05 09:47:26,30,31,3011,4270
2023-12-05 09:47:28,30,32,3011,4270
2023-12-05 09:47:30,30,31,3011,4270
2023-12-05 09:47:35,30,32,3011,4270
2023-12-05 09:48:05,30,31,3011,4270
2023-12-05 09:48:05,29,31,3011,4270
2023-12-05 09:48:07,29,32,3011,4270
2023-12-05 09:48:23,30,32,3011,4270
2023-12-05 09:48:28,30,31,3011,4270
2023-12-05 09:48:29,30,32,3011,4270
2023-12-05 09:48:34,29,32,3011,4270
2023-12-05 09:48:42,29,31,3011,4270
2023-12-05 09:49:02,29,32,3011,4270
2023-12-05 09:49:04,30,32,3011,4270
2023-12-05 09:49:18,30,31,3011,4270
2023-12-05 09:49:18,29,31,3011,4270
2023-12-05 09:49:34,29,32,3011,4270
2023-12-05 09:49:37,30,32,3011,4270
2023-12-05 09:49:40,29,32,3011,4270
2023-12-05 09:49:48,30,32,3011,4270
2023-12-05 09:49:55,30,31,3011,4270
2023-12-05 09:50:04,29,31,3011,4270
2023-12-05 09:50:20,30,31,3011,4270
2023-12-05 09:50:22,29,31,3011,4270
2023-12-05 09:50:40,29,30,3011,4270
2023-12-05 09:50:41,28,30,3011,4270
2023-12-05 09:50:51,27,30,3011,4270
2023-12-05 09:50:56,28,30,3011,4270
2023-12-05 09:51:03,28,31,3011,4270
2023-12-05 09:51:05,29,31,3011,4270
2023-12-05 09:51:14,29,32,3011,4270
2023-12-05 09:51:21,29,31,3011,4270
2023-12-05 09:51:31,29,32,3011,4270
2023-12-05 09:51:35,30,32,3011,4270
2023-12-05 09:52:05,31,32,3011,4270
2023-12-05 09:52:05,30,32,3011,4270
2023-12-05 09:52:08,30,31,3011,4270
2023-12-05 09:52:12,29,32,3011,4270
2023-12-05 09:52:16,30,32,3011,4270
2023-12-05 09:52:25,31,32,3011,4270
2023-12-05 09:52:26,30,32,3011,4270
2023-12-05 09:52:26,31,32,3011,4270
2023-12-05 09:52:29,29,32,3011,4270
2023-12-05 09:52:29,30,32,3011,4270
2023-12-05 09:52:36,29,32,3011,4270
2023-12-05 09:52:36,30,32,3011,4270
2023-12-05 09:52:38,30,31,3011,4270
2023-12-05 09:52:38,29,31,3011,4270
2023-12-05 09:52:48,28,31,3011,4270
2023-12-05 09:52:53,28,30,3011,4270
2023-12-05 09:53:08,28,31,3011,4270
2023-12-05 09:53:20,28,30,3011,4270
2023-12-05 09:53:23,27,30,3011,4270
2023-12-05 09:53:52,27,29,3011,4270
2023-12-05 09:53:53,27,28,3011,4270
2023-12-05 09:53:55,26,28,3011,4270
2023-12-05 09:54:56,27,28,3011,4270
2023-12-05 09:54:59,26,28,3011,4270
2023-12-05 09:55:01,27,28,3011,4270
2023-12-05 09:55:05,26,28,3011,4270
2023-12-05 09:55:05,27,28,3011,4270
2023-12-05 09:55:10,26,28,3011,4270
2023-12-05 09:55:11,27,28,3011,4270
2023-12-05 09:55:22,26,28,3011,4270
2023-12-05 09:55:23,27,28,3011,4270
2023-12-05 09:55:28,26,28,3011,4270
2023-12-05 09:55:51,26,28,3011,4320
2023-12-05 09:55:59,26,27,3011,4320
2023-12-05 09:56:04,26,28,3211,4520
2023-12-05 09:56:40,26,27,3211,4520
2023-12-05 09:56:40,26,28,3211,4668
2023-12-05 09:56:41,26,27,3211,4668
2023-12-05 09:56:42,26,28,3211,4773
2023-12-05 09:56:42,26,27,3211,4773
2023-12-05 09:56:47,26,28,3211,4773
2023-12-05 09:56:48,26,27,3211,4773
2023-12-05 09:56:49,26,28,3211,4940
2023-12-05 09:57:04,26,27,3211,4940
2023-12-05 09:57:04,26,28,3211,5066
2023-12-05 09:57:24,27,28,3211,5066
2023-12-05 09:57:33,27,29,3211,5066
2023-12-05 09:57:35,28,29,3211,5066
2023-12-05 09:57:35,28,30,3211,5066
2023-12-05 09:58:00,29,30,3211,5066
2023-12-05 09:58:05,28,30,3211,5066
2023-12-05 09:58:05,29,30,3211,5066
2023-12-05 09:58:10,29,31,3411,5266
2023-12-05 09:58:15,28,31,3411,5266
2023-12-05 09:58:15,29,31,3411,5266
2023-12-05 09:58:33,28,31,3411,5266
2023-12-05 09:58:35,29,31,3411,5266
2023-12-05 09:59:12,29,30,3411,5266
2023-12-05 09:59:13,28,30,3411,5266
2023-12-05 09:59:22,28,31,3411,5266
2023-12-05 09:59:23,28,30,3411,5266
2023-12-05 09:59:39,28,31,3411,5266
2023-12-05 09:59:43,29,31,3411,5266
2023-12-05 09:59:49,29,30,3411,5266
2023-12-05 09:59:53,29,31,3411,5266
2023-12-05 10:00:01,29,30,3411,5266
2023-12-05 10:00:01,28,30,3411,5266
2023-12-05 10:00:02,27,30,4011,5866
2023-12-05 10:00:02,26,30,4011,5866
2023-12-05 10:00:02,25,29,4011,5866
2023-12-05 10:00:02,25,30,4011,5866
2023-12-05 10:00:02,24,30,4011,5866
2023-12-05 10:00:03,24,28,4011,5866
2023-12-05 10:00:03,24,26,4011,5866
2023-12-05 10:00:04,24,25,4011,5866
2023-12-05 10:00:04,24,25,4071,5926
2023-12-05 10:00:05,23,24,4071,6066
2023-12-05 10:00:05,23,24,4071,6126
2023-12-05 10:00:06,23,25,4071,6126
2023-12-05 10:00:06,23,24,4071,6126
2023-12-05 10:00:06,23,24,3711,6486
2023-12-05 10:00:07,22,24,3711,6486
2023-12-05 10:00:07,22,23,3711,6486
2023-12-05 10:00:10,22,24,3711,6486
2023-12-05 10:00:11,23,24,3711,6486
2023-12-05 10:00:13,22,24,3711,6486
2023-12-05 10:00:14,22,23,3711,6486
2023-12-05 10:00:16,22,24,3711,6486
2023-12-05 10:00:17,23,24,3711,6486
2023-12-05 10:00:19,22,24,3711,6486
2023-12-05 10:00:19,22,23,3711,6486
2023-12-05 10:00:20,22,24,3711,6486
2023-12-05 10:00:25,23,24,3711,6486
2023-12-05 10:00:28,22,24,3511,6686
2023-12-05 10:00:32,22,23,3511,6686
2023-12-05 10:00:36,21,23,3311,6886
2023-12-05 10:00:37,20,23,3311,6886
2023-12-05 10:00:39,20,22,3311,6886
2023-12-05 10:00:43,19,22,3311,6886
2023-12-05 10:00:44,19,21,3311,6886
2023-12-05 10:00:47,19,22,3311,6886
2023-12-05 10:00:48,19,21,3311,6886
2023-12-05 10:00:49,19,22,3311,6886
2023-12-05 10:00:54,19,21,3311,6886
2023-12-05 10:00:56,19,21,3129,7236
2023-12-05 10:00:57,18,21,3129,7236
2023-12-05 10:00:57,18,20,3129,7236
2023-12-05 10:01:07,19,20,3129,7236
2023-12-05 10:01:07,19,21,3129,7236
2023-12-05 10:01:08,19,22,3129,7236
2023-12-05 10:01:10,20,22,3129,7236
2023-12-05 10:01:11,19,22,3129,7236
2023-12-05 10:01:12,20,22,3129,7236
2023-12-05 10:01:17,20,23,3129,7236
2023-12-05 10:01:21,20,22,3129,7236
2023-12-05 10:01:24,19,22,3129,7236
2023-12-05 10:01:26,19,21,3129,7236
2023-12-05 10:01:28,19,22,3129,7236
2023-12-05 10:01:29,19,21,3129,7236
2023-12-05 10:01:36,18,20,3129,7236
2023-12-05 10:01:47,18,21,3129,7236
2023-12-05 10:01:47,19,21,3129,7236
2023-12-05 10:01:48,18,21,3129,7236
2023-12-05 10:01:51,18,20,3129,7236
2023-12-05 10:01:54,19,20,3129,7236
2023-12-05 10:01:58,18,20,3129,7236
2023-12-05 10:02:05,18,19,3129,7236
2023-12-05 10:02:11,17,19,3129,7236
2023-12-05 10:02:16,17,18,3129,7236
2023-12-05 10:02:20,16,18,3129,7236
2023-12-05 10:02:22,16,17,3129,7236
2023-12-05 10:02:26,15,17,3129,7236
2023-12-05 10:02:34,15,16,3129,7236
2023-12-05 10:02:39,14,16,3129,7236
2023-12-05 10:02:39,14,15,3129,7236
2023-12-05 10:02:39,14,15,3129,7378
2023-12-05 10:02:40,14,16,3129,7378
2023-12-05 10:02:51,14,17,3129,7378
2023-12-05 10:03:03,14,17,3131,7380
2023-12-05 10:03:03,15,17,3131,7380
2023-12-05 10:03:24,14,17,3131,7380
2023-12-05 10:03:27,14,16,3131,7380
2023-12-05 10:03:40,14,17,3131,7380
2023-12-05 10:03:40,14,16,3131,7380
2023-12-05 10:03:48,14,17,3131,7380
2023-12-05 10:03:51,14,16,3131,7380
2023-12-05 10:04:03,13,16,3131,7380
2023-12-05 10:04:03,13,15,3131,7380
2023-12-05 10:04:07,13,14,3131,7380
2023-12-05 10:04:13,12,14,3131,7380
2023-12-05 10:04:42,12,14,3353,7630
2023-12-05 10:04:48,13,14,3353,7630
2023-12-05 10:04:49,13,15,3353,7630
2023-12-05 10:04:54,12,15,3353,7630
2023-12-05 10:04:54,12,14,3353,7630
2023-12-05 10:04:56,12,15,3353,7630
2023-12-05 10:04:57,12,14,3353,7630
2023-12-05 10:05:02,12,15,3353,7630
2023-12-05 10:05:05,13,15,3353,7630
2023-12-05 10:05:08,13,16,3353,7630
2023-12-05 10:05:11,14,16,3353,7630
2023-12-05 10:05:12,14,17,3353,7630
2023-12-05 10:05:14,14,16,3353,7630
2023-12-05 10:05:16,14,17,3353,7630
2023-12-05 10:05:23,15,17,3353,7630
2023-12-05 10:05:23,16,17,3353,7630
2023-12-05 10:05:27,16,18,3353,7630
2023-12-05 10:05:46,17,18,3353,7630
2023-12-05 10:05:51,16,18,3353,7630
2023-12-05 10:05:51,16,17,3353,7630
2023-12-05 10:05:52,16,17,3153,7830
2023-12-05 10:05:52,16,18,3153,8026
2023-12-05 10:05:53,17,18,3153,8026
2023-12-05 10:05:56,16,18,3153,8026
2023-12-05 10:05:56,16,17,3153,8026
2023-12-05 10:05:59,16,18,3153,8138
2023-12-05 10:06:01,16,17,3153,8138
2023-12-05 10:06:03,16,18,3153,8138
2023-12-05 10:06:13,16,17,3153,8138
2023-12-05 10:06:15,16,18,3161,8305
2023-12-05 10:06:15,16,17,3161,8305
2023-12-05 10:06:17,16,18,3321,8465
2023-12-05 10:06:17,16,17,3321,8465
2023-12-05 10:06:18,17,18,3426,8592
2023-12-05 10:06:19,16,18,3426,8592
2023-12-05 10:06:27,16,17,3426,8592
2023-12-05 10:06:29,16,18,3426,8592
2023-12-05 10:06:29,16,17,3426,8592
2023-12-05 10:06:30,16,18,3592,8758
2023-12-05 10:06:30,16,17,3592,8758
2023-12-05 10:06:31,16,18,3592,8758
2023-12-05 10:06:32,16,17,3592,8758
2023-12-05 10:06:42,16,18,3763,8929
2023-12-05 10:06:42,16,17,3763,8929
2023-12-05 10:06:43,16,18,3763,8929
2023-12-05 10:06:44,16,17,3763,8929
2023-12-05 10:06:46,16,18,3763,8929
2023-12-05 10:06:46,16,17,3763,8929
2023-12-05 10:06:53,15,17,3763,8929
2023-12-05 10:07:05,15,16,3763,8929
2023-12-05 10:07:09,14,16,3763,8929
2023-12-05 10:07:10,15,16,3763,8929
2023-12-05 10:07:10,15,17,3918,9084
2023-12-05 10:07:10,15,16,3918,9084
2023-12-05 10:07:11,15,18,3918,9084
2023-12-05 10:07:11,15,17,3918,9084
2023-12-05 10:07:17,15,18,3918,9084
2023-12-05 10:07:17,15,17,3918,9084
2023-12-05 10:07:23,15,16,3918,9084
2023-12-05 10:07:24,15,18,3918,9084
2023-12-05 10:07:24,15,17,3918,9084
2023-12-05 10:07:30,15,16,3918,9084
2023-12-05 10:07:35,14,16,3918,9084
2023-12-05 10:07:40,15,16,3918,9084
2023-12-05 10:07:41,15,17,3918,9084
2023-12-05 10:07:44,15,18,3918,9084
2023-12-05 10:07:52,15,17,3918,9084
2023-12-05 10:07:55,15,18,3918,9084
2023-12-05 10:07:56,15,17,3918,9084
2023-12-05 10:08:07,15,16,3918,9084
2023-12-05 10:08:15,15,18,3918,9084
2023-12-05 10:08:15,15,17,3918,9084
2023-12-05 10:08:19,15,18,3918,9084
2023-12-05 10:08:23,17,18,3918,9084
2023-12-05 10:08:23,17,19,4013,9284
2023-12-05 10:08:36,17,18,4013,9284
2023-12-05 10:08:37,17,19,4013,9284
2023-12-05 10:08:39,17,18,4013,9284
2023-12-05 10:08:51,17,19,4013,9284
2023-12-05 10:08:51,17,18,4013,9284
2023-12-05 10:08:54,17,19,4013,9284
2023-12-05 10:08:54,17,18,4013,9284
2023-12-05 10:09:01,17,19,4013,9284
2023-12-05 10:09:01,17,18,4013,9284
2023-12-05 10:09:03,17,19,4013,9284
2023-12-05 10:09:03,17,18,4013,9284
2023-12-05 10:09:19,17,19,4013,9284
2023-12-05 10:09:19,17,18,4013,9284
2023-12-05 10:09:21,17,19,4013,9284
2023-12-05 10:09:22,17,18,4013,9284
2023-12-05 10:09:26,17,19,4013,9284
2023-12-05 10:09:26,17,18,4013,9284
2023-12-05 10:09:28,17,19,4013,9284
2023-12-05 10:09:29,17,18,4013,9284
2023-12-05 10:09:30,17,19,4013,9284
2023-12-05 10:09:32,17,18,4013,9284
2023-12-05 10:09:39,17,19,4013,9284
2023-12-05 10:09:42,17,18,4013,9284
2023-12-05 10:09:46,17,19,4170,9441
2023-12-05 10:09:46,17,18,4170,9441
2023-12-05 10:09:47,17,19,4170,9441
2023-12-05 10:09:54,17,18,4170,9441
2023-12-05 10:10:00,17,19,4170,9441
2023-12-05 10:10:00,17,18,4170,9441
2023-12-05 10:10:01,17,19,4340,9611
2023-12-05 10:10:01,17,18,4340,9611
2023-12-05 10:10:01,17,19,4340,9611
2023-12-05 10:10:03,17,18,4340,9611
2023-12-05 10:10:09,17,19,4340,9611
2023-12-05 10:10:26,17,18,4340,9611
2023-12-05 10:10:31,17,19,4340,9611
2023-12-05 10:10:31,17,18,4340,9611
2023-12-05 10:10:40,17,19,4340,9611
2023-12-05 10:10:40,17,18,4340,9611
2023-12-05 10:10:57,17,19,4340,9611
2023-12-05 10:10:57,17,18,4340,9611
2023-12-05 10:11:08,17,19,4340,9611
2023-12-05 10:11:08,17,18,4340,9611
2023-12-05 10:11:13,17,19,4340,9611
2023-12-05 10:11:13,17,18,4340,9611
2023-12-05 10:11:19,17,19,4340,9611
2023-12-05 10:11:22,18,19,4340,9611
2023-12-05 10:11:23,18,20,4340,9611
2023-12-05 10:11:32,19,20,4340,9611
2023-12-05 10:11:41,19,21,4340,9611
2023-12-05 10:11:51,19,20,4340,9611
2023-12-05 10:11:52,19,21,4340,9611
2023-12-05 10:11:53,19,20,4340,9611
2023-12-05 10:11:54,19,21,4340,9611
2023-12-05 10:11:57,19,20,4340,9611
2023-12-05 10:11:58,19,21,4340,9611
2023-12-05 10:12:01,20,21,4340,9611
2023-12-05 10:12:20,19,22,4340,9611
2023-12-05 10:12:21,20,22,4340,9611
2023-12-05 10:12:22,20,21,4340,9611
2023-12-05 10:12:28,19,21,4340,9611
2023-12-05 10:12:33,20,21,4340,9611
2023-12-05 10:12:34,19,21,4340,9611
2023-12-05 10:12:36,20,21,4340,9611
2023-12-05 10:12:40,19,21,4340,9611
2023-12-05 10:12:41,19,22,4340,9611
2023-12-05 10:12:42,19,21,4340,9611
2023-12-05 10:12:47,19,20,4340,9611
2023-12-05 10:12:48,18,19,4340,9611
2023-12-05 10:12:49,17,19,4340,9811
2023-12-05 10:13:04,17,18,4340,9811
2023-12-05 10:13:23,16,18,4340,9811
2023-12-05 10:13:35,16,17,4340,9811
2023-12-05 10:13:41,16,17,4445,10011
2023-12-05 10:13:41,16,19,4647,10213
2023-12-05 10:13:41,16,18,4647,10213
2023-12-05 10:13:42,17,18,4647,10213
2023-12-05 10:13:42,17,19,4647,10213
2023-12-05 10:13:45,18,19,4647,10213
2023-12-05 10:13:47,18,21,4647,10213
2023-12-05 10:13:51,19,21,4647,10213
2023-12-05 10:13:52,19,22,4647,10213
2023-12-05 10:13:54,19,22,4647,10213
2023-12-05 10:13:56,19,21,4647,10213
2023-12-05 10:13:57,19,22,4647,10213
2023-12-05 10:14:03,19,21,4647,10213
2023-12-05 10:14:03,19,20,4647,10213
2023-12-05 10:14:05,19,21,4831,10397
2023-12-05 10:14:05,19,20,4831,10397
2023-12-05 10:14:11,19,22,4972,10538
2023-12-05 10:14:11,19,21,4972,10538
2023-12-05 10:14:12,20,21,4972,10538
2023-12-05 10:14:12,21,22,5082,10648
2023-12-05 10:14:12,21,23,5082,10648
2023-12-05 10:14:13,21,23,5217,10998
2023-12-05 10:14:14,22,23,5217,10998
2023-12-05 10:14:16,21,23,5217,10998
2023-12-05 10:14:29,21,22,5217,10998
2023-12-05 10:14:36,20,22,5217,10998
2023-12-05 10:14:45,20,21,5217,10998
2023-12-05 10:14:47,20,22,5217,10998
2023-12-05 10:14:47,20,21,5217,10998
2023-12-05 10:14:53,19,21,5217,10998
2023-12-05 10:14:58,19,22,5217,10998
2023-12-05 10:14:58,19,21,5217,10998
2023-12-05 10:15:00,20,21,5217,10998
2023-12-05 10:15:01,19,21,5217,10998
2023-12-05 10:15:02,19,22,5217,10998
2023-12-05 10:15:07,19,22,5217,11048
2023-12-05 10:15:07,19,21,5217,11048
2023-12-05 10:15:07,19,20,5217,11048
2023-12-05 10:15:08,19,21,5217,11048
2023-12-05 10:15:08,19,20,5217,11048
2023-12-05 10:15:08,19,21,5406,11237
2023-12-05 10:15:08,19,20,5406,11237
2023-12-05 10:15:09,20,21,5419,11385
2023-12-05 10:15:12,19,21,5419,11385
2023-12-05 10:15:12,19,22,5564,11580
2023-12-05 10:15:17,20,22,5564,11580
2023-12-05 10:15:22,20,23,5564,11580
2023-12-05 10:15:24,20,22,5564,11580
2023-12-05 10:15:25,20,23,5564,11580
2023-12-05 10:15:28,20,22,5564,11580
2023-12-05 10:15:29,20,23,5564,11580
2023-12-05 10:15:30,20,22,5564,11580
2023-12-05 10:15:32,19,22,5564,11580
2023-12-05 10:15:33,20,22,5564,11580
2023-12-05 10:15:33,20,23,5564,11580
2023-12-05 10:16:03,20,22,5564,11580
2023-12-05 10:16:04,20,23,5564,11580
2023-12-05 10:16:05,20,22,5564,11580
2023-12-05 10:16:06,20,23,5564,11580
2023-12-05 10:16:14,21,23,5564,11580
2023-12-05 10:16:29,20,23,5564,11580
2023-12-05 10:16:31,21,23,5564,11580
2023-12-05 10:16:33,20,23,5564,11580
2023-12-05 10:16:54,21,23,5564,11580
2023-12-05 10:16:55,20,23,5564,11580
2023-12-05 10:17:36,20,22,5564,11580
2023-12-05 10:17:37,19,22,5564,11580
2023-12-05 10:17:50,20,22,5564,11580
2023-12-05 10:17:51,19,22,5564,11580
2023-12-05 10:17:57,20,22,5564,11580
2023-12-05 10:17:58,19,22,5564,11580
2023-12-05 10:17:59,20,22,5564,11580
2023-12-05 10:18:00,19,22,5564,11580
2023-12-05 10:18:01,20,22,5564,11580
2023-12-05 10:18:01,20,23,5564,11580
2023-12-05 10:18:02,20,22,5564,11580
2023-12-05 10:18:03,20,23,5564,11580
2023-12-05 10:18:06,20,22,5564,11580
2023-12-05 10:18:06,19,22,5564,11580
2023-12-05 10:18:48,20,22,5564,11580
2023-12-05 10:18:48,20,23,5564,11580
2023-12-05 10:19:16,20,22,5564,11580
2023-12-05 10:19:17,19,22,5564,11580
2023-12-05 10:19:23,19,21,5564,11580
2023-12-05 10:19:30,18,21,5564,11580
2023-12-05 10:19:31,19,21,5564,11580
2023-12-05 10:19:36,18,21,5564,11580
2023-12-05 10:19:53,18,20,5564,11580
2023-12-05 10:19:54,17,20,5564,11580
2023-12-05 10:20:06,17,19,5564,11580
2023-12-05 10:20:11,17,18,5564,11580
2023-12-05 10:20:25,16,18,5564,11580
2023-12-05 10:20:39,16,17,5564,11580
2023-12-05 10:20:42,15,17,5564,11780
2023-12-05 10:21:06,15,18,5564,11780
2023-12-05 10:21:13,16,18,5564,11780
2023-12-05 10:21:15,15,18,5564,11780
2023-12-05 10:21:18,16,18,5564,11780
2023-12-05 10:21:19,15,18,5564,11780
2023-12-05 10:21:24,15,17,5564,11780
2023-12-05 10:21:41,15,18,5564,11780
2023-12-05 10:21:49,15,17,5564,11780
2023-12-05 10:22:10,15,16,5564,11780
2023-12-05 10:22:11,14,16,5564,11780
2023-12-05 10:22:21,14,15,5564,11780
2023-12-05 10:22:21,13,15,5564,11980
2023-12-05 10:22:36,12,15,5564,11980
2023-12-05 10:22:36,12,14,5564,11980
2023-12-05 10:22:41,12,13,5564,11980
2023-12-05 10:22:44,11,13,5564,12230
2023-12-05 10:22:58,11,14,5564,12230
2023-12-05 10:23:00,12,14,5564,12230
2023-12-05 10:23:00,13,14,5564,12230
2023-12-05 10:23:00,13,15,5564,12230
2023-12-05 10:23:00,13,15,5624,12290
2023-12-05 10:23:02,13,16,5624,12290
2023-12-05 10:23:02,14,16,5624,12290
2023-12-05 10:23:07,15,16,5624,12290
2023-12-05 10:23:07,15,17,5624,12290
2023-12-05 10:23:13,16,17,5624,12290
2023-12-05 10:23:15,15,17,5624,12290
2023-12-05 10:23:19,16,17,5624,12290
2023-12-05 10:23:21,16,18,5624,12290
2023-12-05 10:23:23,16,17,5624,12290
2023-12-05 10:23:23,15,17,5624,12290
2023-12-05 10:23:24,15,18,5624,12290
2023-12-05 10:23:25,15,17,5624,12290
2023-12-05 10:23:32,14,17,5624,12290
2023-12-05 10:24:58,13,16,5624,12290
2023-12-05 10:25:03,13,15,5624,12290
2023-12-05 10:25:06,13,16,5624,12290
2023-12-05 10:25:08,14,16,5624,12290
2023-12-05 10:25:11,13,16,5624,12290
2023-12-05 10:25:12,14,16,5624,12290
2023-12-05 10:25:34,15,16,5624,12290
2023-12-05 10:25:34,14,17,6224,12890
2023-12-05 10:25:35,14,16,6224,12890
2023-12-05 10:25:37,14,17,6224,12890
2023-12-05 10:25:40,15,17,6224,12890
2023-12-05 10:25:41,15,16,6224,12890
2023-12-05 10:25:46,14,16,6224,12890
2023-12-05 10:25:49,15,16,6224,12890
2023-12-05 10:25:52,15,16,6574,13240
2023-12-05 10:25:54,15,16,6774,13440
2023-12-05 10:25:56,15,16,7124,13790
2023-12-05 10:25:59,15,18,7224,13890
2023-12-05 10:25:59,16,18,7224,13890
2023-12-05 10:26:20,17,18,7224,13890
2023-12-05 10:26:21,17,19,7224,13890
2023-12-05 10:26:22,18,19,7224,13890
2023-12-05 10:26:22,18,20,7224,13890
2023-12-05 10:26:31,19,20,7224,13890
2023-12-05 10:26:31,19,21,7224,13890
2023-12-05 10:26:32,18,21,7224,13890
2023-12-05 10:26:38,19,21,7224,13890
2023-12-05 10:26:39,19,20,7224,13890
2023-12-05 10:26:40,19,21,7224,13890
2023-12-05 10:26:40,18,21,7224,13890
2023-12-05 10:26:40,20,21,7224,13890
2023-12-05 10:26:40,18,21,7224,13890
2023-12-05 10:26:40,20,21,7224,13890
2023-12-05 10:26:40,18,21,7224,13890
2023-12-05 10:26:40,20,21,7224,13890
2023-12-05 10:26:41,19,21,7224,13890
2023-12-05 10:26:42,20,21,7224,13890
2023-12-05 10:26:42,19,21,7224,13890
2023-12-05 10:26:43,18,21,7224,13890
2023-12-05 10:26:43,20,21,7224,13890
2023-12-05 10:26:43,18,21,7224,13890
2023-12-05 10:26:44,19,21,7224,13890
2023-12-05 10:26:44,20,21,7224,13890
2023-12-05 10:26:44,20,21,7224,14240
2023-12-05 10:26:45,20,22,7224,14240
2023-12-05 10:26:46,20,21,7224,14240
2023-12-05 10:26:47,20,22,7224,14240
2023-12-05 10:26:52,20,23,7224,14240
2023-12-05 10:26:52,21,23,7224,14240
2023-12-05 10:26:53,21,24,7224,14240
2023-12-05 10:26:53,22,24,7224,14240
2023-12-05 10:26:56,21,24,7224,14240
2023-12-05 10:26:56,21,23,7224,14240
2023-12-05 10:27:03,22,23,7224,14240
2023-12-05 10:27:04,22,23,7224,14590
2023-12-05 10:27:05,22,24,7224,14590
2023-12-05 10:27:18,22,23,7224,14590
2023-12-05 10:27:21,21,23,7224,14590
2023-12-05 10:27:24,21,24,7224,14590
2023-12-05 10:27:39,22,23,7224,14590
2023-12-05 10:27:40,21,23,7224,14590
2023-12-05 10:27:57,22,23,7224,14590
2023-12-05 10:27:58,22,24,7224,14590
2023-12-05 10:28:15,22,23,7224,14590
2023-12-05 10:28:16,21,23,7224,14590
2023-12-05 10:28:17,22,23,7224,14590
2023-12-05 10:28:23,22,24,7224,14590
2023-12-05 10:28:26,23,24,7224,14590
2023-12-05 10:28:26,23,24,7224,14940
2023-12-05 10:28:27,23,25,7224,14940
2023-12-05 10:28:28,23,24,7224,14940
2023-12-05 10:28:30,23,25,7224,14940
2023-12-05 10:28:31,23,24,7224,14940
2023-12-05 10:28:37,24,25,7124,15040
2023-12-05 10:28:37,24,25,7124,15100
2023-12-05 10:28:42,22,25,7124,15100
2023-12-05 10:28:49,22,25,7001,15540
2023-12-05 10:28:50,23,25,7001,15540
2023-12-05 10:28:53,22,25,7001,15540
2023-12-05 10:28:55,22,24,7001,15540
2023-12-05 10:29:02,21,24,7001,15540
2023-12-05 10:29:03,22,24,7001,15540
2023-12-05 10:29:08,22,23,7001,15540
2023-12-05 10:29:15,20,23,7001,15540
2023-12-05 10:29:15,21,23,7001,15540
2023-12-05 10:29:19,21,22,7001,15540
2023-12-05 10:29:25,20,21,7001,15540
2023-12-05 10:29:27,20,21,6724,16095
2023-12-05 10:29:28,20,22,6724,16095
2023-12-05 10:29:30,20,21,6724,16095
2023-12-05 10:29:31,19,21,6724,16095
2023-12-05 10:29:35,18,21,6724,16095
2023-12-05 10:29:41,18,20,6724,16095
2023-12-05 10:29:47,18,20,6724,16445
2023-12-05 10:29:48,17,20,6724,16445
2023-12-05 10:29:48,17,19,6724,16445
2023-12-05 10:29:51,17,19,6724,16445
2023-12-05 10:29:56,16,19,6724,16445
2023-12-05 10:30:01,16,17,6724,16445
2023-12-05 10:30:04,16,18,6724,16445
2023-12-05 10:30:06,16,19,6724,16445
2023-12-05 10:30:06,16,18,6724,16445
2023-12-05 10:30:09,15,18,6684,16685
2023-12-05 10:30:10,15,17,6684,16685
2023-12-05 10:30:19,14,17,6684,16885
2023-12-05 10:30:20,14,16,6684,16885
2023-12-05 10:30:31,15,16,6684,16885
2023-12-05 10:30:33,15,17,6684,16885
2023-12-05 10:30:37,14,17,6684,16885
2023-12-05 10:30:41,14,16,6684,16885
2023-12-05 10:30:43,14,15,6684,16885
2023-12-05 10:30:45,14,16,6684,16885
2023-12-05 10:30:47,14,15,6684,16885
2023-12-05 10:30:51,14,16,6684,16885
2023-12-05 10:30:54,14,15,6684,16885
2023-12-05 10:31:03,14,16,6684,16885
2023-12-05 10:31:05,14,15,6684,16885
2023-12-05 10:31:09,13,15,6684,16885
2023-12-05 10:31:32,13,14,6684,16885
2023-12-05 10:31:33,13,15,6684,16885
2023-12-05 10:31:33,13,14,6684,16885
2023-12-05 10:31:34,13,15,6684,16885
2023-12-05 10:31:34,13,14,6684,16885
2023-12-05 10:31:35,13,15,6684,16885
2023-12-05 10:31:35,13,14,6684,16885
2023-12-05 10:31:36,13,15,6684,16885
2023-12-05 10:31:40,14,15,6684,16885
2023-12-05 10:31:45,13,15,6684,16885
2023-12-05 10:31:46,14,15,6684,16885
2023-12-05 10:31:49,13,15,6684,16885
2023-12-05 10:31:50,14,15,6684,16885
2023-12-05 10:31:51,13,15,6684,16885
2023-12-05 10:32:19,13,16,6684,16885
2023-12-05 10:32:23,14,16,6684,16885
2023-12-05 10:32:24,13,16,6684,16885
2023-12-05 10:32:25,14,16,6684,16885
2023-12-05 10:32:40,14,17,6684,16885
2023-12-05 10:32:40,14,16,6684,16885
2023-12-05 10:32:41,14,17,6684,16885
2023-12-05 10:32:43,14,16,6684,16885
2023-12-05 10:33:33,14,17,6684,16885
2023-12-05 10:33:36,15,17,6684,16885
2023-12-05 10:33:36,14,17,6684,16885
2023-12-05 10:33:38,15,17,6684,16885
2023-12-05 10:33:41,14,17,6684,16885
2023-12-05 10:33:43,14,16,6684,16885
2023-12-05 10:33:48,13,16,6684,16885
2023-12-05 10:34:01,14,16,6684,16885
2023-12-05 10:34:05,13,16,6684,16885
2023-12-05 10:34:05,14,16,6684,16885
2023-12-05 10:34:13,14,17,6684,16885
2023-12-05 10:34:14,14,16,6684,16885
2023-12-05 10:34:16,14,17,6684,16885
2023-12-05 10:34:21,15,17,6684,16885
2023-12-05 10:34:26,15,18,6684,16885
2023-12-05 10:34:28,15,17,6684,16885
2023-12-05 10:34:31,15,18,6684,16885
2023-12-05 10:34:34,16,18,6684,16885
2023-12-05 10:35:05,15,18,6684,16885
2023-12-05 10:35:07,16,18,6684,16885
2023-12-05 10:35:08,15,18,6684,16885
2023-12-05 10:35:10,16,18,6684,16885
2023-12-05 10:35:16,15,18,6684,16885
2023-12-05 10:35:22,16,18,6684,16885
2023-12-05 10:35:25,15,18,6684,16885
2023-12-05 10:35:27,15,17,6684,16885
2023-12-05 10:35:27,14,17,6684,16885
2023-12-05 10:35:36,14,16,6684,16885
2023-12-05 10:35:37,13,16,6684,16885
2023-12-05 10:35:55,14,16,6684,16885
2023-12-05 10:35:56,13,16,6684,16885
2023-12-05 10:36:02,14,16,6684,16885
2023-12-05 10:36:06,13,16,6684,16885
2023-12-05 10:36:07,14,16,6684,16885
2023-12-05 10:36:12,13,16,6684,16885
2023-12-05 10:36:18,14,16,6684,16885
2023-12-05 10:36:19,13,16,6684,16885
2023-12-05 10:36:19,14,16,6684,16885
2023-12-05 10:36:28,13,16,6684,16885
2023-12-05 10:36:31,14,16,6684,16885
2023-12-05 10:36:40,14,17,6684,16885
2023-12-05 10:36:42,15,17,6684,16885
2023-12-05 10:36:50,15,18,6684,16885
2023-12-05 10:36:59,15,17,6684,16885
2023-12-05 10:37:01,14,17,6684,16885
2023-12-05 10:37:08,15,17,6684,16885
2023-12-05 10:37:09,15,18,6684,16885
2023-12-05 10:37:10,15,17,6684,16885
2023-12-05 10:37:13,15,18,6684,16885
2023-12-05 10:37:15,15,17,6684,16885
2023-12-05 10:37:18,15,18,6684,16885
2023-12-05 10:37:26,16,18,6684,16885
2023-12-05 10:37:26,16,18,6684,16985
2023-12-05 10:37:27,15,18,6684,16985
2023-12-05 10:37:28,16,18,6684,16985
2023-12-05 10:37:30,15,18,6684,16985
2023-12-05 10:37:32,16,18,6684,16985
2023-12-05 10:37:35,15,18,6684,16985
2023-12-05 10:37:35,16,18,6684,16985
2023-12-05 10:37:47,15,18,6684,16985
2023-12-05 10:37:55,15,17,6684,16985
2023-12-05 10:37:58,14,17,6684,16985
2023-12-05 10:38:10,14,16,6684,16985
2023-12-05 10:38:12,13,16,6684,16985
2023-12-05 10:38:17,13,15,6684,16985
2023-12-05 10:38:31,13,14,6684,16985
2023-12-05 10:38:39,13,15,6684,16985
2023-12-05 10:39:04,13,14,6684,16985
2023-12-05 10:39:15,12,14,6684,16985
2023-12-05 10:39:31,12,13,6684,16985
2023-12-05 10:39:32,12,14,6684,16985
2023-12-05 10:40:21,12,15,6684,16985
2023-12-05 10:40:22,13,15,6684,16985
2023-12-05 10:40:24,12,15,6684,16985
2023-12-05 10:40:41,12,14,6684,16985
2023-12-05 10:40:44,12,15,6684,16985
2023-12-05 10:40:44,12,14,6684,16985
2023-12-05 10:40:46,12,15,6684,16985
2023-12-05 10:40:47,13,15,6684,16985
2023-12-05 10:40:56,12,15,6684,16985
2023-12-05 10:41:08,12,14,6684,16985
2023-12-05 10:41:23,12,15,6684,16985
2023-12-05 10:41:38,13,15,6684,16985
2023-12-05 10:41:55,14,15,6684,16985
2023-12-05 10:41:56,13,15,6684,16985
2023-12-05 10:41:57,14,15,6684,16985
2023-12-05 10:42:03,13,15,6684,16985
2023-12-05 10:42:04,14,15,6684,16985
2023-12-05 10:42:06,13,15,6684,16985
2023-12-05 10:42:11,12,15,6684,16985
2023-12-05 10:42:19,12,14,6684,16985
2023-12-05 10:42:50,12,13,6684,16985
2023-12-05 10:43:27,11,13,6884,17290
2023-12-05 10:43:28,12,13,6884,17290
2023-12-05 10:43:36,11,13,6884,17290
2023-12-05 10:43:37,11,12,6884,17290
2023-12-05 10:43:40,10,11,6884,17390
2023-12-05 10:43:50,9,11,6884,17540
2023-12-05 10:43:54,10,11,6884,17540
2023-12-05 10:43:55,9,11,6884,17540
2023-12-05 10:43:58,10,11,6884,17540
2023-12-05 10:43:59,9,11,6884,17540
2023-12-05 10:44:02,10,11,6884,17540
2023-12-05 10:44:15,9,11,6884,17540
2023-12-05 10:44:23,9,11,6886,17542
2023-12-05 10:44:56,10,11,6886,17542
2023-12-05 10:44:58,9,11,6886,17542
2023-12-05 10:45:07,9,10,6886,17542
2023-12-05 10:45:21,9,10,6784,17892
2023-12-05 10:45:21,8,9,6778,17898
2023-12-05 10:45:25,7,9,6778,17898
2023-12-05 10:45:36,7,9,6788,17908
2023-12-05 10:45:37,8,9,6788,17908
2023-12-05 10:45:57,8,9,6788,17961
2023-12-05 10:45:59,7,9,6788,17961
2023-12-05 10:45:59,8,9,6788,17961
2023-12-05 10:46:04,8,9,6438,18311
2023-12-05 10:46:06,7,9,6202,18547
2023-12-05 10:46:06,8,9,6202,18547
2023-12-05 10:46:09,8,9,5852,18897
2023-12-05 10:46:09,7,9,5852,18897
2023-12-05 10:46:09,8,9,5852,18897
2023-12-05 10:46:13,7,8,5693,19056
2023-12-05 10:46:14,7,9,5693,19056
2023-12-05 10:46:18,7,8,5693,19056
2023-12-05 10:46:31,7,8,5693,19176
2023-12-05 10:46:31,6,8,5693,19176
2023-12-05 10:46:35,6,7,5693,19176
2023-12-05 10:47:21,6,8,5693,19176
2023-12-05 10:47:21,7,8,5693,19176
2023-12-05 10:47:21,7,8,5693,19186
2023-12-05 10:47:25,6,8,5693,19186
2023-12-05 10:47:25,7,8,5693,19186
2023-12-05 10:47:36,7,9,5693,19186
2023-12-05 10:47:51,8,9,5693,19186
2023-12-05 10:48:00,7,9,5693,19186
2023-12-05 10:48:00,8,9,5693,19186
2023-12-05 10:48:24,7,9,5693,19186
2023-12-05 10:48:24,8,9,5693,19186
2023-12-05 10:48:31,7,9,5693,19186
2023-12-05 10:48:32,8,9,5693,19186
2023-12-05 10:48:34,7,9,5693,19186
2023-12-05 10:48:34,8,9,5693,19186
2023-12-05 10:48:35,6,9,5693,19186
2023-12-05 10:48:35,7,9,5693,19186
2023-12-05 10:48:41,8,9,5693,19186
2023-12-05 10:48:42,8,9,5493,19386
2023-12-05 10:48:54,6,9,5493,19386
2023-12-05 10:48:54,8,9,5493,19386
2023-12-05 10:48:58,6,9,5493,19386
2023-12-05 10:48:58,7,9,5493,19386
2023-12-05 10:48:59,7,8,5493,19386
2023-12-05 10:49:04,6,8,5493,19386
2023-12-05 10:49:17,6,7,5493,19386
2023-12-05 10:52:34,6,8,5493,19386
2023-12-05 10:52:34,7,8,5493,19386
2023-12-05 10:52:34,6,8,5493,19545
2023-12-05 10:52:34,7,8,5493,19545
2023-12-05 10:52:39,6,7,5328,19710
2023-12-05 10:52:40,6,8,5328,19710
2023-12-05 10:52:48,6,7,5328,19710
2023-12-05 10:52:50,6,7,5328,19910
2023-12-05 10:52:50,5,7,5378,19960
2023-12-05 10:53:11,5,6,5378,19960
2023-12-05 10:54:33,5,7,5378,19960
2023-12-05 10:54:50,6,7,5378,19960
2023-12-05 10:54:54,5,7,5378,19960
2023-12-05 10:54:54,6,7,5378,19960
2023-12-05 10:55:02,5,7,5378,19960
2023-12-05 10:55:31,5,6,5378,19960
2023-12-05 10:56:08,4,6,5378,19960
2023-12-05 10:56:09,5,6,5378,19960
2023-12-05 10:56:10,4,6,5378,19960
2023-12-05 10:56:17,5,6,5378,19960
2023-12-05 10:56:24,4,6,5378,19960
2023-12-05 10:56:24,5,6,5378,19960
2023-12-05 10:56:40,4,6,5378,19960
2023-12-05 10:56:48,5,6,5378,19960
2023-12-05 10:56:51,4,5,5378,20098
2023-12-05 11:00:06,4,5,5378,20298
2023-12-05 11:00:06,3,4,5428,20348
2023-12-05 11:04:08,3,4,5628,20548
2023-12-05 11:04:08,2,3,6363,21516
2023-12-05 11:09:57,2,3,6713,21866
2023-12-05 11:10:10,2,4,7395,22548
2023-12-05 11:13:06,3,4,7395,22548
2023-12-05 11:13:19,3,5,7465,22618
2023-12-05 11:13:35,4,5,7465,22618
2023-12-05 11:13:41,4,5,7815,22968
2023-12-05 11:13:41,4,5,8370,23523
2023-12-05 11:13:43,4,5,8720,23873
2023-12-05 11:13:46,4,6,9327,24480
2023-12-05 11:13:54,4,7,9327,24480
2023-12-05 11:13:55,5,7,9327,24480
2023-12-05 11:13:57,6,7,9327,24480
2023-12-05 11:14:04,6,8,9327,24480
2023-12-05 11:15:10,7,8,9327,24480
2023-12-05 11:15:11,7,9,9327,24480
2023-12-05 11:15:14,8,9,9327,24480
2023-12-05 11:15:14,8,10,9327,24480
2023-12-05 11:15:21,9,10,9327,24480
2023-12-05 11:15:22,9,11,9327,24480
2023-12-05 11:15:36,8,11,9327,24480
2023-12-05 11:15:49,8,10,9327,24480
2023-12-05 11:15:50,8,11,9327,24480
2023-12-05 11:16:05,8,10,9327,24480
2023-12-05 11:16:11,7,10,9327,24480
2023-12-05 11:16:31,8,10,9327,24480
2023-12-05 11:16:31,8,11,9327,24480
2023-12-05 11:16:56,9,11,9327,24480
2023-12-05 11:17:02,9,12,9327,24480
2023-12-05 11:17:03,11,12,9327,24480
2023-12-05 11:17:03,11,13,9327,24480
2023-12-05 11:17:08,12,13,9327,24480
2023-12-05 11:17:08,12,14,9327,24480
2023-12-05 11:17:15,13,14,9327,24480
2023-12-05 11:17:16,13,15,9327,24480
2023-12-05 11:17:19,14,15,9327,24480
2023-12-05 11:17:20,14,15,9327,24540
2023-12-05 11:17:20,14,15,9677,24890
2023-12-05 11:17:21,14,15,9877,25090
2023-12-05 11:17:21,14,15,9877,25210
2023-12-05 11:17:22,14,16,10147,25480
2023-12-05 11:17:24,15,16,10147,25480
2023-12-05 11:17:26,15,17,10147,25480
2023-12-05 11:18:02,14,17,10147,25480
2023-12-05 11:18:02,14,16,10147,25480
2023-12-05 11:18:13,14,17,10147,25480
2023-12-05 11:18:17,14,16,10147,25480
2023-12-05 11:18:24,14,17,10147,25480
2023-12-05 11:18:38,14,16,10147,25480
2023-12-05 11:18:40,14,17,10147,25480
2023-12-05 11:18:46,14,16,10147,25480
2023-12-05 11:18:50,15,16,10147,25480
2023-12-05 11:18:50,15,17,10147,25480
2023-12-05 11:18:57,15,18,10147,25480
2023-12-05 11:19:00,16,18,10147,25480
2023-12-05 11:19:04,16,19,10147,25480
2023-12-05 11:19:06,17,19,10147,25480
2023-12-05 11:19:14,18,19,10147,25480
2023-12-05 11:19:14,18,20,10147,25480
2023-12-05 11:19:28,19,20,10147,25480
2023-12-05 11:19:28,19,21,10147,25480
2023-12-05 11:19:37,20,21,10147,25480
2023-12-05 11:19:41,21,22,10147,25480
2023-12-05 11:19:41,21,23,10147,25480
2023-12-05 11:19:45,21,24,10166,25699
2023-12-05 11:19:46,22,24,10166,25699
2023-12-05 11:19:49,21,24,10166,25699
2023-12-05 11:19:57,21,23,10166,25699
2023-12-05 11:20:02,21,24,10166,25699
2023-12-05 11:20:03,21,23,10166,25699
2023-12-05 11:20:04,20,23,10166,25699
2023-12-05 11:20:07,20,23,10166,26004
2023-12-05 11:20:11,20,22,10166,26004
2023-12-05 11:20:12,21,22,10166,26004
2023-12-05 11:20:13,20,22,10166,26004
2023-12-05 11:20:16,21,22,10166,26004
2023-12-05 11:20:17,20,22,10166,26004
2023-12-05 11:20:18,21,22,10166,26004
2023-12-05 11:20:20,20,22,10166,26004
2023-12-05 11:20:20,20,21,10166,26004
2023-12-05 11:20:22,20,23,10166,26004
2023-12-05 11:20:22,21,23,10166,26004
2023-12-05 11:20:22,21,22,10166,26004
2023-12-05 11:20:25,21,23,10166,26004
2023-12-05 11:20:25,21,23,10166,26004
2023-12-05 11:20:30,22,23,10166,26004
2023-12-05 11:20:34,23,25,10308,26146
2023-12-05 11:20:34,22,25,10366,26204
2023-12-05 11:20:34,22,24,10366,26204
2023-12-05 11:20:34,23,24,10366,26204
2023-12-05 11:20:34,23,25,10366,26204
2023-12-05 11:20:35,23,25,10366,26299
2023-12-05 11:20:36,24,25,10366,26299
2023-12-05 11:20:47,23,25,10366,26299
2023-12-05 11:21:11,22,25,10366,26299
2023-12-05 11:21:13,22,24,10366,26299
2023-12-05 11:21:21,22,23,10366,26299
2023-12-05 11:21:23,21,24,10366,26299
2023-12-05 11:21:33,21,23,10366,26299
2023-12-05 11:21:33,21,22,10366,26299
2023-12-05 11:21:33,21,23,10366,26299
2023-12-05 11:21:33,21,22,10366,26299
2023-12-05 11:21:36,20,22,10366,26299
2023-12-05 11:21:36,20,23,10366,26299
2023-12-05 11:21:40,20,22,10366,26299
2023-12-05 11:21:41,20,23,10366,26299
2023-12-05 11:21:49,20,22,10366,26299
2023-12-05 11:21:50,20,23,10366,26299
2023-12-05 11:21:50,20,21,10366,26299
2023-12-05 11:22:31,19,21,10366,26299
2023-12-05 11:22:33,19,20,10366,26299
2023-12-05 11:22:34,19,22,10366,26299
2023-12-05 11:22:34,19,21,10366,26299
2023-12-05 11:22:40,19,20,10366,26299
2023-12-05 11:22:45,19,20,10366,26499
2023-12-05 11:22:45,19,22,10366,26499
2023-12-05 11:22:45,19,21,10366,26499
2023-12-05 11:23:03,20,21,10366,26499
2023-12-05 11:23:05,20,23,10366,26499
2023-12-05 11:23:05,20,22,10366,26499
2023-12-05 11:23:07,21,22,10366,26499
2023-12-05 11:23:07,21,23,10366,26499
2023-12-05 11:23:09,20,23,10366,26499
2023-12-05 11:23:15,20,22,10366,26499
2023-12-05 11:23:16,19,22,10366,26499
2023-12-05 11:23:17,20,22,10366,26499
2023-12-05 11:23:18,19,22,10366,26499
2023-12-05 11:23:21,20,22,10366,26499
2023-12-05 11:23:27,19,22,10366,26499
2023-12-05 11:23:27,19,21,10366,26499
2023-12-05 11:23:28,20,21,10366,26499
2023-12-05 11:23:29,19,21,10366,26499
2023-12-05 11:23:30,20,21,10366,26499
2023-12-05 11:23:31,19,21,10366,26499
2023-12-05 11:23:33,20,21,10366,26499
2023-12-05 11:23:34,19,21,10366,26499
2023-12-05 11:23:41,19,20,10366,26499
2023-12-05 11:23:46,18,20,10366,26499
2023-12-05 11:23:55,18,19,10366,26499
2023-12-05 11:24:02,17,19,10366,26699
2023-12-05 11:24:03,17,18,10366,26699
2023-12-05 11:24:06,17,19,10366,26699
2023-12-05 11:24:06,17,18,10366,26699
2023-12-05 11:24:09,17,18,10516,26849
2023-12-05 11:24:18,17,19,10516,26849
2023-12-05 11:24:18,17,18,10516,26849
2023-12-05 11:24:28,17,19,10516,26849
2023-12-05 11:24:29,18,19,10516,26849
2023-12-05 11:24:37,17,19,10516,26849
2023-12-05 11:24:37,17,18,10516,26849
2023-12-05 11:24:41,17,19,10516,26849
2023-12-05 11:24:41,17,18,10516,26849
2023-12-05 11:24:48,17,19,10516,26849
2023-12-05 11:24:48,17,18,10516,26849
2023-12-05 11:24:50,17,19,10516,26849
2023-12-05 11:24:50,18,19,10516,26849
2023-12-05 11:25:02,18,20,10516,26849
2023-12-05 11:25:02,19,20,10516,26849
2023-12-05 11:25:21,18,20,10516,26849
2023-12-05 11:25:25,17,20,10516,26849
2023-12-05 11:25:25,17,19,10516,26849
2023-12-05 11:25:26,18,19,10516,26849
2023-12-05 11:25:27,17,19,10516,26849
2023-12-05 11:25:32,18,19,10516,26849
2023-12-05 11:25:33,18,20,10516,26849
2023-12-05 11:25:38,18,19,10516,26849
2023-12-05 11:25:50,17,19,10516,26849
2023-12-05 11:25:50,17,18,10516,26849
2023-12-05 11:25:52,17,19,10516,26849
2023-12-05 11:25:52,17,18,10516,26849
2023-12-05 11:25:53,17,19,10516,26849
2023-12-05 11:25:54,17,18,10516,26849
2023-12-05 11:25:55,17,19,10516,26849
2023-12-05 11:25:55,17,18,10516,26849
2023-12-05 11:25:56,17,19,10516,26849
2023-12-05 11:25:56,18,19,10516,26849
2023-12-05 11:25:56,18,19,10411,27032
2023-12-05 11:25:58,17,19,10411,27032
2023-12-05 11:25:58,17,18,10411,27032
2023-12-05 11:26:07,16,18,10411,27032
2023-12-05 11:26:18,16,17,10411,27032
2023-12-05 11:26:20,16,18,10411,27032
2023-12-05 11:26:22,16,17,10411,27032
2023-12-05 11:26:25,15,17,10411,27032
2023-12-05 11:26:31,15,16,10411,27032
2023-12-05 11:26:32,14,16,10411,27032
2023-12-05 11:26:35,14,15,10411,27032
2023-12-05 11:26:41,13,15,10411,27032
2023-12-05 11:26:52,13,14,10411,27032
2023-12-05 11:26:53,13,15,10411,27032
2023-12-05 11:26:54,13,14,10411,27032
2023-12-05 11:26:54,13,15,10411,27032
2023-12-05 11:26:55,13,14,10411,27032
2023-12-05 11:26:57,12,14,10384,27059
2023-12-05 11:27:12,12,13,10384,27059
2023-12-05 11:27:15,12,15,10384,27059
2023-12-05 11:27:15,12,14,10384,27059
2023-12-05 11:27:21,13,14,10384,27059
2023-12-05 11:27:23,12,14,10384,27059
2023-12-05 11:27:27,12,13,10384,27059
2023-12-05 11:27:28,12,14,10384,27059
2023-12-05 11:27:29,12,13,10384,27059
2023-12-05 11:27:30,12,14,10384,27059
2023-12-05 11:27:33,12,13,10384,27059
2023-12-05 11:27:34,12,14,10384,27059
2023-12-05 11:27:36,12,13,10384,27059
2023-12-05 11:27:37,12,14,10384,27059
2023-12-05 11:27:38,12,13,10384,27059
2023-12-05 11:27:39,12,14,10384,27059
2023-12-05 11:27:39,12,13,10384,27059
2023-12-05 11:27:40,12,14,10384,27059
2023-12-05 11:27:40,12,13,10384,27059
2023-12-05 11:27:44,12,14,10384,27059
2023-12-05 11:27:44,12,13,10384,27059
2023-12-05 11:27:54,12,14,10384,27059
2023-12-05 11:27:55,12,13,10384,27059
2023-12-05 11:27:57,12,14,10384,27059
2023-12-05 11:28:06,12,13,10384,27059
2023-12-05 11:28:14,12,14,10384,27059
2023-12-05 11:28:15,12,13,10384,27059
2023-12-05 11:28:18,12,14,10384,27059
2023-12-05 11:28:48,12,13,10384,27059
2023-12-05 11:28:49,12,14,10384,27059
2023-12-05 11:28:56,12,13,10384,27059
2023-12-05 11:28:58,12,14,10384,27059
2023-12-05 11:28:59,12,13,10384,27059
2023-12-05 11:29:00,12,14,10384,27059
2023-12-05 11:29:01,12,13,10384,27059
2023-12-05 11:29:03,12,14,10384,27059
2023-12-05 11:29:12,12,15,10384,27059
2023-12-05 11:29:20,12,14,10384,27059
2023-12-05 11:29:46,12,15,10384,27059
2023-12-05 11:29:46,12,14,10384,27059
2023-12-05 11:29:56,12,15,10384,27059
2023-12-05 11:29:56,12,14,10384,27059
2023-12-05 11:29:59,12,15,10384,27059
2023-12-05 11:30:15,12,14,10384,27059
2023-12-05 11:30:20,12,15,10384,27059
2023-12-05 11:30:20,12,14,10384,27059
2023-12-05 11:30:24,12,13,10384,27059
2023-12-05 11:30:24,11,13,10384,27059
2023-12-05 11:30:49,11,12,10384,27059
2023-12-05 11:30:53,11,13,10384,27059
2023-12-05 11:30:55,11,12,10384,27059
2023-12-05 11:30:57,11,13,10384,27059
2023-12-05 11:30:58,11,12,10384,27059
2023-12-05 11:31:01,11,13,10384,27059
2023-12-05 11:31:01,11,12,10384,27059
2023-12-05 11:31:05,10,12,10384,27259
2023-12-05 11:32:07,10,11,10384,27259
2023-12-05 11:32:08,10,12,10384,27259
2023-12-05 11:32:18,10,11,10384,27259
2023-12-05 11:32:22,9,11,10384,27259
2023-12-05 11:32:22,10,11,10384,27259
2023-12-05 11:32:22,9,11,10384,27259
2023-12-05 11:32:23,10,11,10384,27259
2023-12-05 11:32:23,9,11,10384,27259
2023-12-05 11:32:34,8,11,10384,27259
2023-12-05 11:32:34,8,10,10384,27259
2023-12-05 11:33:13,8,11,10384,27259
2023-12-05 11:33:15,8,10,10384,27259
2023-12-05 11:33:20,9,10,10384,27259
2023-12-05 11:33:20,8,10,10384,27259
2023-12-05 11:33:20,9,10,10384,27259
2023-12-05 11:33:30,8,10,10384,27259
2023-12-05 11:33:32,9,10,10384,27259
2023-12-05 11:33:33,8,10,10384,27259
2023-12-05 11:33:46,9,10,10384,27259
2023-12-05 11:34:23,8,10,10384,27259
2023-12-05 11:34:24,9,10,10384,27259
2023-12-05 11:34:30,8,10,10384,27259
2023-12-05 11:34:30,9,10,10384,27259
2023-12-05 11:34:44,8,10,10384,27259
2023-12-05 11:34:44,9,10,10384,27259
2023-12-05 11:34:51,9,11,10384,27259
2023-12-05 11:34:56,9,12,10384,27259
2023-12-05 11:34:56,10,12,10384,27259
2023-12-05 11:35:04,9,12,10384,27259
2023-12-05 11:35:05,9,11,10384,27259
2023-12-05 11:35:15,8,11,10384,27259
2023-12-05 11:35:19,8,10,10384,27259
2023-12-05 11:35:40,9,10,10384,27259
2023-12-05 11:35:44,9,11,10384,27259
2023-12-05 11:35:47,9,10,10384,27259
2023-12-05 11:35:47,8,10,10384,27259
2023-12-05 11:35:49,8,9,10384,27259
2023-12-05 11:36:31,8,11,10384,27259
2023-12-05 11:36:31,9,11,10384,27259
2023-12-05 11:36:46,8,11,10384,27259
2023-12-05 11:36:52,9,11,10384,27259
2023-12-05 11:36:53,8,11,10384,27259
2023-12-05 11:36:55,9,11,10384,27259
2023-12-05 11:37:12,9,12,10384,27259
2023-12-05 11:37:27,10,12,10384,27259
2023-12-05 11:37:55,11,12,10384,27259
2023-12-05 11:38:16,9,12,10384,27259
2023-12-05 11:38:16,10,12,10384,27259
2023-12-05 11:38:17,9,12,10384,27259
2023-12-05 11:38:18,10,12,10384,27259
2023-12-05 11:38:22,9,12,10384,27259
2023-12-05 11:38:23,10,12,10384,27259
2023-12-05 11:38:33,10,11,10384,27259
2023-12-05 11:38:36,10,12,10384,27259
2023-12-05 11:38:56,9,12,10384,27259
2023-12-05 11:38:59,9,11,10384,27259
2023-12-05 11:39:05,8,11,10384,27259
2023-12-05 11:39:12,9,11,10384,27259
2023-12-05 11:39:18,9,10,10384,27259
2023-12-05 11:39:18,8,10,10384,27259
2023-12-05 11:39:39,9,10,10384,27259
2023-12-05 11:39:41,8,10,10384,27259
2023-12-05 11:39:41,9,10,10384,27259
2023-12-05 11:39:46,8,10,10384,27259
2023-12-05 11:39:55,9,10,10384,27259
2023-12-05 11:40:03,8,10,10384,27259
2023-12-05 11:40:03,9,10,10384,27259
2023-12-05 11:40:04,8,10,10384,27259
2023-12-05 11:40:15,9,10,10384,27259
2023-12-05 11:40:17,8,10,10384,27259
2023-12-05 11:40:31,8,9,10384,27259
2023-12-05 11:40:31,7,9,10384,27259
2023-12-05 11:40:34,8,9,10384,27259
2023-12-05 11:40:37,8,10,10384,27259
2023-12-05 11:40:37,8,9,10384,27259
2023-12-05 11:40:51,7,9,10384,27259
2023-12-05 11:40:51,8,9,10384,27259
2023-12-05 11:40:53,7,9,10384,27259
2023-12-05 11:40:57,8,9,10384,27259
2023-12-05 11:41:06,7,9,10384,27259
2023-12-05 11:41:07,8,9,10384,27259
2023-12-05 11:41:10,7,9,10384,27259
2023-12-05 11:41:10,8,9,10384,27259
2023-12-05 11:41:23,7,9,10384,27259
2023-12-05 11:41:23,8,9,10384,27259
2023-12-05 11:41:30,7,9,10384,27259
2023-12-05 11:41:31,8,9,10384,27259
2023-12-05 11:41:33,7,9,10384,27259
2023-12-05 11:41:33,8,9,10384,27259
2023-12-05 11:41:36,7,9,10384,27259
2023-12-05 11:41:36,8,9,10384,27259
2023-12-05 11:41:49,7,9,10384,27259
2023-12-05 11:41:49,8,9,10384,27259
2023-12-05 11:41:57,7,9,10384,27259
2023-12-05 11:41:57,8,9,10384,27259
2023-12-05 11:42:01,7,9,10384,27259
2023-12-05 11:42:02,8,9,10384,27259
2023-12-05 11:42:05,7,9,10384,27259
2023-12-05 11:42:05,8,9,10384,27259
2023-12-05 11:42:18,8,10,10384,27259
2023-12-05 11:42:21,8,9,10384,27259
2023-12-05 11:42:22,8,10,10384,27259
2023-12-05 11:42:23,8,9,10384,27259
2023-12-05 11:42:38,8,10,10384,27259
2023-12-05 11:42:38,9,10,10384,27259
2023-12-05 11:42:40,8,10,10384,27259
2023-12-05 11:42:40,9,10,10384,27259
2023-12-05 11:42:50,8,10,10384,27259
2023-12-05 11:42:50,9,10,10384,27259
2023-12-05 11:42:54,8,10,10384,27259
2023-12-05 11:42:54,9,10,10384,27259
2023-12-05 11:43:23,9,11,10384,27259
2023-12-05 11:43:23,10,11,10384,27259
2023-12-05 11:43:41,10,12,10384,27259
2023-12-05 11:43:45,10,11,10384,27259
2023-12-05 11:43:46,10,12,10384,27259
2023-12-05 11:44:13,10,11,10384,27259
2023-12-05 11:44:13,9,11,10384,27259
2023-12-05 11:44:16,8,11,10384,27259
2023-12-05 11:44:16,8,10,10384,27259
2023-12-05 11:44:28,8,11,10384,27259
2023-12-05 11:44:29,9,11,10384,27259
2023-12-05 11:44:35,10,11,10384,27259
2023-12-05 11:44:39,9,11,10384,27259
2023-12-05 11:44:40,10,11,10384,27259
2023-12-05 11:44:48,8,10,10306,27444
2023-12-05 11:44:48,9,10,10306,27444
2023-12-05 11:44:49,9,11,10306,27444
2023-12-05 11:44:51,8,11,10306,27444
2023-12-05 11:44:51,9,11,10306,27444
2023-12-05 11:44:52,8,11,10306,27444
2023-12-05 11:45:05,9,11,10306,27444
2023-12-05 11:45:35,10,11,10306,27444
2023-12-05 11:45:41,9,11,10306,27444
2023-12-05 11:45:41,10,11,10306,27444
2023-12-05 11:45:43,10,12,10306,27444
2023-12-05 11:45:49,10,11,10306,27444
2023-12-05 11:45:56,10,12,10306,27444
2023-12-05 11:46:11,9,12,10306,27444
2023-12-05 11:46:14,9,11,10306,27444
2023-12-05 11:46:15,9,12,10306,27444
2023-12-05 11:46:16,9,11,10306,27444
2023-12-05 11:46:22,9,12,10306,27444
2023-12-05 11:46:26,10,12,10306,27444
2023-12-05 11:46:44,9,12,10306,27444
2023-12-05 11:46:44,10,12,10306,27444
2023-12-05 11:46:47,10,11,10306,27444
2023-12-05 11:46:47,9,11,10306,27444
2023-12-05 11:46:51,10,11,10306,27444
2023-12-05 11:46:52,10,12,10306,27444
2023-12-05 11:46:56,10,11,10306,27444
2023-12-05 11:47:05,8,11,10306,27444
2023-12-05 11:47:05,9,11,10306,27444
2023-12-05 11:47:07,8,11,10306,27444
2023-12-05 11:47:08,8,10,10306,27444
2023-12-05 11:47:13,8,11,10306,27444
2023-12-05 11:47:15,8,10,10306,27444
2023-12-05 11:47:19,8,9,10306,27444
2023-12-05 11:47:19,7,9,10306,27444
2023-12-05 11:47:41,8,9,10306,27444
2023-12-05 11:47:43,7,9,10306,27444
2023-12-05 11:47:44,8,9,10306,27444
2023-12-05 11:47:44,7,9,10306,27444
2023-12-05 11:47:46,8,9,10306,27444
2023-12-05 11:47:54,7,9,10306,27444
2023-12-05 11:47:54,8,9,10306,27444
2023-12-05 11:47:57,7,9,10306,27444
2023-12-05 11:47:57,8,9,10306,27444
2023-12-05 11:48:12,8,10,10306,27444
2023-12-05 11:48:15,8,11,10306,27444
2023-12-05 11:48:19,8,10,10306,27444
2023-12-05 11:48:26,9,10,10306,27444
2023-12-05 11:48:47,8,10,10306,27444
2023-12-05 11:48:58,7,10,10306,27444
2023-12-05 11:48:58,8,10,10306,27444
2023-12-05 11:49:03,9,10,10306,27444
2023-12-05 11:49:04,8,10,10306,27444
2023-12-05 11:49:05,9,10,10306,27444
2023-12-05 11:49:06,8,10,10306,27444
2023-12-05 11:49:07,9,10,10306,27444
2023-12-05 11:49:08,8,10,10306,27444
2023-12-05 11:49:15,8,11,10306,27444
2023-12-05 11:49:15,9,11,10306,27444
2023-12-05 11:49:16,8,11,10306,27444
2023-12-05 11:49:18,9,11,10306,27444
2023-12-05 11:49:22,8,11,10306,27444
2023-12-05 11:49:24,8,10,10306,27444
2023-12-05 11:49:45,9,10,10306,27444
2023-12-05 11:49:50,8,10,10306,27444
2023-12-05 11:49:53,9,10,10306,27444
2023-12-05 11:49:54,8,10,10306,27444
2023-12-05 11:49:54,9,10,10306,27444
2023-12-05 11:50:07,9,11,10306,27444
2023-12-05 11:50:16,9,12,10306,27444
2023-12-05 11:50:23,10,12,10306,27444
2023-12-05 11:50:27,9,12,10306,27444
2023-12-05 11:50:30,10,12,10306,27444
2023-12-05 11:50:42,10,11,10306,27444
2023-12-05 11:50:46,9,11,10306,27444
2023-12-05 11:50:52,10,11,10306,27444
2023-12-05 11:50:55,9,11,10306,27444
2023-12-05 11:50:56,10,11,10306,27444
2023-12-05 11:51:05,10,12,10306,27444
2023-12-05 11:51:06,10,11,10306,27444
2023-12-05 11:51:07,10,12,10306,27444
2023-12-05 11:51:09,9,12,10306,27444
2023-12-05 11:51:09,10,12,10306,27444
2023-12-05 11:51:22,9,12,10306,27444
2023-12-05 11:51:22,10,12,10306,27444
2023-12-05 11:51:33,10,11,10306,27444
2023-12-05 11:51:34,9,11,10306,27444
2023-12-05 11:51:50,10,11,10306,27444
2023-12-05 11:51:57,10,12,10306,27444
2023-12-05 11:52:01,11,12,10306,27444
2023-12-05 11:52:01,11,13,10306,27444
2023-12-05 11:52:02,12,13,10306,27444
2023-12-05 11:52:03,12,14,10306,27444
2023-12-05 11:52:04,13,14,10306,27444
2023-12-05 11:52:07,13,15,10306,27444
2023-12-05 11:52:12,14,15,10306,27444
2023-12-05 11:52:26,13,15,10306,27444
2023-12-05 11:52:27,14,15,10306,27444
2023-12-05 11:52:35,14,16,10306,27444
2023-12-05 11:52:43,15,16,10306,27444
2023-12-05 11:52:47,15,17,10306,27644
2023-12-05 11:52:50,16,17,10306,27644
2023-12-05 11:52:52,16,18,10306,27844
2023-12-05 11:52:59,17,18,10306,27844
2023-12-05 11:53:00,17,19,10306,27844
2023-12-05 11:53:02,16,19,10306,27844
2023-12-05 11:53:08,17,19,10306,27844
2023-12-05 11:53:17,17,21,10306,27844
2023-12-05 11:53:18,18,21,10306,27844
2023-12-05 11:53:19,19,21,10306,27844
2023-12-05 11:53:20,19,22,10306,27844
2023-12-05 11:53:20,20,22,10306,27844
2023-12-05 11:53:34,20,24,10443,28581
2023-12-05 11:53:34,21,24,10443,28581
2023-12-05 11:53:35,22,24,10443,28581
2023-12-05 11:53:39,22,23,10443,28581
2023-12-05 11:53:41,22,24,10443,28581
2023-12-05 11:53:41,22,23,10443,28581
2023-12-05 11:53:43,21,23,10443,28581
2023-12-05 11:53:44,22,23,10443,28581
2023-12-05 11:53:51,22,24,10443,28581
2023-12-05 11:53:51,22,23,10443,28581
2023-12-05 11:53:52,22,24,10443,28581
2023-12-05 11:53:52,22,23,10443,28581
2023-12-05 11:53:53,22,24,10443,28581
2023-12-05 11:54:03,22,23,10443,28581
2023-12-05 11:54:04,23,25,10485,28730
2023-12-05 11:54:04,23,24,10485,28730
2023-12-05 11:54:07,23,25,10485,28730
2023-12-05 11:54:14,23,26,10485,28730
2023-12-05 11:54:14,24,26,10485,28730
2023-12-05 11:54:17,23,26,10485,28730
2023-12-05 11:54:20,23,25,10485,28730
2023-12-05 11:54:23,23,25,10485,28730
2023-12-05 11:54:23,23,26,10485,28730
2023-12-05 11:54:25,24,26,10485,28730
2023-12-05 11:54:26,25,26,10485,28730
2023-12-05 11:54:26,25,27,10485,28930
2023-12-05 11:54:27,24,27,10485,28930
2023-12-05 11:54:27,25,27,10485,28930
2023-12-05 11:54:27,26,28,10485,28930
2023-12-05 11:54:28,26,29,10485,28930
2023-12-05 11:54:28,27,29,10485,28930
2023-12-05 11:54:36,28,29,10485,28930
2023-12-05 11:54:36,28,30,10485,28930
2023-12-05 11:54:37,28,29,10485,28930
2023-12-05 11:54:40,27,29,10485,28930
2023-12-05 11:54:43,26,29,10485,28930
2023-12-05 11:54:49,27,29,10485,28930
2023-12-05 11:55:06,26,29,10485,28930
2023-12-05 11:55:08,26,28,10485,28930
2023-12-05 11:55:10,25,27,10485,28930
2023-12-05 11:55:10,24,27,10485,28930
2023-12-05 11:55:14,25,27,10485,28930
2023-12-05 11:55:15,24,27,10485,28930
2023-12-05 11:55:23,25,27,10485,28930
2023-12-05 11:55:24,25,28,10485,28930
2023-12-05 11:55:28,25,27,10485,28930
2023-12-05 11:55:29,25,28,10485,28930
2023-12-05 11:55:30,25,27,10485,28930
2023-12-05 11:55:31,25,28,10485,28930
2023-12-05 11:55:32,25,27,10485,28930
2023-12-05 11:55:34,25,28,10485,28930
2023-12-05 11:55:37,25,27,10485,28930
2023-12-05 11:55:37,24,27,10485,28930
2023-12-05 11:55:37,24,26,10485,28930
2023-12-05 11:55:41,23,26,10485,28930
2023-12-05 11:55:44,24,26,10485,28930
2023-12-05 11:55:44,25,26,10485,28930
2023-12-05 11:55:47,26,28,10485,28940
2023-12-05 11:55:48,25,28,10485,28940
2023-12-05 11:55:49,26,28,10485,28940
2023-12-05 11:55:50,26,29,10485,28940
2023-12-05 11:55:53,26,28,10485,28940
2023-12-05 11:55:56,26,29,10485,28940
2023-12-05 11:56:00,26,28,10485,28940
2023-12-05 11:56:02,26,29,10485,28940
2023-12-05 11:56:05,27,29,10485,28940
2023-12-05 11:56:05,27,28,10485,28940
2023-12-05 11:56:07,27,30,10485,28940
2023-12-05 11:56:07,27,29,10485,28940
2023-12-05 11:56:09,26,29,10485,28940
2023-12-05 11:56:28,26,28,10485,28940
2023-12-05 11:56:29,25,28,10485,28940
2023-12-05 11:56:34,25,27,10485,28940
2023-12-05 11:56:36,24,27,10485,28940
2023-12-05 11:56:37,24,26,10485,28940
2023-12-05 11:56:39,23,26,10485,28940
2023-12-05 11:56:44,23,25,10485,28940
2023-12-05 11:56:48,22,25,10485,28940
2023-12-05 11:56:50,22,24,10485,28940
2023-12-05 11:57:00,22,23,10485,28940
2023-12-05 11:57:01,21,23,10485,28940
2023-12-05 11:57:01,20,23,10485,28940
2023-12-05 11:57:02,20,22,10485,28940
2023-12-05 11:57:02,20,21,10485,28940
2023-12-05 11:57:04,20,22,10485,28940
2023-12-05 11:57:06,19,22,10358,29267
2023-12-05 11:57:08,20,22,10358,29267
2023-12-05 11:57:10,19,22,10358,29267
2023-12-05 11:57:17,19,21,10358,29267
2023-12-05 11:57:20,19,22,10358,29267
2023-12-05 11:57:20,19,20,10358,29267
2023-12-05 11:57:22,19,22,10358,29267
2023-12-05 11:57:25,19,21,10358,29267
2023-12-05 11:57:26,19,20,10358,29267
2023-12-05 11:57:28,19,21,10358,29267
2023-12-05 11:57:28,19,20,10358,29267
2023-12-05 11:57:30,18,20,10358,29467
2023-12-05 11:57:32,19,20,10358,29467
2023-12-05 11:57:32,19,22,10358,29467
2023-12-05 11:57:34,18,22,10358,29467
2023-12-05 11:57:35,18,21,10358,29467
2023-12-05 11:57:35,18,20,10358,29467
2023-12-05 11:57:41,19,20,10358,29467
2023-12-05 11:57:43,19,22,10358,29467
2023-12-05 11:57:43,19,21,10358,29467
2023-12-05 11:57:45,19,22,10358,29467
2023-12-05 11:57:46,19,21,10358,29467
2023-12-05 11:57:56,19,20,10358,29467
2023-12-05 11:57:58,19,22,10358,29467
2023-12-05 11:57:58,19,20,10358,29467
2023-12-05 11:57:59,18,20,10358,29467
2023-12-05 11:58:00,19,20,10358,29467
2023-12-05 11:58:00,19,22,10358,29467
2023-12-05 11:58:00,19,20,10358,29467
2023-12-05 11:58:05,18,20,10358,29467
2023-12-05 11:58:08,18,21,10358,29467
2023-12-05 11:58:08,18,20,10358,29467
2023-12-05 11:58:19,18,21,10358,29467
2023-12-05 11:58:19,18,20,10358,29467
2023-12-05 11:58:29,18,21,10358,29467
2023-12-05 11:58:30,19,21,10358,29467
2023-12-05 11:58:31,19,22,10358,29467
2023-12-05 11:58:45,19,21,10358,29467
2023-12-05 11:58:59,19,22,10358,29467
2023-12-05 11:58:59,19,21,10358,29467
2023-12-05 11:59:11,18,21,10358,29467
2023-12-05 11:59:13,19,21,10358,29467
2023-12-05 11:59:13,18,21,10358,29467
2023-12-05 11:59:14,19,21,10358,29467
2023-12-05 11:59:16,18,21,10358,29467
2023-12-05 11:59:25,18,20,10358,29467
2023-12-05 11:59:40,18,19,10358,29467
2023-12-05 11:59:47,16,19,10358,29667
2023-12-05 11:59:56,16,18,10358,29667
2023-12-05 12:00:08,15,18,10358,29667
2023-12-05 12:00:09,14,17,10358,29667
2023-12-05 12:00:09,14,16,10358,29667
2023-12-05 12:00:25,14,15,10358,29667
2023-12-05 12:00:25,13,15,10358,29667
2023-12-05 12:00:42,13,14,10358,29667
2023-12-05 12:00:47,13,15,10358,29667
2023-12-05 12:00:47,13,14,10358,29667
2023-12-05 12:01:01,13,15,10358,29667
2023-12-05 12:01:01,13,14,10358,29667
2023-12-05 12:01:06,13,15,10358,29667
2023-12-05 12:01:06,13,14,10358,29667
2023-12-05 12:01:13,13,15,10358,29667
2023-12-05 12:01:15,13,16,10358,29667
2023-12-05 12:01:18,13,15,10358,29667
2023-12-05 12:01:31,13,14,10358,29667
2023-12-05 12:01:32,13,15,10358,29667
2023-12-05 12:01:33,13,14,10358,29667
2023-12-05 12:01:37,13,15,10358,29667
2023-12-05 12:01:39,13,14,10358,29667
2023-12-05 12:01:49,13,15,10358,29667
2023-12-05 12:02:17,13,14,10358,29667
2023-12-05 12:02:17,13,15,10358,29667
2023-12-05 12:02:17,13,14,10358,29667
2023-12-05 12:02:19,12,14,10358,29667
2023-12-05 12:02:34,12,15,10358,29667
2023-12-05 12:02:37,13,15,10358,29667
2023-12-05 12:02:48,12,15,10358,29667
2023-12-05 12:03:00,13,15,10358,29667
2023-12-05 12:03:01,13,14,10358,29667
2023-12-05 12:03:02,13,15,10358,29667
2023-12-05 12:03:13,12,15,10358,29667
2023-12-05 12:03:20,13,15,10358,29667
2023-12-05 12:03:28,12,15,10358,29667
2023-12-05 12:03:37,12,14,10358,29667
2023-12-05 12:03:41,12,15,10358,29667
2023-12-05 12:03:43,12,14,10358,29667
2023-12-05 12:03:47,12,15,10358,29667
2023-12-05 12:03:48,12,14,10358,29667
2023-12-05 12:03:59,13,14,10358,29667
2023-12-05 12:04:00,12,14,10358,29667
2023-12-05 12:04:02,13,14,10358,29667
2023-12-05 12:04:05,12,14,10358,29667
2023-12-05 12:04:05,12,15,10358,29667
2023-12-05 12:04:05,12,14,10358,29667
2023-12-05 12:04:05,13,14,10358,29667
2023-12-05 12:04:06,12,14,10358,29667
2023-12-05 12:04:07,12,15,10358,29667
2023-12-05 12:04:07,12,14,10358,29667
2023-12-05 12:04:30,12,15,10358,29667
2023-12-05 12:04:30,12,14,10358,29667
2023-12-05 12:04:34,12,15,10358,29667
2023-12-05 12:04:34,12,14,10358,29667
2023-12-05 12:04:52,12,13,10358,29667
2023-12-05 12:04:52,12,14,10358,29667
2023-12-05 12:04:55,12,15,10358,29667
2023-12-05 12:04:55,12,14,10358,29667
2023-12-05 12:05:00,12,13,10358,29667
2023-12-05 12:05:01,12,14,10358,29667
2023-12-05 12:05:03,12,13,10358,29667
2023-12-05 12:05:05,12,14,10358,29667
2023-12-05 12:05:11,12,13,10358,29667
2023-12-05 12:05:13,12,14,10358,29667
2023-12-05 12:05:40,12,13,10358,29667
2023-12-05 12:05:46,12,14,10358,29667
2023-12-05 12:05:59,12,15,10358,29667
2023-12-05 12:05:59,12,14,10358,29667
2023-12-05 12:06:00,12,15,10358,29667
2023-12-05 12:06:10,12,14,10358,29667
2023-12-05 12:06:26,12,13,10358,29667
2023-12-05 12:06:28,11,13,10358,29667
2023-12-05 12:06:32,10,13,10358,29667
2023-12-05 12:06:44,11,13,10358,29667
2023-12-05 12:06:53,11,14,10358,29667
2023-12-05 12:07:03,11,13,10358,29667
2023-12-05 12:07:06,11,13,11005,30356
2023-12-05 12:07:13,11,14,11005,30356
2023-12-05 12:07:18,11,13,11005,30356
2023-12-05 12:07:19,11,14,11005,30356
2023-12-05 12:07:30,11,13,11005,30356
2023-12-05 12:07:36,10,13,11005,30356
2023-12-05 12:07:41,11,13,11005,30356
2023-12-05 12:07:48,10,13,11005,30356
2023-12-05 12:07:49,10,12,11005,30356
2023-12-05 12:07:53,10,13,11005,30356
2023-12-05 12:07:56,11,13,11005,30356
2023-12-05 12:08:04,12,13,11005,30356
2023-12-05 12:08:06,11,13,11005,30356
2023-12-05 12:08:06,12,13,11005,30356
2023-12-05 12:08:11,10,13,11005,30356
2023-12-05 12:08:11,10,12,11005,30356
2023-12-05 12:08:11,11,12,11005,30356
2023-12-05 12:08:12,10,12,11005,30356
2023-12-05 12:08:28,11,12,11005,30356
2023-12-05 12:08:29,10,12,11005,30356
2023-12-05 12:08:30,11,12,11005,30356
2023-12-05 12:08:34,10,12,11005,31093
2023-12-05 12:08:34,11,12,11005,31093
2023-12-05 12:08:40,11,13,11005,31093
2023-12-05 12:08:57,12,13,11005,31093
2023-12-05 12:08:59,12,14,11005,31093
2023-12-05 12:09:01,12,13,11005,31093
2023-12-05 12:09:03,12,14,11005,31093
2023-12-05 12:09:04,12,13,11005,31093
2023-12-05 12:09:05,12,14,11005,31093
2023-12-05 12:09:22,12,13,11005,31093
2023-12-05 12:09:29,11,13,11005,31093
2023-12-05 12:09:32,10,13,11005,31093
2023-12-05 12:09:32,10,12,11005,31093
2023-12-05 12:09:34,10,13,11005,31093
2023-12-05 12:09:38,11,13,11005,31093
2023-12-05 12:09:40,11,12,11005,31093
2023-12-05 12:09:41,10,12,11005,31093
2023-12-05 12:09:42,9,12,11005,31093
2023-12-05 12:09:45,10,12,11005,31093
2023-12-05 12:09:45,9,12,11005,31093
2023-12-05 12:09:48,10,12,11005,31093
2023-12-05 12:09:52,11,12,11005,31093
2023-12-05 12:09:56,10,12,11005,31093
2023-12-05 12:09:56,11,12,11005,31093
2023-12-05 12:10:01,9,11,11005,31480
2023-12-05 12:10:18,10,11,11005,31480
2023-12-05 12:10:21,9,11,11005,31480
2023-12-05 12:10:21,9,10,11005,31480
2023-12-05 12:10:23,9,11,11005,31480
2023-12-05 12:10:24,10,11,11005,31480
2023-12-05 12:10:28,10,12,11005,31480
2023-12-05 12:10:28,9,12,11005,31480
2023-12-05 12:10:30,9,11,11005,31480
2023-12-05 12:10:35,9,12,11005,31480
2023-12-05 12:10:36,10,12,11005,31480
2023-12-05 12:10:53,10,11,11005,31480
2023-12-05 12:10:54,9,11,11005,31480
2023-12-05 12:10:56,10,11,11005,31480
2023-12-05 12:10:57,9,11,11005,31480
2023-12-05 12:11:09,10,11,11005,31480
2023-12-05 12:11:11,9,11,11005,31480
2023-12-05 12:11:12,9,12,11005,31480
2023-12-05 12:11:12,9,11,11005,31480
2023-12-05 12:11:12,9,10,11005,31480
2023-12-05 12:11:55,9,12,11005,31480
2023-12-05 12:11:55,9,11,11005,31480
2023-12-05 12:11:55,10,11,11005,31480
2023-12-05 12:11:56,10,11,11065,31540
2023-12-05 12:12:00,9,11,11065,31540
2023-12-05 12:12:04,10,11,11065,31540
2023-12-05 12:12:06,9,11,11065,31540
2023-12-05 12:12:10,10,11,11065,31540
2023-12-05 12:12:10,9,11,11065,31540
2023-12-05 12:12:11,10,11,11065,31540
2023-12-05 12:12:12,9,11,11065,31540
2023-12-05 12:12:12,10,11,11065,31540
2023-12-05 12:12:25,9,11,11065,31540
2023-12-05 12:12:25,10,11,11065,31540
2023-12-05 12:12:37,9,11,11065,31540
2023-12-05 12:12:37,10,11,11065,31540
2023-12-05 12:12:39,10,12,11065,31540
2023-12-05 12:12:39,11,12,11065,31540
2023-12-05 12:12:43,11,12,11135,31610
2023-12-05 12:12:43,9,12,11135,31610
2023-12-05 12:12:43,9,11,11135,31610
2023-12-05 12:12:43,10,11,11135,31610
2023-12-05 12:13:01,9,11,11135,31610
2023-12-05 12:13:01,10,11,11135,31610
2023-12-05 12:13:03,10,12,11135,31610
2023-12-05 12:13:04,11,12,11135,31610
2023-12-05 12:13:09,10,12,11135,31610
2023-12-05 12:13:09,10,11,11135,31610
2023-12-05 12:13:15,9,11,11135,31610
2023-12-05 12:13:22,9,12,11135,31610
2023-12-05 12:13:22,9,10,11135,31610
2023-12-05 12:13:30,9,12,11135,31610
2023-12-05 12:13:30,9,11,11135,31610
2023-12-05 12:13:31,10,11,11135,31610
2023-12-05 12:13:43,9,11,11135,31610
2023-12-05 12:13:43,10,11,11135,31610
2023-12-05 12:14:21,10,12,11135,31610
2023-12-05 12:14:33,10,11,11135,31610
2023-12-05 12:14:49,9,11,11135,31610
2023-12-05 12:14:49,9,12,11135,31610
2023-12-05 12:14:49,10,12,11135,31610
2023-12-05 12:15:03,10,11,11135,31610
2023-12-05 12:15:05,9,11,11135,31610
2023-12-05 12:15:13,9,12,11135,31610
2023-12-05 12:15:13,9,11,11135,31610
2023-12-05 12:15:13,9,10,11135,31610
2023-12-05 12:15:41,9,11,11135,31610
2023-12-05 12:15:52,9,12,11135,31610
2023-12-05 12:15:52,9,10,11135,31610
2023-12-05 12:15:55,9,12,11135,31610
2023-12-05 12:15:55,9,11,11135,31610
2023-12-05 12:16:02,9,12,11135,31610
2023-12-05 12:16:06,10,12,11135,31610
2023-12-05 12:16:19,10,13,11135,31610
2023-12-05 12:16:21,11,13,11135,31610
2023-12-05 12:16:32,10,13,11135,31610
2023-12-05 12:16:35,11,13,11135,31610
2023-12-05 12:16:36,11,12,11135,31610
2023-12-05 12:16:37,11,13,11135,31610
2023-12-05 12:16:37,10,13,11135,31610
2023-12-05 12:16:37,11,13,11135,31610
2023-12-05 12:16:40,10,13,11135,31610
2023-12-05 12:16:40,11,13,11135,31610
2023-12-05 12:16:41,11,12,11135,31610
2023-12-05 12:16:41,10,12,11135,31610
2023-12-05 12:16:47,11,12,11135,31610
2023-12-05 12:16:47,10,12,11135,31610
2023-12-05 12:16:48,11,12,11135,31610
2023-12-05 12:16:50,11,13,11135,31610
2023-12-05 12:16:52,11,12,11135,31610
2023-12-05 12:16:56,9,12,11135,31610
2023-12-05 12:16:56,9,11,11135,31610
2023-12-05 12:17:00,10,11,11135,31610
2023-12-05 12:17:02,9,11,11135,31610
2023-12-05 12:17:05,9,12,11135,31610
2023-12-05 12:17:05,9,10,11135,31610
2023-12-05 12:17:06,9,12,11135,31610
2023-12-05 12:17:06,9,11,11135,31610
2023-12-05 12:17:08,9,12,11135,31610
2023-12-05 12:17:08,9,10,11135,31610
2023-12-05 12:17:12,9,12,11135,31610
2023-12-05 12:17:12,9,11,11135,31610
2023-12-05 12:17:14,9,12,11135,31610
2023-12-05 12:17:14,9,10,11135,31610
2023-12-05 12:17:15,9,12,11135,31610
2023-12-05 12:17:15,9,11,11135,31610
2023-12-05 12:17:20,10,11,11135,31610
2023-12-05 12:17:23,9,11,11135,31610
2023-12-05 12:17:24,10,11,11135,31610
2023-12-05 12:17:26,9,11,11135,31610
2023-12-05 12:17:27,10,11,11135,31610
2023-12-05 12:17:30,9,11,11135,31610
2023-12-05 12:17:32,9,10,11135,31610
2023-12-05 12:17:35,9,11,11135,31610
2023-12-05 12:17:41,9,12,11135,31610
2023-12-05 12:17:41,9,10,11135,31610
2023-12-05 12:17:51,9,11,11135,31610
2023-12-05 12:17:54,9,10,11135,31610
2023-12-05 12:17:55,9,11,11135,31610
2023-12-05 12:18:22,10,11,11135,31610
2023-12-05 12:18:28,10,12,11135,31610
2023-12-05 12:18:51,10,11,11135,31610
2023-12-05 12:18:51,9,11,11135,31610
2023-12-05 12:18:55,9,12,11135,31610
2023-12-05 12:18:55,10,12,11135,31610
2023-12-05 12:18:56,10,11,11135,31610
2023-12-05 12:18:56,9,11,11135,31610
2023-12-05 12:19:01,10,11,11135,31610
2023-12-05 12:19:03,10,12,11135,31610
2023-12-05 12:19:18,10,11,11135,31610
2023-12-05 12:19:24,9,11,11135,31610
2023-12-05 12:19:24,10,11,11135,31610
2023-12-05 12:19:26,10,12,11135,31610
2023-12-05 12:19:33,10,13,11135,31610
2023-12-05 12:19:36,10,12,11135,31610
2023-12-05 12:19:49,11,12,11135,31610
2023-12-05 12:19:51,9,12,11135,31610
2023-12-05 12:19:51,10,12,11135,31610
2023-12-05 12:19:53,11,12,11135,31610
2023-12-05 12:20:04,11,13,11135,31610
2023-12-05 12:20:07,11,12,11135,31610
2023-12-05 12:20:07,10,12,11135,31610
2023-12-05 12:20:08,10,13,11135,31610
2023-12-05 12:20:09,11,13,11135,31610
2023-12-05 12:20:11,12,13,11135,31610
2023-12-05 12:20:11,12,14,11135,31610
2023-12-05 12:20:12,12,15,11135,31610
2023-12-05 12:20:12,12,14,11135,31610
2023-12-05 12:20:14,12,15,11135,31610
2023-12-05 12:20:15,13,15,11135,31610
2023-12-05 12:20:21,12,15,11135,31610
2023-12-05 12:20:29,13,15,11135,31610
2023-12-05 12:20:36,12,15,11135,31610
2023-12-05 12:20:37,13,15,11135,31610
2023-12-05 12:20:43,13,14,11135,31610
2023-12-05 12:20:46,12,14,11135,31610
2023-12-05 12:20:47,11,14,11135,31610
2023-12-05 12:20:48,12,14,11135,31610
2023-12-05 12:20:52,12,13,11135,31610
2023-12-05 12:20:52,11,13,11135,31610
2023-12-05 12:20:53,11,14,11135,31610
2023-12-05 12:20:54,11,13,11135,31610
2023-12-05 12:21:05,11,12,11135,31610
2023-12-05 12:21:05,10,12,11135,31610
2023-12-05 12:21:14,10,13,11135,31610
2023-12-05 12:21:14,10,11,11135,31610
2023-12-05 12:21:14,9,11,11135,31610
2023-12-05 12:21:22,10,11,11135,31610
2023-12-05 12:21:41,9,11,11135,31610
2023-12-05 12:21:41,10,11,11135,31610
2023-12-05 12:21:42,9,11,11135,31610
2023-12-05 12:21:42,9,12,11135,31610
2023-12-05 12:21:42,9,10,11135,31610
2023-12-05 12:21:50,9,12,11135,31610
2023-12-05 12:21:50,9,11,11135,31610
2023-12-05 12:21:55,10,11,11135,31610
2023-12-05 12:21:56,9,11,11135,31610
2023-12-05 12:21:56,10,11,11135,31610
2023-12-05 12:22:01,9,11,11135,31610
2023-12-05 12:22:01,9,12,11135,31610
2023-12-05 12:22:01,10,12,11135,31610
2023-12-05 12:22:03,9,12,11135,31737
2023-12-05 12:22:03,10,12,11135,31737
2023-12-05 12:22:04,10,11,11135,31737
2023-12-05 12:22:05,9,11,11135,31737
2023-12-05 12:22:10,9,12,11135,31737
2023-12-05 12:22:11,9,11,11135,31737
2023-12-05 12:22:25,9,10,11135,31737
2023-12-05 12:22:38,9,11,11135,31737
2023-12-05 12:22:51,9,10,11135,31737
2023-12-05 12:22:53,9,11,11135,31737
2023-12-05 12:22:58,9,10,11135,31737
2023-12-05 12:23:03,9,11,11135,31737
2023-12-05 12:23:04,9,10,11135,31737
2023-12-05 12:23:05,9,11,11135,31737
2023-12-05 12:23:05,9,10,11135,31737
2023-12-05 12:23:17,9,11,11135,31737
2023-12-05 12:23:17,9,10,11135,31737
2023-12-05 12:23:25,9,11,11135,31737
2023-12-05 12:23:25,9,10,11135,31737
2023-12-05 12:23:35,9,11,11135,31737
2023-12-05 12:23:35,9,10,11135,31737
2023-12-05 12:23:36,9,11,11135,31737
2023-12-05 12:23:52,9,12,11135,31737
2023-12-05 12:23:54,9,11,11135,31737
2023-12-05 12:23:58,10,11,11135,31737
2023-12-05 12:23:58,10,11,11195,31797
2023-12-05 12:23:58,10,13,11195,31797
2023-12-05 12:23:58,10,12,11195,31797
2023-12-05 12:24:21,10,13,11195,31797
2023-12-05 12:24:22,11,13,11195,31797
2023-12-05 12:24:28,12,13,11195,31797
2023-12-05 12:24:28,12,14,11195,31797
2023-12-05 12:24:46,13,14,11195,31797
2023-12-05 12:24:46,13,14,11395,31997
2023-12-05 12:24:47,13,15,11395,31997
2023-12-05 12:24:50,14,15,11395,31997
2023-12-05 12:24:50,14,16,11395,31997
2023-12-05 12:24:53,15,16,11395,31997
2023-12-05 12:24:54,15,17,11395,31997
2023-12-05 12:25:01,14,17,11395,31997
2023-12-05 12:25:02,14,16,11395,31997
2023-12-05 12:25:23,14,15,11395,31997
2023-12-05 12:25:23,13,15,11395,31997
2023-12-05 12:25:34,13,14,11395,31997
2023-12-05 12:25:47,13,15,11395,31997
2023-12-05 12:25:48,13,14,11395,31997
2023-12-05 12:25:55,13,15,11395,31997
2023-12-05 12:26:04,14,15,11395,31997
2023-12-05 12:26:10,13,15,11395,31997
2023-12-05 12:26:11,14,15,11395,31997
2023-12-05 12:26:13,13,15,11395,31997
2023-12-05 12:26:14,14,15,11395,31997
2023-12-05 12:26:20,14,16,11395,31997
2023-12-05 12:26:20,13,16,11395,31997
2023-12-05 12:26:20,14,16,11395,31997
2023-12-05 12:26:21,13,16,11395,31997
2023-12-05 12:26:22,14,16,11395,31997
2023-12-05 12:26:35,14,15,11395,31997
2023-12-05 12:26:35,13,15,11395,31997
2023-12-05 12:26:51,14,15,11395,31997
2023-12-05 12:26:53,13,15,11395,31997
2023-12-05 12:26:54,14,15,11395,31997
2023-12-05 12:26:55,13,15,11395,31997
2023-12-05 12:26:56,14,15,11395,31997
2023-12-05 12:26:59,13,14,11395,32155
2023-12-05 12:26:59,12,14,11395,32155
2023-12-05 12:27:00,12,13,11395,32155
2023-12-05 12:27:01,12,14,11395,32155
2023-12-05 12:27:02,12,13,11395,32155
2023-12-05 12:27:10,11,13,11395,32155
2023-12-05 12:27:23,12,13,11395,32155
2023-12-05 12:27:24,11,13,11395,32155
2023-12-05 12:27:26,11,14,11395,32155
2023-12-05 12:27:26,11,12,11395,32155
2023-12-05 12:27:34,10,12,11395,32155
2023-12-05 12:27:34,10,13,11395,32155
2023-12-05 12:27:34,10,11,11395,32155
2023-12-05 12:28:03,10,11,11395,32415
2023-12-05 12:28:04,9,11,11395,32415
2023-12-05 12:28:23,9,12,11395,32415
2023-12-05 12:28:32,9,11,11395,32415
2023-12-05 12:28:36,10,11,11395,32415
2023-12-05 12:28:37,9,11,11395,32415
2023-12-05 12:28:39,10,11,11395,32415
2023-12-05 12:28:44,10,12,11395,32415
2023-12-05 12:28:45,9,12,11395,32415
2023-12-05 12:28:45,9,11,11395,32415
2023-12-05 12:28:59,9,12,11395,32415
2023-12-05 12:28:59,10,12,11395,32415
2023-12-05 12:29:02,9,12,11395,32415
2023-12-05 12:29:02,9,13,11395,32415
2023-12-05 12:29:03,10,13,11395,32415
2023-12-05 12:29:11,9,13,11395,32415
2023-12-05 12:29:11,9,12,11395,32415
2023-12-05 12:29:12,9,13,11395,32415
2023-12-05 12:29:13,9,12,11395,32415
2023-12-05 12:29:16,10,12,11395,32415
2023-12-05 12:29:20,9,12,11395,32415
2023-12-05 12:29:21,10,12,11395,32415
2023-12-05 12:29:31,9,12,11395,32415
2023-12-05 12:29:31,9,13,11395,32415
2023-12-05 12:29:31,9,12,11395,32415
2023-12-05 12:29:31,10,12,11395,32415
2023-12-05 12:29:35,10,13,11395,32415
2023-12-05 12:29:35,9,13,11395,32415
2023-12-05 12:29:35,10,13,11395,32415
2023-12-05 12:29:35,10,12,11395,32415
2023-12-05 12:29:37,9,12,11395,32415
2023-12-05 12:29:37,10,12,11395,32415
2023-12-05 12:29:54,9,12,11395,32415
2023-12-05 12:29:59,10,12,11395,32415
2023-12-05 12:30:01,9,12,11395,32415
2023-12-05 12:30:02,10,12,11395,32415
2023-12-05 12:30:03,10,11,11395,32415
2023-12-05 12:30:03,10,12,11395,32415
2023-12-05 12:30:04,10,11,11395,32415
2023-12-05 12:30:04,10,12,11395,32415
2023-12-05 12:30:05,10,11,11395,32415
2023-12-05 12:30:07,10,12,11395,32415
2023-12-05 12:30:08,10,11,11395,32415
2023-12-05 12:30:12,9,11,11395,32415
2023-12-05 12:30:58,10,11,11395,32415
2023-12-05 12:30:59,10,12,11395,32415
2023-12-05 12:31:03,9,12,11395,32415
2023-12-05 12:31:04,9,11,11395,32415
2023-12-05 12:31:24,9,12,11395,32415
2023-12-05 12:31:37,10,12,11395,32415
2023-12-05 12:31:37,9,12,11395,32415
2023-12-05 12:31:37,10,12,11395,32415
2023-12-05 12:31:40,9,12,11395,32415
2023-12-05 12:31:41,10,12,11395,32415
2023-12-05 12:31:54,9,12,11395,32415
2023-12-05 12:31:54,10,12,11395,32415
2023-12-05 12:32:00,10,13,11395,32415
2023-12-05 12:32:07,10,12,11395,32415
2023-12-05 12:32:11,9,12,11395,32415
2023-12-05 12:32:11,10,12,11395,32415
2023-12-05 12:32:13,9,12,11395,32415
2023-12-05 12:32:14,10,12,11395,32415
2023-12-05 12:32:17,9,12,11395,32415
2023-12-05 12:32:18,10,12,11395,32415
2023-12-05 12:32:36,9,12,11395,32415
2023-12-05 12:32:36,10,12,11395,32415
2023-12-05 12:32:42,9,12,11395,32415
2023-12-05 12:32:49,10,12,11395,32415
2023-12-05 12:33:04,9,12,11395,32415
2023-12-05 12:33:04,10,12,11395,32415
2023-12-05 12:33:12,9,12,11395,32415
2023-12-05 12:33:13,10,12,11395,32415
2023-12-05 12:33:14,10,12,11645,32665
2023-12-05 12:33:16,9,12,11645,32665
2023-12-05 12:33:19,9,13,11645,32665
2023-12-05 12:33:20,9,12,11645,32665
2023-12-05 12:33:40,10,12,11645,32665
2023-12-05 12:33:40,10,13,11645,32665
2023-12-05 12:33:51,11,13,11645,32665
2023-12-05 12:33:51,11,14,11645,32665
2023-12-05 12:33:52,12,14,11645,32665
2023-12-05 12:33:57,13,14,11645,32665
2023-12-05 12:34:06,12,14,11645,32665
2023-12-05 12:34:08,13,14,11645,32665
2023-12-05 12:34:15,13,15,11645,32665
2023-12-05 12:34:18,14,15,11645,32665
2023-12-05 12:34:21,14,16,11645,32665
2023-12-05 12:34:24,14,15,11645,32665
2023-12-05 12:34:30,14,16,11645,32665
2023-12-05 12:34:46,15,16,11645,32665
2023-12-05 12:34:51,14,16,11645,32665
2023-12-05 12:34:54,13,16,11645,32665
2023-12-05 12:34:56,13,15,11645,32665
2023-12-05 12:35:04,12,15,11645,32665
2023-12-05 12:35:11,13,15,11645,32665
2023-12-05 12:35:14,13,16,11645,32665
2023-12-05 12:35:15,13,15,11645,32665
2023-12-05 12:35:27,12,15,11645,32665
2023-12-05 12:35:27,12,14,11645,32665
2023-12-05 12:35:29,11,14,11645,32665
2023-12-05 12:35:44,11,13,11645,32665
2023-12-05 12:36:25,11,14,11645,32665
2023-12-05 12:36:37,12,14,11645,32665
2023-12-05 12:36:49,11,14,11645,32665
2023-12-05 12:37:01,11,13,11645,32665
2023-12-05 12:37:14,11,14,11645,32665
2023-12-05 12:37:16,11,13,11645,32665
2023-12-05 12:37:17,11,14,11645,32665
2023-12-05 12:37:18,11,13,11645,32665
2023-12-05 12:37:20,11,14,11645,32665
2023-12-05 12:37:21,11,13,11645,32665
2023-12-05 12:37:22,11,14,11645,32665
2023-12-05 12:37:23,11,13,11645,32665
2023-12-05 12:37:51,11,14,11645,32665
2023-12-05 12:38:00,11,13,11645,32665
2023-12-05 12:38:01,11,14,11645,32665
2023-12-05 12:38:05,12,14,11645,32665
2023-12-05 12:38:19,13,14,11645,32665
2023-12-05 12:38:24,14,15,11645,32665
2023-12-05 12:38:24,14,16,11645,32665
2023-12-05 12:38:41,15,16,11645,32665
2023-12-05 12:38:43,15,17,11645,32665
2023-12-05 12:38:58,14,17,11645,32665
2023-12-05 12:38:58,14,16,11645,32665
2023-12-05 12:39:03,13,16,11645,32665
2023-12-05 12:39:22,14,16,11645,32665
2023-12-05 12:39:30,14,17,11645,32665
2023-12-05 12:39:30,15,17,11645,32665
2023-12-05 12:39:31,14,17,11645,32665
2023-12-05 12:39:31,14,16,11645,32665
2023-12-05 12:39:38,15,16,11645,32665
2023-12-05 12:39:41,14,17,11645,32665
2023-12-05 12:39:41,14,16,11645,32665
2023-12-05 12:39:43,14,17,11645,32665
2023-12-05 12:39:48,14,16,11645,32665
2023-12-05 12:40:05,13,16,11645,32665
2023-12-05 12:40:19,13,15,11645,32665
2023-12-05 12:40:26,13,16,11645,32665
2023-12-05 12:40:34,13,15,11645,32665
2023-12-05 12:40:41,13,16,11645,32665
2023-12-05 12:40:54,14,16,11645,32665
2023-12-05 12:41:06,13,16,11645,32665
2023-12-05 12:41:08,14,16,11645,32665
2023-12-05 12:41:19,14,17,11645,32665
2023-12-05 12:41:27,15,17,11645,32665
2023-12-05 12:41:31,15,18,11645,32665
2023-12-05 12:41:31,15,17,11645,32665
2023-12-05 12:41:32,15,18,11645,32665
2023-12-05 12:41:42,17,18,11645,32665
2023-12-05 12:41:54,17,18,11645,33015
2023-12-05 12:41:54,17,19,11645,33015
2023-12-05 12:42:03,16,19,11645,33015
2023-12-05 12:42:32,17,19,11645,33015
2023-12-05 12:42:41,17,20,11645,33215
2023-12-05 12:42:42,18,20,11645,33215
2023-12-05 12:42:58,18,21,11645,33215
2023-12-05 12:43:11,19,21,11645,33215
2023-12-05 12:43:12,19,23,11645,33215
2023-12-05 12:43:12,20,23,11645,33215
2023-12-05 12:43:12,20,22,11645,33215
2023-12-05 12:43:12,20,23,11645,33215
2023-12-05 12:43:12,21,23,11645,33215
2023-12-05 12:43:16,22,23,11645,33215
2023-12-05 12:43:18,22,24,11645,33215
2023-12-05 12:43:18,23,24,11645,33215
2023-12-05 12:43:19,23,25,11645,33215
2023-12-05 12:43:19,24,25,11645,33215
2023-12-05 12:43:20,24,26,11703,33473
2023-12-05 12:43:22,24,27,11703,33673
2023-12-05 12:43:27,25,27,11703,33673
2023-12-05 12:43:28,25,28,11703,33673
2023-12-05 12:43:29,26,28,11703,33673
2023-12-05 12:43:31,26,29,11703,33873
2023-12-05 12:43:31,26,28,11703,33873
2023-12-05 12:43:32,26,29,11703,33873
2023-12-05 12:43:32,26,28,11703,33873
2023-12-05 12:43:32,26,29,11703,33873
2023-12-05 12:43:32,26,28,11703,33873
2023-12-05 12:43:32,26,29,11703,33873
2023-12-05 12:43:35,27,29,11703,33873
2023-12-05 12:43:35,27,30,11703,33873
2023-12-05 12:43:35,27,29,11703,33873
2023-12-05 12:43:38,26,29,11703,33873
2023-12-05 12:43:59,26,28,11703,33873
2023-12-05 12:44:04,26,29,11703,33873
2023-12-05 12:44:04,26,28,11703,33873
2023-12-05 12:44:05,26,29,11703,33873
2023-12-05 12:44:16,27,29,11703,33873
2023-12-05 12:44:26,26,29,11703,33873
2023-12-05 12:44:26,26,28,11703,33873
2023-12-05 12:44:31,26,29,11703,33873
2023-12-05 12:44:31,26,28,11703,33873
2023-12-05 12:44:31,26,29,11703,33873
2023-12-05 12:44:31,26,28,11703,33873
2023-12-05 12:44:39,26,27,11703,33873
2023-12-05 12:44:40,26,28,11703,33873
2023-12-05 12:44:40,26,27,11703,33873
2023-12-05 12:44:49,26,29,11703,33873
2023-12-05 12:44:49,26,28,11703,33873
2023-12-05 12:45:05,25,28,11703,33873
2023-12-05 12:45:19,25,29,11703,33873
2023-12-05 12:45:20,26,29,11703,33873
2023-12-05 12:45:26,25,29,11703,33873
2023-12-05 12:45:29,25,28,11703,33873
2023-12-05 12:45:30,26,28,11703,33873
2023-12-05 12:45:30,26,29,11703,33873
2023-12-05 12:45:33,26,28,11703,33873
2023-12-05 12:45:35,25,28,11703,33873
2023-12-05 12:45:36,25,27,11703,33873
2023-12-05 12:45:38,24,27,11703,33873
2023-12-05 12:45:40,24,26,11703,33873
2023-12-05 12:45:50,24,27,11703,33873
2023-12-05 12:46:01,24,28,11703,33873
2023-12-05 12:46:04,24,27,11703,33873
2023-12-05 12:46:05,24,26,11703,33873
2023-12-05 12:46:13,24,27,11703,33873
2023-12-05 12:46:13,24,26,11703,33873
2023-12-05 12:46:15,24,27,11703,33873
2023-12-05 12:46:16,24,26,11703,33873
2023-12-05 12:46:17,24,27,11703,33873
2023-12-05 12:46:20,24,26,11703,33873
2023-12-05 12:46:22,24,27,11703,33873
2023-12-05 12:46:22,24,28,11703,33873
2023-12-05 12:46:23,25,28,11703,33873
2023-12-05 12:46:24,25,29,11703,33873
2023-12-05 12:46:25,26,29,11703,33873
2023-12-05 12:46:26,27,29,11703,33873
2023-12-05 12:46:26,26,29,11903,34073
2023-12-05 12:46:35,27,29,11903,34073
2023-12-05 12:46:35,27,30,11903,34073
2023-12-05 12:46:37,28,30,11903,34073
2023-12-05 12:46:37,28,30,11914,34084
2023-12-05 12:46:39,29,30,11914,34084
2023-12-05 12:46:39,29,31,11914,34084
2023-12-05 12:46:39,29,31,12006,34176
2023-12-05 12:47:03,29,30,12006,34176
2023-12-05 12:47:04,27,30,12006,34176
2023-12-05 12:47:06,27,29,12006,34176
2023-12-05 12:47:14,26,29,12006,34176
2023-12-05 12:47:14,26,28,12006,34176
2023-12-05 12:47:18,26,27,12006,34176
2023-12-05 12:47:19,26,28,12006,34176
2023-12-05 12:47:19,26,27,12006,34176
2023-12-05 12:47:19,24,26,12006,34176
2023-12-05 12:47:20,24,25,12006,34176
2023-12-05 12:47:23,24,26,12006,34176
2023-12-05 12:47:26,24,25,12006,34176
2023-12-05 12:47:35,24,26,12006,34176
2023-12-05 12:47:36,24,25,12006,34176
2023-12-05 12:47:40,23,25,12006,34176
2023-12-05 12:47:43,23,24,12006,34176
2023-12-05 12:47:43,23,24,12066,34236
2023-12-05 12:47:45,22,24,12066,34236
2023-12-05 12:47:52,22,25,12066,34236
2023-12-05 12:47:54,23,24,12066,34236
2023-12-05 12:48:01,23,25,12066,34236
2023-12-05 12:48:01,23,24,12066,34236
2023-12-05 12:48:03,23,25,12066,34236
2023-12-05 12:48:04,23,24,12066,34236
2023-12-05 12:48:08,22,24,12066,34236
2023-12-05 12:48:08,22,23,12066,34236
2023-12-05 12:48:15,22,24,12066,34236
2023-12-05 12:48:15,22,23,12066,34236
2023-12-05 12:48:19,22,24,12066,34236
2023-12-05 12:48:20,22,23,12066,34236
2023-12-05 12:48:21,23,25,12066,34406
2023-12-05 12:48:21,23,24,12066,34406
2023-12-05 12:48:22,22,24,12066,34406
2023-12-05 12:48:29,22,23,12066,34406
2023-12-05 12:48:30,22,24,12066,34406
2023-12-05 12:48:32,22,23,12066,34406
2023-12-05 12:48:34,22,24,12066,34406
2023-12-05 12:48:34,22,23,12066,34406
2023-12-05 12:48:49,21,23,12066,34406
2023-12-05 12:48:52,21,22,12066,34406
2023-12-05 12:48:55,21,23,12066,34406
2023-12-05 12:49:04,21,22,12066,34406
2023-12-05 12:49:07,21,23,12066,34406
2023-12-05 12:49:13,21,22,12066,34406
2023-12-05 12:49:15,21,23,12066,34406
2023-12-05 12:49:15,21,22,12066,34406
2023-12-05 12:49:17,21,23,12066,34406
2023-12-05 12:49:17,21,22,12066,34406
2023-12-05 12:49:21,21,23,12066,34406
2023-12-05 12:49:32,21,22,12066,34406
2023-12-05 12:49:37,21,23,12066,34406
2023-12-05 12:49:37,21,22,12066,34406
2023-12-05 12:49:37,20,22,12066,34406
2023-12-05 12:49:37,20,21,12066,34406
2023-12-05 12:49:49,20,22,12066,34406
2023-12-05 12:49:53,20,21,12066,34406
2023-12-05 12:49:56,19,21,12066,34606
2023-12-05 12:49:56,19,20,12066,34606
2023-12-05 12:49:57,19,21,12066,34606
2023-12-05 12:49:59,19,20,12066,34606
2023-12-05 12:50:00,19,21,12066,34606
2023-12-05 12:50:09,19,20,12066,34606
2023-12-05 12:50:09,18,20,12066,34806
2023-12-05 12:50:22,17,20,12066,35506
2023-12-05 12:50:29,18,20,12066,35506
2023-12-05 12:50:29,18,21,12066,35506
2023-12-05 12:50:35,18,20,12066,35506
2023-12-05 12:50:41,17,20,12066,35506
2023-12-05 12:50:47,18,20,12066,35506
2023-12-05 12:50:52,17,20,12066,35506
2023-12-05 12:50:58,17,19,12066,35506
2023-12-05 12:50:59,17,20,12066,35506
2023-12-05 12:51:35,18,20,12066,35506
2023-12-05 12:51:35,18,21,12066,35506
2023-12-05 12:51:40,18,20,12066,35506
2023-12-05 12:51:41,18,21,12066,35506
2023-12-05 12:51:44,18,20,12066,35506
2023-12-05 12:51:46,17,20,12066,35506
2023-12-05 12:52:00,18,20,12066,35506
2023-12-05 12:52:01,18,21,12066,35506
2023-12-05 12:52:09,18,20,12066,35506
2023-12-05 12:52:10,17,20,12066,35506
2023-12-05 12:52:20,18,20,12066,35506
2023-12-05 12:52:21,18,21,12066,35506
2023-12-05 12:52:23,18,20,12066,35506
2023-12-05 12:52:26,17,20,12066,35506
2023-12-05 12:52:55,17,19,12066,35506
2023-12-05 12:53:06,17,20,12066,35506
2023-12-05 12:53:29,17,19,12066,35506
2023-12-05 12:53:33,17,20,12066,35506
2023-12-05 12:53:33,17,21,12066,35506
2023-12-05 12:53:33,17,20,12066,35506
2023-12-05 12:53:48,17,21,12066,35506
2023-12-05 12:53:48,18,21,12066,35506
2023-12-05 12:53:49,19,21,12066,35506
2023-12-05 12:53:49,19,22,12066,35506
2023-12-05 12:53:52,19,23,12066,35506
2023-12-05 12:53:54,19,22,12066,35506
2023-12-05 12:53:57,18,22,12066,35506
2023-12-05 12:53:57,18,21,12066,35506
2023-12-05 12:54:02,18,20,12066,35506
2023-12-05 12:54:03,18,21,12066,35506
2023-12-05 12:54:07,18,20,12066,35506
2023-12-05 12:54:08,18,21,12066,35506
2023-12-05 12:54:26,18,22,12066,35506
2023-12-05 12:54:27,18,21,12066,35506
2023-12-05 12:54:29,18,20,12066,35506
2023-12-05 12:54:30,17,20,12066,35506
2023-12-05 12:54:31,17,21,12066,35506
2023-12-05 12:54:31,17,20,12066,35506
2023-12-05 12:54:32,17,18,12066,35506
2023-12-05 12:54:33,16,17,12066,35506
2023-12-05 12:54:35,16,18,12066,35506
2023-12-05 12:54:39,16,17,12066,35506
2023-12-05 12:54:41,16,18,12066,35506
2023-12-05 12:54:42,16,17,12066,35506
2023-12-05 12:54:49,15,17,12066,35506
2023-12-05 12:55:01,15,18,12066,35506
2023-12-05 12:55:09,15,17,12066,35506
2023-12-05 12:55:19,15,18,12066,35506
2023-12-05 12:55:29,15,17,12066,35506
2023-12-05 12:55:38,15,18,12066,35506
2023-12-05 12:55:38,15,16,12066,35506
2023-12-05 12:55:43,14,16,12066,35506
2023-12-05 12:55:43,14,15,12066,35506
2023-12-05 12:55:46,12,15,12066,35506
2023-12-05 12:55:50,13,15,12066,35506
2023-12-05 12:55:57,12,15,12066,35506
2023-12-05 12:56:01,13,15,12066,35506
2023-12-05 12:56:12,12,15,12066,35506
2023-12-05 12:56:16,12,16,12066,35506
2023-12-05 12:56:16,12,14,12066,35506
2023-12-05 12:56:17,12,16,12066,35506
2023-12-05 12:56:17,12,15,12066,35506
2023-12-05 12:56:23,12,16,12066,35506
2023-12-05 12:56:23,12,14,12066,35506
2023-12-05 12:56:27,12,15,12066,35506
2023-12-05 12:56:27,12,13,12066,35506
2023-12-05 12:56:34,11,13,12066,35506
2023-12-05 12:57:26,11,14,12066,35506
2023-12-05 12:57:26,11,12,12066,35506
2023-12-05 12:57:29,11,14,12066,35506
2023-12-05 12:57:29,11,13,12066,35506
2023-12-05 12:58:03,11,14,12066,35506
2023-12-05 12:58:03,11,12,12066,35506
2023-12-05 12:58:06,11,14,12066,35506
2023-12-05 12:58:06,11,13,12066,35506
2023-12-05 12:58:12,11,14,12066,35506
2023-12-05 12:58:12,11,12,12066,35506
2023-12-05 12:58:49,11,13,12066,35506
2023-12-05 12:58:49,10,11,12066,35706
2023-12-05 12:59:14,9,11,12066,35706
2023-12-05 12:59:14,9,10,12066,35706
2023-12-05 12:59:43,8,10,12066,35706
2023-12-05 12:59:44,8,9,12066,35706
2023-12-05 12:59:52,8,9,12066,36006
2023-12-05 13:00:31,8,11,12066,36006
2023-12-05 13:00:31,8,10,12066,36006
2023-12-05 13:00:59,8,11,12066,36006
2023-12-05 13:00:59,8,10,12066,36006
2023-12-05 13:01:00,9,10,12066,36006
2023-12-05 13:01:00,9,11,12066,36006
2023-12-05 13:01:14,9,12,12066,36006
2023-12-05 13:01:15,10,12,12066,36006
2023-12-05 13:01:17,11,12,12066,36006
2023-12-05 13:01:17,11,14,12066,36006
2023-12-05 13:01:17,11,13,12066,36006
2023-12-05 13:02:42,10,13,12066,36006
2023-12-05 13:02:43,10,12,12066,36006
2023-12-05 13:02:44,11,12,12066,36006
2023-12-05 13:02:53,10,13,12066,36006
2023-12-05 13:02:53,10,12,12066,36006
2023-12-05 13:02:56,9,12,12066,36006
2023-12-05 13:03:00,10,12,12066,36006
2023-12-05 13:03:02,10,13,12066,36109
2023-12-05 13:03:06,11,13,12066,36109
2023-12-05 13:03:13,11,14,12066,36109
2023-12-05 13:03:14,11,13,12066,36109
2023-12-05 13:03:15,11,14,12066,36109
2023-12-05 13:03:22,10,14,12566,36609
2023-12-05 13:03:22,11,14,12566,36609
2023-12-05 13:03:24,11,13,12566,36609
2023-12-05 13:03:30,10,13,12566,36609
2023-12-05 13:03:32,10,12,12566,36609
2023-12-05 13:03:33,9,12,12566,36609
2023-12-05 13:03:34,9,11,12566,36609
2023-12-05 13:03:37,9,12,12566,36609
2023-12-05 13:03:37,9,10,12566,36609
2023-12-05 13:03:52,9,10,12566,36909
2023-12-05 13:03:59,9,11,12566,36909
2023-12-05 13:04:02,9,10,12566,36909
2023-12-05 13:04:10,8,10,12566,36909
2023-12-05 13:04:12,8,11,12566,36909
2023-12-05 13:04:12,8,9,12566,36909
2023-12-05 13:04:32,8,10,12566,36909
2023-12-05 13:04:56,8,11,12566,37109
2023-12-05 13:05:06,9,11,12566,37109
2023-12-05 13:05:06,9,12,12566,37109
2023-12-05 13:05:31,8,12,12566,37109
2023-12-05 13:05:31,8,11,12566,37109
2023-12-05 13:05:37,8,10,12566,37109
2023-12-05 13:05:54,9,10,12566,37109
2023-12-05 13:05:54,9,11,12566,37109
2023-12-05 13:05:55,9,12,12566,37109
2023-12-05 13:05:56,10,12,12566,37109
2023-12-05 13:05:58,10,13,12566,37109
2023-12-05 13:05:58,11,13,12566,37109
2023-12-05 13:05:59,11,14,12566,37109
2023-12-05 13:05:59,12,14,12566,37109
2023-12-05 13:06:01,13,14,12566,37109
2023-12-05 13:06:01,13,15,12566,37109
2023-12-05 13:06:02,12,15,12566,37109
2023-12-05 13:06:03,13,15,12566,37109
2023-12-05 13:06:04,11,15,12566,37109
2023-12-05 13:06:04,11,13,12566,37109
2023-12-05 13:06:15,10,13,12566,37109
2023-12-05 13:06:16,11,13,12566,37109
2023-12-05 13:06:18,10,13,12566,37109
2023-12-05 13:06:22,10,12,12566,37109
2023-12-05 13:06:23,10,13,12566,37109
2023-12-05 13:06:32,10,12,12566,37109
2023-12-05 13:06:35,9,12,12566,37109
2023-12-05 13:06:36,9,11,12566,37109
2023-12-05 13:06:41,8,11,12566,37109
2023-12-05 13:06:43,9,11,12566,37109
2023-12-05 13:06:43,9,12,12566,37109
2023-12-05 13:06:51,10,12,12566,37109
2023-12-05 13:07:01,9,12,12566,37109
2023-12-05 13:07:05,9,11,12566,37109
2023-12-05 13:07:05,8,11,12566,37109
2023-12-05 13:07:23,8,12,12566,37109
2023-12-05 13:07:23,9,12,12566,37109
2023-12-05 13:07:33,10,12,12566,37109
2023-12-05 13:07:34,9,12,12566,37109
2023-12-05 13:07:38,8,12,12566,37109
2023-12-05 13:07:38,8,11,12566,37109
2023-12-05 13:08:11,8,11,12566,37209
2023-12-05 13:08:29,8,12,12566,37209
2023-12-05 13:08:31,9,12,12566,37209
2023-12-05 13:08:36,8,12,12566,37209
2023-12-05 13:08:37,8,11,12566,37209
2023-12-05 13:08:42,8,12,12566,37209
2023-12-05 13:08:42,9,12,12566,37209
2023-12-05 13:08:43,8,12,12566,37209
2023-12-05 13:08:45,9,12,12566,37209
2023-12-05 13:09:04,10,12,12566,37209
2023-12-05 13:09:21,10,13,12566,37209
2023-12-05 13:09:31,11,13,12566,37209
2023-12-05 13:09:36,10,13,12566,37209
2023-12-05 13:09:38,10,12,12566,37209
2023-12-05 13:09:39,9,12,12566,37209
2023-12-05 13:09:49,10,12,12566,37209
2023-12-05 13:09:52,9,12,12566,37209
2023-12-05 13:10:17,9,11,12566,37209
2023-12-05 13:11:20,9,12,12566,37209
2023-12-05 13:11:31,10,12,12566,37209
2023-12-05 13:11:45,9,12,12566,37209
2023-12-05 13:11:50,9,11,12566,37209
2023-12-05 13:12:51,9,12,12566,37209
2023-12-05 13:13:08,10,12,12566,37209
2023-12-05 13:13:10,9,12,12566,37209
2023-12-05 13:13:15,10,12,12566,37209
2023-12-05 13:13:22,9,12,12566,37209
2023-12-05 13:13:24,9,11,12566,37209
2023-12-05 13:13:47,9,10,12566,37209
2023-12-05 13:14:01,9,11,12566,37209
2023-12-05 13:14:43,9,10,12566,37209
2023-12-05 13:14:56,9,11,12566,37209
2023-12-05 13:15:02,9,10,12566,37209
2023-12-05 13:15:04,9,11,12566,37209
2023-12-05 13:15:05,9,10,12566,37209
2023-12-05 13:15:07,9,11,12566,37209
2023-12-05 13:15:13,9,10,12566,37209
2023-12-05 13:15:40,9,11,12566,37209
2023-12-05 13:15:45,9,10,12566,37209
2023-12-05 13:16:20,9,11,12566,37209
2023-12-05 13:16:29,9,10,12566,37209
2023-12-05 13:17:17,7,10,12566,37211
2023-12-05 13:17:18,7,9,12566,37211
2023-12-05 13:17:27,7,10,12566,37211
2023-12-05 13:17:30,7,9,12566,37211
2023-12-05 13:17:42,7,10,12566,37211
2023-12-05 13:18:20,7,9,12566,37211
2023-12-05 13:18:22,7,10,12566,37211
2023-12-05 13:18:47,7,9,12566,37211
2023-12-05 13:19:13,7,9,12716,37361
2023-12-05 13:19:13,7,8,12716,37361
2023-12-05 13:19:13,6,8,12716,37361
2023-12-05 13:19:14,5,8,12716,37361
2023-12-05 13:19:14,5,7,12716,37361
2023-12-05 13:19:45,6,7,12716,37361
2023-12-05 13:19:48,6,8,12716,37361
2023-12-05 13:19:56,6,7,12716,37361
2023-12-05 13:20:31,5,6,12706,37371
2023-12-05 13:20:32,4,6,12706,37371
2023-12-05 13:21:12,5,6,12706,37371
2023-12-05 13:21:38,5,7,12706,37371
2023-12-05 13:22:16,5,6,12706,37371
2023-12-05 13:22:50,4,5,12706,37372
2023-12-05 13:22:54,4,6,12706,37372
2023-12-05 13:22:59,4,5,12706,37372
2023-12-05 13:23:10,4,6,12706,37372
2023-12-05 13:23:12,4,5,12706,37372
2023-12-05 13:23:16,4,6,12706,37372
2023-12-05 13:23:17,4,5,12706,37372
2023-12-05 13:24:37,4,5,12706,37472
2023-12-05 13:25:04,4,5,12706,37572
2023-12-05 13:25:39,4,6,12706,37572
2023-12-05 13:25:45,4,5,12706,37572
2023-12-05 13:25:49,4,6,12706,37572
2023-12-05 13:26:14,4,5,12706,37572
2023-12-05 13:26:48,4,6,12706,37572
2023-12-05 13:26:50,4,5,12706,37572
2023-12-05 13:26:59,4,6,12706,37572
2023-12-05 13:27:37,4,5,12706,37572
2023-12-05 13:28:07,4,6,12706,37572
2023-12-05 13:28:08,4,6,12766,37632
2023-12-05 13:28:25,3,6,12766,37632
2023-12-05 13:29:03,4,6,12766,37632
2023-12-05 13:29:13,4,7,12766,37632
2023-12-05 13:29:32,5,7,12766,37632
2023-12-05 13:29:43,5,6,12766,37632
2023-12-05 13:29:44,5,7,12766,37632
2023-12-05 13:29:53,5,6,12766,37632
2023-12-05 13:29:53,4,6,12766,37632
2023-12-05 13:30:35,4,7,12766,37632
2023-12-05 13:30:39,5,7,12766,37632
2023-12-05 13:30:49,5,8,12766,37632
2023-12-05 13:30:50,6,8,12766,37632
2023-12-05 13:30:54,5,8,12766,37632
2023-12-05 13:31:00,5,7,12766,37632
2023-12-05 13:31:01,5,8,12766,37632
2023-12-05 13:31:02,5,7,12766,37632
2023-12-05 13:31:10,4,7,12766,37632
2023-12-05 13:31:15,4,6,12766,37632
2023-12-05 13:31:26,3,6,12766,37632
2023-12-05 13:31:30,3,5,12766,37632
2023-12-05 13:31:57,3,4,12766,37632
2023-12-05 13:32:11,3,5,12766,37632
2023-12-05 13:32:16,3,4,12766,37632
2023-12-05 13:32:45,3,5,12766,37632
2023-12-05 13:32:50,4,5,12766,37632
2023-12-05 13:32:50,4,5,12826,37692
2023-12-05 13:32:56,4,6,12826,37692
2023-12-05 13:33:18,4,7,12826,37692
2023-12-05 13:33:37,5,7,12826,37692
2023-12-05 13:33:43,4,7,12826,37692
2023-12-05 13:33:44,5,7,12826,37692
2023-12-05 13:33:45,4,7,12826,37692
2023-12-05 13:33:47,4,6,12826,37692
2023-12-05 13:34:15,4,5,12826,37692
2023-12-05 13:34:18,4,6,12826,37751
2023-12-05 13:36:10,5,6,12826,37751
2023-12-05 13:36:10,5,7,12826,37751
2023-12-05 13:36:10,5,7,12946,37871
2023-12-05 13:36:22,5,8,12946,37871
2023-12-05 13:36:23,5,7,12946,37871
2023-12-05 13:36:30,5,8,12946,37871
2023-12-05 13:36:34,6,8,12946,37871
2023-12-05 13:36:36,5,8,12946,37871
2023-12-05 13:36:39,6,8,12946,37871
2023-12-05 13:37:35,5,8,12946,37871
2023-12-05 13:37:43,5,8,12946,37991
2023-12-05 13:37:48,6,8,12946,37991
2023-12-05 13:37:56,5,8,12946,37991
2023-12-05 13:38:02,5,7,12946,37991
2023-12-05 13:38:12,4,7,12946,37991
2023-12-05 13:38:56,4,6,12946,37991
2023-12-05 13:39:16,4,7,12946,37991
2023-12-05 13:39:17,4,6,12946,37991
2023-12-05 13:40:09,4,7,12946,37991
2023-12-05 13:40:10,4,6,12946,37991
2023-12-05 13:40:11,4,7,12946,37991
2023-12-05 13:40:22,4,6,12946,37991
2023-12-05 13:40:23,4,7,12946,37991
2023-12-05 13:40:32,4,6,12946,37991
2023-12-05 13:41:07,4,7,12946,37991
2023-12-05 13:41:16,5,7,12946,37991
2023-12-05 13:41:21,5,8,12946,37991
2023-12-05 13:41:22,5,7,12946,37991
2023-12-05 13:41:25,6,7,12946,37991
2023-12-05 13:41:25,6,9,12946,37991
2023-12-05 13:41:25,7,9,12946,37991
2023-12-05 13:41:26,8,9,12946,37991
2023-12-05 13:41:27,8,10,12946,37991
2023-12-05 13:41:35,7,10,12946,37991
2023-12-05 13:41:35,7,9,12946,37991
2023-12-05 13:41:36,7,10,12946,37991
2023-12-05 13:41:38,8,10,12946,37991
