datetime,bid,ask,open_interest,volume
2023-12-05 09:30:01,11,21,350,350
2023-12-05 09:30:28,8,21,350,350
2023-12-05 09:30:41,1,24,350,350
2023-12-05 09:30:41,1,27,350,350
2023-12-05 09:30:41,1,30,350,350
2023-12-05 09:30:41,1,42,350,350
2023-12-05 09:30:41,1,29,350,350
2023-12-05 09:30:41,1,41,350,350
2023-12-05 09:30:41,1,22,350,350
2023-12-05 09:31:00,15,22,350,350
2023-12-05 09:31:00,17,22,350,350
2023-12-05 09:31:00,17,21,350,350
2023-12-05 09:31:00,18,21,350,350
2023-12-05 09:31:00,18,20,350,350
2023-12-05 09:31:04,17,20,350,350
2023-12-05 09:31:06,18,20,350,350
2023-12-05 09:31:07,17,20,350,350
2023-12-05 09:31:10,17,19,350,350
2023-12-05 09:31:24,17,20,350,350
2023-12-05 09:31:26,17,19,350,350
2023-12-05 09:31:31,17,20,350,350
2023-12-05 09:31:32,17,19,350,350
2023-12-05 09:31:46,15,19,350,350
2023-12-05 09:31:46,16,19,350,350
2023-12-05 09:31:53,15,19,350,350
2023-12-05 09:31:58,15,19,350,350
2023-12-05 09:31:58,16,19,350,350
2023-12-05 09:32:01,15,19,350,350
2023-12-05 09:32:06,15,17,350,350
2023-12-05 09:32:11,16,17,350,350
2023-12-05 09:32:13,15,17,350,350
2023-12-05 09:32:18,16,17,350,350
2023-12-05 09:32:20,15,17,350,350
2023-12-05 09:32:23,16,17,350,350
2023-12-05 09:32:29,16,19,350,350
2023-12-05 09:32:32,16,18,350,350
2023-12-05 09:32:33,16,19,350,350
2023-12-05 09:32:38,17,19,350,350
2023-12-05 09:32:40,17,20,350,350
2023-12-05 09:32:42,18,20,350,350
2023-12-05 09:33:18,17,20,350,350
2023-12-05 09:33:19,17,19,350,350
2023-12-05 09:33:28,17,20,350,350
2023-12-05 09:33:35,17,19,350,350
2023-12-05 09:33:39,17,20,350,350
2023-12-05 09:33:57,17,19,350,350
2023-12-05 09:34:12,16,19,350,350
2023-12-05 09:34:31,16,18,350,350
2023-12-05 09:34:36,15,18,350,350
2023-12-05 09:34:38,16,18,350,350
2023-12-05 09:34:39,15,18,350,350
2023-12-05 09:34:53,15,17,350,350
2023-12-05 09:35:01,15,18,350,350
2023-12-05 09:35:03,15,17,350,350
2023-12-05 09:35:06,15,18,350,350
2023-12-05 09:35:06,15,17,350,350
2023-12-05 09:35:06,15,18,350,350
2023-12-05 09:35:12,16,18,350,350
2023-12-05 09:35:14,15,18,350,350
2023-12-05 09:35:15,16,18,350,350
2023-12-05 09:35:18,16,19,350,350
2023-12-05 09:35:22,17,19,350,350
2023-12-05 09:35:25,17,20,350,350
2023-12-05 09:35:26,17,19,350,350
2023-12-05 09:35:27,17,19,352,352
2023-12-05 09:35:49,17,20,352,352
2023-12-05 09:35:51,17,19,352,352
2023-12-05 09:35:59,16,19,352,352
2023-12-05 09:36:11,16,18,352,352
2023-12-05 09:36:16,15,18,352,352
2023-12-05 09:36:21,15,17,352,352
2023-12-05 09:36:25,15,18,352,352
2023-12-05 09:36:39,15,17,352,352
2023-12-05 09:36:41,16,17,352,352
2023-12-05 09:36:41,16,17,472,472
2023-12-05 09:36:41,16,18,472,472
2023-12-05 09:36:42,15,18,472,472
2023-12-05 09:36:45,16,18,472,472
2023-12-05 09:36:48,16,19,472,472
2023-12-05 09:36:49,17,19,472,472
2023-12-05 09:36:51,17,20,472,472
2023-12-05 09:36:52,17,19,472,472
2023-12-05 09:36:55,16,19,472,472
2023-12-05 09:37:05,17,19,472,472
2023-12-05 09:37:06,16,19,472,472
2023-12-05 09:37:10,17,19,472,472
2023-12-05 09:37:11,16,19,472,472
2023-12-05 09:37:13,16,18,472,472
2023-12-05 09:37:30,16,19,472,472
2023-12-05 09:37:30,16,18,472,472
2023-12-05 09:37:38,16,17,472,472
2023-12-05 09:37:43,16,19,472,472
2023-12-05 09:37:43,16,17,472,472
2023-12-05 09:37:52,16,19,472,472
2023-12-05 09:37:52,16,17,472,472
2023-12-05 09:37:52,16,19,472,472
2023-12-05 09:37:52,16,17,472,472
2023-12-05 09:38:23,15,17,472,472
2023-12-05 09:38:24,16,17,472,472
2023-12-05 09:38:26,15,17,472,472
2023-12-05 09:38:34,16,17,472,472
2023-12-05 09:38:35,15,17,472,472
2023-12-05 09:38:36,15,16,472,472
2023-12-05 09:38:37,15,17,472,472
2023-12-05 09:38:43,14,17,472,472
2023-12-05 09:38:47,14,16,472,472
2023-12-05 09:39:11,15,16,472,472
2023-12-05 09:39:12,14,16,472,472
2023-12-05 09:39:35,14,15,472,472
2023-12-05 09:39:35,14,16,472,472
2023-12-05 09:39:36,14,15,472,472
2023-12-05 09:39:36,14,16,472,472
2023-12-05 09:39:37,14,15,472,472
2023-12-05 09:39:38,14,16,472,472
2023-12-05 09:39:40,15,16,472,472
2023-12-05 09:39:49,14,16,472,472
2023-12-05 09:39:51,15,16,472,472
2023-12-05 09:39:54,14,16,472,472
2023-12-05 09:39:54,14,15,472,472
2023-12-05 09:40:02,14,17,472,472
2023-12-05 09:40:02,14,16,472,472
2023-12-05 09:40:07,14,17,472,472
2023-12-05 09:40:11,14,16,472,472
2023-12-05 09:40:19,14,15,472,472
2023-12-05 09:40:20,14,16,472,472
2023-12-05 09:40:22,14,15,472,472
2023-12-05 09:40:25,14,16,472,472
2023-12-05 09:40:27,14,15,472,472
2023-12-05 09:40:27,14,16,472,472
2023-12-05 09:40:40,14,15,472,472
2023-12-05 09:40:43,14,16,472,472
2023-12-05 09:40:49,14,15,472,472
2023-12-05 09:41:07,14,16,472,472
2023-12-05 09:41:09,14,15,472,472
2023-12-05 09:41:10,14,16,472,472
2023-12-05 09:41:10,14,15,472,472
2023-12-05 09:42:13,14,16,472,472
2023-12-05 09:42:17,14,15,472,472
2023-12-05 09:42:18,14,16,472,472
2023-12-05 09:42:21,14,15,472,472
2023-12-05 09:42:26,14,16,472,472
2023-12-05 09:42:26,14,15,472,472
2023-12-05 09:42:30,14,16,472,472
2023-12-05 09:42:30,14,15,472,472
2023-12-05 09:42:53,14,16,472,472
2023-12-05 09:42:55,14,15,472,472
2023-12-05 09:43:10,14,16,472,472
2023-12-05 09:43:10,14,15,472,472
2023-12-05 09:43:15,14,16,472,472
2023-12-05 09:43:21,14,17,472,472
2023-12-05 09:43:38,15,17,472,472
2023-12-05 09:43:40,14,17,472,472
2023-12-05 09:43:40,15,17,472,472
2023-12-05 09:43:40,14,17,472,472
2023-12-05 09:43:41,15,17,472,472
2023-12-05 09:44:00,15,18,472,472
2023-12-05 09:44:09,16,18,472,472
2023-12-05 09:44:13,16,19,472,472
2023-12-05 09:44:13,17,19,472,472
2023-12-05 09:45:01,17,18,472,472
2023-12-05 09:45:05,15,18,472,472
2023-12-05 09:45:16,16,18,472,472
2023-12-05 09:45:17,15,18,472,472
2023-12-05 09:45:18,16,18,472,472
2023-12-05 09:45:20,15,18,472,472
2023-12-05 09:45:21,15,17,472,472
2023-12-05 09:45:32,15,18,472,472
2023-12-05 09:45:33,15,17,472,472
2023-12-05 09:45:35,14,17,472,472
2023-12-05 09:45:40,14,16,472,472
2023-12-05 09:45:55,14,15,472,472
2023-12-05 09:45:56,14,16,472,472
2023-12-05 09:45:57,14,15,472,472
2023-12-05 09:46:02,14,16,472,472
2023-12-05 09:46:15,14,17,472,472
2023-12-05 09:46:18,14,16,472,472
2023-12-05 09:46:20,14,17,472,472
2023-12-05 09:46:29,15,17,472,472
2023-12-05 09:46:40,14,17,472,472
2023-12-05 09:46:40,15,17,472,472
2023-12-05 09:46:56,15,18,472,472
2023-12-05 09:46:59,16,18,472,472
2023-12-05 09:47:05,16,19,472,472
2023-12-05 09:47:05,17,19,472,472
2023-12-05 09:47:25,18,19,472,472
2023-12-05 09:47:35,17,19,472,472
2023-12-05 09:47:41,16,19,472,472
2023-12-05 09:47:41,17,19,472,472
2023-12-05 09:47:42,16,19,472,472
2023-12-05 09:47:43,16,18,472,472
2023-12-05 09:47:48,16,19,472,472
2023-12-05 09:47:49,16,18,472,472
2023-12-05 09:47:52,17,18,472,472
2023-12-05 09:47:55,17,19,472,472
2023-12-05 09:48:00,16,19,472,472
2023-12-05 09:48:00,17,19,472,472
2023-12-05 09:48:15,16,19,472,472
2023-12-05 09:48:16,17,19,472,472
2023-12-05 09:48:18,16,19,472,472
2023-12-05 09:48:26,17,19,472,472
2023-12-05 09:48:34,16,19,472,472
2023-12-05 09:48:36,17,19,472,472
2023-12-05 09:49:02,16,19,472,472
2023-12-05 09:49:18,17,19,472,472
2023-12-05 09:49:31,16,19,472,472
2023-12-05 09:49:32,17,19,472,472
2023-12-05 09:49:55,18,19,472,472
2023-12-05 09:50:10,17,19,472,472
2023-12-05 09:50:23,18,19,472,472
2023-12-05 09:50:40,18,20,472,472
2023-12-05 09:50:47,19,20,472,472
2023-12-05 09:50:51,18,20,472,472
2023-12-05 09:50:51,19,20,472,472
2023-12-05 09:50:54,18,20,472,472
2023-12-05 09:51:06,18,19,472,472
2023-12-05 09:51:07,18,20,472,472
2023-12-05 09:51:12,18,19,472,472
2023-12-05 09:51:14,16,19,472,472
2023-12-05 09:51:14,17,19,472,472
2023-12-05 09:51:20,18,19,472,472
2023-12-05 09:51:25,18,20,472,472
2023-12-05 09:51:29,17,20,472,472
2023-12-05 09:51:30,17,19,472,472
2023-12-05 09:51:35,16,19,472,472
2023-12-05 09:51:35,17,19,472,472
2023-12-05 09:51:36,16,19,472,472
2023-12-05 09:51:42,16,18,472,472
2023-12-05 09:51:46,17,18,472,472
2023-12-05 09:52:02,17,19,472,472
2023-12-05 09:52:04,18,19,472,472
2023-12-05 09:52:08,18,20,472,472
2023-12-05 09:52:11,18,19,472,472
2023-12-05 09:52:13,16,19,472,472
2023-12-05 09:52:13,17,19,472,472
2023-12-05 09:52:16,16,19,472,472
2023-12-05 09:52:16,17,19,472,472
2023-12-05 09:52:20,16,19,472,472
2023-12-05 09:52:21,17,19,472,472
2023-12-05 09:52:22,16,19,472,472
2023-12-05 09:52:22,17,19,472,472
2023-12-05 09:52:26,16,19,472,472
2023-12-05 09:52:26,17,19,472,472
2023-12-05 09:52:29,18,19,472,472
2023-12-05 09:52:31,18,20,472,472
2023-12-05 09:52:32,18,19,472,472
2023-12-05 09:52:32,17,19,472,472
2023-12-05 09:52:34,18,19,472,472
2023-12-05 09:52:36,17,19,472,472
2023-12-05 09:52:37,17,20,472,472
2023-12-05 09:52:37,18,20,472,472
2023-12-05 09:52:46,17,20,472,472
2023-12-05 09:52:46,18,20,472,472
2023-12-05 09:53:12,17,20,472,472
2023-12-05 09:53:15,18,20,472,472
2023-12-05 09:53:16,17,20,472,472
2023-12-05 09:53:16,18,20,472,472
2023-12-05 09:53:51,19,20,472,472
2023-12-05 09:53:52,19,21,472,472
2023-12-05 09:53:53,20,21,472,472
2023-12-05 09:53:55,20,22,472,472
2023-12-05 09:54:09,19,22,472,472
2023-12-05 09:54:11,20,22,472,472
2023-12-05 09:54:38,21,22,472,472
2023-12-05 09:54:40,20,22,472,472
2023-12-05 09:54:44,21,22,472,472
2023-12-05 09:54:45,20,22,472,472
2023-12-05 09:54:46,21,22,472,472
2023-12-05 09:54:51,20,22,472,472
2023-12-05 09:54:53,21,22,472,472
2023-12-05 09:54:55,20,22,472,472
2023-12-05 09:55:10,21,22,472,472
2023-12-05 09:55:12,20,22,472,472
2023-12-05 09:55:19,21,22,472,472
2023-12-05 09:55:20,20,22,472,472
2023-12-05 09:55:21,21,22,472,472
2023-12-05 09:55:22,20,22,472,472
2023-12-05 09:55:22,21,22,472,472
2023-12-05 09:55:23,19,22,472,472
2023-12-05 09:55:23,20,22,472,472
2023-12-05 09:55:28,21,22,472,472
2023-12-05 09:55:30,20,22,472,472
2023-12-05 09:55:32,21,22,472,472
2023-12-05 09:55:34,20,22,472,472
2023-12-05 09:55:38,21,22,472,472
2023-12-05 09:55:40,20,22,472,472
2023-12-05 09:55:41,21,22,472,472
2023-12-05 09:55:43,20,22,472,472
2023-12-05 09:55:44,21,22,472,472
2023-12-05 09:55:48,20,22,472,472
2023-12-05 09:55:48,21,22,472,472
2023-12-05 09:55:56,20,22,472,472
2023-12-05 09:55:57,21,22,472,472
2023-12-05 09:56:00,21,23,472,472
2023-12-05 09:56:03,20,23,472,472
2023-12-05 09:56:03,21,23,472,472
2023-12-05 09:56:04,20,23,472,472
2023-12-05 09:56:08,20,22,472,472
2023-12-05 09:56:09,20,23,472,472
2023-12-05 09:56:11,20,22,472,472
2023-12-05 09:56:15,19,22,472,472
2023-12-05 09:56:21,20,22,472,472
2023-12-05 09:56:24,20,23,472,472
2023-12-05 09:56:26,20,22,472,472
2023-12-05 09:56:36,20,23,472,472
2023-12-05 09:56:36,20,22,472,472
2023-12-05 09:56:47,19,22,472,472
2023-12-05 09:56:48,19,22,472,472
2023-12-05 09:56:55,19,21,472,472
2023-12-05 09:57:03,19,22,472,472
2023-12-05 09:57:03,19,21,472,472
2023-12-05 09:57:04,20,21,472,472
2023-12-05 09:57:04,20,22,472,472
2023-12-05 09:57:05,19,22,472,472
2023-12-05 09:57:07,19,21,472,472
2023-12-05 09:57:36,18,21,472,472
2023-12-05 09:57:37,18,20,472,472
2023-12-05 09:57:40,18,19,472,472
2023-12-05 09:58:26,17,19,472,472
2023-12-05 09:58:33,18,19,472,472
2023-12-05 09:58:38,17,19,472,472
2023-12-05 09:59:15,18,19,472,472
2023-12-05 09:59:16,17,19,472,472
2023-12-05 09:59:17,18,19,472,472
2023-12-05 09:59:39,17,19,472,472
2023-12-05 10:00:01,18,19,472,472
2023-12-05 10:00:01,19,21,709,709
2023-12-05 10:00:02,21,22,709,809
2023-12-05 10:00:02,21,23,1209,1309
2023-12-05 10:00:02,23,24,1709,1809
2023-12-05 10:00:02,21,24,2009,2109
2023-12-05 10:00:05,24,25,1809,2309
2023-12-05 10:00:06,23,25,1809,2309
2023-12-05 10:00:06,24,25,1809,2309
2023-12-05 10:00:06,25,26,1209,2909
2023-12-05 10:00:07,25,27,1209,2909
2023-12-05 10:00:07,26,27,1209,2909
2023-12-05 10:00:08,25,27,1009,3109
2023-12-05 10:00:09,25,26,1009,3109
2023-12-05 10:00:10,25,26,1009,3309
2023-12-05 10:00:10,24,26,1009,3309
2023-12-05 10:00:11,23,26,1009,3309
2023-12-05 10:00:11,23,25,1009,3309
2023-12-05 10:00:12,24,25,1009,3309
2023-12-05 10:00:13,24,26,1009,3309
2023-12-05 10:00:17,23,26,1009,3309
2023-12-05 10:00:19,24,25,1009,3309
2023-12-05 10:00:19,24,26,1009,3309
2023-12-05 10:00:25,23,26,1009,3309
2023-12-05 10:00:25,23,25,1009,3309
2023-12-05 10:00:28,24,25,1009,3309
2023-12-05 10:00:28,24,26,1009,3309
2023-12-05 10:00:35,25,26,1009,3309
2023-12-05 10:00:37,25,27,1009,3509
2023-12-05 10:00:41,25,28,1009,3509
2023-12-05 10:00:41,26,28,1009,3509
2023-12-05 10:00:44,27,28,1009,3509
2023-12-05 10:00:44,27,29,1009,3509
2023-12-05 10:00:45,27,29,1009,3859
2023-12-05 10:00:46,27,28,1009,3859
2023-12-05 10:00:55,27,29,1009,4059
2023-12-05 10:00:57,27,30,1009,4059
2023-12-05 10:00:58,28,30,1009,4059
2023-12-05 10:00:59,27,30,1009,4059
2023-12-05 10:01:00,28,30,1009,4059
2023-12-05 10:01:05,27,30,1009,4059
2023-12-05 10:01:06,27,29,1009,4059
2023-12-05 10:01:09,26,29,1009,4059
2023-12-05 10:01:09,26,28,1009,4059
2023-12-05 10:01:12,25,28,1009,4059
2023-12-05 10:01:17,24,28,1009,4059
2023-12-05 10:01:17,24,27,1009,4059
2023-12-05 10:01:19,25,27,1009,4059
2023-12-05 10:01:22,25,28,1009,4059
2023-12-05 10:01:24,25,29,1009,4059
2023-12-05 10:01:26,26,29,1009,4059
2023-12-05 10:01:28,26,28,1009,4059
2023-12-05 10:01:29,27,28,1009,4059
2023-12-05 10:01:29,27,29,1009,4059
2023-12-05 10:01:36,27,30,1009,4059
2023-12-05 10:01:40,27,29,1009,4059
2023-12-05 10:01:44,27,30,1009,4059
2023-12-05 10:01:45,27,29,1009,4059
2023-12-05 10:01:51,27,30,1009,4059
2023-12-05 10:01:54,27,29,1009,4059
2023-12-05 10:01:56,27,30,892,4259
2023-12-05 10:02:05,28,30,892,4259
2023-12-05 10:02:12,29,30,892,4259
2023-12-05 10:02:13,29,31,892,4259
2023-12-05 10:02:20,30,31,892,4259
2023-12-05 10:02:21,30,32,892,4259
2023-12-05 10:02:22,31,32,892,4259
2023-12-05 10:02:26,31,33,892,4259
2023-12-05 10:02:34,31,34,892,4259
2023-12-05 10:02:34,32,34,892,4259
2023-12-05 10:02:34,32,34,899,4266
2023-12-05 10:02:39,33,34,899,4266
2023-12-05 10:02:51,32,34,899,4266
2023-12-05 10:02:51,31,34,899,4266
2023-12-05 10:02:54,32,34,899,4266
2023-12-05 10:02:56,31,34,899,4266
2023-12-05 10:03:06,31,33,899,4266
2023-12-05 10:03:07,30,33,899,4266
2023-12-05 10:03:09,31,33,899,4266
2023-12-05 10:03:21,31,34,899,4266
2023-12-05 10:03:27,32,34,899,4266
2023-12-05 10:03:28,32,35,1083,4466
2023-12-05 10:03:31,33,35,1083,4466
2023-12-05 10:03:33,32,35,1083,4466
2023-12-05 10:03:35,33,35,1083,4466
2023-12-05 10:03:39,32,35,1083,4466
2023-12-05 10:03:40,32,34,1083,4466
2023-12-05 10:03:42,32,35,1083,4466
2023-12-05 10:03:43,32,34,1083,4466
2023-12-05 10:03:48,31,34,1083,4466
2023-12-05 10:03:52,32,34,1083,4466
2023-12-05 10:03:53,32,35,1083,4466
2023-12-05 10:03:56,32,34,1083,4466
2023-12-05 10:03:59,32,35,1083,4466
2023-12-05 10:04:03,34,35,1083,4466
2023-12-05 10:04:06,34,36,1083,4466
2023-12-05 10:04:10,35,36,1083,4466
2023-12-05 10:04:13,35,37,1083,4466
2023-12-05 10:04:22,34,37,1083,4466
2023-12-05 10:04:23,35,37,1083,4466
2023-12-05 10:04:33,34,37,1083,4466
2023-12-05 10:04:48,34,36,1083,4466
2023-12-05 10:04:48,34,36,1383,4766
2023-12-05 10:04:54,34,37,1383,4766
2023-12-05 10:04:58,35,37,1383,4766
2023-12-05 10:05:02,34,37,1383,4766
2023-12-05 10:05:06,34,35,1383,4766
2023-12-05 10:05:10,33,35,1383,4766
2023-12-05 10:05:12,33,34,1383,4766
2023-12-05 10:05:12,32,34,1383,4766
2023-12-05 10:05:13,32,35,1383,4766
2023-12-05 10:05:13,33,35,1383,4766
2023-12-05 10:05:18,32,35,1383,4766
2023-12-05 10:05:23,32,33,1383,4766
2023-12-05 10:05:23,31,33,1383,4766
2023-12-05 10:05:25,31,32,1383,4766
2023-12-05 10:05:29,31,33,1383,4766
2023-12-05 10:05:34,31,32,1383,4766
2023-12-05 10:05:35,30,32,1383,4766
2023-12-05 10:05:46,30,31,1383,4766
2023-12-05 10:06:03,30,32,1383,4766
2023-12-05 10:06:04,31,32,1383,4766
2023-12-05 10:06:07,30,32,1383,4766
2023-12-05 10:06:10,31,32,1383,4766
2023-12-05 10:06:11,30,32,1383,4766
2023-12-05 10:06:18,30,31,1383,4766
2023-12-05 10:06:20,29,31,1383,4766
2023-12-05 10:06:23,30,31,1383,4766
2023-12-05 10:06:26,29,31,1383,4766
2023-12-05 10:06:27,29,32,1383,4766
2023-12-05 10:06:27,30,32,1383,4766
2023-12-05 10:06:31,30,31,1383,4766
2023-12-05 10:06:34,30,32,1383,4766
2023-12-05 10:06:43,29,32,1383,4766
2023-12-05 10:06:43,29,31,1383,4766
2023-12-05 10:06:44,30,31,1383,4766
2023-12-05 10:06:48,30,32,1383,4766
2023-12-05 10:06:53,30,33,1383,4766
2023-12-05 10:06:53,31,33,1383,4766
2023-12-05 10:06:55,31,32,1383,4766
2023-12-05 10:07:03,31,33,1383,4766
2023-12-05 10:07:11,31,32,1383,4766
2023-12-05 10:07:17,30,32,1383,4766
2023-12-05 10:07:20,31,32,1383,4766
2023-12-05 10:07:22,31,33,1383,4766
2023-12-05 10:07:32,30,33,1383,4766
2023-12-05 10:07:32,31,33,1383,4766
2023-12-05 10:07:32,32,33,1383,4766
2023-12-05 10:07:35,32,34,1383,4766
2023-12-05 10:07:40,32,33,1383,4766
2023-12-05 10:07:41,31,33,1383,4766
2023-12-05 10:07:41,30,33,1383,4766
2023-12-05 10:07:41,31,33,1383,4766
2023-12-05 10:07:43,31,32,1383,4766
2023-12-05 10:07:44,30,32,1383,4766
2023-12-05 10:07:44,29,32,1383,4766
2023-12-05 10:07:44,30,32,1383,4766
2023-12-05 10:07:46,29,32,1383,4766
2023-12-05 10:07:46,31,32,1383,4766
2023-12-05 10:07:49,30,32,1383,4766
2023-12-05 10:07:49,30,32,1383,4766
2023-12-05 10:07:50,29,32,1383,4766
2023-12-05 10:07:50,30,32,1383,4766
2023-12-05 10:07:50,31,32,1383,4766
2023-12-05 10:07:52,31,33,1383,4766
2023-12-05 10:08:15,31,32,1383,4766
2023-12-05 10:08:17,29,32,1383,4766
2023-12-05 10:08:17,30,32,1383,4766
2023-12-05 10:08:23,30,31,1383,4766
2023-12-05 10:08:23,29,31,1383,4766
2023-12-05 10:08:24,29,30,1383,4766
2023-12-05 10:08:33,29,31,1383,4766
2023-12-05 10:08:36,28,31,1383,4766
2023-12-05 10:08:36,30,31,1383,4766
2023-12-05 10:08:37,28,31,1383,4766
2023-12-05 10:08:37,29,31,1383,4766
2023-12-05 10:08:43,29,30,1383,4766
2023-12-05 10:09:05,29,31,1383,4766
2023-12-05 10:09:06,30,31,1383,4766
2023-12-05 10:09:12,30,32,1383,4766
2023-12-05 10:09:13,29,32,1383,4766
2023-12-05 10:09:13,31,32,1383,4766
2023-12-05 10:09:15,29,32,1383,4766
2023-12-05 10:09:15,30,32,1383,4766
2023-12-05 10:09:19,30,31,1383,4766
2023-12-05 10:09:20,30,32,1383,4766
2023-12-05 10:09:26,30,31,1383,4766
2023-12-05 10:09:27,29,31,1383,4766
2023-12-05 10:09:27,28,31,1383,4766
2023-12-05 10:09:27,29,31,1383,4766
2023-12-05 10:09:43,29,30,1383,4766
2023-12-05 10:09:46,29,31,1383,4766
2023-12-05 10:09:46,29,30,1383,4766
2023-12-05 10:09:47,28,30,1383,4766
2023-12-05 10:09:47,29,30,1383,4766
2023-12-05 10:09:48,28,30,1383,4766
2023-12-05 10:09:50,29,30,1383,4766
2023-12-05 10:10:01,28,30,1383,4766
2023-12-05 10:10:02,29,30,1383,4766
2023-12-05 10:10:06,29,31,1383,4766
2023-12-05 10:10:06,28,31,1383,4766
2023-12-05 10:10:06,30,31,1383,4766
2023-12-05 10:10:08,29,31,1383,4766
2023-12-05 10:10:08,28,31,1383,4766
2023-12-05 10:10:08,29,31,1383,4766
2023-12-05 10:10:17,28,31,1383,4766
2023-12-05 10:10:17,28,30,1383,4766
2023-12-05 10:10:20,29,30,1383,4766
2023-12-05 10:10:21,29,31,1383,4766
2023-12-05 10:10:37,29,30,1383,4766
2023-12-05 10:10:40,29,31,1383,4766
2023-12-05 10:10:40,29,30,1383,4766
2023-12-05 10:10:41,29,31,1383,4766
2023-12-05 10:10:41,29,30,1383,4766
2023-12-05 10:10:43,29,31,1383,4766
2023-12-05 10:10:44,29,30,1383,4766
2023-12-05 10:10:52,29,31,1383,4766
2023-12-05 10:10:53,28,31,1383,4766
2023-12-05 10:10:53,30,31,1383,4766
2023-12-05 10:11:05,30,32,1383,4766
2023-12-05 10:11:08,30,31,1383,4766
2023-12-05 10:11:09,30,32,1383,4766
2023-12-05 10:11:11,30,31,1383,4766
2023-12-05 10:11:18,29,31,1383,4766
2023-12-05 10:11:18,28,31,1383,4766
2023-12-05 10:11:18,29,31,1383,4766
2023-12-05 10:11:20,28,31,1383,4766
2023-12-05 10:11:20,28,30,1383,4766
2023-12-05 10:11:28,28,29,1383,4766
2023-12-05 10:11:32,27,29,1383,4766
2023-12-05 10:11:41,27,28,1383,4766
2023-12-05 10:11:46,26,28,1383,4766
2023-12-05 10:11:47,27,28,1383,4766
2023-12-05 10:11:58,26,28,1383,4866
2023-12-05 10:11:58,26,27,1383,4866
2023-12-05 10:12:05,25,27,1383,4866
2023-12-05 10:12:18,25,26,1383,4866
2023-12-05 10:12:19,25,27,1383,4866
2023-12-05 10:12:38,25,26,1383,4866
2023-12-05 10:12:39,25,27,1383,4866
2023-12-05 10:12:41,26,27,1383,4866
2023-12-05 10:12:41,26,28,1383,4866
2023-12-05 10:12:45,26,29,1383,4866
2023-12-05 10:12:47,27,29,1383,4866
2023-12-05 10:12:48,28,29,1383,4866
2023-12-05 10:12:48,28,30,1383,4866
2023-12-05 10:12:48,28,31,1383,4866
2023-12-05 10:12:49,29,31,1383,4866
2023-12-05 10:13:27,29,32,1583,5066
2023-12-05 10:13:27,30,32,1583,5066
2023-12-05 10:13:28,31,32,1583,5066
2023-12-05 10:13:30,30,32,1583,5066
2023-12-05 10:13:30,31,32,1583,5066
2023-12-05 10:13:33,29,32,1583,5066
2023-12-05 10:13:34,29,31,1583,5066
2023-12-05 10:13:41,28,31,1583,5066
2023-12-05 10:13:42,28,30,1583,5066
2023-12-05 10:13:43,27,30,1583,5066
2023-12-05 10:13:44,27,30,1583,5066
2023-12-05 10:13:45,27,29,1583,5066
2023-12-05 10:13:48,27,28,1583,5066
2023-12-05 10:13:49,26,28,1583,5066
2023-12-05 10:13:54,26,27,1583,5066
2023-12-05 10:13:54,25,27,1583,5066
2023-12-05 10:13:56,25,28,1583,5066
2023-12-05 10:13:56,26,28,1583,5066
2023-12-05 10:13:57,26,27,1583,5066
2023-12-05 10:13:57,25,27,1583,5066
2023-12-05 10:14:02,25,27,1663,5146
2023-12-05 10:14:03,25,28,1663,5146
2023-12-05 10:14:03,26,28,1663,5146
2023-12-05 10:14:09,26,27,1663,5146
2023-12-05 10:14:11,25,27,1663,5146
2023-12-05 10:14:11,25,26,1663,5146
2023-12-05 10:14:12,24,26,1663,5146
2023-12-05 10:14:13,24,25,1663,5146
2023-12-05 10:14:20,24,26,1663,5146
2023-12-05 10:14:29,24,25,1663,5146
2023-12-05 10:14:33,24,26,1663,5146
2023-12-05 10:14:33,25,26,1663,5146
2023-12-05 10:14:36,25,27,1663,5146
2023-12-05 10:14:46,25,26,1663,5146
2023-12-05 10:14:47,25,27,1663,5146
2023-12-05 10:14:51,26,27,1663,5146
2023-12-05 10:14:52,26,28,1663,5146
2023-12-05 10:14:59,26,27,1663,5146
2023-12-05 10:15:02,26,28,1663,5146
2023-12-05 10:15:09,25,28,1663,5146
2023-12-05 10:15:09,25,27,1663,5146
2023-12-05 10:15:12,26,27,1663,5146
2023-12-05 10:15:13,25,27,1663,5146
2023-12-05 10:15:22,25,26,1663,5146
2023-12-05 10:15:23,25,27,1663,5146
2023-12-05 10:15:33,25,26,1663,5146
2023-12-05 10:15:35,25,27,1663,5146
2023-12-05 10:15:37,24,27,1663,5146
2023-12-05 10:15:37,24,26,1663,5146
2023-12-05 10:15:40,24,27,1663,5146
2023-12-05 10:15:40,25,27,1663,5146
2023-12-05 10:15:46,24,27,1663,5146
2023-12-05 10:15:46,24,26,1663,5146
2023-12-05 10:15:48,25,26,1663,5146
2023-12-05 10:15:52,25,27,1663,5146
2023-12-05 10:15:54,24,27,1663,5146
2023-12-05 10:15:54,24,26,1663,5146
2023-12-05 10:15:54,24,25,1663,5146
2023-12-05 10:16:03,24,25,1583,5226
2023-12-05 10:16:05,25,27,1483,5326
2023-12-05 10:16:06,24,27,1483,5326
2023-12-05 10:16:09,24,26,1483,5326
2023-12-05 10:16:09,24,25,1483,5326
2023-12-05 10:16:14,24,26,1483,5326
2023-12-05 10:16:24,24,25,1483,5326
2023-12-05 10:16:25,24,26,1483,5326
2023-12-05 10:16:34,24,25,1483,5326
2023-12-05 10:16:35,24,26,1483,5326
2023-12-05 10:16:39,24,25,1483,5326
2023-12-05 10:16:41,24,27,1483,5326
2023-12-05 10:16:47,24,26,1483,5326
2023-12-05 10:16:49,24,27,1483,5326
2023-12-05 10:16:49,24,25,1483,5326
2023-12-05 10:16:51,24,26,1483,5326
2023-12-05 10:17:01,24,25,1483,5326
2023-12-05 10:17:02,24,26,1483,5326
2023-12-05 10:17:26,24,25,1483,5326
2023-12-05 10:17:35,24,27,1483,5326
2023-12-05 10:17:37,25,27,1483,5326
2023-12-05 10:17:41,25,28,1483,5326
2023-12-05 10:17:45,25,27,1483,5326
2023-12-05 10:17:50,24,27,1483,5326
2023-12-05 10:17:51,25,27,1483,5326
2023-12-05 10:17:52,24,27,1483,5326
2023-12-05 10:17:53,25,27,1483,5326
2023-12-05 10:17:53,25,26,1483,5326
2023-12-05 10:17:54,24,26,1483,5326
2023-12-05 10:17:55,25,26,1483,5326
2023-12-05 10:17:56,24,26,1483,5326
2023-12-05 10:17:57,24,27,1483,5326
2023-12-05 10:18:06,25,27,1483,5326
2023-12-05 10:18:06,25,26,1483,5326
2023-12-05 10:18:13,25,27,1483,5326
2023-12-05 10:18:15,25,28,1483,5326
2023-12-05 10:18:17,25,27,1483,5326
2023-12-05 10:18:20,24,27,1483,5326
2023-12-05 10:18:20,24,26,1483,5326
2023-12-05 10:18:21,25,26,1483,5326
2023-12-05 10:18:42,25,27,1483,5326
2023-12-05 10:18:43,24,27,1483,5326
2023-12-05 10:18:44,25,27,1483,5326
2023-12-05 10:18:45,24,27,1483,5326
2023-12-05 10:18:48,24,26,1483,5326
2023-12-05 10:19:15,24,27,1483,5326
2023-12-05 10:19:22,25,27,1483,5326
2023-12-05 10:19:23,26,27,1483,5326
2023-12-05 10:19:23,26,28,1483,5326
2023-12-05 10:19:40,26,27,1483,5326
2023-12-05 10:19:45,26,29,1483,5326
2023-12-05 10:19:45,26,27,1483,5326
2023-12-05 10:19:54,26,29,1483,5326
2023-12-05 10:19:54,26,27,1483,5326
2023-12-05 10:19:55,26,29,1483,5326
2023-12-05 10:19:55,26,28,1483,5326
2023-12-05 10:19:56,27,28,1483,5326
2023-12-05 10:19:57,27,29,1483,5326
2023-12-05 10:20:07,28,29,1483,5326
2023-12-05 10:20:07,28,30,1483,5326
2023-12-05 10:20:12,29,30,1483,5326
2023-12-05 10:20:17,28,30,1483,5326
2023-12-05 10:20:18,29,30,1483,5326
2023-12-05 10:20:25,29,31,1483,5326
2023-12-05 10:20:38,30,31,1483,5326
2023-12-05 10:20:39,30,32,1483,5326
2023-12-05 10:21:08,29,32,1483,5326
2023-12-05 10:21:10,29,31,1483,5326
2023-12-05 10:21:13,28,31,1483,5326
2023-12-05 10:21:14,29,31,1483,5326
2023-12-05 10:21:18,28,31,1483,5326
2023-12-05 10:21:19,29,31,1483,5326
2023-12-05 10:21:22,29,32,1483,5326
2023-12-05 10:21:26,30,32,1483,5326
2023-12-05 10:21:27,30,32,1483,5386
2023-12-05 10:21:38,29,32,1483,5386
2023-12-05 10:21:56,29,31,1483,5386
2023-12-05 10:21:57,29,32,1483,5386
2023-12-05 10:21:57,29,30,1483,5386
2023-12-05 10:21:59,29,32,1483,5386
2023-12-05 10:21:59,29,31,1483,5386
2023-12-05 10:22:03,30,31,1483,5386
2023-12-05 10:22:03,30,32,1483,5386
2023-12-05 10:22:04,30,31,1483,5386
2023-12-05 10:22:04,30,32,1483,5386
2023-12-05 10:22:04,30,31,1483,5386
2023-12-05 10:22:05,29,31,1483,5386
2023-12-05 10:22:06,30,31,1483,5386
2023-12-05 10:22:06,30,32,1483,5386
2023-12-05 10:22:10,31,32,1483,5386
2023-12-05 10:22:11,31,33,1483,5386
2023-12-05 10:22:20,31,34,1683,5586
2023-12-05 10:22:21,32,34,1683,5586
2023-12-05 10:22:22,32,35,1683,5586
2023-12-05 10:22:22,33,35,1683,5586
2023-12-05 10:22:22,33,35,1683,5706
2023-12-05 10:22:36,34,35,1683,5706
2023-12-05 10:22:36,34,36,1683,5706
2023-12-05 10:22:36,34,36,1683,5826
2023-12-05 10:22:41,35,36,1683,5826
2023-12-05 10:22:42,35,37,1883,6026
2023-12-05 10:22:53,34,37,1883,6026
2023-12-05 10:22:54,35,37,1883,6026
2023-12-05 10:22:55,34,37,1883,6026
2023-12-05 10:22:59,34,36,1883,6026
2023-12-05 10:23:00,34,35,1883,6026
2023-12-05 10:23:00,33,35,1883,6026
2023-12-05 10:23:01,32,35,1883,6026
2023-12-05 10:23:01,31,35,1883,6026
2023-12-05 10:23:01,31,34,1883,6026
2023-12-05 10:23:01,31,33,1883,6026
2023-12-05 10:23:03,31,32,1883,6026
2023-12-05 10:23:04,30,32,1883,6026
2023-12-05 10:23:07,30,31,1883,6026
2023-12-05 10:23:13,29,31,1883,6026
2023-12-05 10:23:13,29,30,1883,6026
2023-12-05 10:23:15,29,31,1883,6026
2023-12-05 10:23:19,29,30,1883,6026
2023-12-05 10:23:26,29,31,1883,6026
2023-12-05 10:23:32,30,31,1883,6026
2023-12-05 10:23:32,30,32,1883,6026
2023-12-05 10:23:42,30,33,1883,6026
2023-12-05 10:23:45,30,32,1883,6026
2023-12-05 10:24:05,30,33,1883,6026
2023-12-05 10:24:05,31,33,1883,6026
2023-12-05 10:24:06,30,33,1883,6026
2023-12-05 10:24:08,30,32,1883,6026
2023-12-05 10:24:12,30,31,1883,6026
2023-12-05 10:24:15,29,31,1883,6026
2023-12-05 10:24:15,30,31,1883,6026
2023-12-05 10:24:18,30,32,1883,6026
2023-12-05 10:24:23,30,31,1883,6026
2023-12-05 10:24:23,30,32,1883,6026
2023-12-05 10:24:25,30,31,1883,6026
2023-12-05 10:24:30,30,32,1883,6026
2023-12-05 10:24:32,30,33,1883,6026
2023-12-05 10:24:33,31,33,1883,6026
2023-12-05 10:24:34,30,33,1883,6026
2023-12-05 10:24:35,30,32,1883,6026
2023-12-05 10:24:40,30,33,1883,6026
2023-12-05 10:24:42,30,32,1883,6026
2023-12-05 10:24:47,31,32,1883,6026
2023-12-05 10:24:56,31,33,1883,6026
2023-12-05 10:25:08,31,32,1883,6026
2023-12-05 10:25:10,31,33,1883,6026
2023-12-05 10:25:12,30,33,1883,6026
2023-12-05 10:25:13,30,32,1883,6026
2023-12-05 10:25:34,29,32,1883,6026
2023-12-05 10:25:34,29,31,1883,6026
2023-12-05 10:25:35,30,31,1883,6026
2023-12-05 10:25:36,29,31,1883,6026
2023-12-05 10:25:49,29,30,1883,6026
2023-12-05 10:25:56,27,30,1883,6026
2023-12-05 10:25:56,27,28,1883,6026
2023-12-05 10:26:05,27,29,1883,6026
2023-12-05 10:26:16,27,28,1883,6026
2023-12-05 10:26:21,26,28,1883,6026
2023-12-05 10:26:21,26,27,1883,6026
2023-12-05 10:26:29,25,27,1883,6026
2023-12-05 10:26:29,25,26,1883,6026
2023-12-05 10:26:41,25,26,1583,6326
2023-12-05 10:26:44,24,26,1583,6326
2023-12-05 10:26:45,24,25,1583,6326
2023-12-05 10:26:47,23,25,1583,6326
2023-12-05 10:26:47,23,24,1583,6326
2023-12-05 10:26:49,23,25,1583,6326
2023-12-05 10:26:50,23,24,1583,6326
2023-12-05 10:26:51,23,25,1583,6326
2023-12-05 10:26:52,22,25,1583,6326
2023-12-05 10:26:52,22,24,1583,6326
2023-12-05 10:26:53,22,23,1583,6326
2023-12-05 10:26:57,22,24,1583,6326
2023-12-05 10:27:05,22,23,1583,6326
2023-12-05 10:27:19,22,24,1583,6326
2023-12-05 10:27:19,22,23,1583,6326
2023-12-05 10:27:21,22,24,1583,6326
2023-12-05 10:27:23,22,23,1583,6326
2023-12-05 10:27:40,22,24,1583,6326
2023-12-05 10:27:57,22,23,1583,6326
2023-12-05 10:28:00,21,23,1583,6326
2023-12-05 10:28:15,21,24,1583,6326
2023-12-05 10:28:24,21,23,1583,6326
2023-12-05 10:28:24,21,22,1583,6326
2023-12-05 10:28:26,21,23,1583,6326
2023-12-05 10:28:40,21,24,1583,6326
2023-12-05 10:28:50,21,23,1583,6326
2023-12-05 10:28:53,21,24,1583,6326
2023-12-05 10:28:53,21,23,1583,6326
2023-12-05 10:28:54,21,24,1583,6326
2023-12-05 10:29:02,22,24,1583,6326
2023-12-05 10:29:04,21,24,1583,6326
2023-12-05 10:29:07,22,24,1583,6326
2023-12-05 10:29:10,22,25,1583,6326
2023-12-05 10:29:19,23,25,1583,6326
2023-12-05 10:29:22,23,26,1583,6326
2023-12-05 10:29:25,24,26,1583,6326
2023-12-05 10:29:28,23,26,1583,6326
2023-12-05 10:29:30,24,26,1583,6326
2023-12-05 10:29:31,25,26,1583,6326
2023-12-05 10:29:31,25,27,1583,6326
2023-12-05 10:29:47,26,27,1583,6326
2023-12-05 10:29:48,26,28,1583,6326
2023-12-05 10:29:55,26,29,1583,6326
2023-12-05 10:29:55,27,29,1583,6326
2023-12-05 10:30:01,28,29,1583,6326
2023-12-05 10:30:01,28,30,1583,6326
2023-12-05 10:30:02,27,30,1583,6326
2023-12-05 10:30:10,28,30,1583,6326
2023-12-05 10:30:19,28,31,1583,6326
2023-12-05 10:30:20,28,31,1583,6326
2023-12-05 10:30:21,29,31,1583,6326
2023-12-05 10:30:23,28,31,1583,6326
2023-12-05 10:30:23,29,31,1583,6326
2023-12-05 10:30:31,28,31,1583,6326
2023-12-05 10:30:32,28,30,1583,6326
2023-12-05 10:30:37,28,31,1583,6326
2023-12-05 10:30:39,29,31,1583,6326
2023-12-05 10:30:42,29,32,1583,6326
2023-12-05 10:30:49,30,32,1583,6326
2023-12-05 10:30:59,30,31,1583,6326
2023-12-05 10:31:02,30,32,1583,6326
2023-12-05 10:31:02,30,31,1583,6326
2023-12-05 10:31:05,30,32,1583,6326
2023-12-05 10:31:07,30,31,1583,6326
2023-12-05 10:31:09,30,32,1583,6326
2023-12-05 10:31:10,31,32,1583,6326
2023-12-05 10:31:13,31,33,1583,6326
2023-12-05 10:31:23,31,32,1583,6326
2023-12-05 10:31:24,31,33,1583,6326
2023-12-05 10:31:24,31,32,1583,6326
2023-12-05 10:31:26,31,33,1583,6326
2023-12-05 10:31:26,31,32,1583,6326
2023-12-05 10:31:40,30,32,1583,6326
2023-12-05 10:31:40,30,31,1583,6326
2023-12-05 10:31:46,30,32,1583,6326
2023-12-05 10:31:46,30,31,1583,6326
2023-12-05 10:31:51,30,33,1583,6326
2023-12-05 10:31:51,30,32,1583,6326
2023-12-05 10:31:55,30,33,1583,6326
2023-12-05 10:31:56,31,33,1583,6326
2023-12-05 10:32:04,31,32,1583,6326
2023-12-05 10:32:07,31,33,1583,6326
2023-12-05 10:32:07,31,32,1583,6326
2023-12-05 10:32:08,31,33,1583,6326
2023-12-05 10:32:08,31,32,1583,6326
2023-12-05 10:32:14,30,32,1583,6326
2023-12-05 10:32:22,30,31,1583,6326
2023-12-05 10:32:22,29,31,1583,6326
2023-12-05 10:32:34,29,32,1583,6326
2023-12-05 10:32:35,29,31,1583,6326
2023-12-05 10:32:38,29,30,1583,6326
2023-12-05 10:32:41,28,30,1583,6326
2023-12-05 10:32:45,28,31,1583,6326
2023-12-05 10:32:48,29,31,1583,6326
2023-12-05 10:32:58,28,31,1583,6326
2023-12-05 10:32:59,29,31,1583,6326
2023-12-05 10:33:00,29,30,1583,6326
2023-12-05 10:33:14,29,31,1583,6326
2023-12-05 10:33:19,29,30,1583,6326
2023-12-05 10:33:26,29,31,1583,6326
2023-12-05 10:33:26,29,30,1583,6326
2023-12-05 10:33:28,29,31,1583,6326
2023-12-05 10:33:29,29,30,1583,6326
2023-12-05 10:33:30,28,30,1583,6326
2023-12-05 10:33:32,28,31,1583,6326
2023-12-05 10:33:33,28,30,1583,6326
2023-12-05 10:33:39,27,30,1583,6326
2023-12-05 10:33:40,28,30,1583,6326
2023-12-05 10:33:44,28,31,1583,6326
2023-12-05 10:33:48,29,31,1583,6326
2023-12-05 10:33:54,29,32,1583,6326
2023-12-05 10:33:55,29,31,1583,6326
2023-12-05 10:34:00,28,31,1583,6326
2023-12-05 10:34:03,28,30,1583,6326
2023-12-05 10:34:05,29,30,1583,6326
2023-12-05 10:34:05,29,31,1583,6326
2023-12-05 10:34:06,28,31,1583,6326
2023-12-05 10:34:06,28,30,1583,6326
2023-12-05 10:34:07,29,30,1583,6326
2023-12-05 10:34:07,29,31,1583,6326
2023-12-05 10:34:09,28,31,1583,6326
2023-12-05 10:34:09,28,30,1583,6326
2023-12-05 10:34:12,28,31,1583,6326
2023-12-05 10:34:12,28,30,1583,6326
2023-12-05 10:34:21,27,30,1583,6326
2023-12-05 10:34:22,27,29,1583,6326
2023-12-05 10:34:26,26,29,1583,6326
2023-12-05 10:34:28,27,29,1583,6326
2023-12-05 10:34:31,26,29,1583,6326
2023-12-05 10:34:32,26,28,1583,6326
2023-12-05 10:34:46,26,27,1583,6326
2023-12-05 10:34:53,26,28,1583,6326
2023-12-05 10:34:54,26,27,1583,6326
2023-12-05 10:34:55,26,28,1583,6326
2023-12-05 10:34:56,26,27,1583,6326
2023-12-05 10:34:58,26,28,1583,6326
2023-12-05 10:34:58,26,27,1583,6326
2023-12-05 10:35:02,26,28,1583,6326
2023-12-05 10:35:02,26,27,1583,6326
2023-12-05 10:35:05,27,28,1391,6518
2023-12-05 10:35:06,26,28,1391,6518
2023-12-05 10:35:06,26,27,1391,6518
2023-12-05 10:35:16,26,29,1391,6518
2023-12-05 10:35:16,26,28,1391,6518
2023-12-05 10:35:17,26,29,1391,6518
2023-12-05 10:35:18,26,28,1391,6518
2023-12-05 10:35:19,26,29,1391,6518
2023-12-05 10:35:19,26,28,1391,6518
2023-12-05 10:35:22,26,27,1391,6518
2023-12-05 10:35:23,26,28,1391,6518
2023-12-05 10:35:23,26,27,1391,6518
2023-12-05 10:35:25,26,28,1391,6518
2023-12-05 10:35:26,26,29,1391,6518
2023-12-05 10:35:26,26,28,1391,6518
2023-12-05 10:35:27,27,28,1391,6518
2023-12-05 10:35:27,27,30,1391,6518
2023-12-05 10:35:33,27,29,1391,6518
2023-12-05 10:35:35,27,30,1391,6518
2023-12-05 10:35:36,28,30,1391,6518
2023-12-05 10:35:37,28,31,1391,6518
2023-12-05 10:35:41,29,31,1391,6518
2023-12-05 10:35:43,28,31,1391,6518
2023-12-05 10:35:48,29,31,1391,6518
2023-12-05 10:35:52,28,31,1391,6518
2023-12-05 10:35:55,28,30,1391,6518
2023-12-05 10:35:56,29,30,1391,6518
2023-12-05 10:35:56,29,31,1391,6518
2023-12-05 10:35:56,29,30,1391,6518
2023-12-05 10:35:58,29,31,1401,6639
2023-12-05 10:36:02,28,31,1401,6639
2023-12-05 10:36:02,28,30,1401,6639
2023-12-05 10:36:05,28,31,1401,6639
2023-12-05 10:36:07,28,30,1401,6639
2023-12-05 10:36:10,28,31,1401,6639
2023-12-05 10:36:19,28,30,1401,6639
2023-12-05 10:36:28,28,31,1401,6639
2023-12-05 10:36:31,28,30,1401,6639
2023-12-05 10:36:35,28,29,1401,6639
2023-12-05 10:36:36,28,30,1401,6639
2023-12-05 10:36:37,28,29,1401,6639
2023-12-05 10:36:38,27,29,1401,6639
2023-12-05 10:36:42,26,29,1401,6639
2023-12-05 10:36:51,26,28,1401,6639
2023-12-05 10:36:59,26,29,1401,6639
2023-12-05 10:36:59,26,27,1401,6639
2023-12-05 10:36:59,26,29,1401,6639
2023-12-05 10:37:00,27,29,1401,6639
2023-12-05 10:37:00,27,28,1401,6639
2023-12-05 10:37:01,27,29,1401,6639
2023-12-05 10:37:08,26,29,1401,6639
2023-12-05 10:37:16,26,28,1401,6639
2023-12-05 10:37:24,26,27,1401,6639
2023-12-05 10:37:35,26,28,1401,6639
2023-12-05 10:37:35,26,27,1401,6639
2023-12-05 10:37:36,25,27,1401,6639
2023-12-05 10:37:36,25,28,1401,6639
2023-12-05 10:37:37,25,27,1401,6639
2023-12-05 10:37:39,25,28,1401,6639
2023-12-05 10:37:42,25,27,1401,6639
2023-12-05 10:37:43,26,27,1401,6639
2023-12-05 10:37:50,26,28,1401,6639
2023-12-05 10:37:55,26,27,1401,6639
2023-12-05 10:37:55,26,28,1401,6639
2023-12-05 10:37:56,26,27,1401,6639
2023-12-05 10:37:56,26,28,1401,6639
2023-12-05 10:37:57,26,29,1401,6639
2023-12-05 10:37:57,26,28,1401,6639
2023-12-05 10:37:58,26,29,1401,6639
2023-12-05 10:37:59,27,29,1401,6639
2023-12-05 10:38:00,27,30,1401,6639
2023-12-05 10:38:03,27,29,1401,6639
2023-12-05 10:38:07,27,30,1401,6639
2023-12-05 10:38:12,28,30,1401,6639
2023-12-05 10:38:13,28,31,1401,6639
2023-12-05 10:38:18,29,31,1401,6639
2023-12-05 10:38:22,29,32,1401,6639
2023-12-05 10:38:28,30,32,1401,6639
2023-12-05 10:38:29,29,32,1401,6639
2023-12-05 10:38:30,30,32,1401,6639
2023-12-05 10:38:36,30,33,1401,6639
2023-12-05 10:38:38,30,32,1401,6639
2023-12-05 10:38:40,29,32,1401,6639
2023-12-05 10:38:43,29,31,1401,6639
2023-12-05 10:38:43,28,31,1401,6639
2023-12-05 10:38:48,29,31,1401,6639
2023-12-05 10:38:57,29,32,1401,6639
2023-12-05 10:38:59,29,31,1401,6639
2023-12-05 10:39:02,29,32,1401,6639
2023-12-05 10:39:02,29,31,1401,6639
2023-12-05 10:39:03,29,32,1401,6639
2023-12-05 10:39:04,30,32,1401,6639
2023-12-05 10:39:05,30,33,1401,6639
2023-12-05 10:39:06,30,32,1401,6639
2023-12-05 10:39:10,30,33,1401,6639
2023-12-05 10:39:14,31,33,1401,6639
2023-12-05 10:39:32,30,33,1401,6639
2023-12-05 10:39:34,30,32,1401,6639
2023-12-05 10:39:38,30,33,1401,6639
2023-12-05 10:39:40,31,33,1401,6639
2023-12-05 10:39:54,30,33,1401,6639
2023-12-05 10:39:55,30,32,1401,6639
2023-12-05 10:40:13,29,32,1401,6639
2023-12-05 10:40:21,28,32,1401,6639
2023-12-05 10:40:21,28,31,1401,6639
2023-12-05 10:40:29,29,31,1401,6639
2023-12-05 10:40:30,29,32,1401,6639
2023-12-05 10:40:33,29,31,1401,6639
2023-12-05 10:40:35,29,32,1401,6639
2023-12-05 10:40:47,29,31,1401,6639
2023-12-05 10:40:50,28,31,1401,6639
2023-12-05 10:40:56,29,31,1401,6639
2023-12-05 10:40:56,29,32,1401,6639
2023-12-05 10:41:09,30,32,1401,6639
2023-12-05 10:41:10,30,33,1401,6639
2023-12-05 10:41:10,31,33,1401,6639
2023-12-05 10:41:15,30,33,1401,6639
2023-12-05 10:41:19,30,32,1401,6639
2023-12-05 10:41:22,29,32,1401,6639
2023-12-05 10:41:35,29,31,1401,6639
2023-12-05 10:41:35,28,31,1401,6639
2023-12-05 10:41:40,28,30,1401,6639
2023-12-05 10:41:47,27,30,1401,6639
2023-12-05 10:41:56,28,30,1401,6639
2023-12-05 10:42:06,28,31,1401,6639
2023-12-05 10:42:11,29,31,1401,6639
2023-12-05 10:42:12,29,32,1401,6639
2023-12-05 10:42:20,30,32,1401,6639
2023-12-05 10:42:22,30,33,1401,6639
2023-12-05 10:42:34,31,33,1401,6639
2023-12-05 10:42:37,30,33,1401,6639
2023-12-05 10:42:44,31,33,1401,6639
2023-12-05 10:42:46,32,33,1401,6639
2023-12-05 10:42:50,31,33,1401,6639
2023-12-05 10:42:51,32,33,1401,6639
2023-12-05 10:42:55,31,33,1401,6639
2023-12-05 10:42:58,30,33,1401,6639
2023-12-05 10:42:58,32,33,1401,6639
2023-12-05 10:43:00,30,33,1401,6639
2023-12-05 10:43:02,31,33,1401,6639
2023-12-05 10:43:03,30,33,1401,6639
2023-12-05 10:43:05,31,33,1401,6639
2023-12-05 10:43:12,32,33,1401,6639
2023-12-05 10:43:16,31,33,1401,6639
2023-12-05 10:43:16,32,33,1401,6639
2023-12-05 10:43:17,30,33,1401,6639
2023-12-05 10:43:17,31,33,1401,6639
2023-12-05 10:43:23,32,33,1401,6639
2023-12-05 10:43:25,31,33,1401,6639
2023-12-05 10:43:25,32,33,1401,6639
2023-12-05 10:43:26,31,33,1401,6639
2023-12-05 10:43:30,32,33,1401,6639
2023-12-05 10:43:37,32,34,1401,6639
2023-12-05 10:43:37,33,34,1401,6639
2023-12-05 10:43:38,33,35,1401,6639
2023-12-05 10:43:39,34,35,1401,6639
2023-12-05 10:43:41,34,36,1401,6639
2023-12-05 10:43:41,35,36,1401,6639
2023-12-05 10:43:43,35,36,1751,6989
2023-12-05 10:43:44,35,37,1751,6989
2023-12-05 10:44:00,34,37,1751,6989
2023-12-05 10:44:09,33,37,1751,6989
2023-12-05 10:44:10,34,36,1751,6989
2023-12-05 10:44:14,34,37,1751,6989
2023-12-05 10:44:19,35,37,1751,6989
2023-12-05 10:44:25,36,37,1751,6989
2023-12-05 10:44:43,35,37,1751,6989
2023-12-05 10:44:43,36,37,1751,6989
2023-12-05 10:44:56,35,37,1751,6989
2023-12-05 10:44:57,36,37,1751,6989
2023-12-05 10:45:08,36,38,1951,7189
2023-12-05 10:45:09,35,38,1951,7189
2023-12-05 10:45:09,36,38,1951,7189
2023-12-05 10:45:20,36,39,1951,7189
2023-12-05 10:45:20,37,39,1951,7189
2023-12-05 10:45:24,38,39,1951,7189
2023-12-05 10:45:25,38,40,1951,7189
2023-12-05 10:45:25,38,41,1951,7189
2023-12-05 10:45:28,39,41,1951,7191
2023-12-05 10:45:37,38,41,1951,7191
2023-12-05 10:45:38,38,40,1951,7191
2023-12-05 10:45:38,37,40,1951,7191
2023-12-05 10:45:42,37,39,1951,7191
2023-12-05 10:45:43,37,40,1951,7191
2023-12-05 10:45:50,38,40,1951,7191
2023-12-05 10:45:57,38,41,1951,7191
2023-12-05 10:46:03,39,41,1951,7191
2023-12-05 10:46:19,39,42,2139,7389
2023-12-05 10:46:20,40,42,2139,7389
2023-12-05 10:46:31,41,42,2139,7389
2023-12-05 10:46:47,41,43,2155,7405
2023-12-05 10:46:51,41,44,2155,7405
2023-12-05 10:46:51,42,44,2155,7405
2023-12-05 10:47:02,41,44,2155,7405
2023-12-05 10:47:03,42,44,2155,7405
2023-12-05 10:47:08,41,44,2155,7405
2023-12-05 10:47:10,42,44,2155,7405
2023-12-05 10:47:15,41,44,2155,7405
2023-12-05 10:47:17,41,43,2155,7405
2023-12-05 10:47:20,40,43,2155,7405
2023-12-05 10:47:21,40,42,2155,7405
2023-12-05 10:47:27,39,42,2155,7405
2023-12-05 10:47:30,39,41,2155,7405
2023-12-05 10:47:34,39,40,2155,7405
2023-12-05 10:47:37,38,40,2155,7405
2023-12-05 10:47:38,38,39,2155,7405
2023-12-05 10:47:39,37,39,2155,7405
2023-12-05 10:47:40,38,39,2155,7405
2023-12-05 10:47:40,38,39,2155,7525
2023-12-05 10:47:41,37,39,2155,7525
2023-12-05 10:47:43,37,40,2155,7525
2023-12-05 10:47:44,38,40,2155,7525
2023-12-05 10:47:46,37,40,2155,7525
2023-12-05 10:47:49,37,39,2155,7525
2023-12-05 10:47:57,37,38,2155,7525
2023-12-05 10:48:00,36,38,2155,7525
2023-12-05 10:48:01,37,38,2155,7525
2023-12-05 10:48:02,36,38,2155,7525
2023-12-05 10:48:10,37,38,2155,7525
2023-12-05 10:48:10,37,39,2155,7525
2023-12-05 10:48:20,36,39,2155,7525
2023-12-05 10:48:20,36,38,2155,7525
2023-12-05 10:48:23,37,38,2155,7525
2023-12-05 10:48:23,37,39,2155,7525
2023-12-05 10:48:25,37,40,2155,7525
2023-12-05 10:48:25,38,40,2155,7525
2023-12-05 10:48:35,38,41,2155,7525
2023-12-05 10:48:42,39,41,2155,7525
2023-12-05 10:48:43,38,41,2155,7525
2023-12-05 10:48:45,39,41,2155,7525
2023-12-05 10:48:58,39,42,2155,7525
2023-12-05 10:49:01,40,42,2155,7525
2023-12-05 10:49:02,40,43,2155,7525
2023-12-05 10:49:10,41,43,2155,7525
2023-12-05 10:49:30,41,44,2155,7525
2023-12-05 10:49:42,42,44,2155,7525
2023-12-05 10:49:51,43,44,2155,7525
2023-12-05 10:49:52,42,44,2155,7525
2023-12-05 10:50:08,41,44,2155,7525
2023-12-05 10:50:46,42,44,2155,7525
2023-12-05 10:50:52,41,44,2155,7525
2023-12-05 10:51:10,42,44,2155,7525
2023-12-05 10:51:19,41,44,2155,7525
2023-12-05 10:51:42,42,44,2155,7525
2023-12-05 10:51:46,41,44,2155,7525
2023-12-05 10:51:56,41,43,2155,7525
2023-12-05 10:52:15,40,43,2155,7525
2023-12-05 10:52:16,41,43,2155,7525
2023-12-05 10:52:17,40,43,2155,7525
2023-12-05 10:52:17,40,42,2155,7525
2023-12-05 10:52:18,41,42,2155,7525
2023-12-05 10:52:18,41,43,2155,7525
2023-12-05 10:52:19,41,42,2155,7525
2023-12-05 10:52:20,40,42,2155,7525
2023-12-05 10:52:21,41,42,2155,7525
2023-12-05 10:52:21,41,43,2155,7525
2023-12-05 10:52:26,40,43,2155,7525
2023-12-05 10:52:26,40,42,2155,7525
2023-12-05 10:52:39,41,42,2155,7525
2023-12-05 10:52:39,41,43,2155,7525
2023-12-05 10:52:41,41,44,2155,7525
2023-12-05 10:52:43,42,44,2155,7525
2023-12-05 10:52:49,43,44,2155,7525
2023-12-05 10:52:50,43,45,2155,7525
2023-12-05 10:52:50,44,45,2155,7525
2023-12-05 10:52:53,44,46,2155,7525
2023-12-05 10:53:01,43,46,2155,7525
2023-12-05 10:53:02,44,46,2155,7525
2023-12-05 10:53:12,45,46,2155,7525
2023-12-05 10:53:14,44,46,2155,7525
2023-12-05 10:53:24,43,46,2155,7525
2023-12-05 10:53:38,44,46,2155,7525
2023-12-05 10:54:14,43,46,2155,7525
2023-12-05 10:54:19,44,46,2155,7525
2023-12-05 10:54:20,43,46,2155,7525
2023-12-05 10:54:33,43,45,2155,7525
2023-12-05 10:54:33,42,45,2155,7525
2023-12-05 10:54:43,42,44,2155,7525
2023-12-05 10:54:43,41,44,2155,7525
2023-12-05 10:54:48,42,44,2155,7525
2023-12-05 10:54:49,41,44,2155,7525
2023-12-05 10:54:52,41,43,2155,7525
2023-12-05 10:54:55,41,44,2155,7525
2023-12-05 10:55:00,42,44,2155,7525
2023-12-05 10:55:02,42,45,2155,7525
2023-12-05 10:55:12,43,45,2155,7525
2023-12-05 10:55:17,43,46,2155,7525
2023-12-05 10:55:33,44,46,2155,7525
2023-12-05 10:56:02,44,47,2155,7525
2023-12-05 10:56:07,45,47,2155,7525
2023-12-05 10:56:20,44,47,2155,7525
2023-12-05 10:56:25,43,47,2155,7525
2023-12-05 10:56:26,43,46,2155,7525
2023-12-05 10:56:27,44,46,2155,7525
2023-12-05 10:56:28,43,46,2155,7525
2023-12-05 10:56:31,44,46,2155,7525
2023-12-05 10:56:32,44,47,2155,7525
2023-12-05 10:56:41,45,47,2155,7525
2023-12-05 10:56:58,45,48,2155,7525
2023-12-05 10:56:58,46,48,2155,7525
2023-12-05 10:57:04,45,48,2155,7525
2023-12-05 10:57:04,45,47,2155,7525
2023-12-05 10:57:08,45,48,2155,7525
2023-12-05 10:57:09,45,47,2155,7525
2023-12-05 10:57:16,45,48,2155,7525
2023-12-05 10:57:32,45,47,2155,7525
2023-12-05 10:57:36,44,47,2155,7525
2023-12-05 10:57:39,44,46,2155,7525
2023-12-05 10:57:44,43,46,2155,7525
2023-12-05 10:57:44,43,47,2855,8225
2023-12-05 10:57:44,43,46,2855,8225
2023-12-05 10:57:45,44,46,2855,8225
2023-12-05 10:57:46,43,46,2855,8225
2023-12-05 10:57:47,44,46,2855,8225
2023-12-05 10:57:48,43,46,2855,8225
2023-12-05 10:57:50,44,46,2855,8225
2023-12-05 10:57:51,44,47,2855,8225
2023-12-05 10:57:53,44,46,2855,8225
2023-12-05 10:57:56,44,47,2855,8225
2023-12-05 10:57:56,44,46,2855,8225
2023-12-05 10:58:00,44,47,2855,8225
2023-12-05 10:58:00,44,46,2855,8225
2023-12-05 10:58:01,44,45,2855,8225
2023-12-05 10:58:02,43,45,2855,8225
2023-12-05 10:58:03,44,45,2855,8225
2023-12-05 10:58:04,43,45,2855,8225
2023-12-05 10:58:08,44,45,2855,8225
2023-12-05 10:58:09,44,46,2855,8225
2023-12-05 10:58:15,44,47,2855,8225
2023-12-05 10:58:16,45,47,2855,8225
2023-12-05 10:58:17,44,47,2855,8225
2023-12-05 10:58:24,45,47,2855,8225
2023-12-05 10:58:25,45,48,2855,8225
2023-12-05 10:58:26,46,48,2855,8225
2023-12-05 10:58:37,45,48,2855,8225
2023-12-05 10:58:41,46,48,2855,8225
2023-12-05 10:59:04,47,48,2855,8225
2023-12-05 10:59:10,47,49,3055,8425
2023-12-05 10:59:46,48,49,3055,8425
2023-12-05 10:59:47,48,50,3055,8425
2023-12-05 10:59:51,48,49,3055,8425
2023-12-05 10:59:54,48,50,3055,8425
2023-12-05 10:59:55,48,49,3055,8425
2023-12-05 10:59:56,48,50,3055,8425
2023-12-05 11:00:01,48,49,3055,8425
2023-12-05 11:00:02,48,50,3055,8425
2023-12-05 11:00:03,48,49,3055,8425
2023-12-05 11:00:06,49,50,2851,8811
2023-12-05 11:00:06,49,51,2851,8811
2023-12-05 11:00:08,49,50,2851,8811
2023-12-05 11:00:08,48,50,2851,8811
2023-12-05 11:00:12,47,50,2851,8811
2023-12-05 11:00:12,48,50,2851,8811
2023-12-05 11:00:21,47,50,2851,8811
2023-12-05 11:00:21,47,49,2851,8811
2023-12-05 11:00:22,48,49,2851,8811
2023-12-05 11:00:23,48,50,2851,8811
2023-12-05 11:00:32,48,49,2851,8811
2023-12-05 11:00:32,47,49,2851,8811
2023-12-05 11:00:36,46,49,2851,8811
2023-12-05 11:00:37,47,49,2851,8811
2023-12-05 11:00:39,47,50,2851,8811
2023-12-05 11:00:39,48,50,2851,8811
2023-12-05 11:00:44,47,50,2851,8811
2023-12-05 11:00:44,47,49,2851,8811
2023-12-05 11:00:46,47,50,2851,8811
2023-12-05 11:00:46,48,50,2851,8811
2023-12-05 11:00:55,48,49,2851,8811
2023-12-05 11:00:56,48,50,2851,8811
2023-12-05 11:01:08,49,50,2851,8811
2023-12-05 11:01:09,49,51,2851,8811
2023-12-05 11:01:11,49,50,2851,8811
2023-12-05 11:01:14,48,50,2851,8811
2023-12-05 11:01:24,47,50,2851,8811
2023-12-05 11:01:24,47,50,3251,9211
2023-12-05 11:01:31,47,49,3251,9211
2023-12-05 11:01:32,46,49,3251,9211
2023-12-05 11:01:33,47,49,3251,9211
2023-12-05 11:01:34,46,49,3251,9211
2023-12-05 11:01:46,46,48,3251,9211
2023-12-05 11:01:47,46,49,3251,9211
2023-12-05 11:01:50,47,49,3251,9211
2023-12-05 11:01:51,46,49,3251,9211
2023-12-05 11:01:55,46,48,3251,9211
2023-12-05 11:01:55,47,48,3251,9211
2023-12-05 11:01:56,47,49,3251,9211
2023-12-05 11:01:58,47,50,3251,9211
2023-12-05 11:02:03,48,50,3251,9211
2023-12-05 11:02:04,48,51,3251,9211
2023-12-05 11:02:06,49,51,3251,9211
2023-12-05 11:02:25,50,51,3251,9211
2023-12-05 11:02:40,50,52,3251,9211
2023-12-05 11:02:54,49,52,3251,9211
2023-12-05 11:03:05,50,52,3251,9211
2023-12-05 11:03:16,51,52,3251,9211
2023-12-05 11:03:45,50,52,3251,9211
2023-12-05 11:03:51,50,51,3251,9211
2023-12-05 11:04:08,51,52,3251,9471
2023-12-05 11:04:10,51,53,3251,9471
2023-12-05 11:04:13,50,53,3251,9471
2023-12-05 11:04:13,50,52,3251,9471
2023-12-05 11:04:14,50,53,3251,9471
2023-12-05 11:04:24,51,53,3251,9471
2023-12-05 11:04:26,50,53,3251,9471
2023-12-05 11:04:51,50,52,3251,9471
2023-12-05 11:04:57,50,53,3251,9471
2023-12-05 11:04:57,50,51,3251,9471
2023-12-05 11:04:58,50,53,3251,9471
2023-12-05 11:04:58,51,53,3251,9471
2023-12-05 11:05:11,50,53,3251,9471
2023-12-05 11:05:13,51,53,3251,9471
2023-12-05 11:05:14,50,53,3251,9471
2023-12-05 11:05:17,50,52,3251,9471
2023-12-05 11:05:33,50,51,3251,9471
2023-12-05 11:05:43,49,51,3251,9471
2023-12-05 11:05:45,50,51,3251,9471
2023-12-05 11:05:45,50,52,3251,9471
2023-12-05 11:05:50,50,51,3251,9471
2023-12-05 11:05:51,50,53,3251,9471
2023-12-05 11:05:51,50,52,3251,9471
2023-12-05 11:05:58,50,53,3251,9471
2023-12-05 11:05:59,51,53,3251,9471
2023-12-05 11:06:02,51,52,3251,9471
2023-12-05 11:06:02,51,53,3251,9471
2023-12-05 11:06:11,50,53,3251,9471
2023-12-05 11:06:13,50,52,3251,9471
2023-12-05 11:06:15,50,53,3251,9471
2023-12-05 11:06:16,51,53,3251,9471
2023-12-05 11:06:18,50,53,3251,9471
2023-12-05 11:06:28,51,53,3251,9471
2023-12-05 11:06:28,51,52,3251,9471
2023-12-05 11:06:30,50,52,3251,9471
2023-12-05 11:06:30,50,53,3251,9471
2023-12-05 11:06:30,50,52,3251,9471
2023-12-05 11:06:33,51,52,3251,9471
2023-12-05 11:06:35,51,53,3251,9471
2023-12-05 11:06:35,51,52,3251,9471
2023-12-05 11:06:36,51,53,3251,9471
2023-12-05 11:06:47,52,53,3251,9471
2023-12-05 11:07:01,52,54,3251,9471
2023-12-05 11:07:27,53,54,3251,9471
2023-12-05 11:07:35,52,54,3251,9471
2023-12-05 11:07:38,53,54,3251,9471
2023-12-05 11:07:39,52,54,3251,9471
2023-12-05 11:07:46,51,54,3251,9471
2023-12-05 11:07:48,52,54,3251,9471
2023-12-05 11:07:59,52,53,3251,9471
2023-12-05 11:08:01,52,54,3251,9471
2023-12-05 11:08:01,52,53,3251,9471
2023-12-05 11:08:12,51,53,3251,9471
2023-12-05 11:08:25,50,53,3251,9471
2023-12-05 11:08:37,50,52,3251,9471
2023-12-05 11:08:39,49,52,3251,9471
2023-12-05 11:08:50,49,51,3251,9471
2023-12-05 11:08:52,50,51,3251,9471
2023-12-05 11:08:52,50,52,3251,9471
2023-12-05 11:08:52,50,51,3251,9471
2023-12-05 11:08:53,50,52,3251,9471
2023-12-05 11:09:04,50,51,3251,9471
2023-12-05 11:09:12,49,51,3251,9471
2023-12-05 11:09:15,49,52,3251,9471
2023-12-05 11:09:15,49,50,3251,9471
2023-12-05 11:09:17,49,52,3251,9471
2023-12-05 11:09:25,49,51,3251,9471
2023-12-05 11:09:26,49,52,3251,9471
2023-12-05 11:09:28,49,51,3251,9471
2023-12-05 11:09:29,49,50,3251,9471
2023-12-05 11:09:35,49,51,3251,9471
2023-12-05 11:09:38,49,50,3251,9471
2023-12-05 11:09:40,49,51,3251,9471
2023-12-05 11:09:44,49,50,3251,9471
2023-12-05 11:09:48,48,50,3251,9471
2023-12-05 11:09:52,48,49,3251,9471
2023-12-05 11:09:52,48,50,3251,9471
2023-12-05 11:09:57,47,50,3251,9471
2023-12-05 11:10:03,48,50,3251,9471
2023-12-05 11:10:03,48,49,3251,9471
2023-12-05 11:10:05,48,50,3251,9471
2023-12-05 11:10:06,48,49,3251,9471
2023-12-05 11:10:09,48,50,3251,9471
2023-12-05 11:10:10,48,49,3251,9471
2023-12-05 11:10:11,48,50,3251,9471
2023-12-05 11:10:12,48,49,3251,9471
2023-12-05 11:10:14,47,49,3251,9471
2023-12-05 11:10:17,47,50,3251,9471
2023-12-05 11:10:20,47,49,3251,9471
2023-12-05 11:10:21,46,49,3251,9471
2023-12-05 11:10:25,47,49,3251,9471
2023-12-05 11:10:27,46,49,3251,9471
2023-12-05 11:10:37,46,48,3251,9471
2023-12-05 11:10:38,46,47,3251,9471
2023-12-05 11:10:39,46,48,3251,9471
2023-12-05 11:10:43,46,49,3251,9471
2023-12-05 11:10:46,47,49,3251,9471
2023-12-05 11:10:53,47,50,3251,9471
2023-12-05 11:10:56,48,50,3251,9471
2023-12-05 11:11:08,47,50,3251,9471
2023-12-05 11:11:11,47,49,3251,9471
2023-12-05 11:11:12,48,49,3251,9471
2023-12-05 11:11:12,48,50,3251,9471
2023-12-05 11:11:12,48,49,3251,9471
2023-12-05 11:11:13,48,50,3251,9471
2023-12-05 11:11:13,48,49,3251,9471
2023-12-05 11:11:14,47,49,3251,9471
2023-12-05 11:11:16,47,50,3251,9471
2023-12-05 11:11:17,47,49,3251,9471
2023-12-05 11:11:21,46,49,3251,9471
2023-12-05 11:11:23,46,48,3251,9471
2023-12-05 11:11:25,46,49,3251,9471
2023-12-05 11:11:34,46,48,3251,9471
2023-12-05 11:11:37,46,49,3251,9471
2023-12-05 11:11:38,46,48,3251,9471
2023-12-05 11:11:39,46,49,3251,9471
2023-12-05 11:11:39,46,47,3251,9471
2023-12-05 11:11:45,46,48,3251,9471
2023-12-05 11:11:47,45,48,3251,9471
2023-12-05 11:11:47,45,47,3251,9471
2023-12-05 11:11:53,45,48,3251,9471
2023-12-05 11:12:02,46,48,3251,9471
2023-12-05 11:12:02,46,47,3251,9471
2023-12-05 11:12:03,46,49,3251,9471
2023-12-05 11:12:20,46,48,3251,9471
2023-12-05 11:12:20,46,47,3251,9471
2023-12-05 11:12:22,45,47,3251,9471
2023-12-05 11:12:24,46,47,3251,9471
2023-12-05 11:12:26,46,48,3251,9471
2023-12-05 11:12:26,46,47,3251,9471
2023-12-05 11:12:29,46,48,3251,9471
2023-12-05 11:12:29,46,47,3251,9471
2023-12-05 11:12:32,46,49,3251,9471
2023-12-05 11:12:32,46,48,3251,9471
2023-12-05 11:12:34,46,49,3251,9471
2023-12-05 11:12:34,46,48,3251,9471
2023-12-05 11:12:36,46,49,3251,9471
2023-12-05 11:12:37,47,49,3251,9471
2023-12-05 11:12:40,46,49,3251,9471
2023-12-05 11:12:48,46,48,3251,9471
2023-12-05 11:12:49,46,49,3251,9471
2023-12-05 11:12:51,46,48,3251,9471
2023-12-05 11:12:56,46,47,3251,9471
2023-12-05 11:12:58,45,47,3251,9471
2023-12-05 11:13:02,46,47,3251,9471
2023-12-05 11:13:03,45,47,3251,9471
2023-12-05 11:13:06,45,48,3251,9471
2023-12-05 11:13:09,45,47,3251,9471
2023-12-05 11:13:18,45,46,3251,9471
2023-12-05 11:13:18,45,46,3251,9531
2023-12-05 11:13:19,44,46,3251,9531
2023-12-05 11:13:23,44,45,3251,9531
2023-12-05 11:13:25,43,45,3251,9531
2023-12-05 11:13:40,43,45,3251,9591
2023-12-05 11:13:41,42,45,3251,9591
2023-12-05 11:13:41,42,44,3251,9591
2023-12-05 11:13:41,41,44,3251,9591
2023-12-05 11:13:41,41,43,3251,9591
2023-12-05 11:13:42,40,43,3051,9791
2023-12-05 11:13:46,41,43,3051,9791
2023-12-05 11:13:47,40,43,3051,9791
2023-12-05 11:13:50,40,42,3051,9791
2023-12-05 11:13:53,40,42,2701,10141
2023-12-05 11:13:54,39,42,2701,10141
2023-12-05 11:13:54,39,41,2701,10141
2023-12-05 11:13:55,39,40,2701,10141
2023-12-05 11:13:55,38,40,2701,10141
2023-12-05 11:13:57,38,39,2701,10141
2023-12-05 11:13:57,37,39,2701,10141
2023-12-05 11:14:01,37,40,2701,10141
2023-12-05 11:14:02,37,39,2701,10141
2023-12-05 11:14:03,37,40,2701,10141
2023-12-05 11:14:04,37,39,2701,10141
2023-12-05 11:14:09,36,39,2701,10141
2023-12-05 11:14:09,36,38,2701,10141
2023-12-05 11:14:10,35,38,2701,10141
2023-12-05 11:14:10,35,37,2701,10141
2023-12-05 11:14:18,35,38,2701,10141
2023-12-05 11:14:18,36,38,2701,10141
2023-12-05 11:14:20,36,39,2701,10141
2023-12-05 11:14:20,36,38,2701,10141
2023-12-05 11:14:21,37,38,2701,10141
2023-12-05 11:14:24,36,38,2701,10141
2023-12-05 11:14:24,35,38,2701,10141
2023-12-05 11:14:24,36,38,2701,10141
2023-12-05 11:14:36,35,38,2701,10141
2023-12-05 11:14:36,35,39,2701,10141
2023-12-05 11:14:36,36,39,2701,10141
2023-12-05 11:14:36,37,39,2701,10141
2023-12-05 11:14:38,36,39,2701,10141
2023-12-05 11:14:38,35,39,2701,10141
2023-12-05 11:14:38,36,39,2701,10141
2023-12-05 11:14:40,35,39,2701,10141
2023-12-05 11:14:40,36,39,2701,10141
2023-12-05 11:14:40,37,39,2701,10141
2023-12-05 11:14:50,35,39,2701,10141
2023-12-05 11:14:50,36,39,2701,10141
2023-12-05 11:14:52,36,38,2701,10141
2023-12-05 11:14:52,36,37,2701,10141
2023-12-05 11:14:57,36,39,2701,10141
2023-12-05 11:14:57,36,37,2701,10141
2023-12-05 11:15:06,36,38,2701,10141
2023-12-05 11:15:07,35,38,2701,10141
2023-12-05 11:15:11,35,37,2701,10141
2023-12-05 11:15:12,35,36,2701,10141
2023-12-05 11:15:12,34,36,2701,10141
2023-12-05 11:15:14,33,36,2701,10141
2023-12-05 11:15:14,33,34,2701,10141
2023-12-05 11:15:14,32,34,2701,10141
2023-12-05 11:15:16,31,34,2701,10141
2023-12-05 11:15:18,32,34,2701,10141
2023-12-05 11:15:19,31,34,2701,10141
2023-12-05 11:15:21,31,33,2701,10141
2023-12-05 11:15:33,31,34,2701,10141
2023-12-05 11:15:35,32,34,2701,10141
2023-12-05 11:15:37,33,34,2701,10141
2023-12-05 11:15:38,32,34,2701,10141
2023-12-05 11:15:40,33,34,2701,10141
2023-12-05 11:15:41,32,34,2701,10141
2023-12-05 11:15:47,33,34,2701,10141
2023-12-05 11:15:50,32,34,2701,10141
2023-12-05 11:15:57,32,33,2701,10141
2023-12-05 11:15:58,32,34,2701,10141
2023-12-05 11:16:03,32,33,2701,10141
2023-12-05 11:16:04,33,35,2701,10267
2023-12-05 11:16:04,33,36,2701,10267
2023-12-05 11:16:05,34,36,2701,10267
2023-12-05 11:16:18,35,36,2701,10267
2023-12-05 11:16:21,34,36,2701,10267
2023-12-05 11:16:21,34,36,2701,10267
2023-12-05 11:16:27,34,35,2701,10267
2023-12-05 11:16:30,33,35,2701,10267
2023-12-05 11:16:30,33,36,2701,10267
2023-12-05 11:16:32,33,35,2701,10267
2023-12-05 11:16:37,33,36,2701,10267
2023-12-05 11:16:38,33,35,2701,10267
2023-12-05 11:16:42,33,34,2701,10267
2023-12-05 11:16:43,33,35,2701,10267
2023-12-05 11:16:44,33,36,2701,10267
2023-12-05 11:16:47,33,35,2701,10267
2023-12-05 11:16:47,33,34,2701,10267
2023-12-05 11:16:48,33,35,2701,10267
2023-12-05 11:16:51,32,35,2701,10267
2023-12-05 11:16:54,32,34,2701,10267
2023-12-05 11:16:56,31,34,2701,10267
2023-12-05 11:16:59,31,33,2701,10267
2023-12-05 11:17:02,30,33,2701,10267
2023-12-05 11:17:02,30,32,2701,10267
2023-12-05 11:17:03,29,32,2701,10267
2023-12-05 11:17:03,29,30,2701,10267
2023-12-05 11:17:03,28,30,2701,10267
2023-12-05 11:17:06,27,30,2701,10267
2023-12-05 11:17:08,27,29,2701,10267
2023-12-05 11:17:08,27,28,2701,10267
2023-12-05 11:17:08,26,28,2701,10267
2023-12-05 11:17:18,25,28,2701,10267
2023-12-05 11:17:19,24,27,2701,10267
2023-12-05 11:17:21,24,25,2701,10267
2023-12-05 11:17:22,24,26,2701,10267
2023-12-05 11:17:24,24,25,2701,10267
2023-12-05 11:17:25,23,25,2701,10267
2023-12-05 11:17:37,24,25,2701,10267
2023-12-05 11:17:38,24,26,2701,10267
2023-12-05 11:17:40,24,25,2701,10267
2023-12-05 11:17:42,24,26,2701,10267
2023-12-05 11:17:44,24,25,2701,10267
2023-12-05 11:18:01,24,26,2701,10267
2023-12-05 11:18:02,24,27,2701,10267
2023-12-05 11:18:03,25,27,2701,10267
2023-12-05 11:18:13,24,27,2701,10267
2023-12-05 11:18:18,25,27,2701,10267
2023-12-05 11:18:22,24,27,2701,10267
2023-12-05 11:18:25,24,25,2701,10267
2023-12-05 11:18:38,24,25,2701,10467
2023-12-05 11:18:38,24,27,2701,10467
2023-12-05 11:18:38,25,27,2701,10467
2023-12-05 11:18:40,24,27,2701,10467
2023-12-05 11:18:43,24,26,2701,10467
2023-12-05 11:18:48,24,27,2701,10467
2023-12-05 11:18:48,24,25,2701,10467
2023-12-05 11:18:50,24,26,2701,10467
2023-12-05 11:18:57,24,25,2701,10467
2023-12-05 11:18:58,24,25,2813,10579
2023-12-05 11:19:05,22,24,2813,10586
2023-12-05 11:19:14,21,24,2813,10586
2023-12-05 11:19:14,21,23,2813,10586
2023-12-05 11:19:14,20,23,2813,10586
2023-12-05 11:19:28,20,22,2813,10586
2023-12-05 11:19:30,20,23,2813,10586
2023-12-05 11:19:33,20,22,2813,10586
2023-12-05 11:19:35,20,21,2813,10586
2023-12-05 11:19:36,19,21,2813,10586
2023-12-05 11:19:41,19,20,2813,10586
2023-12-05 11:19:41,18,20,2813,10646
2023-12-05 11:19:45,18,20,2813,10665
2023-12-05 11:20:02,18,21,2813,10665
2023-12-05 11:20:04,19,21,2813,10665
2023-12-05 11:20:04,19,21,2813,10725
2023-12-05 11:20:17,19,20,2813,10725
2023-12-05 11:20:20,19,21,2813,10725
2023-12-05 11:20:20,19,20,2813,10725
2023-12-05 11:20:22,19,21,2813,10725
2023-12-05 11:20:25,18,21,2813,10725
2023-12-05 11:20:25,18,20,2813,10725
2023-12-05 11:20:25,18,19,2813,10725
2023-12-05 11:20:29,18,20,2813,10725
2023-12-05 11:20:34,18,19,2813,10725
2023-12-05 11:20:34,17,19,2813,10725
2023-12-05 11:20:34,17,18,2813,10725
2023-12-05 11:20:34,17,18,2937,10867
2023-12-05 11:20:37,16,18,2937,10867
2023-12-05 11:20:51,16,18,2737,11467
2023-12-05 11:20:52,15,18,2737,11467
2023-12-05 11:20:52,17,18,2737,11467
2023-12-05 11:21:13,17,20,2795,11525
2023-12-05 11:21:13,18,20,2795,11525
2023-12-05 11:21:19,17,20,2795,11525
2023-12-05 11:21:19,19,20,2795,11525
2023-12-05 11:21:38,19,21,2795,11525
2023-12-05 11:21:38,18,21,2795,11525
2023-12-05 11:21:38,18,20,2795,11525
2023-12-05 11:21:46,18,21,2795,11667
2023-12-05 11:21:46,18,20,2795,11667
2023-12-05 11:22:07,18,21,2795,11667
2023-12-05 11:22:12,18,20,2795,11667
2023-12-05 11:22:18,18,21,2795,11667
2023-12-05 11:22:20,18,20,2795,11667
2023-12-05 11:22:22,18,21,2795,11667
2023-12-05 11:22:22,18,20,2795,11667
2023-12-05 11:22:23,18,21,2795,11667
2023-12-05 11:22:24,18,20,2795,11667
2023-12-05 11:22:25,18,21,2795,11667
2023-12-05 11:22:29,19,21,2795,11667
2023-12-05 11:23:02,19,20,2795,11667
2023-12-05 11:23:04,18,20,2795,11667
2023-12-05 11:23:05,18,21,2795,11667
2023-12-05 11:23:15,19,21,2795,11667
2023-12-05 11:23:35,20,21,2795,11667
2023-12-05 11:23:35,20,22,2795,11667
2023-12-05 11:23:36,20,23,2795,11667
2023-12-05 11:23:46,21,23,2795,11667
2023-12-05 11:23:54,21,24,2795,11667
2023-12-05 11:23:54,21,23,2795,11667
2023-12-05 11:23:56,21,24,2795,11667
2023-12-05 11:23:57,21,23,2795,11667
2023-12-05 11:24:00,22,23,2795,11667
2023-12-05 11:24:00,22,24,2795,11667
2023-12-05 11:24:02,22,23,2795,11667
2023-12-05 11:24:06,22,24,2795,11667
2023-12-05 11:24:06,22,23,2795,11667
2023-12-05 11:24:08,22,24,2795,11667
2023-12-05 11:24:08,22,23,2795,11667
2023-12-05 11:24:09,22,24,2795,11667
2023-12-05 11:24:13,22,23,2795,11667
2023-12-05 11:24:18,22,24,2795,11667
2023-12-05 11:24:18,22,23,2795,11667
2023-12-05 11:24:29,22,24,2795,11667
2023-12-05 11:24:30,22,23,2795,11667
2023-12-05 11:24:32,22,24,2795,11667
2023-12-05 11:24:37,22,23,2795,11667
2023-12-05 11:24:37,22,24,2795,11667
2023-12-05 11:24:38,22,23,2795,11667
2023-12-05 11:24:41,22,24,2795,11667
2023-12-05 11:24:41,22,23,2795,11667
2023-12-05 11:24:45,22,24,2795,11667
2023-12-05 11:24:50,21,24,2795,11667
2023-12-05 11:25:02,20,24,2795,11667
2023-12-05 11:25:02,20,23,2795,11667
2023-12-05 11:25:06,20,22,2795,11667
2023-12-05 11:25:06,19,22,2795,11667
2023-12-05 11:25:08,20,22,2795,11667
2023-12-05 11:25:10,20,23,2795,11667
2023-12-05 11:25:25,21,23,2795,11667
2023-12-05 11:25:25,21,24,2795,11667
2023-12-05 11:25:33,21,23,2795,11667
2023-12-05 11:25:34,20,23,2795,11667
2023-12-05 11:25:38,20,22,2795,11667
2023-12-05 11:25:38,20,23,2795,11667
2023-12-05 11:25:40,20,22,2795,11667
2023-12-05 11:25:40,20,24,2795,11667
2023-12-05 11:25:40,20,22,2795,11667
2023-12-05 11:25:40,20,24,2795,11667
2023-12-05 11:25:40,20,22,2795,11667
2023-12-05 11:25:45,20,23,2795,11667
2023-12-05 11:25:47,20,22,2795,11667
2023-12-05 11:25:49,21,22,2795,11667
2023-12-05 11:25:52,21,24,2795,11667
2023-12-05 11:25:52,21,22,2795,11667
2023-12-05 11:25:55,21,24,2795,11667
2023-12-05 11:25:55,21,22,2795,11667
2023-12-05 11:25:56,21,24,2795,11667
2023-12-05 11:25:56,21,22,2795,11667
2023-12-05 11:25:56,21,24,2795,11667
2023-12-05 11:25:56,21,22,2795,11667
2023-12-05 11:26:03,21,24,2795,11667
2023-12-05 11:26:05,21,23,2795,11667
2023-12-05 11:26:07,22,23,2795,11667
2023-12-05 11:26:07,22,24,2795,11667
2023-12-05 11:26:10,22,24,2795,11707
2023-12-05 11:26:24,23,24,2795,11707
2023-12-05 11:26:25,23,25,2795,11707
2023-12-05 11:26:29,23,26,2795,11907
2023-12-05 11:26:29,24,26,2795,11907
2023-12-05 11:26:32,25,26,2795,11907
2023-12-05 11:26:32,25,27,2795,11907
2023-12-05 11:26:42,26,27,2795,11907
2023-12-05 11:26:55,27,28,2795,11907
2023-12-05 11:26:56,27,29,2795,11907
2023-12-05 11:27:02,26,29,2795,11907
2023-12-05 11:27:03,26,28,2795,11907
2023-12-05 11:27:08,26,29,2795,11907
2023-12-05 11:27:08,26,28,2795,11907
2023-12-05 11:27:09,26,29,2795,11907
2023-12-05 11:27:20,26,28,2795,11907
2023-12-05 11:27:20,25,28,2795,11907
2023-12-05 11:27:23,25,29,2795,11907
2023-12-05 11:27:24,26,29,2795,11907
2023-12-05 11:28:06,26,28,2795,11907
2023-12-05 11:28:07,27,28,2795,11907
2023-12-05 11:28:07,27,29,2936,12048
2023-12-05 11:28:07,27,28,2936,12048
2023-12-05 11:28:08,27,29,3106,12218
2023-12-05 11:28:09,27,28,3106,12218
2023-12-05 11:28:10,27,29,3106,12218
2023-12-05 11:28:14,26,29,3106,12218
2023-12-05 11:28:15,27,29,3106,12218
2023-12-05 11:28:18,26,29,3106,12218
2023-12-05 11:28:18,26,28,3106,12218
2023-12-05 11:28:21,26,29,3106,12218
2023-12-05 11:28:27,25,29,3106,12218
2023-12-05 11:28:31,26,29,3106,12218
2023-12-05 11:28:39,26,28,3106,12218
2023-12-05 11:28:42,26,29,3263,12375
2023-12-05 11:28:43,26,28,3263,12375
2023-12-05 11:28:43,27,28,3263,12375
2023-12-05 11:28:43,27,29,3263,12375
2023-12-05 11:28:49,26,29,3263,12375
2023-12-05 11:28:56,26,28,3263,12375
2023-12-05 11:29:04,26,29,3263,12375
2023-12-05 11:29:05,25,29,3263,12375
2023-12-05 11:29:07,26,29,3263,12375
2023-12-05 11:29:07,26,28,3263,12375
2023-12-05 11:29:08,26,29,3263,12375
2023-12-05 11:29:11,25,29,3263,12375
2023-12-05 11:29:11,25,28,3263,12375
2023-12-05 11:29:20,26,28,3263,12375
2023-12-05 11:29:22,26,28,3263,12375
2023-12-05 11:29:22,26,27,3263,12375
2023-12-05 11:29:46,26,28,3263,12375
2023-12-05 11:29:46,26,27,3263,12375
2023-12-05 11:29:47,25,27,3263,12375
2023-12-05 11:29:47,25,28,3263,12375
2023-12-05 11:29:47,25,26,3263,12375
2023-12-05 11:29:48,25,28,3419,12531
2023-12-05 11:29:50,25,27,3419,12531
2023-12-05 11:29:50,25,26,3419,12531
2023-12-05 11:29:50,25,26,3769,12881
2023-12-05 11:29:53,25,28,3769,12881
2023-12-05 11:29:53,25,27,3769,12881
2023-12-05 11:29:56,25,28,3769,12881
2023-12-05 11:29:56,25,27,3769,12881
2023-12-05 11:29:59,24,27,3769,12881
2023-12-05 11:30:02,25,27,3769,12881
2023-12-05 11:30:06,25,28,3769,12881
2023-12-05 11:30:06,25,27,3769,12881
2023-12-05 11:30:08,25,28,3769,12881
2023-12-05 11:30:08,25,27,3769,12881
2023-12-05 11:30:09,25,28,3769,12881
2023-12-05 11:30:10,25,27,3769,12881
2023-12-05 11:30:13,25,28,3769,12881
2023-12-05 11:30:15,25,27,3769,12881
2023-12-05 11:30:17,25,28,3769,12881
2023-12-05 11:30:20,25,29,3769,12881
2023-12-05 11:30:21,26,29,3769,12881
2023-12-05 11:30:22,27,29,3769,12881
2023-12-05 11:30:23,27,30,3769,13081
2023-12-05 11:30:24,28,30,3769,13081
2023-12-05 11:30:28,27,30,3769,13081
2023-12-05 11:30:38,28,30,3769,13081
2023-12-05 11:31:09,28,31,3769,13081
2023-12-05 11:31:11,28,30,3769,13081
2023-12-05 11:31:26,28,31,3769,13081
2023-12-05 11:31:26,28,30,3769,13081
2023-12-05 11:31:27,28,31,3887,13199
2023-12-05 11:31:27,28,30,3887,13199
2023-12-05 11:31:28,28,31,4046,13358
2023-12-05 11:31:28,28,30,4046,13358
2023-12-05 11:31:29,28,31,4046,13358
2023-12-05 11:31:29,28,30,4046,13358
2023-12-05 11:31:29,28,31,4193,13505
2023-12-05 11:31:29,28,30,4193,13505
2023-12-05 11:31:30,28,31,4313,13625
2023-12-05 11:31:30,28,30,4313,13625
2023-12-05 11:31:31,28,31,4313,13625
2023-12-05 11:31:31,28,30,4313,13625
2023-12-05 11:31:41,28,31,4313,13625
2023-12-05 11:31:41,28,30,4313,13625
2023-12-05 11:31:46,28,31,4313,13625
2023-12-05 11:31:46,28,30,4313,13625
2023-12-05 11:31:47,28,31,4313,13625
2023-12-05 11:31:48,28,30,4313,13625
2023-12-05 11:31:50,28,31,4313,13625
2023-12-05 11:31:53,28,30,4313,13625
2023-12-05 11:31:57,28,31,4313,13625
2023-12-05 11:31:58,28,30,4313,13625
2023-12-05 11:31:59,28,31,4313,13625
2023-12-05 11:32:05,28,30,4313,13625
2023-12-05 11:32:06,28,31,4313,13625
2023-12-05 11:32:07,29,31,4313,13625
2023-12-05 11:32:26,30,31,4313,13625
2023-12-05 11:32:26,30,32,4313,13625
2023-12-05 11:32:33,30,33,4429,13825
2023-12-05 11:32:34,31,33,4429,13825
2023-12-05 11:32:42,31,34,4429,13825
2023-12-05 11:32:54,32,34,4429,13825
2023-12-05 11:32:55,31,34,4429,13825
2023-12-05 11:33:02,31,33,4429,13825
2023-12-05 11:33:10,30,33,4429,13825
2023-12-05 11:33:13,30,32,4429,13825
2023-12-05 11:33:15,30,33,4429,13825
2023-12-05 11:33:29,31,33,4429,13825
2023-12-05 11:33:29,31,34,4429,13825
2023-12-05 11:33:37,32,34,4429,13825
2023-12-05 11:33:41,31,34,4429,13825
2023-12-05 11:33:44,32,34,4429,13825
2023-12-05 11:33:46,31,34,4429,13825
2023-12-05 11:33:51,31,33,4429,13825
2023-12-05 11:33:51,30,33,4429,13825
2023-12-05 11:34:02,30,32,4429,13825
2023-12-05 11:34:05,30,33,4429,13825
2023-12-05 11:34:10,30,32,4429,13825
2023-12-05 11:34:10,30,33,4429,13825
2023-12-05 11:34:14,30,32,4429,13825
2023-12-05 11:34:23,30,33,4429,13825
2023-12-05 11:34:24,30,32,4429,13825
2023-12-05 11:34:30,30,33,4429,13825
2023-12-05 11:34:32,30,32,4429,13825
2023-12-05 11:34:44,30,33,4429,13825
2023-12-05 11:34:44,30,32,4429,13825
2023-12-05 11:34:52,29,32,4313,14025
2023-12-05 11:34:54,29,31,4313,14025
2023-12-05 11:34:55,28,31,4313,14025
2023-12-05 11:34:56,28,30,4313,14025
2023-12-05 11:34:57,27,30,4313,14025
2023-12-05 11:35:04,28,30,4313,14025
2023-12-05 11:35:05,28,31,4313,14025
2023-12-05 11:35:08,28,32,4313,14025
2023-12-05 11:35:08,29,32,4313,14025
2023-12-05 11:35:18,30,32,4313,14025
2023-12-05 11:35:18,30,33,4313,14025
2023-12-05 11:35:36,31,33,4313,14025
2023-12-05 11:35:36,31,34,4313,14025
2023-12-05 11:35:37,30,34,4313,14025
2023-12-05 11:35:37,30,33,4313,14025
2023-12-05 11:35:37,31,33,4313,14025
2023-12-05 11:35:40,30,33,4313,14025
2023-12-05 11:35:44,30,32,4313,14025
2023-12-05 11:35:44,29,32,4313,14025
2023-12-05 11:35:47,30,32,4313,14025
2023-12-05 11:35:57,30,33,4313,14025
2023-12-05 11:36:04,30,32,4313,14025
2023-12-05 11:36:09,29,32,4313,14025
2023-12-05 11:36:11,30,32,4313,14025
2023-12-05 11:36:11,30,33,4313,14025
2023-12-05 11:36:13,30,32,4313,14025
2023-12-05 11:36:17,29,32,4313,14025
2023-12-05 11:36:29,28,32,4313,14025
2023-12-05 11:36:29,28,31,4313,14025
2023-12-05 11:36:45,29,31,4313,14025
2023-12-05 11:36:45,29,32,4313,14025
2023-12-05 11:37:01,29,31,4313,14025
2023-12-05 11:37:08,28,31,4313,14025
2023-12-05 11:37:12,28,30,4313,14025
2023-12-05 11:37:15,27,30,4313,14025
2023-12-05 11:37:15,27,29,4313,14025
2023-12-05 11:37:19,27,30,4313,14025
2023-12-05 11:37:29,27,29,4313,14025
2023-12-05 11:37:56,27,28,4313,14025
2023-12-05 11:38:00,27,29,4313,14025
2023-12-05 11:38:08,27,28,4313,14025
2023-12-05 11:38:11,27,29,4313,14025
2023-12-05 11:38:16,27,30,4313,14025
2023-12-05 11:38:17,28,30,4313,14025
2023-12-05 11:38:19,27,30,4313,14025
2023-12-05 11:38:34,28,30,4313,14025
2023-12-05 11:38:36,27,30,4313,14025
2023-12-05 11:38:42,27,29,4313,14025
2023-12-05 11:38:50,27,30,4313,14025
2023-12-05 11:38:59,28,30,4313,14025
2023-12-05 11:38:59,28,31,4313,14025
2023-12-05 11:39:05,29,31,4313,14025
2023-12-05 11:39:05,29,32,4313,14025
2023-12-05 11:39:08,28,32,4313,14025
2023-12-05 11:39:10,28,31,4313,14025
2023-12-05 11:39:18,29,31,4313,14025
2023-12-05 11:39:18,29,32,4313,14025
2023-12-05 11:39:19,29,33,4313,14025
2023-12-05 11:39:20,30,33,4313,14025
2023-12-05 11:39:38,30,32,4313,14025
2023-12-05 11:39:41,30,33,4313,14025
2023-12-05 11:39:41,30,32,4313,14025
2023-12-05 11:39:43,29,32,4313,14025
2023-12-05 11:39:46,30,32,4313,14025
2023-12-05 11:39:54,30,32,4313,14025
2023-12-05 11:40:01,30,33,4313,14025
2023-12-05 11:40:01,30,32,4313,14025
2023-12-05 11:40:03,30,33,4313,14025
2023-12-05 11:40:05,31,33,4313,14025
2023-12-05 11:40:10,30,33,4313,14025
2023-12-05 11:40:20,31,33,4313,14025
2023-12-05 11:40:23,30,33,4313,14025
2023-12-05 11:40:25,31,33,4313,14025
2023-12-05 11:40:26,30,33,4313,14025
2023-12-05 11:40:26,31,33,4313,14025
2023-12-05 11:40:28,31,34,4313,14025
2023-12-05 11:40:30,31,34,4579,14375
2023-12-05 11:40:31,31,35,4579,14375
2023-12-05 11:40:31,32,35,4579,14375
2023-12-05 11:40:35,31,35,4579,14375
2023-12-05 11:40:35,31,34,4579,14375
2023-12-05 11:40:47,31,35,4579,14375
2023-12-05 11:40:52,32,35,4579,14375
2023-12-05 11:41:07,33,35,4579,14375
2023-12-05 11:41:08,32,35,4579,14375
2023-12-05 11:41:11,33,35,4579,14375
2023-12-05 11:41:12,32,35,4579,14375
2023-12-05 11:41:14,32,34,4579,14375
2023-12-05 11:41:16,31,34,4579,14375
2023-12-05 11:41:20,32,34,4579,14375
2023-12-05 11:41:24,32,35,4579,14375
2023-12-05 11:41:33,32,34,4579,14375
2023-12-05 11:41:34,32,35,4579,14375
2023-12-05 11:41:34,32,34,4579,14375
2023-12-05 11:41:36,32,35,4579,14375
2023-12-05 11:41:36,32,34,4579,14375
2023-12-05 11:41:40,32,35,4579,14375
2023-12-05 11:41:55,32,34,4579,14375
2023-12-05 11:41:56,32,35,4579,14375
2023-12-05 11:41:56,32,34,4579,14375
2023-12-05 11:41:57,32,35,4579,14375
2023-12-05 11:41:57,32,34,4579,14375
2023-12-05 11:42:02,31,34,4579,14375
2023-12-05 11:42:15,31,33,4579,14375
2023-12-05 11:42:28,31,34,4579,14375
2023-12-05 11:42:30,31,33,4579,14375
2023-12-05 11:42:43,30,33,4579,14375
2023-12-05 11:42:49,30,32,4579,14375
2023-12-05 11:42:50,30,33,4579,14375
2023-12-05 11:42:50,30,32,4579,14375
2023-12-05 11:42:53,29,32,4579,14375
2023-12-05 11:42:54,29,31,4579,14375
2023-12-05 11:43:05,28,31,4379,14575
2023-12-05 11:43:11,28,30,4379,14575
2023-12-05 11:43:22,28,31,4379,14575
2023-12-05 11:43:23,28,30,4379,14575
2023-12-05 11:43:31,27,29,4379,14575
2023-12-05 11:43:33,27,30,4379,14575
2023-12-05 11:43:39,27,29,4379,14575
2023-12-05 11:43:42,27,28,4379,14575
2023-12-05 11:43:53,26,28,4379,14575
2023-12-05 11:43:56,26,27,4379,14575
2023-12-05 11:43:57,26,28,4379,14575
2023-12-05 11:44:03,26,29,4379,14575
2023-12-05 11:44:13,27,29,4379,14575
2023-12-05 11:44:13,27,30,4379,14575
2023-12-05 11:44:15,28,30,4379,14575
2023-12-05 11:44:15,28,31,4379,14575
2023-12-05 11:44:28,27,31,4379,14575
2023-12-05 11:44:32,28,31,4379,14575
2023-12-05 11:44:33,27,31,4379,14575
2023-12-05 11:44:33,27,30,4379,14575
2023-12-05 11:44:44,26,30,4379,14575
2023-12-05 11:44:44,26,29,4379,14575
2023-12-05 11:44:45,26,30,4379,14575
2023-12-05 11:44:47,27,30,4379,14575
2023-12-05 11:44:48,28,30,4379,14575
2023-12-05 11:44:48,28,31,4379,14575
2023-12-05 11:44:49,27,31,4379,14575
2023-12-05 11:44:51,28,31,4379,14575
2023-12-05 11:44:55,28,32,4379,14575
2023-12-05 11:45:02,28,31,4379,14575
2023-12-05 11:45:05,28,30,4379,14575
2023-12-05 11:45:20,27,30,4379,14575
2023-12-05 11:45:37,27,29,4379,14575
2023-12-05 11:45:39,26,29,4379,14575
2023-12-05 11:45:41,26,30,4379,14575
2023-12-05 11:45:41,27,30,4379,14575
2023-12-05 11:45:41,27,29,4379,14575
2023-12-05 11:45:42,26,29,4379,14575
2023-12-05 11:45:52,27,29,4379,14575
2023-12-05 11:45:54,27,30,4379,14575
2023-12-05 11:45:55,27,29,4379,14575
2023-12-05 11:45:55,26,29,4379,14575
2023-12-05 11:46:04,26,28,4379,14575
2023-12-05 11:46:11,26,29,4379,14575
2023-12-05 11:46:13,27,29,4379,14575
2023-12-05 11:46:16,27,30,4379,14575
2023-12-05 11:46:22,27,29,4379,14575
2023-12-05 11:46:22,26,29,4379,14575
2023-12-05 11:46:43,26,28,4379,14575
2023-12-05 11:46:44,26,29,4379,14575
2023-12-05 11:46:44,26,28,4379,14575
2023-12-05 11:46:47,27,28,4379,14575
2023-12-05 11:46:47,27,30,4379,14575
2023-12-05 11:46:52,26,30,4379,14575
2023-12-05 11:46:56,27,29,4379,14575
2023-12-05 11:46:57,27,30,4379,14575
2023-12-05 11:47:05,27,31,4379,14575
2023-12-05 11:47:06,28,31,4379,14575
2023-12-05 11:47:08,29,31,4379,14575
2023-12-05 11:47:08,29,32,4379,14575
2023-12-05 11:47:12,28,32,4379,14575
2023-12-05 11:47:17,29,32,4379,14575
2023-12-05 11:47:19,30,32,4379,14575
2023-12-05 11:47:19,30,33,4379,14575
2023-12-05 11:47:27,31,33,4379,14575
2023-12-05 11:47:28,31,34,4379,14575
2023-12-05 11:47:28,32,34,4379,14575
2023-12-05 11:47:29,31,34,4379,14575
2023-12-05 11:47:32,31,33,4379,14575
2023-12-05 11:47:36,31,34,4379,14575
2023-12-05 11:47:46,32,34,4379,14575
2023-12-05 11:47:46,31,34,4379,14575
2023-12-05 11:47:50,31,33,4379,14575
2023-12-05 11:47:52,30,33,4379,14575
2023-12-05 11:47:54,31,33,4379,14575
2023-12-05 11:47:58,30,33,4379,14575
2023-12-05 11:48:04,29,33,4379,14575
2023-12-05 11:48:09,29,32,4393,14589
2023-12-05 11:48:12,29,31,4393,14589
2023-12-05 11:48:12,28,31,4393,14589
2023-12-05 11:48:42,28,30,4393,14589
2023-12-05 11:48:44,28,31,4393,14589
2023-12-05 11:48:51,28,32,4393,14589
2023-12-05 11:48:51,28,31,4393,14589
2023-12-05 11:48:56,29,31,4393,14589
2023-12-05 11:48:57,28,31,4393,14589
2023-12-05 11:48:57,28,32,4393,14589
2023-12-05 11:48:59,28,31,4393,14589
2023-12-05 11:49:01,29,31,4393,14589
2023-12-05 11:49:03,28,31,4393,14589
2023-12-05 11:49:03,29,31,4393,14589
2023-12-05 11:49:15,29,30,4393,14589
2023-12-05 11:49:15,27,30,4393,14589
2023-12-05 11:49:18,27,29,4393,14589
2023-12-05 11:49:19,26,29,4393,14589
2023-12-05 11:49:20,27,29,4393,14589
2023-12-05 11:49:21,27,30,4393,14589
2023-12-05 11:49:26,27,31,4393,14589
2023-12-05 11:49:29,28,31,4393,14589
2023-12-05 11:49:44,27,31,4393,14589
2023-12-05 11:49:45,27,30,4393,14589
2023-12-05 11:50:01,27,29,4393,14589
2023-12-05 11:50:11,26,29,4393,14589
2023-12-05 11:50:12,27,29,4393,14589
2023-12-05 11:50:13,26,29,4393,14589
2023-12-05 11:50:15,26,28,4393,14589
2023-12-05 11:50:23,25,28,4393,14589
2023-12-05 11:50:31,25,27,4393,14589
2023-12-05 11:50:41,25,28,4393,14589
2023-12-05 11:50:42,26,28,4393,14589
2023-12-05 11:50:43,26,29,4393,14589
2023-12-05 11:50:59,26,28,4393,14589
2023-12-05 11:51:04,25,28,4393,14589
2023-12-05 11:51:21,25,27,4393,14589
2023-12-05 11:51:22,25,28,4393,14589
2023-12-05 11:51:22,25,27,4393,14589
2023-12-05 11:51:24,25,28,4393,14589
2023-12-05 11:51:24,25,27,4393,14589
2023-12-05 11:51:26,25,28,4393,14589
2023-12-05 11:51:29,25,27,4393,14589
2023-12-05 11:51:30,25,28,4393,14589
2023-12-05 11:51:33,26,28,4393,14589
2023-12-05 11:51:33,26,29,4393,14589
2023-12-05 11:51:39,27,29,4393,14589
2023-12-05 11:51:40,27,30,4393,14589
2023-12-05 11:51:42,27,29,4393,14589
2023-12-05 11:51:44,26,29,4393,14589
2023-12-05 11:51:54,25,29,4393,14589
2023-12-05 11:51:57,25,28,4393,14589
2023-12-05 11:52:00,25,27,4393,14589
2023-12-05 11:52:01,24,27,4393,14589
2023-12-05 11:52:01,24,26,4393,14589
2023-12-05 11:52:02,24,25,4393,14589
2023-12-05 11:52:03,23,25,4393,14589
2023-12-05 11:52:03,23,24,4393,14589
2023-12-05 11:52:04,22,24,4393,14589
2023-12-05 11:52:04,22,23,4393,14589
2023-12-05 11:52:05,21,23,4313,14789
2023-12-05 11:52:10,20,23,4313,14989
2023-12-05 11:52:12,20,22,4313,14989
2023-12-05 11:52:14,20,21,4313,14989
2023-12-05 11:52:22,20,22,4313,14989
2023-12-05 11:52:30,20,21,4313,14989
2023-12-05 11:52:46,19,21,4313,14989
2023-12-05 11:52:46,19,20,4313,14989
2023-12-05 11:52:49,18,20,4313,14989
2023-12-05 11:52:53,18,19,4313,14989
2023-12-05 11:52:56,17,19,4313,14989
2023-12-05 11:53:03,17,20,4313,14989
2023-12-05 11:53:04,17,19,4313,14989
2023-12-05 11:53:14,17,18,4313,14989
2023-12-05 11:53:18,16,18,4313,14989
2023-12-05 11:53:19,16,17,4313,14989
2023-12-05 11:53:20,15,17,4313,14989
2023-12-05 11:53:20,15,16,4313,14989
2023-12-05 11:54:06,15,16,4313,15189
2023-12-05 11:54:06,13,16,4363,15239
2023-12-05 11:54:06,13,15,4363,15239
2023-12-05 11:54:18,13,16,4363,15239
2023-12-05 11:54:23,13,15,4363,15239
2023-12-05 11:54:26,13,14,4363,15239
2023-12-05 11:54:27,12,14,4363,15239
2023-12-05 11:54:28,12,13,4363,15239
2023-12-05 11:54:43,12,14,4363,15239
2023-12-05 11:54:49,12,13,4363,15239
2023-12-05 11:55:07,12,14,4363,15239
2023-12-05 11:55:09,12,15,4363,15239
2023-12-05 11:55:24,12,14,4363,15239
2023-12-05 11:55:36,12,15,4363,15239
2023-12-05 11:55:36,12,14,4363,15239
2023-12-05 11:55:37,12,15,4363,15239
2023-12-05 11:55:39,12,16,4363,15239
2023-12-05 11:55:42,13,16,4363,15239
2023-12-05 11:55:44,13,15,4363,15239
2023-12-05 11:55:47,12,14,4363,15239
2023-12-05 11:56:19,12,13,4363,15239
2023-12-05 11:56:21,12,14,4363,15239
2023-12-05 11:56:21,12,13,4363,15239
2023-12-05 11:56:29,12,14,4363,15239
2023-12-05 11:56:35,12,15,4363,15239
2023-12-05 11:56:37,13,15,4363,15239
2023-12-05 11:56:37,13,16,4363,15239
2023-12-05 11:56:45,14,16,4363,15239
2023-12-05 11:56:49,14,17,4363,15239
2023-12-05 11:57:00,15,17,4363,15239
2023-12-05 11:57:01,15,18,4363,15239
2023-12-05 11:57:01,16,18,4363,15239
2023-12-05 11:57:31,16,19,4363,15239
2023-12-05 11:57:31,17,19,4363,15239
2023-12-05 11:57:32,16,19,4363,15239
2023-12-05 11:57:34,17,19,4363,15239
2023-12-05 11:57:41,16,19,4363,15239
2023-12-05 11:57:55,16,18,4363,15239
2023-12-05 11:57:56,17,18,4363,15239
2023-12-05 11:57:56,17,19,4363,15239
2023-12-05 11:57:57,17,18,4363,15239
2023-12-05 11:57:58,17,19,4363,15239
2023-12-05 11:57:58,17,18,4363,15239
2023-12-05 11:58:00,16,18,4363,15239
2023-12-05 11:58:00,16,19,4363,15239
2023-12-05 11:58:00,16,18,4363,15239
2023-12-05 11:58:04,17,18,4363,15239
2023-12-05 11:58:05,17,19,4363,15239
2023-12-05 11:58:08,16,19,4363,15239
2023-12-05 11:58:08,17,19,4363,15239
2023-12-05 11:58:10,16,19,4363,15239
2023-12-05 11:58:10,17,19,4363,15239
2023-12-05 11:58:12,16,19,4363,15239
2023-12-05 11:58:19,17,19,4363,15239
2023-12-05 11:58:31,16,19,4363,15239
2023-12-05 11:58:46,16,18,4363,15239
2023-12-05 11:58:51,17,18,4363,15239
2023-12-05 11:58:57,17,19,4363,15239
2023-12-05 11:59:03,16,19,4363,15239
2023-12-05 11:59:03,16,18,4363,15239
2023-12-05 11:59:06,17,18,4363,15239
2023-12-05 11:59:08,17,19,4363,15239
2023-12-05 11:59:30,17,20,4363,15239
2023-12-05 11:59:39,18,20,4363,15239
2023-12-05 11:59:48,18,21,4363,15239
2023-12-05 12:00:01,19,22,4363,15239
2023-12-05 12:00:02,20,22,4363,15239
2023-12-05 12:00:08,21,22,4363,15239
2023-12-05 12:00:08,21,23,4363,15239
2023-12-05 12:00:09,21,24,4363,15239
2023-12-05 12:00:09,22,24,4363,15239
2023-12-05 12:00:15,21,24,4363,15239
2023-12-05 12:00:24,22,24,4363,15239
2023-12-05 12:00:26,23,24,4363,15239
2023-12-05 12:00:26,23,25,4363,15239
2023-12-05 12:00:44,22,25,4363,15239
2023-12-05 12:00:56,23,25,4363,15239
2023-12-05 12:01:04,23,24,4363,15239
2023-12-05 12:01:04,22,24,4363,15239
2023-12-05 12:01:06,22,25,4363,15239
2023-12-05 12:01:06,22,24,4363,15239
2023-12-05 12:01:07,22,25,4363,15239
2023-12-05 12:01:15,21,25,4363,15239
2023-12-05 12:01:18,22,25,4363,15239
2023-12-05 12:01:23,22,24,4363,15239
2023-12-05 12:01:24,22,25,4363,15239
2023-12-05 12:01:26,22,24,4363,15239
2023-12-05 12:01:27,22,25,4363,15239
2023-12-05 12:01:28,22,24,4363,15239
2023-12-05 12:01:33,22,25,4363,15239
2023-12-05 12:01:34,22,24,4363,15239
2023-12-05 12:01:34,22,25,4363,15239
2023-12-05 12:01:44,22,24,4363,15239
2023-12-05 12:01:56,22,25,4363,15239
2023-12-05 12:01:59,22,24,4363,15239
2023-12-05 12:02:04,22,25,4363,15239
2023-12-05 12:02:08,22,24,4363,15239
2023-12-05 12:02:16,23,24,4363,15239
2023-12-05 12:02:16,23,25,4363,15239
2023-12-05 12:02:19,24,25,4363,15239
2023-12-05 12:02:21,23,25,4363,15239
2023-12-05 12:02:30,23,26,4443,15439
2023-12-05 12:02:32,23,25,4443,15439
2023-12-05 12:02:39,22,25,4443,15439
2023-12-05 12:02:49,22,26,4443,15439
2023-12-05 12:02:49,23,26,4443,15439
2023-12-05 12:02:52,23,25,4443,15439
2023-12-05 12:02:53,22,25,4443,15439
2023-12-05 12:03:00,22,24,4443,15439
2023-12-05 12:03:10,21,24,4443,15439
2023-12-05 12:03:11,22,24,4443,15439
2023-12-05 12:03:12,22,25,4443,15439
2023-12-05 12:03:15,22,24,4443,15439
2023-12-05 12:03:16,22,25,4443,15439
2023-12-05 12:03:17,22,24,4443,15439
2023-12-05 12:03:21,22,23,4443,15439
2023-12-05 12:03:23,22,24,4443,15439
2023-12-05 12:03:24,22,23,4443,15439
2023-12-05 12:03:25,22,24,4443,15439
2023-12-05 12:03:31,22,25,4443,15439
2023-12-05 12:03:37,23,25,4443,15439
2023-12-05 12:03:38,22,25,4443,15439
2023-12-05 12:03:43,22,24,4443,15439
2023-12-05 12:03:49,22,25,4443,15439
2023-12-05 12:03:49,22,24,4443,15439
2023-12-05 12:04:05,22,25,4443,15439
2023-12-05 12:04:05,22,24,4443,15439
2023-12-05 12:04:07,22,25,4443,15439
2023-12-05 12:04:07,22,24,4443,15439
2023-12-05 12:04:11,23,24,4443,15439
2023-12-05 12:04:11,23,26,4443,15439
2023-12-05 12:04:11,23,25,4443,15439
2023-12-05 12:04:13,23,26,4443,15439
2023-12-05 12:04:21,24,26,4443,15439
2023-12-05 12:04:22,23,26,4443,15439
2023-12-05 12:04:40,23,25,4443,15439
2023-12-05 12:04:55,23,26,4443,15439
2023-12-05 12:04:55,23,25,4443,15439
2023-12-05 12:04:56,22,25,4443,15439
2023-12-05 12:04:59,23,25,4443,15439
2023-12-05 12:05:05,23,26,4443,15439
2023-12-05 12:05:05,23,25,4443,15439
2023-12-05 12:05:08,22,25,4443,15439
2023-12-05 12:05:08,22,24,4443,15439
2023-12-05 12:05:09,23,24,4443,15439
2023-12-05 12:05:09,23,26,4443,15439
2023-12-05 12:05:09,23,25,4443,15439
2023-12-05 12:05:11,23,26,4443,15439
2023-12-05 12:05:17,24,26,4443,15439
2023-12-05 12:05:21,23,26,4443,15439
2023-12-05 12:05:28,23,25,4443,15439
2023-12-05 12:05:31,23,26,4443,15439
2023-12-05 12:05:40,23,25,4443,15439
2023-12-05 12:05:46,23,26,4443,15439
2023-12-05 12:05:46,23,24,4443,15439
2023-12-05 12:05:46,23,26,4443,15439
2023-12-05 12:05:46,23,24,4443,15439
2023-12-05 12:05:48,22,24,4443,15439
2023-12-05 12:05:55,23,24,4443,15439
2023-12-05 12:05:55,23,25,4443,15439
2023-12-05 12:05:56,22,25,4443,15439
2023-12-05 12:05:56,22,24,4443,15439
2023-12-05 12:05:57,23,24,4443,15439
2023-12-05 12:05:59,22,24,4443,15439
2023-12-05 12:05:59,22,25,4443,15439
2023-12-05 12:05:59,22,24,4443,15439
2023-12-05 12:06:09,22,25,4443,15439
2023-12-05 12:06:13,23,25,4443,15439
2023-12-05 12:06:17,23,26,4443,15439
2023-12-05 12:06:26,24,26,4443,15439
2023-12-05 12:06:28,24,27,4443,15439
2023-12-05 12:06:32,25,27,4443,15439
2023-12-05 12:06:41,24,27,4443,15439
2023-12-05 12:06:42,25,27,4443,15439
2023-12-05 12:06:43,24,27,4443,15439
2023-12-05 12:06:47,23,27,4443,15439
2023-12-05 12:06:47,23,26,4443,15439
2023-12-05 12:07:04,23,25,4443,15439
2023-12-05 12:07:12,23,26,4443,15439
2023-12-05 12:07:12,23,25,4443,15439
2023-12-05 12:07:14,22,25,4443,15439
2023-12-05 12:07:18,23,25,4443,15439
2023-12-05 12:07:18,23,26,4443,15439
2023-12-05 12:07:19,22,26,4443,15439
2023-12-05 12:07:19,22,25,4443,15439
2023-12-05 12:07:19,22,26,4443,15439
2023-12-05 12:07:21,22,25,4443,15439
2023-12-05 12:07:30,23,25,4443,15439
2023-12-05 12:07:30,23,26,4443,15439
2023-12-05 12:07:41,22,26,4443,15439
2023-12-05 12:07:41,22,25,4443,15439
2023-12-05 12:07:44,23,25,4443,15439
2023-12-05 12:07:44,23,26,4443,15439
2023-12-05 12:07:49,23,27,4443,15439
2023-12-05 12:07:53,23,26,4443,15439
2023-12-05 12:07:56,22,26,4443,15439
2023-12-05 12:07:57,22,25,4443,15439
2023-12-05 12:08:02,22,26,4443,15439
2023-12-05 12:08:04,22,25,4443,15439
2023-12-05 12:08:04,23,25,4443,15439
2023-12-05 12:08:06,22,25,4443,15439
2023-12-05 12:08:06,23,25,4443,15439
2023-12-05 12:08:06,23,24,4443,15439
2023-12-05 12:08:09,23,25,4443,15439
2023-12-05 12:08:11,23,26,4443,15439
2023-12-05 12:08:12,24,26,4443,15439
2023-12-05 12:08:31,24,26,4443,15439
2023-12-05 12:08:37,23,26,4443,15439
2023-12-05 12:08:47,23,25,4443,15439
2023-12-05 12:08:48,22,25,4443,15439
2023-12-05 12:08:53,23,25,4443,15439
2023-12-05 12:08:57,22,25,4443,15439
2023-12-05 12:09:00,22,24,4443,15439
2023-12-05 12:09:01,22,25,4443,15439
2023-12-05 12:09:03,22,24,4443,15439
2023-12-05 12:09:04,22,25,4443,15439
2023-12-05 12:09:04,22,24,4443,15439
2023-12-05 12:09:27,22,25,4443,15439
2023-12-05 12:09:30,23,25,4443,15439
2023-12-05 12:09:32,23,26,4443,15439
2023-12-05 12:09:35,23,25,4443,15439
2023-12-05 12:09:39,23,26,4443,15439
2023-12-05 12:09:42,23,27,4443,15439
2023-12-05 12:09:46,23,26,4443,15439
2023-12-05 12:09:52,23,25,4443,15439
2023-12-05 12:09:56,23,26,4443,15439
2023-12-05 12:09:56,23,25,4443,15439
2023-12-05 12:09:56,24,25,4443,15439
2023-12-05 12:10:00,24,27,4443,15439
2023-12-05 12:10:00,24,26,4443,15439
2023-12-05 12:10:01,25,26,4443,15439
2023-12-05 12:10:01,25,27,4443,15439
2023-12-05 12:10:18,26,27,4443,15439
2023-12-05 12:10:18,26,28,4443,15439
2023-12-05 12:10:19,25,28,4443,15439
2023-12-05 12:10:21,25,28,4443,15439
2023-12-05 12:10:22,26,28,4443,15439
2023-12-05 12:10:22,26,29,4443,15439
2023-12-05 12:10:23,25,29,4443,15439
2023-12-05 12:10:23,25,28,4443,15439
2023-12-05 12:10:24,25,27,4443,15439
2023-12-05 12:10:28,24,27,4443,15439
2023-12-05 12:10:34,23,27,4443,15439
2023-12-05 12:10:35,23,26,4443,15439
2023-12-05 12:10:43,23,25,4443,15439
2023-12-05 12:10:44,22,25,4443,15439
2023-12-05 12:10:49,23,25,4443,15439
2023-12-05 12:10:50,23,26,4443,15439
2023-12-05 12:10:52,23,25,4443,15439
2023-12-05 12:10:53,24,25,4443,15439
2023-12-05 12:10:53,24,26,4443,15439
2023-12-05 12:11:00,24,27,4443,15439
2023-12-05 12:11:12,25,27,4443,15439
2023-12-05 12:11:12,25,28,4443,15439
2023-12-05 12:11:28,25,27,4443,15439
2023-12-05 12:11:40,24,27,4443,15439
2023-12-05 12:11:41,25,27,4443,15439
2023-12-05 12:11:49,25,28,4443,15439
2023-12-05 12:11:49,25,27,4443,15439
2023-12-05 12:11:51,25,28,4443,15439
2023-12-05 12:11:51,25,27,4443,15439
2023-12-05 12:11:54,24,27,4443,15439
2023-12-05 12:11:58,24,26,4443,15439
2023-12-05 12:12:31,24,25,4443,15439
2023-12-05 12:12:37,24,26,4443,15439
2023-12-05 12:12:37,24,25,4443,15439
2023-12-05 12:12:38,23,25,4443,15439
2023-12-05 12:12:43,24,25,4443,15439
2023-12-05 12:12:43,24,25,4443,15509
2023-12-05 12:12:43,24,26,4443,15509
2023-12-05 12:12:45,23,26,4443,15509
2023-12-05 12:12:46,24,26,4443,15509
2023-12-05 12:12:47,24,27,4443,15509
2023-12-05 12:12:48,24,26,4443,15509
2023-12-05 12:12:54,23,26,4443,15509
2023-12-05 12:13:05,23,25,4443,15509
2023-12-05 12:13:09,23,26,4443,15509
2023-12-05 12:13:09,23,25,4443,15509
2023-12-05 12:13:10,23,26,4443,15509
2023-12-05 12:13:11,23,25,4443,15509
2023-12-05 12:13:15,24,25,4443,15509
2023-12-05 12:13:15,24,27,4443,15509
2023-12-05 12:13:33,24,26,4443,15509
2023-12-05 12:13:42,24,27,4443,15509
2023-12-05 12:13:50,24,26,4443,15509
2023-12-05 12:14:04,24,27,4443,15509
2023-12-05 12:14:05,24,26,4443,15509
2023-12-05 12:14:09,25,26,4443,15509
2023-12-05 12:14:23,25,26,4443,15859
2023-12-05 12:14:26,23,26,4443,16203
2023-12-05 12:14:26,23,25,4443,16203
2023-12-05 12:14:27,23,26,4443,16203
2023-12-05 12:14:27,23,25,4443,16203
2023-12-05 12:14:30,23,26,4443,16203
2023-12-05 12:14:30,23,25,4443,16203
2023-12-05 12:14:33,23,26,4443,16203
2023-12-05 12:14:33,23,25,4443,16203
2023-12-05 12:14:34,23,26,4443,16203
2023-12-05 12:14:37,23,25,4443,16203
2023-12-05 12:14:38,24,25,4443,16203
2023-12-05 12:14:38,24,26,4443,16203
2023-12-05 12:14:40,24,27,4443,16203
2023-12-05 12:14:48,24,26,4443,16203
2023-12-05 12:14:49,23,26,4443,16203
2023-12-05 12:14:50,23,25,4443,16203
2023-12-05 12:14:51,23,26,4443,16203
2023-12-05 12:15:05,23,27,4443,16203
2023-12-05 12:15:07,24,27,4443,16203
2023-12-05 12:15:13,25,27,4443,16203
2023-12-05 12:15:13,25,28,4443,16203
2023-12-05 12:15:33,26,28,4443,16203
2023-12-05 12:15:35,25,28,4443,16203
2023-12-05 12:15:41,25,27,4443,16203
2023-12-05 12:15:42,24,27,4443,16203
2023-12-05 12:15:45,23,27,4443,16203
2023-12-05 12:15:49,24,27,4443,16203
2023-12-05 12:15:52,24,28,4443,16203
2023-12-05 12:15:54,24,27,4443,16203
2023-12-05 12:16:01,24,26,4443,16203
2023-12-05 12:16:01,23,26,4443,16203
2023-12-05 12:16:05,22,26,4443,16203
2023-12-05 12:16:06,22,25,4443,16203
2023-12-05 12:16:13,23,25,4443,16203
2023-12-05 12:16:14,22,25,4443,16203
2023-12-05 12:16:18,22,24,4443,16203
2023-12-05 12:16:21,21,24,4443,16203
2023-12-05 12:16:25,21,23,4443,16203
2023-12-05 12:16:30,21,24,4443,16203
2023-12-05 12:16:30,22,24,4443,16203
2023-12-05 12:16:35,22,23,4443,16203
2023-12-05 12:16:37,22,24,4443,16203
2023-12-05 12:16:37,22,23,4443,16203
2023-12-05 12:16:40,22,24,4443,16203
2023-12-05 12:16:40,22,23,4443,16203
2023-12-05 12:16:41,22,25,4443,16203
2023-12-05 12:16:41,22,24,4443,16203
2023-12-05 12:16:45,22,25,4443,16203
2023-12-05 12:16:47,22,24,4443,16203
2023-12-05 12:16:50,22,23,4443,16203
2023-12-05 12:16:52,22,24,4443,16203
2023-12-05 12:16:56,23,24,4443,16203
2023-12-05 12:16:56,23,26,4443,16203
2023-12-05 12:17:03,24,26,4443,16203
2023-12-05 12:17:03,24,27,4443,16203
2023-12-05 12:17:19,24,26,4443,16203
2023-12-05 12:17:19,24,27,4443,16203
2023-12-05 12:17:20,24,26,4443,16203
2023-12-05 12:17:24,23,26,4443,16203
2023-12-05 12:17:26,24,26,4443,16203
2023-12-05 12:17:27,23,26,4443,16203
2023-12-05 12:17:29,24,26,4443,16203
2023-12-05 12:17:30,24,27,4443,16203
2023-12-05 12:17:31,24,26,4443,16203
2023-12-05 12:17:32,24,27,4443,16203
2023-12-05 12:17:33,24,28,4443,16203
2023-12-05 12:17:34,24,27,4443,16203
2023-12-05 12:17:46,24,26,4443,16203
2023-12-05 12:17:54,24,27,4443,16203
2023-12-05 12:17:54,24,26,4443,16203
2023-12-05 12:17:56,24,27,4443,16203
2023-12-05 12:17:56,24,25,4443,16203
2023-12-05 12:17:59,24,27,4443,16203
2023-12-05 12:18:05,24,26,4443,16203
2023-12-05 12:18:05,23,25,4443,16203
2023-12-05 12:18:06,23,26,4443,16203
2023-12-05 12:18:08,23,25,4443,16203
2023-12-05 12:18:10,23,26,4443,16203
2023-12-05 12:18:14,23,25,4443,16203
2023-12-05 12:18:15,22,26,4443,16203
2023-12-05 12:18:15,23,26,4443,16203
2023-12-05 12:18:16,22,26,4443,16203
2023-12-05 12:18:24,22,25,4443,16203
2023-12-05 12:18:24,22,24,4443,16203
2023-12-05 12:18:29,22,25,4443,16203
2023-12-05 12:18:30,22,24,4443,16203
2023-12-05 12:18:38,21,24,4443,16203
2023-12-05 12:18:41,22,24,4443,16203
2023-12-05 12:18:42,21,24,4443,16203
2023-12-05 12:18:45,21,23,4443,16203
2023-12-05 12:18:46,22,23,4443,16203
2023-12-05 12:18:50,22,25,4443,16203
2023-12-05 12:18:50,22,24,4443,16203
2023-12-05 12:18:51,22,25,4443,16203
2023-12-05 12:19:02,22,24,4443,16203
2023-12-05 12:19:03,22,25,4443,16203
2023-12-05 12:19:05,22,24,4443,16203
2023-12-05 12:19:05,22,23,4443,16203
2023-12-05 12:19:16,21,23,4443,16203
2023-12-05 12:19:18,22,23,4443,16203
2023-12-05 12:19:18,22,25,4443,16203
2023-12-05 12:19:18,22,24,4443,16203
2023-12-05 12:19:24,22,25,4443,16203
2023-12-05 12:19:24,22,24,4443,16203
2023-12-05 12:19:28,22,23,4443,16203
2023-12-05 12:19:31,21,23,4443,16203
2023-12-05 12:19:42,21,24,4443,16203
2023-12-05 12:19:51,22,24,4443,16203
2023-12-05 12:19:53,22,23,4443,16203
2023-12-05 12:19:54,21,23,4443,16203
2023-12-05 12:20:05,21,22,4443,16203
2023-12-05 12:20:07,21,23,4443,16203
2023-12-05 12:20:11,20,23,4443,16203
2023-12-05 12:20:11,20,21,4443,16203
2023-12-05 12:20:12,19,21,4443,16203
2023-12-05 12:20:14,19,20,4443,16203
2023-12-05 12:20:33,19,21,4443,16203
2023-12-05 12:20:36,19,20,4443,16203
2023-12-05 12:20:39,19,21,4443,16203
2023-12-05 12:20:39,19,20,4443,16203
2023-12-05 12:20:40,19,21,4443,16203
2023-12-05 12:20:41,19,20,4443,16203
2023-12-05 12:20:43,19,21,4443,16203
2023-12-05 12:20:43,19,20,4443,16203
2023-12-05 12:20:46,19,21,4443,16203
2023-12-05 12:20:47,20,21,4443,16203
2023-12-05 12:20:47,20,22,4443,16203
2023-12-05 12:21:02,20,23,4443,16203
2023-12-05 12:21:05,21,23,4443,16203
2023-12-05 12:21:05,21,24,4443,16203
2023-12-05 12:21:14,22,24,4443,16203
2023-12-05 12:21:14,22,25,4443,16203
2023-12-05 12:21:30,22,24,4443,16203
2023-12-05 12:21:41,23,24,4443,16203
2023-12-05 12:21:41,23,26,4443,16203
2023-12-05 12:21:41,23,25,4443,16203
2023-12-05 12:21:42,23,26,4443,16203
2023-12-05 12:21:56,23,25,4443,16203
2023-12-05 12:21:58,23,26,4443,16203
2023-12-05 12:21:58,23,25,4443,16203
2023-12-05 12:22:01,23,26,4443,16203
2023-12-05 12:22:01,23,25,4443,16203
2023-12-05 12:22:03,23,26,4443,16203
2023-12-05 12:22:03,23,25,4443,16203
2023-12-05 12:22:05,23,26,4443,16203
2023-12-05 12:22:07,23,25,4443,16203
2023-12-05 12:22:09,23,26,4443,16203
2023-12-05 12:22:10,23,25,4443,16203
2023-12-05 12:22:13,23,26,4443,16203
2023-12-05 12:22:16,24,26,4443,16203
2023-12-05 12:22:16,24,27,4443,16203
2023-12-05 12:22:25,24,28,4443,16203
2023-12-05 12:22:25,25,28,4443,16203
2023-12-05 12:22:32,24,28,4443,16203
2023-12-05 12:22:35,25,28,4443,16203
2023-12-05 12:22:38,25,27,4443,16203
2023-12-05 12:22:38,24,27,4443,16203
2023-12-05 12:22:42,23,27,4443,16203
2023-12-05 12:22:42,23,26,4443,16203
2023-12-05 12:22:46,23,27,4443,16203
2023-12-05 12:22:51,24,27,4443,16203
2023-12-05 12:22:56,24,26,4443,16203
2023-12-05 12:22:56,24,27,4443,16203
2023-12-05 12:22:57,24,26,4443,16203
2023-12-05 12:22:58,24,27,4443,16203
2023-12-05 12:22:58,24,26,4443,16203
2023-12-05 12:23:00,24,27,4443,16203
2023-12-05 12:23:08,24,26,4443,16203
2023-12-05 12:23:21,24,25,4443,16203
2023-12-05 12:23:23,24,27,4443,16203
2023-12-05 12:23:23,24,26,4443,16203
2023-12-05 12:23:24,24,25,4443,16203
2023-12-05 12:23:25,24,27,4443,16203
2023-12-05 12:23:25,24,26,4443,16203
2023-12-05 12:23:25,24,27,4443,16203
2023-12-05 12:23:25,24,25,4443,16203
2023-12-05 12:23:27,23,25,4443,16203
2023-12-05 12:23:28,23,27,4443,16203
2023-12-05 12:23:28,23,25,4443,16203
2023-12-05 12:23:35,23,26,4443,16203
2023-12-05 12:23:35,23,25,4443,16203
2023-12-05 12:23:52,22,25,4443,16203
2023-12-05 12:23:55,22,24,4443,16203
2023-12-05 12:23:57,22,25,4443,16203
2023-12-05 12:23:58,21,25,4443,16203
2023-12-05 12:23:58,21,24,4443,16203
2023-12-05 12:24:06,21,23,4443,16203
2023-12-05 12:24:15,21,22,4443,16203
2023-12-05 12:24:22,20,22,4443,16203
2023-12-05 12:24:23,20,21,4443,16203
2023-12-05 12:24:28,19,21,4443,16203
2023-12-05 12:24:32,19,20,4443,16203
2023-12-05 12:24:35,19,21,4443,16203
2023-12-05 12:24:39,19,20,4443,16203
2023-12-05 12:24:46,18,20,4633,16403
2023-12-05 12:24:48,18,19,4633,16403
2023-12-05 12:24:50,17,19,4633,16403
2023-12-05 12:24:50,17,18,4633,16403
2023-12-05 12:24:54,17,18,4733,16503
2023-12-05 12:24:55,16,18,4733,16503
2023-12-05 12:24:55,16,17,4733,16503
2023-12-05 12:25:01,16,18,4733,16503
2023-12-05 12:25:02,16,19,4733,16503
2023-12-05 12:25:03,16,18,4733,16503
2023-12-05 12:25:06,16,19,4733,16503
2023-12-05 12:25:18,16,18,4733,16503
2023-12-05 12:25:22,17,18,4733,16503
2023-12-05 12:25:22,17,19,4733,16503
2023-12-05 12:25:30,18,19,4733,16503
2023-12-05 12:25:30,18,20,4733,16503
2023-12-05 12:25:36,18,21,4733,16503
2023-12-05 12:25:46,18,20,4733,16503
2023-12-05 12:26:03,18,19,4733,16503
2023-12-05 12:26:10,18,20,4733,16503
2023-12-05 12:26:11,18,19,4733,16503
2023-12-05 12:26:13,18,20,4733,16503
2023-12-05 12:26:14,18,19,4733,16503
2023-12-05 12:26:18,17,19,4733,16503
2023-12-05 12:26:26,16,19,4733,16503
2023-12-05 12:26:28,17,19,4733,16503
2023-12-05 12:26:30,16,19,4733,16503
2023-12-05 12:26:34,17,19,4733,16503
2023-12-05 12:26:35,17,20,4733,16503
2023-12-05 12:26:51,18,20,4733,16503
2023-12-05 12:26:56,17,20,4733,16503
2023-12-05 12:26:59,18,20,4733,16503
2023-12-05 12:26:59,18,21,4733,16503
2023-12-05 12:27:00,18,22,4733,16503
2023-12-05 12:27:05,19,22,4733,16503
2023-12-05 12:27:08,18,22,4733,16503
2023-12-05 12:27:09,19,22,4733,16503
2023-12-05 12:27:20,20,22,4733,16503
2023-12-05 12:27:27,20,23,4733,16503
2023-12-05 12:27:33,21,23,4733,16503
2023-12-05 12:27:35,21,24,4733,16503
2023-12-05 12:27:50,22,24,4733,16503
2023-12-05 12:27:52,21,24,4733,16503
2023-12-05 12:27:52,22,24,4733,16503
2023-12-05 12:27:56,21,24,4733,16503
2023-12-05 12:27:56,22,24,4733,16503
2023-12-05 12:28:03,22,25,4733,16503
2023-12-05 12:28:03,23,25,4733,16503
2023-12-05 12:28:04,23,26,4733,16503
2023-12-05 12:28:19,23,25,4733,16503
2023-12-05 12:28:23,22,25,4733,16503
2023-12-05 12:28:36,22,24,4733,16503
2023-12-05 12:29:02,22,23,4733,16503
2023-12-05 12:29:04,20,24,4733,16503
2023-12-05 12:29:11,21,24,4733,16503
2023-12-05 12:29:18,21,23,4733,16503
2023-12-05 12:29:20,21,24,4733,16503
2023-12-05 12:29:30,21,23,4733,16503
2023-12-05 12:29:31,21,24,4733,16503
2023-12-05 12:29:31,20,24,4733,16503
2023-12-05 12:29:31,21,24,4733,16503
2023-12-05 12:29:31,21,23,4733,16503
2023-12-05 12:29:35,20,23,4733,16503
2023-12-05 12:29:35,20,23,4733,16503
2023-12-05 12:29:35,21,23,4733,16503
2023-12-05 12:29:37,21,24,4733,16503
2023-12-05 12:29:37,20,24,4733,16503
2023-12-05 12:29:37,21,24,4733,16503
2023-12-05 12:29:50,22,24,4733,16503
2023-12-05 12:30:10,23,24,4733,16503
2023-12-05 12:30:12,23,25,4733,16503
2023-12-05 12:30:13,22,25,4733,16503
