datetime,bid,ask,open_interest,volume
2023-07-19 09:31:04,42,43,306,340
2023-07-19 09:31:15,42,43,506,540
2023-07-19 09:31:19,42,43,706,740
2023-07-19 09:31:19,42,43,1106,1140
2023-07-19 09:31:20,41,43,1303,1337
2023-07-19 09:31:23,41,42,1303,1337
2023-07-19 09:31:24,41,43,1303,1337
2023-07-19 09:31:36,41,42,1303,1337
2023-07-19 09:31:37,41,43,1303,1337
2023-07-19 09:31:39,41,42,1303,1337
2023-07-19 09:31:40,41,43,1303,1337
2023-07-19 09:31:41,41,42,1303,1337
2023-07-19 09:31:42,41,43,1303,1337
2023-07-19 09:31:52,41,42,1303,1337
2023-07-19 09:31:53,41,43,1303,1337
2023-07-19 09:32:11,41,42,1303,1337
2023-07-19 09:32:12,41,43,1303,1337
2023-07-19 09:32:20,41,42,1303,1337
2023-07-19 09:32:21,41,43,1303,1337
2023-07-19 09:32:22,41,42,1303,1337
2023-07-19 09:32:42,40,41,1302,1338
2023-07-19 09:33:03,41,42,1260,1389
2023-07-19 09:33:09,40,42,1260,1389
2023-07-19 09:33:13,41,42,1260,1389
2023-07-19 09:33:17,40,42,1260,1389
2023-07-19 09:33:24,41,42,1260,1389
2023-07-19 09:33:25,40,42,1260,1389
2023-07-19 09:33:29,41,42,1260,1389
2023-07-19 09:33:46,40,42,1260,1389
2023-07-19 09:33:47,41,42,1260,1389
2023-07-19 09:34:10,42,43,1260,1390
2023-07-19 09:34:11,41,43,1260,1390
2023-07-19 09:34:15,42,43,1260,1390
2023-07-19 09:35:00,43,44,1260,1391
2023-07-19 09:35:01,42,44,1260,1391
2023-07-19 09:35:35,43,44,1260,1391
2023-07-19 09:35:36,42,44,1260,1391
2023-07-19 09:35:39,43,44,1260,1391
2023-07-19 09:35:46,42,44,1260,1391
2023-07-19 09:35:49,43,44,1260,1391
2023-07-19 09:35:51,42,44,1260,1391
2023-07-19 09:35:55,43,44,1260,1391
2023-07-19 09:36:01,42,44,1260,1391
2023-07-19 09:36:41,42,43,1260,1391
2023-07-19 09:37:15,41,43,1260,1491
2023-07-19 09:37:59,41,42,1260,1491
2023-07-19 09:38:00,40,41,1260,1493
2023-07-19 09:38:20,40,41,1149,1604
2023-07-19 09:38:26,39,41,1149,1604
2023-07-19 09:38:27,40,41,1149,1604
2023-07-19 09:38:41,40,41,1209,1804
2023-07-19 09:38:41,40,42,1209,1804
2023-07-19 09:38:41,40,41,1209,1804
2023-07-19 09:38:53,39,41,1209,1804
2023-07-19 09:38:53,40,41,1209,1804
2023-07-19 09:39:55,39,40,1209,1805
2023-07-19 09:40:01,38,40,1209,1806
2023-07-19 09:40:02,39,40,1209,1806
2023-07-19 09:40:07,38,40,1209,1806
2023-07-19 09:40:08,38,40,1608,2206
2023-07-19 09:40:09,37,40,1808,2406
2023-07-19 09:40:10,37,40,2207,2806
2023-07-19 09:40:11,37,39,2207,2806
2023-07-19 09:40:11,36,39,2457,3056
2023-07-19 09:40:13,37,39,2457,3056
2023-07-19 09:40:13,36,39,2856,3456
2023-07-19 09:40:14,36,38,2856,3456
2023-07-19 09:40:14,35,38,3106,3706
2023-07-19 09:40:14,36,38,3106,3706
2023-07-19 09:40:15,36,39,3106,3706
2023-07-19 09:40:15,36,39,3356,3956
2023-07-19 09:40:16,35,39,3556,4156
2023-07-19 09:40:17,35,38,3556,4156
2023-07-19 09:40:18,36,38,3556,4156
2023-07-19 09:40:19,35,38,3556,4156
2023-07-19 09:40:20,36,38,3556,4156
2023-07-19 09:40:21,36,39,3556,4156
2023-07-19 09:40:23,35,39,3556,4156
2023-07-19 09:40:24,36,39,3556,4156
2023-07-19 09:40:28,35,39,3556,4156
2023-07-19 09:40:33,36,39,3556,4156
2023-07-19 09:40:34,35,38,3556,4156
2023-07-19 09:40:37,35,39,3556,4356
2023-07-19 09:40:38,36,39,3556,4356
2023-07-19 09:40:46,37,39,3556,4356
2023-07-19 09:40:49,36,39,3556,4356
2023-07-19 09:40:51,37,39,3556,4356
2023-07-19 09:40:52,36,39,3556,4356
2023-07-19 09:40:52,37,39,3556,4356
2023-07-19 09:41:00,38,39,3556,4356
2023-07-19 09:41:04,38,40,3557,4357
2023-07-19 09:41:18,38,39,3557,4357
2023-07-19 09:41:20,38,39,3557,4707
2023-07-19 09:41:33,38,39,3557,4816
2023-07-19 09:41:46,38,39,3557,4826
2023-07-19 09:41:54,37,39,3557,4826
2023-07-19 09:42:05,38,39,3557,4826
2023-07-19 09:42:31,38,39,3558,5176
2023-07-19 09:42:40,38,39,3558,5526
2023-07-19 09:43:22,36,38,3558,5527
2023-07-19 09:43:24,36,39,3558,5527
2023-07-19 09:43:25,37,39,3558,5527
2023-07-19 09:43:27,36,39,3558,5527
2023-07-19 09:43:27,36,38,3558,5527
2023-07-19 09:43:28,36,37,3558,5527
2023-07-19 09:43:33,36,38,3758,5727
2023-07-19 09:44:01,37,38,3758,5727
2023-07-19 09:44:08,36,38,3758,5727
2023-07-19 09:44:22,37,38,3758,5727
2023-07-19 09:44:29,38,39,3758,5728
2023-07-19 09:44:31,37,39,3758,5728
2023-07-19 09:44:32,38,39,3758,5728
2023-07-19 09:44:33,37,39,3758,5728
2023-07-19 09:44:34,38,39,3758,5728
2023-07-19 09:44:52,38,39,3759,5928
2023-07-19 09:44:53,38,40,3759,5928
2023-07-19 09:44:55,39,40,3759,5928
2023-07-19 09:44:56,38,40,3759,5928
2023-07-19 09:44:57,39,40,3759,5928
2023-07-19 09:45:00,38,40,3759,5928
2023-07-19 09:45:02,39,40,3759,5928
2023-07-19 09:45:04,38,40,3759,5928
2023-07-19 09:45:04,39,40,3759,5928
2023-07-19 09:45:06,38,40,3759,5928
2023-07-19 09:45:07,39,40,3759,5928
2023-07-19 09:45:08,38,40,3759,5928
2023-07-19 09:45:09,39,40,3759,5928
2023-07-19 09:45:16,38,40,3759,5928
2023-07-19 09:45:17,39,40,3759,5928
2023-07-19 09:45:21,40,41,3757,5931
2023-07-19 09:45:30,39,41,3757,5931
2023-07-19 09:45:32,40,41,3757,5931
2023-07-19 09:45:33,39,41,3757,5931
2023-07-19 09:45:34,40,41,3757,5931
2023-07-19 09:45:35,39,41,3757,5931
2023-07-19 09:45:36,40,41,3757,5931
2023-07-19 09:45:40,39,41,3757,5931
2023-07-19 09:45:41,40,41,3757,5931
2023-07-19 09:45:42,39,41,3757,5931
2023-07-19 09:45:45,40,41,3757,5931
2023-07-19 09:45:55,39,41,3757,5931
2023-07-19 09:45:57,40,41,3757,5931
2023-07-19 09:45:58,39,41,3757,5931
2023-07-19 09:45:59,40,41,3757,5931
2023-07-19 09:46:00,39,41,3757,5931
2023-07-19 09:46:01,40,41,3757,5931
2023-07-19 09:46:02,39,41,3757,5931
2023-07-19 09:46:04,40,41,3757,5931
2023-07-19 09:46:11,41,42,3757,5932
2023-07-19 09:46:17,39,42,3757,5932
2023-07-19 09:46:22,40,42,3757,5932
2023-07-19 09:46:49,40,41,3757,5932
2023-07-19 09:46:50,40,42,3757,5932
2023-07-19 09:47:04,41,42,3757,5932
2023-07-19 09:47:11,42,43,3757,5933
2023-07-19 09:47:12,41,43,3757,5933
2023-07-19 09:47:12,40,43,3757,5933
2023-07-19 09:47:13,41,43,3757,5933
2023-07-19 09:47:14,40,43,3757,5933
2023-07-19 09:47:17,40,42,3757,5933
2023-07-19 09:47:17,41,42,3757,5933
2023-07-19 09:47:19,40,42,3757,5933
2023-07-19 09:47:20,41,42,3757,5933
2023-07-19 09:47:23,40,42,3757,5933
2023-07-19 09:47:24,41,42,3757,5933
2023-07-19 09:47:25,41,43,3757,5933
2023-07-19 09:47:25,40,43,3757,5933
2023-07-19 09:47:27,41,43,3757,5933
2023-07-19 09:47:31,42,43,3757,5933
2023-07-19 09:47:33,41,43,3757,5933
2023-07-19 09:47:44,42,43,3757,5933
2023-07-19 09:47:45,41,43,3757,5933
2023-07-19 09:47:49,42,43,3757,5933
2023-07-19 09:47:52,41,43,3757,5933
2023-07-19 09:47:55,41,42,3757,5933
2023-07-19 09:47:56,41,43,3757,5933
2023-07-19 09:48:00,41,42,3757,5933
2023-07-19 09:48:01,41,43,3757,5933
2023-07-19 09:48:04,41,42,3757,5933
2023-07-19 09:48:08,41,43,3757,5933
2023-07-19 09:48:08,41,42,3757,5933
2023-07-19 09:49:35,40,41,3756,5934
2023-07-19 09:49:36,40,42,3756,5934
2023-07-19 09:49:39,41,42,3756,5934
2023-07-19 09:49:41,40,42,3556,6134
2023-07-19 09:49:41,41,42,3556,6134
2023-07-19 09:50:51,41,43,3556,6134
2023-07-19 09:51:55,42,43,3556,6134
2023-07-19 09:52:02,41,43,3556,6134
2023-07-19 09:52:03,42,43,3556,6134
2023-07-19 09:52:07,41,43,3556,6134
2023-07-19 09:52:17,42,43,3556,6134
2023-07-19 09:52:21,41,43,3556,6134
2023-07-19 09:52:52,42,43,3556,6134
2023-07-19 09:52:53,41,43,3556,6134
2023-07-19 09:52:54,42,43,3556,6134
2023-07-19 09:53:13,41,43,3556,6134
2023-07-19 09:53:39,41,42,3556,6134
2023-07-19 09:53:50,40,42,3556,6134
2023-07-19 09:55:04,41,42,3556,6134
2023-07-19 09:55:05,40,42,3556,6134
2023-07-19 09:55:17,41,42,3556,6134
2023-07-19 09:55:20,40,42,3556,6134
2023-07-19 09:55:21,41,42,3556,6134
2023-07-19 09:55:22,40,42,3556,6134
2023-07-19 09:55:34,41,42,3556,6134
2023-07-19 09:55:36,40,42,3556,6134
2023-07-19 09:55:40,41,42,3556,6134
2023-07-19 09:55:59,41,43,3556,6134
2023-07-19 09:56:20,43,44,3557,6335
2023-07-19 09:56:28,43,44,3557,6535
2023-07-19 09:56:38,42,43,3557,6634
2023-07-19 09:56:53,42,44,3557,6634
2023-07-19 09:56:56,42,43,3557,6634
2023-07-19 09:57:10,41,43,3557,6634
2023-07-19 09:57:50,41,43,3557,6636
2023-07-19 09:57:51,41,42,3557,6636
2023-07-19 09:59:30,40,41,3557,6637
2023-07-19 09:59:41,39,40,3557,6639
2023-07-19 09:59:42,39,41,3557,6639
2023-07-19 09:59:53,39,40,3557,6639
2023-07-19 09:59:56,39,41,3557,6639
2023-07-19 10:00:06,39,40,3557,6639
2023-07-19 10:00:10,39,41,3557,6639
2023-07-19 10:00:17,40,41,3557,6639
2023-07-19 10:00:37,40,42,3557,6639
2023-07-19 10:00:38,41,42,3557,6639
2023-07-19 10:01:14,40,42,3557,6639
2023-07-19 10:01:39,40,41,3557,6639
2023-07-19 10:02:08,39,41,3557,6639
2023-07-19 10:02:37,40,41,3557,6639
2023-07-19 10:02:49,39,41,3557,6639
2023-07-19 10:02:53,39,40,3557,6639
2023-07-19 10:04:06,38,39,3557,6641
2023-07-19 10:04:48,38,40,3570,6654
2023-07-19 10:04:49,39,40,3570,6654
2023-07-19 10:04:52,39,41,3570,6654
2023-07-19 10:04:52,39,42,3570,6654
2023-07-19 10:04:59,39,41,3570,6654
2023-07-19 10:05:00,39,40,3570,6654
2023-07-19 10:05:09,38,40,3570,6654
2023-07-19 10:05:10,38,39,3570,6654
2023-07-19 10:05:15,38,40,3570,6654
2023-07-19 10:05:16,38,39,3570,6654
2023-07-19 10:05:17,39,40,3571,6655
2023-07-19 10:05:26,38,40,3571,6655
2023-07-19 10:05:27,38,39,3571,6655
2023-07-19 10:05:58,37,39,3571,6655
2023-07-19 10:06:06,38,39,3571,6655
2023-07-19 10:06:07,37,39,3571,6655
2023-07-19 10:06:08,38,39,3571,6655
2023-07-19 10:06:13,39,40,3571,6656
2023-07-19 10:06:43,39,41,3571,6656
2023-07-19 10:06:43,39,42,3571,6656
2023-07-19 10:07:10,38,42,3571,6656
2023-07-19 10:07:14,39,42,3571,6656
2023-07-19 10:07:17,40,42,3571,6656
2023-07-19 10:07:27,39,42,3571,6656
2023-07-19 10:07:28,39,41,3571,6656
2023-07-19 10:07:29,39,40,3571,6656
2023-07-19 10:07:29,38,40,3571,6656
2023-07-19 10:07:31,38,39,3571,6656
2023-07-19 10:07:38,38,40,3571,6656
2023-07-19 10:07:39,38,42,3571,6656
2023-07-19 10:07:40,39,42,3571,6656
2023-07-19 10:07:41,39,41,3571,6656
2023-07-19 10:07:42,38,41,3571,6656
2023-07-19 10:07:43,38,40,3571,6656
2023-07-19 10:07:53,39,40,3571,6656
2023-07-19 10:07:56,38,40,3571,6656
2023-07-19 10:07:57,38,39,3571,6656
2023-07-19 10:11:49,37,38,3571,6659
2023-07-19 10:11:56,35,38,3571,6659
2023-07-19 10:12:01,36,38,3571,6659
2023-07-19 10:12:10,35,38,3571,6659
2023-07-19 10:12:16,36,38,3571,6659
2023-07-19 10:12:49,37,38,3571,6659
2023-07-19 10:13:01,37,39,3769,6857
2023-07-19 10:13:02,38,39,3769,6857
2023-07-19 10:13:03,37,39,3769,6857
2023-07-19 10:13:04,37,40,3769,6857
2023-07-19 10:13:08,38,40,3769,6857
2023-07-19 10:14:46,39,40,3769,6857
2023-07-19 10:14:52,40,41,3769,6858
2023-07-19 10:14:55,41,42,3769,6859
2023-07-19 10:14:58,40,42,3769,6859
2023-07-19 10:14:59,41,42,3769,6859
2023-07-19 10:15:07,40,42,3769,6859
2023-07-19 10:15:14,41,42,3769,6859
2023-07-19 10:15:18,42,43,3769,6860
2023-07-19 10:15:21,43,44,3769,6861
2023-07-19 10:15:37,42,44,3769,6861
2023-07-19 10:15:39,43,44,3769,6861
2023-07-19 10:15:41,42,44,3769,6861
2023-07-19 10:15:43,43,44,3769,6861
2023-07-19 10:15:46,42,44,3769,6861
2023-07-19 10:15:48,43,44,3769,6861
2023-07-19 10:15:49,42,44,3769,6861
2023-07-19 10:15:50,43,44,3769,6861
2023-07-19 10:15:51,42,44,3769,6861
2023-07-19 10:15:52,43,44,3769,6861
2023-07-19 10:15:54,42,44,3769,6861
2023-07-19 10:15:55,43,44,3769,6861
2023-07-19 10:16:01,42,44,3769,6861
2023-07-19 10:16:05,43,44,3769,6861
2023-07-19 10:16:08,42,44,3769,6861
2023-07-19 10:16:10,43,44,3769,6861
2023-07-19 10:16:12,42,44,3769,6861
2023-07-19 10:16:13,43,44,3769,6861
2023-07-19 10:16:14,42,44,3769,6861
2023-07-19 10:16:19,43,44,3769,6861
2023-07-19 10:16:31,42,44,3769,6861
2023-07-19 10:16:51,43,44,3769,6861
2023-07-19 10:16:53,42,44,3769,6861
2023-07-19 10:16:55,43,44,3769,6861
2023-07-19 10:16:56,42,44,3769,6861
2023-07-19 10:16:57,43,44,3769,6861
2023-07-19 10:17:01,42,44,3769,6861
2023-07-19 10:17:18,42,43,3769,6861
2023-07-19 10:17:19,42,44,3769,6861
2023-07-19 10:17:34,42,43,3769,6861
2023-07-19 10:17:37,42,44,3769,6861
2023-07-19 10:18:01,43,44,3769,6861
2023-07-19 10:18:05,42,44,3769,6861
2023-07-19 10:18:09,42,43,3769,6861
2023-07-19 10:18:18,41,42,3768,6862
2023-07-19 10:18:51,40,41,3767,6863
2023-07-19 10:18:55,40,42,3767,6863
2023-07-19 10:18:55,40,41,3767,6863
2023-07-19 10:19:04,38,41,3767,6865
2023-07-19 10:19:07,39,41,3767,6865
2023-07-19 10:19:31,38,41,3767,6865
2023-07-19 10:19:52,38,41,3997,7095
2023-07-19 10:19:52,38,40,3997,7095
2023-07-19 10:20:12,38,39,3997,7095
2023-07-19 10:21:24,38,40,3998,7326
2023-07-19 10:21:57,38,39,3998,7326
2023-07-19 10:21:59,38,40,3998,7326
2023-07-19 10:22:00,38,39,3998,7326
2023-07-19 10:22:01,38,40,3998,7326
2023-07-19 10:22:25,38,39,3998,7326
2023-07-19 10:22:26,38,40,3998,7326
2023-07-19 10:24:38,37,40,3998,7326
2023-07-19 10:24:52,37,39,3998,7326
2023-07-19 10:24:59,36,39,3998,7326
2023-07-19 10:26:06,37,39,3998,7326
2023-07-19 10:26:11,38,39,3998,7326
2023-07-19 10:26:15,37,39,3998,7326
2023-07-19 10:26:19,37,40,3998,7326
2023-07-19 10:26:41,37,39,3998,7326
2023-07-19 10:26:56,35,39,3998,7326
2023-07-19 10:26:59,36,39,3998,7326
2023-07-19 10:27:02,37,39,3998,7326
2023-07-19 10:27:10,37,40,3998,7326
2023-07-19 10:27:25,38,40,3998,7326
2023-07-19 10:27:56,39,40,3998,7326
2023-07-19 10:28:02,40,41,3998,7327
2023-07-19 10:28:04,41,42,3998,7328
2023-07-19 10:28:07,40,42,3998,7328
2023-07-19 10:28:14,39,42,3998,7328
2023-07-19 10:28:16,39,41,3998,7328
2023-07-19 10:28:38,38,41,3998,7328
2023-07-19 10:28:39,38,41,3998,7339
2023-07-19 10:28:48,39,41,3998,7339
2023-07-19 10:29:00,40,41,3998,7339
2023-07-19 10:29:01,39,41,3998,7339
2023-07-19 10:29:02,40,41,3998,7339
2023-07-19 10:29:04,41,42,3998,7340
2023-07-19 10:29:05,41,42,3998,7342
2023-07-19 10:29:06,40,42,3998,7342
2023-07-19 10:29:11,41,42,3998,7342
2023-07-19 10:29:12,42,43,3999,7343
2023-07-19 10:29:13,43,44,3999,7344
2023-07-19 10:29:13,42,44,3999,7443
2023-07-19 10:29:14,43,44,3999,7443
2023-07-19 10:29:15,42,44,3999,7543
2023-07-19 10:29:16,43,44,3999,7543
2023-07-19 10:29:25,42,44,3599,7943
2023-07-19 10:29:26,43,44,3599,7943
2023-07-19 10:31:03,43,44,3599,8063
2023-07-19 10:31:12,43,45,3268,8395
2023-07-19 10:31:13,44,45,3268,8395
2023-07-19 10:31:26,44,45,3268,8412
2023-07-19 10:31:31,43,45,3268,8412
2023-07-19 10:31:48,43,44,3268,8412
2023-07-19 10:31:51,43,45,3268,8412
2023-07-19 10:31:52,43,44,3268,8412
2023-07-19 10:32:00,43,45,3268,8412
2023-07-19 10:32:04,43,44,3268,8412
2023-07-19 10:34:03,44,45,3269,8413
2023-07-19 10:34:42,43,45,3269,8413
2023-07-19 10:35:01,44,45,3269,8413
2023-07-19 10:35:05,43,45,3269,8413
2023-07-19 10:35:09,44,45,3269,8413
2023-07-19 10:35:10,43,45,3269,8413
2023-07-19 10:35:14,44,45,3269,8413
2023-07-19 10:35:17,43,45,3269,8413
2023-07-19 10:35:19,44,45,3269,8413
2023-07-19 10:35:32,43,45,3269,8413
2023-07-19 10:35:41,44,45,3269,8413
2023-07-19 10:35:48,44,46,3269,8427
2023-07-19 10:35:49,45,46,3269,8427
2023-07-19 10:37:00,45,47,3269,8427
2023-07-19 10:37:07,46,47,3269,8427
2023-07-19 10:37:11,45,47,3269,8427
2023-07-19 10:37:18,46,47,3269,8427
2023-07-19 10:37:24,47,48,3269,8428
2023-07-19 10:37:34,47,48,3069,8628
2023-07-19 10:37:35,47,48,2869,8828
2023-07-19 10:37:36,47,48,2869,8928
2023-07-19 10:37:37,45,48,2869,8928
2023-07-19 10:37:38,46,48,2869,8928
2023-07-19 10:37:46,46,47,2869,8928
2023-07-19 10:38:26,46,47,2869,9028
2023-07-19 10:40:51,45,46,2869,9029
2023-07-19 10:41:25,44,45,2869,9030
2023-07-19 10:41:49,43,45,2869,9032
2023-07-19 10:41:53,43,44,2869,9032
2023-07-19 10:43:55,41,42,3119,9384
2023-07-19 10:43:56,41,44,3119,9532
2023-07-19 10:43:57,42,44,3119,9532
2023-07-19 10:44:15,43,44,3119,9532
2023-07-19 10:44:20,42,44,3119,9532
2023-07-19 10:44:44,43,44,3119,9532
2023-07-19 10:44:44,43,44,3119,9593
2023-07-19 10:44:57,42,44,3119,9593
2023-07-19 10:45:05,43,44,3119,9593
2023-07-19 10:45:32,42,44,3119,9593
2023-07-19 10:45:32,42,43,3119,9593
2023-07-19 10:45:42,41,43,3119,9593
2023-07-19 10:45:45,41,43,3569,10044
2023-07-19 10:45:55,40,43,3569,10044
2023-07-19 10:45:56,41,43,3569,10044
2023-07-19 10:45:58,40,41,3569,10144
2023-07-19 10:46:02,40,41,3769,10344
2023-07-19 10:46:03,40,43,3769,10544
2023-07-19 10:46:04,41,43,3769,10544
2023-07-19 10:46:13,42,43,3769,10544
2023-07-19 10:46:20,43,44,3769,10545
2023-07-19 10:46:21,44,45,3769,10546
2023-07-19 10:46:29,43,45,3769,10546
2023-07-19 10:46:29,43,44,3769,10546
2023-07-19 10:46:30,43,45,3769,10546
2023-07-19 10:46:31,43,44,3769,10546
2023-07-19 10:46:46,44,45,3769,10547
2023-07-19 10:47:27,44,46,3769,10547
2023-07-19 10:48:25,44,45,3769,10547
2023-07-19 10:49:26,43,45,3769,10547
2023-07-19 10:49:28,44,45,3769,10547
2023-07-19 10:49:38,44,46,3769,10547
2023-07-19 10:50:35,44,45,3769,10547
2023-07-19 10:50:39,44,46,3769,10547
2023-07-19 10:50:41,44,45,3769,10547
2023-07-19 10:51:24,43,45,3769,10547
2023-07-19 10:51:24,43,44,3769,10547
2023-07-19 10:52:24,42,43,3667,10649
2023-07-19 10:52:30,40,43,3667,10649
2023-07-19 10:52:31,40,42,3667,10649
2023-07-19 10:53:02,41,42,3667,10649
2023-07-19 10:53:04,42,43,3667,10650
2023-07-19 10:53:59,42,44,3667,10650
2023-07-19 10:54:02,43,44,3667,10650
2023-07-19 10:54:20,43,45,3667,10650
2023-07-19 10:54:31,44,45,3667,10650
2023-07-19 10:54:34,45,46,3668,10651
2023-07-19 10:54:34,45,47,3670,11051
2023-07-19 10:54:34,46,47,3670,11051
2023-07-19 10:54:34,46,48,3670,11051
2023-07-19 10:54:36,47,48,3670,11051
2023-07-19 10:54:38,48,49,3670,11052
2023-07-19 10:54:47,49,50,3671,11053
2023-07-19 10:54:51,50,51,3686,11068
2023-07-19 10:54:56,51,52,3686,11069
2023-07-19 10:55:01,50,52,3686,11069
2023-07-19 10:55:02,51,52,3686,11069
2023-07-19 10:55:03,50,52,3686,11069
2023-07-19 10:55:04,51,52,3686,11069
2023-07-19 10:55:16,51,52,3786,11169
2023-07-19 10:55:20,51,52,3986,11369
2023-07-19 10:55:21,50,52,3986,11369
2023-07-19 10:55:21,51,52,3986,11369
2023-07-19 10:55:22,50,52,3986,11369
2023-07-19 10:55:22,51,52,3986,11369
2023-07-19 10:55:24,50,52,3986,11369
2023-07-19 10:55:24,51,52,3986,11369
2023-07-19 10:55:24,50,51,4186,11569
2023-07-19 10:55:33,50,52,4186,11569
2023-07-19 10:55:33,50,51,4186,11569
2023-07-19 10:55:47,50,51,4086,11919
2023-07-19 10:55:51,49,51,3985,12020
2023-07-19 10:55:52,50,51,3985,12020
2023-07-19 10:55:54,49,51,3785,12220
2023-07-19 10:55:55,50,51,3785,12220
2023-07-19 10:55:56,49,51,3685,12320
2023-07-19 10:55:58,50,51,3685,12320
2023-07-19 10:55:58,49,51,3585,12420
2023-07-19 10:56:02,50,51,3585,12420
2023-07-19 10:56:04,49,51,3561,12620
2023-07-19 10:56:06,50,51,3561,12620
2023-07-19 10:56:07,49,51,3561,12720
2023-07-19 10:56:08,50,51,3561,12720
2023-07-19 10:56:09,49,51,3561,12920
2023-07-19 10:56:10,50,51,3561,12920
2023-07-19 10:56:11,49,51,3561,13020
2023-07-19 10:56:12,50,51,3561,13020
2023-07-19 10:56:22,49,51,3561,13020
2023-07-19 10:56:25,50,51,3561,13020
2023-07-19 10:56:42,49,51,3561,13220
2023-07-19 10:56:43,49,50,3561,13220
2023-07-19 10:56:43,49,50,3561,13320
2023-07-19 10:57:08,48,49,3560,13421
2023-07-19 10:57:09,48,50,3560,13421
2023-07-19 10:57:12,48,49,3560,13421
2023-07-19 10:57:13,48,50,3560,13621
2023-07-19 10:57:16,49,50,3560,13621
2023-07-19 10:57:18,48,49,3560,13821
2023-07-19 10:57:18,48,49,3560,13921
2023-07-19 10:57:19,48,49,3560,14021
2023-07-19 10:57:20,48,49,3560,14121
2023-07-19 10:57:21,48,49,3560,14221
2023-07-19 10:57:22,48,50,3560,14221
2023-07-19 10:57:23,49,50,3560,14221
2023-07-19 10:57:23,49,50,3561,14222
2023-07-19 10:57:34,49,50,3719,14422
2023-07-19 10:57:40,49,50,3919,14622
2023-07-19 10:57:44,49,50,4119,14822
2023-07-19 10:57:53,48,50,4119,14822
2023-07-19 11:00:09,48,49,4119,14822
2023-07-19 11:01:06,49,50,4119,14823
2023-07-19 11:01:07,48,50,4119,14823
2023-07-19 11:04:06,49,50,4119,14823
2023-07-19 11:04:23,48,50,4119,14823
2023-07-19 11:04:24,49,50,4119,14823
2023-07-19 11:05:08,48,50,4119,14823
2023-07-19 11:05:11,49,50,4119,14823
2023-07-19 11:05:14,48,50,4119,14823
2023-07-19 11:05:18,49,50,4119,14823
2023-07-19 11:05:36,48,50,4119,14823
2023-07-19 11:06:12,48,49,4119,14823
2023-07-19 11:06:14,48,50,4119,14823
2023-07-19 11:07:12,49,50,4119,14823
2023-07-19 11:07:14,48,50,4119,14823
2023-07-19 11:07:17,49,50,4119,14823
2023-07-19 11:07:26,48,50,4119,14823
2023-07-19 11:07:50,48,49,4119,14823
2023-07-19 11:07:59,48,50,4120,15176
2023-07-19 11:08:03,49,50,4120,15176
2023-07-19 11:10:18,49,51,4120,15176
2023-07-19 11:12:54,49,50,4120,15176
2023-07-19 11:12:57,48,50,4120,15176
2023-07-19 11:13:08,48,51,4120,15176
2023-07-19 11:14:10,49,51,4120,15176
2023-07-19 11:14:11,48,51,4120,15176
2023-07-19 11:14:40,48,50,4120,15176
2023-07-19 11:15:50,48,49,4120,15176
2023-07-19 11:15:57,48,50,4120,15176
2023-07-19 11:15:57,48,49,4120,15176
2023-07-19 11:16:01,47,49,4120,15180
2023-07-19 11:16:03,47,48,4120,15180
2023-07-19 11:16:08,47,48,4120,15183
2023-07-19 11:16:09,46,47,4120,15185
2023-07-19 11:16:23,46,47,4120,15190
2023-07-19 11:16:34,46,47,4120,15193
2023-07-19 11:16:52,47,48,4120,15194
2023-07-19 11:16:55,46,48,4120,15194
2023-07-19 11:17:02,47,48,4120,15194
2023-07-19 11:17:30,46,48,4120,15194
2023-07-19 11:17:30,47,48,4120,15194
2023-07-19 11:17:40,46,48,4120,15194
2023-07-19 11:17:41,47,48,4120,15194
2023-07-19 11:18:17,47,49,4120,15194
2023-07-19 11:18:49,46,49,4120,15194
2023-07-19 11:18:52,47,49,4120,15194
2023-07-19 11:18:53,46,49,4120,15194
2023-07-19 11:18:55,46,48,4120,15194
2023-07-19 11:19:05,47,48,4120,15194
2023-07-19 11:19:15,46,48,4120,15194
2023-07-19 11:19:16,47,48,4120,15194
2023-07-19 11:19:28,46,48,4120,15194
2023-07-19 11:19:35,47,48,4120,15194
2023-07-19 11:19:42,46,48,4120,15194
2023-07-19 11:19:43,47,48,4120,15194
2023-07-19 11:19:46,46,48,4120,15194
2023-07-19 11:19:51,47,48,4120,15194
2023-07-19 11:19:55,46,48,4120,15194
2023-07-19 11:19:56,47,48,4120,15194
2023-07-19 11:19:57,46,48,4120,15194
2023-07-19 11:19:59,47,48,4120,15194
2023-07-19 11:20:05,48,49,4120,15195
2023-07-19 11:20:58,47,49,4120,15195
2023-07-19 11:21:04,48,49,4120,15195
2023-07-19 11:21:06,47,49,4120,15195
2023-07-19 11:21:11,48,49,4120,15195
2023-07-19 11:21:17,49,50,4120,15196
2023-07-19 11:22:09,48,50,4120,15196
2023-07-19 11:22:22,49,50,4120,15196
2023-07-19 11:22:35,48,50,4120,15196
2023-07-19 11:22:40,49,50,4120,15196
2023-07-19 11:22:41,48,50,4120,15196
2023-07-19 11:22:42,49,50,4120,15196
2023-07-19 11:22:58,49,50,4120,15333
2023-07-19 11:23:36,50,51,4120,15334
2023-07-19 11:24:02,51,52,4121,15335
2023-07-19 11:24:08,50,52,4121,15335
2023-07-19 11:24:50,50,51,4121,15335
2023-07-19 11:24:51,50,52,4121,15335
2023-07-19 11:25:28,50,51,4121,15335
2023-07-19 11:27:50,49,51,4121,15335
2023-07-19 11:27:53,49,50,4121,15335
2023-07-19 11:28:34,48,50,4121,15335
2023-07-19 11:29:06,48,49,4121,15335
2023-07-19 11:30:44,47,48,4121,15338
2023-07-19 11:32:37,46,47,4120,15339
2023-07-19 11:32:45,46,48,4120,15339
2023-07-19 11:32:59,46,47,4120,15339
2023-07-19 11:34:27,45,46,4120,15340
2023-07-19 11:34:33,45,47,4120,15340
2023-07-19 11:34:42,46,47,4120,15340
2023-07-19 11:34:45,45,47,4120,15340
2023-07-19 11:35:03,46,47,4120,15340
2023-07-19 11:35:12,46,47,3921,15540
2023-07-19 11:35:17,46,47,3721,15740
2023-07-19 11:35:20,46,47,3721,16090
2023-07-19 11:35:21,46,48,3721,16090
2023-07-19 11:35:55,47,48,3721,16090
2023-07-19 11:36:30,46,48,3721,16090
2023-07-19 11:37:10,47,48,3721,16090
2023-07-19 11:37:18,46,48,3721,16090
2023-07-19 11:37:38,47,48,3721,16090
2023-07-19 11:37:49,46,48,3721,16090
2023-07-19 11:38:53,46,47,3721,16090
2023-07-19 11:39:11,45,47,3721,16090
2023-07-19 11:39:37,46,47,3721,16090
2023-07-19 11:39:39,47,48,3721,16091
2023-07-19 11:39:51,47,48,3722,16092
2023-07-19 11:40:01,48,49,3723,16093
2023-07-19 11:40:02,47,49,3723,16093
2023-07-19 11:40:16,48,49,3723,16093
2023-07-19 11:40:16,47,49,3723,16093
2023-07-19 11:40:27,46,49,3723,16093
2023-07-19 11:40:28,46,48,3723,16093
2023-07-19 11:41:16,47,48,3723,16093
2023-07-19 11:44:19,48,49,3724,16094
2023-07-19 11:44:23,47,49,3724,16094
2023-07-19 11:44:32,48,49,3724,16094
2023-07-19 11:44:34,47,49,3724,16094
2023-07-19 11:44:41,47,48,3724,16094
2023-07-19 11:44:43,47,49,3724,16094
2023-07-19 11:44:44,47,48,3724,16094
2023-07-19 11:45:00,47,49,3724,16094
2023-07-19 11:45:00,47,49,3723,16095
2023-07-19 11:45:21,46,49,3723,16095
2023-07-19 11:45:27,46,48,3723,16095
2023-07-19 11:45:43,46,47,3723,16095
2023-07-19 11:45:44,46,48,3723,16095
2023-07-19 11:45:48,45,48,3723,16095
2023-07-19 11:45:52,45,47,3723,16095
2023-07-19 11:46:46,46,47,3723,16095
2023-07-19 11:46:54,45,47,3723,16095
2023-07-19 11:47:04,46,47,3723,16095
2023-07-19 11:47:07,46,48,3723,16095
2023-07-19 11:47:10,47,48,3723,16095
2023-07-19 11:47:11,46,48,3723,16095
2023-07-19 11:48:45,47,48,3723,16095
2023-07-19 11:50:35,46,48,3723,16095
2023-07-19 11:51:04,46,49,3725,16135
2023-07-19 11:51:13,47,49,3725,16135
2023-07-19 11:52:34,47,48,3725,16135
2023-07-19 11:52:43,46,48,3725,16135
2023-07-19 11:54:06,46,47,3725,16135
2023-07-19 11:54:15,45,47,3725,16135
2023-07-19 11:54:42,45,46,3725,16135
2023-07-19 11:54:48,44,46,3720,16140
2023-07-19 11:54:49,44,45,3720,16140
2023-07-19 11:54:50,42,45,3711,16400
2023-07-19 11:54:51,43,44,3711,16400
2023-07-19 11:54:54,42,44,3711,16400
2023-07-19 11:54:55,42,43,3711,16400
2023-07-19 11:54:56,43,44,3703,16500
2023-07-19 11:54:57,42,44,3703,16500
2023-07-19 11:55:22,42,43,3703,16500
2023-07-19 11:55:22,42,44,3703,16600
2023-07-19 11:55:24,42,43,3703,16600
2023-07-19 11:55:31,42,44,3703,16900
2023-07-19 11:55:36,43,44,3703,16900
2023-07-19 11:55:38,42,44,3703,16900
2023-07-19 11:55:43,42,43,3703,16900
2023-07-19 11:56:04,42,43,3904,17101
2023-07-19 11:56:08,42,44,3904,17101
2023-07-19 11:56:09,43,44,3904,17101
2023-07-19 11:56:11,44,45,3904,17102
2023-07-19 11:56:13,43,45,3904,17102
2023-07-19 11:56:15,43,45,3904,17102
2023-07-19 11:56:27,44,45,3904,17102
2023-07-19 11:56:30,45,46,3904,17103
2023-07-19 11:56:32,46,47,3905,17104
2023-07-19 11:56:35,46,48,3905,17104
2023-07-19 11:56:35,45,48,3905,17104
2023-07-19 11:56:35,46,48,3905,17104
2023-07-19 11:56:49,47,48,3905,17104
2023-07-19 11:56:50,48,49,3906,17105
2023-07-19 11:56:57,47,49,3906,17105
2023-07-19 11:56:58,47,48,3906,17105
2023-07-19 11:57:05,46,48,3905,17206
2023-07-19 11:57:07,46,48,3905,17206
2023-07-19 11:57:14,46,47,3905,17206
2023-07-19 11:57:23,46,48,3905,17206
2023-07-19 11:57:24,46,47,3905,17206
2023-07-19 11:57:31,45,47,3905,17206
2023-07-19 11:58:05,44,45,3905,17207
2023-07-19 11:58:07,44,47,4004,17306
2023-07-19 11:59:45,44,46,4004,17306
2023-07-19 11:59:46,44,47,4004,17306
2023-07-19 11:59:47,44,46,4004,17306
2023-07-19 12:00:29,44,45,4004,17306
2023-07-19 12:00:29,43,45,4004,17306
2023-07-19 12:00:33,43,46,4004,17306
2023-07-19 12:02:18,43,45,4004,17306
2023-07-19 12:03:33,43,44,4004,17306
2023-07-19 12:03:33,43,45,4004,17306
2023-07-19 12:03:34,41,42,4004,17358
2023-07-19 12:03:35,41,43,4004,17358
2023-07-19 12:03:35,41,42,4004,17358
2023-07-19 12:03:37,40,41,4004,17359
2023-07-19 12:03:38,40,42,4004,17359
2023-07-19 12:03:38,40,43,4004,17359
2023-07-19 12:03:38,40,42,4004,17359
2023-07-19 12:03:40,40,44,4004,17359
2023-07-19 12:03:40,40,43,4004,17359
2023-07-19 12:03:42,40,42,4004,17359
2023-07-19 12:03:49,40,41,4004,17359
2023-07-19 12:03:50,39,40,4004,17360
2023-07-19 12:03:52,38,39,4004,17361
2023-07-19 12:03:53,37,38,4004,17362
2023-07-19 12:03:56,37,40,4004,17362
2023-07-19 12:03:56,37,41,4004,17362
2023-07-19 12:03:56,37,40,4004,17362
2023-07-19 12:03:58,37,41,4004,17362
2023-07-19 12:03:58,37,42,4004,17362
2023-07-19 12:03:58,37,41,4004,17362
2023-07-19 12:03:59,38,41,4004,17362
2023-07-19 12:03:59,38,42,4004,17362
2023-07-19 12:03:59,39,42,4004,17362
2023-07-19 12:03:59,39,42,4004,17363
2023-07-19 12:03:59,39,40,4004,17363
2023-07-19 12:04:00,40,41,4004,17364
2023-07-19 12:04:01,41,42,4004,17365
2023-07-19 12:04:04,40,42,4004,17365
2023-07-19 12:04:04,41,42,4004,17365
2023-07-19 12:04:12,40,41,4004,17366
2023-07-19 12:04:13,40,42,4004,17512
2023-07-19 12:04:19,41,42,4004,17512
2023-07-19 12:04:21,40,42,4004,17512
2023-07-19 12:04:30,40,41,4004,17512
2023-07-19 12:04:34,39,40,4004,17513
2023-07-19 12:04:35,39,41,4004,17513
2023-07-19 12:04:36,39,42,4004,17513
2023-07-19 12:04:38,39,41,4004,17513
2023-07-19 12:04:39,39,42,4004,17513
2023-07-19 12:04:40,40,42,4004,17513
2023-07-19 12:04:42,41,42,4004,17513
2023-07-19 12:04:46,42,43,4004,17514
2023-07-19 12:04:50,43,44,4004,17515
2023-07-19 12:04:53,44,45,4004,17516
2023-07-19 12:04:53,44,46,4004,17516
2023-07-19 12:04:54,45,46,4004,17516
2023-07-19 12:04:58,45,47,4004,17516
2023-07-19 12:04:58,45,48,4004,17516
2023-07-19 12:05:02,45,47,4004,17516
2023-07-19 12:05:02,44,47,4004,17516
2023-07-19 12:05:03,44,45,4004,17516
2023-07-19 12:05:03,42,45,4004,17516
2023-07-19 12:05:05,42,44,4004,17516
2023-07-19 12:05:05,41,44,4004,17516
2023-07-19 12:05:06,41,45,4004,17516
2023-07-19 12:05:06,42,45,4004,17516
2023-07-19 12:05:09,42,44,4004,17516
2023-07-19 12:05:09,41,44,4004,17516
2023-07-19 12:05:10,41,45,4004,17516
2023-07-19 12:05:10,42,45,4004,17516
2023-07-19 12:05:11,42,46,4004,17516
2023-07-19 12:05:11,43,46,4004,17516
2023-07-19 12:05:14,43,45,4004,17516
2023-07-19 12:05:14,42,45,4004,17516
2023-07-19 12:05:16,42,46,4004,17516
2023-07-19 12:05:17,43,46,4004,17516
2023-07-19 12:05:20,43,45,4004,17516
2023-07-19 12:05:20,42,45,4004,17516
2023-07-19 12:05:23,42,44,4004,17516
2023-07-19 12:05:23,41,44,4004,17516
2023-07-19 12:05:29,41,43,4004,17516
2023-07-19 12:05:30,41,44,4004,17516
2023-07-19 12:05:32,41,42,4004,17516
2023-07-19 12:05:33,41,43,4004,17516
2023-07-19 12:05:33,41,44,4004,17516
2023-07-19 12:05:36,41,43,4004,17516
2023-07-19 12:05:37,41,42,4004,17516
2023-07-19 12:05:38,41,43,4004,17516
2023-07-19 12:05:38,40,41,4004,17517
2023-07-19 12:05:39,39,41,4004,17768
2023-07-19 12:05:40,38,41,4004,18019
2023-07-19 12:05:40,38,40,4004,18019
2023-07-19 12:05:42,39,40,4004,18019
2023-07-19 12:05:43,38,40,4004,18269
2023-07-19 12:05:44,39,40,4004,18269
2023-07-19 12:05:51,39,41,4004,18469
2023-07-19 12:05:51,40,41,4004,18469
2023-07-19 12:05:54,39,41,4004,18469
2023-07-19 12:05:55,40,41,4004,18469
2023-07-19 12:05:56,39,41,4004,18469
2023-07-19 12:05:56,40,41,4004,18469
2023-07-19 12:05:58,40,42,4004,18571
2023-07-19 12:06:02,41,42,4004,18571
2023-07-19 12:06:03,42,43,4004,18573
2023-07-19 12:06:04,43,44,4006,18575
2023-07-19 12:06:04,44,45,4007,18576
2023-07-19 12:06:06,43,45,4007,18576
2023-07-19 12:06:09,42,45,4007,18576
2023-07-19 12:06:13,42,44,4007,18576
2023-07-19 12:06:13,41,44,4007,18576
2023-07-19 12:06:14,40,44,4007,18576
2023-07-19 12:06:20,40,45,4007,18576
2023-07-19 12:06:20,41,45,4007,18576
2023-07-19 12:06:22,41,46,4007,18576
2023-07-19 12:06:22,42,46,4007,18576
2023-07-19 12:06:23,43,46,4007,18576
2023-07-19 12:06:27,42,46,4007,18576
2023-07-19 12:06:28,43,46,4007,18576
2023-07-19 12:06:33,43,45,4007,18576
2023-07-19 12:06:38,43,44,4007,18576
2023-07-19 12:06:39,42,43,4006,18577
2023-07-19 12:06:41,42,44,4006,18577
2023-07-19 12:06:43,41,44,4006,18577
2023-07-19 12:06:44,41,43,4006,18577
2023-07-19 12:06:45,41,44,4006,18577
2023-07-19 12:06:47,41,43,4006,18577
2023-07-19 12:06:56,41,44,4006,18577
2023-07-19 12:07:00,41,43,4006,18577
2023-07-19 12:07:11,41,42,4006,18577
2023-07-19 12:07:12,41,43,4006,18577
2023-07-19 12:07:21,41,42,4006,18577
2023-07-19 12:07:23,41,43,4006,18577
2023-07-19 12:07:27,41,42,4006,18577
2023-07-19 12:07:31,40,41,4005,18578
2023-07-19 12:07:32,40,42,4005,18578
2023-07-19 12:07:36,39,42,4005,18578
2023-07-19 12:07:37,39,43,4005,18578
2023-07-19 12:07:37,39,42,4005,18578
2023-07-19 12:07:46,39,41,4005,18578
2023-07-19 12:07:49,39,42,4005,18578
2023-07-19 12:07:50,39,41,4005,18578
2023-07-19 12:07:56,39,42,4005,18578
2023-07-19 12:08:04,39,41,4005,18578
2023-07-19 12:08:05,39,42,4005,18578
2023-07-19 12:08:06,39,41,4005,18578
2023-07-19 12:08:07,39,40,4005,18578
2023-07-19 12:08:10,39,42,4005,18578
2023-07-19 12:08:10,39,41,4005,18578
2023-07-19 12:08:12,39,42,4005,18578
2023-07-19 12:08:12,39,41,4005,18578
2023-07-19 12:08:54,40,41,4005,18578
2023-07-19 12:08:56,40,42,4006,18579
2023-07-19 12:08:57,39,42,4006,18579
2023-07-19 12:09:07,39,41,4006,18579
2023-07-19 12:09:08,39,40,4006,18579
2023-07-19 12:09:11,39,41,4006,18579
2023-07-19 12:09:12,39,40,4006,18579
2023-07-19 12:09:13,39,41,4006,18579
2023-07-19 12:09:14,39,40,4006,18579
2023-07-19 12:09:18,39,41,4006,18579
2023-07-19 12:09:19,39,42,4006,18579
2023-07-19 12:09:28,40,42,4006,18579
2023-07-19 12:09:28,41,42,4006,18579
2023-07-19 12:09:31,39,42,4006,18579
2023-07-19 12:09:31,40,42,4006,18579
2023-07-19 12:09:34,41,42,4006,18579
2023-07-19 12:09:41,40,42,4006,18579
2023-07-19 12:09:41,41,42,4006,18579
2023-07-19 12:09:43,41,43,4007,18580
2023-07-19 12:09:46,42,43,4007,18580
2023-07-19 12:09:47,43,44,4007,18581
2023-07-19 12:09:48,42,44,4007,18581
2023-07-19 12:09:50,43,44,4007,18581
2023-07-19 12:09:52,42,44,4007,18581
2023-07-19 12:09:53,42,45,4008,18582
2023-07-19 12:09:54,41,45,4008,18582
2023-07-19 12:09:55,42,45,4008,18582
2023-07-19 12:09:59,42,44,4008,18582
2023-07-19 12:10:02,42,43,4008,18582
2023-07-19 12:10:04,42,44,4008,18582
2023-07-19 12:10:06,42,43,4008,18582
2023-07-19 12:10:15,42,44,4008,18582
2023-07-19 12:10:18,42,43,4008,18582
2023-07-19 12:10:19,42,44,4008,18582
2023-07-19 12:10:21,40,44,4008,18582
2023-07-19 12:10:26,40,43,4008,18582
2023-07-19 12:10:28,40,43,4008,18982
2023-07-19 12:10:29,41,43,4008,18982
2023-07-19 12:10:31,41,44,4008,18982
2023-07-19 12:10:31,41,42,4008,18982
2023-07-19 12:10:33,41,44,4008,18982
2023-07-19 12:10:33,41,43,4008,18982
2023-07-19 12:10:34,40,43,4008,18982
2023-07-19 12:10:40,40,42,4008,18982
2023-07-19 12:10:47,41,42,4008,18982
2023-07-19 12:10:49,41,43,4008,18982
2023-07-19 12:10:51,40,43,4008,18982
2023-07-19 12:10:51,40,42,4008,18982
2023-07-19 12:10:52,40,43,4008,18982
2023-07-19 12:10:54,40,42,4008,18982
2023-07-19 12:11:00,39,42,4008,18982
2023-07-19 12:11:01,39,41,4008,18982
2023-07-19 12:11:07,39,42,4008,18982
2023-07-19 12:11:09,39,41,4008,18982
2023-07-19 12:11:21,39,42,4008,18982
2023-07-19 12:11:31,39,41,4008,18982
2023-07-19 12:11:32,39,42,4008,18982
2023-07-19 12:11:46,39,41,4008,18982
2023-07-19 12:11:48,39,42,4008,18982
2023-07-19 12:12:04,40,42,4008,18982
2023-07-19 12:12:06,40,43,4008,18982
2023-07-19 12:12:08,41,43,4008,18982
2023-07-19 12:12:09,42,43,4008,18982
2023-07-19 12:12:11,43,44,4009,18983
2023-07-19 12:12:12,42,44,4009,18983
2023-07-19 12:12:12,41,44,4009,18983
2023-07-19 12:12:31,42,44,4009,18983
2023-07-19 12:12:34,43,44,4009,18983
2023-07-19 12:12:36,42,44,4009,18983
2023-07-19 12:12:37,41,44,4009,18983
2023-07-19 12:12:42,41,43,4009,18983
2023-07-19 12:12:47,41,42,4009,18983
2023-07-19 12:12:53,40,41,4008,18984
2023-07-19 12:12:57,39,41,4008,18984
2023-07-19 12:13:09,40,41,4008,18984
2023-07-19 12:13:11,40,42,4008,18984
2023-07-19 12:13:17,40,41,4008,18984
2023-07-19 12:13:18,39,40,4007,18985
2023-07-19 12:13:20,40,42,4007,19084
2023-07-19 12:13:22,40,42,4007,19085
2023-07-19 12:13:22,40,41,4007,19085
2023-07-19 12:13:25,40,42,4007,19085
2023-07-19 12:13:27,41,42,4007,19085
2023-07-19 12:13:31,40,42,4007,19085
2023-07-19 12:13:33,41,42,4007,19085
2023-07-19 12:13:35,42,43,4008,19086
2023-07-19 12:13:38,43,44,4009,19087
2023-07-19 12:13:40,42,44,4009,19087
2023-07-19 12:13:41,42,45,4010,19088
2023-07-19 12:13:43,43,45,4010,19088
2023-07-19 12:13:44,42,45,4010,19088
2023-07-19 12:14:35,43,45,4010,19088
2023-07-19 12:14:40,43,46,4010,19088
2023-07-19 12:14:57,43,45,4010,19088
2023-07-19 12:14:59,43,44,4010,19088
2023-07-19 12:15:03,43,45,4010,19088
2023-07-19 12:15:04,43,46,4010,19088
2023-07-19 12:15:05,43,45,4010,19088
2023-07-19 12:15:39,44,45,4010,19088
2023-07-19 12:15:48,45,46,4011,19089
2023-07-19 12:15:49,44,46,4011,19089
2023-07-19 12:15:51,44,47,4011,19089
2023-07-19 12:15:53,43,47,4011,19089
2023-07-19 12:16:00,44,47,4011,19089
2023-07-19 12:16:01,45,47,4011,19089
2023-07-19 12:16:03,46,47,4011,19089
2023-07-19 12:16:04,47,48,4012,19090
2023-07-19 12:16:09,46,48,4012,19090
2023-07-19 12:16:12,44,48,4012,19090
2023-07-19 12:16:14,44,47,4012,19090
2023-07-19 12:16:24,44,48,4012,19090
2023-07-19 12:16:26,45,48,4012,19090
2023-07-19 12:16:28,46,48,4012,19090
2023-07-19 12:16:38,47,48,4012,19090
2023-07-19 12:16:39,46,48,4012,19090
2023-07-19 12:16:44,47,48,4012,19090
2023-07-19 12:16:46,46,48,4012,19090
2023-07-19 12:16:52,47,48,4012,19090
2023-07-19 12:16:57,47,49,4012,19090
2023-07-19 12:17:06,47,48,4012,19090
2023-07-19 12:17:07,47,49,4012,19090
2023-07-19 12:17:08,46,49,4012,19090
2023-07-19 12:17:15,47,49,4012,19090
2023-07-19 12:17:30,46,49,4012,19090
2023-07-19 12:17:39,47,49,4012,19090
2023-07-19 12:17:40,46,49,4012,19090
2023-07-19 12:17:49,46,48,4012,19090
2023-07-19 12:17:51,46,49,4012,19090
2023-07-19 12:18:10,46,48,4012,19090
2023-07-19 12:18:20,46,47,4012,19090
2023-07-19 12:18:21,46,48,4012,19090
2023-07-19 12:20:07,46,47,4012,19090
2023-07-19 12:20:17,45,47,4012,19090
2023-07-19 12:20:39,46,47,4012,19090
2023-07-19 12:20:46,46,48,4012,19090
2023-07-19 12:21:06,47,48,4012,19090
2023-07-19 12:21:07,46,48,4012,19090
2023-07-19 12:21:09,46,49,4012,19090
2023-07-19 12:21:09,47,49,4012,19090
2023-07-19 12:21:16,48,49,4012,19090
2023-07-19 12:21:17,47,49,4012,19090
2023-07-19 12:21:21,48,49,4012,19090
2023-07-19 12:21:23,48,50,4013,19091
2023-07-19 12:21:24,49,50,4013,19091
2023-07-19 12:21:26,50,51,4014,19092
2023-07-19 12:21:31,50,53,4004,19104
2023-07-19 12:21:34,51,53,4004,19104
2023-07-19 12:21:36,52,53,4004,19104
2023-07-19 12:21:38,51,53,4004,19104
2023-07-19 12:21:40,52,53,4004,19104
2023-07-19 12:21:42,51,53,4004,19104
2023-07-19 12:21:45,52,53,4004,19104
2023-07-19 12:21:48,52,54,4005,19105
2023-07-19 12:21:49,51,54,4005,19105
2023-07-19 12:21:50,52,54,4005,19105
2023-07-19 12:21:52,51,54,4005,19105
2023-07-19 12:21:53,52,54,4005,19105
2023-07-19 12:21:56,52,54,4006,19455
2023-07-19 12:22:00,52,53,4006,19455
2023-07-19 12:22:15,51,53,4006,19455
2023-07-19 12:22:31,52,53,4006,19455
2023-07-19 12:22:37,51,53,4006,19455
2023-07-19 12:22:39,52,53,4006,19455
2023-07-19 12:22:53,51,53,4006,19455
2023-07-19 12:22:55,52,53,4006,19455
2023-07-19 12:23:12,52,54,4006,19455
2023-07-19 12:23:19,52,55,4007,19456
2023-07-19 12:23:23,53,55,4007,19456
2023-07-19 12:23:25,52,55,4007,19456
2023-07-19 12:23:28,52,54,4007,19456
2023-07-19 12:23:29,52,54,4003,19460
2023-07-19 12:23:34,52,53,4003,19460
2023-07-19 12:23:40,52,53,4003,19463
2023-07-19 12:23:49,51,52,4000,19466
2023-07-19 12:23:57,50,51,3996,19470
2023-07-19 12:24:00,50,52,3996,19470
2023-07-19 12:24:01,50,51,3996,19470
2023-07-19 12:24:03,49,51,3996,19470
2023-07-19 12:24:04,49,52,3996,19470
2023-07-19 12:24:10,50,52,3996,19470
2023-07-19 12:24:11,49,52,3996,19470
2023-07-19 12:24:17,50,52,3996,19470
2023-07-19 12:24:29,51,52,3996,19470
2023-07-19 12:24:34,51,53,3997,19471
2023-07-19 12:24:35,52,53,3997,19471
2023-07-19 12:24:36,51,53,3997,19471
2023-07-19 12:24:38,51,54,3998,19663
2023-07-19 12:24:53,51,53,3998,19663
2023-07-19 12:24:54,51,54,3998,19663
2023-07-19 12:24:55,50,54,3998,19663
2023-07-19 12:24:57,51,54,3998,19663
2023-07-19 12:24:59,51,53,3998,19663
2023-07-19 12:25:00,50,53,3998,19663
2023-07-19 12:25:01,51,53,3998,19663
2023-07-19 12:25:06,52,54,3998,19663
2023-07-19 12:25:08,51,54,3998,19663
2023-07-19 12:25:11,52,54,3998,19663
2023-07-19 12:25:17,53,54,3998,19663
2023-07-19 12:25:20,52,54,3998,19663
2023-07-19 12:25:27,53,54,3998,19663
2023-07-19 12:25:37,54,55,3999,19664
2023-07-19 12:25:40,54,56,3994,19670
2023-07-19 12:25:45,55,56,3994,19670
2023-07-19 12:25:46,54,56,3994,19670
2023-07-19 12:25:47,54,57,3982,19683
2023-07-19 12:25:49,54,56,3982,19683
2023-07-19 12:25:49,54,57,3982,19883
2023-07-19 12:25:52,54,56,3982,19883
2023-07-19 12:25:52,54,57,4056,20083
2023-07-19 12:25:53,54,57,4056,20090
2023-07-19 12:25:55,54,56,4056,20090
2023-07-19 12:25:57,54,56,4056,20096
2023-07-19 12:26:21,54,55,4056,20096
2023-07-19 12:26:24,54,56,4056,20096
2023-07-19 12:26:28,54,55,4056,20096
2023-07-19 12:27:36,53,55,4056,20096
2023-07-19 12:27:51,53,54,4056,20096
2023-07-19 12:27:58,52,54,4056,20096
2023-07-19 12:28:58,53,54,4056,20096
2023-07-19 12:29:36,53,55,4056,20096
2023-07-19 12:30:06,54,55,4056,20096
2023-07-19 12:30:08,53,55,4056,20096
2023-07-19 12:30:11,54,55,4056,20096
2023-07-19 12:30:12,53,55,4056,20096
2023-07-19 12:30:33,55,56,4056,20097
2023-07-19 12:30:56,55,57,4257,20298
2023-07-19 12:31:05,55,57,4607,20648
2023-07-19 12:31:07,55,57,4957,20998
2023-07-19 12:31:08,55,57,4957,21003
2023-07-19 12:31:11,55,57,5307,21353
2023-07-19 12:31:19,55,57,5307,21362
2023-07-19 12:31:31,55,56,5307,21362
2023-07-19 12:31:36,55,56,5307,21380
2023-07-19 12:31:50,55,56,5307,21386
2023-07-19 12:39:39,55,57,5307,21388
2023-07-19 12:39:40,55,56,5307,21388
2023-07-19 12:39:47,55,56,5307,21390
2023-07-19 12:40:15,55,56,5307,21392
2023-07-19 12:40:23,55,56,5307,21394
2023-07-19 12:53:41,55,57,5307,21394
2023-07-19 12:53:49,56,57,5307,21394
2023-07-19 12:55:52,56,58,5307,21394
2023-07-19 12:56:06,57,58,5307,21394
2023-07-19 12:56:07,56,58,5307,21394
2023-07-19 12:56:08,57,58,5307,21394
2023-07-19 12:56:13,56,58,5307,21394
2023-07-19 12:56:27,57,58,5307,21394
2023-07-19 12:56:41,56,58,5307,21394
2023-07-19 13:00:54,57,58,5307,21394
2023-07-19 13:01:28,56,58,5307,21394
2023-07-19 13:01:36,57,58,5307,21394
2023-07-19 13:01:55,56,58,5307,21394
2023-07-19 13:02:13,57,58,5307,21394
2023-07-19 13:03:27,56,58,5307,21394
2023-07-19 13:04:00,57,58,5307,21394
2023-07-19 13:04:01,56,58,5307,21394
2023-07-19 13:04:04,57,58,5307,21394
2023-07-19 13:06:19,56,58,5307,21394
2023-07-19 13:07:13,57,58,5307,21394
2023-07-19 13:07:15,56,58,5307,21394
2023-07-19 13:07:44,57,58,5307,21394
2023-07-19 13:07:45,56,58,5307,21394
2023-07-19 13:07:49,57,58,5307,21394
2023-07-19 13:07:51,56,58,5307,21394
2023-07-19 13:08:07,57,58,5307,21394
2023-07-19 13:08:11,56,58,5307,21394
2023-07-19 13:08:30,56,57,5307,21394
2023-07-19 13:08:43,56,57,5307,21402
2023-07-19 13:09:51,56,57,5393,21488
2023-07-19 13:10:25,56,58,5594,21689
2023-07-19 13:15:25,57,58,5594,21689
2023-07-19 13:16:32,56,58,5594,21689
2023-07-19 13:16:41,57,58,5594,21689
2023-07-19 13:18:28,57,59,5595,21690
2023-07-19 13:18:43,57,59,5644,21739
2023-07-19 13:23:01,58,59,5644,21739
2023-07-19 13:24:30,58,60,5694,21789
2023-07-19 13:25:45,59,60,5694,21789
2023-07-19 13:26:17,59,60,6027,22122
2023-07-19 13:27:43,59,61,6228,22323
2023-07-19 13:30:04,60,61,6228,22323
2023-07-19 13:30:35,60,62,6228,22323
2023-07-19 13:30:43,59,62,6228,22323
2023-07-19 13:30:45,60,62,6228,22323
2023-07-19 13:30:56,59,62,6228,22323
2023-07-19 13:31:47,60,62,6228,22323
2023-07-19 13:33:03,61,62,6228,22323
2023-07-19 13:33:07,60,62,6228,22323
2023-07-19 13:33:07,61,62,6228,22323
2023-07-19 13:33:13,60,62,6228,22323
2023-07-19 13:33:24,60,63,6228,22323
2023-07-19 13:33:53,61,63,6228,22323
2023-07-19 13:36:01,62,63,6228,22323
2023-07-19 13:36:02,63,64,6229,22324
2023-07-19 13:36:19,62,64,6229,22324
2023-07-19 13:36:24,62,64,6229,22324
2023-07-19 13:36:25,63,64,6229,22324
2023-07-19 13:36:28,61,64,6229,22324
2023-07-19 13:36:44,62,64,6229,22324
2023-07-19 13:36:45,63,64,6229,22324
2023-07-19 13:36:49,61,64,6229,22324
2023-07-19 13:39:24,62,64,6229,22324
2023-07-19 13:39:25,63,64,6229,22324
2023-07-19 13:39:44,62,64,6229,22324
2023-07-19 13:40:09,63,64,6229,22324
2023-07-19 13:40:10,64,65,6230,22325
2023-07-19 13:40:14,63,65,6230,22325
2023-07-19 13:40:18,63,64,6230,22325
2023-07-19 13:40:19,63,65,6230,22325
2023-07-19 13:40:19,63,64,6230,22325
2023-07-19 13:40:22,63,65,6230,22325
2023-07-19 13:40:25,64,65,6230,22325
2023-07-19 13:40:42,63,65,6230,22325
2023-07-19 13:40:50,64,65,6230,22325
2023-07-19 13:41:29,63,65,6230,22325
2023-07-19 13:41:32,64,65,6230,22325
2023-07-19 13:42:38,63,65,6230,22325
2023-07-19 13:42:42,64,65,6230,22325
2023-07-19 13:42:43,63,65,6230,22325
2023-07-19 13:42:44,64,65,6230,22325
2023-07-19 13:42:47,63,65,6230,22325
2023-07-19 13:42:53,64,65,6230,22325
2023-07-19 13:42:58,63,65,6230,22325
2023-07-19 13:42:58,63,65,6233,22329
2023-07-19 13:43:58,63,64,6233,22329
2023-07-19 13:54:05,64,65,6233,22330
2023-07-19 13:54:23,63,65,6233,22330
2023-07-19 13:56:07,64,65,6233,22330
2023-07-19 13:58:42,64,67,6330,22430
2023-07-19 13:58:43,65,67,6330,22430
2023-07-19 13:58:50,65,68,6330,22430
2023-07-19 13:58:55,66,68,6330,22430
2023-07-19 14:00:17,67,68,6330,22430
2023-07-19 14:00:28,67,68,6330,22433
2023-07-19 14:00:40,67,68,6330,22438
2023-07-19 14:00:49,67,68,6330,22442
2023-07-19 14:00:55,66,68,6330,22442
2023-07-19 14:01:00,67,68,6330,22442
2023-07-19 14:01:02,67,68,6330,22447
2023-07-19 14:01:17,67,69,6330,22447
2023-07-19 14:01:49,68,69,6330,22447
2023-07-19 14:01:57,67,69,6330,22447
2023-07-19 14:01:57,66,69,6330,22447
2023-07-19 14:01:57,67,69,6330,22447
2023-07-19 14:01:59,68,69,6330,22447
2023-07-19 14:02:17,68,70,6330,22447
2023-07-19 14:02:45,67,70,6330,22447
2023-07-19 14:02:45,68,70,6330,22447
2023-07-19 14:02:45,69,70,6330,22447
2023-07-19 14:02:47,69,70,6330,22451
2023-07-19 14:03:11,69,71,6330,22451
2023-07-19 14:04:04,68,71,6330,22451
2023-07-19 14:04:04,70,71,6330,22451
2023-07-19 14:04:10,70,71,6330,22470
2023-07-19 14:05:28,70,71,6330,22474
2023-07-19 14:06:07,70,72,6330,22474
2023-07-19 14:06:10,69,72,6330,22474
2023-07-19 14:06:10,71,72,6330,22474
2023-07-19 14:06:14,71,72,6330,22480
2023-07-19 14:07:05,70,72,6330,22524
2023-07-19 14:07:31,71,72,6330,22524
2023-07-19 14:07:32,72,73,6331,22525
2023-07-19 14:07:38,71,73,6331,22525
2023-07-19 14:07:43,72,73,6331,22525
2023-07-19 14:07:51,71,73,6331,22525
2023-07-19 14:07:55,71,72,6331,22525
2023-07-19 14:08:03,71,73,6331,22525
2023-07-19 14:08:03,71,72,6331,22525
2023-07-19 14:08:06,71,73,6331,22525
2023-07-19 14:08:06,71,72,6331,22525
2023-07-19 14:08:33,71,72,6336,22531
2023-07-19 14:08:35,70,72,6336,22531
2023-07-19 14:08:38,69,72,6336,22531
2023-07-19 14:08:38,70,72,6336,22531
2023-07-19 14:08:38,69,72,6336,22531
2023-07-19 14:08:38,69,70,6336,22531
2023-07-19 14:08:39,69,72,6336,22531
2023-07-19 14:08:39,69,70,6336,22531
2023-07-19 14:08:40,69,72,6336,22531
2023-07-19 14:08:40,69,72,6486,22681
2023-07-19 14:08:40,69,71,6486,22681
2023-07-19 14:08:41,68,69,6586,22781
2023-07-19 14:08:43,68,71,6586,22781
2023-07-19 14:08:43,68,69,6586,22781
2023-07-19 14:08:43,68,69,6836,23031
2023-07-19 14:08:51,68,71,6836,23031
2023-07-19 14:08:51,68,69,6836,23031
2023-07-19 14:09:07,67,69,6836,23031
2023-07-19 14:09:18,66,69,6836,23031
2023-07-19 14:09:28,66,68,6836,23031
2023-07-19 14:09:30,66,69,6836,23031
2023-07-19 14:09:30,66,68,6836,23031
2023-07-19 14:10:48,66,69,6836,23031
2023-07-19 14:10:57,65,69,6834,23037
2023-07-19 14:11:49,66,69,6834,23037
2023-07-19 14:12:08,67,69,6834,23037
2023-07-19 14:12:09,66,69,6834,23037
2023-07-19 14:12:09,67,69,6834,23037
2023-07-19 14:12:13,67,70,6834,23037
2023-07-19 14:12:14,66,70,6834,23037
2023-07-19 14:12:14,68,70,6834,23037
2023-07-19 14:12:29,67,70,6834,23037
2023-07-19 14:12:29,69,70,6834,23037
2023-07-19 14:12:31,67,70,6834,23037
2023-07-19 14:12:31,69,70,6834,23037
2023-07-19 14:12:47,69,71,6571,23302
2023-07-19 14:12:48,68,71,6571,23302
2023-07-19 14:12:48,70,71,6571,23302
2023-07-19 14:13:45,69,71,6571,23302
2023-07-19 14:14:17,69,70,6571,23302
2023-07-19 14:14:24,68,70,6571,23302
2023-07-19 14:14:32,68,69,6571,23302
2023-07-19 14:14:43,67,69,6571,23302
2023-07-19 14:14:49,68,69,6571,23302
2023-07-19 14:14:52,67,69,6571,23302
2023-07-19 14:14:52,68,69,6571,23302
2023-07-19 14:14:59,68,70,6571,23302
2023-07-19 14:17:38,68,69,6571,23302
2023-07-19 14:17:39,68,70,6571,23302
2023-07-19 14:17:48,68,69,6571,23302
2023-07-19 14:18:01,67,69,6571,23302
2023-07-19 14:19:18,67,69,6561,23313
2023-07-19 14:20:09,68,69,6561,23313
2023-07-19 14:20:10,67,69,6561,23313
2023-07-19 14:20:10,68,69,6561,23313
2023-07-19 14:20:19,69,70,6561,23314
2023-07-19 14:20:23,68,70,6561,23314
2023-07-19 14:20:23,69,70,6561,23314
2023-07-19 14:20:25,68,70,6561,23314
2023-07-19 14:20:25,70,71,6561,23315
2023-07-19 14:21:09,69,70,6560,23316
2023-07-19 14:21:22,68,69,6557,23319
2023-07-19 14:22:17,69,70,6557,23320
2023-07-19 14:22:20,68,70,6557,23320
2023-07-19 14:22:23,69,70,6557,23320
2023-07-19 14:23:58,70,71,6557,23321
2023-07-19 14:24:17,69,71,6557,23321
2023-07-19 14:24:46,70,71,6557,23321
2023-07-19 14:25:15,71,72,6557,23322
2023-07-19 14:25:16,70,72,6557,23322
2023-07-19 14:25:16,72,73,6557,23323
2023-07-19 14:25:23,70,73,6557,23323
2023-07-19 14:25:23,72,73,6557,23323
2023-07-19 14:25:35,71,73,6557,23323
2023-07-19 14:25:35,72,73,6557,23323
2023-07-19 14:25:40,71,73,6557,23323
2023-07-19 14:25:41,73,74,6557,23324
2023-07-19 14:25:49,72,74,6557,23324
2023-07-19 14:25:49,72,74,6483,23399
2023-07-19 14:25:59,74,75,6330,23553
2023-07-19 14:26:04,72,75,6330,23553
2023-07-19 14:26:04,72,75,6339,23564
2023-07-19 14:26:04,73,75,6339,23564
2023-07-19 14:26:04,75,76,6339,23565
2023-07-19 14:26:04,75,76,6330,23574
2023-07-19 14:26:20,75,76,6330,23586
2023-07-19 14:26:32,74,76,6330,23586
2023-07-19 14:26:52,74,77,6330,23586
2023-07-19 14:27:09,74,77,6330,23631
2023-07-19 14:27:39,75,77,6330,23631
2023-07-19 14:27:45,76,77,6330,23631
2023-07-19 14:27:52,76,77,6330,23643
2023-07-19 14:27:53,75,77,6330,23643
2023-07-19 14:28:15,74,77,6330,23643
2023-07-19 14:28:16,75,77,6330,23643
2023-07-19 14:28:24,75,78,6331,23689
2023-07-19 14:28:24,76,78,6331,23689
2023-07-19 14:28:25,76,79,6377,23735
2023-07-19 14:28:25,77,79,6377,23735
2023-07-19 14:28:29,77,79,6389,23747
2023-07-19 14:28:31,76,79,6389,23747
2023-07-19 14:28:41,75,79,6389,23747
2023-07-19 14:28:41,77,79,6389,23747
2023-07-19 14:29:36,80,81,6511,23869
2023-07-19 14:29:36,80,81,6556,23914
2023-07-19 14:29:40,80,81,6605,23963
2023-07-19 14:29:43,77,79,6811,24169
2023-07-19 14:29:44,78,79,6811,24169
2023-07-19 14:29:44,78,79,6811,24170
2023-07-19 14:29:49,77,79,6811,24178
2023-07-19 14:30:10,78,79,6811,24178
2023-07-19 14:30:49,77,79,6811,24178
2023-07-19 14:30:49,79,80,6811,24179
2023-07-19 14:30:50,78,80,6811,24179
2023-07-19 14:30:50,77,80,6811,24179
2023-07-19 14:30:50,78,80,6811,24179
2023-07-19 14:30:54,79,80,6811,24179
2023-07-19 14:31:30,79,81,6811,24179
2023-07-19 14:31:44,79,82,6911,24279
2023-07-19 14:32:12,79,81,6911,24279
2023-07-19 14:32:37,80,81,6911,24279
2023-07-19 14:32:42,79,81,6911,24279
2023-07-19 14:32:49,80,81,6911,24279
2023-07-19 14:33:44,79,81,6909,24281
2023-07-19 14:33:44,78,80,6909,24281
2023-07-19 14:33:51,79,80,6909,24281
2023-07-19 14:35:09,80,81,6909,24282
2023-07-19 14:35:17,79,81,6909,24282
2023-07-19 14:35:17,78,81,6909,24282
2023-07-19 14:35:17,79,81,6909,24282
2023-07-19 14:35:44,78,81,6909,24282
2023-07-19 14:35:44,79,81,6909,24282
2023-07-19 14:35:44,80,81,6909,24282
2023-07-19 14:36:08,79,81,6909,24282
2023-07-19 14:36:20,80,81,6909,24282
2023-07-19 14:37:39,80,81,6909,24289
2023-07-19 14:40:15,79,81,6790,24408
2023-07-19 14:40:52,79,80,6790,24408
2023-07-19 14:40:57,79,81,6790,24408
2023-07-19 14:41:18,79,80,6790,24408
2023-07-19 14:41:31,78,79,6790,24409
2023-07-19 14:41:43,77,79,6790,24409
2023-07-19 14:42:25,77,78,6790,24409
2023-07-19 14:42:29,77,78,6790,24559
2023-07-19 14:42:31,76,78,6790,24859
2023-07-19 14:42:31,76,77,6790,24859
2023-07-19 14:42:37,75,77,6790,25062
2023-07-19 14:42:42,75,76,6790,25062
2023-07-19 14:42:42,74,75,6790,25262
2023-07-19 14:42:51,74,77,6790,25262
2023-07-19 14:42:51,74,76,6790,25262
2023-07-19 14:43:00,73,74,6589,25463
2023-07-19 14:43:25,73,75,6590,25685
2023-07-19 14:43:29,73,76,6590,25685
2023-07-19 14:43:49,73,76,6590,25687
2023-07-19 14:43:55,74,76,6590,25687
2023-07-19 14:43:59,75,76,6590,25687
2023-07-19 14:44:02,73,76,6590,25687
2023-07-19 14:44:02,74,76,6590,25687
2023-07-19 14:44:25,75,76,6590,25687
2023-07-19 14:44:50,74,76,6590,25687
2023-07-19 14:44:52,74,78,6792,25889
2023-07-19 14:45:07,74,77,6792,25889
2023-07-19 14:45:09,74,78,6792,25889
2023-07-19 14:45:12,74,77,6792,25889
2023-07-19 14:45:14,74,78,6792,25889
2023-07-19 14:45:32,75,78,6792,25889
2023-07-19 14:45:39,75,78,7125,26222
2023-07-19 14:45:42,75,79,7125,26222
2023-07-19 14:45:51,75,80,7123,26625
2023-07-19 14:45:52,76,80,7123,26625
2023-07-19 14:45:54,76,79,7123,26625
2023-07-19 14:45:59,76,79,7129,26631
2023-07-19 14:46:04,79,80,7129,26671
2023-07-19 14:46:06,79,80,7129,26717
2023-07-19 14:46:13,79,80,7129,26723
2023-07-19 14:46:21,78,80,7129,26723
2023-07-19 14:46:48,79,80,7129,26723
2023-07-19 14:46:54,78,80,7129,26723
2023-07-19 14:47:00,79,80,7129,26723
2023-07-19 14:47:10,78,80,7129,26723
2023-07-19 14:47:21,79,80,7129,26723
2023-07-19 14:47:24,77,78,7174,26815
2023-07-19 14:47:25,77,80,7174,26815
2023-07-19 14:47:25,78,80,7174,26815
2023-07-19 14:47:37,78,81,7174,26815
2023-07-19 14:47:47,82,83,7129,26907
2023-07-19 14:47:47,82,83,7129,26952
2023-07-19 14:47:55,82,83,7129,26995
2023-07-19 14:47:57,83,84,7129,27041
2023-07-19 14:47:59,83,84,7129,27092
2023-07-19 14:48:03,83,84,7129,27126
2023-07-19 14:48:31,83,84,7129,27133
2023-07-19 14:50:18,84,85,7129,27134
2023-07-19 14:50:35,83,85,7129,27134
2023-07-19 14:50:35,84,85,7129,27134
2023-07-19 14:50:35,85,86,7129,27135
2023-07-19 14:50:37,84,86,7129,27135
2023-07-19 14:50:37,83,86,7129,27135
2023-07-19 14:50:37,84,86,7129,27135
2023-07-19 14:50:38,83,86,7129,27135
2023-07-19 14:50:38,84,86,7129,27135
2023-07-19 14:50:38,85,86,7129,27135
2023-07-19 14:50:43,84,86,7129,27135
2023-07-19 14:50:43,83,86,7129,27135
2023-07-19 14:50:43,84,86,7129,27135
2023-07-19 14:50:47,85,86,7129,27135
2023-07-19 14:50:55,85,86,7129,27166
2023-07-19 14:51:09,84,86,7129,27166
2023-07-19 14:51:11,84,87,6879,27417
2023-07-19 14:51:14,84,86,6879,27417
2023-07-19 14:51:15,84,85,6879,27417
2023-07-19 14:51:22,84,86,6679,27617
2023-07-19 14:51:23,84,85,6679,27617
2023-07-19 14:51:38,83,85,6679,27632
2023-07-19 14:51:42,82,85,6580,27731
2023-07-19 14:51:44,83,85,6580,27731
2023-07-19 14:51:47,83,84,6580,27731
2023-07-19 14:51:51,82,84,6580,27747
2023-07-19 14:52:06,83,84,6580,27747
2023-07-19 14:52:13,84,85,6480,27848
2023-07-19 14:52:45,84,86,6380,27949
2023-07-19 14:52:47,84,85,6380,27949
2023-07-19 14:52:56,84,86,6380,27949
2023-07-19 14:52:57,84,85,6380,27949
2023-07-19 14:53:20,84,86,6380,27950
2023-07-19 14:56:30,83,86,6380,27950
2023-07-19 14:56:38,83,85,6380,27950
2023-07-19 14:56:39,83,86,6380,27950
2023-07-19 14:56:41,83,85,6380,27950
2023-07-19 14:56:45,83,86,6380,27950
2023-07-19 14:57:09,83,85,6380,27950
2023-07-19 14:59:58,83,84,6380,27950
2023-07-19 15:00:09,83,85,6380,27950
2023-07-19 15:00:21,84,85,6380,27950
2023-07-19 15:00:22,83,85,6180,28150
2023-07-19 15:00:22,83,84,6180,28150
2023-07-19 15:00:28,82,84,5977,28353
2023-07-19 15:00:29,82,83,5977,28353
2023-07-19 15:00:37,82,84,5977,28353
2023-07-19 15:00:37,82,85,5977,28353
2023-07-19 15:00:39,82,84,5977,28353
2023-07-19 15:00:40,82,85,5977,28353
2023-07-19 15:00:41,82,84,5977,28353
2023-07-19 15:00:44,82,83,5977,28353
2023-07-19 15:01:55,82,84,5977,28353
2023-07-19 15:02:38,82,84,5978,28487
2023-07-19 15:02:49,81,84,5783,28743
2023-07-19 15:02:50,81,83,5783,28743
2023-07-19 15:02:55,81,84,5783,28743
2023-07-19 15:03:49,82,84,5783,28743
2023-07-19 15:03:53,81,84,5783,28743
2023-07-19 15:04:21,81,83,5783,28743
2023-07-19 15:04:51,81,82,5783,28743
2023-07-19 15:05:10,80,82,5783,28945
2023-07-19 15:06:27,80,81,5783,28945
2023-07-19 15:06:39,78,81,5783,29146
2023-07-19 15:06:45,78,80,5783,29146
2023-07-19 15:07:15,78,79,5783,29146
2023-07-19 15:07:19,77,79,5783,29347
2023-07-19 15:07:20,77,78,5783,29347
2023-07-19 15:07:30,76,78,5783,29548
2023-07-19 15:07:39,75,78,5783,29548
2023-07-19 15:07:51,75,77,5783,29548
2023-07-19 15:07:52,75,76,5783,29548
2023-07-19 15:07:53,74,75,5783,29549
2023-07-19 15:07:55,74,75,5783,29582
2023-07-19 15:08:01,73,75,5783,29582
2023-07-19 15:08:12,73,74,5783,29582
2023-07-19 15:08:13,73,75,5783,29582
2023-07-19 15:08:13,72,73,5783,29583
2023-07-19 15:08:14,71,73,5783,29785
2023-07-19 15:08:15,71,72,5783,29785
2023-07-19 15:08:17,70,72,5783,29785
2023-07-19 15:08:18,70,72,5783,29814
2023-07-19 15:08:34,70,73,5783,29826
2023-07-19 15:08:34,70,73,5683,29926
2023-07-19 15:08:37,70,73,5683,29926
2023-07-19 15:08:45,70,73,5683,29944
2023-07-19 15:08:53,70,73,5683,29946
2023-07-19 15:09:06,71,73,5683,29946
2023-07-19 15:09:07,71,74,5684,29947
2023-07-19 15:09:07,71,76,5682,29952
2023-07-19 15:09:08,71,75,5682,29952
2023-07-19 15:09:14,72,75,5682,29952
2023-07-19 15:09:16,71,75,5682,29952
2023-07-19 15:09:20,72,75,5682,29952
2023-07-19 15:09:25,71,75,5682,29952
2023-07-19 15:09:28,72,75,5682,29952
2023-07-19 15:09:29,71,75,5682,29952
2023-07-19 15:09:48,71,76,5682,29952
2023-07-19 15:09:49,71,76,5678,29956
2023-07-19 15:09:53,72,76,5678,29956
2023-07-19 15:09:56,71,76,5678,29956
2023-07-19 15:10:02,71,77,5684,29962
2023-07-19 15:10:05,71,76,5684,29962
2023-07-19 15:10:06,71,75,5684,29962
2023-07-19 15:10:32,71,74,5684,29962
2023-07-19 15:10:37,71,75,5684,29962
2023-07-19 15:10:37,71,73,5684,29962
2023-07-19 15:10:38,71,75,5684,29962
2023-07-19 15:10:40,70,74,5684,29962
2023-07-19 15:10:55,70,73,5684,29962
2023-07-19 15:10:56,70,72,5684,29962
2023-07-19 15:10:57,70,71,5684,29962
2023-07-19 15:11:10,70,74,5684,29962
2023-07-19 15:11:12,70,75,5684,29978
2023-07-19 15:11:13,70,74,5684,29978
2023-07-19 15:11:21,70,73,5684,29978
2023-07-19 15:11:22,70,72,5684,29978
2023-07-19 15:11:23,70,71,5684,29978
2023-07-19 15:11:47,70,72,5985,30279
2023-07-19 15:12:00,70,71,5985,30279
2023-07-19 15:12:00,70,71,5985,30293
2023-07-19 15:12:04,70,72,5985,30293
2023-07-19 15:12:16,70,73,5986,30294
2023-07-19 15:12:35,70,74,6087,30395
2023-07-19 15:12:36,70,73,6087,30395
2023-07-19 15:12:43,70,72,6087,30395
2023-07-19 15:12:44,70,73,6087,30395
2023-07-19 15:12:52,69,73,6087,30395
2023-07-19 15:12:54,70,73,6087,30395
2023-07-19 15:12:56,69,73,6087,30395
2023-07-19 15:12:59,70,73,6087,30395
2023-07-19 15:13:05,71,73,6087,30395
2023-07-19 15:13:13,72,73,6087,30395
2023-07-19 15:13:15,72,74,6088,30396
2023-07-19 15:13:15,71,74,6088,30396
2023-07-19 15:13:15,73,74,6088,30396
2023-07-19 15:13:18,74,75,6088,30397
2023-07-19 15:13:19,75,76,6088,30398
2023-07-19 15:13:20,75,77,6038,30449
2023-07-19 15:13:21,76,77,6038,30449
2023-07-19 15:13:32,75,77,6038,30449
2023-07-19 15:14:10,75,76,6038,30449
2023-07-19 15:14:13,73,76,6038,30449
2023-07-19 15:14:13,72,76,6038,30449
2023-07-19 15:14:16,72,75,6038,30449
2023-07-19 15:14:23,72,76,6038,30449
2023-07-19 15:14:23,72,75,6038,30449
2023-07-19 15:14:23,72,74,6038,30449
2023-07-19 15:14:24,72,75,6038,30449
2023-07-19 15:14:24,72,76,6038,30449
2023-07-19 15:14:25,72,75,6038,30449
2023-07-19 15:14:47,72,74,6038,30449
2023-07-19 15:14:57,72,75,6038,30449
2023-07-19 15:14:57,71,75,6038,30449
2023-07-19 15:14:57,71,74,6038,30449
2023-07-19 15:15:15,71,73,6038,30449
2023-07-19 15:15:17,71,74,6038,30449
2023-07-19 15:15:29,71,73,6038,30449
2023-07-19 15:15:32,71,72,6038,30449
2023-07-19 15:15:33,71,72,6037,30450
2023-07-19 15:15:40,71,73,6137,30550
2023-07-19 15:15:42,70,73,6137,30564
2023-07-19 15:15:43,70,72,6137,30564
2023-07-19 15:15:44,70,71,6137,30564
2023-07-19 15:15:45,69,71,6137,30580
2023-07-19 15:16:08,69,70,6137,30580
2023-07-19 15:16:08,68,70,6137,30580
2023-07-19 15:16:09,68,69,6137,30580
2023-07-19 15:16:30,67,69,6137,30580
2023-07-19 15:16:34,66,69,6137,30680
2023-07-19 15:16:35,63,69,6137,30680
2023-07-19 15:16:43,63,68,6137,30680
2023-07-19 15:16:44,63,67,6137,30680
2023-07-19 15:16:45,63,66,6137,30680
2023-07-19 15:16:47,65,66,6137,30680
2023-07-19 15:16:48,65,69,6137,30680
2023-07-19 15:16:49,65,66,6137,30680
2023-07-19 15:16:57,65,67,6138,30681
2023-07-19 15:17:09,65,67,6138,30689
2023-07-19 15:17:09,65,68,6431,30982
2023-07-19 15:17:10,65,67,6431,30982
2023-07-19 15:17:16,66,67,6431,30982
2023-07-19 15:17:17,66,67,6431,30987
2023-07-19 15:17:18,66,68,6526,31082
2023-07-19 15:17:26,66,69,6526,31082
2023-07-19 15:17:26,66,70,6526,31082
2023-07-19 15:17:27,66,69,6526,31082
2023-07-19 15:17:37,66,70,6726,31282
2023-07-19 15:17:43,66,69,6726,31282
2023-07-19 15:17:48,66,70,6726,31282
2023-07-19 15:17:51,66,67,6726,31282
2023-07-19 15:17:52,65,66,6726,31283
2023-07-19 15:17:56,65,67,6726,31283
2023-07-19 15:17:56,63,69,6726,31283
2023-07-19 15:17:56,63,66,6726,31283
2023-07-19 15:18:10,63,67,6726,31283
2023-07-19 15:18:20,65,67,6726,31283
2023-07-19 15:18:25,65,71,6726,31287
2023-07-19 15:18:59,65,70,6726,31287
2023-07-19 15:19:02,65,71,6726,31287
2023-07-19 15:19:19,65,70,6726,31287
2023-07-19 15:19:21,65,71,6726,31287
2023-07-19 15:19:30,65,70,6726,31287
2023-07-19 15:19:31,65,71,6726,31287
2023-07-19 15:19:31,65,69,6726,31287
2023-07-19 15:19:35,65,68,6726,31287
2023-07-19 15:19:37,65,67,6726,31287
2023-07-19 15:19:38,65,71,6726,31287
2023-07-19 15:19:41,65,70,6726,31287
2023-07-19 15:19:42,65,71,6726,31287
2023-07-19 15:19:44,65,70,6726,31287
2023-07-19 15:19:47,65,71,6726,31287
2023-07-19 15:19:50,65,70,6726,31287
2023-07-19 15:19:52,65,71,6726,31287
2023-07-19 15:19:54,65,70,6726,31287
2023-07-19 15:19:59,63,70,6726,31287
2023-07-19 15:20:01,63,69,6726,31287
2023-07-19 15:20:02,63,70,6726,31287
2023-07-19 15:20:02,63,69,6726,31287
2023-07-19 15:20:04,63,70,6726,31287
2023-07-19 15:20:05,63,69,6726,31287
2023-07-19 15:20:06,63,70,6726,31287
2023-07-19 15:20:06,63,68,6726,31287
2023-07-19 15:20:08,63,70,6726,31287
2023-07-19 15:20:08,63,69,6726,31287
2023-07-19 15:20:09,63,70,6726,31287
2023-07-19 15:20:12,63,69,6726,31287
2023-07-19 15:20:13,63,68,6726,31287
2023-07-19 15:20:14,63,69,6726,31287
2023-07-19 15:20:15,63,68,6726,31287
2023-07-19 15:20:16,63,67,6726,31287
2023-07-19 15:20:18,63,66,6726,31287
2023-07-19 15:20:19,63,67,6726,31287
2023-07-19 15:20:19,63,70,6726,31287
2023-07-19 15:20:19,63,69,6726,31287
2023-07-19 15:20:20,63,68,6726,31287
2023-07-19 15:20:21,63,69,6726,31287
2023-07-19 15:20:26,63,68,6726,31287
2023-07-19 15:20:28,63,67,6726,31287
2023-07-19 15:20:33,63,66,6726,31287
2023-07-19 15:20:33,63,64,6726,31287
2023-07-19 15:20:39,63,68,6576,31487
2023-07-19 15:20:39,65,68,6576,31487
2023-07-19 15:20:39,65,67,6576,31487
2023-07-19 15:20:42,63,67,6576,31687
2023-07-19 15:20:42,58,67,6576,31687
2023-07-19 15:20:42,58,65,6576,31687
2023-07-19 15:20:42,58,65,6576,31692
2023-07-19 15:20:44,56,65,6576,31692
2023-07-19 15:20:44,57,65,6576,31692
2023-07-19 15:20:52,57,64,6576,31692
2023-07-19 15:20:54,55,64,6576,31692
2023-07-19 15:20:54,56,64,6576,31692
2023-07-19 15:20:58,55,64,6576,31692
2023-07-19 15:20:58,57,64,6576,31692
2023-07-19 15:21:01,55,64,6576,31692
2023-07-19 15:21:01,56,64,6576,31692
2023-07-19 15:21:04,55,64,6576,31692
2023-07-19 15:21:04,57,64,6576,31692
2023-07-19 15:21:06,55,64,6576,31692
2023-07-19 15:21:06,56,64,6576,31692
2023-07-19 15:21:10,56,63,6576,31692
2023-07-19 15:21:13,55,63,6576,31692
2023-07-19 15:21:14,55,62,6576,31692
2023-07-19 15:21:16,55,60,6576,31692
2023-07-19 15:21:18,55,61,6576,31692
2023-07-19 15:21:20,55,62,6576,31692
2023-07-19 15:21:25,55,63,6576,31692
2023-07-19 15:21:26,56,63,6576,31692
2023-07-19 15:21:29,55,63,6576,31692
2023-07-19 15:21:29,57,63,6576,31692
2023-07-19 15:21:36,55,63,6576,31692
2023-07-19 15:21:36,56,63,6576,31692
2023-07-19 15:21:36,58,63,6576,31692
2023-07-19 15:21:37,56,63,6576,31692
2023-07-19 15:21:37,55,63,6576,31692
2023-07-19 15:21:37,56,63,6576,31692
2023-07-19 15:21:37,56,64,6576,31692
2023-07-19 15:21:38,55,64,6576,31692
2023-07-19 15:21:38,55,63,6576,31692
2023-07-19 15:21:41,55,64,6576,31692
2023-07-19 15:21:41,56,64,6576,31692
2023-07-19 15:21:45,55,64,6576,31692
2023-07-19 15:21:45,55,63,6576,31692
2023-07-19 15:21:46,55,64,6576,31692
2023-07-19 15:21:46,56,64,6576,31692
2023-07-19 15:21:49,55,64,6576,31692
2023-07-19 15:21:49,57,64,6576,31692
2023-07-19 15:21:50,56,64,6576,31692
2023-07-19 15:21:50,58,64,6576,31692
2023-07-19 15:21:52,57,64,6576,31692
2023-07-19 15:21:52,59,64,6576,31692
2023-07-19 15:21:57,57,64,6576,31692
2023-07-19 15:21:57,56,64,6576,31692
2023-07-19 15:21:57,58,64,6576,31692
2023-07-19 15:21:58,58,65,6576,31692
2023-07-19 15:22:01,59,65,6576,31692
2023-07-19 15:22:05,57,65,6576,31692
2023-07-19 15:22:05,56,65,6576,31692
2023-07-19 15:22:05,58,65,6576,31692
2023-07-19 15:22:08,56,65,6576,31692
2023-07-19 15:22:08,55,65,6576,31692
2023-07-19 15:22:08,57,65,6576,31692
2023-07-19 15:22:13,55,65,6576,31692
2023-07-19 15:22:13,55,64,6576,31692
2023-07-19 15:22:13,56,64,6576,31692
2023-07-19 15:22:15,55,64,6576,31692
2023-07-19 15:22:15,55,65,6576,31692
2023-07-19 15:22:16,55,63,6576,31692
2023-07-19 15:22:20,55,62,6576,31692
2023-07-19 15:22:30,55,63,6576,31692
2023-07-19 15:22:35,55,62,6576,31692
2023-07-19 15:22:39,55,61,6576,31692
2023-07-19 15:22:48,54,61,6576,31692
2023-07-19 15:22:48,53,61,6576,31692
2023-07-19 15:22:56,53,60,6576,31692
2023-07-19 15:22:57,53,61,6576,31692
2023-07-19 15:22:57,53,59,6576,31692
2023-07-19 15:23:01,53,56,6576,31692
2023-07-19 15:23:04,52,56,6576,31692
2023-07-19 15:23:04,51,56,6576,31692
2023-07-19 15:23:05,52,56,6576,31692
2023-07-19 15:23:09,52,57,6575,31695
2023-07-19 15:23:10,51,57,6575,31695
2023-07-19 15:23:10,53,57,6575,31695
2023-07-19 15:23:12,53,58,6575,31695
2023-07-19 15:23:13,51,58,6575,31695
2023-07-19 15:23:13,54,58,6575,31695
2023-07-19 15:23:14,53,58,6575,31695
2023-07-19 15:23:14,53,60,6575,31695
2023-07-19 15:23:14,58,60,6575,31695
2023-07-19 15:23:14,53,60,6575,31695
2023-07-19 15:23:14,55,60,6575,31695
2023-07-19 15:23:15,55,59,6575,31695
2023-07-19 15:23:18,55,59,6573,31697
2023-07-19 15:23:19,53,59,6573,31697
2023-07-19 15:23:19,54,59,6573,31697
2023-07-19 15:23:19,56,59,6573,31697
2023-07-19 15:23:22,55,59,6573,31697
2023-07-19 15:23:22,56,59,6573,31697
2023-07-19 15:23:22,60,61,6525,31746
2023-07-19 15:23:22,56,61,6525,31746
2023-07-19 15:23:22,58,61,6525,31746
2023-07-19 15:23:23,56,61,6525,31746
2023-07-19 15:23:23,57,61,6525,31746
2023-07-19 15:23:26,57,62,6525,31746
2023-07-19 15:23:27,56,62,6525,31746
2023-07-19 15:23:27,58,62,6525,31746
2023-07-19 15:23:29,57,62,6525,31746
2023-07-19 15:23:29,59,62,6525,31746
2023-07-19 15:23:33,57,62,6525,31746
2023-07-19 15:23:33,58,62,6525,31746
2023-07-19 15:23:33,58,63,6525,31747
2023-07-19 15:23:35,57,63,6525,31747
2023-07-19 15:23:36,56,63,6525,31747
2023-07-19 15:23:39,57,63,6525,31747
2023-07-19 15:23:39,57,64,6525,31747
2023-07-19 15:23:41,58,64,6525,31747
2023-07-19 15:23:52,60,64,6525,31747
2023-07-19 15:23:53,61,64,6525,31747
2023-07-19 15:23:54,60,64,6525,31747
2023-07-19 15:24:00,60,66,6525,31747
2023-07-19 15:24:05,60,65,6525,31747
2023-07-19 15:24:16,60,66,6525,31747
2023-07-19 15:24:20,56,66,6525,31747
2023-07-19 15:24:20,56,65,6525,31747
2023-07-19 15:24:22,57,65,6525,31747
2023-07-19 15:24:33,56,65,6525,31747
2023-07-19 15:24:35,57,65,6525,31747
2023-07-19 15:24:44,58,65,6525,31747
2023-07-19 15:24:45,57,65,6525,31747
2023-07-19 15:25:05,56,65,6525,31747
2023-07-19 15:25:10,56,64,6525,31747
2023-07-19 15:25:47,56,63,6525,31747
2023-07-19 15:25:49,56,64,6525,31747
2023-07-19 15:25:54,56,64,6525,31747
2023-07-19 15:25:54,56,63,6525,31747
2023-07-19 15:25:55,55,63,6525,31747
2023-07-19 15:25:55,55,62,6525,31747
2023-07-19 15:26:01,57,62,6525,31747
2023-07-19 15:26:03,57,61,6525,31747
2023-07-19 15:26:08,57,60,6525,31747
2023-07-19 15:26:24,55,60,6525,31747
2023-07-19 15:26:24,55,61,6525,31747
2023-07-19 15:26:24,55,62,6525,31747
2023-07-19 15:26:36,55,60,6525,31747
2023-07-19 15:26:38,54,60,6525,31747
2023-07-19 15:26:42,54,65,6525,31754
2023-07-19 15:26:42,56,65,6525,31754
2023-07-19 15:26:43,56,61,6525,31754
2023-07-19 15:26:57,56,61,6522,31757
2023-07-19 15:27:00,57,61,6522,31757
2023-07-19 15:27:01,56,61,6522,31757
2023-07-19 15:27:06,57,61,6522,31757
2023-07-19 15:27:08,57,61,6521,31758
2023-07-19 15:27:34,56,61,6521,31766
2023-07-19 15:27:35,56,62,6521,31766
2023-07-19 15:27:43,55,62,6521,31766
2023-07-19 15:27:55,56,62,6521,31766
2023-07-19 15:27:57,55,62,6521,31766
2023-07-19 15:28:10,56,62,6521,31766
2023-07-19 15:28:14,55,62,6521,31766
2023-07-19 15:28:16,56,62,6521,31766
2023-07-19 15:28:19,55,62,6521,31766
2023-07-19 15:28:19,56,62,6521,31766
2023-07-19 15:28:22,57,62,6521,31766
2023-07-19 15:28:23,58,62,6521,31766
2023-07-19 15:28:24,59,62,6521,31766
2023-07-19 15:28:26,61,62,6521,31766
2023-07-19 15:28:27,61,63,6522,31767
2023-07-19 15:28:28,61,64,6523,31768
2023-07-19 15:28:28,62,64,6523,31768
2023-07-19 15:28:29,63,64,6523,31768
2023-07-19 15:28:30,63,65,6524,31769
2023-07-19 15:28:31,63,72,6521,31777
2023-07-19 15:28:32,63,68,6521,31777
2023-07-19 15:28:33,62,68,6521,31777
2023-07-19 15:28:33,61,68,6521,31777
2023-07-19 15:28:35,61,67,6521,31777
2023-07-19 15:28:36,61,68,6521,31777
2023-07-19 15:28:37,61,68,6508,31790
2023-07-19 15:28:46,62,68,6508,31790
2023-07-19 15:28:49,63,68,6508,31790
2023-07-19 15:28:49,63,67,6508,31790
2023-07-19 15:28:52,62,67,6508,31790
2023-07-19 15:28:52,61,67,6508,31790
2023-07-19 15:28:53,61,68,6508,31790
2023-07-19 15:28:56,61,67,6508,31790
2023-07-19 15:28:56,62,67,6508,31790
2023-07-19 15:28:57,62,68,6508,31790
2023-07-19 15:28:57,63,68,6508,31790
2023-07-19 15:28:58,63,67,6508,31790
2023-07-19 15:28:59,63,66,6508,31790
2023-07-19 15:29:00,63,65,6508,31790
2023-07-19 15:29:00,64,65,6508,31790
2023-07-19 15:29:00,64,66,6608,31890
2023-07-19 15:29:01,66,67,6627,31990
2023-07-19 15:29:01,65,67,6727,32090
2023-07-19 15:29:02,65,66,6727,32090
2023-07-19 15:29:02,65,66,6728,32091
2023-07-19 15:29:02,64,66,6728,32091
2023-07-19 15:29:04,65,66,6728,32091
2023-07-19 15:29:05,65,66,6796,32159
2023-07-19 15:29:08,65,67,6797,32160
2023-07-19 15:29:08,64,67,6797,32160
2023-07-19 15:29:08,66,67,6797,32160
2023-07-19 15:29:09,65,67,6797,32160
2023-07-19 15:29:10,66,67,6797,32160
2023-07-19 15:29:11,66,69,6799,32162
2023-07-19 15:29:11,67,69,6799,32162
2023-07-19 15:29:11,67,69,6800,32163
2023-07-19 15:29:13,68,69,6800,32163
2023-07-19 15:29:15,68,70,6801,32164
2023-07-19 15:29:15,65,70,6801,32164
2023-07-19 15:29:15,69,70,6801,32164
2023-07-19 15:29:17,69,71,6802,32165
2023-07-19 15:29:17,65,71,6802,32165
2023-07-19 15:29:17,70,71,6802,32165
2023-07-19 15:29:20,70,71,6865,32228
2023-07-19 15:29:31,69,71,6865,32228
2023-07-19 15:29:42,70,71,6865,32228
2023-07-19 15:29:45,69,71,6865,32228
2023-07-19 15:29:51,70,71,6865,32228
2023-07-19 15:30:02,71,72,6866,32229
2023-07-19 15:30:02,71,73,6960,32323
2023-07-19 15:30:02,72,73,6960,32323
2023-07-19 15:30:05,72,74,6960,32323
2023-07-19 15:30:05,73,74,6960,32323
2023-07-19 15:30:12,73,75,6960,32323
2023-07-19 15:30:12,73,76,6960,32323
2023-07-19 15:30:12,73,77,6960,32323
2023-07-19 15:30:12,72,77,6960,32323
2023-07-19 15:30:18,73,77,6960,32323
2023-07-19 15:30:18,72,77,6960,32323
2023-07-19 15:30:19,73,77,6960,32323
2023-07-19 15:30:30,79,80,6963,32326
2023-07-19 15:30:31,77,80,6963,32326
2023-07-19 15:30:31,81,82,7065,32428
2023-07-19 15:30:31,81,82,7106,32469
2023-07-19 15:30:32,79,82,7106,32469
2023-07-19 15:30:32,80,82,7106,32469
2023-07-19 15:30:35,81,82,7106,32469
2023-07-19 15:30:38,81,83,7107,32470
2023-07-19 15:30:38,82,83,7107,32470
2023-07-19 15:30:41,82,88,7107,32470
2023-07-19 15:30:41,82,87,7107,32470
2023-07-19 15:30:43,81,87,7107,32470
2023-07-19 15:30:50,82,87,7107,32470
2023-07-19 15:30:52,83,87,7107,32470
2023-07-19 15:30:55,82,87,7107,32470
2023-07-19 15:31:00,83,87,7107,32470
2023-07-19 15:31:00,83,88,7107,32470
2023-07-19 15:31:07,83,89,7107,32470
2023-07-19 15:31:09,81,89,7107,32470
2023-07-19 15:31:09,82,89,7107,32470
2023-07-19 15:31:11,81,89,7107,32470
2023-07-19 15:31:20,82,89,7107,32470
2023-07-19 15:31:21,83,89,7107,32470
2023-07-19 15:31:23,84,89,7107,32470
2023-07-19 15:31:24,84,89,7133,32496
2023-07-19 15:31:33,83,89,7133,32496
2023-07-19 15:31:34,84,89,7133,32496
2023-07-19 15:31:43,83,89,7133,32496
2023-07-19 15:31:44,84,89,7133,32496
2023-07-19 15:31:45,83,89,7133,32496
2023-07-19 15:31:46,82,89,7133,32496
2023-07-19 15:31:56,81,89,7133,32496
2023-07-19 15:31:56,81,88,7133,32496
2023-07-19 15:32:06,82,88,7133,32496
2023-07-19 15:32:13,82,87,7133,32496
2023-07-19 15:32:17,81,87,7133,32496
2023-07-19 15:32:29,81,88,7133,32496
2023-07-19 15:32:30,82,88,7133,32496
2023-07-19 15:32:30,82,87,7133,32496
2023-07-19 15:32:32,81,87,7133,32496
2023-07-19 15:32:33,82,87,7133,32496
2023-07-19 15:32:36,83,87,7133,32496
2023-07-19 15:32:44,83,88,7133,32496
2023-07-19 15:32:45,82,88,7133,32496
2023-07-19 15:32:53,83,88,7133,32496
2023-07-19 15:32:55,82,88,7133,32496
2023-07-19 15:32:59,82,87,7133,32496
2023-07-19 15:33:04,81,87,7133,32496
2023-07-19 15:33:07,81,88,7133,32496
2023-07-19 15:33:07,81,87,7133,32496
2023-07-19 15:33:07,81,86,7133,32496
2023-07-19 15:33:09,81,87,7133,32496
2023-07-19 15:33:09,81,86,7133,32496
2023-07-19 15:33:09,81,85,7133,32496
2023-07-19 15:33:16,81,86,7133,32496
2023-07-19 15:33:16,81,85,7133,32496
2023-07-19 15:33:16,81,84,7133,32496
2023-07-19 15:33:18,81,85,7133,32496
2023-07-19 15:33:18,81,84,7133,32496
2023-07-19 15:33:18,81,83,7133,32496
2023-07-19 15:33:19,81,85,7133,32496
2023-07-19 15:33:19,81,84,7133,32496
2023-07-19 15:33:20,80,84,7133,32496
2023-07-19 15:33:20,80,83,7133,32496
2023-07-19 15:33:37,79,83,7133,32496
2023-07-19 15:33:47,80,83,7133,32496
2023-07-19 15:33:49,79,83,7133,32496
2023-07-19 15:33:51,79,84,7133,32496
2023-07-19 15:33:53,80,84,7133,32496
2023-07-19 15:33:54,81,84,7133,32496
2023-07-19 15:33:55,80,84,7133,32496
2023-07-19 15:34:00,81,84,7133,32496
2023-07-19 15:34:02,82,84,7133,32496
2023-07-19 15:34:05,80,84,7133,32496
2023-07-19 15:34:06,80,85,7133,32496
2023-07-19 15:34:06,81,85,7133,32496
2023-07-19 15:34:11,82,85,7133,32496
2023-07-19 15:34:18,81,85,7133,32496
2023-07-19 15:34:19,82,85,7133,32496
2023-07-19 15:34:20,81,85,7133,32496
2023-07-19 15:34:21,81,86,7133,32496
2023-07-19 15:34:21,82,86,7133,32496
2023-07-19 15:34:25,83,86,7133,32496
2023-07-19 15:34:27,84,86,7133,32496
2023-07-19 15:34:30,83,86,7133,32496
2023-07-19 15:34:32,84,86,7133,32496
2023-07-19 15:34:34,84,87,7133,32496
2023-07-19 15:35:03,83,87,7133,32496
2023-07-19 15:35:05,84,87,7133,32496
2023-07-19 15:35:06,85,87,7133,32496
2023-07-19 15:35:07,86,87,7133,32496
2023-07-19 15:35:08,87,88,7133,32497
2023-07-19 15:35:10,88,89,7133,32498
2023-07-19 15:35:11,88,91,7133,32498
2023-07-19 15:35:17,87,91,7133,32498
2023-07-19 15:35:18,88,91,7133,32498
2023-07-19 15:35:25,87,91,7133,32498
2023-07-19 15:35:26,89,91,7133,32498
2023-07-19 15:35:27,89,91,7217,32582
2023-07-19 15:35:30,89,93,7217,32582
2023-07-19 15:35:32,90,93,7217,32582
2023-07-19 15:35:33,90,93,7231,32596
2023-07-19 15:35:34,91,93,7231,32596
2023-07-19 15:35:35,92,93,7231,32596
2023-07-19 15:35:42,94,95,7233,32598
2023-07-19 15:35:43,94,95,7248,32613
2023-07-19 15:35:44,92,95,7248,32613
2023-07-19 15:35:47,93,95,7248,32613
2023-07-19 15:35:49,92,95,7248,32613
2023-07-19 15:35:50,93,95,7248,32613
2023-07-19 15:35:54,93,95,7390,32756
2023-07-19 15:35:55,92,95,7390,32756
2023-07-19 15:36:30,92,94,7390,32756
2023-07-19 15:36:37,92,95,7390,32756
2023-07-19 15:36:37,92,94,7390,32756
2023-07-19 15:36:37,92,93,7390,32756
2023-07-19 15:36:42,89,93,7390,32756
2023-07-19 15:36:43,89,92,7390,32756
2023-07-19 15:36:43,89,93,7390,32756
2023-07-19 15:36:43,89,92,7390,32756
2023-07-19 15:36:58,88,92,7389,32762
2023-07-19 15:37:04,87,92,7389,32762
2023-07-19 15:37:04,88,92,7389,32762
2023-07-19 15:37:19,89,92,7389,32762
2023-07-19 15:37:30,88,92,7389,32762
2023-07-19 15:37:38,88,91,7389,32762
2023-07-19 15:37:38,88,92,7389,32762
2023-07-19 15:37:47,87,91,7389,32762
2023-07-19 15:37:47,87,90,7389,32762
2023-07-19 15:38:02,84,90,7389,32762
2023-07-19 15:38:13,84,89,7389,32762
2023-07-19 15:38:14,84,90,7389,32762
2023-07-19 15:38:14,84,89,7389,32762
2023-07-19 15:38:14,84,90,7389,32762
2023-07-19 15:38:14,84,88,7389,32762
2023-07-19 15:38:16,84,88,7332,32819
2023-07-19 15:38:18,82,88,7332,32819
2023-07-19 15:38:20,82,87,7332,32819
2023-07-19 15:38:21,82,87,7281,32870
2023-07-19 15:38:23,82,86,7281,32870
2023-07-19 15:38:24,82,87,7281,32870
2023-07-19 15:38:32,82,86,7281,32870
2023-07-19 15:38:33,82,87,7281,32870
2023-07-19 15:38:35,82,86,7281,32870
2023-07-19 15:38:36,82,87,7281,32870
2023-07-19 15:38:40,83,87,7281,32870
2023-07-19 15:38:41,83,86,7281,32870
2023-07-19 15:38:45,83,87,7281,32870
2023-07-19 15:38:49,83,86,7281,32870
2023-07-19 15:38:51,82,86,7281,32870
2023-07-19 15:38:56,83,86,7281,32870
2023-07-19 15:38:58,83,87,7281,32870
2023-07-19 15:38:59,83,86,7281,32870
2023-07-19 15:39:01,84,86,7281,32870
2023-07-19 15:39:02,83,86,7281,32870
2023-07-19 15:39:05,84,86,7281,32870
2023-07-19 15:39:05,84,87,7276,32877
2023-07-19 15:39:08,84,88,7276,32877
2023-07-19 15:39:13,83,88,7276,32877
2023-07-19 15:39:13,85,88,7276,32877
2023-07-19 15:39:15,86,88,7276,32877
2023-07-19 15:39:16,86,90,7249,32907
2023-07-19 15:39:16,86,89,7249,32907
2023-07-19 15:39:23,85,89,7249,32907
2023-07-19 15:39:24,85,88,7249,32907
2023-07-19 15:39:24,86,88,7249,32907
2023-07-19 15:39:27,86,89,7249,32907
2023-07-19 15:39:27,86,88,7249,32907
2023-07-19 15:39:27,86,87,7249,32907
2023-07-19 15:39:29,86,89,7249,32907
2023-07-19 15:39:29,86,88,7249,32907
2023-07-19 15:39:34,85,88,7249,32907
2023-07-19 15:39:52,85,89,7249,32907
2023-07-19 15:40:07,85,88,7249,32907
2023-07-19 15:40:08,84,88,7249,32907
2023-07-19 15:40:14,84,89,7249,32907
2023-07-19 15:40:14,84,88,7249,32907
2023-07-19 15:40:14,84,87,7249,32907
2023-07-19 15:40:16,84,89,7249,32907
2023-07-19 15:40:16,84,88,7249,32907
2023-07-19 15:40:18,84,87,7249,32907
2023-07-19 15:40:21,81,87,7249,32907
2023-07-19 15:40:23,81,86,7249,32907
2023-07-19 15:40:25,81,86,7218,32938
2023-07-19 15:40:27,81,87,7218,32938
2023-07-19 15:40:27,81,85,7218,32938
2023-07-19 15:40:29,81,87,7218,32938
2023-07-19 15:40:29,81,86,7218,32938
2023-07-19 15:40:35,81,86,7214,32942
2023-07-19 15:40:48,81,86,7204,32952
2023-07-19 15:40:54,82,86,7204,32952
2023-07-19 15:41:01,81,86,7204,32952
2023-07-19 15:41:02,82,86,7204,32952
2023-07-19 15:41:07,82,85,7204,32952
2023-07-19 15:41:09,82,86,7204,32952
2023-07-19 15:41:13,82,85,7204,32952
2023-07-19 15:41:20,82,86,7204,32952
2023-07-19 15:41:20,82,86,7175,32982
2023-07-19 15:41:21,82,85,7175,32982
2023-07-19 15:41:38,81,85,7175,32982
2023-07-19 15:41:39,81,84,7175,32982
2023-07-19 15:41:44,81,85,7165,32993
2023-07-19 15:41:44,81,86,7165,32993
2023-07-19 15:41:44,81,84,7165,32993
2023-07-19 15:41:45,81,86,7165,32993
2023-07-19 15:41:45,81,85,7165,32993
2023-07-19 15:41:48,81,86,7165,32993
2023-07-19 15:41:48,81,84,7165,32993
2023-07-19 15:41:48,80,84,7165,32993
2023-07-19 15:41:51,80,84,7163,32995
2023-07-19 15:41:53,80,85,7163,32995
2023-07-19 15:41:56,80,85,7163,32996
2023-07-19 15:42:15,80,85,7144,33016
2023-07-19 15:42:21,80,86,7144,33016
2023-07-19 15:42:21,80,85,7144,33016
2023-07-19 15:42:21,80,84,7144,33016
2023-07-19 15:42:23,80,86,7144,33016
2023-07-19 15:42:23,80,85,7144,33016
2023-07-19 15:42:23,80,86,7144,33016
2023-07-19 15:42:23,80,85,7144,33016
2023-07-19 15:42:26,80,86,7144,33016
2023-07-19 15:42:29,81,86,7144,33016
2023-07-19 15:42:32,80,86,7144,33016
2023-07-19 15:42:40,81,86,7144,33016
2023-07-19 15:42:46,80,86,7144,33016
2023-07-19 15:42:53,81,86,7144,33016
2023-07-19 15:42:58,82,86,7144,33016
2023-07-19 15:43:00,80,86,7144,33016
2023-07-19 15:43:00,83,86,7144,33016
2023-07-19 15:43:02,80,86,7144,33016
2023-07-19 15:43:02,82,86,7144,33016
2023-07-19 15:43:05,82,87,7144,33016
2023-07-19 15:43:19,82,86,7144,33016
2023-07-19 15:43:21,82,87,7144,33016
2023-07-19 15:43:41,82,86,7144,33016
2023-07-19 15:43:45,82,87,7144,33016
2023-07-19 15:43:47,82,86,7144,33016
2023-07-19 15:43:50,82,87,7144,33016
2023-07-19 15:43:55,82,87,7130,33031
2023-07-19 15:43:57,82,88,7130,33031
2023-07-19 15:43:59,83,88,7130,33031
2023-07-19 15:44:02,84,88,7130,33031
2023-07-19 15:44:08,85,88,7130,33031
2023-07-19 15:44:11,86,88,7130,33031
2023-07-19 15:44:23,86,89,7130,33031
2023-07-19 15:44:23,85,89,7130,33031
2023-07-19 15:44:23,86,89,7130,33031
2023-07-19 15:44:40,86,90,7130,33031
2023-07-19 15:44:44,86,90,7131,33046
2023-07-19 15:44:53,86,89,7131,33046
2023-07-19 15:44:55,86,90,7131,33046
2023-07-19 15:44:55,86,88,7131,33046
2023-07-19 15:44:58,86,90,7131,33046
2023-07-19 15:44:58,86,89,7131,33046
2023-07-19 15:44:58,86,87,7131,33046
2023-07-19 15:44:58,85,87,7131,33046
2023-07-19 15:44:58,84,87,7131,33046
2023-07-19 15:45:00,84,87,7125,33052
2023-07-19 15:45:03,84,88,7125,33052
2023-07-19 15:45:07,84,87,7125,33052
2023-07-19 15:45:08,84,88,7125,33052
2023-07-19 15:45:20,84,87,7125,33052
2023-07-19 15:45:21,84,88,7125,33052
2023-07-19 15:45:21,84,88,7120,33058
2023-07-19 15:45:26,84,89,7120,33058
2023-07-19 15:45:31,84,88,7120,33058
2023-07-19 15:45:32,84,89,7120,33058
2023-07-19 15:45:33,85,89,7120,33058
2023-07-19 15:45:34,86,89,7120,33058
2023-07-19 15:46:00,86,88,7120,33058
2023-07-19 15:46:03,85,88,7120,33058
2023-07-19 15:46:04,85,89,7120,33058
2023-07-19 15:46:04,85,88,7120,33058
2023-07-19 15:46:18,84,88,7120,33058
2023-07-19 15:46:24,84,88,7117,33062
2023-07-19 15:46:29,84,89,7117,33062
2023-07-19 15:46:29,84,87,7117,33062
2023-07-19 15:46:30,84,89,7117,33062
2023-07-19 15:46:30,84,88,7117,33062
2023-07-19 15:46:31,84,89,7117,33062
2023-07-19 15:46:31,84,87,7117,33062
2023-07-19 15:46:32,84,89,7117,33062
2023-07-19 15:46:32,84,88,7117,33062
2023-07-19 15:46:32,84,88,7092,33087
2023-07-19 15:46:33,84,89,7092,33087
2023-07-19 15:46:34,84,88,7092,33087
2023-07-19 15:46:40,85,88,7092,33087
2023-07-19 15:46:44,86,88,7092,33087
2023-07-19 15:46:51,85,88,7092,33087
2023-07-19 15:47:22,86,88,7092,33087
2023-07-19 15:47:23,87,88,7092,33087
2023-07-19 15:47:45,87,89,7092,33087
2023-07-19 15:47:45,87,90,7092,33087
2023-07-19 15:48:07,87,89,7092,33087
2023-07-19 15:48:08,87,90,7092,33087
2023-07-19 15:48:28,87,89,7092,33087
2023-07-19 15:48:32,86,89,7092,33087
2023-07-19 15:48:50,87,89,7092,33087
2023-07-19 15:49:00,87,90,7092,33087
2023-07-19 15:49:12,88,90,7092,33087
2023-07-19 15:49:16,88,91,7092,33087
2023-07-19 15:49:32,89,91,7092,33087
2023-07-19 15:49:42,88,91,7092,33087
2023-07-19 15:49:47,90,91,7092,33087
2023-07-19 15:50:04,90,92,7092,33087
2023-07-19 15:50:11,90,91,7092,33087
2023-07-19 15:50:12,90,92,7092,33087
2023-07-19 15:50:12,90,91,7092,33087
2023-07-19 15:50:13,90,92,7092,33087
2023-07-19 15:50:30,90,94,7092,33087
2023-07-19 15:50:30,90,93,7092,33087
2023-07-19 15:50:30,90,91,7092,33087
2023-07-19 15:50:31,90,93,7092,33087
2023-07-19 15:50:31,90,92,7092,33087
2023-07-19 15:50:31,90,93,7092,33156
2023-07-19 15:50:35,90,94,7092,33201
2023-07-19 15:50:35,90,93,7092,33201
2023-07-19 15:50:43,90,92,7092,33201
2023-07-19 15:50:53,90,92,7102,33211
2023-07-19 15:51:02,90,91,7102,33211
2023-07-19 15:51:05,90,92,7102,33211
2023-07-19 15:51:10,91,92,7102,33211
2023-07-19 15:51:18,92,93,7102,33212
2023-07-19 15:51:19,91,93,7102,33212
2023-07-19 15:51:23,91,94,7103,33413
2023-07-19 15:51:24,92,94,7103,33413
2023-07-19 15:51:38,93,94,7103,33413
2023-07-19 15:51:40,92,94,7103,33413
2023-07-19 15:51:42,93,94,7103,33413
2023-07-19 15:51:43,92,94,7103,33413
2023-07-19 15:51:51,92,93,7103,33413
2023-07-19 15:52:00,92,94,7103,33413
2023-07-19 15:52:00,92,93,7103,33413
2023-07-19 15:52:08,91,93,7103,33414
2023-07-19 15:52:19,90,93,7113,33425
2023-07-19 15:52:27,91,93,7113,33425
2023-07-19 15:52:32,90,93,7113,33425
2023-07-19 15:52:32,91,93,7113,33425
2023-07-19 15:52:32,92,93,7113,33425
2023-07-19 15:52:33,91,93,7113,33425
2023-07-19 15:52:33,90,93,7113,33425
2023-07-19 15:52:33,91,93,7113,33425
2023-07-19 15:52:36,92,93,7113,33425
2023-07-19 15:52:41,91,93,7113,33425
2023-07-19 15:52:41,90,93,7113,33425
2023-07-19 15:52:41,91,93,7113,33425
2023-07-19 15:52:42,91,94,7113,33425
2023-07-19 15:52:42,91,95,7113,33425
2023-07-19 15:52:42,91,94,7113,33425
2023-07-19 15:52:44,90,94,7113,33425
2023-07-19 15:52:46,90,93,7113,33425
2023-07-19 15:52:46,90,92,7113,33425
2023-07-19 15:52:49,90,92,7158,33470
2023-07-19 15:52:53,89,92,7213,33526
2023-07-19 15:52:54,89,93,7213,33526
2023-07-19 15:53:09,90,92,7213,33526
2023-07-19 15:53:09,90,92,7213,33527
2023-07-19 15:53:12,91,92,7213,33527
2023-07-19 15:53:18,90,92,7213,33527
2023-07-19 15:53:18,89,92,7213,33527
2023-07-19 15:53:18,90,92,7213,33527
2023-07-19 15:53:22,89,92,7213,33527
2023-07-19 15:53:22,90,92,7213,33527
2023-07-19 15:53:22,91,92,7213,33527
2023-07-19 15:53:24,90,92,7213,33527
2023-07-19 15:53:24,89,92,7213,33527
2023-07-19 15:53:24,90,92,7213,33527
2023-07-19 15:53:26,91,92,7213,33527
2023-07-19 15:53:28,90,92,7213,33527
2023-07-19 15:53:28,89,92,7213,33527
2023-07-19 15:53:28,90,92,7213,33527
2023-07-19 15:53:30,89,92,7213,33527
2023-07-19 15:53:30,90,92,7213,33527
2023-07-19 15:53:30,91,92,7213,33527
2023-07-19 15:53:33,90,92,7213,33527
2023-07-19 15:53:33,89,92,7213,33527
2023-07-19 15:53:33,90,92,7213,33527
2023-07-19 15:53:36,89,92,7213,33527
2023-07-19 15:53:38,90,92,7213,33527
2023-07-19 15:53:39,91,92,7213,33527
2023-07-19 15:53:45,90,92,7213,33527
2023-07-19 15:53:45,91,92,7213,33527
2023-07-19 15:53:45,91,92,7213,33580
2023-07-19 15:53:46,91,93,7213,33580
2023-07-19 15:53:49,92,93,7213,33580
2023-07-19 15:53:52,92,94,7213,33580
2023-07-19 15:53:52,92,95,7213,33580
2023-07-19 15:53:52,92,94,7213,33580
2023-07-19 15:53:52,91,94,7213,33580
2023-07-19 15:53:52,93,94,7213,33580
2023-07-19 15:53:56,93,95,7213,33580
2023-07-19 15:53:57,91,95,7213,33580
2023-07-19 15:53:57,94,95,7213,33580
2023-07-19 15:53:57,91,95,7258,33625
2023-07-19 15:54:01,94,95,7258,33625
2023-07-19 15:54:14,94,96,7258,33625
2023-07-19 15:54:26,96,97,7259,33626
2023-07-19 15:54:26,94,97,7328,33695
2023-07-19 15:54:35,94,96,7328,33695
2023-07-19 15:54:42,95,96,7328,33695
2023-07-19 15:54:48,94,96,7328,33695
2023-07-19 15:54:51,95,96,7328,33695
2023-07-19 15:55:11,97,98,7330,33697
2023-07-19 15:55:54,97,98,7331,33708
2023-07-19 15:56:00,97,100,7332,33954
2023-07-19 15:56:01,97,98,7332,33954
2023-07-19 15:56:05,97,100,7333,33955
2023-07-19 15:56:06,97,98,7333,33955
2023-07-19 15:56:10,97,100,7333,33955
2023-07-19 15:56:54,96,100,7333,33955
2023-07-19 15:56:54,95,100,7333,33955
2023-07-19 15:56:54,93,100,7333,33955
2023-07-19 15:57:05,95,100,7333,33955
2023-07-19 15:57:15,96,100,7333,33955
2023-07-19 15:57:17,95,100,7333,33955
2023-07-19 15:57:18,96,100,7333,33955
2023-07-19 15:58:50,99,100,7333,33955
