datetime,bid,ask,open_interest,volume
2023-12-20 09:30:00,23,33,4099,4125
2023-12-20 09:30:01,3,33,4099,4125
2023-12-20 09:30:01,3,34,4099,4125
2023-12-20 09:30:01,23,34,4099,4125
2023-12-20 09:30:07,23,39,4099,4125
2023-12-20 09:30:07,23,42,4099,4125
2023-12-20 09:30:09,23,35,4099,4125
2023-12-20 09:30:15,23,40,4099,4125
2023-12-20 09:30:15,23,42,4099,4125
2023-12-20 09:30:33,23,34,4099,4125
2023-12-20 09:31:00,27,34,4099,4125
2023-12-20 09:31:00,27,31,4099,4125
2023-12-20 09:31:00,27,30,4099,4125
2023-12-20 09:31:01,27,29,4099,4125
2023-12-20 09:31:07,27,30,4099,4125
2023-12-20 09:31:09,27,29,4099,4125
2023-12-20 09:31:13,25,29,4099,4125
2023-12-20 09:31:13,25,28,4099,4125
2023-12-20 09:31:18,26,28,4099,4125
2023-12-20 09:31:19,26,29,4099,4125
2023-12-20 09:31:22,26,30,4099,4125
2023-12-20 09:31:22,27,30,4099,4125
2023-12-20 09:31:23,26,30,4099,4125
2023-12-20 09:31:23,26,29,4099,4125
2023-12-20 09:31:27,27,29,4099,4125
2023-12-20 09:31:27,27,30,4099,4125
2023-12-20 09:31:29,27,29,4099,4125
2023-12-20 09:31:30,26,28,4299,4325
2023-12-20 09:31:34,27,28,4299,4325
2023-12-20 09:31:34,27,28,4412,4438
2023-12-20 09:31:36,26,28,4412,4438
2023-12-20 09:31:38,26,27,4412,4438
2023-12-20 09:31:39,25,27,4412,4438
2023-12-20 09:31:45,23,27,4412,4438
2023-12-20 09:31:45,24,27,4412,4438
2023-12-20 09:31:51,25,27,4412,4438
2023-12-20 09:31:53,25,26,4412,4438
2023-12-20 09:31:54,25,27,4412,4438
2023-12-20 09:31:54,25,26,4412,4438
2023-12-20 09:31:56,24,26,4412,4438
2023-12-20 09:32:02,25,26,4412,4438
2023-12-20 09:32:02,25,26,4553,4579
2023-12-20 09:32:03,24,26,4553,4579
2023-12-20 09:32:05,25,26,4553,4579
2023-12-20 09:32:06,25,28,4553,4579
2023-12-20 09:32:06,25,27,4553,4579
2023-12-20 09:32:11,26,27,4553,4579
2023-12-20 09:32:11,26,29,4553,4579
2023-12-20 09:32:11,26,28,4553,4579
2023-12-20 09:32:12,26,29,4553,4579
2023-12-20 09:32:20,26,28,4553,4579
2023-12-20 09:32:21,26,29,4553,4579
2023-12-20 09:32:27,26,28,4553,4579
2023-12-20 09:32:33,25,28,4553,4579
2023-12-20 09:32:33,25,27,4553,4579
2023-12-20 09:32:35,25,28,4553,4579
2023-12-20 09:32:43,26,28,4553,4579
2023-12-20 09:32:44,25,28,4553,4579
2023-12-20 09:32:45,25,27,4553,4579
2023-12-20 09:32:48,24,27,4553,4579
2023-12-20 09:32:48,24,26,4553,4579
2023-12-20 09:32:49,24,27,4553,4579
2023-12-20 09:32:49,24,26,4553,4579
2023-12-20 09:32:52,24,27,4553,4579
2023-12-20 09:32:53,25,27,4553,4579
2023-12-20 09:32:54,25,28,4553,4579
2023-12-20 09:32:55,25,27,4553,4579
2023-12-20 09:32:57,25,28,4553,4579
2023-12-20 09:32:57,25,27,4553,4579
2023-12-20 09:32:58,25,28,4553,4579
2023-12-20 09:32:59,25,27,4553,4579
2023-12-20 09:33:01,26,27,4553,4579
2023-12-20 09:33:01,26,29,4553,4579
2023-12-20 09:33:01,26,29,4613,4639
2023-12-20 09:33:01,26,28,4613,4639
2023-12-20 09:33:02,25,28,4613,4639
2023-12-20 09:33:07,26,28,4613,4639
2023-12-20 09:33:07,26,29,4613,4639
2023-12-20 09:33:08,25,29,4613,4639
2023-12-20 09:33:08,25,28,4613,4639
2023-12-20 09:33:09,25,27,4613,4639
2023-12-20 09:33:10,25,28,4613,4639
2023-12-20 09:33:10,25,27,4613,4639
2023-12-20 09:33:14,25,27,4613,4639
2023-12-20 09:33:19,26,27,4613,4639
2023-12-20 09:33:20,25,27,4613,4639
2023-12-20 09:33:24,26,27,4613,4639
2023-12-20 09:33:29,25,27,4431,4821
2023-12-20 09:33:29,24,27,4431,4821
2023-12-20 09:33:29,25,27,4431,4821
2023-12-20 09:33:29,25,26,4431,4821
2023-12-20 09:33:36,24,26,4431,4821
2023-12-20 09:33:39,25,26,4431,4821
2023-12-20 09:33:39,25,27,4431,4821
2023-12-20 09:33:42,25,26,4431,4821
2023-12-20 09:33:44,24,26,4431,4821
2023-12-20 09:33:45,24,27,4431,4821
2023-12-20 09:33:45,25,27,4431,4821
2023-12-20 09:33:45,25,26,4431,4821
2023-12-20 09:33:47,25,27,4431,4821
2023-12-20 09:33:48,24,27,4413,4927
2023-12-20 09:33:49,25,27,4413,4927
2023-12-20 09:33:49,25,28,4413,4927
2023-12-20 09:33:52,25,29,4413,4927
2023-12-20 09:33:53,26,29,4413,4927
2023-12-20 09:33:58,26,28,4413,4927
2023-12-20 09:33:59,25,28,4413,4927
2023-12-20 09:34:02,24,28,4413,4927
2023-12-20 09:34:02,24,27,4413,4927
2023-12-20 09:34:03,25,27,4413,4927
2023-12-20 09:34:04,24,27,4413,4927
2023-12-20 09:34:05,25,27,4413,4927
2023-12-20 09:34:05,25,28,4413,4927
2023-12-20 09:34:12,24,28,4413,5127
2023-12-20 09:34:13,24,27,4413,5127
2023-12-20 09:34:14,25,27,4413,5127
2023-12-20 09:34:15,24,27,4413,5127
2023-12-20 09:34:15,25,27,4413,5127
2023-12-20 09:34:21,24,27,4413,5127
2023-12-20 09:34:24,25,27,4413,5127
2023-12-20 09:34:32,25,26,4413,5127
2023-12-20 09:34:33,24,26,4413,5127
2023-12-20 09:34:37,23,26,4413,5127
2023-12-20 09:34:41,23,26,4413,5138
2023-12-20 09:34:48,24,26,4413,5138
2023-12-20 09:34:51,23,26,4413,5138
2023-12-20 09:34:51,24,26,4413,5138
2023-12-20 09:35:02,24,27,4413,5138
2023-12-20 09:35:02,25,27,4413,5138
2023-12-20 09:35:03,25,26,4413,5138
2023-12-20 09:35:03,23,26,4413,5138
2023-12-20 09:35:03,24,26,4413,5138
2023-12-20 09:35:07,23,26,4413,5249
2023-12-20 09:35:07,24,26,4413,5249
2023-12-20 09:35:19,24,25,4413,5249
2023-12-20 09:35:23,24,26,4413,5249
2023-12-20 09:35:25,24,25,4413,5249
2023-12-20 09:35:26,24,26,4413,5249
2023-12-20 09:35:29,23,26,4413,5249
2023-12-20 09:35:29,24,26,4413,5249
2023-12-20 09:35:41,25,26,4413,5249
2023-12-20 09:35:42,24,26,4413,5249
2023-12-20 09:35:42,25,26,4413,5249
2023-12-20 09:35:43,23,26,4413,5249
2023-12-20 09:35:43,24,26,4413,5249
2023-12-20 09:35:50,24,25,4413,5249
2023-12-20 09:35:51,24,26,4413,5249
2023-12-20 09:35:53,23,26,4413,5356
2023-12-20 09:35:56,24,26,4413,5356
2023-12-20 09:35:57,23,26,4413,5356
2023-12-20 09:36:13,23,25,4413,5356
2023-12-20 09:36:14,23,26,4413,5356
2023-12-20 09:36:14,23,25,4413,5356
2023-12-20 09:36:17,23,26,4413,5356
2023-12-20 09:36:19,23,25,4413,5356
2023-12-20 09:36:20,22,25,4413,5356
2023-12-20 09:36:25,22,24,4413,5356
2023-12-20 09:36:36,22,25,4413,5356
2023-12-20 09:36:47,22,24,4413,5356
2023-12-20 09:36:49,22,25,4413,5356
2023-12-20 09:36:50,22,24,4413,5356
2023-12-20 09:37:10,22,24,4413,5367
2023-12-20 09:37:43,22,25,4413,5367
2023-12-20 09:37:46,22,24,4413,5367
2023-12-20 09:37:52,22,23,4413,5367
2023-12-20 09:37:53,22,24,4413,5367
2023-12-20 09:37:57,22,23,4413,5367
2023-12-20 09:37:59,22,24,4413,5367
2023-12-20 09:38:02,22,25,4413,5367
2023-12-20 09:38:05,22,24,4413,5367
2023-12-20 09:38:06,22,25,4413,5367
2023-12-20 09:38:15,22,24,4413,5367
2023-12-20 09:38:33,22,23,4413,5367
2023-12-20 09:38:34,21,23,4413,5367
2023-12-20 09:38:40,21,24,4413,5367
2023-12-20 09:39:07,21,23,4413,5367
2023-12-20 09:39:08,21,24,4413,5367
2023-12-20 09:39:13,21,23,4413,5367
2023-12-20 09:39:21,20,23,4413,5367
2023-12-20 09:39:23,20,22,4413,5367
2023-12-20 09:39:29,20,21,4413,5367
2023-12-20 09:39:29,19,21,4413,5367
2023-12-20 09:40:07,20,21,4413,5367
2023-12-20 09:40:31,19,21,4413,5367
2023-12-20 09:40:31,20,21,4413,5367
2023-12-20 09:40:35,19,21,4413,5488
2023-12-20 09:40:35,20,21,4413,5488
2023-12-20 09:40:36,19,21,4413,5488
2023-12-20 09:40:36,20,21,4413,5488
2023-12-20 09:40:48,20,22,4413,5488
2023-12-20 09:40:52,20,21,4413,5488
2023-12-20 09:41:10,18,20,4413,5589
2023-12-20 09:41:10,19,20,4413,5589
2023-12-20 09:41:11,19,21,4413,5589
2023-12-20 09:41:28,19,20,4413,5589
2023-12-20 09:41:41,18,20,4413,5589
2023-12-20 09:41:41,19,20,4413,5589
2023-12-20 09:42:10,18,19,4413,5699
2023-12-20 09:42:10,17,19,4413,5699
2023-12-20 09:42:11,17,20,4413,5699
2023-12-20 09:42:13,18,20,4413,5699
2023-12-20 09:42:23,18,21,4413,5699
2023-12-20 09:42:26,19,21,4413,5699
2023-12-20 09:42:27,18,21,4413,5699
2023-12-20 09:42:33,19,21,4413,5699
2023-12-20 09:42:35,18,21,4413,5699
2023-12-20 09:42:53,18,20,4413,5699
2023-12-20 09:43:04,18,19,4413,5699
2023-12-20 09:43:09,17,19,4413,5699
2023-12-20 09:43:15,17,18,4413,5699
2023-12-20 09:43:15,16,18,4413,5699
2023-12-20 09:43:31,16,19,4413,5699
2023-12-20 09:43:58,16,18,4413,5699
2023-12-20 09:44:21,16,19,4413,5699
2023-12-20 09:44:22,16,18,4413,5699
2023-12-20 09:44:42,15,18,4413,5699
2023-12-20 09:44:42,15,17,4413,5699
2023-12-20 09:45:04,15,18,4413,5699
2023-12-20 09:45:05,16,18,4413,5699
2023-12-20 09:45:07,16,19,4413,5699
2023-12-20 09:45:19,16,18,4413,5699
2023-12-20 09:45:20,16,19,4413,5699
2023-12-20 09:45:20,16,18,4413,5699
2023-12-20 09:45:29,16,19,4413,5699
2023-12-20 09:45:36,17,19,4413,5699
2023-12-20 09:45:40,16,19,4413,5699
2023-12-20 09:45:49,16,18,4413,5699
2023-12-20 09:45:50,16,19,4413,5699
2023-12-20 09:45:51,16,18,4413,5699
2023-12-20 09:45:52,16,19,4413,5699
2023-12-20 09:45:53,16,18,4413,5699
2023-12-20 09:45:54,16,19,4413,5699
2023-12-20 09:45:55,16,18,4413,5699
2023-12-20 09:46:11,15,18,4413,5699
2023-12-20 09:46:56,15,18,4413,5699
2023-12-20 09:47:00,15,17,4413,5699
2023-12-20 09:47:02,15,18,4413,5699
2023-12-20 09:47:03,15,17,4413,5699
2023-12-20 09:48:07,15,16,4413,5699
2023-12-20 09:48:40,15,17,4413,5699
2023-12-20 09:49:10,15,18,4413,5699
2023-12-20 09:49:11,15,17,4413,5699
2023-12-20 09:49:13,15,18,4413,5699
2023-12-20 09:49:53,15,17,4413,5699
2023-12-20 09:50:04,15,18,4413,5699
2023-12-20 09:50:06,15,17,4413,5699
2023-12-20 09:50:35,15,18,4413,5699
2023-12-20 09:50:37,15,17,4413,5699
2023-12-20 09:50:39,15,18,4413,5699
2023-12-20 09:50:40,15,17,4413,5699
2023-12-20 09:50:47,16,17,4413,5699
2023-12-20 09:50:59,15,17,4413,5699
2023-12-20 09:51:05,15,18,4413,5699
2023-12-20 09:51:05,15,17,4413,5699
2023-12-20 09:51:17,14,17,5413,6699
2023-12-20 09:51:17,14,16,5413,6699
2023-12-20 09:51:29,14,17,5413,6699
2023-12-20 09:51:30,14,16,5413,6699
2023-12-20 09:51:51,14,15,5413,6699
2023-12-20 09:51:52,14,16,5413,6699
2023-12-20 09:51:53,14,15,5413,6699
2023-12-20 09:51:58,14,16,5413,6699
2023-12-20 09:52:00,14,15,5413,6699
2023-12-20 09:52:01,14,16,5413,6699
2023-12-20 09:52:49,14,17,5413,6699
2023-12-20 09:52:52,14,16,5413,6699
2023-12-20 09:52:58,14,17,5413,6699
2023-12-20 09:52:59,14,16,5413,6699
2023-12-20 09:53:03,14,17,5413,6699
2023-12-20 09:53:11,14,16,5413,6699
2023-12-20 09:53:14,14,17,5413,6699
2023-12-20 09:53:15,14,16,5413,6699
2023-12-20 09:53:17,14,17,5413,6699
2023-12-20 09:53:18,14,16,5413,6699
2023-12-20 09:53:22,14,16,5413,6949
2023-12-20 09:53:24,14,18,5413,6949
2023-12-20 09:53:24,14,17,5413,6949
2023-12-20 09:53:27,14,16,5413,6949
2023-12-20 09:53:28,14,17,5413,6949
2023-12-20 09:53:30,14,16,5413,6949
2023-12-20 09:53:31,14,17,5413,6949
2023-12-20 09:53:37,14,16,5413,6949
2023-12-20 09:54:01,14,17,5413,6949
2023-12-20 09:54:01,14,15,5413,6949
2023-12-20 09:54:17,14,17,5413,7199
2023-12-20 09:54:20,14,16,5413,7199
2023-12-20 09:54:30,15,16,5413,7199
2023-12-20 09:54:46,15,17,5413,7199
2023-12-20 09:54:47,15,17,5413,7373
2023-12-20 09:55:15,15,18,5413,7373
2023-12-20 09:55:16,15,17,5413,7373
2023-12-20 09:55:17,15,18,5413,7373
2023-12-20 09:55:21,15,17,5413,7373
2023-12-20 09:55:50,15,16,5413,7373
2023-12-20 09:56:01,15,17,5413,7373
2023-12-20 09:56:05,15,16,5413,7373
2023-12-20 09:56:14,15,17,5413,7373
2023-12-20 09:56:14,15,16,5413,7373
2023-12-20 09:56:21,15,16,5413,7433
2023-12-20 09:56:41,15,17,5413,7433
2023-12-20 09:56:45,15,16,5413,7433
2023-12-20 09:56:46,15,17,5413,7433
2023-12-20 09:56:51,15,16,5413,7433
2023-12-20 09:56:52,15,17,5413,7433
2023-12-20 09:56:55,15,16,5413,7433
2023-12-20 09:57:01,15,17,5413,7433
2023-12-20 09:57:01,15,16,5413,7433
2023-12-20 09:57:03,15,17,5413,7433
2023-12-20 09:57:26,15,16,5413,7433
2023-12-20 09:57:57,15,17,5413,7433
2023-12-20 09:58:04,15,16,5413,7433
2023-12-20 09:58:17,15,17,5413,7433
2023-12-20 09:58:17,15,16,5413,7433
2023-12-20 09:58:25,15,17,5413,7433
2023-12-20 09:58:27,15,16,5413,7433
2023-12-20 09:58:46,15,17,5413,7433
2023-12-20 09:58:46,15,16,5413,7433
2023-12-20 09:59:05,15,17,5413,7433
2023-12-20 09:59:05,15,16,5413,7433
2023-12-20 09:59:10,15,17,5413,7433
2023-12-20 09:59:10,15,16,5413,7433
2023-12-20 10:00:01,15,17,5413,7433
2023-12-20 10:00:01,15,16,5413,7433
2023-12-20 10:00:09,15,16,5213,7633
2023-12-20 10:00:09,15,16,5213,7753
2023-12-20 10:00:11,15,16,4963,8003
2023-12-20 10:00:12,15,16,4763,8203
2023-12-20 10:00:12,15,16,4763,8323
2023-12-20 10:00:14,15,16,4763,8383
2023-12-20 10:00:14,15,16,4513,8633
2023-12-20 10:00:15,15,16,4263,8883
2023-12-20 10:00:16,15,16,4063,9083
2023-12-20 10:00:16,15,16,4063,9143
2023-12-20 10:00:16,15,16,3813,9393
2023-12-20 10:00:17,15,16,3613,9593
2023-12-20 10:00:18,15,16,3613,9713
2023-12-20 10:00:18,15,16,3363,9963
2023-12-20 10:00:19,15,16,3363,10023
2023-12-20 10:00:20,15,16,3113,10273
2023-12-20 10:00:21,15,16,3113,10473
2023-12-20 10:00:21,15,16,3113,10533
2023-12-20 10:00:22,15,16,2863,10783
2023-12-20 10:00:23,15,16,2663,10983
2023-12-20 10:00:23,15,16,2663,11043
2023-12-20 10:00:25,13,16,2457,11249
2023-12-20 10:00:25,13,15,2457,11249
2023-12-20 10:00:25,13,14,2457,11249
2023-12-20 10:00:33,12,14,2457,11249
2023-12-20 10:00:33,12,13,2457,11249
2023-12-20 10:00:39,11,13,2457,11449
2023-12-20 10:00:49,11,14,2457,11449
2023-12-20 10:00:59,11,13,2457,11449
2023-12-20 10:01:00,11,14,2457,11449
2023-12-20 10:01:02,12,14,2457,11449
2023-12-20 10:01:04,11,14,2457,11449
2023-12-20 10:01:10,11,13,2457,11449
2023-12-20 10:01:24,11,14,2457,11449
2023-12-20 10:01:24,11,13,2457,11449
2023-12-20 10:01:26,12,13,2457,11449
2023-12-20 10:01:30,11,13,2457,11449
2023-12-20 10:01:35,12,13,2457,11449
2023-12-20 10:01:39,11,13,2457,11449
2023-12-20 10:01:45,11,12,2457,11449
2023-12-20 10:01:46,10,12,2857,11849
2023-12-20 10:01:51,10,13,2857,11849
2023-12-20 10:01:52,10,12,2857,11849
2023-12-20 10:01:53,10,13,2857,11849
2023-12-20 10:01:55,10,12,2857,11849
2023-12-20 10:02:19,10,13,2857,11849
2023-12-20 10:02:20,10,12,2857,11849
2023-12-20 10:02:28,10,13,2857,11849
2023-12-20 10:02:46,11,13,2857,11849
2023-12-20 10:02:47,11,14,2857,11849
2023-12-20 10:03:06,12,14,2857,11849
2023-12-20 10:03:16,11,14,2857,11849
2023-12-20 10:03:25,11,13,2857,11849
2023-12-20 10:03:27,11,14,2857,11849
2023-12-20 10:03:30,11,13,2857,11849
2023-12-20 10:03:34,10,13,2857,11849
2023-12-20 10:03:44,11,13,2857,11849
2023-12-20 10:03:45,10,13,2857,11849
2023-12-20 10:03:46,11,13,2857,11849
2023-12-20 10:03:47,10,13,2857,11849
2023-12-20 10:04:24,10,12,2857,11849
2023-12-20 10:04:25,10,13,2857,11849
2023-12-20 10:04:25,10,12,2857,11849
2023-12-20 10:04:36,10,13,2857,11849
2023-12-20 10:04:36,10,12,2857,11849
2023-12-20 10:04:54,10,13,2857,11849
2023-12-20 10:04:54,10,12,2857,11849
2023-12-20 10:04:57,10,13,2857,11849
2023-12-20 10:04:57,10,12,2857,11849
2023-12-20 10:05:01,10,13,2857,11849
2023-12-20 10:05:01,10,12,2857,11849
2023-12-20 10:05:22,10,11,2857,11849
2023-12-20 10:05:24,10,12,2857,11849
2023-12-20 10:05:26,10,11,2857,11849
2023-12-20 10:05:46,9,11,2857,11849
2023-12-20 10:06:01,9,10,2857,11849
2023-12-20 10:06:07,8,10,2857,11849
2023-12-20 10:06:26,8,11,2857,11849
2023-12-20 10:06:35,8,11,2859,11851
2023-12-20 10:06:38,8,10,2859,11851
2023-12-20 10:07:15,8,9,2859,11851
2023-12-20 10:07:18,8,10,2859,11851
2023-12-20 10:07:23,8,9,2859,11851
2023-12-20 10:07:24,8,10,2859,11851
2023-12-20 10:08:25,8,9,2859,11851
2023-12-20 10:08:26,8,10,2859,11851
2023-12-20 10:08:30,8,9,2859,11851
2023-12-20 10:08:32,8,10,2859,11851
2023-12-20 10:08:33,8,9,2859,11851
2023-12-20 10:08:34,8,10,2859,11851
2023-12-20 10:08:36,8,9,2859,11851
2023-12-20 10:08:37,8,10,2859,11851
2023-12-20 10:08:38,8,9,2859,11851
2023-12-20 10:08:39,8,10,2859,11851
2023-12-20 10:08:48,8,9,2859,11851
2023-12-20 10:08:50,8,10,2859,11851
2023-12-20 10:09:18,8,11,2859,11851
2023-12-20 10:09:18,8,10,2859,11851
2023-12-20 10:09:27,8,11,2859,11851
2023-12-20 10:09:29,9,11,2859,11851
2023-12-20 10:09:52,9,10,2859,11851
2023-12-20 10:09:55,8,10,2859,11851
2023-12-20 10:09:55,8,11,2859,11851
2023-12-20 10:09:57,8,10,2859,11851
2023-12-20 10:10:14,8,9,2859,11851
2023-12-20 10:10:15,8,10,2859,11851
2023-12-20 10:10:31,8,11,2859,11851
2023-12-20 10:10:48,8,10,2859,11851
2023-12-20 10:10:50,8,11,2859,11851
2023-12-20 10:10:50,8,10,2859,11851
2023-12-20 10:10:54,8,11,2859,11851
2023-12-20 10:11:38,8,10,2859,11851
2023-12-20 10:11:41,8,11,2859,11851
2023-12-20 10:11:41,8,10,2859,11851
2023-12-20 10:11:44,8,11,2859,11851
2023-12-20 10:11:46,8,10,2859,11851
2023-12-20 10:12:10,8,11,2859,11851
2023-12-20 10:12:10,8,10,2859,11851
2023-12-20 10:12:13,8,11,2859,11851
2023-12-20 10:12:14,8,10,2859,11851
2023-12-20 10:12:23,8,11,2859,11851
2023-12-20 10:12:27,8,10,2859,11851
2023-12-20 10:13:26,8,9,2859,11851
2023-12-20 10:13:27,8,10,2859,11851
2023-12-20 10:13:27,8,9,2859,11851
2023-12-20 10:13:28,8,10,2859,11851
2023-12-20 10:14:37,7,10,2859,11851
2023-12-20 10:14:48,7,9,2859,11851
2023-12-20 10:15:02,7,10,2859,11851
2023-12-20 10:15:23,7,9,2859,11851
2023-12-20 10:15:34,7,10,2859,11851
2023-12-20 10:15:36,7,9,2859,11851
2023-12-20 10:16:55,7,8,2859,11851
2023-12-20 10:16:59,7,9,2859,11851
2023-12-20 10:17:03,7,8,2859,11851
2023-12-20 10:17:36,7,9,2859,11851
2023-12-20 10:18:25,7,8,2859,11851
2023-12-20 10:18:32,7,10,2859,11851
2023-12-20 10:18:32,7,9,2859,11851
2023-12-20 10:18:33,7,10,2859,11851
2023-12-20 10:18:35,7,9,2859,11851
2023-12-20 10:19:06,7,10,2859,11851
2023-12-20 10:19:06,7,9,2859,11851
2023-12-20 10:19:07,7,10,2859,11851
2023-12-20 10:19:09,7,9,2859,11851
2023-12-20 10:19:10,7,10,2859,11851
2023-12-20 10:19:58,7,9,2859,11851
2023-12-20 10:20:00,7,10,2859,11851
2023-12-20 10:20:01,7,9,2859,11851
2023-12-20 10:20:02,7,10,2859,11851
2023-12-20 10:20:11,7,9,2859,11851
2023-12-20 10:20:20,7,10,2859,11851
2023-12-20 10:20:21,7,9,2859,11851
2023-12-20 10:21:10,7,8,2859,11851
2023-12-20 10:21:24,6,8,2859,11851
2023-12-20 10:21:40,6,9,2859,11851
2023-12-20 10:21:49,6,8,2859,11851
2023-12-20 10:22:07,6,7,2859,11851
2023-12-20 10:22:12,5,8,2859,11851
2023-12-20 10:22:23,6,8,2859,11851
2023-12-20 10:23:13,5,8,2859,11851
2023-12-20 10:23:25,6,8,2859,11851
2023-12-20 10:24:11,6,9,2859,11851
2023-12-20 10:24:27,6,8,2859,11851
2023-12-20 10:24:31,6,9,2859,11851
2023-12-20 10:24:50,6,8,2859,11851
2023-12-20 10:25:02,6,9,2859,11851
2023-12-20 10:25:33,6,8,2859,11851
2023-12-20 10:25:49,5,8,2859,11851
2023-12-20 10:26:10,6,8,2859,11851
2023-12-20 10:26:14,6,9,2859,11851
2023-12-20 10:27:03,6,8,2859,11851
2023-12-20 10:27:05,6,9,2859,11851
2023-12-20 10:27:11,6,8,2859,11851
2023-12-20 10:27:44,5,8,2859,11851
2023-12-20 10:27:59,6,8,2859,11851
2023-12-20 10:28:46,5,8,2859,11851
2023-12-20 10:28:48,5,7,2859,11851
2023-12-20 10:29:19,5,8,2859,11851
2023-12-20 10:29:36,5,7,2859,11851
2023-12-20 10:30:08,4,7,2859,11851
2023-12-20 10:30:14,4,6,2859,11851
2023-12-20 10:30:25,4,7,2859,11851
2023-12-20 10:30:32,4,6,2859,11851
2023-12-20 10:31:45,4,5,2859,11851
2023-12-20 10:31:53,3,5,3059,12051
2023-12-20 10:31:53,3,5,3243,12251
2023-12-20 10:31:54,3,4,3243,12251
2023-12-20 10:32:27,2,4,3243,12251
2023-12-20 10:32:48,2,3,3243,12251
2023-12-20 10:32:48,1,3,3243,12251
2023-12-20 10:32:49,1,4,3243,12251
2023-12-20 10:33:46,2,4,3243,12251
2023-12-20 10:34:14,3,4,3243,12251
2023-12-20 10:34:23,2,3,3243,12359
2023-12-20 10:34:23,2,3,3251,12659
2023-12-20 10:35:09,1,3,3251,12659
2023-12-20 10:36:14,1,5,2662,13659
2023-12-20 10:36:15,1,4,2662,13659
2023-12-20 10:36:15,3,4,2662,13659
2023-12-20 10:36:27,3,5,2662,13659
2023-12-20 10:36:27,3,4,2662,13659
2023-12-20 10:36:30,3,4,2662,13779
2023-12-20 10:36:48,3,5,2662,13779
2023-12-20 10:36:48,3,4,2662,13779
2023-12-20 10:36:56,2,4,2662,13859
2023-12-20 10:37:01,2,5,2662,13859
2023-12-20 10:37:01,2,4,2662,13859
2023-12-20 10:37:25,2,5,2662,13859
2023-12-20 10:37:25,2,4,2662,13859
2023-12-20 10:38:43,2,5,2662,13859
2023-12-20 10:38:43,2,4,2662,13859
2023-12-20 10:39:24,2,5,2662,13859
2023-12-20 10:39:24,2,4,2662,13859
2023-12-20 10:39:25,3,4,2662,13859
2023-12-20 10:39:26,2,4,2662,13859
2023-12-20 10:39:30,3,4,2662,13859
2023-12-20 10:39:34,2,4,2662,13859
2023-12-20 10:39:36,3,4,2662,13859
2023-12-20 10:39:37,2,4,2662,13859
2023-12-20 10:39:42,3,4,2662,13859
2023-12-20 10:39:44,2,4,2662,13859
2023-12-20 10:39:52,3,4,2662,13859
2023-12-20 10:40:14,3,5,2662,13859
2023-12-20 10:40:14,3,4,2662,13859
2023-12-20 10:40:29,3,5,2662,13859
2023-12-20 10:40:29,3,4,2662,13859
2023-12-20 10:40:35,3,5,2662,13859
2023-12-20 10:40:36,3,4,2662,13859
2023-12-20 10:40:47,3,5,2662,13859
2023-12-20 10:40:48,3,4,2662,13859
2023-12-20 10:41:13,3,5,2662,13859
2023-12-20 10:41:14,2,5,2662,13859
2023-12-20 10:41:14,2,4,2662,13859
2023-12-20 10:41:33,3,4,2662,13859
2023-12-20 10:41:33,3,5,2662,13859
2023-12-20 10:42:50,3,4,2662,13859
2023-12-20 10:42:51,2,4,2662,13859
2023-12-20 10:43:00,2,4,2662,13884
2023-12-20 10:43:01,3,4,2662,13884
2023-12-20 10:43:01,3,5,2662,13884
2023-12-20 10:43:01,3,4,2662,13884
2023-12-20 10:43:47,3,5,2662,13884
2023-12-20 10:43:47,3,4,2662,13884
2023-12-20 10:44:02,2,4,2662,13884
2023-12-20 10:44:02,2,5,2662,13884
2023-12-20 10:44:02,2,4,2662,13884
2023-12-20 10:44:27,2,5,2662,13884
2023-12-20 10:44:28,2,4,2662,13884
2023-12-20 10:44:32,2,3,2662,13884
2023-12-20 10:44:51,1,3,2662,13884
2023-12-20 10:45:13,2,3,2662,13884
2023-12-20 10:45:26,1,3,2662,13884
2023-12-20 10:45:35,1,4,2662,13884
2023-12-20 10:45:35,1,3,2662,13884
2023-12-20 10:46:24,1,4,2662,13884
2023-12-20 10:46:24,1,3,2662,13884
2023-12-20 10:46:42,1,4,2662,13884
2023-12-20 10:46:44,1,3,2662,13884
2023-12-20 10:47:55,2,3,2662,13884
2023-12-20 10:48:03,1,3,2662,13884
2023-12-20 10:48:04,2,3,2662,13884
2023-12-20 10:48:10,2,4,2662,13884
2023-12-20 10:48:15,2,3,2662,13884
2023-12-20 10:48:18,2,4,2662,13884
2023-12-20 10:48:19,2,3,2662,13884
2023-12-20 10:48:30,2,4,2662,13884
2023-12-20 10:48:33,2,3,2662,13884
2023-12-20 10:48:37,2,4,2662,13884
2023-12-20 10:48:37,2,3,2662,13884
2023-12-20 10:48:39,2,4,2662,13884
2023-12-20 10:48:39,2,3,2662,13884
2023-12-20 10:48:54,2,4,2662,13884
2023-12-20 10:48:54,2,3,2662,13884
2023-12-20 10:49:08,2,4,2662,13884
2023-12-20 10:49:08,2,3,2662,13884
2023-12-20 10:49:10,2,4,2662,13884
2023-12-20 10:49:10,2,3,2662,13884
2023-12-20 10:49:21,2,4,2662,13884
2023-12-20 10:49:21,2,3,2662,13884
2023-12-20 10:49:41,2,4,2662,13884
2023-12-20 10:49:41,2,3,2662,13884
2023-12-20 10:49:58,2,4,2662,13884
2023-12-20 10:49:58,2,3,2662,13884
2023-12-20 10:50:21,1,3,2662,13884
2023-12-20 10:50:27,1,4,2662,13884
2023-12-20 10:50:27,1,3,2662,13884
2023-12-20 10:50:31,2,3,2662,13884
2023-12-20 10:50:32,1,3,2662,13884
2023-12-20 10:50:34,2,3,2662,13884
2023-12-20 10:50:36,1,3,2662,13884
2023-12-20 10:50:57,1,4,2662,13884
2023-12-20 10:50:58,1,3,2662,13884
2023-12-20 10:51:37,1,4,2662,13884
2023-12-20 10:51:38,1,3,2662,13884
2023-12-20 10:51:40,1,4,2662,13884
2023-12-20 10:51:40,1,3,2662,13884
2023-12-20 10:52:04,1,4,2662,13884
2023-12-20 10:52:04,1,3,2662,13884
2023-12-20 10:52:07,1,4,2662,13884
2023-12-20 10:52:07,1,3,2662,13884
2023-12-20 10:52:15,1,4,2662,13884
2023-12-20 10:52:15,1,3,2662,13884
2023-12-20 10:52:29,2,3,2662,13884
2023-12-20 10:52:29,2,4,2662,13884
2023-12-20 10:52:29,2,3,2662,13884
2023-12-20 10:52:37,2,4,2662,13884
2023-12-20 10:52:39,2,3,2662,13884
2023-12-20 10:52:43,2,4,2662,13884
2023-12-20 10:52:48,2,3,2662,13884
2023-12-20 10:52:50,2,4,2662,13884
2023-12-20 10:52:51,2,3,2662,13884
2023-12-20 10:52:53,2,4,2662,13884
2023-12-20 10:52:54,2,3,2662,13884
2023-12-20 10:52:55,2,4,2662,13884
2023-12-20 10:52:58,2,3,2662,13884
2023-12-20 10:53:23,1,3,2662,13884
2023-12-20 10:53:39,1,4,2662,13884
2023-12-20 10:53:39,1,3,2662,13884
2023-12-20 10:53:47,2,3,2662,13884
2023-12-20 10:53:51,2,4,2662,13884
2023-12-20 10:53:54,2,3,2662,13884
2023-12-20 10:53:56,2,4,2662,13884
2023-12-20 10:54:09,2,3,2662,13884
2023-12-20 10:54:12,1,3,2662,13884
2023-12-20 10:54:15,2,3,2662,13884
2023-12-20 10:54:15,2,4,2662,13884
2023-12-20 10:54:54,2,5,2662,13884
2023-12-20 10:54:54,2,3,2662,13884
2023-12-20 10:54:56,2,3,2912,14134
2023-12-20 10:54:58,2,3,2912,14194
2023-12-20 10:54:59,2,3,3162,14444
2023-12-20 10:55:00,2,3,3412,14694
2023-12-20 10:55:02,2,3,3662,14944
2023-12-20 10:55:04,2,3,3912,15194
2023-12-20 10:55:05,2,3,4162,15444
2023-12-20 10:55:12,2,3,4462,15744
2023-12-20 10:55:13,2,5,4602,15884
2023-12-20 10:55:13,2,4,4602,15884
2023-12-20 10:55:14,2,5,4602,15884
2023-12-20 10:55:14,2,4,4602,15884
2023-12-20 10:55:16,2,5,4602,15884
2023-12-20 10:55:16,2,4,4602,15884
2023-12-20 10:55:51,2,5,4602,15884
2023-12-20 10:55:51,2,4,4602,15884
2023-12-20 10:56:15,3,4,4602,15884
2023-12-20 10:56:39,3,5,4602,15884
2023-12-20 10:56:39,3,4,4602,15884
2023-12-20 10:56:46,3,5,4602,15884
2023-12-20 10:56:46,3,4,4602,15884
2023-12-20 10:56:51,3,5,4602,15884
2023-12-20 10:56:52,3,4,4602,15884
2023-12-20 10:57:09,3,5,4602,15884
2023-12-20 10:57:09,3,4,4602,15884
2023-12-20 10:57:10,3,5,4602,15884
2023-12-20 10:57:11,3,4,4602,15884
2023-12-20 10:57:14,3,5,4602,15884
2023-12-20 10:57:14,3,4,4602,15884
2023-12-20 10:57:32,3,5,4602,15884
2023-12-20 10:57:32,3,4,4602,15884
2023-12-20 10:57:38,3,5,4602,15884
2023-12-20 10:57:38,3,4,4602,15884
2023-12-20 10:57:40,3,5,4602,15884
2023-12-20 10:57:40,3,4,4602,15884
2023-12-20 10:57:51,3,5,4602,15884
2023-12-20 10:57:52,3,4,4602,15884
2023-12-20 10:57:56,3,5,4602,15884
2023-12-20 10:57:56,3,4,4602,15884
2023-12-20 10:58:04,3,5,4602,15884
2023-12-20 10:58:04,3,4,4602,15884
2023-12-20 10:58:09,3,5,4602,15884
2023-12-20 10:58:09,3,4,4602,15884
2023-12-20 10:59:05,2,4,4602,15884
2023-12-20 10:59:05,2,3,4602,15884
2023-12-20 10:59:11,2,4,4602,15884
2023-12-20 11:00:06,2,5,4602,15884
2023-12-20 11:00:06,2,4,4602,15884
2023-12-20 11:00:10,2,3,4602,15884
2023-12-20 11:00:12,2,4,4602,15884
2023-12-20 11:00:20,3,4,4602,15884
2023-12-20 11:00:59,3,5,4602,15884
2023-12-20 11:00:59,3,4,4602,15884
2023-12-20 11:01:03,3,5,4602,15884
2023-12-20 11:01:04,3,4,4602,15884
2023-12-20 11:01:06,3,5,4602,15884
2023-12-20 11:01:06,3,4,4602,15884
2023-12-20 11:01:34,3,5,4602,15884
2023-12-20 11:01:34,3,4,4602,15884
2023-12-20 11:01:41,3,5,4602,15884
2023-12-20 11:01:41,3,4,4602,15884
2023-12-20 11:03:28,3,4,4752,16034
2023-12-20 11:03:39,3,5,4752,16034
2023-12-20 11:03:39,3,4,4752,16034
2023-12-20 11:03:45,3,5,4752,16034
2023-12-20 11:03:45,3,4,4752,16034
2023-12-20 11:03:47,3,5,4752,16034
2023-12-20 11:03:47,3,4,4752,16034
2023-12-20 11:03:49,3,5,4752,16034
2023-12-20 11:03:50,3,4,4752,16034
2023-12-20 11:04:06,3,5,4752,16034
2023-12-20 11:04:06,3,4,4752,16034
2023-12-20 11:04:17,3,5,4752,16034
2023-12-20 11:04:17,3,4,4752,16034
2023-12-20 11:04:23,3,5,4752,16034
2023-12-20 11:04:24,3,4,4752,16034
2023-12-20 11:04:59,3,5,4752,16034
2023-12-20 11:05:00,3,4,4752,16034
2023-12-20 11:05:09,3,5,4752,16034
2023-12-20 11:05:09,3,4,4752,16034
2023-12-20 11:05:14,3,5,4752,16034
2023-12-20 11:05:14,3,4,4752,16034
2023-12-20 11:05:37,3,5,4752,16034
2023-12-20 11:05:37,3,4,4752,16034
2023-12-20 11:06:05,3,5,4752,16034
2023-12-20 11:06:05,3,4,4752,16034
2023-12-20 11:06:25,3,5,4752,16034
2023-12-20 11:06:25,3,4,4752,16034
2023-12-20 11:06:36,3,5,4752,16034
2023-12-20 11:06:36,3,4,4752,16034
2023-12-20 11:07:16,3,5,4752,16034
2023-12-20 11:07:16,3,4,4752,16034
2023-12-20 11:07:35,3,5,4752,16034
2023-12-20 11:07:35,3,4,4752,16034
2023-12-20 11:07:45,3,5,4752,16034
2023-12-20 11:07:45,3,4,4752,16034
2023-12-20 11:08:16,3,5,4752,16034
2023-12-20 11:08:16,3,4,4752,16034
2023-12-20 11:09:01,3,5,4752,16034
2023-12-20 11:09:01,3,4,4752,16034
2023-12-20 11:09:12,3,5,4752,16034
2023-12-20 11:09:12,3,4,4752,16034
2023-12-20 11:09:51,3,5,4752,16034
2023-12-20 11:09:52,3,4,4752,16034
2023-12-20 11:10:56,3,5,4752,16034
2023-12-20 11:10:57,3,4,4752,16034
2023-12-20 11:11:36,3,5,4752,16034
2023-12-20 11:11:36,3,4,4752,16034
2023-12-20 11:12:24,3,4,4752,16059
2023-12-20 11:12:45,3,5,4752,16059
2023-12-20 11:12:45,3,4,4752,16059
2023-12-20 11:12:56,3,5,4752,16059
2023-12-20 11:12:56,3,4,4752,16059
2023-12-20 11:13:02,3,5,4752,16059
2023-12-20 11:13:30,3,4,4752,16059
2023-12-20 11:13:36,3,5,4752,16059
2023-12-20 11:13:36,3,4,4752,16059
2023-12-20 11:13:39,3,5,4752,16059
2023-12-20 11:13:39,3,4,4752,16059
2023-12-20 11:14:04,3,5,4752,16059
2023-12-20 11:14:05,3,4,4752,16059
2023-12-20 11:14:06,3,5,4752,16059
2023-12-20 11:14:08,3,4,4752,16059
2023-12-20 11:14:16,3,5,4752,16059
2023-12-20 11:14:16,3,4,4752,16059
2023-12-20 11:14:25,3,5,4752,16059
2023-12-20 11:14:42,3,4,4752,16059
2023-12-20 11:14:45,3,5,4752,16059
2023-12-20 11:15:24,3,4,4752,16059
2023-12-20 11:15:25,3,5,4752,16059
2023-12-20 11:15:34,3,4,4752,16059
2023-12-20 11:16:36,3,5,4752,16059
2023-12-20 11:16:36,3,4,4752,16059
2023-12-20 11:17:05,3,5,4752,16059
2023-12-20 11:17:05,3,4,4752,16059
2023-12-20 11:17:15,3,5,4752,16059
2023-12-20 11:17:15,3,4,4752,16059
2023-12-20 11:17:27,3,5,4752,16059
2023-12-20 11:17:27,3,4,4752,16059
2023-12-20 11:17:51,3,5,4752,16059
2023-12-20 11:17:51,3,4,4752,16059
2023-12-20 11:18:20,3,5,4752,16059
2023-12-20 11:18:20,3,4,4752,16059
2023-12-20 11:18:36,3,5,4752,16059
2023-12-20 11:18:36,3,4,4752,16059
2023-12-20 11:18:45,3,5,4752,16059
2023-12-20 11:18:45,3,4,4752,16059
2023-12-20 11:19:19,3,5,4752,16059
2023-12-20 11:19:19,3,4,4752,16059
2023-12-20 11:20:14,3,5,4752,16059
2023-12-20 11:20:14,3,4,4752,16059
2023-12-20 11:20:27,3,5,4752,16059
2023-12-20 11:20:27,3,4,4752,16059
2023-12-20 11:20:29,3,5,4752,16059
2023-12-20 11:20:30,3,4,4752,16059
2023-12-20 11:21:19,3,5,4752,16059
2023-12-20 11:21:19,3,4,4752,16059
2023-12-20 11:21:32,3,5,4752,16059
2023-12-20 11:21:32,3,5,4752,16119
2023-12-20 11:21:32,3,4,4752,16119
2023-12-20 11:21:36,3,5,4752,16119
2023-12-20 11:21:36,3,4,4752,16119
2023-12-20 11:22:28,3,5,4752,16119
2023-12-20 11:22:29,3,4,4752,16119
2023-12-20 11:22:45,3,5,4752,16119
2023-12-20 11:22:45,3,4,4752,16119
2023-12-20 11:22:51,3,4,4752,16277
2023-12-20 11:23:00,3,5,4752,16277
2023-12-20 11:23:00,3,4,4752,16277
2023-12-20 11:23:08,3,5,4752,16277
2023-12-20 11:23:08,3,4,4752,16277
2023-12-20 11:23:11,3,5,4752,16277
2023-12-20 11:23:11,3,5,4752,16337
2023-12-20 11:23:11,3,4,4752,16337
2023-12-20 11:23:44,3,5,4752,16337
2023-12-20 11:23:44,3,4,4752,16337
2023-12-20 11:23:44,3,4,4752,16467
2023-12-20 11:23:44,3,4,4752,16637
2023-12-20 11:24:56,3,5,4752,16637
2023-12-20 11:24:56,3,4,4752,16637
2023-12-20 11:25:05,3,5,4752,16637
2023-12-20 11:25:05,3,4,4752,16637
2023-12-20 11:25:12,3,5,4752,16637
2023-12-20 11:25:12,3,4,4752,16637
2023-12-20 11:25:21,3,5,4752,16637
2023-12-20 11:25:22,3,4,4752,16637
2023-12-20 11:25:27,3,5,4752,16637
2023-12-20 11:25:28,3,4,4752,16637
2023-12-20 11:25:58,3,4,4752,16697
2023-12-20 11:25:59,3,4,4752,16817
2023-12-20 11:26:23,3,4,4752,17017
2023-12-20 11:28:49,3,5,4752,17017
2023-12-20 11:28:49,3,4,4752,17017
2023-12-20 11:28:56,3,5,4752,17017
2023-12-20 11:28:56,3,4,4752,17017
2023-12-20 11:30:05,3,4,4752,17077
2023-12-20 11:31:37,3,5,4752,17077
2023-12-20 11:31:37,3,4,4752,17077
2023-12-20 11:31:43,3,5,4752,17077
2023-12-20 11:31:43,4,5,4752,17077
2023-12-20 11:31:45,3,5,4752,17077
2023-12-20 11:31:49,3,4,4752,17077
2023-12-20 11:31:58,3,5,4752,17077
2023-12-20 11:32:00,3,4,4752,17077
2023-12-20 11:32:17,3,5,4752,17077
2023-12-20 11:32:17,3,4,4752,17077
2023-12-20 11:32:29,3,5,4752,17077
2023-12-20 11:32:29,3,4,4752,17077
2023-12-20 11:32:38,4,5,4627,17202
2023-12-20 11:33:43,4,5,4727,17302
2023-12-20 11:34:00,4,5,4827,17402
2023-12-20 11:34:17,2,5,4827,17402
2023-12-20 11:34:17,2,4,4827,17402
2023-12-20 11:34:29,3,4,4827,17402
2023-12-20 11:34:41,3,5,4827,17402
2023-12-20 11:34:41,3,4,4827,17402
2023-12-20 11:34:44,3,5,4827,17402
2023-12-20 11:34:49,3,4,4827,17402
2023-12-20 11:34:55,3,5,4827,17402
2023-12-20 11:35:29,3,6,4827,17402
2023-12-20 11:35:29,3,5,4827,17402
2023-12-20 11:35:35,3,4,4827,17402
2023-12-20 11:35:40,3,5,4827,17402
2023-12-20 11:35:42,3,4,4827,17402
2023-12-20 11:35:51,3,5,4827,17402
2023-12-20 11:35:51,3,4,4827,17402
2023-12-20 11:36:07,3,5,4827,17402
2023-12-20 11:36:07,3,4,4827,17402
2023-12-20 11:36:16,3,5,4827,17402
2023-12-20 11:36:17,3,4,4827,17402
2023-12-20 11:37:05,3,5,4827,17402
2023-12-20 11:37:10,3,4,4827,17402
2023-12-20 11:37:11,3,5,4827,17402
2023-12-20 11:37:20,3,4,4827,17402
2023-12-20 11:37:35,3,5,4827,17402
2023-12-20 11:37:42,3,4,4827,17402
2023-12-20 11:38:01,3,5,4827,17402
2023-12-20 11:38:01,3,4,4827,17402
2023-12-20 11:38:07,3,5,4827,17402
2023-12-20 11:38:49,3,6,4827,17402
2023-12-20 11:38:49,3,5,4827,17402
2023-12-20 11:39:20,3,4,4827,17402
2023-12-20 11:39:23,3,5,4827,17402
2023-12-20 11:39:44,3,4,4827,17402
2023-12-20 11:39:45,3,5,4827,17402
2023-12-20 11:39:55,3,4,4827,17402
2023-12-20 11:39:58,3,5,4827,17402
2023-12-20 11:40:01,3,4,4827,17402
2023-12-20 11:40:13,3,5,4827,17402
2023-12-20 11:40:30,3,4,4827,17402
2023-12-20 11:40:33,3,5,4827,17402
2023-12-20 11:40:35,3,4,4827,17402
2023-12-20 11:40:39,3,5,4827,17402
2023-12-20 11:40:40,3,4,4827,17402
2023-12-20 11:40:59,3,5,4827,17402
2023-12-20 11:41:11,3,4,4827,17402
2023-12-20 11:41:14,3,5,4827,17402
2023-12-20 11:41:21,3,6,4827,17402
2023-12-20 11:41:22,3,5,4827,17402
2023-12-20 11:41:28,3,6,4827,17402
2023-12-20 11:41:30,3,5,4827,17402
2023-12-20 11:41:50,3,4,4827,17402
2023-12-20 11:42:00,3,5,4827,17402
2023-12-20 11:42:03,3,4,4827,17402
2023-12-20 11:42:06,3,5,4827,17402
2023-12-20 11:42:06,3,4,4827,17402
2023-12-20 11:42:09,3,5,4827,17402
2023-12-20 11:42:09,3,4,4827,17402
2023-12-20 11:42:19,3,5,4827,17402
2023-12-20 11:42:36,3,4,4827,17402
2023-12-20 11:42:51,3,5,4827,17402
2023-12-20 11:44:06,3,4,4827,17402
2023-12-20 11:44:13,3,5,4827,17402
2023-12-20 11:44:14,3,4,4827,17402
2023-12-20 11:44:16,3,5,4827,17402
2023-12-20 11:44:16,3,4,4827,17402
2023-12-20 11:44:24,3,5,4827,17402
2023-12-20 11:44:25,3,4,4827,17402
2023-12-20 11:44:35,3,5,4827,17402
2023-12-20 11:44:35,3,4,4827,17402
2023-12-20 11:45:17,3,5,4827,17402
2023-12-20 11:45:17,3,4,4827,17402
2023-12-20 11:45:27,3,5,4827,17402
2023-12-20 11:45:27,3,4,4827,17402
2023-12-20 11:45:32,3,5,4827,17402
2023-12-20 11:45:32,3,4,4827,17402
2023-12-20 11:45:40,3,5,4827,17402
2023-12-20 11:45:42,3,4,4827,17402
2023-12-20 11:45:48,3,5,4827,17402
2023-12-20 11:45:49,3,4,4827,17402
2023-12-20 11:45:57,3,5,4827,17402
2023-12-20 11:45:58,3,4,4827,17402
2023-12-20 11:46:12,3,5,4827,17402
2023-12-20 11:46:13,3,4,4827,17402
2023-12-20 11:46:26,3,5,4827,17402
2023-12-20 11:46:26,3,4,4827,17402
2023-12-20 11:46:42,3,5,4827,17402
2023-12-20 11:46:43,3,4,4827,17402
2023-12-20 11:46:46,3,5,4827,17402
2023-12-20 11:46:46,3,4,4827,17402
2023-12-20 11:47:41,3,5,4827,17402
2023-12-20 11:47:41,3,4,4827,17402
2023-12-20 11:47:46,3,5,4827,17402
2023-12-20 11:47:46,3,4,4827,17402
2023-12-20 11:47:53,3,5,4827,17402
2023-12-20 11:47:54,3,4,4827,17402
2023-12-20 11:48:16,3,5,4827,17402
2023-12-20 11:48:16,3,4,4827,17402
2023-12-20 11:48:20,3,5,4827,17402
2023-12-20 11:48:21,3,4,4827,17402
2023-12-20 11:48:45,3,5,4827,17402
2023-12-20 11:48:45,3,4,4827,17402
2023-12-20 11:48:56,3,5,4827,17402
2023-12-20 11:48:56,3,4,4827,17402
2023-12-20 11:49:35,3,5,4827,17402
2023-12-20 11:49:35,3,4,4827,17402
2023-12-20 11:50:14,3,5,4827,17402
2023-12-20 11:50:15,3,4,4827,17402
2023-12-20 11:50:26,3,5,4827,17402
2023-12-20 11:50:27,3,4,4827,17402
2023-12-20 11:51:12,3,5,4827,17402
2023-12-20 11:51:12,3,4,4827,17402
2023-12-20 11:51:18,3,4,4827,18172
2023-12-20 11:51:32,3,5,5535,18942
2023-12-20 11:51:32,3,4,5535,18942
2023-12-20 11:51:40,3,4,5595,19002
2023-12-20 11:51:48,3,4,5655,19062
2023-12-20 11:51:50,3,4,5715,19122
2023-12-20 11:51:52,3,4,5886,19293
2023-12-20 11:52:02,3,4,5946,19353
2023-12-20 11:52:02,3,4,5956,19363
2023-12-20 11:52:12,3,4,5981,19388
2023-12-20 11:52:27,3,4,6083,19490
2023-12-20 11:52:34,3,4,6227,19634
2023-12-20 11:52:41,3,4,6384,19791
2023-12-20 11:52:45,3,4,6492,19899
2023-12-20 11:52:53,3,4,6622,20029
2023-12-20 11:52:54,3,5,6622,20029
2023-12-20 11:52:54,3,4,6622,20029
2023-12-20 11:52:55,3,4,6814,20221
2023-12-20 11:52:56,3,5,6814,20221
2023-12-20 11:52:56,3,4,6814,20221
2023-12-20 11:53:05,3,5,6814,20221
2023-12-20 11:53:05,3,4,6814,20221
2023-12-20 11:53:05,3,4,6963,20370
2023-12-20 11:53:26,3,4,7137,20544
2023-12-20 11:53:51,3,5,7137,20544
2023-12-20 11:53:51,3,4,7137,20544
2023-12-20 11:53:57,3,4,7137,20844
2023-12-20 11:53:58,3,4,7334,21041
2023-12-20 11:54:01,3,5,7334,21041
2023-12-20 11:54:01,3,4,7334,21041
2023-12-20 11:54:09,3,5,7334,21041
2023-12-20 11:54:10,3,4,7334,21041
2023-12-20 11:54:18,3,5,7334,21041
2023-12-20 11:54:18,3,4,7334,21041
2023-12-20 11:54:39,3,5,7334,21041
2023-12-20 11:54:39,3,4,7334,21041
2023-12-20 11:54:57,3,5,7334,21041
2023-12-20 11:54:58,3,4,7334,21041
2023-12-20 11:55:05,3,4,7488,21195
2023-12-20 11:55:20,3,5,7488,21195
2023-12-20 11:55:20,3,4,7488,21195
2023-12-20 11:55:35,3,5,7488,21195
2023-12-20 11:55:35,3,4,7488,21195
2023-12-20 11:56:09,3,5,7488,21195
2023-12-20 11:56:09,3,4,7488,21195
2023-12-20 11:56:19,3,5,7488,21195
2023-12-20 11:56:19,3,4,7488,21195
2023-12-20 11:56:49,3,5,7488,21195
2023-12-20 11:56:49,3,4,7488,21195
2023-12-20 11:56:56,3,5,7488,21195
2023-12-20 11:56:56,3,4,7488,21195
2023-12-20 11:57:28,3,5,7488,21195
2023-12-20 11:57:28,3,4,7488,21195
2023-12-20 11:58:06,3,5,7488,21195
2023-12-20 11:58:06,3,4,7488,21195
2023-12-20 11:58:09,3,5,7488,21195
2023-12-20 11:58:09,3,4,7488,21195
2023-12-20 11:59:06,3,5,7488,21195
2023-12-20 11:59:06,3,4,7488,21195
2023-12-20 11:59:18,3,5,7488,21195
2023-12-20 11:59:19,3,4,7488,21195
2023-12-20 11:59:37,3,5,7488,21195
2023-12-20 11:59:37,3,4,7488,21195
2023-12-20 11:59:43,3,5,7488,21195
2023-12-20 11:59:43,3,4,7488,21195
2023-12-20 12:00:01,3,5,7488,21195
2023-12-20 12:00:01,3,4,7488,21195
2023-12-20 12:00:41,3,5,7488,21195
2023-12-20 12:00:42,3,4,7488,21195
2023-12-20 12:00:54,3,5,7488,21195
2023-12-20 12:00:55,3,4,7488,21195
2023-12-20 12:01:26,1,4,7527,21234
2023-12-20 12:01:41,1,3,7527,21234
2023-12-20 12:04:24,2,3,7527,21234
2023-12-20 12:04:27,1,3,7527,21234
2023-12-20 12:05:07,2,3,7527,21234
2023-12-20 12:05:10,1,3,7527,21234
2023-12-20 12:06:28,2,3,7527,21234
2023-12-20 12:06:31,1,3,7527,21234
2023-12-20 12:06:45,2,3,7527,21234
2023-12-20 12:06:49,1,3,7527,21234
2023-12-20 12:07:44,2,3,7527,21234
2023-12-20 12:07:48,1,3,7527,21234
2023-12-20 12:08:37,2,3,7527,21234
2023-12-20 12:08:47,1,3,7527,21234
2023-12-20 12:08:49,2,3,7527,21234
2023-12-20 12:08:52,1,3,7527,21234
2023-12-20 12:08:54,2,3,7527,21234
2023-12-20 12:09:00,1,3,7527,21234
2023-12-20 12:09:55,2,3,7527,21234
2023-12-20 12:10:11,1,3,7527,21234
2023-12-20 12:17:10,2,3,7527,21234
2023-12-20 12:26:21,1,2,7677,21384
2023-12-20 12:26:22,1,3,7677,21384
2023-12-20 12:32:44,2,3,7677,21384
2023-12-20 12:33:52,1,3,7677,21384
2023-12-20 12:34:01,2,3,7677,21384
2023-12-20 12:34:07,1,3,7677,21384
2023-12-20 12:39:59,0,3,7687,21804
2023-12-20 12:41:43,0,2,7687,21804
2023-12-20 13:03:43,0,1,7687,21804
2023-12-20 13:43:15,0,2,7902,22019
2023-12-20 13:55:23,0,3,7902,22019
2023-12-20 13:55:26,0,2,7902,22019
2023-12-20 13:55:41,0,3,7902,22019
2023-12-20 13:55:42,0,2,7902,22019
2023-12-20 13:55:43,0,3,7902,22019
2023-12-20 13:55:45,0,2,7902,22019
2023-12-20 13:55:47,0,3,7902,22019
2023-12-20 13:55:49,0,2,7902,22019
2023-12-20 13:56:33,0,3,7902,22019
2023-12-20 13:56:35,0,2,7902,22019
2023-12-20 13:56:43,0,3,7902,22019
2023-12-20 13:56:54,0,2,7902,22019
2023-12-20 13:59:21,0,3,7902,22019
2023-12-20 13:59:55,0,2,7902,22019
2023-12-20 14:00:01,0,3,7902,22019
2023-12-20 14:01:37,1,3,7902,22019
2023-12-20 14:01:37,2,3,7902,22019
2023-12-20 14:01:56,1,3,7902,22019
2023-12-20 14:02:34,2,3,7902,22019
2023-12-20 14:03:54,3,4,7902,22024
2023-12-20 14:03:56,3,5,7902,22024
2023-12-20 14:04:00,3,6,8143,22402
2023-12-20 14:04:01,3,5,8143,22402
2023-12-20 14:04:05,3,4,8143,22402
2023-12-20 14:04:27,3,6,8143,22402
2023-12-20 14:04:27,3,5,8143,22402
2023-12-20 14:04:37,4,5,8143,22402
2023-12-20 14:04:38,3,5,8143,22402
2023-12-20 14:04:40,4,5,8143,22402
2023-12-20 14:04:43,4,6,8143,22402
2023-12-20 14:04:44,4,6,8143,22402
2023-12-20 14:04:44,4,5,8143,22402
2023-12-20 14:05:12,3,5,8143,22402
2023-12-20 14:05:34,3,6,8143,22402
2023-12-20 14:05:34,3,4,8143,22402
2023-12-20 14:05:34,3,6,8143,22402
2023-12-20 14:05:34,3,4,8143,22402
2023-12-20 14:05:49,3,5,8143,22402
2023-12-20 14:05:49,2,5,8143,22402
2023-12-20 14:05:49,3,5,8143,22402
2023-12-20 14:05:51,2,4,8143,22402
2023-12-20 14:05:51,2,5,8143,22402
2023-12-20 14:05:51,2,4,8143,22402
2023-12-20 14:05:51,3,4,8143,22402
2023-12-20 14:06:30,3,5,8143,22402
2023-12-20 14:06:30,3,4,8143,22402
2023-12-20 14:09:34,3,4,7984,22602
2023-12-20 14:10:26,3,4,8184,22802
2023-12-20 14:10:29,3,4,8025,23002
2023-12-20 14:10:41,3,5,8025,23002
2023-12-20 14:10:41,3,4,8025,23002
2023-12-20 14:10:56,3,5,8025,23002
2023-12-20 14:10:57,3,4,8025,23002
2023-12-20 14:11:04,3,5,8025,23002
2023-12-20 14:11:04,3,4,8025,23002
2023-12-20 14:11:12,2,4,8025,23002
2023-12-20 14:11:12,2,5,8025,23002
2023-12-20 14:11:13,2,4,8025,23002
2023-12-20 14:11:26,2,5,8025,23002
2023-12-20 14:11:26,2,3,8025,23002
2023-12-20 14:11:52,2,4,8025,23002
2023-12-20 14:11:53,2,3,8025,23002
2023-12-20 14:11:57,2,4,8025,23002
2023-12-20 14:11:57,2,3,8025,23002
2023-12-20 14:11:59,2,4,8025,23002
2023-12-20 14:11:59,2,3,8025,23002
2023-12-20 14:12:02,2,4,8025,23002
2023-12-20 14:12:02,2,3,8025,23002
2023-12-20 14:12:18,2,4,8025,23002
2023-12-20 14:12:18,2,3,8025,23002
2023-12-20 14:12:27,2,4,8025,23002
2023-12-20 14:12:27,2,3,8025,23002
2023-12-20 14:13:10,2,4,8025,23002
2023-12-20 14:13:10,2,3,8025,23002
2023-12-20 14:13:13,3,5,7887,23140
2023-12-20 14:13:13,4,5,7887,23140
2023-12-20 14:13:13,4,5,7587,23440
2023-12-20 14:13:15,2,5,7587,23440
2023-12-20 14:13:15,3,5,7587,23440
2023-12-20 14:13:15,3,4,7587,23440
2023-12-20 14:13:20,2,4,7587,23440
2023-12-20 14:13:20,2,5,7587,23440
2023-12-20 14:13:20,3,5,7587,23440
2023-12-20 14:13:20,3,4,7517,23510
2023-12-20 14:13:27,2,4,7517,23510
2023-12-20 14:13:36,3,4,7517,23510
2023-12-20 14:13:37,2,4,7517,23510
2023-12-20 14:13:43,2,3,7517,23510
2023-12-20 14:13:53,2,4,7517,23510
2023-12-20 14:13:53,3,4,7517,23510
2023-12-20 14:13:56,2,4,7517,23510
2023-12-20 14:13:56,2,3,7517,23510
2023-12-20 14:14:01,2,4,7517,23510
2023-12-20 14:14:01,2,3,7517,23510
2023-12-20 14:14:06,2,4,7517,23510
2023-12-20 14:14:06,2,3,7517,23510
2023-12-20 14:14:21,2,4,7517,23510
2023-12-20 14:14:22,2,3,7517,23510
2023-12-20 14:14:34,2,4,7517,23510
2023-12-20 14:14:34,2,3,7517,23510
2023-12-20 14:14:46,2,4,7517,23510
2023-12-20 14:14:46,2,3,7517,23510
2023-12-20 14:20:01,2,4,7517,23510
2023-12-20 14:20:01,2,3,7517,23510
2023-12-20 14:20:19,2,4,7517,23510
2023-12-20 14:20:20,2,3,7517,23510
2023-12-20 14:20:21,2,4,7517,23510
2023-12-20 14:20:22,2,3,7517,23510
2023-12-20 14:20:24,2,4,7517,23510
2023-12-20 14:20:24,2,3,7517,23510
2023-12-20 14:20:25,2,4,7517,23510
2023-12-20 14:20:35,2,3,7517,23510
2023-12-20 14:20:36,2,4,7517,23510
2023-12-20 14:20:39,3,4,7517,23510
2023-12-20 14:20:48,2,4,7517,23510
2023-12-20 14:20:48,2,3,7517,23510
2023-12-20 14:20:57,2,4,7517,23510
2023-12-20 14:20:58,2,3,7517,23510
2023-12-20 14:20:59,2,4,7517,23510
2023-12-20 14:21:01,3,4,7517,23510
2023-12-20 14:21:02,2,4,7517,23510
2023-12-20 14:21:10,3,4,7517,23510
2023-12-20 14:21:17,2,4,7517,23510
2023-12-20 14:21:17,2,3,7517,23510
2023-12-20 14:21:19,2,4,7517,23510
2023-12-20 14:21:20,2,3,7517,23510
2023-12-20 14:21:21,2,4,7517,23510
2023-12-20 14:21:21,3,4,7517,23510
2023-12-20 14:21:27,2,4,7517,23510
2023-12-20 14:21:27,3,4,7517,23510
2023-12-20 14:21:44,3,5,7517,23510
2023-12-20 14:21:44,2,5,7517,23510
2023-12-20 14:21:44,2,4,7517,23510
2023-12-20 14:21:57,2,4,7517,23510
2023-12-20 14:21:58,3,5,7517,23510
2023-12-20 14:21:58,3,4,7517,23510
2023-12-20 14:22:45,2,4,7517,23510
2023-12-20 14:22:45,3,4,7517,23510
2023-12-20 14:22:46,2,4,7517,23510
2023-12-20 14:22:52,2,3,7517,23510
2023-12-20 14:22:53,2,4,7517,23510
2023-12-20 14:22:53,2,3,7517,23510
2023-12-20 14:23:09,2,4,7517,23510
2023-12-20 14:23:09,2,3,7517,23510
2023-12-20 14:23:16,2,4,7517,23510
2023-12-20 14:23:17,3,4,7517,23510
2023-12-20 14:23:19,2,4,7517,23510
2023-12-20 14:23:20,3,4,7517,23510
2023-12-20 14:23:23,2,4,7517,23510
2023-12-20 14:23:27,3,4,7517,23510
2023-12-20 14:23:33,2,4,7517,23510
2023-12-20 14:23:34,3,4,7517,23510
2023-12-20 14:23:42,2,4,7517,23510
2023-12-20 14:23:43,2,3,7517,23510
2023-12-20 14:23:46,2,4,7517,23510
2023-12-20 14:23:46,3,4,7517,23510
2023-12-20 14:23:52,2,4,7517,23510
2023-12-20 14:23:52,3,4,7517,23510
2023-12-20 14:23:55,2,4,7517,23510
2023-12-20 14:23:55,3,4,7517,23510
2023-12-20 14:24:01,2,4,7517,23510
2023-12-20 14:24:01,3,4,7517,23510
2023-12-20 14:24:05,2,4,7517,23510
2023-12-20 14:24:05,3,4,7517,23510
2023-12-20 14:24:07,2,4,7517,23510
2023-12-20 14:24:07,2,3,7517,23510
2023-12-20 14:24:09,2,4,7517,23510
2023-12-20 14:24:09,3,4,7517,23510
2023-12-20 14:24:27,2,4,7517,23510
2023-12-20 14:24:27,2,3,7517,23510
2023-12-20 14:24:28,2,4,7517,23510
2023-12-20 14:24:28,3,4,7517,23510
2023-12-20 14:24:33,2,4,7517,23510
2023-12-20 14:24:33,2,3,7517,23510
2023-12-20 14:24:36,2,4,7517,23510
2023-12-20 14:24:36,3,4,7517,23510
2023-12-20 14:25:01,2,4,7517,23510
2023-12-20 14:25:01,3,4,7517,23510
2023-12-20 14:25:08,2,4,7517,23510
2023-12-20 14:25:14,2,3,7517,23510
2023-12-20 14:25:19,2,4,7517,23510
2023-12-20 14:25:20,2,3,7517,23510
2023-12-20 14:25:26,2,4,7517,23510
2023-12-20 14:25:26,2,3,7517,23510
2023-12-20 14:25:29,2,4,7517,23510
2023-12-20 14:25:29,2,3,7517,23510
2023-12-20 14:25:31,2,4,7517,23510
2023-12-20 14:25:31,2,3,7517,23510
2023-12-20 14:25:40,2,4,7517,23510
2023-12-20 14:25:40,3,4,7517,23510
2023-12-20 14:25:46,2,4,7517,23510
2023-12-20 14:25:46,3,4,7517,23510
2023-12-20 14:25:56,2,4,7517,23510
2023-12-20 14:25:56,3,4,7517,23510
2023-12-20 14:26:30,3,5,7517,23510
2023-12-20 14:26:30,2,5,7517,23510
2023-12-20 14:26:30,3,5,7517,23510
2023-12-20 14:26:43,2,4,7517,23510
2023-12-20 14:26:43,2,5,7517,23510
2023-12-20 14:26:44,2,4,7517,23510
2023-12-20 14:27:06,3,5,7517,23510
2023-12-20 14:27:08,3,4,7517,23510
2023-12-20 14:27:11,3,5,7517,23510
2023-12-20 14:27:12,4,5,7517,23510
2023-12-20 14:27:15,3,5,7517,23510
2023-12-20 14:27:15,4,5,7517,23510
2023-12-20 14:27:18,3,5,7517,23510
2023-12-20 14:27:19,3,4,7517,23510
2023-12-20 14:27:20,3,5,7517,23510
2023-12-20 14:27:21,3,4,7517,23510
2023-12-20 14:27:26,2,4,7517,23510
2023-12-20 14:27:26,2,5,7517,23510
2023-12-20 14:27:26,3,5,7517,23510
2023-12-20 14:27:26,3,4,7517,23510
2023-12-20 14:27:30,3,5,7517,23510
2023-12-20 14:27:30,3,4,7517,23510
2023-12-20 14:27:31,3,5,7517,23510
2023-12-20 14:27:46,4,5,7517,23510
2023-12-20 14:27:52,3,5,7517,23510
2023-12-20 14:27:52,4,5,7517,23510
2023-12-20 14:27:55,4,6,7517,23510
2023-12-20 14:27:55,3,5,7517,23510
2023-12-20 14:27:55,4,5,7517,23510
2023-12-20 14:27:56,2,5,7517,23510
2023-12-20 14:27:56,2,4,7517,23510
2023-12-20 14:27:56,3,4,7517,23510
2023-12-20 14:28:49,3,5,7517,23510
2023-12-20 14:28:55,3,4,7517,23510
2023-12-20 14:28:56,3,5,7517,23510
2023-12-20 14:29:02,3,4,7517,23510
2023-12-20 14:29:05,2,4,7517,23510
2023-12-20 14:29:07,2,4,7517,23510
2023-12-20 14:29:07,3,4,7517,23510
2023-12-20 14:29:14,3,5,7517,23510
2023-12-20 14:29:14,3,4,7517,23510
2023-12-20 14:29:17,3,5,7517,23510
2023-12-20 14:29:18,3,4,7517,23510
2023-12-20 14:29:22,3,5,7517,23510
2023-12-20 14:29:24,3,4,7517,23510
2023-12-20 14:29:27,3,5,7517,23510
2023-12-20 14:29:41,3,6,7517,23510
2023-12-20 14:29:41,4,6,7517,23510
2023-12-20 14:29:43,3,6,7517,23510
2023-12-20 14:29:43,4,6,7517,23510
2023-12-20 14:29:44,4,5,7517,23510
2023-12-20 14:29:45,4,6,7517,23510
2023-12-20 14:29:55,3,6,7517,23510
2023-12-20 14:29:56,4,6,7517,23510
2023-12-20 14:29:57,4,5,7517,23510
2023-12-20 14:29:59,4,6,7517,23510
2023-12-20 14:30:01,4,5,7517,23510
2023-12-20 14:30:02,4,6,7517,23510
2023-12-20 14:30:15,3,6,7517,23510
2023-12-20 14:30:15,5,6,7517,23510
2023-12-20 14:30:15,3,6,7517,23510
2023-12-20 14:30:15,3,5,7517,23510
2023-12-20 14:30:15,3,5,7639,23632
2023-12-20 14:30:15,3,6,7670,23663
2023-12-20 14:30:15,4,6,7670,23663
2023-12-20 14:30:35,5,6,7670,23663
2023-12-20 14:30:39,4,6,7670,23663
2023-12-20 14:30:39,5,6,7670,23663
2023-12-20 14:30:44,5,6,7730,23723
2023-12-20 14:30:45,4,6,7730,23723
2023-12-20 14:30:45,4,7,7730,23723
2023-12-20 14:30:45,4,6,7730,23723
2023-12-20 14:30:53,5,7,7730,23723
2023-12-20 14:30:56,5,6,7730,23723
2023-12-20 14:31:08,5,6,7732,23725
2023-12-20 14:31:30,4,6,7732,23725
2023-12-20 14:31:30,5,6,7732,23725
2023-12-20 14:31:59,4,6,7732,23725
2023-12-20 14:31:59,5,6,7732,23725
2023-12-20 14:32:20,6,7,7734,23727
2023-12-20 14:32:21,5,7,7734,23727
2023-12-20 14:32:22,6,7,7734,23727
2023-12-20 14:32:26,4,7,7734,23727
2023-12-20 14:32:26,6,7,7734,23727
2023-12-20 14:32:31,4,7,7734,23727
2023-12-20 14:32:31,5,7,7734,23727
2023-12-20 14:32:41,6,7,7734,23727
2023-12-20 14:32:49,7,9,7734,23728
2023-12-20 14:32:54,8,9,7734,23728
2023-12-20 14:32:54,8,10,7734,23728
2023-12-20 14:32:58,10,11,7734,23828
2023-12-20 14:32:58,10,11,7734,23877
2023-12-20 14:32:58,9,10,7734,23929
2023-12-20 14:32:59,10,11,7734,23978
2023-12-20 14:33:00,10,11,7685,24027
2023-12-20 14:33:01,10,11,7636,24076
2023-12-20 14:33:02,9,11,7636,24076
2023-12-20 14:33:02,10,11,7636,24076
2023-12-20 14:33:02,10,12,7636,24078
2023-12-20 14:33:04,10,11,7636,24078
2023-12-20 14:33:05,9,11,7636,24078
2023-12-20 14:33:08,8,10,7636,24078
2023-12-20 14:33:08,7,10,7636,24078
2023-12-20 14:33:08,8,10,7636,24078
2023-12-20 14:33:14,8,11,7636,24078
2023-12-20 14:33:14,9,11,7636,24078
2023-12-20 14:33:15,10,11,7636,24078
2023-12-20 14:33:17,10,11,7886,24328
2023-12-20 14:33:18,10,12,8136,24578
2023-12-20 14:33:19,10,12,8386,24828
2023-12-20 14:33:20,10,13,8636,25078
2023-12-20 14:33:20,10,12,8636,25078
2023-12-20 14:33:20,10,12,8886,25328
2023-12-20 14:33:22,10,12,9136,25578
2023-12-20 14:33:23,10,13,9280,25722
2023-12-20 14:33:23,10,12,9280,25722
2023-12-20 14:33:24,9,12,9280,25722
2023-12-20 14:33:24,9,12,9530,25972
2023-12-20 14:33:25,9,13,9780,26222
2023-12-20 14:33:26,10,13,9780,26222
2023-12-20 14:33:31,11,13,9780,26222
2023-12-20 14:33:31,11,14,9780,26222
2023-12-20 14:33:33,12,14,9780,26222
2023-12-20 14:33:34,11,14,9780,26222
2023-12-20 14:33:34,12,14,9780,26222
2023-12-20 14:33:37,11,14,9780,26222
2023-12-20 14:33:37,11,13,9780,26222
2023-12-20 14:33:38,12,13,9780,26222
2023-12-20 14:33:38,12,14,9780,26222
2023-12-20 14:33:40,12,13,9780,26222
2023-12-20 14:33:41,11,13,9780,26222
2023-12-20 14:33:42,11,14,9780,26222
2023-12-20 14:33:42,12,14,9780,26222
2023-12-20 14:33:42,12,13,9780,26222
2023-12-20 14:33:43,12,14,9780,26222
2023-12-20 14:33:44,12,13,9780,26222
2023-12-20 14:33:45,12,14,9780,26222
2023-12-20 14:33:45,12,13,9780,26222
2023-12-20 14:33:49,12,13,9782,26224
2023-12-20 14:33:53,11,13,9782,26224
2023-12-20 14:33:57,12,13,9782,26224
2023-12-20 14:34:01,13,15,9782,26235
2023-12-20 14:34:01,13,14,9782,26235
2023-12-20 14:34:07,12,14,9782,26235
2023-12-20 14:34:18,11,14,9782,26235
2023-12-20 14:34:18,11,13,9782,26235
2023-12-20 14:34:19,10,13,9782,26235
2023-12-20 14:34:19,10,13,9782,26235
2023-12-20 14:34:20,10,14,9782,26235
2023-12-20 14:34:21,11,14,9782,26235
2023-12-20 14:34:22,10,14,9782,26235
2023-12-20 14:34:22,10,13,9782,26235
2023-12-20 14:34:27,12,13,9782,26235
2023-12-20 14:34:27,12,15,9782,26235
2023-12-20 14:34:27,12,14,9782,26235
2023-12-20 14:34:31,12,15,9782,26235
2023-12-20 14:34:31,12,14,9782,26235
2023-12-20 14:34:40,11,14,9782,26235
2023-12-20 14:34:51,11,15,9782,26235
2023-12-20 14:34:51,11,13,9782,26235
2023-12-20 14:35:01,11,15,9782,26235
2023-12-20 14:35:01,11,12,9782,26235
2023-12-20 14:35:01,11,15,9782,26235
2023-12-20 14:35:01,11,12,9782,26235
2023-12-20 14:35:01,11,15,9782,26235
2023-12-20 14:35:01,11,12,9782,26235
2023-12-20 14:35:05,11,15,9782,26235
2023-12-20 14:35:05,11,14,9782,26235
2023-12-20 14:35:09,11,15,9782,26235
2023-12-20 14:35:09,11,13,9782,26235
2023-12-20 14:35:09,11,15,9782,26235
2023-12-20 14:35:09,11,13,9782,26235
2023-12-20 14:35:16,11,15,9782,26235
2023-12-20 14:35:16,11,13,9782,26235
2023-12-20 14:35:16,11,15,9782,26235
2023-12-20 14:35:16,11,13,9782,26235
2023-12-20 14:35:16,11,15,9782,26235
2023-12-20 14:35:16,11,13,9782,26235
2023-12-20 14:35:18,11,15,9782,26235
2023-12-20 14:35:20,11,14,9782,26235
2023-12-20 14:35:22,11,13,9782,26235
2023-12-20 14:35:25,11,12,9782,26235
2023-12-20 14:35:33,9,12,9782,26235
2023-12-20 14:35:33,8,12,9782,26235
2023-12-20 14:35:33,8,11,9782,26235
2023-12-20 14:35:33,10,11,9782,26235
2023-12-20 14:35:49,10,12,9782,26235
2023-12-20 14:35:57,10,11,9782,26235
2023-12-20 14:36:02,10,12,9782,26235
2023-12-20 14:36:04,10,11,9782,26235
2023-12-20 14:36:07,10,13,9782,26235
2023-12-20 14:36:07,11,13,9782,26235
2023-12-20 14:36:07,11,12,9782,26235
2023-12-20 14:36:10,11,13,9782,26235
2023-12-20 14:36:15,10,13,9782,26235
2023-12-20 14:36:15,12,13,9782,26235
2023-12-20 14:36:19,12,15,9782,26235
2023-12-20 14:36:19,12,14,9782,26235
2023-12-20 14:36:25,11,14,9782,26235
2023-12-20 14:36:25,13,14,9782,26235
2023-12-20 14:36:28,13,15,9782,26235
2023-12-20 14:36:35,14,15,9782,26235
2023-12-20 14:36:44,15,16,9782,26237
2023-12-20 14:36:44,15,17,9782,26237
2023-12-20 14:36:46,14,17,9782,26237
2023-12-20 14:36:46,14,16,9782,26237
2023-12-20 14:36:51,14,15,9782,26237
2023-12-20 14:36:59,14,16,9782,26237
2023-12-20 14:36:59,14,15,9782,26237
2023-12-20 14:37:05,15,17,9654,26365
2023-12-20 14:37:06,16,17,9654,26365
2023-12-20 14:37:11,15,18,9654,26365
2023-12-20 14:37:11,17,20,9654,26365
2023-12-20 14:37:13,17,21,9654,26365
2023-12-20 14:37:13,18,21,9654,26365
2023-12-20 14:37:14,18,22,9654,26365
2023-12-20 14:37:14,19,22,9654,26365
2023-12-20 14:37:14,19,23,9654,26365
2023-12-20 14:37:16,20,23,9654,26365
2023-12-20 14:37:22,20,24,9654,26365
2023-12-20 14:37:23,20,25,9654,26365
2023-12-20 14:37:23,22,25,9654,26365
2023-12-20 14:37:25,22,26,9654,26365
2023-12-20 14:37:25,23,26,9654,26365
2023-12-20 14:37:26,22,26,9654,26365
2023-12-20 14:37:27,22,25,9654,26365
2023-12-20 14:37:27,22,26,9654,26365
2023-12-20 14:37:30,22,25,9654,26365
2023-12-20 14:37:31,23,25,9654,26365
2023-12-20 14:37:32,24,25,9654,26365
2023-12-20 14:37:32,24,26,9654,26365
2023-12-20 14:37:33,24,28,9654,26365
2023-12-20 14:37:33,24,27,9654,26365
2023-12-20 14:37:34,24,28,9654,26365
2023-12-20 14:37:35,25,28,9654,26365
2023-12-20 14:37:38,25,29,9654,26365
2023-12-20 14:37:39,26,29,9654,26365
2023-12-20 14:37:40,28,29,9654,26365
2023-12-20 14:37:40,28,31,9654,26365
2023-12-20 14:37:40,27,31,9454,26565
2023-12-20 14:37:41,29,31,9454,26565
2023-12-20 14:37:41,29,32,9454,26565
2023-12-20 14:37:43,29,33,9454,26565
2023-12-20 14:37:44,30,33,9454,26565
2023-12-20 14:37:44,29,33,9254,26765
2023-12-20 14:37:45,27,33,9254,26765
2023-12-20 14:37:46,27,32,9254,26765
2023-12-20 14:37:47,27,33,9254,26765
2023-12-20 14:37:47,28,33,9254,26765
2023-12-20 14:37:49,27,33,9254,26765
2023-12-20 14:37:49,27,32,9254,26765
2023-12-20 14:37:50,27,30,9254,26765
2023-12-20 14:37:51,26,30,9254,26765
2023-12-20 14:37:52,25,30,9254,26765
2023-12-20 14:37:53,25,29,9254,26765
2023-12-20 14:37:56,25,28,9254,26765
2023-12-20 14:38:01,26,28,9254,26765
2023-12-20 14:38:02,25,28,9254,26765
2023-12-20 14:38:06,26,28,9254,26765
2023-12-20 14:38:07,25,28,9054,26965
2023-12-20 14:38:11,26,28,9054,26965
2023-12-20 14:38:16,26,30,9054,26965
2023-12-20 14:38:16,26,27,9054,26965
2023-12-20 14:38:16,26,30,9054,26965
2023-12-20 14:38:16,26,27,9054,26965
2023-12-20 14:38:16,26,30,9054,26965
2023-12-20 14:38:16,26,27,9054,26965
2023-12-20 14:38:16,26,30,9054,26965
2023-12-20 14:38:16,26,27,9054,26965
2023-12-20 14:38:23,25,27,9054,26965
2023-12-20 14:38:23,24,27,9054,26965
2023-12-20 14:38:24,24,26,9054,26965
2023-12-20 14:38:25,22,26,9054,26965
2023-12-20 14:38:25,23,26,9054,26965
2023-12-20 14:38:29,23,25,9054,26965
2023-12-20 14:38:30,23,26,9054,26965
2023-12-20 14:38:31,23,27,9054,26965
2023-12-20 14:38:32,22,27,9054,26965
2023-12-20 14:38:32,23,27,9054,26965
2023-12-20 14:38:32,24,27,9054,26965
2023-12-20 14:38:39,24,26,9054,26965
2023-12-20 14:38:51,25,26,9054,26965
2023-12-20 14:38:53,25,26,8955,27265
2023-12-20 14:38:55,25,28,8955,27265
2023-12-20 14:38:55,25,26,8955,27265
2023-12-20 14:38:59,26,30,9087,27420
2023-12-20 14:38:59,26,29,9087,27420
2023-12-20 14:39:01,25,29,9087,27420
2023-12-20 14:39:01,26,29,9087,27420
2023-12-20 14:39:01,26,30,9087,27420
2023-12-20 14:39:01,27,29,9087,27420
2023-12-20 14:39:02,27,30,9087,27420
2023-12-20 14:39:03,27,32,9087,27420
2023-12-20 14:39:03,27,31,9087,27420
2023-12-20 14:39:04,27,30,9087,27420
2023-12-20 14:39:10,27,29,9087,27420
2023-12-20 14:39:12,25,29,9087,27420
2023-12-20 14:39:12,26,29,9087,27420
2023-12-20 14:39:13,25,29,9087,27420
2023-12-20 14:39:13,26,29,9087,27420
2023-12-20 14:39:13,27,29,9087,27420
2023-12-20 14:39:20,27,31,9087,27420
2023-12-20 14:39:21,27,30,9087,27420
2023-12-20 14:39:22,27,29,9087,27420
2023-12-20 14:39:30,27,31,9087,27420
2023-12-20 14:39:31,26,28,9087,27420
2023-12-20 14:39:31,28,31,9203,27536
2023-12-20 14:39:31,28,30,9203,27536
2023-12-20 14:39:32,30,31,9353,27686
2023-12-20 14:39:33,29,31,9353,27886
2023-12-20 14:39:33,30,31,9353,27886
2023-12-20 14:39:33,31,34,9253,27986
2023-12-20 14:39:33,30,34,9253,27986
2023-12-20 14:39:33,32,34,9253,27986
2023-12-20 14:39:34,30,34,9253,27986
2023-12-20 14:39:34,31,34,9253,27986
2023-12-20 14:39:34,33,34,9253,27986
2023-12-20 14:39:40,33,36,9253,27986
2023-12-20 14:39:40,32,36,9253,27986
2023-12-20 14:39:40,34,36,9253,27986
2023-12-20 14:39:41,32,36,9253,27986
2023-12-20 14:39:41,33,36,9253,27986
2023-12-20 14:39:41,35,36,9253,27986
2023-12-20 14:39:42,35,37,9253,27986
2023-12-20 14:39:42,34,37,9253,27986
2023-12-20 14:39:42,36,37,9253,27986
2023-12-20 14:39:43,36,38,9253,27986
2023-12-20 14:39:44,36,39,9253,27986
2023-12-20 14:39:44,35,39,9253,27986
2023-12-20 14:39:44,36,39,9253,27986
2023-12-20 14:39:44,37,39,9253,27986
2023-12-20 14:39:45,36,39,9253,27986
2023-12-20 14:39:45,36,41,9253,27986
2023-12-20 14:39:45,38,41,9253,27986
2023-12-20 14:39:46,38,40,9253,27986
2023-12-20 14:39:47,38,41,9253,27986
2023-12-20 14:39:48,36,41,9253,27986
2023-12-20 14:39:48,36,40,9253,27986
2023-12-20 14:39:48,37,40,9253,27986
2023-12-20 14:39:52,36,40,9253,27986
2023-12-20 14:39:52,34,40,9253,27986
2023-12-20 14:39:52,34,38,9253,27986
2023-12-20 14:39:52,36,38,9253,27986
2023-12-20 14:39:53,36,38,9003,28236
2023-12-20 14:39:54,34,38,9003,28236
2023-12-20 14:39:54,35,38,9003,28236
2023-12-20 14:39:55,34,38,9003,28236
2023-12-20 14:39:55,36,38,9003,28236
2023-12-20 14:39:55,36,38,8753,28486
2023-12-20 14:39:56,34,38,8753,28486
2023-12-20 14:39:56,35,38,8753,28486
2023-12-20 14:39:56,35,37,8753,28486
2023-12-20 14:39:57,34,37,8753,28486
2023-12-20 14:39:57,36,37,8753,28486
2023-12-20 14:39:57,36,38,8753,28486
2023-12-20 14:39:57,36,37,8753,28486
2023-12-20 14:39:57,36,37,8753,28786
2023-12-20 14:39:57,36,37,8503,29036
2023-12-20 14:39:58,36,37,8253,29286
2023-12-20 14:40:00,36,37,8003,29536
2023-12-20 14:40:02,36,37,8003,29586
2023-12-20 14:40:02,36,40,8062,29645
2023-12-20 14:40:02,36,39,8062,29645
2023-12-20 14:40:03,37,39,8062,29645
2023-12-20 14:40:03,37,38,8062,29645
2023-12-20 14:40:04,37,41,8247,29830
2023-12-20 14:40:04,38,41,8247,29830
2023-12-20 14:40:08,37,41,8247,29830
2023-12-20 14:40:08,37,40,8247,29830
2023-12-20 14:40:10,37,40,8247,30080
2023-12-20 14:40:10,36,40,8247,30080
2023-12-20 14:40:12,35,40,8247,30080
2023-12-20 14:40:12,35,40,8247,30082
2023-12-20 14:40:13,35,38,8247,30082
2023-12-20 14:40:16,34,38,8247,30082
2023-12-20 14:40:16,34,37,8247,30082
2023-12-20 14:40:21,34,38,8247,30082
2023-12-20 14:40:22,34,37,8247,30082
2023-12-20 14:40:23,33,37,8247,30082
2023-12-20 14:40:24,33,36,8247,30082
2023-12-20 14:40:27,33,35,8247,30082
2023-12-20 14:40:29,33,36,8247,30082
2023-12-20 14:40:29,33,35,8247,30082
2023-12-20 14:40:31,33,37,8363,30198
2023-12-20 14:40:31,33,36,8363,30198
2023-12-20 14:40:32,34,36,8363,30198
2023-12-20 14:40:34,33,36,8363,30198
2023-12-20 14:40:36,34,36,8363,30198
2023-12-20 14:40:38,35,36,8363,30198
2023-12-20 14:40:38,35,38,8500,30335
2023-12-20 14:40:38,35,37,8500,30335
2023-12-20 14:40:39,35,39,8500,30335
2023-12-20 14:40:39,35,38,8500,30335
2023-12-20 14:40:41,34,38,8500,30335
2023-12-20 14:40:41,34,37,8500,30335
2023-12-20 14:40:44,33,37,8500,30335
2023-12-20 14:40:44,33,36,8500,30335
2023-12-20 14:40:47,32,36,8500,30335
2023-12-20 14:40:49,32,35,8500,30335
2023-12-20 14:40:58,32,36,8500,30335
2023-12-20 14:40:58,32,35,8500,30335
2023-12-20 14:40:59,32,36,8500,30335
2023-12-20 14:40:59,32,35,8500,30335
2023-12-20 14:41:02,33,35,8500,30335
2023-12-20 14:41:03,32,35,8500,30335
2023-12-20 14:41:05,32,36,8500,30335
2023-12-20 14:41:06,32,35,8500,30335
2023-12-20 14:41:10,32,34,8500,30335
2023-12-20 14:41:12,31,34,8500,30335
2023-12-20 14:41:12,30,34,8500,30335
2023-12-20 14:41:13,30,32,8500,30335
2023-12-20 14:41:15,30,32,8500,30335
2023-12-20 14:41:15,30,34,8500,30335
2023-12-20 14:41:25,30,33,8500,30335
2023-12-20 14:41:27,30,34,8500,30335
2023-12-20 14:41:27,30,33,8500,30335
2023-12-20 14:41:31,31,33,8500,30335
2023-12-20 14:41:32,30,33,8500,30335
2023-12-20 14:41:32,30,32,8500,30335
2023-12-20 14:41:35,31,32,8500,30335
2023-12-20 14:41:37,30,32,8500,30335
2023-12-20 14:41:40,30,31,8500,30335
2023-12-20 14:41:40,28,31,8500,30335
2023-12-20 14:41:42,27,31,8500,30335
2023-12-20 14:41:42,27,30,8500,30335
2023-12-20 14:41:44,26,30,8500,30335
2023-12-20 14:41:44,26,29,8500,30335
2023-12-20 14:41:44,26,28,8500,30335
2023-12-20 14:41:45,26,29,8500,30335
2023-12-20 14:41:50,26,30,8500,30335
2023-12-20 14:41:51,27,30,8500,30335
2023-12-20 14:41:51,27,30,8501,30336
2023-12-20 14:41:52,28,30,8501,30336
2023-12-20 14:41:54,28,31,8501,30586
2023-12-20 14:41:54,29,31,8501,30586
2023-12-20 14:41:54,29,32,8501,30586
2023-12-20 14:41:54,30,32,8501,30586
2023-12-20 14:41:54,31,32,8501,30586
2023-12-20 14:41:54,31,32,8501,30786
2023-12-20 14:41:54,31,32,8700,30986
2023-12-20 14:41:54,31,33,8700,30986
2023-12-20 14:41:54,31,34,8700,30986
2023-12-20 14:41:54,31,35,8700,30986
2023-12-20 14:41:55,32,35,8700,30986
2023-12-20 14:41:55,32,36,8700,30986
2023-12-20 14:41:55,32,34,8700,30986
2023-12-20 14:41:55,32,36,8700,30986
2023-12-20 14:41:56,33,36,8700,30986
2023-12-20 14:41:56,33,35,8700,30986
2023-12-20 14:41:57,32,35,8700,30986
2023-12-20 14:41:59,32,34,8700,30986
2023-12-20 14:42:00,31,34,8700,30986
2023-12-20 14:42:01,32,34,8700,30986
2023-12-20 14:42:05,31,34,8700,30986
2023-12-20 14:42:07,31,32,8700,30986
2023-12-20 14:42:11,32,33,8700,30988
2023-12-20 14:42:11,31,33,8700,30988
2023-12-20 14:42:11,31,34,8700,30988
2023-12-20 14:42:14,31,33,8700,30988
2023-12-20 14:42:15,32,33,8700,30988
2023-12-20 14:42:17,32,35,8700,30988
2023-12-20 14:42:17,32,34,8700,30988
2023-12-20 14:42:18,33,34,8700,30988
2023-12-20 14:42:18,33,35,8700,30988
2023-12-20 14:42:19,33,36,8700,30988
2023-12-20 14:42:24,34,36,8700,30988
2023-12-20 14:42:26,33,36,8700,30988
2023-12-20 14:42:26,34,36,8700,30988
2023-12-20 14:42:26,34,37,8700,30988
2023-12-20 14:42:26,35,38,8700,30988
2023-12-20 14:42:26,35,37,8700,30988
2023-12-20 14:42:27,35,38,8700,30988
2023-12-20 14:42:27,35,38,8700,30988
2023-12-20 14:42:28,35,39,8700,30988
2023-12-20 14:42:28,35,37,8700,30988
2023-12-20 14:42:30,35,37,8700,30990
2023-12-20 14:42:31,34,37,8700,30990
2023-12-20 14:42:34,35,37,8700,30990
2023-12-20 14:42:35,35,39,8700,30990
2023-12-20 14:42:35,35,38,8700,30990
2023-12-20 14:42:35,35,37,8700,30990
2023-12-20 14:42:37,35,38,8700,30990
2023-12-20 14:42:39,35,37,8700,30990
2023-12-20 14:42:40,36,37,8700,30990
2023-12-20 14:42:40,36,38,8700,30990
2023-12-20 14:42:41,36,40,8700,30990
2023-12-20 14:42:41,36,39,8700,30990
2023-12-20 14:42:42,36,38,8700,30990
2023-12-20 14:42:43,36,39,8700,30990
2023-12-20 14:42:49,36,38,8700,30990
2023-12-20 14:42:50,37,38,8700,30990
2023-12-20 14:42:50,37,39,8700,31153
2023-12-20 14:42:51,37,41,8700,31153
2023-12-20 14:42:51,38,41,8700,31153
2023-12-20 14:42:51,38,40,8700,31153
2023-12-20 14:42:52,38,41,8700,31153
2023-12-20 14:42:56,39,41,8700,31153
2023-12-20 14:42:57,39,42,8700,31153
2023-12-20 14:42:59,39,41,8700,31153
2023-12-20 14:43:02,38,41,8700,31153
2023-12-20 14:43:02,38,40,8700,31153
2023-12-20 14:43:03,37,40,8700,31153
2023-12-20 14:43:05,36,40,8700,31153
2023-12-20 14:43:05,36,39,8700,31153
2023-12-20 14:43:07,37,39,8700,31153
2023-12-20 14:43:09,36,39,8700,31153
2023-12-20 14:43:14,37,39,8700,31153
2023-12-20 14:43:15,36,39,8700,31153
2023-12-20 14:43:18,37,39,8700,31153
2023-12-20 14:43:21,37,40,8700,31153
2023-12-20 14:43:28,37,39,8700,31153
2023-12-20 14:43:30,37,40,8700,31153
2023-12-20 14:43:30,37,41,8700,31153
2023-12-20 14:43:30,37,40,8700,31153
2023-12-20 14:43:37,38,40,8700,31153
2023-12-20 14:43:45,37,40,8700,31153
2023-12-20 14:43:49,38,40,8700,31153
2023-12-20 14:43:52,37,40,8700,31153
2023-12-20 14:43:53,38,40,8700,31153
2023-12-20 14:44:07,38,40,8700,31246
2023-12-20 14:44:15,38,41,8700,31246
2023-12-20 14:44:15,39,41,8700,31246
2023-12-20 14:44:24,39,42,8700,31246
2023-12-20 14:44:24,39,43,8700,31246
2023-12-20 14:44:24,39,42,8700,31246
2023-12-20 14:44:25,40,42,8700,31246
2023-12-20 14:44:26,40,43,8700,31246
2023-12-20 14:44:26,41,43,8700,31246
2023-12-20 14:44:26,41,44,8700,31246
2023-12-20 14:44:26,41,43,8700,31246
2023-12-20 14:44:27,42,43,8700,31246
2023-12-20 14:44:28,42,44,8700,31246
2023-12-20 14:44:28,42,45,8700,31246
2023-12-20 14:44:28,42,44,8700,31246
2023-12-20 14:44:30,43,44,8700,31246
2023-12-20 14:44:30,42,44,8700,31446
2023-12-20 14:44:31,41,44,8700,31446
2023-12-20 14:44:32,41,45,8700,31446
2023-12-20 14:44:32,41,43,8700,31446
2023-12-20 14:44:34,41,45,8700,31446
2023-12-20 14:44:34,41,44,8700,31446
2023-12-20 14:44:40,41,45,8700,31446
2023-12-20 14:44:40,41,44,8700,31446
2023-12-20 14:44:40,41,43,8700,31446
2023-12-20 14:44:42,41,44,8700,31446
2023-12-20 14:44:42,41,45,8700,31446
2023-12-20 14:44:42,41,44,8700,31446
2023-12-20 14:44:43,41,45,8700,31446
2023-12-20 14:44:43,41,43,8700,31446
2023-12-20 14:44:44,42,43,8700,31446
2023-12-20 14:44:44,42,45,8700,31446
2023-12-20 14:44:44,42,44,8700,31446
2023-12-20 14:44:45,42,45,8700,31446
2023-12-20 14:44:47,42,44,8700,31446
2023-12-20 14:44:48,41,44,8700,31446
2023-12-20 14:44:49,42,44,8700,31446
2023-12-20 14:44:52,42,45,8700,31446
2023-12-20 14:44:53,43,45,8700,31446
2023-12-20 14:44:54,42,45,8700,31446
2023-12-20 14:44:56,43,45,8700,31446
2023-12-20 14:45:01,44,45,8700,31446
2023-12-20 14:45:04,43,45,8700,31446
2023-12-20 14:45:05,43,45,8450,31696
2023-12-20 14:45:07,42,45,8450,31696
2023-12-20 14:45:07,42,44,8450,31696
2023-12-20 14:45:09,41,44,8450,31696
2023-12-20 14:45:10,42,44,8450,31696
2023-12-20 14:45:14,41,44,8450,31696
2023-12-20 14:45:15,41,45,8450,31696
2023-12-20 14:45:15,41,44,8450,31696
2023-12-20 14:45:15,41,43,8450,31696
2023-12-20 14:45:16,40,43,8450,31696
2023-12-20 14:45:16,39,43,8450,31696
2023-12-20 14:45:16,40,43,8450,31696
2023-12-20 14:45:16,40,42,8450,31696
2023-12-20 14:45:20,39,42,8450,31696
2023-12-20 14:45:23,40,42,8450,31696
2023-12-20 14:45:24,40,43,8450,31696
2023-12-20 14:45:24,40,44,8450,31696
2023-12-20 14:45:24,40,43,8450,31696
2023-12-20 14:45:25,40,44,8450,31696
2023-12-20 14:45:25,40,43,8450,31696
2023-12-20 14:45:25,40,42,8450,31696
2023-12-20 14:45:26,40,43,8450,31696
2023-12-20 14:45:28,41,43,8450,31696
2023-12-20 14:45:30,40,43,8450,31696
2023-12-20 14:45:30,40,44,8450,31696
2023-12-20 14:45:30,40,43,8450,31696
2023-12-20 14:45:30,40,42,8450,31696
2023-12-20 14:45:31,40,43,8450,31696
2023-12-20 14:45:31,40,44,8450,31696
2023-12-20 14:45:31,40,43,8450,31696
2023-12-20 14:45:33,41,43,8450,31696
2023-12-20 14:45:43,40,43,8450,31696
2023-12-20 14:45:43,39,43,8450,31696
2023-12-20 14:45:43,40,42,8450,31696
2023-12-20 14:45:44,40,43,8450,31696
2023-12-20 14:45:45,40,42,8450,31696
2023-12-20 14:45:48,41,42,8450,31696
2023-12-20 14:45:49,40,42,8450,31896
2023-12-20 14:45:51,40,42,8440,31906
2023-12-20 14:45:53,40,43,8440,31906
2023-12-20 14:45:54,41,43,8440,31906
2023-12-20 14:45:57,41,44,8440,31906
2023-12-20 14:45:59,43,44,8440,31906
2023-12-20 14:45:59,43,45,8440,31906
2023-12-20 14:46:01,43,44,8440,31906
2023-12-20 14:46:01,42,44,8440,32106
2023-12-20 14:46:02,41,44,8440,32106
2023-12-20 14:46:02,40,44,8440,32106
2023-12-20 14:46:02,41,44,8440,32106
2023-12-20 14:46:03,41,43,8440,32106
2023-12-20 14:46:05,40,43,8440,32106
2023-12-20 14:46:05,39,43,8440,32106
2023-12-20 14:46:05,40,43,8440,32106
2023-12-20 14:46:05,40,42,8440,32106
2023-12-20 14:46:08,40,43,8440,32106
2023-12-20 14:46:10,40,42,8440,32106
2023-12-20 14:46:11,39,42,8440,32106
2023-12-20 14:46:12,39,41,8440,32106
2023-12-20 14:46:22,39,41,8440,32159
2023-12-20 14:46:23,39,42,8440,32159
2023-12-20 14:46:23,39,43,8440,32159
2023-12-20 14:46:23,40,43,8440,32159
2023-12-20 14:46:23,40,42,8440,32159
2023-12-20 14:46:25,40,43,8440,32159
2023-12-20 14:46:25,40,44,8440,32159
2023-12-20 14:46:25,40,43,8440,32159
2023-12-20 14:46:26,41,43,8440,32159
2023-12-20 14:46:30,40,43,8359,32537
2023-12-20 14:46:33,40,44,8359,32537
2023-12-20 14:46:34,40,43,8359,32537
2023-12-20 14:46:36,39,43,8359,32537
2023-12-20 14:46:37,39,42,8359,32537
2023-12-20 14:46:38,39,43,8359,32537
2023-12-20 14:46:38,40,43,8359,32537
2023-12-20 14:46:43,40,42,8359,32537
2023-12-20 14:46:46,39,42,8359,32537
2023-12-20 14:46:46,40,42,8359,32537
2023-12-20 14:46:49,40,43,8359,32537
2023-12-20 14:46:52,41,43,8359,32537
2023-12-20 14:46:55,41,42,8359,32537
2023-12-20 14:46:55,39,42,8359,32537
2023-12-20 14:46:55,40,42,8359,32537
2023-12-20 14:46:56,40,43,8359,32537
2023-12-20 14:46:58,40,42,8359,32537
2023-12-20 14:46:59,40,43,8359,32537
2023-12-20 14:46:59,39,43,8359,32537
2023-12-20 14:46:59,41,43,8359,32537
2023-12-20 14:47:03,41,44,8359,32537
2023-12-20 14:47:04,42,44,8359,32537
2023-12-20 14:47:04,42,45,8359,32537
2023-12-20 14:47:10,43,45,8359,32537
2023-12-20 14:47:16,44,45,8359,32537
2023-12-20 14:47:16,44,46,8359,32538
2023-12-20 14:47:19,44,47,8359,32538
2023-12-20 14:47:20,44,46,8359,32538
2023-12-20 14:47:26,43,46,8359,32538
2023-12-20 14:47:27,43,47,8359,32538
2023-12-20 14:47:27,43,46,8359,32538
2023-12-20 14:47:27,43,45,8359,32538
2023-12-20 14:47:32,43,46,8359,32538
2023-12-20 14:47:36,44,46,8359,32538
2023-12-20 14:47:37,44,47,8359,32538
2023-12-20 14:47:37,45,47,8359,32538
2023-12-20 14:47:37,45,48,8359,32538
2023-12-20 14:47:37,45,47,8359,32538
2023-12-20 14:47:41,45,46,8359,32538
2023-12-20 14:47:43,45,47,8359,32538
2023-12-20 14:47:43,45,48,8359,32538
2023-12-20 14:47:43,45,47,8359,32538
2023-12-20 14:47:49,46,47,8359,32538
2023-12-20 14:47:50,46,48,8359,32538
2023-12-20 14:47:50,47,48,8359,32538
2023-12-20 14:47:52,47,49,8359,32538
2023-12-20 14:47:53,48,49,8359,32538
2023-12-20 14:47:54,48,50,8359,32538
2023-12-20 14:47:56,49,50,8359,32538
2023-12-20 14:47:58,50,51,8359,32735
2023-12-20 14:47:59,49,52,8359,32735
2023-12-20 14:48:05,50,52,8359,32735
2023-12-20 14:48:06,50,53,8359,32735
2023-12-20 14:48:07,52,53,8359,32735
2023-12-20 14:48:07,52,54,8359,32735
2023-12-20 14:48:10,52,54,8359,32795
2023-12-20 14:48:11,52,55,8359,32795
2023-12-20 14:48:13,53,55,8359,32795
2023-12-20 14:48:16,53,55,8253,32901
2023-12-20 14:48:22,52,55,8253,33101
2023-12-20 14:48:25,53,55,8253,33101
2023-12-20 14:48:25,53,55,8193,33161
2023-12-20 14:48:26,53,55,8159,33355
2023-12-20 14:48:28,53,56,8059,33455
2023-12-20 14:48:29,53,56,7999,33705
2023-12-20 14:48:30,54,56,7999,33705
2023-12-20 14:48:30,53,56,7999,33865
2023-12-20 14:48:31,53,55,7999,33865
2023-12-20 14:48:31,53,55,7879,33985
2023-12-20 14:48:32,53,56,7879,33985
2023-12-20 14:48:34,53,55,7879,33985
2023-12-20 14:48:35,53,56,7879,33985
2023-12-20 14:48:36,53,55,7879,33985
2023-12-20 14:48:37,52,55,7879,33985
2023-12-20 14:48:38,53,55,7879,33985
2023-12-20 14:48:38,53,55,7879,34235
2023-12-20 14:48:40,52,55,7879,34485
2023-12-20 14:48:42,52,56,7879,34485
2023-12-20 14:48:48,53,56,7768,34596
2023-12-20 14:48:55,54,56,7768,34596
2023-12-20 14:48:55,54,56,7708,34656
2023-12-20 14:48:56,53,56,7708,34656
2023-12-20 14:48:57,54,56,7708,34656
2023-12-20 14:49:01,54,57,7679,34685
2023-12-20 14:49:02,55,57,7679,34685
2023-12-20 14:49:02,55,57,7597,34767
2023-12-20 14:49:03,55,57,7597,35017
2023-12-20 14:49:06,55,58,7597,35017
2023-12-20 14:49:07,55,58,7537,35077
2023-12-20 14:49:08,56,58,7537,35077
2023-12-20 14:49:09,56,58,7388,35226
2023-12-20 14:49:13,57,58,7388,35226
2023-12-20 14:49:13,57,58,7206,35408
2023-12-20 14:49:15,57,59,7206,35408
2023-12-20 14:49:17,57,59,7130,35484
2023-12-20 14:49:18,56,59,7130,35484
2023-12-20 14:49:18,56,59,7073,35541
2023-12-20 14:49:24,56,58,7073,35541
2023-12-20 14:49:24,55,58,7073,35541
2023-12-20 14:49:24,55,58,6960,35654
2023-12-20 14:49:29,56,58,6960,35654
2023-12-20 14:49:31,56,59,6960,35654
2023-12-20 14:49:34,57,59,6960,35654
2023-12-20 14:49:39,56,59,6960,35654
2023-12-20 14:49:41,57,59,6960,35654
2023-12-20 14:49:42,56,59,6960,35654
2023-12-20 14:49:46,56,58,6960,35654
2023-12-20 14:49:50,55,58,6960,35654
2023-12-20 14:49:50,55,58,6804,35811
2023-12-20 14:49:51,56,58,6804,35811
2023-12-20 14:49:52,56,59,6804,35811
2023-12-20 14:49:59,56,58,6804,35811
2023-12-20 14:50:01,56,57,6804,35811
2023-12-20 14:50:01,55,57,6804,35811
2023-12-20 14:50:01,55,57,6668,35947
2023-12-20 14:50:02,55,56,6668,35947
2023-12-20 14:50:03,55,57,6668,35947
2023-12-20 14:50:07,55,58,6668,35947
2023-12-20 14:50:07,56,58,6668,35947
2023-12-20 14:50:07,56,58,6848,36127
2023-12-20 14:50:08,55,58,6848,36127
2023-12-20 14:50:08,55,58,6728,36247
2023-12-20 14:50:09,56,58,6728,36247
2023-12-20 14:50:09,56,59,6728,36247
2023-12-20 14:50:10,56,59,6668,36307
2023-12-20 14:50:11,57,59,6668,36307
2023-12-20 14:50:12,57,60,6668,36307
2023-12-20 14:50:12,58,60,6668,36307
2023-12-20 14:50:12,59,60,6668,36307
2023-12-20 14:50:13,59,60,6559,36416
2023-12-20 14:50:14,59,61,6559,36416
2023-12-20 14:50:28,59,61,6852,36716
2023-12-20 14:50:29,58,61,6852,36716
2023-12-20 14:50:34,58,60,6852,36716
2023-12-20 14:50:44,58,60,7152,37016
2023-12-20 14:50:45,57,60,7152,37016
2023-12-20 14:50:48,57,59,7152,37016
2023-12-20 14:50:57,57,60,7152,37016
2023-12-20 14:50:57,58,60,7152,37016
2023-12-20 14:50:57,58,60,7168,37032
2023-12-20 14:50:57,59,60,7168,37032
2023-12-20 14:50:58,58,60,7168,37032
2023-12-20 14:50:59,58,61,7168,37032
2023-12-20 14:51:02,59,61,7168,37032
2023-12-20 14:51:13,60,61,7168,37032
2023-12-20 14:51:13,60,61,7118,37082
2023-12-20 14:51:18,60,61,7418,37382
2023-12-20 14:51:18,60,61,7257,37582
2023-12-20 14:51:20,60,61,7257,37832
2023-12-20 14:51:20,59,61,7257,37832
2023-12-20 14:51:20,59,62,7257,37882
2023-12-20 14:51:22,59,62,7079,38060
2023-12-20 14:51:24,59,62,6914,38225
2023-12-20 14:51:25,59,62,6843,38296
2023-12-20 14:51:27,59,62,6943,38396
2023-12-20 14:51:32,59,61,6943,38396
2023-12-20 14:51:35,59,61,6943,38646
2023-12-20 14:51:36,59,61,6943,38896
2023-12-20 14:51:37,59,60,6943,38896
2023-12-20 14:51:37,59,60,6943,39146
2023-12-20 14:51:38,59,60,6943,39396
2023-12-20 14:51:39,58,60,6943,39396
2023-12-20 14:51:44,58,60,7243,39696
2023-12-20 14:51:45,58,59,7243,39696
2023-12-20 14:51:48,57,59,7243,39696
2023-12-20 14:51:58,57,58,7243,39696
2023-12-20 14:51:58,57,59,7243,39896
2023-12-20 14:52:01,57,58,7243,39896
2023-12-20 14:52:04,57,58,7312,39965
2023-12-20 14:52:05,56,58,7312,39965
2023-12-20 14:52:15,56,57,7312,39965
2023-12-20 14:52:20,55,57,7312,39965
2023-12-20 14:52:24,55,56,7312,39965
2023-12-20 14:52:25,55,56,7324,39977
2023-12-20 14:52:29,54,56,7324,39977
2023-12-20 14:52:29,55,56,7324,39977
2023-12-20 14:52:32,54,56,7324,39977
2023-12-20 14:52:33,54,55,7324,39977
2023-12-20 14:52:38,53,54,7176,40125
2023-12-20 14:52:44,52,54,7176,40125
2023-12-20 14:52:52,53,54,7176,40125
2023-12-20 14:53:13,52,53,7014,40287
2023-12-20 14:53:20,50,52,6881,40420
2023-12-20 14:53:20,51,52,6881,40420
2023-12-20 14:53:21,50,51,6749,40552
2023-12-20 14:53:24,49,51,6749,40552
2023-12-20 14:53:25,48,51,6749,40552
2023-12-20 14:53:25,48,50,6749,40552
2023-12-20 14:53:26,48,49,6749,40552
2023-12-20 14:53:26,47,49,6749,40552
2023-12-20 14:53:27,47,48,6749,40552
2023-12-20 14:53:30,46,48,6749,40552
2023-12-20 14:53:32,45,48,6749,40552
2023-12-20 14:53:32,45,47,6749,40552
2023-12-20 14:53:32,44,47,6749,40552
2023-12-20 14:53:32,44,46,6748,40553
2023-12-20 14:53:34,44,45,6748,40553
2023-12-20 14:53:34,44,45,6587,40714
2023-12-20 14:53:35,44,45,6573,40728
2023-12-20 14:53:36,43,44,6573,40729
2023-12-20 14:53:37,42,44,6573,40729
2023-12-20 14:53:37,41,44,6573,40729
2023-12-20 14:53:38,41,43,6573,40729
2023-12-20 14:53:39,40,42,6573,40729
2023-12-20 14:53:39,40,41,6573,40729
2023-12-20 14:53:40,39,41,6573,40729
2023-12-20 14:53:44,39,40,6573,40729
2023-12-20 14:53:45,39,41,6573,40729
2023-12-20 14:53:47,39,41,6573,40729
2023-12-20 14:53:49,39,42,6573,40729
2023-12-20 14:53:51,40,42,6573,40729
2023-12-20 14:53:52,40,43,6573,40729
2023-12-20 14:53:52,41,44,6573,40729
2023-12-20 14:53:54,42,44,6573,40729
2023-12-20 14:53:56,43,44,6573,40729
2023-12-20 14:53:58,43,45,6573,40729
2023-12-20 14:54:07,43,46,6573,40729
2023-12-20 14:54:09,45,46,6573,40729
2023-12-20 14:54:10,45,47,6573,40729
2023-12-20 14:54:14,44,47,6573,40729
2023-12-20 14:54:18,45,47,6573,40729
2023-12-20 14:54:23,46,47,6573,40729
2023-12-20 14:54:25,46,48,6573,40992
2023-12-20 14:54:26,47,48,6573,40992
2023-12-20 14:54:26,47,48,6680,41357
2023-12-20 14:54:27,47,49,6680,41357
2023-12-20 14:54:32,48,49,6680,41357
2023-12-20 14:54:39,48,50,6680,41357
2023-12-20 14:54:46,49,50,6680,41357
2023-12-20 14:54:58,49,51,6680,41357
2023-12-20 14:55:09,50,51,6680,41357
2023-12-20 14:55:20,50,52,6680,41557
2023-12-20 14:55:20,51,52,6680,41557
2023-12-20 14:55:37,51,52,6680,41857
2023-12-20 14:55:40,51,53,6680,41857
2023-12-20 14:55:41,52,53,6680,41857
2023-12-20 14:55:46,51,53,6680,41857
2023-12-20 14:55:46,52,53,6680,41857
2023-12-20 14:55:51,52,54,6680,41857
2023-12-20 14:55:51,53,54,6680,41857
2023-12-20 14:55:53,52,54,6680,41857
2023-12-20 14:55:53,53,54,6680,41857
2023-12-20 14:55:54,52,54,6680,41857
2023-12-20 14:55:56,53,54,6680,41857
2023-12-20 14:56:01,53,55,6680,41857
2023-12-20 14:56:01,54,55,6680,41857
2023-12-20 14:56:05,54,55,6680,42157
2023-12-20 14:56:10,54,56,6680,42157
2023-12-20 14:56:10,55,56,6680,42157
2023-12-20 14:56:10,55,56,6680,42228
2023-12-20 14:56:16,55,56,6680,42288
2023-12-20 14:56:19,54,56,6680,42331
2023-12-20 14:56:19,55,56,6680,42331
2023-12-20 14:56:21,55,56,6680,42391
2023-12-20 14:56:22,54,56,6680,42391
2023-12-20 14:56:46,53,56,6680,42391
2023-12-20 14:56:52,53,55,6680,42391
2023-12-20 14:56:53,53,55,6680,42510
2023-12-20 14:56:57,52,55,6680,42510
2023-12-20 14:57:03,52,54,6680,42510
2023-12-20 14:57:04,51,54,6680,42510
2023-12-20 14:57:05,51,53,6680,42510
2023-12-20 14:57:07,50,52,6680,42510
2023-12-20 14:57:30,50,51,6680,42510
2023-12-20 14:57:30,49,51,6480,42710
2023-12-20 14:57:44,49,52,6480,42710
2023-12-20 14:57:45,50,52,6480,42710
2023-12-20 14:57:51,51,52,6480,42710
2023-12-20 14:57:57,50,53,6480,42710
2023-12-20 14:58:00,50,52,6480,42710
2023-12-20 14:58:02,49,51,6480,42710
2023-12-20 14:58:08,49,50,6480,42710
2023-12-20 14:58:09,48,50,6480,42710
2023-12-20 14:58:12,48,49,6480,42710
2023-12-20 14:58:13,47,49,6384,42910
2023-12-20 14:58:14,46,49,6384,42910
2023-12-20 14:58:14,46,48,6384,42910
2023-12-20 14:58:15,45,48,6384,42910
2023-12-20 14:58:15,45,47,6384,42910
2023-12-20 14:58:21,44,47,6384,42910
2023-12-20 14:58:21,43,46,6384,42910
2023-12-20 14:58:25,43,47,6384,42910
2023-12-20 14:58:25,43,46,6384,42910
2023-12-20 14:58:25,44,46,6384,42910
2023-12-20 14:58:26,43,46,6384,42910
2023-12-20 14:58:28,44,46,6384,42910
2023-12-20 14:58:30,43,46,6384,42910
2023-12-20 14:58:32,44,46,6384,42910
2023-12-20 14:58:33,43,46,6384,42910
2023-12-20 14:58:33,44,46,6384,42910
2023-12-20 14:58:34,44,47,6384,42910
2023-12-20 14:58:37,45,47,6384,42910
2023-12-20 14:58:45,45,46,6384,42910
2023-12-20 14:58:46,43,46,6384,42910
2023-12-20 14:58:46,44,46,6384,42910
2023-12-20 14:58:49,44,47,6384,42910
2023-12-20 14:58:49,45,47,6384,42910
2023-12-20 14:58:53,45,48,6384,42910
2023-12-20 14:58:54,45,49,6384,42910
2023-12-20 14:58:54,46,49,6384,42910
2023-12-20 14:58:54,47,49,6384,42910
2023-12-20 14:58:54,47,48,6384,42910
2023-12-20 14:58:54,47,49,6384,42910
2023-12-20 14:58:57,47,50,6384,42910
2023-12-20 14:59:02,48,50,6384,42910
2023-12-20 14:59:04,47,50,6384,42910
2023-12-20 14:59:08,46,50,6384,42910
2023-12-20 14:59:08,46,49,6384,42910
2023-12-20 14:59:09,45,49,6384,42910
2023-12-20 14:59:09,46,49,6384,42910
2023-12-20 14:59:10,46,48,6384,42910
2023-12-20 14:59:10,45,48,6384,42910
2023-12-20 14:59:13,45,48,6384,42910
2023-12-20 14:59:17,46,48,6384,42910
2023-12-20 14:59:18,45,48,6384,42910
2023-12-20 14:59:23,45,48,6384,43345
2023-12-20 14:59:28,45,47,6384,43345
2023-12-20 14:59:31,44,47,6384,43345
2023-12-20 14:59:32,44,46,6384,43345
2023-12-20 14:59:48,45,46,6384,43345
2023-12-20 14:59:49,44,46,6384,43345
2023-12-20 14:59:51,44,45,6384,43345
2023-12-20 14:59:56,43,45,6384,43345
2023-12-20 14:59:59,43,44,6384,43345
2023-12-20 14:59:59,42,44,6384,43345
2023-12-20 15:00:02,41,44,6384,43345
2023-12-20 15:00:02,41,43,6384,43345
2023-12-20 15:00:05,40,43,6384,43345
2023-12-20 15:00:12,41,43,6384,43345
2023-12-20 15:00:13,41,44,6384,43345
2023-12-20 15:00:14,42,44,6384,43345
2023-12-20 15:00:14,42,45,6384,43345
2023-12-20 15:00:18,42,46,6384,43345
2023-12-20 15:00:18,43,46,6384,43345
2023-12-20 15:00:19,44,46,6384,43345
2023-12-20 15:00:20,43,46,6384,43345
2023-12-20 15:00:20,44,46,6384,43345
2023-12-20 15:00:38,44,45,6384,43345
2023-12-20 15:00:41,42,45,6384,43345
2023-12-20 15:00:44,42,46,6384,43345
2023-12-20 15:00:44,43,46,6384,43345
2023-12-20 15:00:45,44,46,6384,43345
2023-12-20 15:00:49,45,46,6384,43345
2023-12-20 15:00:51,44,46,6384,43345
2023-12-20 15:00:52,43,46,6384,43345
2023-12-20 15:00:53,44,46,6384,43345
2023-12-20 15:00:58,43,46,6384,43345
2023-12-20 15:01:00,42,46,6384,43345
2023-12-20 15:01:00,42,45,6384,43345
2023-12-20 15:01:16,42,43,6384,43345
2023-12-20 15:01:16,40,43,6384,43345
2023-12-20 15:01:17,40,42,6384,43345
2023-12-20 15:01:19,40,41,6384,43345
2023-12-20 15:01:20,39,41,6384,43345
2023-12-20 15:01:28,38,41,6384,43345
2023-12-20 15:01:28,38,40,6384,43345
2023-12-20 15:01:31,38,41,6384,43345
2023-12-20 15:01:32,38,40,6384,43345
2023-12-20 15:01:36,38,41,6384,43345
2023-12-20 15:01:38,38,40,6384,43345
2023-12-20 15:01:39,37,40,6384,43345
2023-12-20 15:01:40,37,40,6384,43345
2023-12-20 15:01:44,38,40,6384,43345
2023-12-20 15:01:45,38,41,6384,43345
2023-12-20 15:01:47,38,40,6384,43345
2023-12-20 15:01:52,37,40,6384,43345
2023-12-20 15:01:53,38,40,6384,43345
2023-12-20 15:01:56,37,40,6384,43345
2023-12-20 15:01:56,38,40,6384,43345
2023-12-20 15:01:57,37,40,6384,43345
2023-12-20 15:01:57,38,40,6384,43345
2023-12-20 15:02:02,39,40,6384,43345
2023-12-20 15:02:04,39,41,6384,43345
2023-12-20 15:02:04,38,41,6384,43345
2023-12-20 15:02:05,39,41,6384,43345
2023-12-20 15:02:07,39,42,6384,43345
2023-12-20 15:02:09,40,42,6384,43345
2023-12-20 15:02:12,39,42,6384,43345
2023-12-20 15:02:21,39,41,6384,43345
2023-12-20 15:02:22,38,41,6384,43345
2023-12-20 15:02:23,39,41,6384,43345
2023-12-20 15:02:29,39,42,6384,43345
2023-12-20 15:02:30,39,41,6384,43345
2023-12-20 15:02:44,39,40,6384,43345
2023-12-20 15:02:47,37,40,6387,43348
2023-12-20 15:02:53,37,39,6387,43348
2023-12-20 15:02:58,36,39,6387,43348
2023-12-20 15:02:59,36,38,6387,43348
2023-12-20 15:03:12,36,37,6387,43348
2023-12-20 15:03:13,34,37,6387,43348
2023-12-20 15:03:14,34,36,6387,43348
2023-12-20 15:03:16,33,36,6387,43348
2023-12-20 15:03:16,33,35,6387,43348
2023-12-20 15:03:22,32,35,6387,43348
2023-12-20 15:03:24,31,35,6387,43348
2023-12-20 15:03:24,31,33,6387,43348
2023-12-20 15:03:47,32,33,6387,43348
2023-12-20 15:03:49,32,35,6387,43348
2023-12-20 15:03:50,32,34,6387,43348
2023-12-20 15:03:51,31,34,6387,43348
2023-12-20 15:04:01,32,34,6387,43348
2023-12-20 15:04:02,32,35,6387,43348
2023-12-20 15:04:03,33,35,6387,43348
2023-12-20 15:04:03,33,36,6387,43348
2023-12-20 15:04:05,34,36,6387,43348
2023-12-20 15:04:09,34,35,6387,43348
2023-12-20 15:04:13,32,36,6387,43348
2023-12-20 15:04:13,33,36,6387,43348
2023-12-20 15:04:15,33,35,6387,43348
2023-12-20 15:04:15,33,34,6387,43348
2023-12-20 15:04:16,31,34,6387,43348
2023-12-20 15:04:20,30,34,6387,43348
2023-12-20 15:04:20,30,32,6387,43348
2023-12-20 15:04:36,29,32,6387,43348
2023-12-20 15:04:42,29,30,6387,43348
2023-12-20 15:04:47,29,30,6187,43548
2023-12-20 15:04:56,28,30,6187,43548
2023-12-20 15:04:57,29,30,6187,43548
2023-12-20 15:05:01,28,30,6187,43548
2023-12-20 15:05:15,26,30,6187,43548
2023-12-20 15:05:15,26,29,6187,43548
2023-12-20 15:05:16,26,28,6187,43548
2023-12-20 15:05:27,26,29,6187,43548
2023-12-20 15:05:30,27,29,6187,43548
2023-12-20 15:05:31,27,30,6187,43548
2023-12-20 15:05:35,26,30,6187,43548
2023-12-20 15:05:35,26,29,6187,43548
2023-12-20 15:05:46,26,30,6187,43548
2023-12-20 15:05:46,27,30,6187,43548
2023-12-20 15:05:52,27,29,6187,43548
2023-12-20 15:05:54,27,30,6187,43548
2023-12-20 15:05:58,28,30,6187,43548
2023-12-20 15:06:01,29,30,6187,43548
2023-12-20 15:06:01,29,32,5787,43948
2023-12-20 15:06:02,30,32,5787,43948
2023-12-20 15:06:05,30,33,5787,43948
2023-12-20 15:06:05,31,33,5787,43948
2023-12-20 15:06:07,31,34,5787,43948
2023-12-20 15:06:07,32,34,5787,43948
2023-12-20 15:06:12,31,34,5787,43948
2023-12-20 15:06:14,31,34,5787,43948
2023-12-20 15:06:15,31,33,5787,43948
2023-12-20 15:06:19,30,33,5787,43948
2023-12-20 15:06:20,29,33,5787,43948
2023-12-20 15:06:20,29,32,5787,43948
2023-12-20 15:06:21,29,33,5787,43948
2023-12-20 15:06:21,29,32,5787,43948
2023-12-20 15:06:23,28,32,5787,43948
2023-12-20 15:06:23,28,31,5787,43948
2023-12-20 15:06:24,29,31,5787,43948
2023-12-20 15:06:26,28,31,5787,43948
2023-12-20 15:06:27,29,31,5787,43948
2023-12-20 15:06:27,29,32,5787,43948
2023-12-20 15:06:28,29,33,5787,43948
2023-12-20 15:06:32,30,33,5787,43948
2023-12-20 15:06:42,29,33,5787,43948
2023-12-20 15:06:42,29,32,5787,43948
2023-12-20 15:06:43,28,32,5787,43948
2023-12-20 15:06:58,28,30,5787,43948
2023-12-20 15:07:05,27,30,5787,43948
2023-12-20 15:07:05,27,29,5787,43948
2023-12-20 15:07:07,27,30,5787,43948
2023-12-20 15:07:09,28,30,5787,43948
2023-12-20 15:07:11,27,30,5787,43948
2023-12-20 15:07:12,27,29,5787,43948
2023-12-20 15:07:13,26,29,5787,43948
2023-12-20 15:07:14,26,28,5787,43948
2023-12-20 15:07:16,25,28,5787,43948
2023-12-20 15:07:16,25,27,5787,43948
2023-12-20 15:07:21,24,27,5787,44148
2023-12-20 15:07:23,25,27,5787,44148
2023-12-20 15:07:25,26,28,5787,44148
2023-12-20 15:07:25,26,29,5787,44148
2023-12-20 15:07:27,26,28,5787,44148
2023-12-20 15:07:28,26,29,5787,44148
2023-12-20 15:07:31,25,29,5787,44148
2023-12-20 15:07:31,25,28,5787,44148
2023-12-20 15:07:34,24,28,5787,44148
2023-12-20 15:07:34,25,28,5787,44148
2023-12-20 15:07:41,25,27,5787,44148
2023-12-20 15:07:41,24,27,5787,44148
2023-12-20 15:07:53,24,26,5787,44148
2023-12-20 15:08:02,24,27,5787,44148
2023-12-20 15:08:05,25,27,5787,44148
2023-12-20 15:08:07,24,27,5787,44148
2023-12-20 15:08:18,24,26,5787,44148
2023-12-20 15:08:22,24,27,5787,44148
2023-12-20 15:08:23,24,26,5787,44148
2023-12-20 15:08:27,23,26,5787,44148
2023-12-20 15:08:29,22,25,5787,44148
2023-12-20 15:08:29,22,24,5787,44148
2023-12-20 15:08:30,21,24,5787,44148
2023-12-20 15:08:30,21,23,5787,44148
2023-12-20 15:08:33,20,23,5787,44148
2023-12-20 15:08:33,20,22,5787,44148
2023-12-20 15:08:34,19,22,5787,44148
2023-12-20 15:08:34,19,21,5787,44148
2023-12-20 15:08:37,19,22,5787,44148
2023-12-20 15:08:40,19,21,5787,44148
2023-12-20 15:08:51,19,20,5787,44148
2023-12-20 15:08:52,19,21,5787,44148
2023-12-20 15:08:53,19,22,5787,44148
2023-12-20 15:08:54,19,21,5787,44148
2023-12-20 15:09:02,19,20,5787,44148
2023-12-20 15:09:03,19,20,5764,44348
2023-12-20 15:09:04,19,20,5660,44598
2023-12-20 15:09:07,19,20,5660,44848
2023-12-20 15:09:08,19,20,5660,45098
2023-12-20 15:09:08,19,20,5660,45298
2023-12-20 15:09:09,19,20,5660,45548
2023-12-20 15:09:09,19,20,5660,45748
2023-12-20 15:09:10,19,20,5660,45998
2023-12-20 15:09:10,19,20,5660,46198
2023-12-20 15:09:11,19,20,5660,46398
2023-12-20 15:09:11,19,22,5643,46415
2023-12-20 15:09:12,19,23,5643,46615
2023-12-20 15:09:13,20,23,5643,46615
2023-12-20 15:09:17,20,23,5643,46865
2023-12-20 15:09:18,20,24,5643,46865
2023-12-20 15:09:18,21,24,5643,46865
2023-12-20 15:09:20,20,24,5643,46865
2023-12-20 15:09:20,21,24,5643,46865
2023-12-20 15:09:21,20,24,5643,46865
2023-12-20 15:09:22,21,23,5643,46865
2023-12-20 15:09:22,21,24,5643,46865
2023-12-20 15:09:25,22,24,5643,46865
2023-12-20 15:09:29,22,25,5643,46865
2023-12-20 15:09:29,23,25,5643,46865
2023-12-20 15:09:30,23,24,5643,46865
2023-12-20 15:09:32,23,25,5643,46865
2023-12-20 15:09:35,23,26,5643,47065
2023-12-20 15:09:36,24,26,5643,47065
2023-12-20 15:09:42,23,26,5643,47065
2023-12-20 15:09:47,25,26,5643,47065
2023-12-20 15:09:49,25,27,5643,47315
2023-12-20 15:09:50,25,28,5643,47315
2023-12-20 15:09:50,26,28,5643,47315
2023-12-20 15:09:51,27,28,5643,47315
2023-12-20 15:09:51,27,29,5643,47315
2023-12-20 15:09:53,27,30,5643,47315
2023-12-20 15:09:59,28,30,5643,47315
2023-12-20 15:10:03,28,32,5643,47315
2023-12-20 15:10:03,29,32,5643,47315
2023-12-20 15:10:04,31,32,5643,47315
2023-12-20 15:10:04,31,33,5643,47315
2023-12-20 15:10:08,31,34,5643,47315
2023-12-20 15:10:08,32,34,5643,47315
2023-12-20 15:10:10,32,35,5643,47315
2023-12-20 15:10:10,33,35,5643,47315
2023-12-20 15:10:11,33,36,5643,47315
2023-12-20 15:10:12,33,37,5643,47315
2023-12-20 15:10:13,33,36,5643,47315
2023-12-20 15:10:14,33,37,5643,47315
2023-12-20 15:10:14,34,37,5643,47315
2023-12-20 15:10:15,33,37,5643,47315
2023-12-20 15:10:16,33,36,5643,47315
2023-12-20 15:10:18,32,36,5643,47315
2023-12-20 15:10:18,32,35,5643,47315
2023-12-20 15:10:25,33,35,5643,47315
2023-12-20 15:10:26,33,37,5643,47315
2023-12-20 15:10:26,34,37,5643,47315
2023-12-20 15:10:29,34,38,5643,47315
2023-12-20 15:10:29,35,38,5643,47315
2023-12-20 15:10:29,35,38,5644,47316
2023-12-20 15:10:30,36,38,5644,47316
2023-12-20 15:10:31,36,39,5644,47316
2023-12-20 15:10:34,37,39,5644,47316
2023-12-20 15:10:34,37,40,5644,47316
2023-12-20 15:10:35,38,40,5644,47316
2023-12-20 15:10:39,38,40,5645,47317
2023-12-20 15:10:41,38,40,5645,47324
2023-12-20 15:10:42,38,41,5645,47324
2023-12-20 15:10:43,39,41,5645,47324
2023-12-20 15:10:45,39,42,5645,47324
2023-12-20 15:10:45,40,42,5645,47324
2023-12-20 15:10:47,40,43,5645,47324
2023-12-20 15:10:47,41,43,5645,47324
2023-12-20 15:10:48,41,44,5645,47324
2023-12-20 15:10:48,42,44,5645,47324
2023-12-20 15:10:49,41,44,5645,47324
2023-12-20 15:10:50,41,43,5645,47324
2023-12-20 15:10:55,40,43,5645,47324
2023-12-20 15:10:57,40,42,5645,47324
2023-12-20 15:10:57,39,42,5645,47324
2023-12-20 15:10:58,39,41,5645,47324
2023-12-20 15:10:59,38,40,5645,47324
2023-12-20 15:10:59,37,40,5645,47324
2023-12-20 15:11:00,37,39,5645,47324
2023-12-20 15:11:01,36,39,5645,47324
2023-12-20 15:11:03,36,39,5645,47574
2023-12-20 15:11:04,36,38,5645,47574
2023-12-20 15:11:04,35,38,5645,47724
2023-12-20 15:11:06,35,38,5645,47974
2023-12-20 15:11:07,34,38,5645,47974
2023-12-20 15:11:07,34,37,5645,47974
2023-12-20 15:11:07,34,36,5645,47974
2023-12-20 15:11:08,33,36,5645,47974
2023-12-20 15:11:11,33,35,5645,47974
2023-12-20 15:11:12,33,36,5645,47974
2023-12-20 15:11:13,33,35,5645,47974
2023-12-20 15:11:18,33,37,5645,47974
2023-12-20 15:11:18,34,37,5645,47974
2023-12-20 15:11:20,34,38,5645,47974
2023-12-20 15:11:20,35,38,5645,47974
2023-12-20 15:11:21,34,38,5645,47974
2023-12-20 15:11:21,35,38,5645,47974
2023-12-20 15:11:22,34,38,5645,47974
2023-12-20 15:11:22,34,37,5645,47974
2023-12-20 15:11:25,34,38,5645,47974
2023-12-20 15:11:26,35,38,5645,47974
2023-12-20 15:11:27,34,38,5645,47974
2023-12-20 15:11:30,34,37,5645,47974
2023-12-20 15:11:33,33,37,5645,47974
2023-12-20 15:11:34,34,37,5645,47974
2023-12-20 15:11:38,35,37,5645,47974
2023-12-20 15:11:41,35,38,5645,47974
2023-12-20 15:11:41,36,38,5645,47974
2023-12-20 15:11:46,36,39,5645,47974
2023-12-20 15:11:51,36,40,5645,47974
2023-12-20 15:11:51,37,40,5645,47974
2023-12-20 15:11:56,38,40,5645,47974
2023-12-20 15:11:57,38,41,5645,47974
2023-12-20 15:11:59,38,42,5645,47974
2023-12-20 15:12:02,38,41,5645,47974
2023-12-20 15:12:03,37,41,5645,47974
2023-12-20 15:12:03,37,40,5645,47974
2023-12-20 15:12:06,37,41,5645,47974
2023-12-20 15:12:06,38,41,5645,47974
2023-12-20 15:12:07,37,41,5645,47974
2023-12-20 15:12:07,38,41,5645,47974
2023-12-20 15:12:09,38,40,5645,47974
2023-12-20 15:12:10,36,40,5645,47974
2023-12-20 15:12:13,36,39,5645,47974
2023-12-20 15:12:15,36,40,5645,47974
2023-12-20 15:12:16,35,40,5645,47974
2023-12-20 15:12:16,35,38,5645,47974
2023-12-20 15:12:17,35,37,5645,47974
2023-12-20 15:12:19,34,37,5645,47974
2023-12-20 15:12:20,34,36,5645,47974
2023-12-20 15:12:23,33,36,5645,47974
2023-12-20 15:12:36,33,34,5645,47974
2023-12-20 15:12:36,31,34,5645,47974
2023-12-20 15:12:37,31,33,5645,47974
2023-12-20 15:12:39,30,33,5645,47974
2023-12-20 15:12:39,30,32,5645,47974
2023-12-20 15:12:42,29,32,5645,47974
2023-12-20 15:12:46,30,32,5645,47974
2023-12-20 15:12:47,30,33,5645,47974
2023-12-20 15:12:47,31,34,5645,47974
2023-12-20 15:12:51,31,33,5645,47974
2023-12-20 15:12:53,31,34,5645,47974
2023-12-20 15:12:54,31,33,5645,47974
2023-12-20 15:12:55,30,33,5645,47974
2023-12-20 15:13:00,30,34,5645,47974
2023-12-20 15:13:01,31,34,5645,47974
2023-12-20 15:13:03,32,34,5645,47974
2023-12-20 15:13:04,32,33,5645,47974
2023-12-20 15:13:04,30,33,5645,47974
2023-12-20 15:13:04,31,33,5645,47974
2023-12-20 15:13:09,31,32,5645,47974
2023-12-20 15:13:09,29,32,5645,47974
2023-12-20 15:13:09,30,32,5645,47974
2023-12-20 15:13:12,30,33,5645,47974
2023-12-20 15:13:14,30,32,5645,47974
2023-12-20 15:13:14,29,32,5645,47974
2023-12-20 15:13:14,30,32,5645,47974
2023-12-20 15:13:15,30,33,5645,47974
2023-12-20 15:13:15,31,33,5645,47974
2023-12-20 15:13:16,31,34,5645,47974
2023-12-20 15:13:17,31,33,5645,47974
2023-12-20 15:13:18,31,34,5645,47974
2023-12-20 15:13:19,31,33,5645,47974
2023-12-20 15:13:22,31,32,5645,47974
2023-12-20 15:13:22,29,32,5645,47974
2023-12-20 15:13:22,30,32,5645,47974
2023-12-20 15:13:23,29,32,5645,47974
2023-12-20 15:13:33,29,33,5645,47974
2023-12-20 15:13:33,30,33,5645,47974
2023-12-20 15:13:35,30,32,5645,47974
2023-12-20 15:13:36,30,33,5645,47974
2023-12-20 15:13:36,31,33,5645,47974
2023-12-20 15:13:38,31,32,5645,47974
2023-12-20 15:13:40,29,32,5645,47974
2023-12-20 15:13:40,30,32,5645,47974
2023-12-20 15:13:42,29,32,5645,47974
2023-12-20 15:13:44,29,31,5645,47974
2023-12-20 15:13:53,28,31,5645,47974
2023-12-20 15:13:57,29,31,5645,47974
2023-12-20 15:13:59,29,32,5645,47974
2023-12-20 15:13:59,30,32,5645,47974
2023-12-20 15:14:00,29,32,5645,47974
2023-12-20 15:14:00,30,32,5645,47974
2023-12-20 15:14:01,28,32,5645,47974
2023-12-20 15:14:01,29,32,5645,47974
2023-12-20 15:14:03,29,31,5645,47974
2023-12-20 15:14:03,28,31,5645,47974
2023-12-20 15:14:04,28,30,5645,47974
2023-12-20 15:14:07,28,31,5645,47974
2023-12-20 15:14:07,28,30,5645,47974
2023-12-20 15:14:08,28,31,5645,47974
2023-12-20 15:14:11,28,30,5645,47974
2023-12-20 15:14:18,27,30,5645,47974
2023-12-20 15:14:18,27,29,5645,47974
2023-12-20 15:14:20,27,30,5645,47974
2023-12-20 15:14:21,28,30,5645,47974
2023-12-20 15:14:23,28,29,5645,47974
2023-12-20 15:14:23,27,29,5645,47974
2023-12-20 15:14:30,28,29,5645,47974
2023-12-20 15:14:34,28,30,5645,47974
2023-12-20 15:14:35,28,29,5645,47974
2023-12-20 15:14:39,28,31,5645,47974
2023-12-20 15:14:40,28,32,5645,47974
2023-12-20 15:14:42,28,32,5645,47974
2023-12-20 15:14:42,29,32,5645,47974
2023-12-20 15:14:48,28,32,5645,47974
2023-12-20 15:14:48,28,31,5645,47974
2023-12-20 15:14:50,27,31,5645,47974
2023-12-20 15:14:55,27,31,5645,47974
2023-12-20 15:14:56,28,31,5645,47974
2023-12-20 15:14:57,27,31,5645,47974
2023-12-20 15:14:59,27,30,5645,47974
2023-12-20 15:15:01,27,31,5645,48174
2023-12-20 15:15:01,27,32,5645,48174
2023-12-20 15:15:01,28,33,5645,48174
2023-12-20 15:15:01,30,33,5645,48174
2023-12-20 15:15:02,30,34,5645,48174
2023-12-20 15:15:02,31,34,5645,48174
2023-12-20 15:15:03,31,35,5645,48174
2023-12-20 15:15:03,32,35,5645,48174
2023-12-20 15:15:04,32,36,5645,48174
2023-12-20 15:15:04,33,36,5645,48174
2023-12-20 15:15:06,33,37,5645,48174
2023-12-20 15:15:07,34,37,5645,48174
2023-12-20 15:15:07,35,37,5645,48174
2023-12-20 15:15:08,34,37,5645,48174
2023-12-20 15:15:11,33,37,5645,48174
2023-12-20 15:15:12,34,37,5645,48174
2023-12-20 15:15:13,33,37,5645,48174
2023-12-20 15:15:16,33,37,5645,48174
2023-12-20 15:15:17,34,37,5645,48174
2023-12-20 15:15:19,33,37,5645,48174
2023-12-20 15:15:20,33,36,5645,48174
2023-12-20 15:15:20,34,36,5645,48174
2023-12-20 15:15:21,34,37,5645,48174
2023-12-20 15:15:22,35,37,5645,48174
2023-12-20 15:15:24,35,38,5645,48374
2023-12-20 15:15:35,36,38,5645,48374
2023-12-20 15:15:36,36,40,5645,48374
2023-12-20 15:15:38,37,40,5645,48374
2023-12-20 15:15:41,37,39,5645,48374
2023-12-20 15:15:41,36,39,5645,48374
2023-12-20 15:15:42,36,40,5645,48374
2023-12-20 15:15:42,37,40,5645,48374
2023-12-20 15:15:43,38,40,5645,48374
2023-12-20 15:15:46,37,40,5645,48374
2023-12-20 15:15:48,38,40,5645,48374
2023-12-20 15:15:53,38,41,5645,48374
2023-12-20 15:15:53,39,41,5645,48374
2023-12-20 15:15:59,39,42,5645,48374
2023-12-20 15:15:59,40,42,5645,48374
2023-12-20 15:16:00,40,43,5645,48374
2023-12-20 15:16:02,40,42,5645,48374
2023-12-20 15:16:03,39,42,5645,48374
2023-12-20 15:16:05,38,42,5645,48374
2023-12-20 15:16:05,38,41,5645,48374
2023-12-20 15:16:07,38,42,5645,48374
2023-12-20 15:16:07,39,42,5645,48374
2023-12-20 15:16:08,40,42,5645,48374
2023-12-20 15:16:08,40,43,5645,48374
2023-12-20 15:16:14,41,43,5645,48374
2023-12-20 15:16:19,40,43,5645,48374
2023-12-20 15:16:19,41,43,5645,48374
2023-12-20 15:16:25,42,43,5645,48374
2023-12-20 15:16:26,42,44,5646,48375
2023-12-20 15:16:33,42,45,5646,48375
2023-12-20 15:16:33,43,45,5646,48375
2023-12-20 15:16:34,43,46,5646,48375
2023-12-20 15:16:34,44,46,5646,48375
2023-12-20 15:16:42,44,47,5646,48375
2023-12-20 15:16:42,45,47,5646,48375
2023-12-20 15:16:44,45,48,5646,48375
2023-12-20 15:16:44,46,48,5646,48375
2023-12-20 15:16:47,45,48,5646,48375
2023-12-20 15:16:50,45,47,5646,48375
2023-12-20 15:16:52,44,47,5646,48375
2023-12-20 15:16:53,43,47,5646,48375
2023-12-20 15:16:53,43,46,5646,48375
2023-12-20 15:16:55,42,46,5646,48375
2023-12-20 15:16:55,42,45,5646,48375
2023-12-20 15:16:57,41,45,5646,48375
